timestamp,elapsed_sec,up_bid,up_ask,down_bid,down_ask,up_spread,down_spread,btc_price,btc_oracle_ts
1777320000.53,0.53,0.47,0.48,0.52,0.53,0.01,0.01,76871.43,1777319999000
1777320000.882,0.882,0.42,0.45,0.55,0.57,0.03,0.02,76871.43,1777319999000
1777320001.216,1.216,0.47,0.5,0.5,0.53,0.03,0.03,76871.43,1777319999000
1777320001.56,1.56,0.47,0.48,0.52,0.53,0.01,0.01,76871.43,1777319999000
1777320001.981,1.981,0.4,0.41,0.59,0.6,0.01,0.01,76873.86,1777320000000
1777320002.323,2.323,0.39,0.4,0.6,0.61,0.01,0.01,76873.86,1777320000000
1777320002.74,2.74,0.39,0.4,0.6,0.61,0.01,0.01,76873.86,1777320000000
1777320003.392,3.392,0.39,0.4,0.6,0.61,0.01,0.01,76877.95,1777320001000
1777320003.747,3.747,0.39,0.44,0.59,0.61,0.05,0.02,76874.7,1777320002000
1777320004.189,4.189,0.44,0.47,0.53,0.56,0.03,0.03,76874.7,1777320002000
1777320004.693,4.693,0.44,0.47,0.53,0.56,0.03,0.03,76867.53,1777320003000
1777320005.114,5.114,0.46,0.47,0.53,0.54,0.01,0.01,76867.53,1777320003000
1777320005.501,5.501,0.46,0.47,0.53,0.54,0.01,0.01,76868.72,1777320004000
1777320005.86,5.86,0.45,0.5,0.5,0.55,0.05,0.05,76868.72,1777320004000
1777320006.229,6.229,0.47,0.49,0.51,0.52,0.02,0.01,76868.72,1777320004000
1777320006.574,6.574,0.46,0.47,0.52,0.55,0.01,0.03,76868.72,1777320004000
1777320006.921,6.921,0.38,0.39,0.61,0.62,0.01,0.01,76868.72,1777320004000
1777320007.363,7.363,0.35,0.38,0.61,0.65,0.03,0.04,76873.71,1777320005000
1777320007.705,7.705,0.36,0.39,0.61,0.64,0.03,0.03,76874.31,1777320006000
1777320008.272,8.272,0.37,0.41,0.62,0.63,0.04,0.01,76874.31,1777320006000
1777320008.637,8.637,0.39,0.4,0.6,0.61,0.01,0.01,76870.14,1777320007000
1777320008.985,8.985,0.39,0.4,0.6,0.61,0.01,0.01,76870.14,1777320007000
1777320009.537,9.537,0.39,0.4,0.6,0.61,0.01,0.01,76859.9,1777320008000
1777320010.029,10.029,0.39,0.4,0.6,0.61,0.01,0.01,76859.9,1777320008000
1777320010.531,10.531,0.39,0.4,0.6,0.61,0.01,0.01,76859.9,1777320008000
1777320011.343,11.343,0.39,0.4,0.6,0.61,0.01,0.01,76859.59,1777320009000
1777320011.711,11.711,0.39,0.4,0.58,0.61,0.01,0.03,76859.59,1777320009000
1777320012.118,12.118,0.41,0.42,0.58,0.59,0.01,0.01,76860.06,1777320011000
1777320013.08,13.08,0.41,0.42,0.58,0.59,0.01,0.01,76862.34,1777320012000
1777320013.62,13.62,0.42,0.43,0.57,0.59,0.01,0.02,76862.34,1777320012000
1777320014.04,14.04,0.4,0.42,0.59,0.6,0.02,0.01,76862.34,1777320012000
1777320014.439,14.439,0.4,0.41,0.59,0.6,0.01,0.01,76862.71,1777320013000
1777320014.786,14.786,0.4,0.41,0.59,0.6,0.01,0.01,76862.71,1777320013000
1777320015.164,15.164,0.4,0.41,0.59,0.6,0.01,0.01,76862.71,1777320013000
1777320015.5,15.5,0.4,0.42,0.57,0.6,0.02,0.03,76862.71,1777320013000
1777320015.948,15.948,0.44,0.46,0.55,0.56,0.02,0.01,76862.78,1777320014000
1777320016.403,16.403,0.45,0.46,0.54,0.55,0.01,0.01,76862.78,1777320014000
1777320016.85,16.85,0.46,0.47,0.53,0.54,0.01,0.01,76862.78,1777320015000
1777320017.231,17.231,0.46,0.47,0.53,0.54,0.01,0.01,76862.78,1777320016000
1777320017.839,17.839,0.46,0.47,0.53,0.54,0.01,0.01,76862.78,1777320016000
1777320018.222,18.222,0.46,0.47,0.53,0.54,0.01,0.01,76867.61,1777320017000
1777320018.828,18.828,0.45,0.47,0.53,0.54,0.02,0.01,76867.61,1777320017000
1777320019.382,19.382,0.41,0.42,0.58,0.59,0.01,0.01,76869.1,1777320018000
1777320019.846,19.846,0.41,0.42,0.58,0.59,0.01,0.01,76869.1,1777320018000
1777320020.711,20.711,0.41,0.42,0.58,0.59,0.01,0.01,76869.1,1777320018000
1777320021.183,21.183,0.41,0.43,0.58,0.59,0.02,0.01,76867.73,1777320019000
1777320021.756,21.756,0.41,0.42,0.58,0.59,0.01,0.01,76867.73,1777320019000
1777320022.271,22.271,0.43,0.44,0.57,0.58,0.01,0.01,76865.66,1777320020000
1777320023.046,23.046,0.46,0.47,0.53,0.56,0.01,0.03,76864.1,1777320021000
1777320023.559,23.559,0.46,0.47,0.53,0.54,0.01,0.01,76864.1,1777320021000
1777320024.51,24.51,0.47,0.48,0.53,0.54,0.01,0.01,76863.96,1777320022000
1777320024.881,24.881,0.47,0.48,0.52,0.53,0.01,0.01,76865.82,1777320023000
1777320025.237,25.237,0.46,0.48,0.52,0.53,0.02,0.01,76865.82,1777320023000
1777320025.631,25.631,0.46,0.47,0.53,0.54,0.01,0.01,76865.82,1777320023000
1777320025.997,25.997,0.45,0.46,0.53,0.55,0.01,0.02,76872.74,1777320024000
1777320026.663,26.663,0.42,0.46,0.54,0.58,0.04,0.04,76874.98,1777320025000
1777320027.424,27.424,0.43,0.44,0.56,0.57,0.01,0.01,76874.98,1777320025000
1777320028.05,28.05,0.42,0.44,0.56,0.57,0.02,0.01,76870.44,1777320026000
1777320028.399,28.399,0.42,0.43,0.56,0.58,0.01,0.02,76870.44,1777320026000
1777320028.834,28.834,0.42,0.43,0.57,0.58,0.01,0.01,76867.15,1777320027000
1777320029.41,29.41,0.42,0.44,0.56,0.58,0.02,0.02,76867.56,1777320028000
1777320029.77,29.77,0.44,0.46,0.55,0.56,0.02,0.01,76867.56,1777320028000
1777320030.165,30.165,0.45,0.46,0.54,0.55,0.01,0.01,76867.42,1777320029000
1777320030.546,30.546,0.45,0.46,0.54,0.55,0.01,0.01,76867.42,1777320029000
1777320031.104,31.104,0.46,0.47,0.53,0.54,0.01,0.01,76867.17,1777320030000
1777320031.56,31.56,0.46,0.47,0.53,0.54,0.01,0.01,76867.17,1777320030000
1777320031.929,31.929,0.46,0.47,0.53,0.54,0.01,0.01,76867.17,1777320030000
1777320032.285,32.285,0.46,0.47,0.53,0.54,0.01,0.01,76871.43,1777320031000
1777320032.659,32.659,0.46,0.47,0.53,0.54,0.01,0.01,76871.43,1777320031000
1777320033.034,33.034,0.46,0.47,0.53,0.54,0.01,0.01,76871.43,1777320031000
1777320033.518,33.518,0.46,0.47,0.53,0.54,0.01,0.01,76872.26,1777320032000
1777320033.92,33.92,0.45,0.47,0.53,0.54,0.02,0.01,76872.26,1777320032000
1777320034.345,34.345,0.43,0.44,0.55,0.57,0.01,0.02,76872.26,1777320033000
1777320034.702,34.702,0.42,0.43,0.56,0.58,0.01,0.02,76872.26,1777320033000
1777320035.111,35.111,0.42,0.43,0.57,0.58,0.01,0.01,76871.03,1777320034000
1777320035.688,35.688,0.41,0.42,0.58,0.59,0.01,0.01,76871.03,1777320034000
1777320036.138,36.138,0.41,0.42,0.58,0.59,0.01,0.01,76868.22,1777320035000
1777320036.498,36.498,0.41,0.42,0.58,0.59,0.01,0.01,76868.22,1777320035000
1777320037.143,37.143,0.41,0.42,0.58,0.59,0.01,0.01,76868.48,1777320036000
1777320037.537,37.537,0.41,0.42,0.58,0.59,0.01,0.01,76868.48,1777320036000
1777320038.146,38.146,0.41,0.42,0.58,0.59,0.01,0.01,76868.09,1777320037000
1777320038.73,38.73,0.41,0.42,0.58,0.59,0.01,0.01,76868.09,1777320037000
1777320039.115,39.115,0.41,0.42,0.58,0.59,0.01,0.01,76867.71,1777320038000
1777320039.666,39.666,0.41,0.42,0.58,0.59,0.01,0.01,76867.71,1777320038000
1777320040.022,40.022,0.41,0.42,0.58,0.59,0.01,0.01,76867.71,1777320038000
1777320040.424,40.424,0.42,0.43,0.57,0.59,0.01,0.02,76868.09,1777320039000
1777320040.789,40.789,0.42,0.44,0.57,0.58,0.02,0.01,76868.09,1777320039000
1777320041.477,41.477,0.43,0.44,0.56,0.57,0.01,0.01,76868.12,1777320040000
1777320041.994,41.994,0.43,0.44,0.56,0.57,0.01,0.01,76868.11,1777320041000
1777320042.431,42.431,0.43,0.44,0.56,0.57,0.01,0.01,76868.11,1777320041000
1777320042.869,42.869,0.43,0.44,0.56,0.57,0.01,0.01,76868.11,1777320041000
1777320043.403,43.403,0.43,0.44,0.56,0.57,0.01,0.01,76868.12,1777320042000
1777320043.983,43.983,0.43,0.44,0.56,0.57,0.01,0.01,76868.12,1777320043000
1777320044.797,44.797,0.43,0.44,0.56,0.57,0.01,0.01,76868.15,1777320044000
1777320045.155,45.155,0.44,0.47,0.55,0.57,0.03,0.02,76868.15,1777320044000
1777320045.557,45.557,0.45,0.46,0.54,0.55,0.01,0.01,76868.15,1777320044000
1777320045.966,45.966,0.45,0.46,0.54,0.55,0.01,0.01,76868.15,1777320044000
1777320046.322,46.322,0.45,0.46,0.54,0.55,0.01,0.01,76868.15,1777320044000
1777320047.296,47.296,0.45,0.46,0.54,0.55,0.01,0.01,76868.59,1777320045000
1777320047.856,47.856,0.45,0.46,0.54,0.55,0.01,0.01,76870.06,1777320046000
1777320048.258,48.258,0.45,0.46,0.54,0.55,0.01,0.01,76870.06,1777320046000
1777320048.827,48.827,0.43,0.46,0.54,0.55,0.03,0.01,76870.76,1777320047000
1777320049.173,49.173,0.37,0.39,0.59,0.62,0.02,0.03,76870.76,1777320048000
1777320049.597,49.597,0.35,0.36,0.64,0.65,0.01,0.01,76870.76,1777320048000
1777320049.942,49.942,0.34,0.35,0.65,0.66,0.01,0.01,76870.76,1777320048000
1777320050.36,50.36,0.34,0.35,0.65,0.66,0.01,0.01,76869.68,1777320049000
1777320050.748,50.748,0.34,0.35,0.65,0.66,0.01,0.01,76869.68,1777320049000
1777320051.134,51.134,0.34,0.35,0.65,0.66,0.01,0.01,76869.68,1777320049000
1777320051.697,51.697,0.33,0.34,0.66,0.67,0.01,0.01,76858.36,1777320050000
1777320052.135,52.135,0.33,0.34,0.66,0.67,0.01,0.01,76858.36,1777320050000
1777320052.485,52.485,0.32,0.34,0.66,0.68,0.02,0.02,76855.01,1777320051000
1777320052.942,52.942,0.32,0.33,0.67,0.68,0.01,0.01,76855.01,1777320051000
1777320053.447,53.447,0.31,0.32,0.68,0.69,0.01,0.01,76855.0,1777320052000
1777320053.848,53.848,0.31,0.32,0.68,0.69,0.01,0.01,76855.0,1777320052000
1777320054.273,54.273,0.31,0.32,0.68,0.69,0.01,0.01,76853.9,1777320053000
1777320054.631,54.631,0.31,0.32,0.68,0.69,0.01,0.01,76853.9,1777320053000
1777320055.026,55.026,0.27,0.28,0.72,0.73,0.01,0.01,76853.9,1777320053000
1777320055.501,55.501,0.27,0.28,0.72,0.73,0.01,0.01,76851.55,1777320054000
1777320056.004,56.004,0.27,0.28,0.72,0.73,0.01,0.01,76851.55,1777320054000
1777320056.61,56.61,0.27,0.28,0.72,0.73,0.01,0.01,76850.58,1777320055000
1777320057.082,57.082,0.27,0.28,0.72,0.73,0.01,0.01,76847.15,1777320056000
1777320057.642,57.642,0.27,0.28,0.72,0.73,0.01,0.01,76847.15,1777320056000
1777320058.291,58.291,0.27,0.28,0.72,0.73,0.01,0.01,76846.81,1777320057000
1777320058.767,58.767,0.25,0.26,0.73,0.76,0.01,0.03,76846.81,1777320057000
1777320059.234,59.234,0.24,0.25,0.75,0.76,0.01,0.01,76846.81,1777320057000
1777320059.568,59.568,0.24,0.25,0.75,0.76,0.01,0.01,76846.57,1777320058000
1777320059.963,59.963,0.24,0.25,0.75,0.76,0.01,0.01,76846.57,1777320058000
1777320060.388,60.388,0.24,0.25,0.75,0.76,0.01,0.01,76845.4,1777320059000
1777320060.733,60.733,0.24,0.25,0.75,0.76,0.01,0.01,76845.4,1777320059000
1777320061.073,61.073,0.24,0.25,0.75,0.76,0.01,0.01,76841.38,1777320060000
1777320061.559,61.559,0.24,0.25,0.75,0.76,0.01,0.01,76841.38,1777320060000
1777320061.93,61.93,0.24,0.25,0.75,0.76,0.01,0.01,76841.38,1777320060000
1777320062.405,62.405,0.24,0.25,0.75,0.76,0.01,0.01,76841.38,1777320060000
1777320062.834,62.834,0.24,0.25,0.75,0.76,0.01,0.01,76840.62,1777320061000
1777320063.193,63.193,0.24,0.25,0.75,0.76,0.01,0.01,76840.62,1777320061000
1777320063.557,63.557,0.24,0.25,0.75,0.79,0.01,0.04,76840.62,1777320062000
1777320063.916,63.916,0.24,0.25,0.75,0.76,0.01,0.01,76840.62,1777320062000
1777320064.269,64.269,0.25,0.29,0.71,0.76,0.04,0.05,76840.61,1777320063000
1777320064.649,64.649,0.29,0.3,0.7,0.71,0.01,0.01,76840.61,1777320063000
1777320065.045,65.045,0.3,0.31,0.69,0.7,0.01,0.01,76840.61,1777320063000
1777320065.483,65.483,0.3,0.31,0.69,0.7,0.01,0.01,76840.6,1777320064000
1777320065.995,65.995,0.3,0.31,0.69,0.7,0.01,0.01,76840.6,1777320064000
1777320066.338,66.338,0.3,0.31,0.69,0.7,0.01,0.01,76844.51,1777320065000
1777320066.714,66.714,0.3,0.31,0.69,0.7,0.01,0.01,76844.51,1777320065000
1777320067.095,67.095,0.3,0.31,0.69,0.7,0.01,0.01,76844.51,1777320065000
1777320067.434,67.434,0.3,0.31,0.69,0.7,0.01,0.01,76846.08,1777320066000
1777320068.023,68.023,0.29,0.3,0.7,0.71,0.01,0.01,76846.08,1777320066000
1777320068.421,68.421,0.29,0.3,0.7,0.71,0.01,0.01,76846.08,1777320067000
1777320068.844,68.844,0.29,0.3,0.7,0.71,0.01,0.01,76846.08,1777320067000
1777320069.262,69.262,0.29,0.3,0.7,0.71,0.01,0.01,76846.08,1777320067000
1777320069.757,69.757,0.29,0.3,0.7,0.71,0.01,0.01,76845.97,1777320068000
1777320070.144,70.144,0.29,0.3,0.7,0.71,0.01,0.01,76845.97,1777320068000
1777320070.518,70.518,0.29,0.3,0.7,0.71,0.01,0.01,76846.08,1777320069000
1777320070.855,70.855,0.29,0.3,0.7,0.71,0.01,0.01,76845.88,1777320070000
1777320071.338,71.338,0.29,0.3,0.7,0.71,0.01,0.01,76845.88,1777320070000
1777320071.729,71.729,0.29,0.3,0.7,0.71,0.01,0.01,76845.88,1777320070000
1777320072.073,72.073,0.32,0.35,0.66,0.68,0.03,0.02,76846.27,1777320071000
1777320072.437,72.437,0.35,0.36,0.64,0.65,0.01,0.01,76846.27,1777320071000
1777320072.85,72.85,0.35,0.36,0.64,0.65,0.01,0.01,76846.27,1777320071000
1777320073.253,73.253,0.36,0.37,0.63,0.65,0.01,0.02,76846.9,1777320072000
1777320073.712,73.712,0.36,0.37,0.63,0.64,0.01,0.01,76846.9,1777320072000
1777320074.055,74.055,0.36,0.37,0.63,0.64,0.01,0.01,76848.43,1777320073000
1777320074.792,74.792,0.36,0.38,0.63,0.64,0.02,0.01,76848.43,1777320073000
1777320075.143,75.143,0.37,0.38,0.6,0.63,0.01,0.03,76852.62,1777320074000
1777320075.759,75.759,0.43,0.44,0.56,0.58,0.01,0.02,76852.62,1777320074000
1777320076.104,76.104,0.43,0.44,0.56,0.57,0.01,0.01,76852.62,1777320074000
1777320076.467,76.467,0.43,0.44,0.56,0.57,0.01,0.01,76852.62,1777320074000
1777320076.901,76.901,0.43,0.44,0.56,0.57,0.01,0.01,76857.47,1777320075000
1777320077.361,77.361,0.43,0.44,0.56,0.57,0.01,0.01,76858.34,1777320076000
1777320077.748,77.748,0.43,0.44,0.56,0.57,0.01,0.01,76858.34,1777320076000
1777320078.11,78.11,0.43,0.44,0.56,0.57,0.01,0.01,76858.34,1777320076000
1777320078.714,78.714,0.43,0.44,0.56,0.57,0.01,0.01,76860.89,1777320077000
1777320079.258,79.258,0.43,0.44,0.56,0.57,0.01,0.01,76860.89,1777320077000
1777320079.593,79.593,0.45,0.46,0.54,0.56,0.01,0.02,76862.06,1777320078000
1777320079.962,79.962,0.45,0.46,0.54,0.55,0.01,0.01,76862.06,1777320078000
1777320080.45,80.45,0.45,0.46,0.54,0.55,0.01,0.01,76862.61,1777320079000
1777320081.005,81.005,0.45,0.46,0.54,0.55,0.01,0.01,76862.76,1777320080000
1777320081.401,81.401,0.48,0.5,0.5,0.52,0.02,0.02,76862.76,1777320080000
1777320081.758,81.758,0.5,0.51,0.49,0.5,0.01,0.01,76862.76,1777320080000
1777320082.108,82.108,0.5,0.51,0.49,0.5,0.01,0.01,76862.76,1777320080000
1777320082.599,82.599,0.5,0.51,0.49,0.5,0.01,0.01,76864.35,1777320081000
1777320083.013,83.013,0.5,0.51,0.49,0.5,0.01,0.01,76864.35,1777320081000
1777320083.372,83.372,0.5,0.51,0.49,0.5,0.01,0.01,76874.56,1777320082000
1777320083.765,83.765,0.51,0.52,0.48,0.5,0.01,0.02,76874.56,1777320082000
1777320084.115,84.115,0.51,0.52,0.48,0.49,0.01,0.01,76874.56,1777320082000
1777320084.471,84.471,0.51,0.52,0.48,0.49,0.01,0.01,76874.56,1777320082000
1777320084.969,84.969,0.51,0.52,0.48,0.49,0.01,0.01,76876.73,1777320083000
1777320085.311,85.311,0.51,0.52,0.48,0.49,0.01,0.01,76878.28,1777320084000
1777320085.741,85.741,0.51,0.52,0.48,0.49,0.01,0.01,76878.28,1777320084000
1777320086.104,86.104,0.51,0.52,0.48,0.49,0.01,0.01,76878.28,1777320084000
1777320086.44,86.44,0.51,0.52,0.48,0.49,0.01,0.01,76878.83,1777320085000
1777320086.842,86.842,0.5,0.51,0.49,0.5,0.01,0.01,76878.83,1777320085000
1777320087.295,87.295,0.5,0.51,0.49,0.5,0.01,0.01,76878.83,1777320085000
1777320087.705,87.705,0.5,0.51,0.49,0.5,0.01,0.01,76879.25,1777320086000
1777320088.053,88.053,0.5,0.51,0.49,0.5,0.01,0.01,76879.25,1777320086000
1777320088.456,88.456,0.5,0.51,0.49,0.5,0.01,0.01,76878.7,1777320087000
1777320088.862,88.862,0.5,0.51,0.49,0.5,0.01,0.01,76878.7,1777320087000
1777320089.224,89.224,0.5,0.51,0.49,0.5,0.01,0.01,76878.7,1777320088000
1777320089.591,89.591,0.5,0.51,0.49,0.5,0.01,0.01,76878.7,1777320088000
1777320089.967,89.967,0.5,0.51,0.49,0.5,0.01,0.01,76878.7,1777320088000
1777320090.3,90.3,0.51,0.52,0.48,0.5,0.01,0.02,76878.7,1777320088000
1777320090.635,90.635,0.51,0.52,0.48,0.49,0.01,0.01,76878.7,1777320088000
1777320091.021,91.021,0.51,0.52,0.48,0.49,0.01,0.01,76876.81,1777320089000
1777320092.109,92.109,0.51,0.52,0.48,0.49,0.01,0.01,76876.81,1777320090000
1777320092.45,92.45,0.51,0.52,0.48,0.49,0.01,0.01,76878.29,1777320091000
1777320093.079,93.079,0.51,0.52,0.48,0.49,0.01,0.01,76878.29,1777320092000
1777320093.593,93.593,0.51,0.52,0.48,0.49,0.01,0.01,76878.29,1777320092000
1777320093.938,93.938,0.5,0.52,0.48,0.49,0.02,0.01,76878.29,1777320092000
1777320094.303,94.303,0.48,0.52,0.48,0.52,0.04,0.04,76875.57,1777320093000
1777320094.95,94.95,0.48,0.51,0.51,0.52,0.03,0.01,76875.57,1777320093000
1777320095.378,95.378,0.49,0.5,0.5,0.51,0.01,0.01,76875.57,1777320093000
1777320096.136,96.136,0.49,0.5,0.5,0.51,0.01,0.01,76875.44,1777320094000
1777320096.498,96.498,0.49,0.5,0.5,0.51,0.01,0.01,76875.44,1777320095000
1777320096.937,96.937,0.49,0.5,0.5,0.51,0.01,0.01,76875.44,1777320095000
1777320097.289,97.289,0.49,0.5,0.5,0.51,0.01,0.01,76873.47,1777320096000
1777320097.633,97.633,0.49,0.5,0.5,0.51,0.01,0.01,76873.47,1777320096000
1777320098.407,98.407,0.49,0.5,0.5,0.51,0.01,0.01,76873.54,1777320097000
1777320098.99,98.99,0.51,0.52,0.48,0.51,0.01,0.03,76873.54,1777320097000
1777320099.397,99.397,0.5,0.51,0.48,0.5,0.01,0.02,76873.54,1777320097000
1777320099.854,99.854,0.49,0.51,0.49,0.51,0.02,0.02,76875.65,1777320098000
1777320100.898,100.898,0.47,0.5,0.5,0.51,0.03,0.01,76874.66,1777320099000
1777320102.378,102.378,0.48,0.49,0.5,0.53,0.01,0.03,76875.27,1777320100000
1777320102.8,102.8,0.48,0.49,0.51,0.52,0.01,0.01,76874.98,1777320101000
1777320103.173,103.173,0.48,0.49,0.51,0.52,0.01,0.01,76874.73,1777320102000
1777320103.65,103.65,0.48,0.49,0.51,0.52,0.01,0.01,76874.73,1777320102000
1777320103.999,103.999,0.48,0.49,0.51,0.52,0.01,0.01,76874.73,1777320102000
1777320104.362,104.362,0.48,0.49,0.51,0.52,0.01,0.01,76874.09,1777320103000
1777320105.312,105.312,0.48,0.49,0.51,0.52,0.01,0.01,76874.09,1777320103000
1777320105.816,105.816,0.48,0.49,0.51,0.52,0.01,0.01,76875.26,1777320104000
1777320106.383,106.383,0.47,0.49,0.51,0.53,0.02,0.02,76874.13,1777320105000
1777320106.791,106.791,0.47,0.48,0.51,0.53,0.01,0.02,76874.13,1777320105000
1777320107.164,107.164,0.45,0.46,0.52,0.55,0.01,0.03,76874.13,1777320105000
1777320107.546,107.546,0.45,0.46,0.54,0.55,0.01,0.01,76873.96,1777320106000
1777320108.192,108.192,0.45,0.46,0.54,0.55,0.01,0.01,76873.86,1777320107000
1777320109.329,109.329,0.45,0.46,0.54,0.55,0.01,0.01,76875.17,1777320108000
1777320109.855,109.855,0.45,0.46,0.54,0.55,0.01,0.01,76875.17,1777320108000
1777320110.835,110.835,0.45,0.46,0.54,0.55,0.01,0.01,76874.65,1777320109000
1777320111.722,111.722,0.45,0.46,0.54,0.55,0.01,0.01,76874.59,1777320110000
1777320112.093,112.093,0.46,0.48,0.52,0.54,0.02,0.02,76874.59,1777320110000
1777320112.548,112.548,0.47,0.48,0.52,0.53,0.01,0.01,76875.66,1777320111000
1777320113.479,113.479,0.47,0.48,0.52,0.53,0.01,0.01,76876.36,1777320112000
1777320113.813,113.813,0.45,0.48,0.52,0.53,0.03,0.01,76876.36,1777320112000
1777320114.477,114.477,0.46,0.47,0.53,0.54,0.01,0.01,76876.36,1777320113000
1777320114.89,114.89,0.46,0.47,0.53,0.54,0.01,0.01,76876.36,1777320113000
1777320115.983,115.983,0.45,0.46,0.53,0.55,0.01,0.02,76876.53,1777320114000
1777320116.372,116.372,0.45,0.46,0.54,0.55,0.01,0.01,76876.71,1777320115000
1777320116.988,116.988,0.45,0.46,0.54,0.55,0.01,0.01,76876.71,1777320115000
1777320117.475,117.475,0.45,0.46,0.54,0.55,0.01,0.01,76874.74,1777320116000
1777320118.094,118.094,0.45,0.46,0.54,0.55,0.01,0.01,76874.74,1777320117000
1777320118.72,118.72,0.45,0.46,0.54,0.55,0.01,0.01,76874.74,1777320117000
1777320119.295,119.295,0.45,0.46,0.54,0.55,0.01,0.01,76874.83,1777320118000
1777320119.864,119.864,0.46,0.47,0.53,0.55,0.01,0.02,76874.83,1777320118000
1777320120.529,120.529,0.45,0.47,0.53,0.54,0.02,0.01,76874.83,1777320118000
1777320120.94,120.94,0.44,0.45,0.54,0.58,0.01,0.04,76874.83,1777320118000
1777320121.324,121.324,0.44,0.45,0.55,0.56,0.01,0.01,76874.83,1777320120000
1777320121.68,121.68,0.42,0.44,0.56,0.58,0.02,0.02,76874.83,1777320120000
1777320122.053,122.053,0.32,0.35,0.65,0.66,0.03,0.01,76874.83,1777320120000
1777320122.387,122.387,0.33,0.34,0.66,0.67,0.01,0.01,76872.37,1777320121000
1777320122.729,122.729,0.33,0.34,0.66,0.67,0.01,0.01,76872.37,1777320121000
1777320123.448,123.448,0.33,0.34,0.66,0.67,0.01,0.01,76867.27,1777320122000
1777320123.806,123.806,0.33,0.34,0.66,0.67,0.01,0.01,76867.27,1777320122000
1777320124.148,124.148,0.32,0.34,0.66,0.67,0.02,0.01,76867.27,1777320122000
1777320124.664,124.664,0.28,0.29,0.69,0.72,0.01,0.03,76859.47,1777320123000
1777320125.018,125.018,0.28,0.29,0.71,0.72,0.01,0.01,76859.47,1777320123000
1777320125.463,125.463,0.28,0.29,0.71,0.72,0.01,0.01,76854.82,1777320124000
1777320125.869,125.869,0.28,0.29,0.71,0.72,0.01,0.01,76854.82,1777320124000
1777320126.228,126.228,0.32,0.35,0.65,0.68,0.03,0.03,76851.51,1777320125000
1777320126.725,126.725,0.33,0.34,0.66,0.67,0.01,0.01,76851.51,1777320125000
1777320127.197,127.197,0.33,0.34,0.66,0.67,0.01,0.01,76851.51,1777320125000
1777320127.532,127.532,0.33,0.34,0.66,0.67,0.01,0.01,76849.83,1777320126000
1777320127.903,127.903,0.33,0.34,0.66,0.67,0.01,0.01,76849.83,1777320126000
1777320128.738,128.738,0.26,0.29,0.68,0.72,0.03,0.04,76852.21,1777320127000
1777320129.281,129.281,0.26,0.27,0.73,0.74,0.01,0.01,76852.21,1777320127000
1777320129.669,129.669,0.26,0.27,0.73,0.74,0.01,0.01,76855.39,1777320128000
1777320130.141,130.141,0.26,0.27,0.73,0.74,0.01,0.01,76855.39,1777320128000
1777320130.507,130.507,0.26,0.27,0.73,0.74,0.01,0.01,76852.86,1777320129000
1777320130.949,130.949,0.25,0.26,0.74,0.75,0.01,0.01,76852.86,1777320129000
1777320131.436,131.436,0.25,0.26,0.74,0.75,0.01,0.01,76852.86,1777320129000
1777320131.776,131.776,0.25,0.26,0.74,0.75,0.01,0.01,76849.81,1777320130000
1777320132.196,132.196,0.26,0.27,0.73,0.75,0.01,0.02,76849.88,1777320131000
1777320132.541,132.541,0.26,0.27,0.73,0.74,0.01,0.01,76849.88,1777320131000
1777320132.923,132.923,0.26,0.27,0.73,0.74,0.01,0.01,76849.88,1777320131000
1777320133.383,133.383,0.26,0.27,0.73,0.74,0.01,0.01,76849.88,1777320131000
1777320133.779,133.779,0.26,0.27,0.73,0.74,0.01,0.01,76849.89,1777320132000
1777320134.173,134.173,0.26,0.27,0.73,0.74,0.01,0.01,76849.89,1777320133000
1777320134.519,134.519,0.22,0.23,0.77,0.78,0.01,0.01,76849.89,1777320133000
1777320134.898,134.898,0.22,0.23,0.77,0.78,0.01,0.01,76849.89,1777320133000
1777320135.256,135.256,0.22,0.23,0.77,0.78,0.01,0.01,76849.03,1777320134000
1777320135.6,135.6,0.22,0.23,0.77,0.78,0.01,0.01,76849.03,1777320134000
1777320136.179,136.179,0.22,0.23,0.77,0.78,0.01,0.01,76849.03,1777320134000
1777320136.614,136.614,0.22,0.23,0.77,0.78,0.01,0.01,76849.03,1777320134000
1777320137.022,137.022,0.24,0.25,0.75,0.78,0.01,0.03,76849.18,1777320135000
1777320137.49,137.49,0.24,0.25,0.75,0.76,0.01,0.01,76849.18,1777320135000
1777320137.939,137.939,0.25,0.26,0.72,0.75,0.01,0.03,76847.52,1777320136000
1777320138.289,138.289,0.26,0.28,0.72,0.74,0.02,0.02,76849.13,1777320137000
1777320138.645,138.645,0.27,0.28,0.72,0.73,0.01,0.01,76849.13,1777320137000
1777320139.025,139.025,0.27,0.28,0.72,0.73,0.01,0.01,76849.13,1777320137000
1777320139.495,139.495,0.27,0.28,0.72,0.73,0.01,0.01,76849.58,1777320138000
1777320139.858,139.858,0.27,0.28,0.72,0.73,0.01,0.01,76849.58,1777320138000
1777320140.266,140.266,0.27,0.28,0.72,0.73,0.01,0.01,76849.2,1777320139000
1777320140.888,140.888,0.27,0.28,0.72,0.73,0.01,0.01,76849.2,1777320139000
1777320141.229,141.229,0.27,0.28,0.72,0.73,0.01,0.01,76849.2,1777320140000
1777320141.618,141.618,0.27,0.28,0.72,0.73,0.01,0.01,76849.2,1777320140000
1777320141.978,141.978,0.27,0.28,0.72,0.73,0.01,0.01,76849.2,1777320140000
1777320142.426,142.426,0.28,0.29,0.71,0.72,0.01,0.01,76849.62,1777320141000
1777320142.763,142.763,0.34,0.35,0.65,0.67,0.01,0.02,76849.62,1777320141000
1777320143.206,143.206,0.36,0.37,0.63,0.64,0.01,0.01,76849.62,1777320141000
1777320143.818,143.818,0.36,0.37,0.63,0.64,0.01,0.01,76850.1,1777320142000
1777320144.216,144.216,0.36,0.37,0.63,0.64,0.01,0.01,76850.1,1777320142000
1777320144.79,144.79,0.36,0.37,0.63,0.64,0.01,0.01,76856.0,1777320143000
1777320145.23,145.23,0.36,0.37,0.63,0.64,0.01,0.01,76859.45,1777320144000
1777320145.589,145.589,0.36,0.37,0.63,0.64,0.01,0.01,76859.45,1777320144000
1777320146.005,146.005,0.35,0.36,0.63,0.65,0.01,0.02,76859.45,1777320144000
1777320146.45,146.45,0.33,0.34,0.64,0.67,0.01,0.03,76859.01,1777320145000
1777320147.108,147.108,0.32,0.33,0.67,0.68,0.01,0.01,76859.64,1777320146000
1777320147.533,147.533,0.3,0.31,0.69,0.7,0.01,0.01,76859.64,1777320146000
1777320147.896,147.896,0.3,0.31,0.69,0.7,0.01,0.01,76859.64,1777320146000
1777320148.253,148.253,0.3,0.31,0.69,0.7,0.01,0.01,76856.65,1777320147000
1777320148.694,148.694,0.23,0.27,0.73,0.77,0.04,0.04,76856.65,1777320147000
1777320149.073,149.073,0.26,0.27,0.73,0.74,0.01,0.01,76856.65,1777320147000
1777320149.406,149.406,0.26,0.27,0.73,0.74,0.01,0.01,76856.65,1777320147000
1777320149.844,149.844,0.26,0.27,0.73,0.74,0.01,0.01,76856.03,1777320148000
1777320150.327,150.327,0.26,0.27,0.73,0.74,0.01,0.01,76854.3,1777320149000
1777320150.751,150.751,0.26,0.27,0.73,0.74,0.01,0.01,76854.3,1777320149000
1777320151.219,151.219,0.26,0.27,0.72,0.74,0.01,0.02,76854.3,1777320149000
1777320151.566,151.566,0.26,0.27,0.73,0.74,0.01,0.01,76851.47,1777320150000
1777320151.952,151.952,0.26,0.27,0.73,0.74,0.01,0.01,76851.33,1777320151000
1777320152.333,152.333,0.27,0.28,0.72,0.74,0.01,0.02,76851.33,1777320151000
1777320152.693,152.693,0.27,0.28,0.72,0.73,0.01,0.01,76851.33,1777320151000
1777320153.086,153.086,0.27,0.28,0.72,0.73,0.01,0.01,76851.33,1777320151000
1777320153.578,153.578,0.27,0.28,0.72,0.73,0.01,0.01,76851.39,1777320152000
1777320153.932,153.932,0.27,0.28,0.72,0.73,0.01,0.01,76851.39,1777320152000
1777320154.319,154.319,0.27,0.28,0.72,0.73,0.01,0.01,76851.35,1777320153000
1777320154.758,154.758,0.27,0.28,0.72,0.73,0.01,0.01,76851.35,1777320153000
1777320155.117,155.117,0.26,0.27,0.72,0.73,0.01,0.01,76851.44,1777320154000
1777320155.464,155.464,0.26,0.27,0.73,0.74,0.01,0.01,76851.44,1777320154000
1777320155.822,155.822,0.26,0.27,0.73,0.74,0.01,0.01,76851.44,1777320154000
1777320156.174,156.174,0.26,0.27,0.73,0.74,0.01,0.01,76851.51,1777320155000
1777320156.57,156.57,0.27,0.28,0.72,0.74,0.01,0.02,76851.51,1777320155000
1777320157.01,157.01,0.27,0.28,0.72,0.73,0.01,0.01,76851.51,1777320155000
1777320157.698,157.698,0.27,0.28,0.72,0.73,0.01,0.01,76851.61,1777320156000
1777320158.149,158.149,0.26,0.27,0.73,0.75,0.01,0.02,76851.61,1777320156000
1777320158.501,158.501,0.26,0.27,0.73,0.74,0.01,0.01,76851.4,1777320157000
1777320158.964,158.964,0.26,0.27,0.73,0.74,0.01,0.01,76851.4,1777320157000
1777320159.318,159.318,0.25,0.27,0.74,0.75,0.02,0.01,76850.82,1777320158000
1777320159.835,159.835,0.26,0.27,0.73,0.74,0.01,0.01,76850.82,1777320158000
1777320160.446,160.446,0.27,0.28,0.72,0.73,0.01,0.01,76850.36,1777320159000
1777320161.134,161.134,0.27,0.28,0.72,0.73,0.01,0.01,76850.36,1777320159000
1777320161.783,161.783,0.26,0.27,0.72,0.73,0.01,0.01,76850.96,1777320160000
1777320162.269,162.269,0.26,0.27,0.72,0.74,0.01,0.02,76851.48,1777320161000
1777320162.612,162.612,0.26,0.27,0.73,0.74,0.01,0.01,76851.48,1777320161000
1777320163.019,163.019,0.26,0.27,0.73,0.74,0.01,0.01,76851.81,1777320162000
1777320163.402,163.402,0.27,0.28,0.72,0.73,0.01,0.01,76851.81,1777320162000
1777320163.771,163.771,0.26,0.28,0.72,0.73,0.02,0.01,76851.81,1777320162000
1777320164.276,164.276,0.25,0.26,0.74,0.75,0.01,0.01,76851.86,1777320163000
1777320164.759,164.759,0.19,0.2,0.8,0.81,0.01,0.01,76851.86,1777320163000
1777320165.097,165.097,0.18,0.19,0.8,0.82,0.01,0.02,76851.86,1777320163000
1777320165.605,165.605,0.18,0.19,0.81,0.82,0.01,0.01,76851.63,1777320164000
1777320165.978,165.978,0.18,0.19,0.81,0.82,0.01,0.01,76851.63,1777320164000
1777320166.311,166.311,0.2,0.22,0.78,0.8,0.02,0.02,76851.63,1777320164000
1777320166.787,166.787,0.23,0.24,0.76,0.77,0.01,0.01,76851.63,1777320164000
1777320167.17,167.17,0.24,0.25,0.75,0.76,0.01,0.01,76843.16,1777320165000
1777320167.722,167.722,0.24,0.25,0.75,0.76,0.01,0.01,76841.83,1777320166000
1777320168.147,168.147,0.24,0.25,0.75,0.76,0.01,0.01,76841.83,1777320166000
1777320168.669,168.669,0.24,0.25,0.75,0.76,0.01,0.01,76844.64,1777320167000
1777320169.098,169.098,0.24,0.25,0.75,0.76,0.01,0.01,76844.64,1777320167000
1777320169.585,169.585,0.24,0.25,0.75,0.76,0.01,0.01,76849.27,1777320168000
1777320169.941,169.941,0.24,0.25,0.75,0.76,0.01,0.01,76849.27,1777320168000
1777320170.417,170.417,0.24,0.25,0.75,0.76,0.01,0.01,76849.27,1777320168000
1777320170.881,170.881,0.24,0.25,0.75,0.76,0.01,0.01,76850.12,1777320170000
1777320171.293,171.293,0.24,0.25,0.75,0.76,0.01,0.01,76850.12,1777320170000
1777320171.76,171.76,0.31,0.32,0.68,0.69,0.01,0.01,76850.12,1777320170000
1777320172.394,172.394,0.31,0.32,0.68,0.69,0.01,0.01,76850.12,1777320170000
1777320173.053,173.053,0.31,0.32,0.68,0.69,0.01,0.01,76849.54,1777320171000
1777320173.592,173.592,0.31,0.32,0.68,0.69,0.01,0.01,76851.1,1777320172000
1777320173.951,173.951,0.31,0.32,0.68,0.69,0.01,0.01,76851.1,1777320172000
1777320174.39,174.39,0.31,0.32,0.68,0.69,0.01,0.01,76855.8,1777320173000
1777320174.757,174.757,0.31,0.32,0.68,0.69,0.01,0.01,76855.8,1777320173000
1777320175.095,175.095,0.32,0.33,0.67,0.68,0.01,0.01,76855.8,1777320173000
1777320175.583,175.583,0.34,0.35,0.65,0.66,0.01,0.01,76856.3,1777320174000
1777320175.917,175.917,0.36,0.37,0.63,0.64,0.01,0.01,76856.3,1777320174000
1777320176.364,176.364,0.36,0.37,0.63,0.64,0.01,0.01,76855.53,1777320175000
1777320176.763,176.763,0.36,0.37,0.63,0.64,0.01,0.01,76855.53,1777320175000
1777320177.117,177.117,0.36,0.37,0.63,0.64,0.01,0.01,76855.53,1777320175000
1777320177.462,177.462,0.36,0.38,0.62,0.64,0.02,0.02,76855.53,1777320175000
1777320177.847,177.847,0.47,0.49,0.51,0.53,0.02,0.02,76859.05,1777320176000
1777320178.184,178.184,0.48,0.49,0.51,0.52,0.01,0.01,76859.05,1777320176000
1777320178.729,178.729,0.5,0.51,0.49,0.5,0.01,0.01,76861.5,1777320177000
1777320179.193,179.193,0.5,0.53,0.47,0.5,0.03,0.03,76865.17,1777320178000
1777320180.063,180.063,0.5,0.51,0.47,0.5,0.01,0.03,76865.17,1777320178000
1777320180.415,180.415,0.52,0.53,0.47,0.5,0.01,0.03,76875.35,1777320179000
1777320181.008,181.008,0.51,0.53,0.47,0.5,0.02,0.03,76875.35,1777320179000
1777320181.382,181.382,0.51,0.52,0.48,0.49,0.01,0.01,76875.35,1777320179000
1777320181.808,181.808,0.5,0.52,0.48,0.49,0.02,0.01,76877.41,1777320180000
1777320182.149,182.149,0.47,0.53,0.47,0.49,0.06,0.02,76877.41,1777320180000
1777320182.513,182.513,0.51,0.52,0.47,0.49,0.01,0.02,76877.17,1777320181000
1777320182.851,182.851,0.51,0.52,0.48,0.49,0.01,0.01,76877.17,1777320181000
1777320183.436,183.436,0.51,0.52,0.48,0.49,0.01,0.01,76877.17,1777320181000
1777320183.811,183.811,0.51,0.52,0.48,0.49,0.01,0.01,76877.17,1777320181000
1777320184.187,184.187,0.51,0.53,0.47,0.49,0.02,0.02,76877.17,1777320181000
1777320184.532,184.532,0.52,0.53,0.47,0.48,0.01,0.01,76877.63,1777320183000
1777320184.907,184.907,0.52,0.53,0.47,0.48,0.01,0.01,76877.63,1777320183000
1777320185.287,185.287,0.52,0.53,0.47,0.48,0.01,0.01,76878.39,1777320184000
1777320185.692,185.692,0.51,0.52,0.48,0.49,0.01,0.01,76878.39,1777320184000
1777320186.046,186.046,0.51,0.52,0.48,0.49,0.01,0.01,76878.39,1777320184000
1777320186.487,186.487,0.49,0.5,0.5,0.51,0.01,0.01,76878.39,1777320184000
1777320187.19,187.19,0.48,0.49,0.5,0.52,0.01,0.02,76878.81,1777320185000
1777320187.664,187.664,0.48,0.49,0.51,0.52,0.01,0.01,76878.81,1777320186000
1777320188.053,188.053,0.47,0.5,0.51,0.53,0.03,0.02,76878.81,1777320186000
1777320188.619,188.619,0.49,0.5,0.5,0.51,0.01,0.01,76878.81,1777320187000
1777320189.031,189.031,0.49,0.5,0.5,0.51,0.01,0.01,76878.81,1777320187000
1777320189.397,189.397,0.49,0.5,0.5,0.51,0.01,0.01,76878.81,1777320187000
1777320189.822,189.822,0.5,0.51,0.49,0.51,0.01,0.02,76878.81,1777320188000
1777320190.215,190.215,0.5,0.51,0.49,0.5,0.01,0.01,76878.81,1777320189000
1777320190.852,190.852,0.5,0.51,0.49,0.5,0.01,0.01,76878.81,1777320189000
1777320191.268,191.268,0.5,0.51,0.49,0.5,0.01,0.01,76878.81,1777320189000
1777320191.614,191.614,0.5,0.51,0.49,0.5,0.01,0.01,76878.81,1777320189000
1777320192.07,192.07,0.5,0.51,0.49,0.5,0.01,0.01,76878.81,1777320190000
1777320192.416,192.416,0.5,0.51,0.49,0.5,0.01,0.01,76878.81,1777320191000
1777320192.803,192.803,0.5,0.51,0.49,0.5,0.01,0.01,76878.81,1777320191000
1777320193.326,193.326,0.5,0.51,0.49,0.5,0.01,0.01,76878.81,1777320191000
1777320193.85,193.85,0.5,0.51,0.49,0.5,0.01,0.01,76878.81,1777320192000
1777320194.187,194.187,0.51,0.52,0.49,0.5,0.01,0.01,76878.81,1777320192000
1777320194.522,194.522,0.51,0.52,0.48,0.49,0.01,0.01,76878.81,1777320192000
1777320194.939,194.939,0.51,0.52,0.48,0.49,0.01,0.01,76877.14,1777320193000
1777320195.332,195.332,0.51,0.52,0.48,0.49,0.01,0.01,76878.81,1777320194000
1777320195.708,195.708,0.52,0.53,0.47,0.48,0.01,0.01,76878.81,1777320194000
1777320196.203,196.203,0.52,0.53,0.47,0.48,0.01,0.01,76878.81,1777320194000
1777320196.567,196.567,0.51,0.52,0.47,0.49,0.01,0.02,76878.81,1777320194000
1777320196.913,196.913,0.51,0.52,0.48,0.49,0.01,0.01,76878.81,1777320195000
1777320197.535,197.535,0.51,0.52,0.48,0.49,0.01,0.01,76878.81,1777320195000
1777320197.927,197.927,0.51,0.52,0.48,0.49,0.01,0.01,76877.92,1777320196000
1777320198.539,198.539,0.52,0.53,0.47,0.49,0.01,0.02,76877.92,1777320197000
1777320198.957,198.957,0.52,0.53,0.47,0.48,0.01,0.01,76877.92,1777320197000
1777320199.357,199.357,0.52,0.53,0.47,0.48,0.01,0.01,76877.92,1777320197000
1777320199.89,199.89,0.53,0.54,0.46,0.47,0.01,0.01,76878.04,1777320198000
1777320200.301,200.301,0.53,0.54,0.46,0.47,0.01,0.01,76878.04,1777320198000
1777320200.698,200.698,0.53,0.54,0.46,0.47,0.01,0.01,76878.45,1777320199000
1777320201.095,201.095,0.53,0.57,0.43,0.47,0.04,0.04,76878.45,1777320199000
1777320201.547,201.547,0.55,0.56,0.44,0.45,0.01,0.01,76878.77,1777320200000
1777320202.023,202.023,0.55,0.56,0.44,0.45,0.01,0.01,76878.77,1777320200000
1777320202.36,202.36,0.55,0.57,0.43,0.45,0.02,0.02,76878.77,1777320201000
1777320202.717,202.717,0.55,0.56,0.44,0.45,0.01,0.01,76878.77,1777320201000
1777320203.121,203.121,0.54,0.56,0.44,0.45,0.02,0.01,76878.77,1777320201000
1777320203.462,203.462,0.53,0.54,0.46,0.47,0.01,0.01,76878.77,1777320201000
1777320203.834,203.834,0.53,0.54,0.46,0.47,0.01,0.01,76879.3,1777320202000
1777320204.391,204.391,0.53,0.54,0.46,0.47,0.01,0.01,76879.3,1777320203000
1777320205.169,205.169,0.52,0.53,0.47,0.48,0.01,0.01,76878.59,1777320204000
1777320205.583,205.583,0.36,0.43,0.57,0.64,0.07,0.07,76878.59,1777320204000
1777320205.924,205.924,0.4,0.42,0.59,0.6,0.02,0.01,76878.59,1777320204000
1777320206.277,206.277,0.43,0.45,0.56,0.58,0.02,0.02,76875.33,1777320205000
1777320206.613,206.613,0.46,0.47,0.53,0.55,0.01,0.02,76875.33,1777320205000
1777320207.041,207.041,0.46,0.47,0.52,0.54,0.01,0.02,76875.33,1777320205000
1777320207.609,207.609,0.47,0.48,0.52,0.53,0.01,0.01,76873.37,1777320206000
1777320208.034,208.034,0.47,0.48,0.52,0.53,0.01,0.01,76873.37,1777320206000
1777320208.377,208.377,0.47,0.48,0.52,0.53,0.01,0.01,76875.33,1777320207000
1777320208.837,208.837,0.47,0.48,0.52,0.53,0.01,0.01,76875.33,1777320207000
1777320209.178,209.178,0.48,0.49,0.5,0.52,0.01,0.02,76875.33,1777320207000
1777320209.649,209.649,0.48,0.49,0.51,0.52,0.01,0.01,76874.79,1777320208000
1777320209.985,209.985,0.45,0.49,0.51,0.55,0.04,0.04,76875.06,1777320209000
1777320210.419,210.419,0.46,0.47,0.53,0.54,0.01,0.01,76875.06,1777320209000
1777320210.885,210.885,0.46,0.47,0.53,0.54,0.01,0.01,76875.06,1777320209000
1777320211.423,211.423,0.47,0.48,0.52,0.53,0.01,0.01,76875.32,1777320210000
1777320211.929,211.929,0.48,0.49,0.51,0.52,0.01,0.01,76875.32,1777320210000
1777320212.329,212.329,0.48,0.49,0.51,0.52,0.01,0.01,76875.62,1777320211000
1777320212.699,212.699,0.48,0.49,0.51,0.52,0.01,0.01,76875.62,1777320211000
1777320213.035,213.035,0.47,0.49,0.51,0.53,0.02,0.02,76873.58,1777320212000
1777320213.451,213.451,0.47,0.48,0.52,0.53,0.01,0.01,76873.58,1777320212000
1777320213.793,213.793,0.46,0.47,0.52,0.54,0.01,0.02,76873.58,1777320212000
1777320214.304,214.304,0.46,0.47,0.53,0.54,0.01,0.01,76873.58,1777320212000
1777320214.902,214.902,0.49,0.5,0.5,0.51,0.01,0.01,76875.02,1777320213000
1777320215.407,215.407,0.49,0.5,0.5,0.51,0.01,0.01,76875.02,1777320213000
1777320215.802,215.802,0.49,0.5,0.5,0.51,0.01,0.01,76874.85,1777320214000
1777320216.154,216.154,0.49,0.5,0.5,0.51,0.01,0.01,76874.85,1777320214000
1777320216.614,216.614,0.49,0.5,0.5,0.51,0.01,0.01,76874.85,1777320214000
1777320217.025,217.025,0.49,0.5,0.5,0.51,0.01,0.01,76877.48,1777320215000
1777320217.424,217.424,0.49,0.5,0.5,0.51,0.01,0.01,76877.14,1777320216000
1777320217.868,217.868,0.49,0.5,0.5,0.51,0.01,0.01,76877.14,1777320216000
1777320218.207,218.207,0.49,0.5,0.5,0.51,0.01,0.01,76877.14,1777320217000
1777320218.583,218.583,0.49,0.5,0.5,0.51,0.01,0.01,76877.14,1777320217000
1777320218.943,218.943,0.47,0.5,0.5,0.51,0.03,0.01,76877.14,1777320217000
1777320219.354,219.354,0.45,0.46,0.54,0.55,0.01,0.01,76877.47,1777320218000
1777320219.768,219.768,0.45,0.46,0.54,0.55,0.01,0.01,76877.47,1777320218000
1777320220.121,220.121,0.45,0.46,0.54,0.55,0.01,0.01,76877.47,1777320219000
1777320220.851,220.851,0.45,0.46,0.54,0.55,0.01,0.01,76877.47,1777320219000
1777320221.365,221.365,0.47,0.48,0.53,0.55,0.01,0.02,76877.47,1777320219000
1777320221.803,221.803,0.47,0.48,0.52,0.53,0.01,0.01,76877.05,1777320220000
1777320222.408,222.408,0.48,0.49,0.51,0.53,0.01,0.02,76877.05,1777320220000
1777320222.801,222.801,0.48,0.49,0.51,0.52,0.01,0.01,76875.57,1777320221000
1777320223.153,223.153,0.28,0.33,0.67,0.72,0.05,0.05,76875.57,1777320221000
1777320223.565,223.565,0.15,0.16,0.84,0.85,0.01,0.01,76875.57,1777320222000
1777320223.908,223.908,0.19,0.31,0.69,0.81,0.12,0.12,76875.57,1777320222000
1777320224.242,224.242,0.37,0.38,0.62,0.63,0.01,0.01,76875.57,1777320222000
1777320224.582,224.582,0.38,0.4,0.6,0.62,0.02,0.02,76875.57,1777320222000
1777320224.95,224.95,0.38,0.4,0.56,0.62,0.02,0.06,76863.54,1777320223000
1777320225.297,225.297,0.39,0.4,0.6,0.62,0.01,0.02,76863.54,1777320223000
1777320225.639,225.639,0.39,0.44,0.56,0.61,0.05,0.05,76868.27,1777320224000
1777320226.123,226.123,0.4,0.41,0.59,0.6,0.01,0.01,76868.27,1777320224000
1777320226.546,226.546,0.43,0.44,0.56,0.59,0.01,0.03,76873.97,1777320225000
1777320226.896,226.896,0.4,0.43,0.56,0.6,0.03,0.04,76873.97,1777320225000
1777320227.42,227.42,0.43,0.44,0.57,0.59,0.01,0.02,76873.97,1777320225000
1777320227.773,227.773,0.43,0.44,0.56,0.57,0.01,0.01,76873.97,1777320225000
1777320228.166,228.166,0.43,0.44,0.56,0.57,0.01,0.01,76874.83,1777320226000
1777320228.5,228.5,0.43,0.44,0.56,0.57,0.01,0.01,76875.44,1777320227000
1777320228.871,228.871,0.43,0.44,0.56,0.57,0.01,0.01,76875.44,1777320227000
1777320229.309,229.309,0.44,0.45,0.55,0.56,0.01,0.01,76875.44,1777320227000
1777320229.647,229.647,0.44,0.45,0.55,0.56,0.01,0.01,76875.44,1777320227000
1777320230.038,230.038,0.44,0.45,0.55,0.56,0.01,0.01,76875.44,1777320227000
1777320230.678,230.678,0.44,0.45,0.55,0.56,0.01,0.01,76875.32,1777320228000
1777320231.074,231.074,0.44,0.45,0.55,0.56,0.01,0.01,76875.31,1777320229000
1777320231.486,231.486,0.46,0.47,0.53,0.54,0.01,0.01,76875.31,1777320229000
1777320231.828,231.828,0.53,0.54,0.47,0.51,0.01,0.04,76875.31,1777320229000
1777320232.191,232.191,0.58,0.59,0.4,0.47,0.01,0.07,76875.31,1777320229000
1777320232.526,232.526,0.57,0.58,0.42,0.43,0.01,0.01,76875.31,1777320229000
1777320232.896,232.896,0.59,0.6,0.4,0.41,0.01,0.01,76875.38,1777320230000
1777320233.367,233.367,0.6,0.61,0.39,0.4,0.01,0.01,76875.96,1777320231000
1777320233.792,233.792,0.59,0.6,0.4,0.41,0.01,0.01,76878.21,1777320232000
1777320234.266,234.266,0.59,0.6,0.4,0.41,0.01,0.01,76878.21,1777320232000
1777320234.632,234.632,0.64,0.65,0.35,0.36,0.01,0.01,76878.79,1777320233000
1777320234.965,234.965,0.64,0.65,0.35,0.36,0.01,0.01,76878.79,1777320233000
1777320235.452,235.452,0.65,0.66,0.34,0.35,0.01,0.01,76878.79,1777320233000
1777320235.866,235.866,0.65,0.66,0.34,0.35,0.01,0.01,76879.19,1777320234000
1777320236.222,236.222,0.65,0.66,0.34,0.35,0.01,0.01,76879.19,1777320234000
1777320236.64,236.64,0.65,0.66,0.34,0.35,0.01,0.01,76882.68,1777320235000
1777320237.08,237.08,0.64,0.65,0.35,0.36,0.01,0.01,76882.68,1777320235000
1777320237.492,237.492,0.62,0.65,0.35,0.38,0.03,0.03,76882.68,1777320235000
1777320237.85,237.85,0.71,0.72,0.28,0.29,0.01,0.01,76884.41,1777320236000
1777320238.186,238.186,0.71,0.72,0.28,0.29,0.01,0.01,76884.41,1777320236000
1777320238.531,238.531,0.71,0.72,0.28,0.29,0.01,0.01,76884.4,1777320237000
1777320238.926,238.926,0.72,0.73,0.27,0.29,0.01,0.02,76884.4,1777320237000
1777320239.292,239.292,0.71,0.74,0.26,0.27,0.03,0.01,76887.51,1777320238000
1777320239.678,239.678,0.71,0.72,0.28,0.29,0.01,0.01,76887.51,1777320238000
1777320240.026,240.026,0.71,0.72,0.28,0.29,0.01,0.01,76887.51,1777320238000
1777320240.369,240.369,0.74,0.75,0.25,0.26,0.01,0.01,76887.6,1777320239000
1777320240.788,240.788,0.71,0.73,0.25,0.26,0.02,0.01,76887.6,1777320239000
1777320241.158,241.158,0.69,0.7,0.3,0.31,0.01,0.01,76887.6,1777320239000
1777320241.511,241.511,0.69,0.7,0.3,0.31,0.01,0.01,76888.48,1777320240000
1777320241.964,241.964,0.7,0.74,0.26,0.3,0.04,0.04,76889.17,1777320241000
1777320242.315,242.315,0.71,0.72,0.28,0.29,0.01,0.01,76889.17,1777320241000
1777320242.763,242.763,0.71,0.76,0.28,0.29,0.05,0.01,76889.17,1777320241000
1777320243.11,243.11,0.7,0.72,0.29,0.3,0.02,0.01,76888.46,1777320242000
1777320243.614,243.614,0.73,0.76,0.26,0.28,0.03,0.02,76888.46,1777320242000
1777320243.979,243.979,0.8,0.81,0.19,0.2,0.01,0.01,76888.46,1777320242000
1777320244.312,244.312,0.8,0.81,0.19,0.2,0.01,0.01,76889.35,1777320243000
1777320244.663,244.663,0.8,0.81,0.19,0.2,0.01,0.01,76889.35,1777320243000
1777320245.009,245.009,0.81,0.82,0.18,0.19,0.01,0.01,76889.35,1777320243000
1777320245.458,245.458,0.82,0.84,0.17,0.18,0.02,0.01,76889.35,1777320243000
1777320245.918,245.918,0.81,0.82,0.18,0.19,0.01,0.01,76889.35,1777320243000
1777320246.439,246.439,0.8,0.82,0.18,0.19,0.02,0.01,76892.43,1777320244000
1777320246.922,246.922,0.82,0.83,0.17,0.18,0.01,0.01,76894.13,1777320245000
1777320247.401,247.401,0.82,0.84,0.17,0.18,0.02,0.01,76894.29,1777320246000
1777320247.744,247.744,0.83,0.84,0.16,0.17,0.01,0.01,76894.29,1777320246000
1777320248.091,248.091,0.82,0.83,0.17,0.19,0.01,0.02,76894.29,1777320246000
1777320248.503,248.503,0.84,0.85,0.16,0.17,0.01,0.01,76894.13,1777320247000
1777320248.883,248.883,0.85,0.86,0.14,0.15,0.01,0.01,76894.13,1777320247000
1777320249.441,249.441,0.86,0.87,0.13,0.14,0.01,0.01,76894.13,1777320247000
1777320249.877,249.877,0.86,0.87,0.13,0.14,0.01,0.01,76894.35,1777320248000
1777320250.302,250.302,0.85,0.86,0.13,0.15,0.01,0.02,76899.15,1777320249000
1777320250.719,250.719,0.84,0.85,0.15,0.16,0.01,0.01,76899.15,1777320249000
1777320251.105,251.105,0.83,0.84,0.16,0.17,0.01,0.01,76899.15,1777320249000
1777320251.546,251.546,0.83,0.84,0.16,0.17,0.01,0.01,76899.17,1777320250000
1777320251.977,251.977,0.85,0.86,0.15,0.17,0.01,0.02,76899.17,1777320250000
1777320252.335,252.335,0.85,0.87,0.13,0.15,0.02,0.02,76899.02,1777320251000
1777320252.711,252.711,0.89,0.9,0.1,0.11,0.01,0.01,76899.02,1777320251000
1777320253.083,253.083,0.91,0.92,0.08,0.09,0.01,0.01,76899.02,1777320251000
1777320253.448,253.448,0.92,0.93,0.08,0.09,0.01,0.01,76899.02,1777320251000
1777320253.838,253.838,0.92,0.93,0.07,0.08,0.01,0.01,76898.92,1777320252000
1777320254.176,254.176,0.93,0.95,0.06,0.07,0.02,0.01,76899.33,1777320253000
1777320254.512,254.512,0.94,0.95,0.05,0.06,0.01,0.01,76899.33,1777320253000
1777320254.894,254.894,0.94,0.95,0.05,0.06,0.01,0.01,76899.33,1777320253000
1777320255.232,255.232,0.93,0.94,0.06,0.07,0.01,0.01,76907.88,1777320254000
1777320255.571,255.571,0.93,0.94,0.06,0.07,0.01,0.01,76907.88,1777320254000
1777320255.926,255.926,0.93,0.94,0.06,0.07,0.01,0.01,76907.88,1777320254000
1777320256.462,256.462,0.93,0.94,0.06,0.07,0.01,0.01,76907.88,1777320254000
1777320256.798,256.798,0.93,0.94,0.06,0.07,0.01,0.01,76912.56,1777320255000
1777320257.14,257.14,0.94,0.95,0.05,0.06,0.01,0.01,76912.56,1777320255000
1777320257.508,257.508,0.94,0.95,0.05,0.06,0.01,0.01,76914.92,1777320256000
1777320257.907,257.907,0.94,0.95,0.05,0.06,0.01,0.01,76914.92,1777320256000
1777320258.364,258.364,0.94,0.95,0.05,0.06,0.01,0.01,76914.92,1777320256000
1777320258.701,258.701,0.94,0.95,0.05,0.06,0.01,0.01,76915.51,1777320257000
1777320259.095,259.095,0.94,0.95,0.05,0.06,0.01,0.01,76915.51,1777320257000
1777320259.502,259.502,0.95,0.96,0.04,0.05,0.01,0.01,76915.71,1777320258000
1777320259.918,259.918,0.95,0.96,0.04,0.05,0.01,0.01,76915.71,1777320258000
1777320260.322,260.322,0.95,0.96,0.04,0.05,0.01,0.01,76915.73,1777320259000
1777320260.682,260.682,0.96,0.97,0.03,0.04,0.01,0.01,76915.73,1777320259000
1777320261.031,261.031,0.95,0.96,0.04,0.05,0.01,0.01,76915.73,1777320259000
1777320261.469,261.469,0.96,0.97,0.03,0.05,0.01,0.02,76915.52,1777320260000
1777320261.861,261.861,0.95,0.96,0.04,0.05,0.01,0.01,76915.52,1777320260000
1777320262.383,262.383,0.96,0.97,0.03,0.04,0.01,0.01,76915.52,1777320260000
1777320262.804,262.804,0.96,0.97,0.03,0.04,0.01,0.01,76915.54,1777320261000
1777320263.193,263.193,0.96,0.97,0.03,0.04,0.01,0.01,76915.54,1777320261000
1777320263.61,263.61,0.96,0.97,0.03,0.04,0.01,0.01,76915.54,1777320261000
1777320263.99,263.99,0.96,0.97,0.03,0.04,0.01,0.01,76917.2,1777320262000
1777320264.324,264.324,0.97,0.98,0.02,0.03,0.01,0.01,76917.2,1777320262000
1777320264.665,264.665,0.97,0.98,0.02,0.03,0.01,0.01,76918.23,1777320263000
1777320265.001,265.001,0.97,0.98,0.02,0.03,0.01,0.01,76918.23,1777320263000
1777320265.353,265.353,0.97,0.98,0.02,0.03,0.01,0.01,76919.18,1777320264000
1777320265.731,265.731,0.97,0.98,0.02,0.03,0.01,0.01,76919.18,1777320264000
1777320266.213,266.213,0.97,0.98,0.02,0.03,0.01,0.01,76919.18,1777320264000
1777320266.57,266.57,0.97,0.98,0.02,0.03,0.01,0.01,76923.15,1777320265000
1777320267.089,267.089,0.97,0.98,0.02,0.03,0.01,0.01,76923.15,1777320265000
1777320267.475,267.475,0.97,0.98,0.02,0.03,0.01,0.01,76923.15,1777320265000
1777320267.81,267.81,0.96,0.98,0.02,0.03,0.02,0.01,76926.18,1777320266000
1777320268.158,268.158,0.97,0.98,0.02,0.03,0.01,0.01,76926.18,1777320267000
1777320268.504,268.504,0.97,0.98,0.01,0.03,0.01,0.02,76926.18,1777320267000
1777320268.838,268.838,0.97,0.98,0.02,0.03,0.01,0.01,76926.18,1777320267000
1777320269.178,269.178,0.96,0.97,0.03,0.04,0.01,0.01,76927.8,1777320268000
1777320269.527,269.527,0.98,0.99,0.01,0.02,0.01,0.01,76927.8,1777320268000
1777320269.884,269.884,0.98,0.99,0.01,0.02,0.01,0.01,76927.8,1777320268000
1777320270.244,270.244,0.97,0.98,0.02,0.03,0.01,0.01,76928.09,1777320269000
1777320270.648,270.648,0.97,0.98,0.02,0.03,0.01,0.01,76928.09,1777320269000
1777320270.998,270.998,0.97,0.98,0.02,0.03,0.01,0.01,76928.09,1777320269000
1777320271.378,271.378,0.95,0.96,0.04,0.05,0.01,0.01,76928.09,1777320269000
1777320271.784,271.784,0.97,0.98,0.03,0.04,0.01,0.01,76927.26,1777320270000
1777320272.151,272.151,0.94,0.98,0.02,0.03,0.04,0.01,76925.72,1777320271000
1777320272.489,272.489,0.96,0.97,0.03,0.04,0.01,0.01,76925.72,1777320271000
1777320272.919,272.919,0.96,0.97,0.03,0.04,0.01,0.01,76925.72,1777320271000
1777320273.258,273.258,0.96,0.97,0.03,0.04,0.01,0.01,76916.68,1777320272000
1777320273.594,273.594,0.96,0.97,0.03,0.04,0.01,0.01,76916.68,1777320272000
1777320273.94,273.94,0.95,0.97,0.03,0.05,0.02,0.02,76916.68,1777320272000
1777320274.308,274.308,0.96,0.97,0.03,0.04,0.01,0.01,76915.72,1777320273000
1777320275.138,275.138,0.95,0.97,0.03,0.04,0.02,0.01,76915.72,1777320273000
1777320275.556,275.556,0.96,0.98,0.03,0.04,0.02,0.01,76915.72,1777320273000
1777320275.934,275.934,0.96,0.98,0.02,0.04,0.02,0.02,76915.72,1777320274000
1777320276.417,276.417,0.96,0.97,0.03,0.04,0.01,0.01,76915.72,1777320274000
1777320276.921,276.921,0.98,0.99,0.01,0.02,0.01,0.01,76919.18,1777320276000
1777320277.285,277.285,0.98,0.99,0.01,0.02,0.01,0.01,76919.18,1777320276000
1777320277.848,277.848,0.98,0.99,0.01,0.02,0.01,0.01,76919.18,1777320276000
1777320278.368,278.368,0.98,0.99,0.01,0.02,0.01,0.01,76919.3,1777320277000
1777320278.926,278.926,0.98,0.99,0.01,0.02,0.01,0.01,76919.3,1777320277000
1777320279.5,279.5,0.98,0.99,0.01,0.02,0.01,0.01,76920.16,1777320278000
1777320280.004,280.004,0.98,0.99,0.01,0.02,0.01,0.01,76920.16,1777320278000
1777320280.439,280.439,0.98,0.99,0.01,0.02,0.01,0.01,76920.08,1777320279000
1777320280.899,280.899,0.98,0.99,0.01,0.02,0.01,0.01,76920.08,1777320279000
1777320281.301,281.301,0.98,0.99,0.01,0.02,0.01,0.01,76920.48,1777320280000
1777320281.709,281.709,0.98,0.99,0.01,0.02,0.01,0.01,76920.48,1777320280000
1777320282.091,282.091,0.98,0.99,0.01,0.02,0.01,0.01,76920.48,1777320280000
1777320282.538,282.538,0.98,0.99,0.01,0.02,0.01,0.01,76921.38,1777320281000
1777320283.186,283.186,0.98,0.99,0.01,0.02,0.01,0.01,76921.38,1777320281000
1777320283.555,283.555,0.98,0.99,0.01,0.02,0.01,0.01,76921.38,1777320282000
1777320283.979,283.979,0.98,0.99,0.01,0.02,0.01,0.01,76921.38,1777320282000
1777320284.349,284.349,0.98,0.99,0.01,0.02,0.01,0.01,76920.68,1777320283000
1777320284.781,284.781,0.98,0.99,0.01,0.02,0.01,0.01,76920.68,1777320283000
1777320285.124,285.124,0.98,0.99,0.01,0.02,0.01,0.01,76920.68,1777320283000
1777320285.611,285.611,0.98,0.99,0.01,0.02,0.01,0.01,76920.21,1777320284000
1777320285.971,285.971,0.98,0.99,0.01,0.02,0.01,0.01,76920.21,1777320285000
1777320286.304,286.304,0.98,0.99,0.01,0.02,0.01,0.01,76920.21,1777320285000
1777320286.822,286.822,0.99,0.99,0.01,0.01,0.0,0.0,76920.21,1777320285000
1777320287.449,287.449,0.99,0.99,0.01,0.01,0.0,0.0,76919.9,1777320286000
1777320287.914,287.914,0.99,0.99,0.01,0.01,0.0,0.0,76919.77,1777320287000
1777320288.285,288.285,0.99,0.99,0.01,0.01,0.0,0.0,76919.77,1777320287000
1777320288.636,288.636,0.99,0.99,0.01,0.01,0.0,0.0,76919.77,1777320287000
1777320289.624,289.624,0.99,0.99,0.01,0.01,0.0,0.0,76926.71,1777320288000
1777320289.979,289.979,0.99,0.99,0.01,0.01,0.0,0.0,76926.71,1777320288000
1777320290.728,290.728,0.99,0.99,0.01,0.01,0.0,0.0,76930.75,1777320289000
1777320291.159,291.159,0.99,0.99,0.01,0.01,0.0,0.0,76930.75,1777320289000
1777320291.521,291.521,0.99,0.99,0.01,0.01,0.0,0.0,76923.58,1777320290000
1777320292.301,292.301,0.99,0.99,0.01,0.01,0.0,0.0,76923.58,1777320290000
1777320293.033,293.033,0.99,0.99,0.01,0.01,0.0,0.0,76921.32,1777320291000
1777320293.867,293.867,0.99,0.99,0.01,0.01,0.0,0.0,76921.27,1777320292000
1777320294.699,294.699,0.99,0.99,0.01,0.01,0.0,0.0,76921.27,1777320292000
1777320295.13,295.13,0.99,0.99,0.01,0.01,0.0,0.0,76921.72,1777320293000
1777320295.517,295.517,0.99,0.99,0.01,0.01,0.0,0.0,76921.72,1777320293000
1777320295.884,295.884,0.99,0.99,0.01,0.01,0.0,0.0,76921.93,1777320294000
1777320297.545,297.545,0.99,0.99,0.01,0.01,0.0,0.0,76924.69,1777320296000
1777320298.191,298.191,0.99,0.99,0.01,0.01,0.0,0.0,76928.7,1777320297000
1777320298.96,298.96,0.99,0.99,0.01,0.01,0.0,0.0,76928.7,1777320297000
1777320299.34,299.34,0.99,0.99,0.01,0.01,0.0,0.0,76928.7,1777320297000
1777320299.799,299.799,0.99,0.99,0.01,0.01,0.0,0.0,76928.7,1777320297000
1777320300.423,300.423,0.99,0.99,0.01,0.01,0.0,0.0,76932.68,1777320298000
1777320300.841,300.841,0.99,0.99,0.01,0.01,0.0,0.0,76931.94,1777320299000

# RESULT,winner=Up,slug=btc-updown-5m-1777320000,ticks=671
