timestamp,elapsed_sec,up_bid,up_ask,down_bid,down_ask,up_spread,down_spread,btc_price,btc_oracle_ts
1776370800.765,0.765,0.49,0.5,0.5,0.51,0.01,0.01,75269.53,1776370799000
1776370801.183,1.183,0.49,0.5,0.5,0.51,0.01,0.01,75269.15,1776370800000
1776370801.652,1.652,0.49,0.5,0.5,0.51,0.01,0.01,75269.15,1776370800000
1776370802.04,2.04,0.49,0.5,0.5,0.51,0.01,0.01,75269.15,1776370800000
1776370802.561,2.561,0.49,0.5,0.5,0.51,0.01,0.01,75269.08,1776370801000
1776370802.926,2.926,0.49,0.5,0.5,0.51,0.01,0.01,75269.08,1776370801000
1776370803.286,3.286,0.49,0.5,0.5,0.51,0.01,0.01,75269.06,1776370802000
1776370804.231,4.231,0.49,0.5,0.5,0.51,0.01,0.01,75269.19,1776370803000
1776370804.643,4.643,0.49,0.5,0.5,0.51,0.01,0.01,75269.19,1776370803000
1776370805.007,5.007,0.49,0.5,0.5,0.51,0.01,0.01,75269.19,1776370803000
1776370805.671,5.671,0.49,0.5,0.5,0.51,0.01,0.01,75269.37,1776370804000
1776370806.487,6.487,0.49,0.5,0.5,0.51,0.01,0.01,75269.37,1776370804000
1776370806.948,6.948,0.49,0.5,0.5,0.51,0.01,0.01,75269.11,1776370805000
1776370807.357,7.357,0.49,0.5,0.5,0.51,0.01,0.01,75269.11,1776370806000
1776370807.786,7.786,0.49,0.5,0.5,0.51,0.01,0.01,75269.11,1776370806000
1776370808.267,8.267,0.49,0.5,0.5,0.51,0.01,0.01,75269.11,1776370807000
1776370808.926,8.926,0.49,0.5,0.5,0.51,0.01,0.01,75269.09,1776370808000
1776370809.26,9.26,0.48,0.5,0.5,0.52,0.02,0.02,75269.09,1776370808000
1776370809.663,9.663,0.46,0.47,0.52,0.56,0.01,0.04,75269.09,1776370808000
1776370810.005,10.005,0.45,0.46,0.54,0.55,0.01,0.01,75269.09,1776370808000
1776370810.432,10.432,0.44,0.46,0.54,0.55,0.02,0.01,75268.22,1776370809000
1776370810.783,10.783,0.43,0.45,0.55,0.56,0.02,0.01,75268.22,1776370809000
1776370811.195,11.195,0.43,0.44,0.56,0.57,0.01,0.01,75263.71,1776370810000
1776370811.562,11.562,0.43,0.44,0.56,0.57,0.01,0.01,75263.71,1776370810000
1776370811.943,11.943,0.43,0.44,0.56,0.57,0.01,0.01,75263.71,1776370810000
1776370812.306,12.306,0.43,0.44,0.56,0.57,0.01,0.01,75259.07,1776370811000
1776370812.85,12.85,0.43,0.44,0.56,0.57,0.01,0.01,75259.07,1776370811000
1776370813.277,13.277,0.43,0.44,0.56,0.57,0.01,0.01,75256.96,1776370812000
1776370813.81,13.81,0.43,0.44,0.56,0.57,0.01,0.01,75256.96,1776370812000
1776370814.319,14.319,0.42,0.43,0.57,0.58,0.01,0.01,75256.21,1776370813000
1776370814.726,14.726,0.42,0.43,0.57,0.58,0.01,0.01,75256.21,1776370813000
1776370815.063,15.063,0.41,0.43,0.57,0.59,0.02,0.02,75256.21,1776370813000
1776370815.416,15.416,0.34,0.38,0.62,0.66,0.04,0.04,75256.17,1776370814000
1776370815.776,15.776,0.31,0.32,0.68,0.69,0.01,0.01,75256.17,1776370814000
1776370816.16,16.16,0.33,0.35,0.65,0.68,0.02,0.03,75256.17,1776370815000
1776370816.605,16.605,0.33,0.34,0.66,0.67,0.01,0.01,75256.17,1776370815000
1776370816.957,16.957,0.32,0.34,0.66,0.68,0.02,0.02,75256.17,1776370815000
1776370817.329,17.329,0.31,0.34,0.66,0.67,0.03,0.01,75239.53,1776370816000
1776370817.814,17.814,0.33,0.34,0.66,0.67,0.01,0.01,75239.53,1776370816000
1776370818.147,18.147,0.33,0.36,0.64,0.67,0.03,0.03,75239.53,1776370816000
1776370818.502,18.502,0.35,0.36,0.63,0.65,0.01,0.02,75236.41,1776370817000
1776370818.836,18.836,0.35,0.36,0.64,0.65,0.01,0.01,75236.41,1776370817000
1776370819.263,19.263,0.32,0.33,0.67,0.68,0.01,0.01,75236.41,1776370817000
1776370820.066,20.066,0.31,0.32,0.68,0.69,0.01,0.01,75231.71,1776370818000
1776370820.436,20.436,0.31,0.32,0.68,0.69,0.01,0.01,75231.71,1776370818000
1776370820.786,20.786,0.31,0.32,0.68,0.69,0.01,0.01,75231.71,1776370818000
1776370821.159,21.159,0.31,0.32,0.68,0.69,0.01,0.01,75235.91,1776370819000
1776370821.502,21.502,0.31,0.32,0.67,0.69,0.01,0.02,75231.25,1776370820000
1776370821.87,21.87,0.31,0.32,0.68,0.69,0.01,0.01,75231.25,1776370820000
1776370822.426,22.426,0.31,0.32,0.68,0.69,0.01,0.01,75230.39,1776370821000
1776370822.776,22.776,0.31,0.32,0.68,0.69,0.01,0.01,75230.39,1776370821000
1776370823.206,23.206,0.31,0.32,0.68,0.69,0.01,0.01,75230.25,1776370822000
1776370823.668,23.668,0.31,0.32,0.68,0.69,0.01,0.01,75230.25,1776370822000
1776370824.03,24.03,0.31,0.32,0.68,0.69,0.01,0.01,75230.25,1776370822000
1776370824.674,24.674,0.31,0.32,0.68,0.69,0.01,0.01,75231.25,1776370823000
1776370825.045,25.045,0.31,0.32,0.68,0.7,0.01,0.02,75231.25,1776370823000
1776370825.464,25.464,0.31,0.32,0.68,0.69,0.01,0.01,75231.21,1776370824000
1776370825.929,25.929,0.3,0.31,0.69,0.7,0.01,0.01,75231.21,1776370824000
1776370827.01,27.01,0.3,0.31,0.69,0.7,0.01,0.01,75230.98,1776370825000
1776370827.574,27.574,0.29,0.3,0.69,0.71,0.01,0.02,75230.49,1776370826000
1776370827.941,27.941,0.29,0.3,0.7,0.71,0.01,0.01,75230.49,1776370826000
1776370828.344,28.344,0.29,0.3,0.7,0.71,0.01,0.01,75230.24,1776370827000
1776370828.698,28.698,0.28,0.3,0.7,0.71,0.02,0.01,75230.24,1776370827000
1776370829.132,29.132,0.28,0.29,0.7,0.72,0.01,0.02,75230.24,1776370827000
1776370829.473,29.473,0.26,0.27,0.73,0.74,0.01,0.01,75228.76,1776370828000
1776370829.831,29.831,0.24,0.26,0.74,0.75,0.02,0.01,75228.76,1776370828000
1776370830.176,30.176,0.23,0.24,0.76,0.77,0.01,0.01,75228.8,1776370829000
1776370830.566,30.566,0.23,0.24,0.76,0.77,0.01,0.01,75228.8,1776370829000
1776370831.112,31.112,0.22,0.23,0.77,0.78,0.01,0.01,75228.8,1776370829000
1776370831.469,31.469,0.21,0.22,0.78,0.79,0.01,0.01,75209.35,1776370830000
1776370831.969,31.969,0.21,0.22,0.78,0.79,0.01,0.01,75209.35,1776370830000
1776370832.312,32.312,0.21,0.22,0.78,0.79,0.01,0.01,75206.01,1776370831000
1776370832.656,32.656,0.21,0.22,0.77,0.79,0.01,0.02,75206.01,1776370831000
1776370833.007,33.007,0.21,0.23,0.77,0.79,0.02,0.02,75206.01,1776370831000
1776370833.345,33.345,0.22,0.23,0.77,0.78,0.01,0.01,75204.04,1776370832000
1776370833.686,33.686,0.22,0.23,0.77,0.78,0.01,0.01,75204.04,1776370832000
1776370834.116,34.116,0.21,0.22,0.77,0.79,0.01,0.02,75204.04,1776370832000
1776370834.451,34.451,0.21,0.22,0.78,0.79,0.01,0.01,75205.55,1776370833000
1776370834.803,34.803,0.21,0.22,0.78,0.79,0.01,0.01,75205.55,1776370833000
1776370835.382,35.382,0.19,0.2,0.79,0.81,0.01,0.02,75205.55,1776370833000
1776370835.751,35.751,0.19,0.2,0.8,0.81,0.01,0.01,75205.55,1776370833000
1776370836.11,36.11,0.19,0.2,0.8,0.81,0.01,0.01,75206.22,1776370834000
1776370836.572,36.572,0.17,0.18,0.82,0.83,0.01,0.01,75206.22,1776370834000
1776370836.916,36.916,0.16,0.18,0.82,0.84,0.02,0.02,75206.68,1776370835000
1776370837.324,37.324,0.16,0.17,0.83,0.84,0.01,0.01,75206.68,1776370835000
1776370837.788,37.788,0.15,0.16,0.83,0.85,0.01,0.02,75199.99,1776370836000
1776370838.221,38.221,0.14,0.15,0.85,0.86,0.01,0.01,75191.82,1776370837000
1776370838.706,38.706,0.14,0.15,0.85,0.86,0.01,0.01,75191.82,1776370837000
1776370839.075,39.075,0.13,0.14,0.86,0.87,0.01,0.01,75191.82,1776370837000
1776370839.607,39.607,0.13,0.14,0.86,0.87,0.01,0.01,75182.53,1776370838000
1776370839.958,39.958,0.13,0.14,0.86,0.87,0.01,0.01,75182.53,1776370838000
1776370840.335,40.335,0.13,0.14,0.86,0.87,0.01,0.01,75178.77,1776370839000
1776370840.69,40.69,0.13,0.14,0.86,0.87,0.01,0.01,75178.77,1776370839000
1776370841.026,41.026,0.13,0.14,0.86,0.87,0.01,0.01,75178.77,1776370839000
1776370841.432,41.432,0.13,0.14,0.86,0.87,0.01,0.01,75174.42,1776370840000
1776370841.815,41.815,0.13,0.14,0.86,0.87,0.01,0.01,75174.42,1776370840000
1776370842.399,42.399,0.13,0.14,0.86,0.87,0.01,0.01,75175.1,1776370841000
1776370842.733,42.733,0.13,0.14,0.86,0.87,0.01,0.01,75175.1,1776370841000
1776370843.097,43.097,0.13,0.14,0.86,0.87,0.01,0.01,75175.62,1776370842000
1776370843.441,43.441,0.12,0.13,0.87,0.88,0.01,0.01,75175.62,1776370842000
1776370843.798,43.798,0.12,0.13,0.87,0.88,0.01,0.01,75175.62,1776370842000
1776370844.289,44.289,0.12,0.13,0.87,0.88,0.01,0.01,75175.62,1776370842000
1776370844.707,44.707,0.11,0.12,0.88,0.89,0.01,0.01,75177.16,1776370843000
1776370845.108,45.108,0.1,0.11,0.88,0.9,0.01,0.02,75177.16,1776370843000
1776370845.482,45.482,0.1,0.11,0.89,0.9,0.01,0.01,75177.16,1776370844000
1776370845.845,45.845,0.1,0.11,0.89,0.9,0.01,0.01,75177.16,1776370844000
1776370846.313,46.313,0.1,0.11,0.89,0.9,0.01,0.01,75176.42,1776370845000
1776370846.671,46.671,0.1,0.11,0.89,0.9,0.01,0.01,75176.42,1776370845000
1776370847.048,47.048,0.1,0.11,0.89,0.9,0.01,0.01,75176.42,1776370845000
1776370847.446,47.446,0.1,0.11,0.89,0.9,0.01,0.01,75167.53,1776370846000
1776370847.779,47.779,0.1,0.11,0.89,0.9,0.01,0.01,75167.53,1776370846000
1776370848.194,48.194,0.12,0.13,0.87,0.88,0.01,0.01,75167.53,1776370846000
1776370848.572,48.572,0.12,0.13,0.87,0.88,0.01,0.01,75166.28,1776370847000
1776370848.946,48.946,0.12,0.13,0.87,0.88,0.01,0.01,75166.28,1776370847000
1776370849.376,49.376,0.12,0.13,0.87,0.88,0.01,0.01,75166.28,1776370847000
1776370849.724,49.724,0.11,0.13,0.87,0.88,0.02,0.01,75167.94,1776370848000
1776370850.085,50.085,0.11,0.12,0.88,0.89,0.01,0.01,75170.11,1776370849000
1776370851.374,51.374,0.12,0.13,0.87,0.89,0.01,0.02,75170.11,1776370849000
1776370851.816,51.816,0.11,0.12,0.87,0.89,0.01,0.02,75167.18,1776370850000
1776370852.329,52.329,0.11,0.12,0.88,0.89,0.01,0.01,75167.16,1776370851000
1776370852.698,52.698,0.11,0.12,0.88,0.89,0.01,0.01,75167.16,1776370851000
1776370853.204,53.204,0.11,0.12,0.88,0.89,0.01,0.01,75167.16,1776370851000
1776370853.677,53.677,0.11,0.12,0.88,0.89,0.01,0.01,75168.48,1776370852000
1776370854.278,54.278,0.11,0.12,0.88,0.89,0.01,0.01,75168.26,1776370853000
1776370854.68,54.68,0.11,0.12,0.88,0.89,0.01,0.01,75168.26,1776370853000
1776370855.133,55.133,0.11,0.12,0.87,0.89,0.01,0.02,75167.61,1776370854000
1776370855.602,55.602,0.12,0.13,0.87,0.89,0.01,0.02,75167.61,1776370854000
1776370855.99,55.99,0.12,0.13,0.87,0.88,0.01,0.01,75167.61,1776370854000
1776370856.456,56.456,0.12,0.13,0.87,0.88,0.01,0.01,75167.51,1776370855000
1776370856.806,56.806,0.12,0.13,0.87,0.88,0.01,0.01,75167.51,1776370855000
1776370857.362,57.362,0.12,0.13,0.87,0.88,0.01,0.01,75167.51,1776370855000
1776370857.955,57.955,0.12,0.13,0.87,0.88,0.01,0.01,75168.63,1776370857000
1776370858.516,58.516,0.11,0.12,0.88,0.89,0.01,0.01,75168.63,1776370857000
1776370858.946,58.946,0.1,0.11,0.89,0.9,0.01,0.01,75168.91,1776370858000
1776370859.287,59.287,0.1,0.11,0.89,0.9,0.01,0.01,75168.91,1776370858000
1776370860.041,60.041,0.1,0.11,0.89,0.9,0.01,0.01,75168.28,1776370859000
1776370860.546,60.546,0.09,0.1,0.89,0.9,0.01,0.01,75168.28,1776370859000
1776370860.891,60.891,0.09,0.1,0.9,0.91,0.01,0.01,75168.28,1776370859000
1776370861.23,61.23,0.09,0.1,0.9,0.91,0.01,0.01,75159.25,1776370860000
1776370861.568,61.568,0.09,0.1,0.9,0.91,0.01,0.01,75159.25,1776370860000
1776370861.961,61.961,0.09,0.1,0.9,0.91,0.01,0.01,75159.25,1776370860000
1776370862.327,62.327,0.09,0.1,0.9,0.91,0.01,0.01,75156.96,1776370861000
1776370862.707,62.707,0.09,0.1,0.9,0.91,0.01,0.01,75156.96,1776370861000
1776370863.077,63.077,0.09,0.1,0.9,0.91,0.01,0.01,75156.58,1776370862000
1776370863.424,63.424,0.09,0.1,0.9,0.91,0.01,0.01,75156.58,1776370862000
1776370863.769,63.769,0.09,0.1,0.9,0.91,0.01,0.01,75156.58,1776370862000
1776370864.115,64.115,0.09,0.1,0.9,0.91,0.01,0.01,75156.58,1776370862000
1776370864.486,64.486,0.09,0.1,0.9,0.91,0.01,0.01,75157.96,1776370863000
1776370864.856,64.856,0.09,0.1,0.9,0.91,0.01,0.01,75157.96,1776370863000
1776370865.228,65.228,0.09,0.1,0.9,0.91,0.01,0.01,75158.62,1776370864000
1776370865.644,65.644,0.09,0.1,0.9,0.91,0.01,0.01,75158.62,1776370864000
1776370866.116,66.116,0.09,0.1,0.9,0.91,0.01,0.01,75158.62,1776370864000
1776370866.489,66.489,0.09,0.1,0.9,0.91,0.01,0.01,75159.02,1776370865000
1776370866.839,66.839,0.08,0.09,0.91,0.92,0.01,0.01,75159.02,1776370865000
1776370867.22,67.22,0.08,0.09,0.91,0.92,0.01,0.01,75158.89,1776370866000
1776370867.846,67.846,0.08,0.09,0.91,0.92,0.01,0.01,75158.89,1776370866000
1776370868.234,68.234,0.08,0.09,0.91,0.92,0.01,0.01,75158.89,1776370866000
1776370868.783,68.783,0.08,0.09,0.91,0.92,0.01,0.01,75157.88,1776370867000
1776370869.135,69.135,0.08,0.09,0.91,0.92,0.01,0.01,75157.88,1776370867000
1776370869.498,69.498,0.08,0.09,0.91,0.92,0.01,0.01,75157.11,1776370868000
1776370869.915,69.915,0.08,0.09,0.91,0.92,0.01,0.01,75157.11,1776370868000
1776370870.338,70.338,0.08,0.09,0.91,0.92,0.01,0.01,75156.79,1776370869000
1776370870.763,70.763,0.08,0.09,0.91,0.92,0.01,0.01,75156.79,1776370869000
1776370871.111,71.111,0.08,0.09,0.91,0.92,0.01,0.01,75156.79,1776370869000
1776370871.647,71.647,0.08,0.09,0.91,0.92,0.01,0.01,75155.48,1776370870000
1776370872.037,72.037,0.08,0.09,0.91,0.92,0.01,0.01,75155.48,1776370870000
1776370872.47,72.47,0.08,0.09,0.91,0.92,0.01,0.01,75155.48,1776370870000
1776370872.918,72.918,0.07,0.08,0.92,0.93,0.01,0.01,75156.19,1776370871000
1776370873.346,73.346,0.07,0.08,0.92,0.93,0.01,0.01,75156.05,1776370872000
1776370873.695,73.695,0.07,0.08,0.92,0.93,0.01,0.01,75156.05,1776370872000
1776370874.164,74.164,0.07,0.08,0.92,0.93,0.01,0.01,75155.64,1776370873000
1776370874.5,74.5,0.06,0.07,0.92,0.94,0.01,0.02,75155.64,1776370873000
1776370875.08,75.08,0.06,0.07,0.93,0.94,0.01,0.01,75155.64,1776370873000
1776370875.513,75.513,0.06,0.07,0.93,0.94,0.01,0.01,75150.62,1776370874000
1776370875.89,75.89,0.06,0.07,0.93,0.94,0.01,0.01,75150.62,1776370874000
1776370876.492,76.492,0.06,0.07,0.93,0.94,0.01,0.01,75145.95,1776370875000
1776370876.864,76.864,0.06,0.07,0.93,0.94,0.01,0.01,75145.95,1776370875000
1776370877.486,77.486,0.06,0.07,0.93,0.94,0.01,0.01,75145.51,1776370876000
1776370878.089,78.089,0.06,0.07,0.93,0.94,0.01,0.01,75142.18,1776370877000
1776370878.571,78.571,0.06,0.07,0.93,0.94,0.01,0.01,75142.18,1776370877000
1776370878.979,78.979,0.06,0.07,0.93,0.94,0.01,0.01,75142.18,1776370877000
1776370879.381,79.381,0.06,0.07,0.93,0.94,0.01,0.01,75140.2,1776370878000
1776370879.935,79.935,0.06,0.07,0.93,0.94,0.01,0.01,75139.89,1776370879000
1776370880.344,80.344,0.07,0.08,0.92,0.94,0.01,0.02,75139.89,1776370879000
1776370880.685,80.685,0.08,0.09,0.91,0.92,0.01,0.01,75139.89,1776370879000
1776370881.231,81.231,0.08,0.09,0.91,0.92,0.01,0.01,75139.89,1776370879000
1776370881.63,81.63,0.08,0.09,0.91,0.92,0.01,0.01,75139.89,1776370879000
1776370882.067,82.067,0.07,0.09,0.91,0.92,0.02,0.01,75139.89,1776370879000
1776370882.433,82.433,0.06,0.08,0.92,0.94,0.02,0.02,75146.3,1776370880000
1776370882.775,82.775,0.06,0.07,0.92,0.94,0.01,0.02,75151.64,1776370881000
1776370883.127,83.127,0.06,0.07,0.93,0.94,0.01,0.01,75151.64,1776370881000
1776370883.467,83.467,0.06,0.07,0.93,0.94,0.01,0.01,75152.17,1776370882000
1776370883.831,83.831,0.06,0.07,0.93,0.94,0.01,0.01,75152.17,1776370882000
1776370884.23,84.23,0.05,0.07,0.93,0.94,0.02,0.01,75152.17,1776370882000
1776370884.744,84.744,0.05,0.06,0.94,0.95,0.01,0.01,75152.17,1776370882000
1776370885.316,85.316,0.05,0.06,0.94,0.95,0.01,0.01,75152.17,1776370882000
1776370885.819,85.819,0.05,0.06,0.94,0.95,0.01,0.01,75141.83,1776370884000
1776370886.524,86.524,0.05,0.06,0.94,0.95,0.01,0.01,75141.83,1776370884000
1776370886.866,86.866,0.05,0.06,0.94,0.95,0.01,0.01,75141.83,1776370884000
1776370887.23,87.23,0.05,0.06,0.94,0.95,0.01,0.01,75140.99,1776370885000
1776370887.573,87.573,0.05,0.06,0.94,0.95,0.01,0.01,75140.96,1776370886000
1776370887.917,87.917,0.04,0.05,0.95,0.96,0.01,0.01,75140.96,1776370886000
1776370888.27,88.27,0.04,0.05,0.95,0.96,0.01,0.01,75139.89,1776370887000
1776370888.715,88.715,0.04,0.05,0.95,0.96,0.01,0.01,75139.89,1776370887000
1776370889.382,89.382,0.04,0.05,0.95,0.96,0.01,0.01,75139.89,1776370887000
1776370889.929,89.929,0.04,0.05,0.95,0.96,0.01,0.01,75125.18,1776370888000
1776370890.277,90.277,0.04,0.05,0.95,0.96,0.01,0.01,75125.18,1776370888000
1776370890.635,90.635,0.04,0.05,0.95,0.96,0.01,0.01,75120.03,1776370889000
1776370891.005,91.005,0.04,0.05,0.95,0.96,0.01,0.01,75120.03,1776370889000
1776370891.377,91.377,0.04,0.05,0.95,0.96,0.01,0.01,75120.03,1776370889000
1776370891.779,91.779,0.04,0.05,0.95,0.96,0.01,0.01,75120.84,1776370890000
1776370892.344,92.344,0.04,0.05,0.95,0.96,0.01,0.01,75123.33,1776370891000
1776370892.841,92.841,0.04,0.05,0.95,0.96,0.01,0.01,75123.33,1776370891000
1776370893.396,93.396,0.04,0.05,0.95,0.96,0.01,0.01,75126.98,1776370892000
1776370893.751,93.751,0.04,0.05,0.95,0.96,0.01,0.01,75126.98,1776370892000
1776370894.383,94.383,0.04,0.06,0.95,0.96,0.02,0.01,75126.98,1776370892000
1776370894.988,94.988,0.06,0.07,0.94,0.95,0.01,0.01,75125.47,1776370893000
1776370895.358,95.358,0.06,0.07,0.93,0.94,0.01,0.01,75125.48,1776370894000
1776370895.895,95.895,0.06,0.07,0.93,0.94,0.01,0.01,75125.48,1776370894000
1776370896.234,96.234,0.06,0.07,0.93,0.94,0.01,0.01,75130.36,1776370895000
1776370896.625,96.625,0.05,0.06,0.94,0.95,0.01,0.01,75130.36,1776370895000
1776370897.021,97.021,0.05,0.06,0.94,0.95,0.01,0.01,75130.36,1776370895000
1776370897.499,97.499,0.05,0.06,0.94,0.95,0.01,0.01,75130.36,1776370895000
1776370898.417,98.417,0.05,0.06,0.94,0.95,0.01,0.01,75139.1,1776370897000
1776370899.058,99.058,0.05,0.06,0.94,0.95,0.01,0.01,75139.1,1776370897000
1776370899.451,99.451,0.06,0.07,0.93,0.95,0.01,0.02,75138.59,1776370898000
1776370899.862,99.862,0.06,0.07,0.93,0.94,0.01,0.01,75138.59,1776370898000
1776370900.323,100.323,0.06,0.07,0.93,0.94,0.01,0.01,75138.59,1776370898000
1776370900.659,100.659,0.06,0.07,0.93,0.94,0.01,0.01,75138.59,1776370898000
1776370901.388,101.388,0.06,0.07,0.93,0.94,0.01,0.01,75138.24,1776370899000
1776370901.756,101.756,0.06,0.07,0.93,0.94,0.01,0.01,75138.72,1776370900000
1776370902.229,102.229,0.06,0.07,0.93,0.94,0.01,0.01,75139.39,1776370901000
1776370902.612,102.612,0.06,0.07,0.93,0.94,0.01,0.01,75139.39,1776370901000
1776370902.966,102.966,0.06,0.07,0.93,0.94,0.01,0.01,75139.7,1776370902000
1776370903.316,103.316,0.06,0.07,0.93,0.94,0.01,0.01,75139.7,1776370902000
1776370903.691,103.691,0.06,0.07,0.93,0.94,0.01,0.01,75139.7,1776370902000
1776370904.025,104.025,0.06,0.07,0.93,0.94,0.01,0.01,75141.01,1776370903000
1776370904.407,104.407,0.06,0.07,0.93,0.94,0.01,0.01,75141.01,1776370903000
1776370904.866,104.866,0.06,0.07,0.93,0.94,0.01,0.01,75141.01,1776370903000
1776370905.21,105.21,0.06,0.07,0.93,0.94,0.01,0.01,75141.84,1776370904000
1776370905.683,105.683,0.06,0.07,0.93,0.94,0.01,0.01,75141.84,1776370904000
1776370906.08,106.08,0.06,0.07,0.93,0.94,0.01,0.01,75141.88,1776370905000
1776370906.453,106.453,0.06,0.07,0.93,0.94,0.01,0.01,75141.88,1776370905000
1776370906.837,106.837,0.07,0.08,0.92,0.94,0.01,0.02,75141.88,1776370905000
1776370907.439,107.439,0.07,0.08,0.92,0.93,0.01,0.01,75142.36,1776370906000
1776370907.887,107.887,0.07,0.08,0.92,0.93,0.01,0.01,75145.95,1776370907000
1776370908.386,108.386,0.07,0.08,0.92,0.93,0.01,0.01,75145.95,1776370907000
1776370908.889,108.889,0.07,0.08,0.92,0.93,0.01,0.01,75153.09,1776370908000
1776370909.316,109.316,0.07,0.08,0.92,0.93,0.01,0.01,75153.09,1776370908000
1776370909.697,109.697,0.07,0.08,0.92,0.93,0.01,0.01,75153.09,1776370908000
1776370910.076,110.076,0.07,0.08,0.92,0.93,0.01,0.01,75153.77,1776370909000
1776370910.536,110.536,0.07,0.08,0.92,0.93,0.01,0.01,75153.77,1776370909000
1776370910.891,110.891,0.07,0.08,0.92,0.93,0.01,0.01,75153.98,1776370910000
1776370911.553,111.553,0.07,0.08,0.92,0.93,0.01,0.01,75153.98,1776370910000
1776370911.96,111.96,0.07,0.08,0.92,0.93,0.01,0.01,75153.16,1776370911000
1776370912.475,112.475,0.07,0.08,0.92,0.93,0.01,0.01,75153.16,1776370911000
1776370912.825,112.825,0.07,0.08,0.92,0.93,0.01,0.01,75153.16,1776370911000
1776370913.484,113.484,0.07,0.08,0.92,0.93,0.01,0.01,75152.83,1776370912000
1776370913.887,113.887,0.07,0.08,0.92,0.93,0.01,0.01,75152.83,1776370912000
1776370914.235,114.235,0.07,0.08,0.92,0.93,0.01,0.01,75152.77,1776370913000
1776370914.641,114.641,0.07,0.08,0.92,0.93,0.01,0.01,75152.77,1776370913000
1776370915.036,115.036,0.07,0.08,0.92,0.93,0.01,0.01,75152.77,1776370913000
1776370915.54,115.54,0.07,0.08,0.92,0.93,0.01,0.01,75152.83,1776370914000
1776370915.897,115.897,0.07,0.08,0.92,0.93,0.01,0.01,75152.83,1776370914000
1776370916.253,116.253,0.07,0.08,0.92,0.93,0.01,0.01,75159.57,1776370915000
1776370916.762,116.762,0.07,0.08,0.92,0.93,0.01,0.01,75159.57,1776370915000
1776370917.098,117.098,0.07,0.08,0.92,0.93,0.01,0.01,75159.57,1776370915000
1776370917.557,117.557,0.07,0.08,0.92,0.93,0.01,0.01,75160.58,1776370916000
1776370917.971,117.971,0.07,0.08,0.92,0.93,0.01,0.01,75160.67,1776370917000
1776370918.334,118.334,0.07,0.08,0.92,0.93,0.01,0.01,75160.67,1776370917000
1776370918.838,118.838,0.07,0.08,0.92,0.93,0.01,0.01,75160.67,1776370917000
1776370919.3,119.3,0.07,0.08,0.92,0.93,0.01,0.01,75161.9,1776370918000
1776370919.821,119.821,0.07,0.08,0.92,0.93,0.01,0.01,75161.9,1776370918000
1776370920.174,120.174,0.08,0.09,0.91,0.92,0.01,0.01,75162.84,1776370919000
1776370920.532,120.532,0.08,0.09,0.91,0.92,0.01,0.01,75162.84,1776370919000
1776370920.912,120.912,0.08,0.09,0.91,0.92,0.01,0.01,75162.84,1776370919000
1776370921.346,121.346,0.08,0.09,0.91,0.92,0.01,0.01,75164.91,1776370920000
1776370921.689,121.689,0.08,0.09,0.91,0.92,0.01,0.01,75164.91,1776370920000
1776370922.086,122.086,0.08,0.09,0.91,0.92,0.01,0.01,75164.91,1776370920000
1776370922.583,122.583,0.08,0.09,0.91,0.92,0.01,0.01,75167.42,1776370921000
1776370922.937,122.937,0.08,0.09,0.91,0.92,0.01,0.01,75167.42,1776370921000
1776370923.558,123.558,0.07,0.08,0.92,0.93,0.01,0.01,75167.04,1776370922000
1776370923.944,123.944,0.07,0.08,0.92,0.93,0.01,0.01,75167.04,1776370922000
1776370924.324,124.324,0.07,0.08,0.92,0.93,0.01,0.01,75167.23,1776370923000
1776370924.81,124.81,0.07,0.08,0.92,0.93,0.01,0.01,75167.23,1776370923000
1776370925.393,125.393,0.07,0.08,0.92,0.93,0.01,0.01,75167.23,1776370923000
1776370925.831,125.831,0.07,0.08,0.92,0.93,0.01,0.01,75166.17,1776370925000
1776370926.166,126.166,0.07,0.08,0.92,0.93,0.01,0.01,75166.17,1776370925000
1776370926.617,126.617,0.07,0.08,0.92,0.93,0.01,0.01,75166.17,1776370925000
1776370927.524,127.524,0.07,0.09,0.92,0.93,0.02,0.01,75166.21,1776370926000
1776370928.261,128.261,0.08,0.09,0.91,0.92,0.01,0.01,75166.21,1776370926000
1776370928.72,128.72,0.08,0.09,0.91,0.92,0.01,0.01,75166.21,1776370927000
1776370929.143,129.143,0.08,0.09,0.91,0.92,0.01,0.01,75166.21,1776370927000
1776370929.494,129.494,0.08,0.09,0.91,0.92,0.01,0.01,75166.71,1776370928000
1776370929.847,129.847,0.08,0.09,0.91,0.92,0.01,0.01,75166.71,1776370928000
1776370930.451,130.451,0.08,0.09,0.91,0.92,0.01,0.01,75170.77,1776370929000
1776370930.801,130.801,0.08,0.09,0.91,0.92,0.01,0.01,75170.77,1776370929000
1776370931.184,131.184,0.09,0.1,0.9,0.92,0.01,0.02,75173.03,1776370930000
1776370931.76,131.76,0.09,0.1,0.9,0.91,0.01,0.01,75173.03,1776370930000
1776370932.242,132.242,0.09,0.1,0.9,0.91,0.01,0.01,75173.03,1776370930000
1776370932.736,132.736,0.09,0.1,0.9,0.91,0.01,0.01,75176.84,1776370931000
1776370933.439,133.439,0.09,0.1,0.9,0.91,0.01,0.01,75180.32,1776370932000
1776370933.789,133.789,0.07,0.09,0.92,0.93,0.02,0.01,75180.32,1776370932000
1776370934.55,134.55,0.07,0.08,0.92,0.93,0.01,0.01,75180.77,1776370933000
1776370935.013,135.013,0.07,0.08,0.92,0.93,0.01,0.01,75179.72,1776370934000
1776370935.477,135.477,0.07,0.08,0.92,0.93,0.01,0.01,75179.72,1776370934000
1776370935.943,135.943,0.07,0.08,0.92,0.93,0.01,0.01,75179.72,1776370934000
1776370936.661,136.661,0.07,0.08,0.92,0.93,0.01,0.01,75172.34,1776370935000
1776370937.109,137.109,0.07,0.08,0.92,0.93,0.01,0.01,75172.34,1776370935000
1776370937.478,137.478,0.07,0.08,0.92,0.93,0.01,0.01,75171.44,1776370936000
1776370937.911,137.911,0.07,0.08,0.92,0.93,0.01,0.01,75171.44,1776370936000
1776370938.356,138.356,0.07,0.08,0.92,0.93,0.01,0.01,75169.97,1776370937000
1776370938.716,138.716,0.07,0.08,0.92,0.93,0.01,0.01,75169.97,1776370937000
1776370939.148,139.148,0.07,0.08,0.92,0.93,0.01,0.01,75170.16,1776370938000
1776370939.547,139.547,0.07,0.08,0.92,0.93,0.01,0.01,75170.16,1776370938000
1776370940.02,140.02,0.07,0.08,0.92,0.93,0.01,0.01,75170.16,1776370938000
1776370940.451,140.451,0.07,0.08,0.92,0.93,0.01,0.01,75170.96,1776370939000
1776370941.42,141.42,0.07,0.08,0.92,0.93,0.01,0.01,75170.96,1776370939000
1776370941.762,141.762,0.07,0.08,0.92,0.93,0.01,0.01,75168.72,1776370940000
1776370942.697,142.697,0.06,0.07,0.92,0.93,0.01,0.01,75168.72,1776370941000
1776370943.049,143.049,0.06,0.07,0.93,0.94,0.01,0.01,75168.72,1776370941000
1776370943.432,143.432,0.06,0.07,0.93,0.94,0.01,0.01,75168.72,1776370942000
1776370944.152,144.152,0.06,0.07,0.93,0.94,0.01,0.01,75168.72,1776370942000
1776370944.815,144.815,0.07,0.08,0.92,0.94,0.01,0.02,75168.78,1776370943000
1776370945.149,145.149,0.07,0.08,0.92,0.94,0.01,0.02,75168.78,1776370943000
1776370945.695,145.695,0.07,0.08,0.92,0.93,0.01,0.01,75168.84,1776370944000
1776370946.048,146.048,0.07,0.08,0.92,0.93,0.01,0.01,75168.84,1776370944000
1776370947.083,147.083,0.07,0.08,0.92,0.93,0.01,0.01,75168.72,1776370945000
1776370947.634,147.634,0.07,0.08,0.92,0.93,0.01,0.01,75170.22,1776370946000
1776370948.343,148.343,0.07,0.08,0.92,0.93,0.01,0.01,75170.22,1776370946000
1776370949.175,149.175,0.07,0.08,0.92,0.93,0.01,0.01,75170.19,1776370948000
1776370949.51,149.51,0.07,0.08,0.92,0.93,0.01,0.01,75170.19,1776370948000
1776370949.938,149.938,0.07,0.08,0.92,0.93,0.01,0.01,75170.19,1776370948000
1776370950.301,150.301,0.07,0.08,0.92,0.93,0.01,0.01,75169.78,1776370949000
1776370950.64,150.64,0.07,0.08,0.92,0.93,0.01,0.01,75169.78,1776370949000
1776370951.134,151.134,0.07,0.08,0.92,0.93,0.01,0.01,75169.78,1776370949000
1776370951.543,151.543,0.07,0.08,0.92,0.93,0.01,0.01,75169.79,1776370950000
1776370951.877,151.877,0.07,0.08,0.92,0.93,0.01,0.01,75169.79,1776370950000
1776370952.225,152.225,0.07,0.08,0.92,0.93,0.01,0.01,75169.78,1776370951000
1776370952.558,152.558,0.07,0.08,0.92,0.93,0.01,0.01,75169.78,1776370951000
1776370952.905,152.905,0.07,0.08,0.92,0.93,0.01,0.01,75169.78,1776370951000
1776370953.313,153.313,0.07,0.08,0.92,0.93,0.01,0.01,75169.79,1776370952000
1776370953.677,153.677,0.07,0.08,0.92,0.93,0.01,0.01,75169.79,1776370952000
1776370954.013,154.013,0.07,0.08,0.92,0.93,0.01,0.01,75169.79,1776370953000
1776370954.368,154.368,0.07,0.08,0.92,0.93,0.01,0.01,75169.79,1776370953000
1776370954.746,154.746,0.06,0.07,0.92,0.94,0.01,0.02,75169.79,1776370953000
1776370955.468,155.468,0.04,0.07,0.93,0.94,0.03,0.01,75170.0,1776370954000
1776370956.067,156.067,0.05,0.06,0.93,0.96,0.01,0.03,75170.0,1776370954000
1776370956.43,156.43,0.05,0.06,0.94,0.95,0.01,0.01,75170.17,1776370955000
1776370956.795,156.795,0.05,0.06,0.94,0.95,0.01,0.01,75170.17,1776370955000
1776370957.254,157.254,0.05,0.06,0.94,0.95,0.01,0.01,75170.35,1776370956000
1776370958.587,158.587,0.05,0.06,0.94,0.95,0.01,0.01,75170.35,1776370956000
1776370959.407,159.407,0.05,0.06,0.94,0.95,0.01,0.01,75170.54,1776370958000
1776370960.223,160.223,0.05,0.06,0.94,0.95,0.01,0.01,75170.54,1776370958000
1776370961.301,161.301,0.07,0.08,0.92,0.93,0.01,0.01,75170.14,1776370960000
1776370961.788,161.788,0.07,0.08,0.91,0.93,0.01,0.02,75170.14,1776370960000
1776370962.139,162.139,0.08,0.1,0.91,0.92,0.02,0.01,75170.14,1776370960000
1776370962.661,162.661,0.09,0.1,0.9,0.91,0.01,0.01,75184.86,1776370961000
1776370963.013,163.013,0.09,0.1,0.9,0.91,0.01,0.01,75184.86,1776370961000
1776370963.563,163.563,0.1,0.11,0.89,0.9,0.01,0.01,75191.83,1776370962000
1776370963.982,163.982,0.1,0.11,0.89,0.9,0.01,0.01,75191.83,1776370962000
1776370964.379,164.379,0.1,0.11,0.89,0.9,0.01,0.01,75191.83,1776370962000
1776370964.733,164.733,0.1,0.11,0.89,0.9,0.01,0.01,75194.25,1776370963000
1776370965.243,165.243,0.1,0.11,0.89,0.9,0.01,0.01,75194.25,1776370963000
1776370965.776,165.776,0.1,0.11,0.89,0.9,0.01,0.01,75195.87,1776370964000
1776370966.539,166.539,0.1,0.11,0.89,0.9,0.01,0.01,75195.87,1776370964000
1776370967.088,167.088,0.1,0.11,0.89,0.9,0.01,0.01,75197.52,1776370966000
1776370967.48,167.48,0.11,0.12,0.88,0.9,0.01,0.02,75197.52,1776370966000
1776370968.101,168.101,0.11,0.12,0.88,0.89,0.01,0.01,75197.52,1776370966000
1776370968.63,168.63,0.11,0.12,0.88,0.89,0.01,0.01,75197.52,1776370966000
1776370968.966,168.966,0.12,0.13,0.85,0.88,0.01,0.03,75200.55,1776370967000
1776370969.339,169.339,0.16,0.17,0.84,0.86,0.01,0.02,75200.55,1776370967000
1776370969.672,169.672,0.16,0.17,0.83,0.84,0.01,0.01,75208.38,1776370968000
1776370970.009,170.009,0.16,0.17,0.83,0.84,0.01,0.01,75208.38,1776370968000
1776370970.369,170.369,0.16,0.17,0.83,0.84,0.01,0.01,75216.06,1776370969000
1776370970.906,170.906,0.16,0.17,0.83,0.84,0.01,0.01,75216.06,1776370969000
1776370971.282,171.282,0.16,0.17,0.83,0.84,0.01,0.01,75216.06,1776370969000
1776370971.834,171.834,0.16,0.17,0.83,0.84,0.01,0.01,75219.62,1776370970000
1776370972.48,172.48,0.16,0.17,0.83,0.84,0.01,0.01,75219.18,1776370971000
1776370973.1,173.1,0.16,0.17,0.83,0.84,0.01,0.01,75219.18,1776370971000
1776370973.617,173.617,0.16,0.17,0.83,0.84,0.01,0.01,75214.43,1776370972000
1776370974.097,174.097,0.15,0.16,0.84,0.86,0.01,0.02,75214.43,1776370972000
1776370974.455,174.455,0.15,0.16,0.84,0.85,0.01,0.01,75214.43,1776370972000
1776370974.813,174.813,0.14,0.15,0.85,0.86,0.01,0.01,75214.43,1776370972000
1776370975.152,175.152,0.14,0.15,0.85,0.86,0.01,0.01,75210.88,1776370973000
1776370975.543,175.543,0.14,0.15,0.85,0.86,0.01,0.01,75210.88,1776370973000
1776370975.885,175.885,0.14,0.15,0.85,0.86,0.01,0.01,75210.88,1776370973000
1776370976.305,176.305,0.14,0.15,0.85,0.86,0.01,0.01,75210.48,1776370975000
1776370976.951,176.951,0.14,0.15,0.85,0.86,0.01,0.01,75210.48,1776370975000
1776370977.603,177.603,0.14,0.15,0.85,0.86,0.01,0.01,75210.48,1776370976000
1776370978.004,178.004,0.14,0.15,0.85,0.86,0.01,0.01,75210.48,1776370976000
1776370978.463,178.463,0.14,0.15,0.85,0.86,0.01,0.01,75211.28,1776370977000
1776370978.839,178.839,0.14,0.15,0.85,0.86,0.01,0.01,75211.28,1776370977000
1776370979.941,179.941,0.14,0.15,0.85,0.86,0.01,0.01,75212.06,1776370978000
1776370980.3,180.3,0.14,0.15,0.85,0.86,0.01,0.01,75211.26,1776370979000
1776370980.654,180.654,0.14,0.15,0.85,0.86,0.01,0.01,75211.26,1776370979000
1776370981.01,181.01,0.14,0.15,0.85,0.86,0.01,0.01,75211.26,1776370979000
1776370981.391,181.391,0.13,0.14,0.86,0.88,0.01,0.02,75210.7,1776370980000
1776370981.835,181.835,0.12,0.13,0.86,0.87,0.01,0.01,75210.7,1776370980000
1776370982.181,182.181,0.12,0.13,0.87,0.88,0.01,0.01,75210.7,1776370980000
1776370983.351,183.351,0.12,0.13,0.87,0.88,0.01,0.01,75210.64,1776370981000
1776370983.773,183.773,0.12,0.13,0.87,0.88,0.01,0.01,75211.2,1776370982000
1776370984.125,184.125,0.13,0.14,0.86,0.87,0.01,0.01,75211.2,1776370983000
1776370984.489,184.489,0.13,0.14,0.86,0.87,0.01,0.01,75211.2,1776370983000
1776370985.052,185.052,0.13,0.14,0.86,0.87,0.01,0.01,75211.2,1776370983000
1776370985.521,185.521,0.13,0.15,0.86,0.87,0.02,0.01,75214.12,1776370984000
1776370985.986,185.986,0.13,0.15,0.86,0.87,0.02,0.01,75214.12,1776370984000
1776370986.668,186.668,0.14,0.15,0.85,0.87,0.01,0.02,75214.27,1776370985000
1776370987.001,187.001,0.14,0.15,0.85,0.86,0.01,0.01,75214.27,1776370985000
1776370987.336,187.336,0.14,0.15,0.85,0.86,0.01,0.01,75214.27,1776370985000
1776370987.677,187.677,0.14,0.15,0.85,0.86,0.01,0.01,75218.25,1776370986000
1776370988.132,188.132,0.14,0.15,0.85,0.86,0.01,0.01,75219.29,1776370987000
1776370988.485,188.485,0.14,0.15,0.85,0.86,0.01,0.01,75219.29,1776370987000
1776370989.355,189.355,0.14,0.15,0.85,0.86,0.01,0.01,75216.28,1776370988000
1776370990.049,190.049,0.14,0.15,0.85,0.86,0.01,0.01,75216.28,1776370988000
1776370990.393,190.393,0.14,0.15,0.85,0.86,0.01,0.01,75216.28,1776370988000
1776370990.85,190.85,0.14,0.15,0.85,0.86,0.01,0.01,75216.28,1776370988000
1776370991.424,191.424,0.14,0.15,0.85,0.86,0.01,0.01,75217.83,1776370990000
1776370991.795,191.795,0.14,0.15,0.85,0.86,0.01,0.01,75217.83,1776370990000
1776370992.132,192.132,0.14,0.15,0.85,0.86,0.01,0.01,75217.55,1776370991000
1776370992.528,192.528,0.15,0.16,0.84,0.85,0.01,0.01,75217.55,1776370991000
1776370992.911,192.911,0.15,0.16,0.84,0.85,0.01,0.01,75217.55,1776370991000
1776370993.317,193.317,0.15,0.16,0.84,0.85,0.01,0.01,75219.01,1776370992000
1776370993.833,193.833,0.15,0.16,0.84,0.85,0.01,0.01,75219.01,1776370992000
1776370994.355,194.355,0.15,0.16,0.84,0.85,0.01,0.01,75219.4,1776370993000
1776370995.091,195.091,0.15,0.16,0.84,0.85,0.01,0.01,75219.42,1776370994000
1776370995.635,195.635,0.15,0.16,0.84,0.86,0.01,0.02,75219.42,1776370994000
1776370996.083,196.083,0.14,0.16,0.84,0.85,0.02,0.01,75219.42,1776370994000
1776370996.835,196.835,0.13,0.15,0.85,0.86,0.02,0.01,75220.98,1776370995000
1776370997.331,197.331,0.13,0.14,0.86,0.87,0.01,0.01,75222.56,1776370996000
1776370997.674,197.674,0.12,0.13,0.87,0.88,0.01,0.01,75222.56,1776370996000
1776370998.038,198.038,0.12,0.13,0.87,0.88,0.01,0.01,75220.92,1776370997000
1776370998.46,198.46,0.12,0.13,0.87,0.88,0.01,0.01,75220.92,1776370997000
1776370998.972,198.972,0.12,0.13,0.87,0.88,0.01,0.01,75220.92,1776370997000
1776370999.363,199.363,0.11,0.12,0.87,0.88,0.01,0.01,75215.95,1776370998000
1776370999.711,199.711,0.11,0.12,0.88,0.89,0.01,0.01,75215.95,1776370998000
1776371000.984,200.984,0.11,0.12,0.88,0.89,0.01,0.01,75214.68,1776371000000
1776371001.628,201.628,0.11,0.12,0.88,0.89,0.01,0.01,75214.68,1776371000000
1776371002.017,202.017,0.11,0.12,0.88,0.89,0.01,0.01,75213.82,1776371001000
1776371002.401,202.401,0.11,0.12,0.88,0.89,0.01,0.01,75213.82,1776371001000
1776371002.785,202.785,0.11,0.12,0.88,0.89,0.01,0.01,75213.82,1776371001000
1776371003.177,203.177,0.11,0.12,0.88,0.89,0.01,0.01,75213.8,1776371002000
1776371003.584,203.584,0.11,0.12,0.88,0.89,0.01,0.01,75213.8,1776371002000
1776371004.16,204.16,0.1,0.11,0.89,0.9,0.01,0.01,75213.73,1776371003000
1776371004.565,204.565,0.09,0.11,0.89,0.9,0.02,0.01,75213.73,1776371003000
1776371005.088,205.088,0.08,0.09,0.89,0.92,0.01,0.03,75213.73,1776371003000
1776371005.459,205.459,0.07,0.08,0.92,0.93,0.01,0.01,75207.61,1776371004000
1776371005.879,205.879,0.07,0.08,0.92,0.93,0.01,0.01,75207.61,1776371004000
1776371006.641,206.641,0.07,0.08,0.92,0.93,0.01,0.01,75207.61,1776371005000
1776371007.035,207.035,0.07,0.08,0.92,0.93,0.01,0.01,75207.61,1776371005000
1776371007.482,207.482,0.07,0.08,0.92,0.93,0.01,0.01,75201.8,1776371006000
1776371008.095,208.095,0.07,0.08,0.92,0.93,0.01,0.01,75201.8,1776371006000
1776371008.592,208.592,0.07,0.08,0.92,0.93,0.01,0.01,75201.8,1776371007000
1776371009.246,209.246,0.07,0.08,0.92,0.93,0.01,0.01,75202.04,1776371008000
1776371010.03,210.03,0.07,0.08,0.92,0.93,0.01,0.01,75202.04,1776371008000
1776371010.404,210.404,0.07,0.08,0.92,0.93,0.01,0.01,75202.04,1776371008000
1776371010.784,210.784,0.07,0.08,0.92,0.93,0.01,0.01,75203.42,1776371009000
1776371011.133,211.133,0.07,0.08,0.92,0.93,0.01,0.01,75203.42,1776371010000
1776371012.028,212.028,0.06,0.07,0.93,0.94,0.01,0.01,75203.42,1776371010000
1776371012.385,212.385,0.06,0.07,0.93,0.94,0.01,0.01,75202.59,1776371011000
1776371012.896,212.896,0.06,0.07,0.93,0.94,0.01,0.01,75202.31,1776371012000
1776371013.277,213.277,0.06,0.07,0.93,0.94,0.01,0.01,75202.31,1776371012000
1776371013.665,213.665,0.05,0.06,0.94,0.95,0.01,0.01,75202.31,1776371012000
1776371014.109,214.109,0.05,0.06,0.94,0.95,0.01,0.01,75202.31,1776371013000
1776371014.458,214.458,0.05,0.06,0.94,0.95,0.01,0.01,75202.31,1776371013000
1776371014.905,214.905,0.05,0.06,0.94,0.95,0.01,0.01,75202.31,1776371013000
1776371015.244,215.244,0.05,0.06,0.94,0.95,0.01,0.01,75202.31,1776371013000
1776371016.225,216.225,0.05,0.06,0.94,0.95,0.01,0.01,75202.3,1776371014000
1776371017.059,217.059,0.05,0.06,0.94,0.95,0.01,0.01,75202.3,1776371015000
1776371017.453,217.453,0.05,0.06,0.94,0.95,0.01,0.01,75202.3,1776371016000
1776371018.061,218.061,0.05,0.06,0.94,0.95,0.01,0.01,75202.3,1776371016000
1776371018.471,218.471,0.05,0.06,0.94,0.95,0.01,0.01,75202.31,1776371017000
1776371018.94,218.94,0.05,0.06,0.94,0.95,0.01,0.01,75202.31,1776371018000
1776371019.923,219.923,0.05,0.06,0.94,0.95,0.01,0.01,75202.31,1776371018000
1776371020.403,220.403,0.05,0.06,0.94,0.95,0.01,0.01,75202.31,1776371018000
1776371020.861,220.861,0.05,0.06,0.94,0.95,0.01,0.01,75202.31,1776371019000
1776371021.229,221.229,0.04,0.05,0.95,0.96,0.01,0.01,75202.33,1776371020000
1776371021.66,221.66,0.04,0.05,0.95,0.96,0.01,0.01,75202.33,1776371020000
1776371021.998,221.998,0.04,0.05,0.95,0.96,0.01,0.01,75202.33,1776371020000
1776371022.419,222.419,0.04,0.05,0.95,0.96,0.01,0.01,75202.33,1776371021000
1776371023.0,223.0,0.04,0.05,0.95,0.96,0.01,0.01,75202.33,1776371021000
1776371023.426,223.426,0.04,0.05,0.95,0.96,0.01,0.01,75202.37,1776371022000
1776371023.851,223.851,0.04,0.05,0.95,0.96,0.01,0.01,75202.37,1776371022000
1776371024.329,224.329,0.04,0.05,0.95,0.96,0.01,0.01,75202.37,1776371023000
1776371024.686,224.686,0.04,0.05,0.95,0.96,0.01,0.01,75202.37,1776371023000
1776371025.336,225.336,0.04,0.05,0.95,0.96,0.01,0.01,75202.35,1776371024000
1776371025.799,225.799,0.04,0.05,0.95,0.96,0.01,0.01,75202.35,1776371024000
1776371026.348,226.348,0.04,0.05,0.95,0.96,0.01,0.01,75202.35,1776371025000
1776371026.836,226.836,0.04,0.05,0.95,0.96,0.01,0.01,75202.35,1776371025000
1776371027.197,227.197,0.04,0.05,0.95,0.96,0.01,0.01,75202.46,1776371026000
1776371027.733,227.733,0.04,0.05,0.95,0.96,0.01,0.01,75202.46,1776371026000
1776371028.27,228.27,0.04,0.05,0.95,0.96,0.01,0.01,75202.46,1776371026000
1776371028.929,228.929,0.04,0.05,0.95,0.96,0.01,0.01,75202.46,1776371028000
1776371029.372,229.372,0.04,0.05,0.95,0.96,0.01,0.01,75202.46,1776371028000
1776371029.714,229.714,0.04,0.05,0.95,0.96,0.01,0.01,75202.46,1776371028000
1776371030.09,230.09,0.04,0.05,0.95,0.96,0.01,0.01,75202.5,1776371029000
1776371030.56,230.56,0.04,0.05,0.95,0.96,0.01,0.01,75202.5,1776371029000
1776371030.966,230.966,0.04,0.05,0.95,0.96,0.01,0.01,75202.5,1776371029000
1776371031.328,231.328,0.04,0.05,0.95,0.96,0.01,0.01,75202.04,1776371030000
1776371031.69,231.69,0.03,0.04,0.95,0.97,0.01,0.02,75202.04,1776371030000
1776371032.243,232.243,0.03,0.04,0.96,0.97,0.01,0.01,75202.04,1776371031000
1776371032.741,232.741,0.03,0.04,0.96,0.97,0.01,0.01,75202.04,1776371031000
1776371033.139,233.139,0.03,0.04,0.96,0.97,0.01,0.01,75201.77,1776371032000
1776371033.566,233.566,0.03,0.04,0.96,0.97,0.01,0.01,75201.77,1776371032000
1776371034.107,234.107,0.03,0.04,0.96,0.97,0.01,0.01,75201.77,1776371033000
1776371034.475,234.475,0.05,0.06,0.94,0.95,0.01,0.01,75201.77,1776371033000
1776371034.813,234.813,0.05,0.06,0.94,0.95,0.01,0.01,75201.77,1776371033000
1776371035.409,235.409,0.05,0.06,0.94,0.95,0.01,0.01,75201.77,1776371033000
1776371035.901,235.901,0.05,0.06,0.94,0.95,0.01,0.01,75201.88,1776371034000
1776371036.34,236.34,0.05,0.06,0.94,0.95,0.01,0.01,75201.88,1776371034000
1776371036.978,236.978,0.05,0.06,0.94,0.95,0.01,0.01,75212.42,1776371036000
1776371037.461,237.461,0.05,0.06,0.94,0.95,0.01,0.01,75212.42,1776371036000
1776371038.023,238.023,0.05,0.06,0.94,0.95,0.01,0.01,75212.42,1776371036000
1776371038.357,238.357,0.05,0.06,0.94,0.95,0.01,0.01,75213.48,1776371037000
1776371039.287,239.287,0.05,0.06,0.94,0.95,0.01,0.01,75213.31,1776371038000
1776371039.763,239.763,0.05,0.06,0.94,0.95,0.01,0.01,75213.31,1776371038000
1776371040.457,240.457,0.05,0.06,0.94,0.95,0.01,0.01,75212.49,1776371039000
1776371040.923,240.923,0.05,0.06,0.94,0.95,0.01,0.01,75212.49,1776371040000
1776371041.386,241.386,0.04,0.05,0.95,0.96,0.01,0.01,75212.49,1776371040000
1776371041.764,241.764,0.04,0.05,0.95,0.96,0.01,0.01,75212.49,1776371040000
1776371042.129,242.129,0.04,0.05,0.95,0.96,0.01,0.01,75212.49,1776371041000
1776371042.787,242.787,0.04,0.05,0.95,0.96,0.01,0.01,75212.49,1776371041000
1776371043.234,243.234,0.04,0.05,0.95,0.96,0.01,0.01,75212.49,1776371041000
1776371043.603,243.603,0.04,0.05,0.95,0.96,0.01,0.01,75211.39,1776371042000
1776371044.029,244.029,0.03,0.04,0.95,0.96,0.01,0.01,75211.39,1776371042000
1776371044.445,244.445,0.03,0.04,0.96,0.97,0.01,0.01,75211.21,1776371043000
1776371044.982,244.982,0.03,0.04,0.96,0.97,0.01,0.01,75210.77,1776371044000
1776371045.425,245.425,0.03,0.04,0.96,0.97,0.01,0.01,75210.77,1776371044000
1776371045.87,245.87,0.03,0.04,0.96,0.97,0.01,0.01,75210.77,1776371044000
1776371046.672,246.672,0.03,0.04,0.96,0.97,0.01,0.01,75207.04,1776371045000
1776371047.254,247.254,0.03,0.04,0.96,0.97,0.01,0.01,75206.15,1776371046000
1776371047.751,247.751,0.03,0.04,0.96,0.97,0.01,0.01,75206.15,1776371046000
1776371048.384,248.384,0.03,0.04,0.96,0.97,0.01,0.01,75205.64,1776371047000
1776371048.976,248.976,0.03,0.04,0.96,0.97,0.01,0.01,75206.64,1776371048000
1776371049.572,249.572,0.03,0.04,0.96,0.97,0.01,0.01,75206.64,1776371048000
1776371050.359,250.359,0.03,0.04,0.96,0.97,0.01,0.01,75206.64,1776371048000
1776371050.827,250.827,0.03,0.04,0.96,0.97,0.01,0.01,75206.94,1776371049000
1776371051.174,251.174,0.03,0.04,0.96,0.97,0.01,0.01,75206.94,1776371050000
1776371051.697,251.697,0.03,0.04,0.96,0.97,0.01,0.01,75206.94,1776371050000
1776371052.044,252.044,0.03,0.04,0.96,0.97,0.01,0.01,75206.94,1776371050000
1776371052.484,252.484,0.03,0.04,0.96,0.97,0.01,0.01,75206.94,1776371050000
1776371052.916,252.916,0.03,0.04,0.96,0.97,0.01,0.01,75206.95,1776371051000
1776371053.402,253.402,0.03,0.04,0.96,0.97,0.01,0.01,75206.97,1776371052000
1776371053.88,253.88,0.03,0.04,0.96,0.97,0.01,0.01,75206.97,1776371052000
1776371054.293,254.293,0.03,0.04,0.96,0.97,0.01,0.01,75202.94,1776371053000
1776371054.643,254.643,0.03,0.04,0.96,0.97,0.01,0.01,75202.94,1776371053000
1776371055.151,255.151,0.03,0.04,0.96,0.97,0.01,0.01,75202.94,1776371053000
1776371055.549,255.549,0.03,0.04,0.96,0.97,0.01,0.01,75201.8,1776371054000
1776371055.886,255.886,0.03,0.04,0.96,0.97,0.01,0.01,75201.8,1776371054000
1776371056.253,256.253,0.03,0.04,0.96,0.97,0.01,0.01,75201.8,1776371054000
1776371056.604,256.604,0.03,0.04,0.96,0.97,0.01,0.01,75201.21,1776371055000
1776371056.943,256.943,0.03,0.04,0.96,0.97,0.01,0.01,75201.21,1776371055000
1776371057.385,257.385,0.02,0.03,0.97,0.98,0.01,0.01,75196.7,1776371056000
1776371057.767,257.767,0.02,0.03,0.97,0.98,0.01,0.01,75196.7,1776371056000
1776371058.106,258.106,0.02,0.03,0.97,0.98,0.01,0.01,75196.7,1776371056000
1776371058.548,258.548,0.02,0.03,0.97,0.98,0.01,0.01,75195.15,1776371057000
1776371058.978,258.978,0.02,0.03,0.97,0.98,0.01,0.01,75195.15,1776371057000
1776371059.359,259.359,0.02,0.03,0.97,0.98,0.01,0.01,75195.15,1776371057000
1776371059.705,259.705,0.02,0.03,0.97,0.98,0.01,0.01,75194.4,1776371058000
1776371060.077,260.077,0.02,0.03,0.97,0.98,0.01,0.01,75193.87,1776371059000
1776371060.414,260.414,0.01,0.02,0.97,0.99,0.01,0.02,75193.87,1776371059000
1776371060.757,260.757,0.01,0.02,0.98,0.99,0.01,0.01,75193.87,1776371059000
1776371061.122,261.122,0.01,0.02,0.98,0.99,0.01,0.01,75193.87,1776371059000
1776371061.467,261.467,0.01,0.02,0.98,0.99,0.01,0.01,75193.13,1776371060000
1776371061.847,261.847,0.01,0.02,0.98,0.99,0.01,0.01,75193.13,1776371060000
1776371062.198,262.198,0.01,0.02,0.98,0.99,0.01,0.01,75188.08,1776371061000
1776371062.561,262.561,0.01,0.02,0.98,0.99,0.01,0.01,75188.08,1776371061000
1776371062.904,262.904,0.01,0.02,0.98,0.99,0.01,0.01,75188.08,1776371061000
1776371063.246,263.246,0.01,0.02,0.98,0.99,0.01,0.01,75188.08,1776371061000
1776371063.667,263.667,0.01,0.02,0.98,0.99,0.01,0.01,75182.83,1776371062000
1776371064.064,264.064,0.01,0.02,0.98,0.99,0.01,0.01,75182.83,1776371062000
1776371064.415,264.415,0.01,0.02,0.98,0.99,0.01,0.01,75182.83,1776371062000
1776371064.756,264.756,0.01,0.02,0.98,0.99,0.01,0.01,75180.57,1776371063000
1776371065.122,265.122,0.01,0.02,0.98,0.99,0.01,0.01,75180.57,1776371063000
1776371065.648,265.648,0.01,0.02,0.98,0.99,0.01,0.01,75180.47,1776371064000
1776371066.064,266.064,0.01,0.02,0.98,0.99,0.01,0.01,75180.47,1776371064000
1776371066.528,266.528,0.01,0.02,0.98,0.99,0.01,0.01,75178.49,1776371065000
1776371066.899,266.899,0.01,0.01,0.99,0.99,0.0,0.0,75178.49,1776371065000
1776371067.244,267.244,0.01,0.01,0.99,0.99,0.0,0.0,75178.49,1776371065000
1776371067.602,267.602,0.01,0.01,0.99,0.99,0.0,0.0,75178.49,1776371066000
1776371068.168,268.168,0.01,0.01,0.99,0.99,0.0,0.0,75178.37,1776371067000
1776371069.304,269.304,0.01,0.01,0.99,0.99,0.0,0.0,75176.5,1776371068000
1776371069.735,269.735,0.01,0.01,0.99,0.99,0.0,0.0,75176.5,1776371068000
1776371070.07,270.07,0.01,0.01,0.99,0.99,0.0,0.0,75176.5,1776371069000
1776371070.564,270.564,0.01,0.01,0.99,0.99,0.0,0.0,75176.5,1776371069000
1776371071.117,271.117,0.01,0.01,0.99,0.99,0.0,0.0,75175.06,1776371070000
1776371071.704,271.704,0.01,0.01,0.99,0.99,0.0,0.0,75175.06,1776371070000
1776371072.332,272.332,0.01,0.01,0.99,0.99,0.0,0.0,75172.58,1776371071000
1776371073.109,273.109,0.01,0.01,0.99,0.99,0.0,0.0,75172.58,1776371071000
1776371073.553,273.553,0.01,0.01,0.99,0.99,0.0,0.0,75171.56,1776371072000
1776371074.092,274.092,0.01,0.01,0.99,0.99,0.0,0.0,75172.31,1776371073000
1776371075.183,275.183,0.01,0.01,0.99,0.99,0.0,0.0,75173.55,1776371074000
1776371076.465,276.465,0.01,0.01,0.99,0.99,0.0,0.0,75172.12,1776371075000
1776371077.111,277.111,0.01,0.01,0.99,0.99,0.0,0.0,75173.21,1776371076000
1776371078.234,278.234,0.01,0.01,0.99,0.99,0.0,0.0,75173.16,1776371077000
1776371079.555,279.555,0.01,0.01,0.99,0.99,0.0,0.0,75173.16,1776371078000
1776371080.389,280.389,0.01,0.01,0.99,0.99,0.0,0.0,75173.65,1776371079000
1776371081.396,281.396,0.01,0.01,0.99,0.99,0.0,0.0,75173.16,1776371080000
1776371081.92,281.92,0.01,0.01,0.99,0.99,0.0,0.0,75173.1,1776371081000
1776371082.635,282.635,0.01,0.01,0.99,0.99,0.0,0.0,75173.1,1776371081000
1776371083.398,283.398,0.01,0.01,0.99,0.99,0.0,0.0,75173.08,1776371082000
1776371083.93,283.93,0.01,0.01,0.99,0.99,0.0,0.0,75172.7,1776371083000
1776371084.293,284.293,0.01,0.01,0.99,0.99,0.0,0.0,75172.7,1776371083000
1776371084.947,284.947,0.01,0.01,0.99,0.99,0.0,0.0,75170.84,1776371084000
1776371085.315,285.315,0.01,0.01,0.99,0.99,0.0,0.0,75170.84,1776371084000
1776371085.953,285.953,0.01,0.01,0.99,0.99,0.0,0.0,75177.36,1776371085000
1776371086.64,286.64,0.01,0.01,0.99,0.99,0.0,0.0,75177.36,1776371085000
1776371087.915,287.915,0.01,0.01,0.99,0.99,0.0,0.0,75182.41,1776371087000
1776371088.301,288.301,0.01,0.01,0.99,0.99,0.0,0.0,75182.41,1776371087000
1776371088.701,288.701,0.01,0.01,0.99,0.99,0.0,0.0,75182.41,1776371087000
1776371089.037,289.037,0.01,0.01,0.99,0.99,0.0,0.0,75183.66,1776371088000
1776371089.638,289.638,0.01,0.01,0.99,0.99,0.0,0.0,75183.66,1776371088000
1776371090.3,290.3,0.01,0.01,0.99,0.99,0.0,0.0,75182,1776371089000
1776371090.886,290.886,0.01,0.01,0.99,0.99,0.0,0.0,75182,1776371089000
1776371091.257,291.257,0.01,0.01,0.99,0.99,0.0,0.0,75183.4,1776371090000
1776371091.599,291.599,0.01,0.01,0.99,0.99,0.0,0.0,75183.4,1776371090000
1776371092.065,292.065,0.01,0.01,0.99,0.99,0.0,0.0,75184.05,1776371091000
1776371092.748,292.748,0.01,0.01,0.99,0.99,0.0,0.0,75184.05,1776371091000
1776371093.149,293.149,0.01,0.01,0.99,0.99,0.0,0.0,75192.79,1776371092000
1776371093.544,293.544,0.01,0.01,0.99,0.99,0.0,0.0,75192.79,1776371092000
1776371094.068,294.068,0.01,0.01,0.99,0.99,0.0,0.0,75192.79,1776371092000
1776371094.558,294.558,0.01,0.01,0.99,0.99,0.0,0.0,75204.97,1776371093000
1776371095.04,295.04,0.01,0.01,0.99,0.99,0.0,0.0,75204.97,1776371093000
1776371096.078,296.078,0.01,0.01,0.99,0.99,0.0,0.0,75218.62,1776371095000
1776371096.638,296.638,0.01,0.01,0.99,0.99,0.0,0.0,75218.62,1776371095000
1776371097.06,297.06,0.01,0.01,0.99,0.99,0.0,0.0,75218.51,1776371096000
1776371098.007,298.007,0.01,0.01,0.99,0.99,0.0,0.0,75218.51,1776371097000
1776371098.594,298.594,0.01,0.01,0.99,0.99,0.0,0.0,75218.51,1776371097000
1776371099.039,299.039,0.01,0.01,0.99,0.99,0.0,0.0,75218.51,1776371097000
1776371100.128,300.128,0.01,0.01,0.99,0.99,0.0,0.0,75220.48,1776371099000
1776371100.979,300.979,0.01,0.01,0.99,0.99,0.0,0.0,75220.48,1776371099000
1776371101.964,301.964,0.01,0.01,0.99,0.99,0.0,0.0,75219.38,1776371101000

# RESULT,winner=Down,slug=btc-updown-5m-1776370800,ticks=632
