timestamp,elapsed_sec,up_bid,up_ask,down_bid,down_ask,up_spread,down_spread,btc_price,btc_oracle_ts
1777240200.537,0.537,0.58,0.59,0.41,0.42,0.01,0.01,77976.96,1777240199000
1777240200.883,0.883,0.57,0.58,0.42,0.43,0.01,0.01,77976.96,1777240199000
1777240201.264,1.264,0.55,0.56,0.44,0.45,0.01,0.01,77977.13,1777240200000
1777240201.604,1.604,0.57,0.58,0.42,0.43,0.01,0.01,77977.13,1777240200000
1777240202.136,2.136,0.57,0.58,0.42,0.43,0.01,0.01,77977.13,1777240200000
1777240202.51,2.51,0.55,0.56,0.44,0.45,0.01,0.01,77977.52,1777240201000
1777240202.923,2.923,0.55,0.56,0.44,0.45,0.01,0.01,77977.52,1777240201000
1777240203.562,3.562,0.55,0.56,0.44,0.45,0.01,0.01,77978.23,1777240202000
1777240204.048,4.048,0.55,0.56,0.44,0.45,0.01,0.01,77978.23,1777240202000
1777240204.518,4.518,0.55,0.56,0.44,0.45,0.01,0.01,77978.26,1777240203000
1777240204.94,4.94,0.55,0.57,0.4,0.45,0.02,0.05,77978.26,1777240203000
1777240205.363,5.363,0.56,0.57,0.43,0.45,0.01,0.02,77978.21,1777240204000
1777240205.835,5.835,0.56,0.57,0.43,0.46,0.01,0.03,77978.21,1777240204000
1777240206.197,6.197,0.56,0.57,0.43,0.44,0.01,0.01,77978.22,1777240205000
1777240206.578,6.578,0.56,0.57,0.43,0.44,0.01,0.01,77978.22,1777240205000
1777240207.004,7.004,0.56,0.57,0.43,0.44,0.01,0.01,77978.22,1777240205000
1777240207.383,7.383,0.55,0.56,0.43,0.44,0.01,0.01,77979.65,1777240206000
1777240207.953,7.953,0.55,0.56,0.44,0.45,0.01,0.01,77979.65,1777240206000
1777240208.298,8.298,0.55,0.56,0.44,0.45,0.01,0.01,77979.52,1777240207000
1777240208.735,8.735,0.55,0.57,0.44,0.45,0.02,0.01,77979.52,1777240207000
1777240209.352,9.352,0.56,0.57,0.43,0.44,0.01,0.01,77979.52,1777240207000
1777240210.073,10.073,0.56,0.57,0.43,0.44,0.01,0.01,77979.8,1777240208000
1777240210.596,10.596,0.56,0.57,0.43,0.44,0.01,0.01,77979.89,1777240209000
1777240210.964,10.964,0.56,0.57,0.43,0.44,0.01,0.01,77979.89,1777240209000
1777240211.338,11.338,0.56,0.57,0.43,0.44,0.01,0.01,77979.89,1777240209000
1777240211.785,11.785,0.56,0.57,0.43,0.44,0.01,0.01,77979.95,1777240210000
1777240212.121,12.121,0.56,0.57,0.43,0.44,0.01,0.01,77979.96,1777240211000
1777240212.467,12.467,0.56,0.57,0.43,0.44,0.01,0.01,77979.96,1777240211000
1777240212.87,12.87,0.56,0.57,0.43,0.44,0.01,0.01,77980.02,1777240212000
1777240213.259,13.259,0.56,0.57,0.43,0.44,0.01,0.01,77980.02,1777240212000
1777240213.888,13.888,0.56,0.57,0.43,0.44,0.01,0.01,77980.34,1777240213000
1777240214.291,14.291,0.56,0.57,0.43,0.44,0.01,0.01,77980.34,1777240213000
1777240214.652,14.652,0.57,0.58,0.42,0.43,0.01,0.01,77980.34,1777240213000
1777240215.036,15.036,0.57,0.58,0.42,0.43,0.01,0.01,77980.35,1777240214000
1777240215.417,15.417,0.57,0.58,0.42,0.43,0.01,0.01,77980.35,1777240214000
1777240215.76,15.76,0.57,0.58,0.42,0.43,0.01,0.01,77980.35,1777240214000
1777240216.289,16.289,0.57,0.58,0.42,0.43,0.01,0.01,77980.35,1777240214000
1777240216.678,16.678,0.57,0.58,0.42,0.43,0.01,0.01,77980.49,1777240215000
1777240217.048,17.048,0.58,0.59,0.41,0.42,0.01,0.01,77980.49,1777240215000
1777240217.441,17.441,0.59,0.6,0.4,0.42,0.01,0.02,77980.95,1777240216000
1777240217.908,17.908,0.62,0.63,0.37,0.38,0.01,0.01,77980.95,1777240216000
1777240218.301,18.301,0.62,0.63,0.37,0.38,0.01,0.01,77980.95,1777240217000
1777240218.775,18.775,0.62,0.63,0.37,0.38,0.01,0.01,77980.95,1777240217000
1777240219.291,19.291,0.62,0.63,0.37,0.38,0.01,0.01,77980.95,1777240217000
1777240219.698,19.698,0.63,0.64,0.36,0.37,0.01,0.01,77981.12,1777240218000
1777240220.04,20.04,0.62,0.64,0.36,0.38,0.02,0.02,77981.12,1777240218000
1777240220.379,20.379,0.63,0.64,0.36,0.37,0.01,0.01,77981.46,1777240219000
1777240220.927,20.927,0.62,0.63,0.37,0.38,0.01,0.01,77981.46,1777240219000
1777240221.309,21.309,0.62,0.64,0.37,0.38,0.02,0.01,77981.46,1777240219000
1777240221.674,21.674,0.63,0.64,0.36,0.37,0.01,0.01,77982.79,1777240220000
1777240222.008,22.008,0.63,0.64,0.36,0.37,0.01,0.01,77983.1,1777240221000
1777240222.403,22.403,0.63,0.64,0.36,0.37,0.01,0.01,77983.1,1777240221000
1777240222.813,22.813,0.6,0.62,0.38,0.39,0.02,0.01,77983.1,1777240221000
1777240223.247,23.247,0.59,0.6,0.39,0.41,0.01,0.02,77983.53,1777240222000
1777240223.717,23.717,0.59,0.6,0.4,0.41,0.01,0.01,77983.53,1777240222000
1777240224.222,24.222,0.59,0.6,0.4,0.41,0.01,0.01,77983.59,1777240223000
1777240224.931,24.931,0.62,0.64,0.36,0.41,0.02,0.05,77983.59,1777240223000
1777240225.27,25.27,0.65,0.67,0.33,0.35,0.02,0.02,77983.63,1777240224000
1777240225.64,25.64,0.66,0.67,0.33,0.34,0.01,0.01,77983.63,1777240224000
1777240226.069,26.069,0.66,0.67,0.33,0.34,0.01,0.01,77983.63,1777240224000
1777240226.416,26.416,0.66,0.67,0.33,0.34,0.01,0.01,77985.39,1777240225000
1777240226.854,26.854,0.66,0.67,0.33,0.34,0.01,0.01,77985.39,1777240225000
1777240227.272,27.272,0.65,0.67,0.33,0.35,0.02,0.02,77985.07,1777240226000
1777240227.825,27.825,0.65,0.66,0.34,0.35,0.01,0.01,77985.07,1777240226000
1777240228.17,28.17,0.67,0.68,0.32,0.33,0.01,0.01,77986.4,1777240227000
1777240228.516,28.516,0.68,0.69,0.31,0.32,0.01,0.01,77986.4,1777240227000
1777240228.875,28.875,0.68,0.69,0.31,0.32,0.01,0.01,77986.4,1777240227000
1777240229.226,29.226,0.73,0.74,0.26,0.27,0.01,0.01,77986.42,1777240228000
1777240229.662,29.662,0.73,0.74,0.26,0.27,0.01,0.01,77986.42,1777240228000
1777240230.006,30.006,0.73,0.74,0.26,0.27,0.01,0.01,77986.42,1777240228000
1777240230.345,30.345,0.71,0.74,0.26,0.27,0.03,0.01,77991.54,1777240229000
1777240230.691,30.691,0.69,0.7,0.3,0.31,0.01,0.01,77991.54,1777240229000
1777240231.113,31.113,0.69,0.7,0.3,0.31,0.01,0.01,77991.54,1777240229000
1777240231.519,31.519,0.69,0.7,0.3,0.31,0.01,0.01,77997.17,1777240230000
1777240232.033,32.033,0.69,0.7,0.3,0.31,0.01,0.01,77997.17,1777240230000
1777240232.399,32.399,0.69,0.7,0.3,0.31,0.01,0.01,77997.17,1777240230000
1777240232.774,32.774,0.69,0.7,0.3,0.31,0.01,0.01,77997.17,1777240230000
1777240233.147,33.147,0.69,0.7,0.3,0.31,0.01,0.01,77997.17,1777240230000
1777240233.568,33.568,0.7,0.71,0.29,0.31,0.01,0.02,78006.76,1777240232000
1777240233.955,33.955,0.7,0.71,0.29,0.3,0.01,0.01,78006.76,1777240232000
1777240234.308,34.308,0.7,0.71,0.29,0.3,0.01,0.01,78005.55,1777240233000
1777240234.785,34.785,0.71,0.72,0.28,0.3,0.01,0.02,78005.55,1777240233000
1777240235.126,35.126,0.71,0.72,0.28,0.29,0.01,0.01,78005.55,1777240233000
1777240235.464,35.464,0.71,0.72,0.28,0.29,0.01,0.01,78005.55,1777240233000
1777240235.828,35.828,0.71,0.72,0.28,0.29,0.01,0.01,78005.08,1777240234000
1777240236.276,36.276,0.72,0.73,0.27,0.28,0.01,0.01,78005.25,1777240235000
1777240236.648,36.648,0.72,0.73,0.27,0.28,0.01,0.01,78005.25,1777240235000
1777240236.992,36.992,0.73,0.74,0.26,0.27,0.01,0.01,78005.25,1777240235000
1777240237.928,37.928,0.73,0.74,0.26,0.27,0.01,0.01,78005.68,1777240236000
1777240238.305,38.305,0.73,0.74,0.26,0.27,0.01,0.01,78007.5,1777240237000
1777240238.668,38.668,0.73,0.74,0.26,0.27,0.01,0.01,78007.5,1777240237000
1777240239.03,39.03,0.73,0.74,0.26,0.27,0.01,0.01,78007.5,1777240237000
1777240239.366,39.366,0.73,0.74,0.26,0.27,0.01,0.01,78008.06,1777240238000
1777240240.137,40.137,0.73,0.74,0.26,0.27,0.01,0.01,78008.06,1777240239000
1777240240.714,40.714,0.72,0.73,0.27,0.28,0.01,0.01,78008.06,1777240239000
1777240241.083,41.083,0.72,0.73,0.27,0.28,0.01,0.01,78005.86,1777240240000
1777240241.729,41.729,0.72,0.73,0.27,0.28,0.01,0.01,78005.86,1777240240000
1777240242.297,42.297,0.72,0.73,0.27,0.28,0.01,0.01,78008.06,1777240241000
1777240242.669,42.669,0.72,0.73,0.27,0.28,0.01,0.01,78008.06,1777240241000
1777240243.005,43.005,0.7,0.73,0.27,0.29,0.03,0.02,78008.06,1777240241000
1777240243.365,43.365,0.7,0.72,0.27,0.3,0.02,0.03,78008.07,1777240242000
1777240244.109,44.109,0.7,0.71,0.29,0.3,0.01,0.01,78008.14,1777240243000
1777240244.516,44.516,0.7,0.72,0.28,0.29,0.02,0.01,78008.14,1777240243000
1777240244.986,44.986,0.69,0.7,0.29,0.31,0.01,0.02,78008.14,1777240243000
1777240245.323,45.323,0.69,0.7,0.3,0.31,0.01,0.01,78007.58,1777240244000
1777240245.774,45.774,0.69,0.7,0.3,0.31,0.01,0.01,78007.58,1777240244000
1777240246.218,46.218,0.7,0.71,0.3,0.31,0.01,0.01,78007.58,1777240244000
1777240246.621,46.621,0.7,0.71,0.29,0.3,0.01,0.01,78006.96,1777240245000
1777240247.035,47.035,0.7,0.71,0.29,0.3,0.01,0.01,78006.96,1777240245000
1777240247.426,47.426,0.71,0.72,0.28,0.3,0.01,0.02,78006.95,1777240246000
1777240247.846,47.846,0.71,0.72,0.28,0.29,0.01,0.01,78006.95,1777240246000
1777240248.204,48.204,0.71,0.72,0.28,0.29,0.01,0.01,78006.93,1777240247000
1777240248.974,48.974,0.71,0.72,0.28,0.29,0.01,0.01,78006.93,1777240247000
1777240249.419,49.419,0.71,0.72,0.28,0.29,0.01,0.01,78006.94,1777240248000
1777240249.978,49.978,0.69,0.72,0.28,0.29,0.03,0.01,78006.94,1777240248000
1777240250.444,50.444,0.7,0.71,0.29,0.31,0.01,0.02,78007.07,1777240249000
1777240250.787,50.787,0.7,0.71,0.29,0.3,0.01,0.01,78007.07,1777240249000
1777240251.146,51.146,0.69,0.7,0.3,0.31,0.01,0.01,78007.07,1777240249000
1777240251.499,51.499,0.64,0.65,0.34,0.35,0.01,0.01,78006.72,1777240250000
1777240252.001,52.001,0.64,0.65,0.35,0.36,0.01,0.01,78006.72,1777240250000
1777240252.553,52.553,0.64,0.65,0.35,0.36,0.01,0.01,78005.21,1777240251000
1777240252.95,52.95,0.64,0.65,0.35,0.36,0.01,0.01,78005.21,1777240251000
1777240253.284,53.284,0.61,0.62,0.38,0.39,0.01,0.01,78003.87,1777240252000
1777240253.622,53.622,0.61,0.62,0.38,0.39,0.01,0.01,78003.87,1777240252000
1777240253.959,53.959,0.61,0.62,0.38,0.39,0.01,0.01,78003.87,1777240252000
1777240254.342,54.342,0.61,0.62,0.38,0.39,0.01,0.01,78002.2,1777240253000
1777240254.866,54.866,0.61,0.62,0.38,0.39,0.01,0.01,78002.2,1777240253000
1777240255.409,55.409,0.6,0.61,0.38,0.4,0.01,0.02,77998.46,1777240254000
1777240255.907,55.907,0.58,0.59,0.41,0.42,0.01,0.01,77998.46,1777240254000
1777240256.771,56.771,0.56,0.57,0.41,0.44,0.01,0.03,77995.59,1777240255000
1777240257.249,57.249,0.56,0.57,0.43,0.44,0.01,0.01,77994.97,1777240256000
1777240257.692,57.692,0.56,0.57,0.43,0.44,0.01,0.01,77994.97,1777240256000
1777240258.036,58.036,0.56,0.57,0.43,0.44,0.01,0.01,77994.97,1777240256000
1777240258.648,58.648,0.56,0.57,0.43,0.44,0.01,0.01,77993.38,1777240257000
1777240259.117,59.117,0.55,0.57,0.43,0.45,0.02,0.02,77991.56,1777240258000
1777240259.492,59.492,0.55,0.56,0.44,0.45,0.01,0.01,77991.56,1777240258000
1777240259.914,59.914,0.55,0.56,0.44,0.45,0.01,0.01,77991.56,1777240258000
1777240260.477,60.477,0.55,0.56,0.44,0.45,0.01,0.01,77991.49,1777240259000
1777240260.815,60.815,0.55,0.56,0.44,0.45,0.01,0.01,77991.49,1777240259000
1777240261.198,61.198,0.54,0.55,0.45,0.46,0.01,0.01,77988.74,1777240260000
1777240261.579,61.579,0.54,0.55,0.45,0.46,0.01,0.01,77988.74,1777240260000
1777240261.994,61.994,0.54,0.55,0.45,0.46,0.01,0.01,77987.65,1777240261000
1777240262.477,62.477,0.55,0.56,0.44,0.45,0.01,0.01,77987.65,1777240261000
1777240262.9,62.9,0.55,0.56,0.44,0.45,0.01,0.01,77985.65,1777240262000
1777240263.243,63.243,0.55,0.56,0.44,0.45,0.01,0.01,77985.65,1777240262000
1777240263.641,63.641,0.55,0.56,0.44,0.45,0.01,0.01,77985.65,1777240262000
1777240264.002,64.002,0.55,0.56,0.44,0.45,0.01,0.01,77985.65,1777240262000
1777240264.386,64.386,0.55,0.56,0.44,0.45,0.01,0.01,77985.37,1777240263000
1777240264.754,64.754,0.56,0.57,0.43,0.44,0.01,0.01,77985.37,1777240263000
1777240265.11,65.11,0.54,0.55,0.45,0.46,0.01,0.01,77984.59,1777240264000
1777240265.454,65.454,0.53,0.54,0.46,0.47,0.01,0.01,77984.59,1777240264000
1777240265.854,65.854,0.53,0.54,0.46,0.47,0.01,0.01,77984.59,1777240264000
1777240266.261,66.261,0.53,0.54,0.46,0.47,0.01,0.01,77983.76,1777240265000
1777240266.628,66.628,0.53,0.54,0.46,0.47,0.01,0.01,77983.76,1777240265000
1777240267.116,67.116,0.53,0.54,0.46,0.47,0.01,0.01,77982.89,1777240266000
1777240267.786,67.786,0.53,0.54,0.46,0.47,0.01,0.01,77982.89,1777240266000
1777240268.131,68.131,0.53,0.54,0.46,0.47,0.01,0.01,77983.17,1777240267000
1777240268.465,68.465,0.53,0.54,0.46,0.47,0.01,0.01,77983.17,1777240267000
1777240268.813,68.813,0.53,0.54,0.46,0.47,0.01,0.01,77983.17,1777240267000
1777240269.179,69.179,0.53,0.54,0.46,0.47,0.01,0.01,77982.6,1777240268000
1777240269.874,69.874,0.53,0.54,0.46,0.47,0.01,0.01,77982.6,1777240268000
1777240270.242,70.242,0.53,0.54,0.46,0.47,0.01,0.01,77980.66,1777240269000
1777240270.687,70.687,0.52,0.54,0.46,0.47,0.02,0.01,77980.66,1777240269000
1777240271.222,71.222,0.52,0.53,0.47,0.48,0.01,0.01,77980.66,1777240269000
1777240271.846,71.846,0.52,0.53,0.47,0.48,0.01,0.01,77980.44,1777240270000
1777240272.277,72.277,0.52,0.53,0.47,0.48,0.01,0.01,77980.36,1777240271000
1777240272.971,72.971,0.52,0.53,0.47,0.48,0.01,0.01,77980.36,1777240271000
1777240273.305,73.305,0.52,0.53,0.47,0.48,0.01,0.01,77980.36,1777240272000
1777240273.726,73.726,0.52,0.53,0.47,0.48,0.01,0.01,77980.36,1777240272000
1777240274.353,74.353,0.52,0.53,0.47,0.48,0.01,0.01,77980.36,1777240273000
1777240274.689,74.689,0.52,0.53,0.47,0.48,0.01,0.01,77980.36,1777240273000
1777240275.278,75.278,0.52,0.53,0.47,0.48,0.01,0.01,77980.36,1777240274000
1777240275.641,75.641,0.52,0.53,0.47,0.48,0.01,0.01,77980.36,1777240274000
1777240276.09,76.09,0.52,0.53,0.47,0.48,0.01,0.01,77980.44,1777240275000
1777240276.433,76.433,0.52,0.53,0.47,0.48,0.01,0.01,77980.44,1777240275000
1777240276.882,76.882,0.52,0.53,0.47,0.48,0.01,0.01,77980.44,1777240275000
1777240277.625,77.625,0.52,0.53,0.47,0.48,0.01,0.01,77980.62,1777240276000
1777240278.174,78.174,0.52,0.53,0.47,0.48,0.01,0.01,77980.62,1777240277000
1777240278.654,78.654,0.52,0.53,0.47,0.48,0.01,0.01,77980.62,1777240277000
1777240279.012,79.012,0.52,0.53,0.47,0.48,0.01,0.01,77980.62,1777240277000
1777240279.373,79.373,0.52,0.53,0.47,0.48,0.01,0.01,77980.4,1777240278000
1777240279.767,79.767,0.52,0.53,0.47,0.48,0.01,0.01,77980.4,1777240278000
1777240280.224,80.224,0.52,0.55,0.47,0.48,0.03,0.01,77980.4,1777240278000
1777240280.644,80.644,0.54,0.55,0.45,0.46,0.01,0.01,77979.92,1777240279000
1777240281.086,81.086,0.53,0.54,0.46,0.47,0.01,0.01,77979.92,1777240279000
1777240281.465,81.465,0.53,0.54,0.46,0.47,0.01,0.01,77979.65,1777240280000
1777240281.887,81.887,0.53,0.54,0.46,0.47,0.01,0.01,77979.63,1777240281000
1777240282.612,82.612,0.53,0.54,0.46,0.47,0.01,0.01,77979.63,1777240281000
1777240282.953,82.953,0.53,0.54,0.46,0.47,0.01,0.01,77979.64,1777240282000
1777240283.309,83.309,0.53,0.54,0.46,0.47,0.01,0.01,77979.64,1777240282000
1777240283.925,83.925,0.53,0.54,0.46,0.47,0.01,0.01,77979.64,1777240282000
1777240284.683,84.683,0.53,0.54,0.46,0.47,0.01,0.01,77979.48,1777240283000
1777240285.174,85.174,0.53,0.54,0.46,0.47,0.01,0.01,77979.17,1777240284000
1777240285.725,85.725,0.53,0.54,0.46,0.47,0.01,0.01,77979.17,1777240284000
1777240286.102,86.102,0.52,0.53,0.46,0.48,0.01,0.02,77979.17,1777240284000
1777240286.626,86.626,0.52,0.53,0.47,0.48,0.01,0.01,77979.17,1777240285000
1777240287.137,87.137,0.52,0.53,0.47,0.48,0.01,0.01,77979.17,1777240285000
1777240287.505,87.505,0.52,0.53,0.47,0.48,0.01,0.01,77979.18,1777240286000
1777240287.976,87.976,0.52,0.53,0.47,0.48,0.01,0.01,77979.18,1777240286000
1777240288.398,88.398,0.52,0.53,0.47,0.48,0.01,0.01,77979.07,1777240287000
1777240288.733,88.733,0.52,0.53,0.47,0.48,0.01,0.01,77979.07,1777240287000
1777240289.074,89.074,0.52,0.53,0.47,0.48,0.01,0.01,77979.07,1777240288000
1777240289.461,89.461,0.52,0.53,0.47,0.48,0.01,0.01,77979.07,1777240288000
1777240289.94,89.94,0.52,0.53,0.47,0.48,0.01,0.01,77979.07,1777240288000
1777240290.322,90.322,0.52,0.53,0.47,0.48,0.01,0.01,77979.07,1777240289000
1777240290.668,90.668,0.52,0.53,0.47,0.48,0.01,0.01,77979.07,1777240289000
1777240291.127,91.127,0.52,0.53,0.47,0.48,0.01,0.01,77979.07,1777240289000
1777240291.477,91.477,0.52,0.53,0.47,0.48,0.01,0.01,77978.73,1777240290000
1777240291.833,91.833,0.52,0.53,0.47,0.48,0.01,0.01,77978.73,1777240290000
1777240292.167,92.167,0.51,0.52,0.48,0.49,0.01,0.01,77978.73,1777240290000
1777240292.575,92.575,0.51,0.52,0.48,0.49,0.01,0.01,77978.73,1777240291000
1777240292.919,92.919,0.51,0.52,0.48,0.49,0.01,0.01,77978.73,1777240291000
1777240293.385,93.385,0.51,0.52,0.48,0.49,0.01,0.01,77978.73,1777240292000
1777240293.822,93.822,0.51,0.52,0.48,0.49,0.01,0.01,77978.73,1777240292000
1777240294.302,94.302,0.51,0.52,0.48,0.49,0.01,0.01,77976.11,1777240293000
1777240295.06,95.06,0.51,0.52,0.48,0.49,0.01,0.01,77976.11,1777240293000
1777240295.438,95.438,0.51,0.52,0.48,0.49,0.01,0.01,77975.23,1777240294000
1777240296.23,96.23,0.51,0.52,0.48,0.49,0.01,0.01,77975.23,1777240294000
1777240296.676,96.676,0.51,0.52,0.48,0.49,0.01,0.01,77974.69,1777240295000
1777240297.033,97.033,0.52,0.53,0.47,0.49,0.01,0.02,77974.85,1777240296000
1777240297.473,97.473,0.52,0.53,0.47,0.48,0.01,0.01,77974.85,1777240296000
1777240297.823,97.823,0.52,0.53,0.47,0.48,0.01,0.01,77974.85,1777240296000
1777240298.159,98.159,0.52,0.53,0.47,0.48,0.01,0.01,77974.85,1777240297000
1777240298.755,98.755,0.52,0.53,0.47,0.48,0.01,0.01,77974.85,1777240297000
1777240299.205,99.205,0.52,0.53,0.47,0.48,0.01,0.01,77974.85,1777240297000
1777240299.874,99.874,0.51,0.52,0.47,0.48,0.01,0.01,77974.85,1777240298000
1777240300.412,100.412,0.51,0.52,0.48,0.49,0.01,0.01,77974.85,1777240298000
1777240300.747,100.747,0.51,0.52,0.48,0.49,0.01,0.01,77974.85,1777240299000
1777240301.243,101.243,0.51,0.52,0.48,0.49,0.01,0.01,77974.85,1777240300000
1777240301.763,101.763,0.54,0.55,0.42,0.49,0.01,0.07,77974.85,1777240300000
1777240302.134,102.134,0.52,0.53,0.47,0.48,0.01,0.01,77974.85,1777240300000
1777240302.516,102.516,0.52,0.53,0.47,0.48,0.01,0.01,77974.15,1777240301000
1777240302.912,102.912,0.52,0.53,0.47,0.48,0.01,0.01,77974.15,1777240301000
1777240303.265,103.265,0.5,0.51,0.49,0.5,0.01,0.01,77974.15,1777240302000
1777240303.633,103.633,0.5,0.51,0.49,0.5,0.01,0.01,77974.15,1777240302000
1777240304.077,104.077,0.5,0.51,0.49,0.5,0.01,0.01,77973.96,1777240303000
1777240304.71,104.71,0.5,0.51,0.49,0.5,0.01,0.01,77973.96,1777240303000
1777240305.358,105.358,0.5,0.51,0.49,0.5,0.01,0.01,77973.89,1777240304000
1777240305.888,105.888,0.51,0.52,0.48,0.5,0.01,0.02,77973.89,1777240304000
1777240306.371,106.371,0.51,0.52,0.48,0.49,0.01,0.01,77971.9,1777240305000
1777240307.342,107.342,0.51,0.52,0.48,0.49,0.01,0.01,77971.56,1777240306000
1777240307.948,107.948,0.51,0.52,0.48,0.49,0.01,0.01,77971.56,1777240306000
1777240308.359,108.359,0.51,0.52,0.48,0.49,0.01,0.01,77971.56,1777240307000
1777240309.141,109.141,0.51,0.52,0.48,0.49,0.01,0.01,77971.56,1777240308000
1777240309.805,109.805,0.5,0.52,0.48,0.49,0.02,0.01,77971.56,1777240308000
1777240310.169,110.169,0.5,0.51,0.49,0.5,0.01,0.01,77971.56,1777240309000
1777240310.522,110.522,0.5,0.51,0.49,0.5,0.01,0.01,77971.56,1777240309000
1777240310.939,110.939,0.5,0.51,0.49,0.5,0.01,0.01,77971.56,1777240309000
1777240311.346,111.346,0.5,0.51,0.49,0.5,0.01,0.01,77971.56,1777240310000
1777240311.776,111.776,0.5,0.51,0.49,0.5,0.01,0.01,77971.56,1777240310000
1777240312.259,112.259,0.5,0.51,0.49,0.5,0.01,0.01,77971.6,1777240311000
1777240312.641,112.641,0.5,0.51,0.49,0.5,0.01,0.01,77971.6,1777240311000
1777240313.028,113.028,0.5,0.51,0.49,0.5,0.01,0.01,77971.6,1777240312000
1777240314.001,114.001,0.5,0.51,0.49,0.5,0.01,0.01,77971.6,1777240312000
1777240314.353,114.353,0.5,0.51,0.49,0.5,0.01,0.01,77971.6,1777240312000
1777240314.914,114.914,0.5,0.51,0.49,0.5,0.01,0.01,77970.55,1777240313000
1777240316.083,116.083,0.5,0.51,0.49,0.5,0.01,0.01,77970.53,1777240315000
1777240316.59,116.59,0.5,0.51,0.49,0.5,0.01,0.01,77970.53,1777240315000
1777240316.944,116.944,0.49,0.5,0.49,0.51,0.01,0.02,77970.53,1777240315000
1777240317.3,117.3,0.47,0.5,0.5,0.51,0.03,0.01,77970.5,1777240316000
1777240317.674,117.674,0.42,0.43,0.57,0.62,0.01,0.05,77970.5,1777240316000
1777240318.114,118.114,0.42,0.43,0.57,0.58,0.01,0.01,77970.5,1777240316000
1777240318.631,118.631,0.41,0.42,0.58,0.59,0.01,0.01,77970.36,1777240317000
1777240319.083,119.083,0.41,0.42,0.58,0.59,0.01,0.01,77970.36,1777240317000
1777240319.443,119.443,0.41,0.42,0.58,0.59,0.01,0.01,77963.52,1777240318000
1777240319.777,119.777,0.41,0.42,0.58,0.59,0.01,0.01,77963.52,1777240318000
1777240320.114,120.114,0.38,0.39,0.61,0.62,0.01,0.01,77961.15,1777240319000
1777240320.477,120.477,0.35,0.36,0.64,0.65,0.01,0.01,77961.15,1777240319000
1777240320.834,120.834,0.35,0.36,0.64,0.65,0.01,0.01,77961.15,1777240319000
1777240321.173,121.173,0.32,0.33,0.67,0.68,0.01,0.01,77958.61,1777240320000
1777240321.544,121.544,0.32,0.33,0.67,0.68,0.01,0.01,77958.61,1777240320000
1777240321.879,121.879,0.32,0.34,0.67,0.68,0.02,0.01,77958.61,1777240320000
1777240322.279,122.279,0.33,0.34,0.66,0.67,0.01,0.01,77958.61,1777240320000
1777240322.688,122.688,0.33,0.34,0.66,0.67,0.01,0.01,77951.05,1777240321000
1777240323.038,123.038,0.31,0.32,0.68,0.69,0.01,0.01,77951.05,1777240321000
1777240323.39,123.39,0.31,0.32,0.68,0.69,0.01,0.01,77951.05,1777240321000
1777240323.791,123.791,0.31,0.32,0.68,0.69,0.01,0.01,77949.78,1777240322000
1777240324.255,124.255,0.31,0.32,0.68,0.69,0.01,0.01,77948.35,1777240323000
1777240324.81,124.81,0.3,0.31,0.69,0.7,0.01,0.01,77948.35,1777240323000
1777240325.182,125.182,0.3,0.31,0.69,0.7,0.01,0.01,77944.96,1777240324000
1777240325.644,125.644,0.3,0.31,0.69,0.7,0.01,0.01,77944.96,1777240324000
1777240326.156,126.156,0.31,0.32,0.68,0.69,0.01,0.01,77944.96,1777240324000
1777240326.611,126.611,0.31,0.32,0.68,0.69,0.01,0.01,77944.51,1777240325000
1777240327.032,127.032,0.3,0.32,0.68,0.69,0.02,0.01,77944.51,1777240325000
1777240327.399,127.399,0.3,0.31,0.69,0.7,0.01,0.01,77944.51,1777240326000
1777240327.765,127.765,0.29,0.3,0.7,0.71,0.01,0.01,77944.51,1777240326000
1777240328.279,128.279,0.29,0.3,0.7,0.71,0.01,0.01,77944.51,1777240326000
1777240328.681,128.681,0.29,0.3,0.7,0.71,0.01,0.01,77944.52,1777240327000
1777240329.148,129.148,0.29,0.3,0.7,0.71,0.01,0.01,77944.52,1777240327000
1777240329.516,129.516,0.31,0.32,0.67,0.7,0.01,0.03,77944.31,1777240328000
1777240329.92,129.92,0.31,0.32,0.68,0.69,0.01,0.01,77944.31,1777240328000
1777240330.345,130.345,0.29,0.3,0.7,0.71,0.01,0.01,77943.11,1777240329000
1777240330.888,130.888,0.3,0.31,0.69,0.7,0.01,0.01,77943.11,1777240329000
1777240331.237,131.237,0.27,0.28,0.69,0.73,0.01,0.04,77943.11,1777240329000
1777240331.697,131.697,0.27,0.29,0.71,0.73,0.02,0.02,77943.22,1777240330000
1777240332.046,132.046,0.27,0.28,0.72,0.73,0.01,0.01,77943.22,1777240331000
1777240332.545,132.545,0.26,0.27,0.73,0.74,0.01,0.01,77943.22,1777240331000
1777240332.92,132.92,0.26,0.27,0.73,0.74,0.01,0.01,77943.22,1777240331000
1777240333.297,133.297,0.26,0.27,0.73,0.74,0.01,0.01,77943.12,1777240332000
1777240333.754,133.754,0.28,0.29,0.71,0.72,0.01,0.01,77943.12,1777240332000
1777240334.092,134.092,0.28,0.29,0.71,0.72,0.01,0.01,77943.12,1777240332000
1777240334.44,134.44,0.27,0.29,0.71,0.72,0.02,0.01,77943.05,1777240333000
1777240334.792,134.792,0.27,0.28,0.72,0.73,0.01,0.01,77943.05,1777240333000
1777240335.145,135.145,0.38,0.39,0.61,0.66,0.01,0.05,77942.64,1777240334000
1777240335.481,135.481,0.39,0.4,0.6,0.61,0.01,0.01,77942.64,1777240334000
1777240335.816,135.816,0.46,0.48,0.52,0.54,0.02,0.02,77942.64,1777240334000
1777240336.15,136.15,0.47,0.48,0.52,0.53,0.01,0.01,77942.1,1777240335000
1777240336.526,136.526,0.47,0.48,0.52,0.53,0.01,0.01,77942.1,1777240335000
1777240336.868,136.868,0.47,0.48,0.52,0.53,0.01,0.01,77942.1,1777240335000
1777240337.26,137.26,0.47,0.48,0.52,0.53,0.01,0.01,77951.18,1777240336000
1777240337.717,137.717,0.47,0.48,0.52,0.53,0.01,0.01,77951.18,1777240336000
1777240338.156,138.156,0.47,0.48,0.52,0.53,0.01,0.01,77960.17,1777240337000
1777240338.562,138.562,0.47,0.49,0.52,0.53,0.02,0.01,77960.17,1777240337000
1777240338.932,138.932,0.48,0.49,0.51,0.52,0.01,0.01,77960.17,1777240337000
1777240339.375,139.375,0.47,0.48,0.52,0.53,0.01,0.01,77963.62,1777240338000
1777240339.762,139.762,0.47,0.48,0.52,0.53,0.01,0.01,77963.62,1777240338000
1777240340.342,140.342,0.48,0.49,0.51,0.52,0.01,0.01,77964.3,1777240339000
1777240340.828,140.828,0.47,0.48,0.52,0.53,0.01,0.01,77964.3,1777240339000
1777240341.278,141.278,0.47,0.49,0.52,0.53,0.02,0.01,77963.88,1777240340000
1777240341.627,141.627,0.48,0.49,0.51,0.53,0.01,0.02,77963.88,1777240340000
1777240342.08,142.08,0.48,0.49,0.51,0.52,0.01,0.01,77964.32,1777240341000
1777240342.522,142.522,0.48,0.49,0.51,0.53,0.01,0.02,77964.32,1777240341000
1777240342.976,142.976,0.47,0.48,0.52,0.53,0.01,0.01,77964.32,1777240342000
1777240343.366,143.366,0.47,0.48,0.52,0.53,0.01,0.01,77964.32,1777240342000
1777240343.714,143.714,0.48,0.49,0.51,0.53,0.01,0.02,77964.32,1777240342000
1777240344.059,144.059,0.47,0.48,0.51,0.52,0.01,0.01,77964.32,1777240342000
1777240344.434,144.434,0.47,0.5,0.5,0.53,0.03,0.03,77964.23,1777240343000
1777240344.93,144.93,0.47,0.48,0.51,0.53,0.01,0.02,77964.23,1777240343000
1777240345.268,145.268,0.47,0.48,0.52,0.53,0.01,0.01,77964.22,1777240344000
1777240346.153,146.153,0.47,0.48,0.52,0.53,0.01,0.01,77964.29,1777240345000
1777240346.49,146.49,0.47,0.48,0.52,0.53,0.01,0.01,77964.29,1777240345000
1777240346.979,146.979,0.51,0.52,0.48,0.51,0.01,0.03,77964.29,1777240345000
1777240347.382,147.382,0.51,0.52,0.48,0.49,0.01,0.01,77964.3,1777240346000
1777240348.055,148.055,0.51,0.52,0.48,0.49,0.01,0.01,77964.3,1777240346000
1777240348.436,148.436,0.53,0.54,0.46,0.47,0.01,0.01,77964.3,1777240346000
1777240348.782,148.782,0.53,0.54,0.46,0.47,0.01,0.01,77964.17,1777240347000
1777240349.148,149.148,0.53,0.54,0.46,0.47,0.01,0.01,77964.17,1777240347000
1777240349.507,149.507,0.53,0.54,0.46,0.47,0.01,0.01,77965.69,1777240348000
1777240349.921,149.921,0.52,0.53,0.46,0.48,0.01,0.02,77965.69,1777240348000
1777240350.277,150.277,0.52,0.53,0.47,0.48,0.01,0.01,77965.69,1777240348000
1777240350.718,150.718,0.52,0.53,0.47,0.48,0.01,0.01,77965.94,1777240349000
1777240351.338,151.338,0.51,0.53,0.47,0.49,0.02,0.02,77966.37,1777240350000
1777240351.775,151.775,0.52,0.53,0.47,0.48,0.01,0.01,77966.37,1777240350000
1777240352.12,152.12,0.52,0.54,0.46,0.48,0.02,0.02,77966.75,1777240351000
1777240352.469,152.469,0.53,0.54,0.46,0.47,0.01,0.01,77966.75,1777240351000
1777240352.838,152.838,0.53,0.54,0.46,0.47,0.01,0.01,77966.75,1777240351000
1777240353.25,153.25,0.52,0.54,0.46,0.48,0.02,0.02,77967.07,1777240352000
1777240353.652,153.652,0.52,0.53,0.47,0.48,0.01,0.01,77967.07,1777240352000
1777240353.988,153.988,0.52,0.53,0.47,0.48,0.01,0.01,77967.07,1777240352000
1777240354.397,154.397,0.51,0.53,0.47,0.48,0.02,0.01,77967.07,1777240352000
1777240354.779,154.779,0.51,0.52,0.47,0.49,0.01,0.02,77967.11,1777240353000
1777240355.226,155.226,0.51,0.52,0.48,0.49,0.01,0.01,77967.11,1777240354000
1777240355.639,155.639,0.5,0.52,0.48,0.49,0.02,0.01,77967.11,1777240354000
1777240356.018,156.018,0.5,0.51,0.49,0.5,0.01,0.01,77967.11,1777240354000
1777240356.363,156.363,0.5,0.51,0.49,0.5,0.01,0.01,77966.94,1777240355000
1777240356.968,156.968,0.5,0.51,0.49,0.5,0.01,0.01,77966.95,1777240356000
1777240357.765,157.765,0.5,0.51,0.49,0.5,0.01,0.01,77966.95,1777240356000
1777240358.418,158.418,0.5,0.51,0.49,0.5,0.01,0.01,77966.95,1777240356000
1777240359.145,159.145,0.5,0.51,0.49,0.5,0.01,0.01,77967.4,1777240357000
1777240360.129,160.129,0.49,0.5,0.49,0.5,0.01,0.01,77967.4,1777240358000
1777240360.505,160.505,0.49,0.5,0.5,0.51,0.01,0.01,77967.4,1777240359000
1777240361.031,161.031,0.49,0.5,0.5,0.51,0.01,0.01,77967.53,1777240360000
1777240361.419,161.419,0.49,0.5,0.5,0.51,0.01,0.01,77967.53,1777240360000
1777240361.842,161.842,0.49,0.5,0.5,0.51,0.01,0.01,77967.53,1777240360000
1777240362.366,162.366,0.49,0.5,0.5,0.51,0.01,0.01,77967.53,1777240361000
1777240363.332,163.332,0.49,0.5,0.5,0.51,0.01,0.01,77967.42,1777240362000
1777240364.5,164.5,0.49,0.5,0.5,0.51,0.01,0.01,77968.34,1777240363000
1777240365.114,165.114,0.5,0.51,0.49,0.5,0.01,0.01,77968.34,1777240364000
1777240365.858,165.858,0.51,0.52,0.48,0.49,0.01,0.01,77968.34,1777240364000
1777240366.249,166.249,0.51,0.52,0.48,0.49,0.01,0.01,77968.34,1777240364000
1777240366.64,166.64,0.5,0.51,0.49,0.5,0.01,0.01,77968.34,1777240365000
1777240367.073,167.073,0.5,0.51,0.49,0.5,0.01,0.01,77968.34,1777240365000
1777240367.434,167.434,0.5,0.51,0.49,0.5,0.01,0.01,77968.36,1777240366000
1777240367.905,167.905,0.49,0.5,0.5,0.51,0.01,0.01,77968.36,1777240366000
1777240368.625,168.625,0.49,0.5,0.5,0.51,0.01,0.01,77968.35,1777240367000
1777240368.965,168.965,0.49,0.5,0.5,0.51,0.01,0.01,77968.35,1777240367000
1777240369.304,169.304,0.5,0.51,0.49,0.5,0.01,0.01,77968.45,1777240368000
1777240369.691,169.691,0.52,0.53,0.47,0.5,0.01,0.03,77968.45,1777240368000
1777240370.039,170.039,0.52,0.53,0.47,0.48,0.01,0.01,77968.45,1777240368000
1777240370.394,170.394,0.51,0.52,0.48,0.49,0.01,0.01,77968.45,1777240369000
1777240370.91,170.91,0.51,0.52,0.48,0.49,0.01,0.01,77968.45,1777240369000
1777240371.373,171.373,0.51,0.52,0.48,0.49,0.01,0.01,77968.45,1777240369000
1777240372.078,172.078,0.5,0.52,0.48,0.5,0.02,0.02,77968.82,1777240371000
1777240372.46,172.46,0.5,0.52,0.48,0.5,0.02,0.02,77968.82,1777240371000
1777240373.128,173.128,0.51,0.52,0.48,0.5,0.01,0.02,77968.82,1777240371000
1777240373.646,173.646,0.51,0.52,0.48,0.49,0.01,0.01,77968.82,1777240371000
1777240374.041,174.041,0.51,0.52,0.48,0.49,0.01,0.01,77969.43,1777240372000
1777240374.499,174.499,0.5,0.52,0.48,0.49,0.02,0.01,77969.43,1777240372000
1777240375.109,175.109,0.52,0.53,0.47,0.48,0.01,0.01,77969.43,1777240373000
1777240375.556,175.556,0.52,0.53,0.47,0.48,0.01,0.01,77969.45,1777240374000
1777240375.899,175.899,0.52,0.53,0.47,0.48,0.01,0.01,77969.45,1777240375000
1777240376.272,176.272,0.51,0.53,0.47,0.48,0.02,0.01,77969.45,1777240375000
1777240376.723,176.723,0.51,0.52,0.47,0.49,0.01,0.02,77969.45,1777240375000
1777240377.125,177.125,0.5,0.52,0.48,0.5,0.02,0.02,77969.45,1777240376000
1777240377.489,177.489,0.51,0.52,0.48,0.49,0.01,0.01,77969.45,1777240376000
1777240378.318,178.318,0.5,0.53,0.49,0.5,0.03,0.01,77969.45,1777240376000
1777240378.785,178.785,0.52,0.53,0.47,0.48,0.01,0.01,77969.45,1777240377000
1777240379.31,179.31,0.51,0.52,0.48,0.49,0.01,0.01,77969.45,1777240378000
1777240380.151,180.151,0.51,0.52,0.48,0.49,0.01,0.01,77969.45,1777240378000
1777240380.521,180.521,0.51,0.52,0.48,0.49,0.01,0.01,77969.46,1777240379000
1777240381.0,181.0,0.51,0.52,0.48,0.49,0.01,0.01,77969.46,1777240379000
1777240381.375,181.375,0.5,0.51,0.49,0.5,0.01,0.01,77969.41,1777240380000
1777240381.712,181.712,0.5,0.51,0.49,0.5,0.01,0.01,77969.41,1777240380000
1777240382.15,182.15,0.5,0.51,0.49,0.5,0.01,0.01,77969.41,1777240380000
1777240382.537,182.537,0.5,0.51,0.49,0.5,0.01,0.01,77969.41,1777240380000
1777240383.184,183.184,0.5,0.51,0.49,0.5,0.01,0.01,77969.41,1777240381000
1777240384.166,184.166,0.5,0.51,0.49,0.5,0.01,0.01,77969.41,1777240383000
1777240384.505,184.505,0.49,0.5,0.5,0.51,0.01,0.01,77969.41,1777240383000
1777240384.882,184.882,0.49,0.5,0.5,0.51,0.01,0.01,77969.41,1777240383000
1777240385.607,185.607,0.51,0.52,0.5,0.51,0.01,0.01,77969.41,1777240383000
1777240385.975,185.975,0.53,0.54,0.46,0.48,0.01,0.02,77969.42,1777240384000
1777240386.32,186.32,0.53,0.54,0.46,0.47,0.01,0.01,77969.38,1777240385000
1777240386.666,186.666,0.59,0.6,0.4,0.41,0.01,0.01,77969.38,1777240385000
1777240387.051,187.051,0.59,0.6,0.4,0.41,0.01,0.01,77969.38,1777240385000
1777240387.554,187.554,0.59,0.6,0.4,0.41,0.01,0.01,77969.38,1777240385000
1777240387.917,187.917,0.59,0.6,0.4,0.41,0.01,0.01,77969.35,1777240386000
1777240388.292,188.292,0.59,0.6,0.4,0.41,0.01,0.01,77969.35,1777240386000
1777240388.669,188.669,0.59,0.6,0.4,0.41,0.01,0.01,77971.58,1777240387000
1777240389.028,189.028,0.59,0.6,0.4,0.41,0.01,0.01,77971.58,1777240387000
1777240389.682,189.682,0.57,0.58,0.41,0.45,0.01,0.04,77973.92,1777240388000
1777240390.037,190.037,0.57,0.58,0.42,0.43,0.01,0.01,77973.92,1777240388000
1777240390.436,190.436,0.57,0.58,0.42,0.43,0.01,0.01,77973.92,1777240388000
1777240390.887,190.887,0.57,0.58,0.42,0.43,0.01,0.01,77976.41,1777240389000
1777240391.255,191.255,0.58,0.59,0.41,0.42,0.01,0.01,77976.41,1777240389000
1777240391.635,191.635,0.64,0.65,0.35,0.36,0.01,0.01,77976.41,1777240389000
1777240391.998,191.998,0.65,0.66,0.34,0.35,0.01,0.01,77976.99,1777240390000
1777240392.333,192.333,0.65,0.66,0.34,0.35,0.01,0.01,77977.0,1777240391000
1777240392.73,192.73,0.65,0.66,0.34,0.35,0.01,0.01,77977.0,1777240391000
1777240393.086,193.086,0.61,0.62,0.38,0.39,0.01,0.01,77977.0,1777240392000
1777240393.435,193.435,0.61,0.62,0.38,0.39,0.01,0.01,77977.0,1777240392000
1777240393.826,193.826,0.61,0.62,0.38,0.39,0.01,0.01,77977.0,1777240392000
1777240394.226,194.226,0.61,0.62,0.38,0.39,0.01,0.01,77977.0,1777240392000
1777240394.591,194.591,0.61,0.62,0.38,0.39,0.01,0.01,77980.77,1777240393000
1777240395.007,195.007,0.56,0.57,0.43,0.45,0.01,0.02,77980.77,1777240393000
1777240395.36,195.36,0.56,0.57,0.43,0.44,0.01,0.01,77980.77,1777240393000
1777240395.73,195.73,0.55,0.56,0.44,0.45,0.01,0.01,77981.37,1777240394000
1777240396.546,196.546,0.55,0.56,0.44,0.45,0.01,0.01,77981.79,1777240395000
1777240396.901,196.901,0.54,0.55,0.45,0.46,0.01,0.01,77981.79,1777240395000
1777240397.249,197.249,0.54,0.55,0.45,0.46,0.01,0.01,77980.95,1777240396000
1777240397.607,197.607,0.54,0.55,0.45,0.46,0.01,0.01,77980.95,1777240396000
1777240397.956,197.956,0.51,0.52,0.48,0.49,0.01,0.01,77980.95,1777240396000
1777240398.289,198.289,0.47,0.49,0.51,0.52,0.02,0.01,77980.95,1777240396000
1777240398.665,198.665,0.47,0.48,0.52,0.53,0.01,0.01,77979.43,1777240397000
1777240399.005,199.005,0.47,0.48,0.52,0.53,0.01,0.01,77979.43,1777240397000
1777240399.556,199.556,0.44,0.45,0.52,0.53,0.01,0.01,77979.43,1777240398000
1777240400.026,200.026,0.44,0.45,0.55,0.56,0.01,0.01,77979.43,1777240398000
1777240400.401,200.401,0.44,0.45,0.55,0.56,0.01,0.01,77979.43,1777240398000
1777240400.772,200.772,0.44,0.45,0.55,0.56,0.01,0.01,77974.58,1777240399000
1777240401.299,201.299,0.44,0.45,0.55,0.56,0.01,0.01,77974.58,1777240399000
1777240401.669,201.669,0.44,0.45,0.55,0.56,0.01,0.01,77972.77,1777240400000
1777240402.008,202.008,0.44,0.45,0.55,0.56,0.01,0.01,77972.77,1777240400000
1777240402.369,202.369,0.44,0.45,0.55,0.56,0.01,0.01,77972.77,1777240400000
1777240402.738,202.738,0.44,0.45,0.55,0.56,0.01,0.01,77971.1,1777240401000
1777240403.12,203.12,0.44,0.45,0.55,0.56,0.01,0.01,77971.1,1777240401000
1777240403.493,203.493,0.37,0.45,0.55,0.56,0.08,0.01,77970.08,1777240402000
1777240403.851,203.851,0.4,0.41,0.59,0.6,0.01,0.01,77970.08,1777240402000
1777240404.218,204.218,0.38,0.39,0.61,0.62,0.01,0.01,77970.08,1777240402000
1777240404.598,204.598,0.38,0.39,0.61,0.62,0.01,0.01,77967.34,1777240403000
1777240404.946,204.946,0.37,0.39,0.61,0.62,0.02,0.01,77967.34,1777240403000
1777240405.419,205.419,0.37,0.38,0.62,0.63,0.01,0.01,77966.67,1777240404000
1777240406.152,206.152,0.37,0.38,0.62,0.63,0.01,0.01,77966.67,1777240404000
1777240406.592,206.592,0.35,0.36,0.62,0.66,0.01,0.04,77966.67,1777240404000
1777240407.039,207.039,0.35,0.36,0.64,0.65,0.01,0.01,77966.54,1777240405000
1777240407.393,207.393,0.35,0.36,0.64,0.65,0.01,0.01,77965.49,1777240406000
1777240407.82,207.82,0.35,0.36,0.64,0.65,0.01,0.01,77965.49,1777240406000
1777240408.484,208.484,0.35,0.36,0.64,0.65,0.01,0.01,77965.49,1777240406000
1777240408.827,208.827,0.36,0.37,0.63,0.64,0.01,0.01,77965.49,1777240406000
1777240409.172,209.172,0.37,0.38,0.62,0.63,0.01,0.01,77965.49,1777240406000
1777240409.696,209.696,0.37,0.38,0.62,0.63,0.01,0.01,77964.59,1777240408000
1777240410.148,210.148,0.37,0.38,0.62,0.63,0.01,0.01,77964.59,1777240408000
1777240410.482,210.482,0.28,0.29,0.71,0.72,0.01,0.01,77964.46,1777240409000
1777240410.829,210.829,0.27,0.28,0.71,0.73,0.01,0.02,77964.46,1777240409000
1777240411.248,211.248,0.27,0.28,0.72,0.73,0.01,0.01,77964.46,1777240410000
1777240411.605,211.605,0.27,0.28,0.72,0.73,0.01,0.01,77964.46,1777240410000
1777240412.025,212.025,0.27,0.28,0.72,0.73,0.01,0.01,77964.46,1777240410000
1777240412.385,212.385,0.28,0.29,0.71,0.73,0.01,0.02,77961.46,1777240411000
1777240412.901,212.901,0.28,0.29,0.71,0.72,0.01,0.01,77961.46,1777240411000
1777240413.302,213.302,0.28,0.29,0.71,0.72,0.01,0.01,77961.37,1777240412000
1777240413.791,213.791,0.28,0.29,0.71,0.72,0.01,0.01,77961.37,1777240412000
1777240414.15,214.15,0.27,0.28,0.72,0.73,0.01,0.01,77961.05,1777240413000
1777240414.582,214.582,0.3,0.31,0.69,0.7,0.01,0.01,77961.05,1777240413000
1777240414.929,214.929,0.28,0.29,0.71,0.72,0.01,0.01,77961.05,1777240413000
1777240415.266,215.266,0.16,0.19,0.81,0.84,0.03,0.03,77960.6,1777240414000
1777240415.604,215.604,0.16,0.17,0.83,0.84,0.01,0.01,77960.6,1777240414000
1777240415.955,215.955,0.15,0.16,0.84,0.85,0.01,0.01,77960.6,1777240414000
1777240416.318,216.318,0.14,0.15,0.84,0.86,0.01,0.02,77960.6,1777240414000
1777240416.674,216.674,0.14,0.15,0.85,0.86,0.01,0.01,77960.36,1777240415000
1777240417.018,217.018,0.13,0.14,0.86,0.87,0.01,0.01,77944.96,1777240416000
1777240417.388,217.388,0.13,0.14,0.86,0.87,0.01,0.01,77944.96,1777240416000
1777240417.754,217.754,0.13,0.14,0.86,0.87,0.01,0.01,77944.96,1777240416000
1777240418.185,218.185,0.13,0.14,0.86,0.87,0.01,0.01,77938.89,1777240417000
1777240418.536,218.536,0.12,0.13,0.87,0.88,0.01,0.01,77938.89,1777240417000
1777240418.919,218.919,0.12,0.13,0.87,0.88,0.01,0.01,77938.89,1777240417000
1777240419.291,219.291,0.12,0.13,0.87,0.88,0.01,0.01,77938.89,1777240417000
1777240419.698,219.698,0.1,0.11,0.87,0.9,0.01,0.03,77935.25,1777240418000
1777240420.068,220.068,0.1,0.11,0.89,0.9,0.01,0.01,77935.25,1777240418000
1777240420.42,220.42,0.1,0.11,0.88,0.9,0.01,0.02,77936.11,1777240419000
1777240420.83,220.83,0.11,0.12,0.88,0.89,0.01,0.01,77936.11,1777240419000
1777240421.196,221.196,0.11,0.12,0.88,0.89,0.01,0.01,77936.11,1777240419000
1777240421.538,221.538,0.09,0.1,0.9,0.91,0.01,0.01,77933.17,1777240420000
1777240421.969,221.969,0.09,0.1,0.9,0.91,0.01,0.01,77933.17,1777240420000
1777240422.322,222.322,0.08,0.09,0.9,0.92,0.01,0.02,77930.57,1777240421000
1777240422.662,222.662,0.09,0.1,0.9,0.91,0.01,0.01,77930.57,1777240421000
1777240423.021,223.021,0.08,0.1,0.9,0.92,0.02,0.02,77930.57,1777240421000
1777240423.418,223.418,0.07,0.1,0.9,0.92,0.03,0.02,77929.69,1777240422000
1777240423.776,223.776,0.07,0.08,0.91,0.92,0.01,0.01,77929.69,1777240422000
1777240424.125,224.125,0.07,0.08,0.92,0.93,0.01,0.01,77929.18,1777240423000
1777240424.586,224.586,0.07,0.08,0.92,0.93,0.01,0.01,77929.18,1777240423000
1777240424.965,224.965,0.07,0.08,0.92,0.93,0.01,0.01,77929.18,1777240423000
1777240425.322,225.322,0.08,0.1,0.9,0.92,0.02,0.02,77928.62,1777240424000
1777240425.84,225.84,0.09,0.1,0.9,0.91,0.01,0.01,77928.62,1777240424000
1777240426.208,226.208,0.07,0.1,0.92,0.93,0.03,0.01,77928.62,1777240424000
1777240426.592,226.592,0.11,0.13,0.88,0.91,0.02,0.03,77928.25,1777240425000
1777240426.925,226.925,0.12,0.13,0.87,0.88,0.01,0.01,77928.25,1777240425000
1777240427.277,227.277,0.12,0.13,0.87,0.88,0.01,0.01,77928.17,1777240426000
1777240427.639,227.639,0.12,0.13,0.87,0.88,0.01,0.01,77928.17,1777240426000
1777240428.068,228.068,0.12,0.13,0.87,0.88,0.01,0.01,77928.17,1777240426000
1777240428.417,228.417,0.12,0.13,0.87,0.88,0.01,0.01,77927.58,1777240427000
1777240428.83,228.83,0.12,0.13,0.87,0.88,0.01,0.01,77927.58,1777240427000
1777240429.23,229.23,0.12,0.13,0.87,0.88,0.01,0.01,77928.04,1777240428000
1777240429.724,229.724,0.12,0.13,0.87,0.88,0.01,0.01,77928.04,1777240428000
1777240430.084,230.084,0.12,0.13,0.87,0.88,0.01,0.01,77928.04,1777240428000
1777240430.677,230.677,0.12,0.13,0.87,0.88,0.01,0.01,77928.01,1777240429000
1777240431.077,231.077,0.12,0.13,0.87,0.88,0.01,0.01,77927.99,1777240430000
1777240431.421,231.421,0.11,0.12,0.88,0.89,0.01,0.01,77927.99,1777240430000
1777240431.767,231.767,0.1,0.12,0.89,0.9,0.02,0.01,77927.99,1777240430000
1777240432.112,232.112,0.1,0.11,0.89,0.9,0.01,0.01,77927.52,1777240431000
1777240432.576,232.576,0.11,0.12,0.88,0.9,0.01,0.02,77927.52,1777240431000
1777240432.956,232.956,0.09,0.1,0.9,0.91,0.01,0.01,77927.52,1777240431000
1777240433.307,233.307,0.09,0.1,0.9,0.91,0.01,0.01,77927.52,1777240432000
1777240433.687,233.687,0.09,0.1,0.9,0.91,0.01,0.01,77927.52,1777240432000
1777240434.086,234.086,0.09,0.1,0.9,0.91,0.01,0.01,77927.52,1777240432000
1777240434.456,234.456,0.09,0.1,0.9,0.91,0.01,0.01,77927.65,1777240433000
1777240434.833,234.833,0.09,0.1,0.9,0.91,0.01,0.01,77927.65,1777240433000
1777240435.353,235.353,0.1,0.11,0.89,0.9,0.01,0.01,77928.1,1777240434000
1777240435.798,235.798,0.1,0.11,0.89,0.9,0.01,0.01,77928.1,1777240434000
1777240436.268,236.268,0.1,0.11,0.89,0.9,0.01,0.01,77929.03,1777240435000
1777240436.704,236.704,0.1,0.11,0.89,0.9,0.01,0.01,77929.03,1777240435000
1777240437.279,237.279,0.09,0.1,0.9,0.91,0.01,0.01,77929.03,1777240436000
1777240437.727,237.727,0.09,0.1,0.9,0.91,0.01,0.01,77929.03,1777240436000
1777240438.243,238.243,0.09,0.1,0.9,0.91,0.01,0.01,77929.03,1777240436000
1777240438.668,238.668,0.09,0.12,0.9,0.91,0.03,0.01,77929.37,1777240437000
1777240439.288,239.288,0.11,0.12,0.88,0.89,0.01,0.01,77929.37,1777240437000
1777240439.749,239.749,0.11,0.12,0.88,0.89,0.01,0.01,77929.37,1777240437000
1777240440.129,240.129,0.09,0.1,0.9,0.91,0.01,0.01,77929.47,1777240438000
1777240440.476,240.476,0.07,0.08,0.91,0.94,0.01,0.03,77929.47,1777240439000
1777240440.826,240.826,0.07,0.08,0.92,0.93,0.01,0.01,77929.47,1777240439000
1777240441.225,241.225,0.07,0.08,0.92,0.93,0.01,0.01,77929.47,1777240440000
1777240441.585,241.585,0.06,0.07,0.93,0.94,0.01,0.01,77929.47,1777240440000
1777240441.983,241.983,0.05,0.06,0.94,0.95,0.01,0.01,77929.47,1777240440000
1777240442.351,242.351,0.05,0.07,0.94,0.95,0.02,0.01,77929.45,1777240441000
1777240442.708,242.708,0.05,0.06,0.94,0.95,0.01,0.01,77929.45,1777240441000
1777240443.076,243.076,0.05,0.06,0.94,0.95,0.01,0.01,77929.45,1777240441000
1777240443.432,243.432,0.05,0.06,0.94,0.95,0.01,0.01,77929.44,1777240442000
1777240443.799,243.799,0.05,0.06,0.94,0.95,0.01,0.01,77929.44,1777240442000
1777240444.174,244.174,0.05,0.06,0.94,0.95,0.01,0.01,77929.17,1777240443000
1777240444.523,244.523,0.05,0.06,0.94,0.95,0.01,0.01,77929.17,1777240443000
1777240445.001,245.001,0.05,0.06,0.94,0.95,0.01,0.01,77928.68,1777240444000
1777240445.63,245.63,0.04,0.05,0.95,0.96,0.01,0.01,77928.68,1777240444000
1777240446.053,246.053,0.04,0.05,0.95,0.96,0.01,0.01,77928.36,1777240445000
1777240446.414,246.414,0.04,0.05,0.95,0.96,0.01,0.01,77928.36,1777240445000
1777240446.81,246.81,0.04,0.05,0.95,0.96,0.01,0.01,77928.36,1777240445000
1777240447.262,247.262,0.04,0.05,0.95,0.96,0.01,0.01,77928.23,1777240446000
1777240447.638,247.638,0.04,0.05,0.95,0.96,0.01,0.01,77928.23,1777240446000
1777240448.018,248.018,0.04,0.05,0.95,0.96,0.01,0.01,77928.33,1777240447000
1777240448.356,248.356,0.04,0.05,0.95,0.96,0.01,0.01,77928.33,1777240447000
1777240448.738,248.738,0.04,0.05,0.95,0.96,0.01,0.01,77928.33,1777240447000
1777240449.116,249.116,0.04,0.05,0.95,0.96,0.01,0.01,77928.37,1777240448000
1777240449.47,249.47,0.04,0.05,0.95,0.96,0.01,0.01,77928.37,1777240448000
1777240449.902,249.902,0.04,0.05,0.95,0.96,0.01,0.01,77928.37,1777240448000
1777240450.371,250.371,0.05,0.06,0.94,0.96,0.01,0.02,77928.26,1777240449000
1777240450.747,250.747,0.04,0.05,0.95,0.96,0.01,0.01,77928.26,1777240449000
1777240451.155,251.155,0.04,0.05,0.95,0.96,0.01,0.01,77928.26,1777240450000
1777240451.709,251.709,0.05,0.06,0.94,0.96,0.01,0.02,77928.26,1777240450000
1777240452.05,252.05,0.04,0.06,0.94,0.95,0.02,0.01,77928.19,1777240451000
1777240452.661,252.661,0.04,0.05,0.94,0.96,0.01,0.02,77928.19,1777240451000
1777240452.999,252.999,0.04,0.05,0.95,0.96,0.01,0.01,77928.19,1777240451000
1777240453.35,253.35,0.04,0.05,0.95,0.96,0.01,0.01,77928.19,1777240452000
1777240453.7,253.7,0.04,0.05,0.95,0.96,0.01,0.01,77928.19,1777240452000
1777240454.106,254.106,0.04,0.05,0.95,0.96,0.01,0.01,77928.19,1777240452000
1777240454.502,254.502,0.04,0.05,0.95,0.96,0.01,0.01,77928.19,1777240452000
1777240455.095,255.095,0.03,0.04,0.95,0.97,0.01,0.02,77927.83,1777240453000
1777240455.44,255.44,0.03,0.04,0.96,0.97,0.01,0.01,77927.83,1777240454000
1777240455.83,255.83,0.03,0.04,0.96,0.97,0.01,0.01,77927.83,1777240454000
1777240456.235,256.235,0.03,0.04,0.96,0.97,0.01,0.01,77927.83,1777240454000
1777240456.607,256.607,0.03,0.04,0.96,0.97,0.01,0.01,77924.73,1777240455000
1777240456.961,256.961,0.02,0.04,0.96,0.97,0.02,0.01,77924.73,1777240455000
1777240457.31,257.31,0.02,0.03,0.97,0.98,0.01,0.01,77923.34,1777240456000
1777240457.702,257.702,0.02,0.03,0.97,0.98,0.01,0.01,77923.34,1777240456000
1777240458.035,258.035,0.02,0.03,0.97,0.98,0.01,0.01,77923.34,1777240456000
1777240458.377,258.377,0.02,0.03,0.97,0.98,0.01,0.01,77923.34,1777240456000
1777240458.917,258.917,0.02,0.03,0.97,0.98,0.01,0.01,77914.78,1777240457000
1777240459.257,259.257,0.02,0.03,0.97,0.98,0.01,0.01,77913.58,1777240458000
1777240459.632,259.632,0.02,0.03,0.97,0.98,0.01,0.01,77913.58,1777240458000
1777240460.02,260.02,0.02,0.03,0.97,0.98,0.01,0.01,77913.58,1777240458000
1777240460.409,260.409,0.02,0.03,0.97,0.98,0.01,0.01,77913.58,1777240458000
1777240460.776,260.776,0.02,0.03,0.97,0.98,0.01,0.01,77913.58,1777240459000
1777240461.137,261.137,0.02,0.03,0.97,0.98,0.01,0.01,77913.58,1777240459000
1777240461.482,261.482,0.02,0.03,0.97,0.98,0.01,0.01,77913.58,1777240459000
1777240461.815,261.815,0.02,0.03,0.97,0.98,0.01,0.01,77913.57,1777240460000
1777240462.277,262.277,0.02,0.03,0.97,0.98,0.01,0.01,77910.53,1777240461000
1777240462.671,262.671,0.02,0.03,0.97,0.98,0.01,0.01,77910.53,1777240461000
1777240463.065,263.065,0.02,0.03,0.97,0.98,0.01,0.01,77910.53,1777240461000
1777240463.48,263.48,0.02,0.03,0.97,0.98,0.01,0.01,77910.53,1777240461000
1777240463.821,263.821,0.02,0.03,0.97,0.98,0.01,0.01,77908.76,1777240462000
1777240464.263,264.263,0.02,0.03,0.97,0.98,0.01,0.01,77908.76,1777240462000
1777240464.627,264.627,0.01,0.02,0.98,0.99,0.01,0.01,77908.23,1777240463000
1777240465.052,265.052,0.01,0.02,0.98,0.99,0.01,0.01,77908.23,1777240463000
1777240465.472,265.472,0.01,0.02,0.98,0.99,0.01,0.01,77908.16,1777240464000
1777240466.003,266.003,0.01,0.02,0.98,0.99,0.01,0.01,77908.16,1777240464000
1777240466.367,266.367,0.01,0.02,0.98,0.99,0.01,0.01,77908.16,1777240464000
1777240466.748,266.748,0.01,0.01,0.99,0.99,0.0,0.0,77905.69,1777240465000
1777240467.132,267.132,0.01,0.01,0.99,0.99,0.0,0.0,77905.69,1777240465000
1777240467.569,267.569,0.01,0.01,0.99,0.99,0.0,0.0,77905.68,1777240466000
1777240468.329,268.329,0.01,0.01,0.99,0.99,0.0,0.0,77905.68,1777240466000
1777240468.814,268.814,0.01,0.01,0.99,0.99,0.0,0.0,77891.39,1777240467000
1777240469.333,269.333,0.01,0.01,0.99,0.99,0.0,0.0,77891.36,1777240468000
1777240469.784,269.784,0.01,0.01,0.99,0.99,0.0,0.0,77891.36,1777240468000
1777240470.298,270.298,0.01,0.01,0.99,0.99,0.0,0.0,77891.36,1777240468000
1777240470.86,270.86,0.01,0.01,0.99,0.99,0.0,0.0,77891.36,1777240468000
1777240471.479,271.479,0.01,0.01,0.99,0.99,0.0,0.0,77894.69,1777240470000
1777240472.151,272.151,0.01,0.01,0.99,0.99,0.0,0.0,77896.48,1777240471000
1777240473.218,273.218,0.01,0.01,0.99,0.99,0.0,0.0,77896.48,1777240472000
1777240474.016,274.016,0.01,0.01,0.99,0.99,0.0,0.0,77896.48,1777240472000
1777240474.953,274.953,0.01,0.01,0.99,0.99,0.0,0.0,77895.98,1777240473000
1777240475.493,275.493,0.01,0.01,0.99,0.99,0.0,0.0,77895.91,1777240474000
1777240476.062,276.062,0.01,0.01,0.99,0.99,0.0,0.0,77894.96,1777240475000
1777240476.554,276.554,0.01,0.01,0.99,0.99,0.0,0.0,77894.96,1777240475000
1777240477.022,277.022,0.01,0.01,0.99,0.99,0.0,0.0,77894.76,1777240476000
1777240477.389,277.389,0.01,0.01,0.99,0.99,0.0,0.0,77894.76,1777240476000
1777240478.161,278.161,0.01,0.01,0.99,0.99,0.0,0.0,77894.76,1777240476000
1777240478.696,278.696,0.01,0.01,0.99,0.99,0.0,0.0,77894.67,1777240477000
1777240479.207,279.207,0.01,0.01,0.99,0.99,0.0,0.0,77894.47,1777240478000
1777240479.796,279.796,0.01,0.01,0.99,0.99,0.0,0.0,77894.47,1777240478000
1777240480.944,280.944,0.01,0.01,0.99,0.99,0.0,0.0,77894.15,1777240480000
1777240481.412,281.412,0.01,0.01,0.99,0.99,0.0,0.0,77894.15,1777240480000
1777240482.063,282.063,0.01,0.01,0.99,0.99,0.0,0.0,77894.03,1777240481000
1777240483.359,283.359,0.01,0.01,0.99,0.99,0.0,0.0,77893.98,1777240482000
1777240483.706,283.706,0.01,0.01,0.99,0.99,0.0,0.0,77893.98,1777240482000
1777240484.441,284.441,0.01,0.01,0.99,0.99,0.0,0.0,77893.16,1777240483000
1777240485.017,285.017,0.01,0.01,0.99,0.99,0.0,0.0,77893.16,1777240483000
1777240485.368,285.368,0.01,0.01,0.99,0.99,0.0,0.0,77893.16,1777240483000
1777240485.896,285.896,0.01,0.01,0.99,0.99,0.0,0.0,77888.73,1777240485000
1777240486.233,286.233,0.01,0.01,0.99,0.99,0.0,0.0,77888.73,1777240485000
1777240486.573,286.573,0.15,0.17,0.83,0.85,0.02,0.02,77888.73,1777240485000
1777240486.908,286.908,0.11,0.15,0.85,0.89,0.04,0.04,77888.73,1777240485000
1777240487.242,287.242,0.38,0.5,0.5,0.62,0.12,0.12,77875.79,1777240486000
1777240487.587,287.587,0.31,0.5,0.5,0.69,0.19,0.19,77875.79,1777240486000
1777240487.939,287.939,0.38,0.49,0.51,0.62,0.11,0.11,77875.79,1777240486000
1777240488.275,288.275,0.37,0.5,0.5,0.63,0.13,0.13,77933.33,1777240487000
1777240488.764,288.764,0.41,0.48,0.52,0.66,0.07,0.14,77933.33,1777240487000
1777240489.104,289.104,0.31,0.41,0.59,0.67,0.1,0.08,77933.33,1777240487000
1777240489.447,289.447,0.31,0.49,0.51,0.61,0.18,0.1,77933.33,1777240487000
1777240489.786,289.786,0.24,0.48,0.52,0.64,0.24,0.12,77965.04,1777240488000
1777240490.268,290.268,0.6,0.67,0.33,0.4,0.07,0.07,77968.16,1777240489000
1777240490.601,290.601,0.8,0.9,0.1,0.2,0.1,0.1,77968.16,1777240489000
1777240490.936,290.936,0.64,0.91,0.09,0.36,0.27,0.27,77968.16,1777240489000
1777240491.355,291.355,0.6,0.98,0.02,0.4,0.38,0.38,78063.11,1777240490000
1777240491.7,291.7,0.96,0.98,0.02,0.04,0.02,0.02,78063.11,1777240490000
1777240492.043,292.043,0.96,0.98,0.02,0.05,0.02,0.03,78061.78,1777240491000
1777240492.378,292.378,0.97,0.99,0.01,0.03,0.02,0.02,78061.78,1777240491000
1777240492.721,292.721,0.98,0.99,0.01,0.02,0.01,0.01,78061.78,1777240491000
1777240493.071,293.071,0.93,0.99,0.01,0.07,0.06,0.06,78061.78,1777240491000
1777240493.406,293.406,0.73,0.91,0.07,0.16,0.18,0.09,78061.78,1777240491000
1777240493.743,293.743,0.89,0.99,0.01,0.01,0.1,0.0,78074.23,1777240492000
1777240494.077,294.077,0.97,0.99,0.01,0.03,0.02,0.02,78074.23,1777240492000
1777240494.543,294.543,0.99,0.98,0.03,0.01,-0.01,-0.02,78204.88,1777240493000
1777240494.964,294.964,0.99,0.98,0.03,0.01,-0.01,-0.02,78204.88,1777240493000
1777240495.795,295.795,0.95,0.98,0.03,0.05,0.03,0.02,78193.15,1777240494000
1777240496.3,296.3,0.99,0.98,0.03,0.01,-0.01,-0.02,78193.15,1777240494000
1777240496.644,296.644,0.99,0.98,0.03,0.01,-0.01,-0.02,78164.07,1777240495000
1777240497.061,297.061,0.99,0.98,0.03,0.01,-0.01,-0.02,78164.07,1777240495000
1777240497.517,297.517,0.99,0.98,0.03,0.01,-0.01,-0.02,78171.67,1777240496000
1777240497.944,297.944,0.99,0.98,0.03,0.01,-0.01,-0.02,78171.67,1777240496000
1777240498.31,298.31,0.99,0.98,0.03,0.01,-0.01,-0.02,78371.73,1777240497000
1777240498.846,298.846,0.99,0.98,0.03,0.01,-0.01,-0.02,78371.73,1777240497000
1777240499.183,299.183,0.99,0.98,0.03,0.01,-0.01,-0.02,78386.44,1777240498000
1777240499.851,299.851,0.99,0.98,0.03,0.01,-0.01,-0.02,78386.44,1777240498000
1777240500.279,300.279,0.99,0.98,0.03,0.01,-0.01,-0.02,78386.44,1777240498000
1777240500.852,300.852,0.99,0.98,0.03,0.01,-0.01,-0.02,78375.66,1777240499000

# RESULT,winner=Up,slug=btc-updown-5m-1777240200,ticks=680
