timestamp,elapsed_sec,up_bid,up_ask,down_bid,down_ask,up_spread,down_spread,btc_price,btc_oracle_ts
1776468900.515,0.515,0.52,0.53,0.47,0.48,0.01,0.01,77049.58,1776468899000
1776468900.969,0.969,0.52,0.53,0.47,0.48,0.01,0.01,77049.58,1776468899000
1776468901.331,1.331,0.52,0.53,0.47,0.48,0.01,0.01,77049.58,1776468899000
1776468901.865,1.865,0.52,0.53,0.47,0.48,0.01,0.01,77049.58,1776468899000
1776468902.381,2.381,0.52,0.53,0.47,0.48,0.01,0.01,77051.07,1776468901000
1776468902.86,2.86,0.52,0.53,0.47,0.48,0.01,0.01,77051.07,1776468901000
1776468903.216,3.216,0.52,0.53,0.47,0.48,0.01,0.01,77051.07,1776468901000
1776468903.88,3.88,0.52,0.53,0.47,0.48,0.01,0.01,77051.37,1776468902000
1776468904.213,4.213,0.52,0.53,0.47,0.48,0.01,0.01,77052.98,1776468903000
1776468904.842,4.842,0.52,0.53,0.47,0.48,0.01,0.01,77052.98,1776468903000
1776468905.285,5.285,0.52,0.53,0.47,0.48,0.01,0.01,77053.0,1776468904000
1776468905.626,5.626,0.53,0.55,0.46,0.47,0.02,0.01,77053.0,1776468904000
1776468905.98,5.98,0.55,0.57,0.43,0.45,0.02,0.02,77053.0,1776468904000
1776468906.317,6.317,0.58,0.59,0.41,0.43,0.01,0.02,77053.0,1776468904000
1776468906.679,6.679,0.59,0.6,0.4,0.41,0.01,0.01,77053.0,1776468905000
1776468907.032,7.032,0.59,0.6,0.4,0.41,0.01,0.01,77053.0,1776468905000
1776468907.406,7.406,0.57,0.58,0.42,0.43,0.01,0.01,77053.0,1776468905000
1776468907.99,7.99,0.57,0.58,0.42,0.43,0.01,0.01,77056.97,1776468906000
1776468908.372,8.372,0.56,0.57,0.43,0.44,0.01,0.01,77056.97,1776468906000
1776468908.817,8.817,0.56,0.57,0.43,0.44,0.01,0.01,77064.83,1776468907000
1776468909.449,9.449,0.56,0.57,0.43,0.44,0.01,0.01,77067.54,1776468908000
1776468909.999,9.999,0.56,0.57,0.43,0.44,0.01,0.01,77067.54,1776468908000
1776468910.35,10.35,0.56,0.57,0.43,0.44,0.01,0.01,77067.54,1776468908000
1776468911.132,11.132,0.56,0.57,0.43,0.44,0.01,0.01,77063.88,1776468910000
1776468911.499,11.499,0.56,0.57,0.43,0.44,0.01,0.01,77063.88,1776468910000
1776468912.002,12.002,0.56,0.57,0.43,0.44,0.01,0.01,77063.88,1776468910000
1776468912.556,12.556,0.56,0.57,0.43,0.44,0.01,0.01,77061.09,1776468911000
1776468912.925,12.925,0.57,0.58,0.42,0.43,0.01,0.01,77061.09,1776468911000
1776468913.264,13.264,0.57,0.58,0.42,0.43,0.01,0.01,77061.09,1776468912000
1776468913.767,13.767,0.57,0.58,0.42,0.43,0.01,0.01,77061.09,1776468912000
1776468914.182,14.182,0.57,0.58,0.42,0.43,0.01,0.01,77061.09,1776468912000
1776468914.539,14.539,0.57,0.58,0.42,0.43,0.01,0.01,77061.09,1776468912000
1776468915.127,15.127,0.57,0.58,0.42,0.43,0.01,0.01,77061.04,1776468914000
1776468915.558,15.558,0.57,0.58,0.42,0.43,0.01,0.01,77061.04,1776468914000
1776468915.928,15.928,0.55,0.58,0.42,0.45,0.03,0.03,77061.04,1776468914000
1776468916.397,16.397,0.57,0.58,0.42,0.45,0.01,0.03,77061.04,1776468914000
1776468916.764,16.764,0.57,0.58,0.42,0.43,0.01,0.01,77061.51,1776468915000
1776468917.124,17.124,0.57,0.58,0.42,0.43,0.01,0.01,77061.45,1776468916000
1776468917.502,17.502,0.57,0.58,0.42,0.43,0.01,0.01,77061.45,1776468916000
1776468917.978,17.978,0.57,0.58,0.42,0.43,0.01,0.01,77061.45,1776468916000
1776468918.373,18.373,0.57,0.58,0.42,0.43,0.01,0.01,77061.45,1776468916000
1776468918.884,18.884,0.57,0.58,0.42,0.43,0.01,0.01,77061.38,1776468917000
1776468919.323,19.323,0.58,0.59,0.41,0.43,0.01,0.02,77061.38,1776468917000
1776468919.884,19.884,0.58,0.59,0.41,0.42,0.01,0.01,77061.9,1776468918000
1776468920.326,20.326,0.58,0.59,0.41,0.42,0.01,0.01,77061.9,1776468918000
1776468920.836,20.836,0.58,0.59,0.41,0.42,0.01,0.01,77061.14,1776468919000
1776468921.232,21.232,0.57,0.58,0.42,0.43,0.01,0.01,77061.14,1776468919000
1776468921.612,21.612,0.57,0.58,0.42,0.43,0.01,0.01,77062.9,1776468920000
1776468922.078,22.078,0.57,0.58,0.42,0.43,0.01,0.01,77062.9,1776468920000
1776468922.467,22.467,0.57,0.58,0.42,0.43,0.01,0.01,77062.93,1776468921000
1776468922.961,22.961,0.57,0.58,0.42,0.43,0.01,0.01,77062.93,1776468921000
1776468923.38,23.38,0.57,0.58,0.42,0.43,0.01,0.01,77061.7,1776468922000
1776468924.174,24.174,0.58,0.59,0.41,0.42,0.01,0.01,77061.77,1776468923000
1776468924.663,24.663,0.58,0.59,0.41,0.42,0.01,0.01,77061.77,1776468923000
1776468925.491,25.491,0.58,0.59,0.41,0.42,0.01,0.01,77061.75,1776468924000
1776468925.928,25.928,0.57,0.58,0.41,0.43,0.01,0.02,77061.75,1776468924000
1776468926.72,26.72,0.55,0.56,0.44,0.45,0.01,0.01,77062.01,1776468925000
1776468927.057,27.057,0.55,0.56,0.44,0.45,0.01,0.01,77062.01,1776468925000
1776468927.391,27.391,0.55,0.56,0.44,0.45,0.01,0.01,77058.8,1776468926000
1776468927.78,27.78,0.54,0.55,0.45,0.46,0.01,0.01,77058.8,1776468926000
1776468928.122,28.122,0.54,0.55,0.45,0.46,0.01,0.01,77057.71,1776468927000
1776468928.616,28.616,0.54,0.55,0.45,0.46,0.01,0.01,77057.71,1776468927000
1776468928.982,28.982,0.51,0.52,0.47,0.49,0.01,0.02,77057.71,1776468927000
1776468929.331,29.331,0.5,0.51,0.48,0.51,0.01,0.03,77056.55,1776468928000
1776468929.712,29.712,0.49,0.5,0.5,0.51,0.01,0.01,77056.55,1776468928000
1776468930.123,30.123,0.49,0.5,0.5,0.51,0.01,0.01,77056.55,1776468928000
1776468930.526,30.526,0.49,0.5,0.5,0.51,0.01,0.01,77053.04,1776468929000
1776468930.919,30.919,0.5,0.51,0.49,0.5,0.01,0.01,77053.04,1776468929000
1776468931.512,31.512,0.5,0.51,0.49,0.5,0.01,0.01,77052.37,1776468930000
1776468932.181,32.181,0.48,0.49,0.51,0.52,0.01,0.01,77052.37,1776468930000
1776468932.553,32.553,0.47,0.48,0.52,0.53,0.01,0.01,77050.12,1776468931000
1776468933.084,33.084,0.47,0.48,0.52,0.53,0.01,0.01,77050.12,1776468931000
1776468933.471,33.471,0.46,0.47,0.53,0.54,0.01,0.01,77048.27,1776468932000
1776468933.854,33.854,0.43,0.44,0.56,0.6,0.01,0.04,77048.27,1776468932000
1776468934.236,34.236,0.41,0.42,0.56,0.57,0.01,0.01,77046.22,1776468933000
1776468934.646,34.646,0.41,0.42,0.58,0.59,0.01,0.01,77046.22,1776468933000
1776468935.054,35.054,0.41,0.42,0.58,0.59,0.01,0.01,77046.22,1776468933000
1776468935.438,35.438,0.4,0.42,0.58,0.59,0.02,0.01,77042.23,1776468934000
1776468935.791,35.791,0.4,0.41,0.59,0.6,0.01,0.01,77042.23,1776468934000
1776468936.135,36.135,0.4,0.41,0.59,0.6,0.01,0.01,77042.23,1776468934000
1776468936.484,36.484,0.4,0.41,0.59,0.6,0.01,0.01,77040.04,1776468935000
1776468936.938,36.938,0.4,0.41,0.59,0.6,0.01,0.01,77040.04,1776468935000
1776468937.447,37.447,0.4,0.41,0.59,0.6,0.01,0.01,77037.85,1776468936000
1776468937.83,37.83,0.4,0.41,0.59,0.6,0.01,0.01,77037.85,1776468936000
1776468938.241,38.241,0.41,0.42,0.58,0.6,0.01,0.02,77036.28,1776468937000
1776468938.77,38.77,0.41,0.42,0.58,0.59,0.01,0.01,77036.28,1776468937000
1776468940.173,40.173,0.41,0.42,0.58,0.59,0.01,0.01,77035.98,1776468938000
1776468940.811,40.811,0.41,0.42,0.58,0.59,0.01,0.01,77038.45,1776468939000
1776468941.269,41.269,0.41,0.42,0.58,0.59,0.01,0.01,77038.45,1776468939000
1776468941.753,41.753,0.41,0.42,0.58,0.59,0.01,0.01,77039.61,1776468940000
1776468942.183,42.183,0.41,0.42,0.58,0.59,0.01,0.01,77039.61,1776468940000
1776468942.748,42.748,0.41,0.42,0.58,0.59,0.01,0.01,77039.53,1776468941000
1776468943.284,43.284,0.44,0.47,0.53,0.56,0.03,0.03,77039.46,1776468942000
1776468943.676,43.676,0.46,0.47,0.48,0.54,0.01,0.06,77039.46,1776468942000
1776468944.015,44.015,0.49,0.53,0.47,0.51,0.04,0.04,77039.46,1776468942000
1776468944.409,44.409,0.51,0.52,0.48,0.49,0.01,0.01,77039.54,1776468943000
1776468944.763,44.763,0.51,0.52,0.48,0.49,0.01,0.01,77039.54,1776468943000
1776468945.187,45.187,0.51,0.52,0.48,0.49,0.01,0.01,77039.54,1776468943000
1776468945.598,45.598,0.51,0.52,0.48,0.49,0.01,0.01,77045.86,1776468944000
1776468945.949,45.949,0.52,0.53,0.47,0.49,0.01,0.02,77045.86,1776468944000
1776468946.376,46.376,0.52,0.53,0.47,0.48,0.01,0.01,77048.11,1776468945000
1776468946.927,46.927,0.52,0.53,0.47,0.48,0.01,0.01,77049.76,1776468946000
1776468947.445,47.445,0.52,0.53,0.47,0.48,0.01,0.01,77049.76,1776468946000
1776468948.039,48.039,0.52,0.53,0.47,0.48,0.01,0.01,77051.8,1776468947000
1776468949.108,49.108,0.52,0.53,0.47,0.48,0.01,0.01,77049.34,1776468948000
1776468949.516,49.516,0.52,0.53,0.47,0.48,0.01,0.01,77049.34,1776468948000
1776468949.989,49.989,0.52,0.53,0.47,0.48,0.01,0.01,77049.34,1776468948000
1776468950.482,50.482,0.53,0.54,0.46,0.47,0.01,0.01,77049.54,1776468949000
1776468950.829,50.829,0.53,0.54,0.46,0.47,0.01,0.01,77049.54,1776468949000
1776468951.363,51.363,0.57,0.58,0.42,0.43,0.01,0.01,77049.54,1776468949000
1776468951.783,51.783,0.57,0.58,0.42,0.43,0.01,0.01,77051.61,1776468950000
1776468952.121,52.121,0.57,0.58,0.42,0.43,0.01,0.01,77051.6,1776468951000
1776468952.503,52.503,0.57,0.58,0.42,0.43,0.01,0.01,77051.6,1776468951000
1776468952.951,52.951,0.57,0.58,0.42,0.43,0.01,0.01,77051.6,1776468951000
1776468953.433,53.433,0.57,0.58,0.42,0.43,0.01,0.01,77051.97,1776468952000
1776468954.317,54.317,0.57,0.58,0.42,0.43,0.01,0.01,77051.97,1776468952000
1776468954.794,54.794,0.57,0.58,0.42,0.43,0.01,0.01,77052.63,1776468953000
1776468955.239,55.239,0.57,0.58,0.42,0.43,0.01,0.01,77052.63,1776468953000
1776468955.602,55.602,0.57,0.58,0.42,0.43,0.01,0.01,77052.63,1776468953000
1776468955.941,55.941,0.57,0.58,0.42,0.43,0.01,0.01,77055.07,1776468954000
1776468956.303,56.303,0.57,0.58,0.42,0.43,0.01,0.01,77055.01,1776468955000
1776468956.905,56.905,0.57,0.58,0.42,0.43,0.01,0.01,77055.01,1776468956000
1776468957.291,57.291,0.57,0.58,0.42,0.43,0.01,0.01,77055.01,1776468956000
1776468958.012,58.012,0.57,0.58,0.42,0.43,0.01,0.01,77055.01,1776468956000
1776468958.367,58.367,0.57,0.58,0.42,0.43,0.01,0.01,77055.12,1776468957000
1776468958.811,58.811,0.57,0.58,0.42,0.43,0.01,0.01,77055.12,1776468957000
1776468959.222,59.222,0.57,0.58,0.42,0.43,0.01,0.01,77055.17,1776468958000
1776468960.056,60.056,0.57,0.59,0.42,0.43,0.02,0.01,77055.17,1776468958000
1776468960.398,60.398,0.59,0.61,0.39,0.41,0.02,0.02,77055.17,1776468959000
1776468960.745,60.745,0.61,0.62,0.38,0.39,0.01,0.01,77055.17,1776468959000
1776468961.205,61.205,0.61,0.62,0.38,0.39,0.01,0.01,77055.17,1776468960000
1776468961.643,61.643,0.61,0.62,0.38,0.39,0.01,0.01,77055.17,1776468960000
1776468962.042,62.042,0.61,0.62,0.38,0.39,0.01,0.01,77055.17,1776468960000
1776468962.835,62.835,0.61,0.62,0.38,0.39,0.01,0.01,77061.24,1776468961000
1776468963.171,63.171,0.6,0.61,0.38,0.39,0.01,0.01,77061.24,1776468961000
1776468963.524,63.524,0.6,0.61,0.39,0.4,0.01,0.01,77061.82,1776468962000
1776468963.939,63.939,0.6,0.61,0.39,0.4,0.01,0.01,77061.82,1776468962000
1776468964.501,64.501,0.6,0.61,0.39,0.4,0.01,0.01,77061.82,1776468963000
1776468964.874,64.874,0.6,0.61,0.39,0.4,0.01,0.01,77061.82,1776468963000
1776468965.299,65.299,0.6,0.61,0.39,0.4,0.01,0.01,77060.29,1776468964000
1776468965.779,65.779,0.6,0.61,0.39,0.4,0.01,0.01,77060.29,1776468964000
1776468966.368,66.368,0.6,0.61,0.39,0.4,0.01,0.01,77060.02,1776468965000
1776468966.776,66.776,0.6,0.61,0.39,0.4,0.01,0.01,77060.02,1776468965000
1776468967.195,67.195,0.6,0.61,0.39,0.4,0.01,0.01,77060.51,1776468966000
1776468967.657,67.657,0.6,0.61,0.39,0.4,0.01,0.01,77060.51,1776468966000
1776468968.196,68.196,0.6,0.61,0.39,0.4,0.01,0.01,77060.47,1776468967000
1776468969.192,69.192,0.6,0.61,0.39,0.4,0.01,0.01,77060.04,1776468968000
1776468969.736,69.736,0.6,0.61,0.39,0.4,0.01,0.01,77060.04,1776468968000
1776468970.204,70.204,0.6,0.61,0.39,0.4,0.01,0.01,77060.04,1776468968000
1776468970.776,70.776,0.6,0.61,0.39,0.4,0.01,0.01,77059.72,1776468969000
1776468971.252,71.252,0.6,0.61,0.39,0.4,0.01,0.01,77060.36,1776468970000
1776468971.648,71.648,0.59,0.61,0.39,0.4,0.02,0.01,77060.36,1776468970000
1776468972.05,72.05,0.59,0.6,0.4,0.41,0.01,0.01,77060.36,1776468970000
1776468972.391,72.391,0.59,0.6,0.4,0.41,0.01,0.01,77060.18,1776468971000
1776468973.027,73.027,0.58,0.6,0.4,0.41,0.02,0.01,77060.18,1776468971000
1776468973.472,73.472,0.58,0.59,0.4,0.42,0.01,0.02,77059.3,1776468972000
1776468973.956,73.956,0.58,0.59,0.41,0.42,0.01,0.01,77059.3,1776468973000
1776468975.018,75.018,0.58,0.59,0.41,0.42,0.01,0.01,77060.93,1776468974000
1776468975.525,75.525,0.57,0.59,0.41,0.42,0.02,0.01,77060.93,1776468974000
1776468975.899,75.899,0.56,0.58,0.41,0.43,0.02,0.02,77060.93,1776468974000
1776468976.704,76.704,0.56,0.57,0.43,0.44,0.01,0.01,77063.22,1776468975000
1776468977.067,77.067,0.56,0.57,0.43,0.44,0.01,0.01,77063,1776468976000
1776468977.547,77.547,0.55,0.56,0.43,0.45,0.01,0.02,77063,1776468976000
1776468977.981,77.981,0.55,0.56,0.44,0.45,0.01,0.01,77063,1776468976000
1776468978.734,78.734,0.55,0.56,0.44,0.45,0.01,0.01,77063.12,1776468977000
1776468979.148,79.148,0.55,0.56,0.44,0.45,0.01,0.01,77059.32,1776468978000
1776468980.154,80.154,0.55,0.56,0.44,0.45,0.01,0.01,77059.36,1776468979000
1776468980.512,80.512,0.55,0.56,0.44,0.45,0.01,0.01,77059.36,1776468979000
1776468980.872,80.872,0.55,0.56,0.44,0.45,0.01,0.01,77059.36,1776468979000
1776468981.527,81.527,0.55,0.56,0.44,0.45,0.01,0.01,77059.36,1776468979000
1776468982.031,82.031,0.55,0.56,0.44,0.45,0.01,0.01,77062.82,1776468980000
1776468982.748,82.748,0.55,0.56,0.44,0.45,0.01,0.01,77059.35,1776468981000
1776468983.356,83.356,0.55,0.56,0.44,0.45,0.01,0.01,77059.35,1776468982000
1776468983.901,83.901,0.55,0.56,0.44,0.45,0.01,0.01,77059.35,1776468982000
1776468984.245,84.245,0.55,0.56,0.44,0.45,0.01,0.01,77061.25,1776468983000
1776468984.591,84.591,0.54,0.56,0.44,0.45,0.02,0.01,77061.25,1776468983000
1776468985.413,85.413,0.54,0.55,0.45,0.46,0.01,0.01,77062.63,1776468984000
1776468985.971,85.971,0.54,0.55,0.45,0.46,0.01,0.01,77062.63,1776468984000
1776468986.332,86.332,0.54,0.55,0.45,0.46,0.01,0.01,77060.89,1776468985000
1776468986.672,86.672,0.54,0.55,0.45,0.46,0.01,0.01,77060.89,1776468985000
1776468987.031,87.031,0.54,0.55,0.45,0.46,0.01,0.01,77060.89,1776468985000
1776468987.657,87.657,0.54,0.55,0.45,0.46,0.01,0.01,77060.89,1776468986000
1776468988.162,88.162,0.55,0.58,0.45,0.46,0.03,0.01,77061.69,1776468987000
1776468988.614,88.614,0.58,0.59,0.42,0.43,0.01,0.01,77061.69,1776468987000
1776468989.203,89.203,0.57,0.59,0.41,0.43,0.02,0.02,77059.0,1776468988000
1776468989.564,89.564,0.58,0.59,0.41,0.43,0.01,0.02,77059.0,1776468988000
1776468989.934,89.934,0.58,0.59,0.41,0.42,0.01,0.01,77059.0,1776468988000
1776468990.359,90.359,0.56,0.57,0.41,0.44,0.01,0.03,77059.0,1776468988000
1776468990.726,90.726,0.56,0.57,0.43,0.44,0.01,0.01,77061.34,1776468989000
1776468991.119,91.119,0.56,0.57,0.43,0.44,0.01,0.01,77063.33,1776468990000
1776468991.587,91.587,0.56,0.57,0.43,0.45,0.01,0.02,77063.33,1776468990000
1776468991.924,91.924,0.55,0.56,0.44,0.45,0.01,0.01,77063.33,1776468990000
1776468992.316,92.316,0.55,0.56,0.44,0.45,0.01,0.01,77064.07,1776468991000
1776468992.69,92.69,0.55,0.56,0.44,0.45,0.01,0.01,77064.07,1776468991000
1776468993.16,93.16,0.55,0.56,0.44,0.45,0.01,0.01,77064.07,1776468991000
1776468993.524,93.524,0.55,0.56,0.44,0.45,0.01,0.01,77064.04,1776468992000
1776468994.122,94.122,0.55,0.56,0.44,0.45,0.01,0.01,77064.04,1776468993000
1776468994.807,94.807,0.55,0.56,0.44,0.45,0.01,0.01,77064.04,1776468993000
1776468995.156,95.156,0.55,0.56,0.44,0.45,0.01,0.01,77064.04,1776468993000
1776468995.576,95.576,0.55,0.56,0.44,0.45,0.01,0.01,77064.04,1776468994000
1776468996.069,96.069,0.55,0.56,0.44,0.45,0.01,0.01,77064.04,1776468994000
1776468996.425,96.425,0.42,0.45,0.55,0.58,0.03,0.03,77064.04,1776468994000
1776468996.765,96.765,0.41,0.42,0.58,0.59,0.01,0.01,77064.11,1776468995000
1776468997.126,97.126,0.41,0.42,0.58,0.59,0.01,0.01,77064.33,1776468996000
1776468997.685,97.685,0.41,0.42,0.58,0.59,0.01,0.01,77064.33,1776468996000
1776468998.038,98.038,0.44,0.45,0.55,0.56,0.01,0.01,77054.62,1776468997000
1776468998.412,98.412,0.47,0.48,0.52,0.55,0.01,0.03,77054.62,1776468997000
1776468998.759,98.759,0.47,0.48,0.52,0.53,0.01,0.01,77054.62,1776468997000
1776468999.095,99.095,0.47,0.48,0.52,0.53,0.01,0.01,77048.8,1776468998000
1776468999.476,99.476,0.47,0.48,0.52,0.53,0.01,0.01,77048.8,1776468998000
1776468999.863,99.863,0.47,0.48,0.52,0.53,0.01,0.01,77048.8,1776468998000
1776469000.387,100.387,0.47,0.48,0.52,0.53,0.01,0.01,77048.8,1776468998000
1776469000.828,100.828,0.48,0.5,0.51,0.53,0.02,0.02,77048.8,1776468998000
1776469001.165,101.165,0.53,0.54,0.43,0.47,0.01,0.04,77049.78,1776468999000
1776469001.65,101.65,0.56,0.57,0.43,0.45,0.01,0.02,77051.34,1776469000000
1776469002.094,102.094,0.57,0.58,0.43,0.44,0.01,0.01,77051.68,1776469001000
1776469002.54,102.54,0.57,0.58,0.42,0.43,0.01,0.01,77051.68,1776469001000
1776469002.886,102.886,0.57,0.58,0.42,0.43,0.01,0.01,77051.68,1776469001000
1776469003.342,103.342,0.57,0.58,0.42,0.43,0.01,0.01,77051.68,1776469001000
1776469003.683,103.683,0.57,0.58,0.42,0.43,0.01,0.01,77056.35,1776469002000
1776469004.098,104.098,0.57,0.58,0.42,0.43,0.01,0.01,77062.79,1776469003000
1776469004.437,104.437,0.57,0.58,0.42,0.43,0.01,0.01,77062.79,1776469003000
1776469004.789,104.789,0.56,0.57,0.43,0.44,0.01,0.01,77062.79,1776469003000
1776469005.166,105.166,0.55,0.56,0.43,0.45,0.01,0.02,77062.79,1776469003000
1776469005.512,105.512,0.55,0.56,0.44,0.45,0.01,0.01,77060.78,1776469004000
1776469005.845,105.845,0.55,0.56,0.44,0.45,0.01,0.01,77060.78,1776469004000
1776469006.288,106.288,0.57,0.58,0.42,0.44,0.01,0.02,77062.69,1776469005000
1776469007.367,107.367,0.57,0.58,0.42,0.43,0.01,0.01,77062.7,1776469006000
1776469007.936,107.936,0.57,0.58,0.42,0.43,0.01,0.01,77062.7,1776469006000
1776469008.32,108.32,0.57,0.58,0.42,0.43,0.01,0.01,77062.72,1776469007000
1776469009.106,109.106,0.57,0.58,0.42,0.43,0.01,0.01,77062.72,1776469007000
1776469009.451,109.451,0.57,0.58,0.42,0.43,0.01,0.01,77059.96,1776469008000
1776469010.229,110.229,0.57,0.58,0.42,0.43,0.01,0.01,77059.96,1776469008000
1776469010.816,110.816,0.57,0.58,0.42,0.43,0.01,0.01,77060.49,1776469009000
1776469011.16,111.16,0.57,0.58,0.42,0.43,0.01,0.01,77061.38,1776469010000
1776469011.637,111.637,0.57,0.58,0.42,0.43,0.01,0.01,77061.38,1776469010000
1776469012.082,112.082,0.57,0.58,0.42,0.43,0.01,0.01,77061.38,1776469010000
1776469012.832,112.832,0.56,0.57,0.43,0.44,0.01,0.01,77063.02,1776469011000
1776469014.047,114.047,0.56,0.57,0.43,0.44,0.01,0.01,77063.38,1776469012000
1776469014.622,114.622,0.56,0.57,0.43,0.44,0.01,0.01,77063.38,1776469012000
1776469014.968,114.968,0.56,0.57,0.43,0.44,0.01,0.01,77062.9,1776469013000
1776469015.303,115.303,0.56,0.57,0.43,0.44,0.01,0.01,77063.42,1776469014000
1776469015.87,115.87,0.56,0.57,0.43,0.44,0.01,0.01,77063.44,1776469015000
1776469016.359,116.359,0.56,0.57,0.43,0.44,0.01,0.01,77063.44,1776469015000
1776469016.865,116.865,0.56,0.57,0.43,0.44,0.01,0.01,77063.44,1776469015000
1776469017.852,117.852,0.56,0.57,0.43,0.44,0.01,0.01,77063.44,1776469017000
1776469018.231,118.231,0.56,0.57,0.43,0.44,0.01,0.01,77063.44,1776469017000
1776469018.79,118.79,0.58,0.59,0.43,0.44,0.01,0.01,77063.44,1776469017000
1776469019.161,119.161,0.61,0.63,0.37,0.39,0.02,0.02,77062.07,1776469018000
1776469019.522,119.522,0.66,0.67,0.33,0.34,0.01,0.01,77062.07,1776469018000
1776469019.882,119.882,0.67,0.68,0.32,0.33,0.01,0.01,77062.07,1776469018000
1776469020.438,120.438,0.67,0.68,0.32,0.33,0.01,0.01,77063.1,1776469019000
1776469020.796,120.796,0.67,0.68,0.32,0.33,0.01,0.01,77063.1,1776469019000
1776469021.131,121.131,0.67,0.68,0.32,0.33,0.01,0.01,77070.82,1776469020000
1776469021.517,121.517,0.67,0.68,0.32,0.33,0.01,0.01,77070.82,1776469020000
1776469021.977,121.977,0.67,0.68,0.32,0.33,0.01,0.01,77070.82,1776469020000
1776469022.451,122.451,0.66,0.67,0.33,0.34,0.01,0.01,77075.9,1776469021000
1776469022.829,122.829,0.66,0.67,0.33,0.34,0.01,0.01,77075.9,1776469021000
1776469023.301,123.301,0.66,0.67,0.33,0.34,0.01,0.01,77075.9,1776469021000
1776469023.988,123.988,0.66,0.67,0.33,0.34,0.01,0.01,77077.55,1776469023000
1776469024.533,124.533,0.66,0.67,0.33,0.34,0.01,0.01,77077.55,1776469023000
1776469024.954,124.954,0.66,0.67,0.33,0.34,0.01,0.01,77077.55,1776469023000
1776469025.318,125.318,0.66,0.67,0.33,0.35,0.01,0.02,77077.86,1776469024000
1776469025.695,125.695,0.65,0.66,0.34,0.35,0.01,0.01,77077.86,1776469024000
1776469026.055,126.055,0.65,0.66,0.34,0.35,0.01,0.01,77077.86,1776469024000
1776469026.477,126.477,0.65,0.66,0.34,0.35,0.01,0.01,77077.94,1776469025000
1776469026.901,126.901,0.65,0.66,0.34,0.35,0.01,0.01,77077.94,1776469025000
1776469027.236,127.236,0.65,0.66,0.34,0.35,0.01,0.01,77077.94,1776469025000
1776469027.603,127.603,0.65,0.66,0.34,0.35,0.01,0.01,77077.94,1776469026000
1776469028.146,128.146,0.65,0.66,0.34,0.35,0.01,0.01,77077.75,1776469027000
1776469028.713,128.713,0.66,0.67,0.33,0.34,0.01,0.01,77077.75,1776469027000
1776469029.32,129.32,0.66,0.67,0.33,0.34,0.01,0.01,77077.75,1776469027000
1776469030.04,130.04,0.66,0.67,0.33,0.34,0.01,0.01,77077.86,1776469028000
1776469030.411,130.411,0.66,0.67,0.33,0.34,0.01,0.01,77077.86,1776469029000
1776469030.86,130.86,0.66,0.67,0.33,0.34,0.01,0.01,77077.87,1776469030000
1776469031.671,131.671,0.67,0.68,0.32,0.34,0.01,0.02,77077.87,1776469030000
1776469032.379,132.379,0.67,0.68,0.32,0.33,0.01,0.01,77077.88,1776469031000
1776469033.006,133.006,0.67,0.68,0.32,0.33,0.01,0.01,77077.82,1776469032000
1776469033.439,133.439,0.67,0.68,0.32,0.33,0.01,0.01,77077.82,1776469032000
1776469033.888,133.888,0.67,0.68,0.32,0.33,0.01,0.01,77077.82,1776469032000
1776469034.31,134.31,0.67,0.68,0.32,0.33,0.01,0.01,77077.89,1776469033000
1776469034.956,134.956,0.67,0.68,0.32,0.33,0.01,0.01,77077.88,1776469034000
1776469035.622,135.622,0.68,0.69,0.32,0.33,0.01,0.01,77077.88,1776469034000
1776469035.977,135.977,0.68,0.69,0.31,0.32,0.01,0.01,77077.88,1776469034000
1776469036.327,136.327,0.74,0.75,0.26,0.29,0.01,0.03,77077.88,1776469035000
1776469036.676,136.676,0.71,0.72,0.28,0.29,0.01,0.01,77077.88,1776469035000
1776469037.122,137.122,0.7,0.71,0.29,0.3,0.01,0.01,77077.88,1776469036000
1776469037.461,137.461,0.69,0.71,0.29,0.3,0.02,0.01,77077.88,1776469036000
1776469037.819,137.819,0.64,0.65,0.35,0.36,0.01,0.01,77077.88,1776469036000
1776469038.204,138.204,0.61,0.62,0.35,0.39,0.01,0.04,77082.26,1776469037000
1776469038.548,138.548,0.58,0.59,0.41,0.42,0.01,0.01,77082.26,1776469037000
1776469038.895,138.895,0.56,0.57,0.43,0.44,0.01,0.01,77082.26,1776469037000
1776469039.237,139.237,0.56,0.57,0.43,0.44,0.01,0.01,77076.91,1776469038000
1776469039.771,139.771,0.56,0.57,0.43,0.44,0.01,0.01,77076.91,1776469038000
1776469040.172,140.172,0.56,0.57,0.43,0.44,0.01,0.01,77069.35,1776469039000
1776469040.539,140.539,0.56,0.57,0.43,0.44,0.01,0.01,77069.35,1776469039000
1776469040.942,140.942,0.56,0.57,0.43,0.44,0.01,0.01,77069.35,1776469039000
1776469041.286,141.286,0.56,0.57,0.43,0.44,0.01,0.01,77068.53,1776469040000
1776469041.853,141.853,0.56,0.57,0.43,0.44,0.01,0.01,77068.53,1776469040000
1776469042.212,142.212,0.58,0.59,0.41,0.42,0.01,0.01,77065.82,1776469041000
1776469042.876,142.876,0.58,0.59,0.41,0.42,0.01,0.01,77065.82,1776469041000
1776469043.415,143.415,0.58,0.59,0.41,0.42,0.01,0.01,77065.1,1776469042000
1776469043.757,143.757,0.58,0.59,0.41,0.42,0.01,0.01,77065.1,1776469042000
1776469044.117,144.117,0.59,0.6,0.4,0.41,0.01,0.01,77065.76,1776469043000
1776469044.668,144.668,0.59,0.61,0.4,0.41,0.02,0.01,77065.76,1776469043000
1776469045.024,145.024,0.6,0.61,0.39,0.4,0.01,0.01,77065.76,1776469043000
1776469045.639,145.639,0.6,0.61,0.39,0.4,0.01,0.01,77067.02,1776469044000
1776469046.166,146.166,0.6,0.61,0.39,0.4,0.01,0.01,77067.02,1776469045000
1776469046.628,146.628,0.59,0.6,0.39,0.4,0.01,0.01,77067.02,1776469045000
1776469046.971,146.971,0.59,0.6,0.4,0.41,0.01,0.01,77067.02,1776469045000
1776469047.542,147.542,0.58,0.59,0.4,0.41,0.01,0.01,77067.23,1776469046000
1776469047.932,147.932,0.58,0.59,0.41,0.42,0.01,0.01,77067.23,1776469046000
1776469048.383,148.383,0.58,0.59,0.41,0.42,0.01,0.01,77066.78,1776469047000
1776469048.747,148.747,0.57,0.58,0.41,0.43,0.01,0.02,77066.78,1776469047000
1776469049.118,149.118,0.55,0.56,0.44,0.45,0.01,0.01,77066.78,1776469047000
1776469049.457,149.457,0.55,0.58,0.44,0.45,0.03,0.01,77065.18,1776469048000
1776469049.82,149.82,0.56,0.57,0.42,0.45,0.01,0.03,77065.18,1776469048000
1776469050.181,150.181,0.56,0.57,0.43,0.44,0.01,0.01,77065.18,1776469048000
1776469050.548,150.548,0.56,0.57,0.43,0.44,0.01,0.01,77065.02,1776469049000
1776469051.129,151.129,0.56,0.57,0.43,0.44,0.01,0.01,77065.02,1776469049000
1776469051.525,151.525,0.56,0.57,0.43,0.44,0.01,0.01,77061.92,1776469050000
1776469052.08,152.08,0.56,0.57,0.43,0.44,0.01,0.01,77061.92,1776469050000
1776469052.723,152.723,0.56,0.57,0.43,0.44,0.01,0.01,77061.42,1776469051000
1776469053.291,153.291,0.56,0.57,0.42,0.44,0.01,0.02,77061.5,1776469052000
1776469054.026,154.026,0.56,0.57,0.43,0.44,0.01,0.01,77061.5,1776469053000
1776469054.397,154.397,0.56,0.57,0.43,0.44,0.01,0.01,77061.5,1776469053000
1776469054.834,154.834,0.55,0.57,0.43,0.44,0.02,0.01,77061.5,1776469053000
1776469055.396,155.396,0.54,0.56,0.44,0.46,0.02,0.02,77060.47,1776469054000
1776469055.764,155.764,0.55,0.56,0.45,0.46,0.01,0.01,77060.47,1776469054000
1776469056.36,156.36,0.55,0.56,0.44,0.45,0.01,0.01,77060.47,1776469054000
1776469056.719,156.719,0.55,0.56,0.44,0.45,0.01,0.01,77060.47,1776469054000
1776469057.137,157.137,0.54,0.55,0.45,0.46,0.01,0.01,77059.14,1776469055000
1776469057.56,157.56,0.54,0.55,0.45,0.46,0.01,0.01,77059.14,1776469055000
1776469058.233,158.233,0.54,0.56,0.45,0.46,0.02,0.01,77058.62,1776469056000
1776469058.657,158.657,0.55,0.56,0.44,0.46,0.01,0.02,77058.62,1776469056000
1776469059.003,159.003,0.5,0.53,0.47,0.48,0.03,0.01,77058.95,1776469057000
1776469059.401,159.401,0.49,0.51,0.48,0.5,0.02,0.02,77058.95,1776469057000
1776469059.759,159.759,0.49,0.5,0.5,0.51,0.01,0.01,77056.68,1776469058000
1776469060.11,160.11,0.49,0.5,0.5,0.51,0.01,0.01,77056.68,1776469058000
1776469060.5,160.5,0.49,0.5,0.5,0.51,0.01,0.01,77056.67,1776469059000
1776469060.877,160.877,0.49,0.5,0.5,0.51,0.01,0.01,77056.67,1776469059000
1776469061.269,161.269,0.48,0.49,0.51,0.52,0.01,0.01,77054.71,1776469060000
1776469061.615,161.615,0.48,0.49,0.51,0.52,0.01,0.01,77054.71,1776469060000
1776469061.969,161.969,0.48,0.49,0.51,0.52,0.01,0.01,77054.71,1776469060000
1776469062.409,162.409,0.48,0.49,0.51,0.52,0.01,0.01,77054.71,1776469060000
1776469063.16,163.16,0.48,0.49,0.51,0.52,0.01,0.01,77054.03,1776469061000
1776469064.055,164.055,0.48,0.49,0.51,0.52,0.01,0.01,77053.3,1776469062000
1776469064.412,164.412,0.5,0.51,0.5,0.52,0.01,0.02,77053.3,1776469062000
1776469064.839,164.839,0.5,0.51,0.49,0.5,0.01,0.01,77052.6,1776469063000
1776469065.215,165.215,0.5,0.51,0.49,0.5,0.01,0.01,77052.66,1776469064000
1776469065.741,165.741,0.5,0.51,0.49,0.5,0.01,0.01,77052.66,1776469064000
1776469066.239,166.239,0.5,0.52,0.49,0.51,0.02,0.02,77052.66,1776469064000
1776469066.704,166.704,0.5,0.51,0.49,0.5,0.01,0.01,77052.66,1776469064000
1776469067.216,167.216,0.5,0.51,0.49,0.5,0.01,0.01,77054.32,1776469066000
1776469067.597,167.597,0.49,0.51,0.49,0.5,0.02,0.01,77054.32,1776469066000
1776469067.957,167.957,0.48,0.49,0.5,0.52,0.01,0.02,77054.32,1776469066000
1776469068.311,168.311,0.48,0.49,0.51,0.52,0.01,0.01,77054.32,1776469066000
1776469068.775,168.775,0.48,0.49,0.51,0.52,0.01,0.01,77054.3,1776469067000
1776469069.18,169.18,0.48,0.49,0.51,0.52,0.01,0.01,77054.31,1776469068000
1776469069.891,169.891,0.48,0.49,0.51,0.52,0.01,0.01,77054.31,1776469068000
1776469070.316,170.316,0.48,0.49,0.51,0.52,0.01,0.01,77054.31,1776469068000
1776469070.765,170.765,0.48,0.49,0.51,0.52,0.01,0.01,77054.31,1776469069000
1776469071.391,171.391,0.48,0.49,0.51,0.52,0.01,0.01,77053.92,1776469070000
1776469071.894,171.894,0.48,0.49,0.51,0.52,0.01,0.01,77053.92,1776469070000
1776469072.289,172.289,0.48,0.49,0.51,0.52,0.01,0.01,77053.92,1776469071000
1776469073.223,173.223,0.49,0.5,0.5,0.52,0.01,0.02,77053.92,1776469071000
1776469073.835,173.835,0.49,0.5,0.5,0.51,0.01,0.01,77054.0,1776469072000
1776469074.358,174.358,0.5,0.51,0.49,0.5,0.01,0.01,77054.0,1776469072000
1776469074.802,174.802,0.49,0.51,0.49,0.5,0.02,0.01,77054.01,1776469073000
1776469075.155,175.155,0.49,0.51,0.49,0.51,0.02,0.02,77054.01,1776469073000
1776469075.611,175.611,0.5,0.51,0.49,0.5,0.01,0.01,77054.94,1776469074000
1776469076.28,176.28,0.5,0.51,0.49,0.5,0.01,0.01,77054.94,1776469074000
1776469076.621,176.621,0.54,0.61,0.39,0.46,0.07,0.07,77054.94,1776469075000
1776469076.965,176.965,0.56,0.58,0.42,0.44,0.02,0.02,77054.94,1776469075000
1776469077.298,177.298,0.57,0.58,0.42,0.43,0.01,0.01,77059.49,1776469076000
1776469077.692,177.692,0.56,0.58,0.42,0.43,0.02,0.01,77059.49,1776469076000
1776469078.036,178.036,0.57,0.58,0.42,0.43,0.01,0.01,77059.49,1776469076000
1776469078.388,178.388,0.57,0.58,0.42,0.43,0.01,0.01,77063.2,1776469077000
1776469079.172,179.172,0.56,0.58,0.42,0.44,0.02,0.02,77063.81,1776469078000
1776469079.539,179.539,0.57,0.58,0.42,0.43,0.01,0.01,77063.81,1776469078000
1776469080.221,180.221,0.57,0.58,0.42,0.43,0.01,0.01,77063.85,1776469079000
1776469080.925,180.925,0.57,0.58,0.42,0.43,0.01,0.01,77063.85,1776469079000
1776469081.334,181.334,0.57,0.58,0.42,0.43,0.01,0.01,77062.41,1776469080000
1776469081.805,181.805,0.57,0.58,0.42,0.45,0.01,0.03,77062.41,1776469080000
1776469082.201,182.201,0.57,0.58,0.42,0.43,0.01,0.01,77062.41,1776469080000
1776469082.763,182.763,0.57,0.58,0.42,0.43,0.01,0.01,77063.86,1776469081000
1776469083.102,183.102,0.57,0.58,0.42,0.43,0.01,0.01,77063.86,1776469081000
1776469083.746,183.746,0.57,0.58,0.42,0.43,0.01,0.01,77063.91,1776469082000
1776469084.257,184.257,0.56,0.58,0.42,0.43,0.02,0.01,77063.91,1776469082000
1776469084.612,184.612,0.57,0.58,0.42,0.43,0.01,0.01,77063.91,1776469083000
1776469085.227,185.227,0.56,0.57,0.43,0.44,0.01,0.01,77063.91,1776469083000
1776469085.621,185.621,0.55,0.57,0.43,0.44,0.02,0.01,77063.92,1776469084000
1776469085.98,185.98,0.55,0.56,0.44,0.45,0.01,0.01,77063.91,1776469085000
1776469086.554,186.554,0.55,0.56,0.44,0.46,0.01,0.02,77063.91,1776469085000
1776469087.033,187.033,0.55,0.56,0.44,0.45,0.01,0.01,77063.74,1776469086000
1776469087.425,187.425,0.55,0.56,0.44,0.45,0.01,0.01,77063.74,1776469086000
1776469087.772,187.772,0.55,0.56,0.44,0.45,0.01,0.01,77063.74,1776469086000
1776469088.696,188.696,0.54,0.56,0.44,0.45,0.02,0.01,77063.92,1776469087000
1776469089.056,189.056,0.54,0.56,0.44,0.46,0.02,0.02,77063.91,1776469088000
1776469090.024,190.024,0.55,0.56,0.44,0.46,0.01,0.02,77063.91,1776469088000
1776469090.76,190.76,0.54,0.57,0.44,0.47,0.03,0.03,77063.91,1776469089000
1776469091.224,191.224,0.54,0.57,0.43,0.45,0.03,0.02,77065.1,1776469090000
1776469091.598,191.598,0.55,0.56,0.44,0.45,0.01,0.01,77065.1,1776469090000
1776469091.936,191.936,0.55,0.57,0.43,0.45,0.02,0.02,77065.1,1776469090000
1776469092.279,192.279,0.61,0.62,0.38,0.39,0.01,0.01,77065.1,1776469090000
1776469092.624,192.624,0.65,0.68,0.32,0.35,0.03,0.03,77069.07,1776469091000
1776469092.982,192.982,0.66,0.67,0.33,0.34,0.01,0.01,77075.11,1776469092000
1776469093.335,193.335,0.66,0.67,0.33,0.34,0.01,0.01,77075.11,1776469092000
1776469093.698,193.698,0.66,0.67,0.32,0.34,0.01,0.02,77075.11,1776469092000
1776469094.065,194.065,0.66,0.67,0.33,0.34,0.01,0.01,77079.04,1776469093000
1776469094.468,194.468,0.67,0.68,0.33,0.34,0.01,0.01,77079.04,1776469093000
1776469095.027,195.027,0.67,0.68,0.32,0.33,0.01,0.01,77079.04,1776469093000
1776469095.748,195.748,0.67,0.68,0.32,0.33,0.01,0.01,77080.12,1776469094000
1776469096.15,196.15,0.67,0.68,0.32,0.33,0.01,0.01,77080.12,1776469094000
1776469096.789,196.789,0.67,0.69,0.32,0.33,0.02,0.01,77080.24,1776469095000
1776469097.743,197.743,0.67,0.68,0.31,0.33,0.01,0.02,77080.56,1776469096000
1776469098.084,198.084,0.67,0.69,0.32,0.33,0.02,0.01,77080.56,1776469096000
1776469098.437,198.437,0.68,0.69,0.31,0.33,0.01,0.02,77080.56,1776469097000
1776469098.896,198.896,0.68,0.69,0.31,0.32,0.01,0.01,77080.56,1776469097000
1776469099.309,199.309,0.68,0.69,0.31,0.32,0.01,0.01,77080.56,1776469097000
1776469099.646,199.646,0.68,0.7,0.3,0.32,0.02,0.02,77080.56,1776469098000
1776469100.061,200.061,0.68,0.71,0.29,0.32,0.03,0.03,77080.57,1776469099000
1776469100.404,200.404,0.69,0.71,0.29,0.31,0.02,0.02,77080.57,1776469099000
1776469100.766,200.766,0.71,0.73,0.28,0.29,0.02,0.01,77080.57,1776469099000
1776469101.157,201.157,0.73,0.74,0.26,0.27,0.01,0.01,77082.66,1776469100000
1776469101.524,201.524,0.75,0.78,0.22,0.26,0.03,0.04,77082.66,1776469100000
1776469101.878,201.878,0.77,0.79,0.21,0.24,0.02,0.03,77082.66,1776469100000
1776469102.26,202.26,0.78,0.8,0.2,0.22,0.02,0.02,77086.94,1776469101000
1776469102.594,202.594,0.79,0.8,0.2,0.21,0.01,0.01,77086.94,1776469101000
1776469103.363,203.363,0.79,0.8,0.2,0.21,0.01,0.01,77086.94,1776469101000
1776469103.725,203.725,0.79,0.8,0.2,0.21,0.01,0.01,77086.94,1776469101000
1776469104.059,204.059,0.79,0.8,0.2,0.21,0.01,0.01,77091.68,1776469103000
1776469104.431,204.431,0.79,0.81,0.19,0.21,0.02,0.02,77091.68,1776469103000
1776469105.222,205.222,0.79,0.81,0.19,0.21,0.02,0.02,77091.68,1776469104000
1776469105.586,205.586,0.8,0.81,0.19,0.21,0.01,0.02,77091.68,1776469104000
1776469106.049,206.049,0.8,0.81,0.19,0.2,0.01,0.01,77091.68,1776469104000
1776469106.477,206.477,0.8,0.81,0.19,0.2,0.01,0.01,77092.05,1776469105000
1776469106.838,206.838,0.8,0.81,0.19,0.2,0.01,0.01,77092.05,1776469105000
1776469107.748,207.748,0.8,0.81,0.19,0.2,0.01,0.01,77092.06,1776469106000
1776469108.117,208.117,0.79,0.81,0.19,0.21,0.02,0.02,77092.06,1776469106000
1776469108.453,208.453,0.79,0.81,0.19,0.2,0.02,0.01,77091.86,1776469107000
1776469108.806,208.806,0.8,0.81,0.19,0.2,0.01,0.01,77091.86,1776469107000
1776469109.165,209.165,0.74,0.79,0.21,0.26,0.05,0.05,77091.86,1776469107000
1776469109.541,209.541,0.76,0.77,0.23,0.24,0.01,0.01,77089.85,1776469108000
1776469109.876,209.876,0.76,0.77,0.23,0.24,0.01,0.01,77089.85,1776469108000
1776469110.286,210.286,0.75,0.76,0.24,0.25,0.01,0.01,77086.43,1776469109000
1776469110.646,210.646,0.74,0.75,0.25,0.26,0.01,0.01,77086.43,1776469109000
1776469110.985,210.985,0.74,0.75,0.25,0.26,0.01,0.01,77086.43,1776469109000
1776469111.782,211.782,0.74,0.75,0.25,0.26,0.01,0.01,77085.97,1776469110000
1776469112.154,212.154,0.74,0.75,0.25,0.26,0.01,0.01,77085.97,1776469110000
1776469112.841,212.841,0.74,0.75,0.25,0.26,0.01,0.01,77086.07,1776469111000
1776469113.308,213.308,0.74,0.75,0.25,0.26,0.01,0.01,77086.07,1776469112000
1776469113.642,213.642,0.74,0.76,0.24,0.26,0.02,0.02,77086.07,1776469112000
1776469113.995,213.995,0.74,0.75,0.25,0.26,0.01,0.01,77086.07,1776469113000
1776469114.338,214.338,0.74,0.76,0.24,0.26,0.02,0.02,77086.07,1776469113000
1776469114.916,214.916,0.75,0.76,0.24,0.26,0.01,0.02,77086.07,1776469113000
1776469115.775,215.775,0.75,0.76,0.24,0.25,0.01,0.01,77086.11,1776469114000
1776469116.196,216.196,0.76,0.77,0.23,0.24,0.01,0.01,77086.11,1776469114000
1776469116.924,216.924,0.76,0.77,0.23,0.24,0.01,0.01,77086.25,1776469115000
1776469117.385,217.385,0.76,0.77,0.23,0.24,0.01,0.01,77086.28,1776469116000
1776469117.842,217.842,0.75,0.76,0.23,0.25,0.01,0.02,77086.28,1776469116000
1776469118.393,218.393,0.75,0.76,0.24,0.25,0.01,0.01,77086.28,1776469116000
1776469118.733,218.733,0.75,0.77,0.24,0.25,0.02,0.01,77086.28,1776469116000
1776469119.367,219.367,0.76,0.77,0.23,0.25,0.01,0.02,77085.89,1776469117000
1776469119.823,219.823,0.76,0.77,0.23,0.24,0.01,0.01,77085.89,1776469118000
1776469120.57,220.57,0.75,0.77,0.23,0.24,0.02,0.01,77085.89,1776469119000
1776469120.908,220.908,0.7,0.75,0.25,0.29,0.05,0.04,77085.89,1776469119000
1776469121.606,221.606,0.73,0.75,0.25,0.3,0.02,0.05,77085.3,1776469120000
1776469122.055,222.055,0.73,0.75,0.25,0.27,0.02,0.02,77085.3,1776469120000
1776469123.187,223.187,0.73,0.75,0.25,0.27,0.02,0.02,77077.37,1776469122000
1776469124.231,224.231,0.73,0.75,0.25,0.27,0.02,0.02,77076.59,1776469123000
1776469124.567,224.567,0.73,0.74,0.26,0.27,0.01,0.01,77076.59,1776469123000
1776469124.97,224.97,0.71,0.72,0.28,0.29,0.01,0.01,77076.59,1776469123000
1776469125.349,225.349,0.71,0.72,0.28,0.29,0.01,0.01,77074.63,1776469124000
1776469125.687,225.687,0.7,0.74,0.26,0.3,0.04,0.04,77074.63,1776469124000
1776469126.215,226.215,0.65,0.66,0.34,0.35,0.01,0.01,77074.63,1776469124000
1776469126.571,226.571,0.65,0.66,0.34,0.35,0.01,0.01,77075.89,1776469125000
1776469126.946,226.946,0.65,0.66,0.34,0.35,0.01,0.01,77075.89,1776469125000
1776469127.288,227.288,0.65,0.66,0.34,0.35,0.01,0.01,77075.89,1776469125000
1776469127.624,227.624,0.65,0.66,0.34,0.35,0.01,0.01,77071.55,1776469126000
1776469127.975,227.975,0.67,0.69,0.31,0.33,0.02,0.02,77070.55,1776469127000
1776469128.52,228.52,0.68,0.69,0.31,0.33,0.01,0.02,77070.55,1776469127000
1776469128.889,228.889,0.69,0.7,0.3,0.31,0.01,0.01,77069.36,1776469128000
1776469129.231,229.231,0.69,0.7,0.3,0.31,0.01,0.01,77069.36,1776469128000
1776469129.946,229.946,0.69,0.7,0.3,0.31,0.01,0.01,77070.57,1776469129000
1776469130.476,230.476,0.66,0.68,0.3,0.34,0.02,0.04,77070.57,1776469129000
1776469130.927,230.927,0.59,0.6,0.4,0.41,0.01,0.01,77071.82,1776469130000
1776469131.302,231.302,0.59,0.6,0.4,0.41,0.01,0.01,77071.82,1776469130000
1776469131.674,231.674,0.58,0.59,0.41,0.42,0.01,0.01,77071.82,1776469130000
1776469132.021,232.021,0.58,0.59,0.41,0.42,0.01,0.01,77071.82,1776469130000
1776469132.362,232.362,0.58,0.59,0.41,0.43,0.01,0.02,77071.82,1776469130000
1776469132.759,232.759,0.58,0.59,0.41,0.42,0.01,0.01,77067.58,1776469131000
1776469133.13,233.13,0.58,0.59,0.41,0.43,0.01,0.02,77066.71,1776469132000
1776469133.469,233.469,0.58,0.61,0.41,0.42,0.03,0.01,77066.71,1776469132000
1776469134.02,234.02,0.59,0.6,0.4,0.41,0.01,0.01,77065.96,1776469133000
1776469134.628,234.628,0.59,0.62,0.4,0.41,0.03,0.01,77065.96,1776469133000
1776469135.147,235.147,0.6,0.61,0.38,0.4,0.01,0.02,77065.96,1776469133000
1776469135.561,235.561,0.57,0.61,0.39,0.4,0.04,0.01,77065.72,1776469134000
1776469136.141,236.141,0.61,0.62,0.38,0.41,0.01,0.03,77065.72,1776469134000
1776469136.486,236.486,0.61,0.62,0.38,0.39,0.01,0.01,77065.76,1776469135000
1776469136.978,236.978,0.61,0.64,0.38,0.39,0.03,0.01,77065.76,1776469135000
1776469137.601,237.601,0.62,0.63,0.37,0.38,0.01,0.01,77065.94,1776469136000
1776469138.07,238.07,0.62,0.63,0.36,0.38,0.01,0.02,77065.94,1776469136000
1776469138.488,238.488,0.63,0.66,0.37,0.38,0.03,0.01,77065.91,1776469137000
1776469138.851,238.851,0.65,0.66,0.34,0.36,0.01,0.02,77065.91,1776469137000
1776469139.273,239.273,0.66,0.67,0.33,0.34,0.01,0.01,77065.86,1776469138000
1776469139.627,239.627,0.66,0.67,0.33,0.34,0.01,0.01,77065.86,1776469138000
1776469140.217,240.217,0.66,0.67,0.33,0.34,0.01,0.01,77065.87,1776469139000
1776469140.556,240.556,0.66,0.67,0.33,0.34,0.01,0.01,77065.87,1776469139000
1776469140.928,240.928,0.67,0.68,0.32,0.34,0.01,0.02,77065.87,1776469139000
1776469141.47,241.47,0.67,0.68,0.32,0.33,0.01,0.01,77065.85,1776469140000
1776469142.043,242.043,0.66,0.67,0.33,0.34,0.01,0.01,77065.85,1776469140000
1776469142.505,242.505,0.7,0.71,0.31,0.32,0.01,0.01,77065.36,1776469141000
1776469143.009,243.009,0.68,0.72,0.28,0.29,0.04,0.01,77065.36,1776469141000
1776469143.728,243.728,0.72,0.73,0.28,0.29,0.01,0.01,77065.4,1776469142000
1776469144.185,244.185,0.72,0.73,0.27,0.28,0.01,0.01,77065.4,1776469142000
1776469144.636,244.636,0.71,0.73,0.28,0.32,0.02,0.04,77067.39,1776469143000
1776469145.121,245.121,0.71,0.72,0.28,0.3,0.01,0.02,77067.39,1776469143000
1776469145.623,245.623,0.68,0.71,0.28,0.32,0.03,0.04,77067.39,1776469143000
1776469146.414,246.414,0.69,0.7,0.3,0.31,0.01,0.01,77071.04,1776469145000
1776469146.838,246.838,0.69,0.7,0.3,0.31,0.01,0.01,77071.04,1776469145000
1776469147.387,247.387,0.69,0.7,0.3,0.31,0.01,0.01,77071.15,1776469146000
1776469147.724,247.724,0.68,0.69,0.31,0.32,0.01,0.01,77071.15,1776469146000
1776469148.063,248.063,0.69,0.7,0.3,0.31,0.01,0.01,77071.16,1776469147000
1776469148.411,248.411,0.69,0.7,0.3,0.31,0.01,0.01,77071.16,1776469147000
1776469148.761,248.761,0.66,0.68,0.32,0.34,0.02,0.02,77071.16,1776469147000
1776469149.1,249.1,0.66,0.67,0.33,0.34,0.01,0.01,77071.17,1776469148000
1776469149.462,249.462,0.66,0.67,0.33,0.34,0.01,0.01,77071.17,1776469148000
1776469149.828,249.828,0.73,0.74,0.26,0.27,0.01,0.01,77071.17,1776469148000
1776469150.163,250.163,0.73,0.74,0.26,0.27,0.01,0.01,77071.66,1776469149000
1776469150.511,250.511,0.73,0.74,0.26,0.27,0.01,0.01,77071.66,1776469149000
1776469150.844,250.844,0.72,0.73,0.27,0.28,0.01,0.01,77071.66,1776469149000
1776469151.235,251.235,0.71,0.72,0.28,0.29,0.01,0.01,77074.42,1776469150000
1776469151.58,251.58,0.71,0.72,0.28,0.29,0.01,0.01,77074.42,1776469150000
1776469151.958,251.958,0.69,0.7,0.3,0.31,0.01,0.01,77074.42,1776469150000
1776469152.339,252.339,0.69,0.7,0.3,0.31,0.01,0.01,77074.25,1776469151000
1776469152.725,252.725,0.69,0.7,0.3,0.31,0.01,0.01,77074.25,1776469151000
1776469153.069,253.069,0.53,0.59,0.41,0.46,0.06,0.05,77074.25,1776469151000
1776469153.464,253.464,0.46,0.49,0.51,0.54,0.03,0.03,77075.49,1776469152000
1776469153.811,253.811,0.39,0.42,0.58,0.61,0.03,0.03,77075.49,1776469152000
1776469154.15,254.15,0.35,0.45,0.55,0.65,0.1,0.1,77069.36,1776469153000
1776469154.487,254.487,0.19,0.21,0.79,0.8,0.02,0.01,77069.36,1776469153000
1776469154.828,254.828,0.19,0.2,0.8,0.81,0.01,0.01,77069.36,1776469153000
1776469155.173,255.173,0.2,0.25,0.75,0.8,0.05,0.05,77027.39,1776469154000
1776469155.511,255.511,0.2,0.21,0.79,0.8,0.01,0.01,77027.39,1776469154000
1776469155.856,255.856,0.18,0.2,0.75,0.82,0.02,0.07,77027.39,1776469154000
1776469156.189,256.189,0.21,0.22,0.76,0.79,0.01,0.03,77019.35,1776469155000
1776469156.527,256.527,0.21,0.22,0.78,0.79,0.01,0.01,77019.35,1776469155000
1776469156.861,256.861,0.2,0.21,0.79,0.8,0.01,0.01,77019.35,1776469155000
1776469157.203,257.203,0.2,0.21,0.79,0.8,0.01,0.01,77019.35,1776469155000
1776469157.571,257.571,0.19,0.2,0.8,0.81,0.01,0.01,77027.7,1776469156000
1776469157.917,257.917,0.15,0.18,0.82,0.83,0.03,0.01,77027.7,1776469156000
1776469158.274,258.274,0.16,0.17,0.83,0.84,0.01,0.01,77027.7,1776469156000
1776469158.637,258.637,0.16,0.17,0.83,0.84,0.01,0.01,77028.21,1776469157000
1776469158.989,258.989,0.16,0.17,0.83,0.84,0.01,0.01,77028.21,1776469157000
1776469159.348,259.348,0.16,0.17,0.83,0.84,0.01,0.01,77029.77,1776469158000
1776469159.729,259.729,0.15,0.16,0.83,0.85,0.01,0.02,77029.77,1776469158000
1776469160.087,260.087,0.15,0.16,0.84,0.85,0.01,0.01,77029.77,1776469158000
1776469160.43,260.43,0.15,0.16,0.84,0.85,0.01,0.01,77029.77,1776469159000
1776469161.042,261.042,0.13,0.14,0.85,0.86,0.01,0.01,77029.77,1776469159000
1776469161.435,261.435,0.14,0.15,0.85,0.86,0.01,0.01,77029.77,1776469159000
1776469161.806,261.806,0.14,0.15,0.85,0.86,0.01,0.01,77030.19,1776469160000
1776469162.261,262.261,0.19,0.2,0.8,0.81,0.01,0.01,77029.85,1776469161000
1776469162.6,262.6,0.2,0.21,0.79,0.8,0.01,0.01,77029.85,1776469161000
1776469162.993,262.993,0.21,0.22,0.78,0.79,0.01,0.01,77029.85,1776469161000
1776469163.365,263.365,0.2,0.21,0.78,0.8,0.01,0.02,77029.85,1776469161000
1776469163.706,263.706,0.2,0.21,0.79,0.8,0.01,0.01,77029.69,1776469162000
1776469164.121,264.121,0.21,0.22,0.78,0.79,0.01,0.01,77029.69,1776469162000
1776469164.486,264.486,0.2,0.21,0.79,0.8,0.01,0.01,77030.86,1776469163000
1776469164.836,264.836,0.2,0.21,0.79,0.8,0.01,0.01,77030.86,1776469163000
1776469165.206,265.206,0.2,0.21,0.78,0.8,0.01,0.02,77030.86,1776469163000
1776469165.619,265.619,0.18,0.19,0.8,0.82,0.01,0.02,77035.46,1776469164000
1776469166.06,266.06,0.18,0.19,0.81,0.82,0.01,0.01,77035.46,1776469164000
1776469166.505,266.505,0.18,0.19,0.81,0.82,0.01,0.01,77036.63,1776469165000
1776469167.132,267.132,0.17,0.19,0.81,0.83,0.02,0.02,77036.63,1776469166000
1776469167.5,267.5,0.17,0.18,0.82,0.83,0.01,0.01,77036.63,1776469166000
1776469168.115,268.115,0.2,0.22,0.78,0.79,0.02,0.01,77036.63,1776469166000
1776469168.474,268.474,0.17,0.18,0.82,0.83,0.01,0.01,77034.52,1776469167000
1776469168.861,268.861,0.17,0.18,0.82,0.83,0.01,0.01,77034.52,1776469167000
1776469169.225,269.225,0.17,0.18,0.82,0.83,0.01,0.01,77034.52,1776469168000
1776469169.562,269.562,0.18,0.21,0.81,0.82,0.03,0.01,77034.52,1776469168000
1776469169.908,269.908,0.18,0.19,0.81,0.82,0.01,0.01,77034.52,1776469168000
1776469170.241,270.241,0.18,0.19,0.81,0.82,0.01,0.01,77034.52,1776469168000
1776469170.582,270.582,0.17,0.19,0.81,0.82,0.02,0.01,77034.52,1776469168000
1776469171.039,271.039,0.16,0.17,0.81,0.84,0.01,0.03,77034.54,1776469169000
1776469171.476,271.476,0.14,0.15,0.85,0.86,0.01,0.01,77034.54,1776469170000
1776469171.813,271.813,0.14,0.15,0.85,0.86,0.01,0.01,77034.54,1776469170000
1776469172.178,272.178,0.14,0.15,0.85,0.86,0.01,0.01,77034.54,1776469170000
1776469172.552,272.552,0.14,0.15,0.85,0.86,0.01,0.01,77034.35,1776469171000
1776469172.89,272.89,0.17,0.18,0.82,0.83,0.01,0.01,77034.35,1776469171000
1776469173.263,273.263,0.16,0.18,0.82,0.83,0.02,0.01,77034.35,1776469172000
1776469173.598,273.598,0.16,0.17,0.83,0.84,0.01,0.01,77034.35,1776469172000
1776469173.935,273.935,0.2,0.21,0.79,0.8,0.01,0.01,77034.35,1776469172000
1776469174.314,274.314,0.2,0.21,0.79,0.8,0.01,0.01,77034.34,1776469173000
1776469174.699,274.699,0.19,0.21,0.8,0.81,0.02,0.01,77034.34,1776469173000
1776469175.068,275.068,0.19,0.2,0.8,0.81,0.01,0.01,77034.34,1776469174000
1776469175.409,275.409,0.2,0.21,0.79,0.8,0.01,0.01,77034.34,1776469174000
1776469175.883,275.883,0.2,0.21,0.79,0.8,0.01,0.01,77034.34,1776469174000
1776469176.254,276.254,0.2,0.21,0.79,0.8,0.01,0.01,77034.34,1776469174000
1776469176.59,276.59,0.2,0.22,0.79,0.8,0.02,0.01,77034.34,1776469174000
1776469177.069,277.069,0.24,0.25,0.75,0.77,0.01,0.02,77036.99,1776469175000
1776469177.486,277.486,0.24,0.25,0.75,0.76,0.01,0.01,77036.81,1776469176000
1776469177.856,277.856,0.24,0.25,0.75,0.76,0.01,0.01,77036.81,1776469176000
1776469178.247,278.247,0.24,0.25,0.75,0.76,0.01,0.01,77036.79,1776469177000
1776469178.611,278.611,0.23,0.25,0.75,0.76,0.02,0.01,77036.79,1776469177000
1776469179.194,279.194,0.22,0.23,0.77,0.78,0.01,0.01,77036.79,1776469177000
1776469179.594,279.594,0.17,0.22,0.77,0.78,0.05,0.01,77036.79,1776469177000
1776469180.079,280.079,0.18,0.19,0.81,0.82,0.01,0.01,77037.58,1776469178000
1776469180.502,280.502,0.19,0.2,0.8,0.81,0.01,0.01,77037.58,1776469179000
1776469181.027,281.027,0.2,0.21,0.75,0.81,0.01,0.06,77037.58,1776469179000
1776469181.392,281.392,0.17,0.2,0.79,0.81,0.03,0.02,77037.55,1776469180000
1776469181.902,281.902,0.14,0.2,0.8,0.81,0.06,0.01,77037.55,1776469180000
1776469182.253,282.253,0.15,0.16,0.84,0.85,0.01,0.01,77037.55,1776469180000
1776469182.599,282.599,0.14,0.15,0.84,0.85,0.01,0.01,77037.03,1776469181000
1776469183.003,283.003,0.14,0.15,0.85,0.86,0.01,0.01,77036.86,1776469182000
1776469183.41,283.41,0.13,0.14,0.85,0.86,0.01,0.01,77036.86,1776469182000
1776469183.914,283.914,0.12,0.13,0.86,0.87,0.01,0.01,77036.86,1776469182000
1776469184.754,284.754,0.12,0.13,0.87,0.88,0.01,0.01,77036.86,1776469182000
1776469185.11,285.11,0.12,0.13,0.87,0.88,0.01,0.01,77036.75,1776469183000
1776469185.533,285.533,0.12,0.14,0.87,0.88,0.02,0.01,77036.75,1776469183000
1776469185.87,285.87,0.15,0.16,0.84,0.85,0.01,0.01,77036.76,1776469184000
1776469186.203,286.203,0.15,0.16,0.84,0.85,0.01,0.01,77036.76,1776469184000
1776469186.551,286.551,0.15,0.16,0.84,0.85,0.01,0.01,77036.71,1776469185000
1776469186.887,286.887,0.14,0.15,0.85,0.86,0.01,0.01,77036.71,1776469185000
1776469187.223,287.223,0.13,0.15,0.86,0.87,0.02,0.01,77036.46,1776469186000
1776469187.565,287.565,0.14,0.15,0.85,0.86,0.01,0.01,77036.46,1776469186000
1776469187.903,287.903,0.14,0.15,0.85,0.86,0.01,0.01,77036.46,1776469186000
1776469188.238,288.238,0.14,0.15,0.85,0.86,0.01,0.01,77036.46,1776469186000
1776469188.63,288.63,0.13,0.14,0.86,0.87,0.01,0.01,77036.3,1776469187000
1776469189.081,289.081,0.13,0.14,0.86,0.87,0.01,0.01,77034.67,1776469188000
1776469189.424,289.424,0.11,0.12,0.88,0.89,0.01,0.01,77034.67,1776469188000
1776469189.777,289.777,0.11,0.12,0.88,0.89,0.01,0.01,77034.67,1776469188000
1776469190.321,290.321,0.11,0.12,0.88,0.89,0.01,0.01,77034.67,1776469188000
1776469190.747,290.747,0.1,0.11,0.89,0.9,0.01,0.01,77034.0,1776469189000
1776469191.203,291.203,0.1,0.11,0.89,0.9,0.01,0.01,77032.05,1776469190000
1776469191.582,291.582,0.12,0.13,0.87,0.88,0.01,0.01,77032.05,1776469190000
1776469191.936,291.936,0.11,0.12,0.88,0.89,0.01,0.01,77032.05,1776469190000
1776469192.354,292.354,0.11,0.12,0.88,0.89,0.01,0.01,77032.77,1776469191000
1776469192.73,292.73,0.1,0.12,0.88,0.9,0.02,0.02,77032.77,1776469191000
1776469193.078,293.078,0.1,0.11,0.89,0.9,0.01,0.01,77032.77,1776469191000
1776469193.45,293.45,0.09,0.1,0.9,0.91,0.01,0.01,77032.77,1776469191000
1776469193.808,293.808,0.1,0.11,0.88,0.91,0.01,0.03,77032.62,1776469192000
1776469194.204,294.204,0.1,0.12,0.87,0.88,0.02,0.01,77032.62,1776469192000
1776469194.585,294.585,0.08,0.09,0.91,0.92,0.01,0.01,77032.42,1776469193000
1776469195.115,295.115,0.07,0.08,0.91,0.92,0.01,0.01,77032.42,1776469193000
1776469195.473,295.473,0.06,0.07,0.93,0.94,0.01,0.01,77032.24,1776469194000
1776469195.844,295.844,0.06,0.07,0.93,0.94,0.01,0.01,77032.24,1776469194000
1776469196.181,296.181,0.05,0.06,0.94,0.95,0.01,0.01,77032.05,1776469195000
1776469196.529,296.529,0.05,0.06,0.94,0.95,0.01,0.01,77032.05,1776469195000
1776469196.923,296.923,0.05,0.06,0.94,0.95,0.01,0.01,77032.05,1776469195000
1776469197.326,297.326,0.04,0.05,0.95,0.96,0.01,0.01,77032.3,1776469196000
1776469197.701,297.701,0.04,0.05,0.95,0.96,0.01,0.01,77032.3,1776469196000
1776469198.087,298.087,0.03,0.04,0.95,0.97,0.01,0.02,77032.3,1776469196000
1776469198.421,298.421,0.03,0.04,0.96,0.97,0.01,0.01,77032.48,1776469197000
1776469198.756,298.756,0.01,0.03,0.97,0.99,0.02,0.02,77032.48,1776469197000
1776469199.095,299.095,0.01,0.02,0.98,0.99,0.01,0.01,77032.48,1776469197000
1776469199.442,299.442,0.01,0.01,0.99,0.99,0.0,0.0,77032.73,1776469198000
1776469199.797,299.797,0.01,0.01,0.99,0.99,0.0,0.0,77032.73,1776469198000
1776469200.421,300.421,0.01,0.01,0.99,0.99,0.0,0.0,77033.0,1776469199000
1776469200.77,300.77,0.01,0.01,0.99,0.99,0.0,0.0,77033.0,1776469199000

# RESULT,winner=Down,slug=btc-updown-5m-1776468900,ticks=660
