timestamp,elapsed_sec,up_bid,up_ask,down_bid,down_ask,up_spread,down_spread,btc_price,btc_oracle_ts
1776339300.553,0.553,0.5,0.51,0.49,0.51,0.01,0.02,74433.1,1776339299000
1776339300.932,0.932,0.5,0.51,0.49,0.5,0.01,0.01,74433.1,1776339299000
1776339301.441,1.441,0.5,0.51,0.49,0.5,0.01,0.01,74438.86,1776339300000
1776339301.908,1.908,0.5,0.51,0.49,0.5,0.01,0.01,74438.86,1776339300000
1776339302.323,2.323,0.5,0.51,0.49,0.5,0.01,0.01,74436.16,1776339301000
1776339302.68,2.68,0.5,0.56,0.44,0.48,0.06,0.04,74436.16,1776339301000
1776339303.115,3.115,0.55,0.58,0.42,0.45,0.03,0.03,74455.62,1776339302000
1776339303.453,3.453,0.54,0.58,0.44,0.46,0.04,0.02,74455.62,1776339302000
1776339303.802,3.802,0.55,0.57,0.43,0.45,0.02,0.02,74455.62,1776339302000
1776339304.162,4.162,0.56,0.57,0.43,0.44,0.01,0.01,74461.47,1776339303000
1776339304.67,4.67,0.56,0.57,0.43,0.44,0.01,0.01,74461.47,1776339303000
1776339305.005,5.005,0.56,0.57,0.43,0.44,0.01,0.01,74461.47,1776339303000
1776339305.339,5.339,0.61,0.62,0.38,0.39,0.01,0.01,74459.97,1776339304000
1776339305.69,5.69,0.57,0.62,0.38,0.43,0.05,0.05,74459.97,1776339304000
1776339306.036,6.036,0.61,0.62,0.37,0.39,0.01,0.02,74459.97,1776339304000
1776339306.372,6.372,0.61,0.62,0.38,0.39,0.01,0.01,74457.25,1776339305000
1776339306.727,6.727,0.61,0.64,0.38,0.39,0.03,0.01,74457.25,1776339305000
1776339307.076,7.076,0.62,0.64,0.35,0.38,0.02,0.03,74457.25,1776339305000
1776339307.414,7.414,0.63,0.64,0.36,0.37,0.01,0.01,74467.55,1776339306000
1776339307.827,7.827,0.62,0.63,0.37,0.38,0.01,0.01,74467.55,1776339306000
1776339308.163,8.163,0.6,0.63,0.37,0.4,0.03,0.03,74466.59,1776339307000
1776339308.55,8.55,0.61,0.63,0.37,0.4,0.02,0.03,74466.59,1776339307000
1776339308.997,8.997,0.56,0.57,0.43,0.44,0.01,0.01,74466.59,1776339307000
1776339309.431,9.431,0.56,0.57,0.43,0.45,0.01,0.02,74466.52,1776339308000
1776339310.098,10.098,0.56,0.57,0.43,0.44,0.01,0.01,74466.52,1776339308000
1776339310.847,10.847,0.56,0.57,0.43,0.44,0.01,0.01,74461.07,1776339309000
1776339311.263,11.263,0.56,0.57,0.43,0.44,0.01,0.01,74451.2,1776339310000
1776339311.597,11.597,0.57,0.58,0.42,0.43,0.01,0.01,74451.2,1776339310000
1776339311.933,11.933,0.62,0.64,0.37,0.38,0.02,0.01,74451.2,1776339310000
1776339312.275,12.275,0.63,0.65,0.36,0.37,0.02,0.01,74470.07,1776339311000
1776339312.619,12.619,0.64,0.65,0.35,0.36,0.01,0.01,74470.07,1776339311000
1776339312.954,12.954,0.66,0.68,0.32,0.34,0.02,0.02,74470.07,1776339311000
1776339313.295,13.295,0.63,0.65,0.35,0.37,0.02,0.02,74473.6,1776339312000
1776339313.636,13.636,0.62,0.63,0.37,0.38,0.01,0.01,74473.6,1776339312000
1776339314.02,14.02,0.62,0.63,0.37,0.38,0.01,0.01,74473.6,1776339312000
1776339314.36,14.36,0.62,0.63,0.37,0.39,0.01,0.02,74472.65,1776339313000
1776339314.723,14.723,0.62,0.63,0.37,0.38,0.01,0.01,74472.65,1776339313000
1776339315.072,15.072,0.62,0.63,0.37,0.38,0.01,0.01,74472.65,1776339313000
1776339315.417,15.417,0.62,0.63,0.37,0.38,0.01,0.01,74465.6,1776339314000
1776339315.876,15.876,0.62,0.63,0.37,0.38,0.01,0.01,74465.6,1776339314000
1776339316.236,16.236,0.61,0.63,0.37,0.39,0.02,0.02,74466.81,1776339315000
1776339316.59,16.59,0.61,0.62,0.38,0.39,0.01,0.01,74466.81,1776339315000
1776339317.065,17.065,0.59,0.6,0.39,0.41,0.01,0.02,74466.81,1776339315000
1776339317.479,17.479,0.59,0.6,0.4,0.41,0.01,0.01,74466.07,1776339316000
1776339317.812,17.812,0.58,0.6,0.4,0.42,0.02,0.02,74466.07,1776339316000
1776339318.172,18.172,0.57,0.58,0.41,0.43,0.01,0.02,74466.07,1776339316000
1776339318.511,18.511,0.57,0.58,0.42,0.43,0.01,0.01,74457.66,1776339317000
1776339318.912,18.912,0.56,0.58,0.42,0.44,0.02,0.02,74457.66,1776339317000
1776339319.3,19.3,0.56,0.57,0.43,0.44,0.01,0.01,74457.66,1776339317000
1776339319.634,19.634,0.56,0.58,0.42,0.44,0.02,0.02,74452.73,1776339318000
1776339319.972,19.972,0.57,0.58,0.42,0.43,0.01,0.01,74452.71,1776339319000
1776339320.346,20.346,0.57,0.58,0.42,0.43,0.01,0.01,74452.71,1776339319000
1776339320.704,20.704,0.55,0.56,0.44,0.45,0.01,0.01,74452.71,1776339319000
1776339321.058,21.058,0.55,0.56,0.44,0.45,0.01,0.01,74452.71,1776339319000
1776339321.448,21.448,0.54,0.55,0.45,0.46,0.01,0.01,74452.03,1776339320000
1776339321.789,21.789,0.54,0.55,0.45,0.46,0.01,0.01,74452.03,1776339320000
1776339322.141,22.141,0.52,0.53,0.45,0.48,0.01,0.03,74451.02,1776339321000
1776339322.639,22.639,0.52,0.53,0.47,0.48,0.01,0.01,74451.02,1776339321000
1776339323.023,23.023,0.52,0.53,0.47,0.48,0.01,0.01,74451.02,1776339321000
1776339323.379,23.379,0.52,0.53,0.47,0.48,0.01,0.01,74451.02,1776339321000
1776339323.715,23.715,0.52,0.53,0.47,0.48,0.01,0.01,74446.13,1776339322000
1776339324.207,24.207,0.52,0.53,0.47,0.48,0.01,0.01,74445.58,1776339323000
1776339324.554,24.554,0.52,0.53,0.47,0.48,0.01,0.01,74445.58,1776339323000
1776339324.891,24.891,0.52,0.53,0.47,0.48,0.01,0.01,74445.58,1776339323000
1776339325.347,25.347,0.52,0.53,0.47,0.48,0.01,0.01,74446.19,1776339324000
1776339325.735,25.735,0.52,0.53,0.47,0.48,0.01,0.01,74446.19,1776339324000
1776339326.107,26.107,0.52,0.53,0.47,0.48,0.01,0.01,74446.19,1776339324000
1776339326.465,26.465,0.52,0.53,0.47,0.48,0.01,0.01,74446.38,1776339325000
1776339327.016,27.016,0.53,0.54,0.46,0.48,0.01,0.02,74446.38,1776339325000
1776339327.418,27.418,0.53,0.54,0.46,0.47,0.01,0.01,74446.76,1776339326000
1776339327.76,27.76,0.53,0.54,0.46,0.47,0.01,0.01,74446.76,1776339326000
1776339328.101,28.101,0.55,0.56,0.44,0.45,0.01,0.01,74446.84,1776339327000
1776339328.44,28.44,0.55,0.56,0.44,0.45,0.01,0.01,74446.84,1776339327000
1776339328.821,28.821,0.55,0.56,0.44,0.45,0.01,0.01,74446.84,1776339327000
1776339329.161,29.161,0.55,0.56,0.44,0.45,0.01,0.01,74447.33,1776339328000
1776339329.507,29.507,0.55,0.56,0.44,0.45,0.01,0.01,74447.33,1776339328000
1776339329.904,29.904,0.55,0.56,0.44,0.45,0.01,0.01,74447.33,1776339328000
1776339330.351,30.351,0.55,0.56,0.44,0.45,0.01,0.01,74447.33,1776339328000
1776339330.794,30.794,0.55,0.56,0.44,0.45,0.01,0.01,74447.49,1776339329000
1776339331.224,31.224,0.55,0.56,0.44,0.45,0.01,0.01,74447.34,1776339330000
1776339331.617,31.617,0.55,0.56,0.44,0.45,0.01,0.01,74447.34,1776339330000
1776339331.971,31.971,0.55,0.56,0.44,0.45,0.01,0.01,74447.34,1776339330000
1776339332.304,32.304,0.55,0.56,0.44,0.45,0.01,0.01,74447.45,1776339331000
1776339332.778,32.778,0.55,0.56,0.44,0.45,0.01,0.01,74447.45,1776339331000
1776339333.293,33.293,0.55,0.56,0.44,0.45,0.01,0.01,74447.45,1776339331000
1776339333.651,33.651,0.55,0.56,0.44,0.45,0.01,0.01,74447.35,1776339332000
1776339333.994,33.994,0.55,0.56,0.44,0.45,0.01,0.01,74447.35,1776339332000
1776339334.465,34.465,0.55,0.56,0.44,0.45,0.01,0.01,74447.35,1776339332000
1776339334.993,34.993,0.55,0.56,0.44,0.45,0.01,0.01,74447.43,1776339334000
1776339335.336,35.336,0.55,0.56,0.44,0.45,0.01,0.01,74447.43,1776339334000
1776339335.795,35.795,0.53,0.54,0.46,0.47,0.01,0.01,74447.43,1776339334000
1776339336.196,36.196,0.53,0.54,0.46,0.47,0.01,0.01,74447.43,1776339334000
1776339336.548,36.548,0.53,0.54,0.46,0.47,0.01,0.01,74447.59,1776339335000
1776339337.162,37.162,0.53,0.54,0.46,0.47,0.01,0.01,74447.59,1776339335000
1776339337.504,37.504,0.53,0.54,0.46,0.47,0.01,0.01,74447.59,1776339335000
1776339338.134,38.134,0.53,0.54,0.46,0.47,0.01,0.01,74448.0,1776339336000
1776339338.512,38.512,0.52,0.53,0.46,0.48,0.01,0.02,74446.92,1776339337000
1776339339.141,39.141,0.52,0.53,0.47,0.48,0.01,0.01,74446.92,1776339337000
1776339339.5,39.5,0.52,0.54,0.47,0.48,0.02,0.01,74446.38,1776339338000
1776339339.891,39.891,0.53,0.54,0.46,0.47,0.01,0.01,74446.38,1776339338000
1776339340.626,40.626,0.53,0.54,0.46,0.47,0.01,0.01,74446.98,1776339339000
1776339340.988,40.988,0.53,0.55,0.46,0.47,0.02,0.01,74446.98,1776339339000
1776339341.65,41.65,0.53,0.54,0.45,0.47,0.01,0.02,74446.37,1776339340000
1776339342.129,42.129,0.53,0.54,0.46,0.47,0.01,0.01,74446.37,1776339340000
1776339342.588,42.588,0.54,0.55,0.45,0.47,0.01,0.02,74446.53,1776339341000
1776339343.077,43.077,0.54,0.55,0.45,0.46,0.01,0.01,74446.53,1776339341000
1776339343.466,43.466,0.54,0.55,0.45,0.46,0.01,0.01,74446.62,1776339342000
1776339343.969,43.969,0.54,0.55,0.45,0.46,0.01,0.01,74446.36,1776339343000
1776339344.311,44.311,0.51,0.52,0.48,0.49,0.01,0.01,74446.36,1776339343000
1776339344.671,44.671,0.49,0.51,0.48,0.51,0.02,0.03,74446.36,1776339343000
1776339345.033,45.033,0.47,0.5,0.5,0.53,0.03,0.03,74446.28,1776339344000
1776339345.382,45.382,0.46,0.49,0.51,0.53,0.03,0.02,74446.28,1776339344000
1776339345.738,45.738,0.46,0.47,0.53,0.54,0.01,0.01,74446.28,1776339344000
1776339346.138,46.138,0.46,0.47,0.53,0.54,0.01,0.01,74439.56,1776339345000
1776339346.489,46.489,0.46,0.47,0.53,0.54,0.01,0.01,74439.56,1776339345000
1776339346.878,46.878,0.46,0.47,0.53,0.54,0.01,0.01,74439.56,1776339345000
1776339347.24,47.24,0.45,0.47,0.53,0.54,0.02,0.01,74431.72,1776339346000
1776339347.728,47.728,0.45,0.46,0.54,0.55,0.01,0.01,74431.72,1776339346000
1776339348.275,48.275,0.45,0.46,0.54,0.55,0.01,0.01,74431.54,1776339347000
1776339348.612,48.612,0.45,0.46,0.54,0.55,0.01,0.01,74431.54,1776339347000
1776339349.212,49.212,0.45,0.46,0.54,0.55,0.01,0.01,74431.53,1776339348000
1776339349.695,49.695,0.45,0.46,0.54,0.55,0.01,0.01,74431.53,1776339348000
1776339350.134,50.134,0.45,0.46,0.54,0.55,0.01,0.01,74431.52,1776339349000
1776339350.534,50.534,0.45,0.46,0.54,0.56,0.01,0.02,74431.52,1776339349000
1776339350.936,50.936,0.45,0.46,0.54,0.55,0.01,0.01,74431.52,1776339349000
1776339351.317,51.317,0.45,0.46,0.54,0.55,0.01,0.01,74431.71,1776339350000
1776339351.973,51.973,0.45,0.46,0.54,0.55,0.01,0.01,74431.71,1776339350000
1776339352.306,52.306,0.45,0.46,0.54,0.55,0.01,0.01,74431.71,1776339350000
1776339352.662,52.662,0.45,0.46,0.54,0.55,0.01,0.01,74431.71,1776339350000
1776339353.233,53.233,0.45,0.46,0.54,0.55,0.01,0.01,74431.71,1776339350000
1776339353.724,53.724,0.44,0.46,0.54,0.55,0.02,0.01,74431.7,1776339352000
1776339354.392,54.392,0.44,0.45,0.55,0.56,0.01,0.01,74431.69,1776339353000
1776339354.75,54.75,0.44,0.45,0.55,0.56,0.01,0.01,74431.69,1776339353000
1776339355.096,55.096,0.44,0.45,0.55,0.56,0.01,0.01,74430.4,1776339354000
1776339356.149,56.149,0.44,0.45,0.55,0.56,0.01,0.01,74430.4,1776339354000
1776339356.591,56.591,0.44,0.45,0.55,0.56,0.01,0.01,74429.88,1776339355000
1776339357.207,57.207,0.44,0.45,0.55,0.56,0.01,0.01,74429.88,1776339355000
1776339357.569,57.569,0.45,0.46,0.54,0.56,0.01,0.02,74428.99,1776339356000
1776339357.99,57.99,0.45,0.46,0.54,0.55,0.01,0.01,74428.99,1776339356000
1776339358.458,58.458,0.45,0.46,0.54,0.55,0.01,0.01,74428.99,1776339356000
1776339359.152,59.152,0.44,0.46,0.54,0.55,0.02,0.01,74429.87,1776339357000
1776339359.492,59.492,0.41,0.44,0.56,0.6,0.03,0.04,74429.5,1776339358000
1776339359.827,59.827,0.41,0.42,0.57,0.58,0.01,0.01,74429.5,1776339358000
1776339360.165,60.165,0.4,0.42,0.58,0.6,0.02,0.02,74430.36,1776339359000
1776339360.535,60.535,0.41,0.42,0.58,0.6,0.01,0.02,74430.36,1776339359000
1776339361.018,61.018,0.4,0.41,0.59,0.6,0.01,0.01,74430.36,1776339359000
1776339361.378,61.378,0.4,0.41,0.59,0.6,0.01,0.01,74430.36,1776339359000
1776339361.776,61.776,0.4,0.41,0.59,0.6,0.01,0.01,74423.72,1776339360000
1776339362.186,62.186,0.4,0.41,0.59,0.6,0.01,0.01,74423.72,1776339360000
1776339362.529,62.529,0.4,0.41,0.59,0.6,0.01,0.01,74423.72,1776339361000
1776339362.925,62.925,0.4,0.41,0.59,0.6,0.01,0.01,74423.72,1776339361000
1776339363.271,63.271,0.4,0.41,0.59,0.6,0.01,0.01,74423.44,1776339362000
1776339363.728,63.728,0.4,0.41,0.59,0.6,0.01,0.01,74423.44,1776339362000
1776339364.063,64.063,0.4,0.41,0.59,0.6,0.01,0.01,74423.44,1776339362000
1776339364.401,64.401,0.4,0.41,0.59,0.6,0.01,0.01,74423.44,1776339362000
1776339364.915,64.915,0.39,0.4,0.6,0.61,0.01,0.01,74423.44,1776339362000
1776339365.408,65.408,0.39,0.4,0.6,0.61,0.01,0.01,74423.43,1776339363000
1776339365.783,65.783,0.39,0.4,0.6,0.61,0.01,0.01,74422.99,1776339364000
1776339366.196,66.196,0.39,0.4,0.6,0.61,0.01,0.01,74422.99,1776339364000
1776339367.418,67.418,0.39,0.4,0.6,0.61,0.01,0.01,74421.78,1776339366000
1776339368.093,68.093,0.39,0.4,0.6,0.61,0.01,0.01,74421.81,1776339367000
1776339369.247,69.247,0.39,0.4,0.6,0.61,0.01,0.01,74421.81,1776339367000
1776339369.65,69.65,0.39,0.4,0.6,0.61,0.01,0.01,74421.81,1776339367000
1776339370.011,70.011,0.45,0.54,0.46,0.55,0.09,0.09,74424.01,1776339368000
1776339370.349,70.349,0.5,0.57,0.44,0.55,0.07,0.11,74424.01,1776339368000
1776339370.787,70.787,0.52,0.57,0.43,0.5,0.05,0.07,74463.15,1776339369000
1776339371.138,71.138,0.52,0.59,0.42,0.48,0.07,0.06,74463.15,1776339369000
1776339371.517,71.517,0.52,0.62,0.38,0.48,0.1,0.1,74463.15,1776339369000
1776339372.019,72.019,0.55,0.62,0.38,0.48,0.07,0.1,74465.64,1776339370000
1776339372.423,72.423,0.47,0.62,0.38,0.53,0.15,0.15,74465.64,1776339371000
1776339372.895,72.895,0.47,0.62,0.38,0.53,0.15,0.15,74465.64,1776339371000
1776339373.242,73.242,0.49,0.6,0.4,0.52,0.11,0.12,74465.64,1776339371000
1776339373.577,73.577,0.44,0.56,0.44,0.56,0.12,0.12,74468.3,1776339372000
1776339373.979,73.979,0.57,0.6,0.4,0.43,0.03,0.03,74468.3,1776339372000
1776339374.313,74.313,0.61,0.62,0.38,0.41,0.01,0.03,74466.75,1776339373000
1776339374.659,74.659,0.61,0.62,0.38,0.39,0.01,0.01,74466.75,1776339373000
1776339375.056,75.056,0.61,0.62,0.38,0.39,0.01,0.01,74466.75,1776339373000
1776339375.39,75.39,0.58,0.61,0.39,0.42,0.03,0.03,74466.45,1776339374000
1776339375.753,75.753,0.56,0.59,0.41,0.44,0.03,0.03,74466.45,1776339374000
1776339376.102,76.102,0.59,0.6,0.4,0.41,0.01,0.01,74466.45,1776339374000
1776339376.456,76.456,0.59,0.6,0.4,0.41,0.01,0.01,74466.12,1776339375000
1776339376.87,76.87,0.59,0.6,0.4,0.41,0.01,0.01,74466.12,1776339375000
1776339377.251,77.251,0.59,0.61,0.4,0.41,0.02,0.01,74465.7,1776339376000
1776339377.622,77.622,0.6,0.61,0.39,0.4,0.01,0.01,74465.7,1776339376000
1776339377.977,77.977,0.6,0.61,0.38,0.4,0.01,0.02,74465.7,1776339376000
1776339378.352,78.352,0.61,0.62,0.38,0.39,0.01,0.01,74465.7,1776339376000
1776339378.69,78.69,0.62,0.63,0.37,0.38,0.01,0.01,74465.67,1776339377000
1776339379.084,79.084,0.62,0.63,0.37,0.38,0.01,0.01,74464.87,1776339378000
1776339379.463,79.463,0.62,0.63,0.37,0.38,0.01,0.01,74464.87,1776339378000
1776339379.816,79.816,0.67,0.68,0.32,0.33,0.01,0.01,74464.87,1776339378000
1776339380.375,80.375,0.67,0.68,0.31,0.33,0.01,0.02,74465.13,1776339379000
1776339380.793,80.793,0.67,0.68,0.32,0.33,0.01,0.01,74465.13,1776339379000
1776339381.167,81.167,0.68,0.69,0.31,0.33,0.01,0.02,74465.13,1776339379000
1776339381.503,81.503,0.68,0.69,0.31,0.32,0.01,0.01,74469.9,1776339380000
1776339381.846,81.846,0.68,0.69,0.31,0.32,0.01,0.01,74469.9,1776339380000
1776339382.185,82.185,0.68,0.69,0.31,0.32,0.01,0.01,74469.9,1776339380000
1776339382.62,82.62,0.68,0.69,0.31,0.32,0.01,0.01,74469.98,1776339381000
1776339382.984,82.984,0.68,0.69,0.31,0.32,0.01,0.01,74469.98,1776339381000
1776339383.429,83.429,0.69,0.7,0.3,0.31,0.01,0.01,74469.98,1776339381000
1776339383.786,83.786,0.69,0.7,0.3,0.31,0.01,0.01,74468.98,1776339382000
1776339384.131,84.131,0.69,0.7,0.3,0.31,0.01,0.01,74469.13,1776339383000
1776339384.657,84.657,0.69,0.7,0.3,0.31,0.01,0.01,74469.13,1776339383000
1776339385.039,85.039,0.69,0.7,0.3,0.31,0.01,0.01,74469.13,1776339383000
1776339385.383,85.383,0.69,0.7,0.3,0.31,0.01,0.01,74469.26,1776339384000
1776339385.904,85.904,0.7,0.71,0.29,0.31,0.01,0.02,74469.26,1776339384000
1776339386.238,86.238,0.7,0.71,0.29,0.3,0.01,0.01,74469.26,1776339384000
1776339386.573,86.573,0.7,0.71,0.29,0.3,0.01,0.01,74469.26,1776339384000
1776339386.963,86.963,0.7,0.71,0.29,0.3,0.01,0.01,74469.37,1776339385000
1776339387.318,87.318,0.7,0.71,0.29,0.3,0.01,0.01,74469.37,1776339385000
1776339387.685,87.685,0.7,0.71,0.29,0.3,0.01,0.01,74468.94,1776339386000
1776339388.064,88.064,0.71,0.72,0.28,0.3,0.01,0.02,74468.09,1776339387000
1776339388.889,88.889,0.71,0.72,0.28,0.29,0.01,0.01,74468.09,1776339387000
1776339389.317,89.317,0.71,0.72,0.28,0.29,0.01,0.01,74468.23,1776339388000
1776339389.755,89.755,0.71,0.72,0.27,0.29,0.01,0.02,74468.23,1776339388000
1776339390.129,90.129,0.71,0.72,0.28,0.29,0.01,0.01,74468.52,1776339389000
1776339390.5,90.5,0.7,0.72,0.28,0.3,0.02,0.02,74468.52,1776339389000
1776339390.835,90.835,0.68,0.69,0.31,0.32,0.01,0.01,74468.52,1776339389000
1776339391.172,91.172,0.62,0.63,0.37,0.38,0.01,0.01,74462.6,1776339390000
1776339391.533,91.533,0.62,0.63,0.37,0.38,0.01,0.01,74462.6,1776339390000
1776339391.91,91.91,0.62,0.63,0.37,0.38,0.01,0.01,74462.6,1776339390000
1776339392.271,92.271,0.62,0.63,0.37,0.38,0.01,0.01,74452.96,1776339391000
1776339392.617,92.617,0.62,0.63,0.37,0.38,0.01,0.01,74452.96,1776339391000
1776339393.001,93.001,0.62,0.63,0.37,0.38,0.01,0.01,74452.96,1776339391000
1776339393.343,93.343,0.62,0.63,0.37,0.38,0.01,0.01,74452.96,1776339391000
1776339393.687,93.687,0.62,0.63,0.37,0.38,0.01,0.01,74452.86,1776339392000
1776339394.113,94.113,0.61,0.62,0.37,0.39,0.01,0.02,74452.86,1776339392000
1776339394.495,94.495,0.61,0.62,0.38,0.39,0.01,0.01,74452.84,1776339393000
1776339394.832,94.832,0.61,0.62,0.38,0.39,0.01,0.01,74452.84,1776339393000
1776339395.353,95.353,0.6,0.61,0.39,0.4,0.01,0.01,74452.84,1776339394000
1776339395.688,95.688,0.6,0.61,0.39,0.4,0.01,0.01,74452.84,1776339394000
1776339396.132,96.132,0.59,0.61,0.39,0.41,0.02,0.02,74452.94,1776339395000
1776339397.277,97.277,0.59,0.6,0.39,0.41,0.01,0.02,74452.94,1776339395000
1776339397.801,97.801,0.56,0.57,0.43,0.44,0.01,0.01,74452.37,1776339396000
1776339398.169,98.169,0.55,0.56,0.44,0.46,0.01,0.02,74452.37,1776339396000
1776339398.557,98.557,0.55,0.56,0.44,0.45,0.01,0.01,74445.28,1776339397000
1776339398.954,98.954,0.5,0.53,0.47,0.48,0.03,0.01,74445.28,1776339397000
1776339399.327,99.327,0.52,0.53,0.47,0.49,0.01,0.02,74445.28,1776339397000
1776339399.851,99.851,0.5,0.52,0.47,0.49,0.02,0.02,74440.83,1776339398000
1776339400.261,100.261,0.5,0.51,0.49,0.5,0.01,0.01,74440.83,1776339399000
1776339400.809,100.809,0.5,0.51,0.49,0.5,0.01,0.01,74440.83,1776339399000
1776339401.198,101.198,0.5,0.51,0.49,0.5,0.01,0.01,74440.83,1776339399000
1776339401.613,101.613,0.5,0.51,0.49,0.5,0.01,0.01,74441.49,1776339400000
1776339401.977,101.977,0.5,0.51,0.49,0.5,0.01,0.01,74441.49,1776339400000
1776339402.334,102.334,0.5,0.51,0.49,0.5,0.01,0.01,74440.83,1776339401000
1776339402.68,102.68,0.5,0.51,0.49,0.5,0.01,0.01,74440.83,1776339401000
1776339403.055,103.055,0.5,0.51,0.49,0.5,0.01,0.01,74439.06,1776339402000
1776339403.673,103.673,0.49,0.5,0.49,0.51,0.01,0.02,74439.06,1776339402000
1776339404.087,104.087,0.49,0.5,0.5,0.51,0.01,0.01,74438.73,1776339403000
1776339404.447,104.447,0.49,0.5,0.5,0.51,0.01,0.01,74438.73,1776339403000
1776339404.931,104.931,0.49,0.5,0.5,0.51,0.01,0.01,74438.73,1776339403000
1776339405.547,105.547,0.49,0.5,0.5,0.51,0.01,0.01,74439.37,1776339404000
1776339406.393,106.393,0.49,0.5,0.5,0.51,0.01,0.01,74438.43,1776339405000
1776339406.827,106.827,0.49,0.5,0.5,0.51,0.01,0.01,74438.43,1776339405000
1776339407.48,107.48,0.49,0.5,0.5,0.51,0.01,0.01,74440.27,1776339406000
1776339408.008,108.008,0.49,0.5,0.5,0.51,0.01,0.01,74438.35,1776339407000
1776339408.361,108.361,0.49,0.5,0.5,0.51,0.01,0.01,74438.35,1776339407000
1776339408.934,108.934,0.49,0.5,0.5,0.51,0.01,0.01,74438.35,1776339407000
1776339409.404,109.404,0.49,0.5,0.5,0.51,0.01,0.01,74438.19,1776339408000
1776339410.23,110.23,0.48,0.5,0.5,0.52,0.02,0.02,74438.35,1776339409000
1776339410.739,110.739,0.49,0.5,0.5,0.52,0.01,0.02,74438.35,1776339409000
1776339411.158,111.158,0.49,0.5,0.5,0.51,0.01,0.01,74438.35,1776339409000
1776339411.568,111.568,0.49,0.5,0.5,0.51,0.01,0.01,74438.22,1776339410000
1776339412.072,112.072,0.49,0.5,0.5,0.51,0.01,0.01,74438.22,1776339410000
1776339412.45,112.45,0.49,0.5,0.5,0.51,0.01,0.01,74438.21,1776339411000
1776339412.981,112.981,0.49,0.5,0.5,0.51,0.01,0.01,74438.21,1776339412000
1776339413.503,113.503,0.49,0.5,0.5,0.51,0.01,0.01,74438.21,1776339412000
1776339413.892,113.892,0.49,0.5,0.5,0.51,0.01,0.01,74438.21,1776339412000
1776339414.244,114.244,0.49,0.5,0.5,0.51,0.01,0.01,74438.21,1776339413000
1776339414.872,114.872,0.49,0.5,0.5,0.51,0.01,0.01,74438.21,1776339413000
1776339415.313,115.313,0.49,0.5,0.5,0.51,0.01,0.01,74438.23,1776339414000
1776339415.906,115.906,0.49,0.5,0.5,0.51,0.01,0.01,74438.23,1776339414000
1776339416.718,116.718,0.49,0.5,0.5,0.51,0.01,0.01,74438.24,1776339415000
1776339417.085,117.085,0.49,0.5,0.5,0.51,0.01,0.01,74438.44,1776339416000
1776339418.203,118.203,0.49,0.5,0.5,0.51,0.01,0.01,74438.05,1776339417000
1776339418.865,118.865,0.49,0.5,0.5,0.51,0.01,0.01,74438.05,1776339417000
1776339419.295,119.295,0.49,0.5,0.5,0.51,0.01,0.01,74438.17,1776339418000
1776339420.163,120.163,0.49,0.5,0.5,0.51,0.01,0.01,74438.17,1776339419000
1776339420.546,120.546,0.49,0.5,0.5,0.51,0.01,0.01,74438.17,1776339419000
1776339420.9,120.9,0.49,0.5,0.5,0.51,0.01,0.01,74438.17,1776339419000
1776339421.283,121.283,0.49,0.5,0.5,0.51,0.01,0.01,74437.93,1776339420000
1776339421.665,121.665,0.49,0.5,0.5,0.51,0.01,0.01,74437.93,1776339420000
1776339422.155,122.155,0.49,0.5,0.5,0.51,0.01,0.01,74437.92,1776339421000
1776339422.989,122.989,0.49,0.5,0.5,0.51,0.01,0.01,74437.92,1776339421000
1776339423.537,123.537,0.49,0.5,0.5,0.51,0.01,0.01,74437.96,1776339422000
1776339423.937,123.937,0.49,0.5,0.5,0.51,0.01,0.01,74437.96,1776339422000
1776339424.699,124.699,0.49,0.5,0.5,0.51,0.01,0.01,74438.0,1776339423000
1776339425.097,125.097,0.49,0.5,0.5,0.51,0.01,0.01,74438.02,1776339424000
1776339425.438,125.438,0.49,0.5,0.5,0.51,0.01,0.01,74438.02,1776339424000
1776339425.804,125.804,0.49,0.5,0.5,0.51,0.01,0.01,74438.02,1776339424000
1776339426.554,126.554,0.49,0.5,0.5,0.51,0.01,0.01,74438.06,1776339425000
1776339427.103,127.103,0.49,0.5,0.5,0.51,0.01,0.01,74438.06,1776339425000
1776339427.823,127.823,0.49,0.5,0.5,0.51,0.01,0.01,74438.09,1776339426000
1776339428.225,128.225,0.49,0.5,0.5,0.51,0.01,0.01,74438.08,1776339427000
1776339428.571,128.571,0.49,0.5,0.5,0.51,0.01,0.01,74438.08,1776339427000
1776339428.941,128.941,0.49,0.5,0.5,0.51,0.01,0.01,74438.08,1776339427000
1776339429.464,129.464,0.49,0.5,0.5,0.51,0.01,0.01,74438.08,1776339427000
1776339430.148,130.148,0.49,0.5,0.5,0.51,0.01,0.01,74437.61,1776339429000
1776339430.634,130.634,0.49,0.5,0.5,0.51,0.01,0.01,74437.61,1776339429000
1776339431.038,131.038,0.49,0.5,0.5,0.51,0.01,0.01,74437.61,1776339429000
1776339431.408,131.408,0.49,0.5,0.5,0.51,0.01,0.01,74437.7,1776339430000
1776339431.921,131.921,0.49,0.5,0.5,0.51,0.01,0.01,74437.7,1776339430000
1776339432.258,132.258,0.49,0.5,0.5,0.51,0.01,0.01,74437.7,1776339431000
1776339432.929,132.929,0.49,0.5,0.5,0.51,0.01,0.01,74437.7,1776339431000
1776339433.558,133.558,0.49,0.5,0.5,0.51,0.01,0.01,74435.06,1776339432000
1776339434.205,134.205,0.49,0.5,0.5,0.51,0.01,0.01,74435.06,1776339432000
1776339434.541,134.541,0.49,0.5,0.5,0.51,0.01,0.01,74435.06,1776339433000
1776339434.932,134.932,0.49,0.5,0.5,0.51,0.01,0.01,74437.83,1776339434000
1776339435.498,135.498,0.49,0.5,0.5,0.51,0.01,0.01,74437.83,1776339434000
1776339436.054,136.054,0.49,0.5,0.5,0.51,0.01,0.01,74437.83,1776339434000
1776339437.088,137.088,0.49,0.5,0.5,0.51,0.01,0.01,74437.88,1776339435000
1776339437.459,137.459,0.49,0.5,0.5,0.51,0.01,0.01,74438.01,1776339436000
1776339438.217,138.217,0.49,0.5,0.5,0.51,0.01,0.01,74438.01,1776339436000
1776339438.864,138.864,0.49,0.5,0.5,0.51,0.01,0.01,74437.95,1776339438000
1776339439.763,139.763,0.49,0.5,0.5,0.51,0.01,0.01,74437.95,1776339438000
1776339440.209,140.209,0.49,0.5,0.5,0.51,0.01,0.01,74437.15,1776339439000
1776339440.774,140.774,0.48,0.49,0.5,0.52,0.01,0.02,74437.15,1776339439000
1776339441.116,141.116,0.48,0.49,0.51,0.52,0.01,0.01,74436.41,1776339440000
1776339441.588,141.588,0.48,0.49,0.51,0.52,0.01,0.01,74436.41,1776339440000
1776339441.974,141.974,0.48,0.49,0.51,0.52,0.01,0.01,74436.41,1776339440000
1776339442.433,142.433,0.48,0.49,0.51,0.52,0.01,0.01,74436.21,1776339441000
1776339442.996,142.996,0.48,0.49,0.51,0.52,0.01,0.01,74436.21,1776339441000
1776339443.355,143.355,0.48,0.49,0.51,0.52,0.01,0.01,74436.71,1776339442000
1776339443.927,143.927,0.48,0.49,0.51,0.52,0.01,0.01,74436.71,1776339442000
1776339444.841,144.841,0.48,0.49,0.51,0.52,0.01,0.01,74436.71,1776339442000
1776339445.343,145.343,0.48,0.49,0.51,0.52,0.01,0.01,74438.43,1776339443000
1776339446.184,146.184,0.48,0.49,0.51,0.52,0.01,0.01,74438.42,1776339445000
1776339446.526,146.526,0.53,0.56,0.45,0.49,0.03,0.04,74438.42,1776339445000
1776339446.882,146.882,0.53,0.54,0.46,0.47,0.01,0.01,74438.42,1776339445000
1776339447.387,147.387,0.53,0.54,0.46,0.47,0.01,0.01,74438.42,1776339445000
1776339447.733,147.733,0.53,0.54,0.46,0.47,0.01,0.01,74438.76,1776339446000
1776339448.434,148.434,0.53,0.54,0.46,0.47,0.01,0.01,74440.91,1776339447000
1776339449.089,149.089,0.53,0.54,0.46,0.47,0.01,0.01,74440.94,1776339448000
1776339449.485,149.485,0.53,0.54,0.46,0.47,0.01,0.01,74440.94,1776339448000
1776339449.819,149.819,0.53,0.54,0.46,0.47,0.01,0.01,74440.94,1776339448000
1776339450.36,150.36,0.54,0.55,0.46,0.47,0.01,0.01,74440.94,1776339448000
1776339450.867,150.867,0.54,0.55,0.45,0.46,0.01,0.01,74440.96,1776339449000
1776339452.162,152.162,0.54,0.55,0.45,0.46,0.01,0.01,74440.61,1776339450000
1776339452.775,152.775,0.54,0.55,0.45,0.46,0.01,0.01,74440.46,1776339451000
1776339453.313,153.313,0.54,0.55,0.45,0.46,0.01,0.01,74440.46,1776339451000
1776339453.686,153.686,0.54,0.55,0.45,0.46,0.01,0.01,74440.46,1776339452000
1776339454.061,154.061,0.53,0.54,0.46,0.47,0.01,0.01,74440.46,1776339452000
1776339454.398,154.398,0.53,0.54,0.46,0.47,0.01,0.01,74441.14,1776339453000
1776339454.884,154.884,0.53,0.54,0.46,0.47,0.01,0.01,74441.14,1776339453000
1776339455.539,155.539,0.53,0.54,0.46,0.47,0.01,0.01,74441.14,1776339454000
1776339455.972,155.972,0.53,0.54,0.46,0.47,0.01,0.01,74441.14,1776339454000
1776339456.357,156.357,0.53,0.54,0.46,0.47,0.01,0.01,74441.47,1776339455000
1776339456.705,156.705,0.53,0.54,0.46,0.47,0.01,0.01,74441.47,1776339455000
1776339457.166,157.166,0.53,0.54,0.46,0.47,0.01,0.01,74441.48,1776339456000
1776339457.833,157.833,0.53,0.54,0.46,0.47,0.01,0.01,74441.48,1776339456000
1776339458.3,158.3,0.53,0.54,0.46,0.47,0.01,0.01,74441.48,1776339456000
1776339459.249,159.249,0.53,0.54,0.46,0.47,0.01,0.01,74440.66,1776339458000
1776339459.614,159.614,0.52,0.54,0.46,0.47,0.02,0.01,74440.66,1776339458000
1776339459.974,159.974,0.47,0.5,0.51,0.53,0.03,0.02,74440.66,1776339458000
1776339460.349,160.349,0.48,0.49,0.5,0.54,0.01,0.04,74440.66,1776339458000
1776339460.697,160.697,0.46,0.49,0.51,0.54,0.03,0.03,74440.66,1776339458000
1776339461.041,161.041,0.47,0.48,0.51,0.52,0.01,0.01,74440.2,1776339459000
1776339461.503,161.503,0.47,0.48,0.52,0.53,0.01,0.01,74440.2,1776339459000
1776339461.918,161.918,0.46,0.47,0.52,0.54,0.01,0.02,74440.2,1776339459000
1776339462.283,162.283,0.46,0.47,0.53,0.54,0.01,0.01,74436.57,1776339460000
1776339462.778,162.778,0.45,0.46,0.53,0.55,0.01,0.02,74436.57,1776339460000
1776339463.156,163.156,0.45,0.46,0.54,0.55,0.01,0.01,74436.44,1776339461000
1776339463.69,163.69,0.45,0.46,0.54,0.55,0.01,0.01,74436.32,1776339462000
1776339464.287,164.287,0.45,0.46,0.54,0.55,0.01,0.01,74436.32,1776339462000
1776339464.624,164.624,0.45,0.46,0.54,0.55,0.01,0.01,74436.3,1776339463000
1776339465.314,165.314,0.45,0.46,0.54,0.55,0.01,0.01,74436.03,1776339464000
1776339465.672,165.672,0.45,0.46,0.54,0.55,0.01,0.01,74436.03,1776339464000
1776339466.11,166.11,0.45,0.46,0.54,0.55,0.01,0.01,74435.97,1776339465000
1776339466.556,166.556,0.45,0.46,0.54,0.55,0.01,0.01,74435.97,1776339465000
1776339467.024,167.024,0.45,0.46,0.54,0.55,0.01,0.01,74435.97,1776339465000
1776339467.427,167.427,0.45,0.47,0.53,0.55,0.02,0.02,74436.02,1776339466000
1776339468.019,168.019,0.46,0.47,0.53,0.54,0.01,0.01,74436.14,1776339467000
1776339468.775,168.775,0.46,0.47,0.53,0.54,0.01,0.01,74436.14,1776339467000
1776339469.109,169.109,0.46,0.47,0.53,0.54,0.01,0.01,74436.14,1776339467000
1776339469.561,169.561,0.45,0.47,0.53,0.55,0.02,0.02,74436.7,1776339468000
1776339470.007,170.007,0.46,0.47,0.53,0.54,0.01,0.01,74436.2,1776339469000
1776339470.423,170.423,0.46,0.47,0.53,0.54,0.01,0.01,74436.2,1776339469000
1776339470.905,170.905,0.46,0.47,0.53,0.54,0.01,0.01,74436.2,1776339469000
1776339471.486,171.486,0.46,0.47,0.53,0.54,0.01,0.01,74436.68,1776339470000
1776339471.828,171.828,0.48,0.51,0.5,0.52,0.03,0.02,74436.68,1776339470000
1776339472.21,172.21,0.51,0.52,0.48,0.49,0.01,0.01,74436.68,1776339470000
1776339473.689,173.689,0.54,0.55,0.45,0.46,0.01,0.01,74436.99,1776339472000
1776339474.352,174.352,0.54,0.55,0.45,0.46,0.01,0.01,74438.06,1776339473000
1776339475.118,175.118,0.54,0.55,0.45,0.46,0.01,0.01,74438.22,1776339474000
1776339475.538,175.538,0.54,0.55,0.45,0.46,0.01,0.01,74438.22,1776339474000
1776339476.143,176.143,0.54,0.55,0.45,0.46,0.01,0.01,74438.22,1776339474000
1776339476.499,176.499,0.57,0.58,0.41,0.43,0.01,0.02,74438.22,1776339474000
1776339476.857,176.857,0.57,0.58,0.42,0.43,0.01,0.01,74443.1,1776339475000
1776339477.212,177.212,0.57,0.6,0.4,0.43,0.03,0.03,74443.1,1776339475000
1776339477.559,177.559,0.58,0.6,0.4,0.42,0.02,0.02,74446.04,1776339476000
1776339477.993,177.993,0.6,0.61,0.39,0.4,0.01,0.01,74446.04,1776339476000
1776339478.328,178.328,0.6,0.61,0.39,0.4,0.01,0.01,74448.97,1776339477000
1776339478.714,178.714,0.6,0.61,0.39,0.4,0.01,0.01,74448.97,1776339477000
1776339479.13,179.13,0.6,0.62,0.38,0.4,0.02,0.02,74448.97,1776339477000
1776339479.623,179.623,0.61,0.63,0.37,0.39,0.02,0.02,74450.48,1776339478000
1776339480.474,180.474,0.61,0.62,0.37,0.39,0.01,0.02,74450.48,1776339478000
1776339481.237,181.237,0.61,0.62,0.38,0.39,0.01,0.01,74451.29,1776339480000
1776339481.587,181.587,0.61,0.62,0.38,0.39,0.01,0.01,74451.29,1776339480000
1776339481.955,181.955,0.61,0.62,0.38,0.39,0.01,0.01,74451.66,1776339481000
1776339482.749,182.749,0.61,0.62,0.38,0.39,0.01,0.01,74451.66,1776339481000
1776339483.125,183.125,0.61,0.62,0.38,0.39,0.01,0.01,74451.72,1776339482000
1776339484.026,184.026,0.62,0.63,0.37,0.38,0.01,0.01,74451.72,1776339482000
1776339484.383,184.383,0.62,0.63,0.37,0.38,0.01,0.01,74455.76,1776339483000
1776339484.893,184.893,0.62,0.63,0.37,0.38,0.01,0.01,74455.76,1776339483000
1776339485.234,185.234,0.62,0.65,0.35,0.38,0.03,0.03,74455.76,1776339483000
1776339485.598,185.598,0.65,0.69,0.32,0.38,0.04,0.06,74457.52,1776339484000
1776339485.942,185.942,0.64,0.71,0.29,0.36,0.07,0.07,74457.52,1776339484000
1776339486.275,186.275,0.69,0.7,0.3,0.31,0.01,0.01,74459.93,1776339485000
1776339486.651,186.651,0.66,0.67,0.3,0.34,0.01,0.04,74459.93,1776339485000
1776339486.993,186.993,0.68,0.71,0.3,0.32,0.03,0.02,74459.93,1776339485000
1776339487.393,187.393,0.69,0.71,0.29,0.32,0.02,0.03,74460.77,1776339486000
1776339487.812,187.812,0.69,0.71,0.29,0.31,0.02,0.02,74460.77,1776339486000
1776339488.262,188.262,0.69,0.71,0.29,0.31,0.02,0.02,74458.94,1776339487000
1776339489.617,189.617,0.69,0.71,0.29,0.31,0.02,0.02,74456.37,1776339488000
1776339490.19,190.19,0.69,0.71,0.29,0.31,0.02,0.02,74456.31,1776339489000
1776339490.528,190.528,0.68,0.7,0.3,0.32,0.02,0.02,74456.31,1776339489000
1776339490.866,190.866,0.67,0.7,0.3,0.33,0.03,0.03,74456.31,1776339489000
1776339491.221,191.221,0.66,0.67,0.33,0.34,0.01,0.01,74456.31,1776339489000
1776339491.56,191.56,0.66,0.7,0.3,0.34,0.04,0.04,74455.42,1776339490000
1776339491.894,191.894,0.66,0.68,0.32,0.34,0.02,0.02,74455.42,1776339490000
1776339492.253,192.253,0.65,0.67,0.33,0.35,0.02,0.02,74455.68,1776339491000
1776339492.633,192.633,0.66,0.67,0.33,0.34,0.01,0.01,74455.68,1776339491000
1776339492.994,192.994,0.67,0.68,0.32,0.33,0.01,0.01,74455.68,1776339491000
1776339493.37,193.37,0.62,0.64,0.36,0.38,0.02,0.02,74458.14,1776339492000
1776339493.705,193.705,0.6,0.63,0.37,0.4,0.03,0.03,74458.14,1776339492000
1776339494.066,194.066,0.58,0.61,0.39,0.42,0.03,0.03,74458.14,1776339492000
1776339494.446,194.446,0.57,0.59,0.41,0.43,0.02,0.02,74452.93,1776339493000
1776339494.852,194.852,0.5,0.52,0.43,0.49,0.02,0.06,74452.93,1776339493000
1776339495.192,195.192,0.5,0.54,0.48,0.5,0.04,0.02,74452.93,1776339493000
1776339495.825,195.825,0.5,0.54,0.46,0.5,0.04,0.04,74441.16,1776339494000
1776339496.326,196.326,0.5,0.54,0.46,0.5,0.04,0.04,74438.3,1776339495000
1776339496.91,196.91,0.5,0.54,0.46,0.5,0.04,0.04,74437.94,1776339496000
1776339497.473,197.473,0.5,0.52,0.46,0.5,0.02,0.04,74437.94,1776339496000
1776339497.923,197.923,0.5,0.52,0.48,0.5,0.02,0.02,74439.25,1776339497000
1776339498.442,198.442,0.49,0.52,0.48,0.51,0.03,0.03,74439.25,1776339497000
1776339498.853,198.853,0.51,0.52,0.48,0.51,0.01,0.03,74439.25,1776339497000
1776339499.505,199.505,0.52,0.54,0.46,0.49,0.02,0.03,74439.61,1776339498000
1776339499.854,199.854,0.52,0.56,0.44,0.48,0.04,0.04,74439.61,1776339498000
1776339500.664,200.664,0.53,0.54,0.46,0.47,0.01,0.01,74439.61,1776339499000
1776339501.0,201.0,0.53,0.56,0.44,0.47,0.03,0.03,74439.61,1776339499000
1776339501.343,201.343,0.53,0.58,0.42,0.47,0.05,0.05,74441.62,1776339500000
1776339501.704,201.704,0.54,0.55,0.45,0.46,0.01,0.01,74441.62,1776339500000
1776339502.048,202.048,0.54,0.55,0.45,0.46,0.01,0.01,74441.66,1776339501000
1776339502.392,202.392,0.54,0.55,0.45,0.46,0.01,0.01,74441.66,1776339501000
1776339502.765,202.765,0.54,0.55,0.45,0.46,0.01,0.01,74441.66,1776339501000
1776339503.157,203.157,0.54,0.56,0.45,0.46,0.02,0.01,74441.87,1776339502000
1776339503.543,203.543,0.54,0.56,0.44,0.46,0.02,0.02,74441.87,1776339502000
1776339504.087,204.087,0.54,0.56,0.44,0.46,0.02,0.02,74441.01,1776339503000
1776339505.136,205.136,0.54,0.56,0.44,0.46,0.02,0.02,74441.86,1776339504000
1776339505.5,205.5,0.54,0.55,0.45,0.46,0.01,0.01,74441.86,1776339504000
1776339505.957,205.957,0.55,0.56,0.44,0.46,0.01,0.02,74441.86,1776339504000
1776339506.298,206.298,0.55,0.56,0.44,0.45,0.01,0.01,74441.87,1776339505000
1776339507.129,207.129,0.55,0.56,0.44,0.45,0.01,0.01,74441.87,1776339505000
1776339507.745,207.745,0.56,0.57,0.43,0.45,0.01,0.02,74441.87,1776339506000
1776339508.275,208.275,0.56,0.57,0.43,0.44,0.01,0.01,74441.87,1776339506000
1776339508.744,208.744,0.55,0.57,0.43,0.45,0.02,0.02,74441.61,1776339507000
1776339509.088,209.088,0.55,0.58,0.42,0.45,0.03,0.03,74441.61,1776339507000
1776339509.593,209.593,0.57,0.61,0.42,0.43,0.04,0.01,74443.47,1776339508000
1776339509.941,209.941,0.58,0.6,0.41,0.42,0.02,0.01,74443.47,1776339508000
1776339510.363,210.363,0.58,0.59,0.41,0.42,0.01,0.01,74445.04,1776339509000
1776339510.949,210.949,0.58,0.59,0.41,0.42,0.01,0.01,74445.04,1776339510000
1776339511.591,211.591,0.58,0.59,0.41,0.42,0.01,0.01,74445.04,1776339510000
1776339511.979,211.979,0.58,0.59,0.41,0.42,0.01,0.01,74445.04,1776339510000
1776339512.345,212.345,0.54,0.55,0.44,0.46,0.01,0.02,74443.34,1776339511000
1776339512.683,212.683,0.53,0.54,0.46,0.47,0.01,0.01,74443.34,1776339511000
1776339513.053,213.053,0.51,0.52,0.48,0.49,0.01,0.01,74443.34,1776339511000
1776339513.4,213.4,0.51,0.52,0.48,0.49,0.01,0.01,74439.67,1776339512000
1776339513.764,213.764,0.51,0.52,0.48,0.49,0.01,0.01,74439.67,1776339512000
1776339514.11,214.11,0.51,0.52,0.48,0.49,0.01,0.01,74439.67,1776339512000
1776339514.473,214.473,0.5,0.52,0.48,0.49,0.02,0.01,74439.82,1776339513000
1776339514.884,214.884,0.49,0.5,0.5,0.51,0.01,0.01,74439.82,1776339513000
1776339515.221,215.221,0.49,0.5,0.5,0.51,0.01,0.01,74440.27,1776339514000
1776339515.681,215.681,0.49,0.5,0.5,0.51,0.01,0.01,74440.27,1776339514000
1776339516.03,216.03,0.49,0.5,0.5,0.51,0.01,0.01,74440.29,1776339515000
1776339516.483,216.483,0.48,0.49,0.51,0.52,0.01,0.01,74440.29,1776339515000
1776339516.842,216.842,0.48,0.49,0.51,0.52,0.01,0.01,74440.29,1776339515000
1776339517.177,217.177,0.47,0.49,0.51,0.53,0.02,0.02,74440.29,1776339516000
1776339517.573,217.573,0.47,0.49,0.51,0.52,0.02,0.01,74440.29,1776339516000
1776339518.122,218.122,0.48,0.49,0.51,0.52,0.01,0.01,74440.29,1776339516000
1776339518.467,218.467,0.48,0.49,0.51,0.52,0.01,0.01,74440.3,1776339517000
1776339518.848,218.848,0.5,0.51,0.49,0.5,0.01,0.01,74440.3,1776339517000
1776339519.188,219.188,0.5,0.51,0.49,0.5,0.01,0.01,74440.3,1776339517000
1776339519.534,219.534,0.5,0.51,0.49,0.5,0.01,0.01,74439.89,1776339518000
1776339519.881,219.881,0.5,0.51,0.49,0.5,0.01,0.01,74439.89,1776339518000
1776339520.291,220.291,0.49,0.5,0.49,0.52,0.01,0.03,74438.92,1776339519000
1776339520.631,220.631,0.49,0.5,0.5,0.51,0.01,0.01,74438.92,1776339519000
1776339520.968,220.968,0.49,0.5,0.5,0.51,0.01,0.01,74438.92,1776339519000
1776339521.324,221.324,0.49,0.5,0.5,0.51,0.01,0.01,74440.29,1776339520000
1776339521.948,221.948,0.49,0.5,0.5,0.51,0.01,0.01,74440.29,1776339520000
1776339522.53,222.53,0.49,0.5,0.5,0.51,0.01,0.01,74440.55,1776339521000
1776339523.0,223.0,0.49,0.5,0.5,0.51,0.01,0.01,74440.55,1776339521000
1776339523.752,223.752,0.49,0.5,0.5,0.51,0.01,0.01,74440.55,1776339521000
1776339524.321,224.321,0.49,0.5,0.5,0.51,0.01,0.01,74440.53,1776339523000
1776339524.713,224.713,0.49,0.5,0.5,0.51,0.01,0.01,74440.53,1776339523000
1776339525.569,225.569,0.49,0.5,0.5,0.51,0.01,0.01,74440.62,1776339524000
1776339525.945,225.945,0.49,0.5,0.5,0.51,0.01,0.01,74440.63,1776339525000
1776339526.552,226.552,0.49,0.5,0.5,0.51,0.01,0.01,74440.63,1776339525000
1776339527.102,227.102,0.47,0.48,0.5,0.51,0.01,0.01,74440.98,1776339526000
1776339527.514,227.514,0.46,0.48,0.53,0.54,0.02,0.01,74440.98,1776339526000
1776339527.872,227.872,0.46,0.47,0.53,0.54,0.01,0.01,74440.98,1776339526000
1776339528.241,228.241,0.46,0.47,0.53,0.54,0.01,0.01,74440.98,1776339526000
1776339528.655,228.655,0.46,0.47,0.53,0.54,0.01,0.01,74439.96,1776339527000
1776339529.008,229.008,0.44,0.47,0.53,0.54,0.03,0.01,74439.96,1776339527000
1776339529.387,229.387,0.44,0.45,0.55,0.56,0.01,0.01,74439.0,1776339528000
1776339529.772,229.772,0.44,0.45,0.55,0.57,0.01,0.02,74439.0,1776339528000
1776339530.158,230.158,0.43,0.44,0.55,0.56,0.01,0.01,74439.0,1776339528000
1776339530.571,230.571,0.43,0.44,0.56,0.57,0.01,0.01,74439.19,1776339529000
1776339530.912,230.912,0.43,0.44,0.56,0.57,0.01,0.01,74439.19,1776339529000
1776339531.258,231.258,0.43,0.44,0.56,0.57,0.01,0.01,74439.78,1776339530000
1776339532.068,232.068,0.42,0.43,0.57,0.58,0.01,0.01,74436.19,1776339531000
1776339532.704,232.704,0.42,0.43,0.57,0.58,0.01,0.01,74436.19,1776339531000
1776339533.086,233.086,0.42,0.43,0.57,0.58,0.01,0.01,74435.98,1776339532000
1776339533.42,233.42,0.4,0.43,0.57,0.6,0.03,0.03,74435.98,1776339532000
1776339533.805,233.805,0.39,0.4,0.59,0.61,0.01,0.02,74435.98,1776339532000
1776339534.15,234.15,0.36,0.39,0.61,0.64,0.03,0.03,74435.46,1776339533000
1776339534.485,234.485,0.35,0.36,0.64,0.65,0.01,0.01,74435.46,1776339533000
1776339534.83,234.83,0.34,0.36,0.64,0.65,0.02,0.01,74435.46,1776339533000
1776339535.328,235.328,0.32,0.35,0.65,0.67,0.03,0.02,74428.69,1776339534000
1776339535.683,235.683,0.29,0.34,0.66,0.7,0.05,0.04,74428.69,1776339534000
1776339536.025,236.025,0.3,0.31,0.69,0.7,0.01,0.01,74428.69,1776339534000
1776339536.366,236.366,0.28,0.31,0.69,0.72,0.03,0.03,74428.69,1776339534000
1776339536.747,236.747,0.28,0.29,0.71,0.73,0.01,0.02,74428.69,1776339534000
1776339537.094,237.094,0.28,0.29,0.71,0.72,0.01,0.01,74423.17,1776339535000
1776339537.464,237.464,0.28,0.29,0.71,0.72,0.01,0.01,74422.54,1776339536000
1776339537.936,237.936,0.28,0.29,0.71,0.72,0.01,0.01,74422.54,1776339536000
1776339538.655,238.655,0.26,0.27,0.73,0.74,0.01,0.01,74422.58,1776339537000
1776339539.082,239.082,0.26,0.27,0.73,0.75,0.01,0.02,74422.58,1776339537000
1776339539.435,239.435,0.25,0.26,0.73,0.75,0.01,0.02,74422.58,1776339537000
1776339540.17,240.17,0.25,0.26,0.74,0.76,0.01,0.02,74422.54,1776339538000
1776339540.719,240.719,0.25,0.26,0.74,0.75,0.01,0.01,74422.5,1776339539000
1776339541.093,241.093,0.23,0.26,0.74,0.77,0.03,0.03,74422.5,1776339539000
1776339541.529,241.529,0.22,0.23,0.77,0.78,0.01,0.01,74422.5,1776339539000
1776339541.9,241.9,0.22,0.23,0.77,0.78,0.01,0.01,74420.93,1776339540000
1776339542.234,242.234,0.22,0.23,0.77,0.78,0.01,0.01,74420.93,1776339540000
1776339542.568,242.568,0.22,0.23,0.77,0.78,0.01,0.01,74421.24,1776339541000
1776339542.958,242.958,0.22,0.23,0.77,0.78,0.01,0.01,74421.24,1776339541000
1776339543.291,243.291,0.22,0.23,0.77,0.78,0.01,0.01,74421.24,1776339541000
1776339543.688,243.688,0.21,0.22,0.78,0.79,0.01,0.01,74419.18,1776339542000
1776339544.11,244.11,0.21,0.22,0.78,0.79,0.01,0.01,74419.18,1776339543000
1776339544.593,244.593,0.21,0.22,0.78,0.79,0.01,0.01,74419.18,1776339543000
1776339544.941,244.941,0.21,0.22,0.78,0.79,0.01,0.01,74419.18,1776339543000
1776339545.282,245.282,0.21,0.22,0.78,0.79,0.01,0.01,74419.18,1776339543000
1776339545.634,245.634,0.21,0.22,0.78,0.79,0.01,0.01,74418.3,1776339544000
1776339546.007,246.007,0.18,0.21,0.79,0.82,0.03,0.03,74418.29,1776339545000
1776339546.348,246.348,0.14,0.16,0.81,0.85,0.02,0.04,74418.29,1776339545000
1776339546.725,246.725,0.13,0.15,0.85,0.86,0.02,0.01,74418.29,1776339545000
1776339547.072,247.072,0.14,0.15,0.85,0.86,0.01,0.01,74418.29,1776339545000
1776339547.42,247.42,0.13,0.14,0.86,0.87,0.01,0.01,74419.06,1776339546000
1776339547.818,247.818,0.12,0.13,0.86,0.88,0.01,0.02,74419.06,1776339546000
1776339548.169,248.169,0.12,0.13,0.87,0.88,0.01,0.01,74419.06,1776339546000
1776339548.544,248.544,0.11,0.12,0.87,0.89,0.01,0.02,74419.06,1776339546000
1776339548.911,248.911,0.1,0.11,0.88,0.89,0.01,0.01,74419.06,1776339546000
1776339549.277,249.277,0.1,0.11,0.89,0.9,0.01,0.01,74409.18,1776339548000
1776339549.612,249.612,0.1,0.11,0.89,0.9,0.01,0.01,74409.18,1776339548000
1776339550.054,250.054,0.09,0.1,0.9,0.91,0.01,0.01,74409.18,1776339548000
1776339550.402,250.402,0.09,0.1,0.9,0.91,0.01,0.01,74409.2,1776339549000
1776339550.746,250.746,0.09,0.1,0.9,0.91,0.01,0.01,74409.2,1776339549000
1776339551.082,251.082,0.11,0.12,0.88,0.89,0.01,0.01,74409.2,1776339549000
1776339551.45,251.45,0.14,0.15,0.85,0.86,0.01,0.01,74408.97,1776339550000
1776339551.826,251.826,0.14,0.16,0.85,0.86,0.02,0.01,74408.97,1776339550000
1776339552.301,252.301,0.15,0.16,0.84,0.85,0.01,0.01,74408.99,1776339551000
1776339553.007,253.007,0.14,0.16,0.84,0.85,0.02,0.01,74408.99,1776339551000
1776339553.353,253.353,0.14,0.15,0.85,0.86,0.01,0.01,74409.1,1776339552000
1776339553.795,253.795,0.13,0.14,0.85,0.87,0.01,0.02,74409.1,1776339552000
1776339554.284,254.284,0.13,0.14,0.86,0.87,0.01,0.01,74409.1,1776339552000
1776339554.678,254.678,0.12,0.13,0.87,0.88,0.01,0.01,74410.15,1776339553000
1776339555.011,255.011,0.12,0.13,0.87,0.88,0.01,0.01,74410.15,1776339553000
1776339555.459,255.459,0.16,0.17,0.82,0.84,0.01,0.02,74410.15,1776339553000
1776339555.974,255.974,0.15,0.16,0.84,0.85,0.01,0.01,74410.28,1776339554000
1776339556.317,256.317,0.15,0.16,0.84,0.85,0.01,0.01,74410.24,1776339555000
1776339557.074,257.074,0.15,0.16,0.84,0.85,0.01,0.01,74410.24,1776339555000
1776339557.43,257.43,0.15,0.16,0.84,0.85,0.01,0.01,74410.24,1776339555000
1776339557.786,257.786,0.15,0.16,0.84,0.85,0.01,0.01,74410.3,1776339556000
1776339558.25,258.25,0.15,0.16,0.84,0.85,0.01,0.01,74410.3,1776339556000
1776339558.62,258.62,0.15,0.16,0.84,0.85,0.01,0.01,74412.74,1776339557000
1776339558.993,258.993,0.15,0.16,0.84,0.85,0.01,0.01,74412.74,1776339557000
1776339559.334,259.334,0.15,0.16,0.84,0.85,0.01,0.01,74410.88,1776339558000
1776339559.698,259.698,0.14,0.15,0.85,0.86,0.01,0.01,74410.88,1776339558000
1776339560.072,260.072,0.14,0.15,0.85,0.86,0.01,0.01,74410.88,1776339558000
1776339560.491,260.491,0.13,0.14,0.86,0.87,0.01,0.01,74410.88,1776339558000
1776339560.965,260.965,0.13,0.14,0.86,0.87,0.01,0.01,74410.93,1776339559000
1776339561.402,261.402,0.13,0.14,0.86,0.87,0.01,0.01,74410.93,1776339559000
1776339561.816,261.816,0.13,0.14,0.86,0.87,0.01,0.01,74411.08,1776339560000
1776339562.227,262.227,0.12,0.13,0.87,0.88,0.01,0.01,74411.08,1776339560000
1776339562.634,262.634,0.12,0.13,0.87,0.88,0.01,0.01,74411.0,1776339561000
1776339563.091,263.091,0.12,0.13,0.87,0.88,0.01,0.01,74411.05,1776339562000
1776339563.492,263.492,0.12,0.13,0.87,0.88,0.01,0.01,74411.05,1776339562000
1776339563.86,263.86,0.12,0.13,0.87,0.88,0.01,0.01,74411.05,1776339562000
1776339564.291,264.291,0.12,0.13,0.87,0.88,0.01,0.01,74411.05,1776339562000
1776339564.816,264.816,0.12,0.13,0.87,0.89,0.01,0.02,74411.05,1776339562000
1776339565.209,265.209,0.12,0.13,0.87,0.88,0.01,0.01,74410.94,1776339563000
1776339565.544,265.544,0.12,0.13,0.87,0.88,0.01,0.01,74410.78,1776339564000
1776339565.994,265.994,0.11,0.12,0.88,0.89,0.01,0.01,74410.78,1776339564000
1776339566.327,266.327,0.11,0.12,0.88,0.89,0.01,0.01,74410.78,1776339564000
1776339566.795,266.795,0.1,0.11,0.88,0.89,0.01,0.01,74410.58,1776339565000
1776339567.186,267.186,0.11,0.12,0.88,0.89,0.01,0.01,74411.49,1776339566000
1776339567.582,267.582,0.11,0.12,0.88,0.89,0.01,0.01,74411.49,1776339566000
1776339567.92,267.92,0.09,0.1,0.88,0.91,0.01,0.03,74411.49,1776339566000
1776339568.258,268.258,0.09,0.1,0.9,0.91,0.01,0.01,74411.49,1776339566000
1776339568.814,268.814,0.09,0.1,0.9,0.91,0.01,0.01,74411.08,1776339567000
1776339569.375,269.375,0.08,0.09,0.9,0.92,0.01,0.02,74411.08,1776339567000
1776339569.734,269.734,0.15,0.24,0.76,0.85,0.09,0.09,74410.53,1776339568000
1776339570.07,270.07,0.2,0.31,0.69,0.8,0.11,0.11,74410.53,1776339568000
1776339570.405,270.405,0.2,0.38,0.64,0.8,0.18,0.16,74415.25,1776339569000
1776339570.744,270.744,0.33,0.52,0.49,0.67,0.19,0.18,74415.25,1776339569000
1776339571.078,271.078,0.27,0.53,0.47,0.67,0.26,0.2,74415.25,1776339569000
1776339571.421,271.421,0.31,0.33,0.67,0.69,0.02,0.02,74415.25,1776339570000
1776339571.794,271.794,0.51,0.54,0.46,0.49,0.03,0.03,74415.25,1776339570000
1776339572.141,272.141,0.51,0.54,0.46,0.48,0.03,0.02,74415.25,1776339570000
1776339572.502,272.502,0.52,0.53,0.47,0.48,0.01,0.01,74415.25,1776339570000
1776339572.882,272.882,0.52,0.53,0.47,0.48,0.01,0.01,74449.08,1776339571000
1776339573.23,273.23,0.52,0.53,0.47,0.48,0.01,0.01,74447.06,1776339572000
1776339573.585,273.585,0.52,0.53,0.47,0.48,0.01,0.01,74447.06,1776339572000
1776339573.922,273.922,0.52,0.53,0.47,0.48,0.01,0.01,74447.06,1776339572000
1776339574.272,274.272,0.52,0.53,0.47,0.48,0.01,0.01,74447.55,1776339573000
1776339574.63,274.63,0.53,0.54,0.46,0.47,0.01,0.01,74447.55,1776339573000
1776339574.98,274.98,0.53,0.54,0.46,0.47,0.01,0.01,74447.55,1776339573000
1776339575.313,275.313,0.53,0.54,0.46,0.47,0.01,0.01,74448.8,1776339574000
1776339575.686,275.686,0.53,0.54,0.46,0.47,0.01,0.01,74448.8,1776339574000
1776339576.103,276.103,0.53,0.54,0.46,0.47,0.01,0.01,74448.8,1776339574000
1776339576.45,276.45,0.53,0.54,0.46,0.47,0.01,0.01,74448.8,1776339574000
1776339576.891,276.891,0.55,0.56,0.44,0.45,0.01,0.01,74448.82,1776339575000
1776339577.477,277.477,0.55,0.56,0.44,0.45,0.01,0.01,74447.95,1776339576000
1776339577.951,277.951,0.55,0.56,0.44,0.45,0.01,0.01,74447.95,1776339576000
1776339578.35,278.35,0.55,0.56,0.44,0.45,0.01,0.01,74447.95,1776339576000
1776339578.814,278.814,0.55,0.56,0.44,0.45,0.01,0.01,74448.79,1776339577000
1776339579.289,279.289,0.55,0.56,0.44,0.45,0.01,0.01,74448.83,1776339578000
1776339579.857,279.857,0.56,0.57,0.44,0.45,0.01,0.01,74448.83,1776339578000
1776339580.245,280.245,0.56,0.57,0.43,0.44,0.01,0.01,74448.86,1776339579000
1776339580.68,280.68,0.56,0.57,0.43,0.44,0.01,0.01,74448.86,1776339579000
1776339581.33,281.33,0.57,0.58,0.42,0.44,0.01,0.02,74448.86,1776339579000
1776339581.666,281.666,0.57,0.59,0.42,0.43,0.02,0.01,74448.87,1776339580000
1776339582.031,282.031,0.58,0.59,0.41,0.42,0.01,0.01,74448.87,1776339580000
1776339582.371,282.371,0.6,0.61,0.39,0.4,0.01,0.01,74449.0,1776339581000
1776339582.887,282.887,0.62,0.63,0.38,0.39,0.01,0.01,74449.0,1776339581000
1776339583.28,283.28,0.62,0.63,0.37,0.38,0.01,0.01,74454.46,1776339582000
1776339583.671,283.671,0.64,0.66,0.35,0.36,0.02,0.01,74454.46,1776339582000
1776339584.188,284.188,0.66,0.67,0.33,0.34,0.01,0.01,74454.46,1776339582000
1776339584.665,284.665,0.67,0.68,0.32,0.34,0.01,0.02,74450.74,1776339583000
1776339585.111,285.111,0.67,0.68,0.32,0.33,0.01,0.01,74450.74,1776339584000
1776339585.804,285.804,0.68,0.69,0.31,0.33,0.01,0.02,74450.74,1776339584000
1776339586.216,286.216,0.7,0.71,0.29,0.3,0.01,0.01,74450.73,1776339585000
1776339586.965,286.965,0.72,0.74,0.28,0.29,0.02,0.01,74450.73,1776339585000
1776339587.475,287.475,0.73,0.74,0.26,0.27,0.01,0.01,74451.24,1776339586000
1776339587.92,287.92,0.74,0.75,0.26,0.27,0.01,0.01,74451.24,1776339586000
1776339588.255,288.255,0.74,0.75,0.25,0.26,0.01,0.01,74451.31,1776339587000
1776339588.764,288.764,0.75,0.76,0.24,0.25,0.01,0.01,74451.31,1776339587000
1776339589.103,289.103,0.77,0.78,0.22,0.24,0.01,0.02,74451.31,1776339587000
1776339589.563,289.563,0.78,0.79,0.21,0.22,0.01,0.01,74451.26,1776339588000
1776339589.897,289.897,0.79,0.8,0.2,0.21,0.01,0.01,74451.26,1776339588000
1776339590.364,290.364,0.8,0.81,0.19,0.21,0.01,0.02,74451.26,1776339588000
1776339590.719,290.719,0.8,0.81,0.18,0.2,0.01,0.02,74451.26,1776339589000
1776339591.1,291.1,0.81,0.82,0.18,0.19,0.01,0.01,74451.93,1776339590000
1776339591.603,291.603,0.82,0.83,0.17,0.19,0.01,0.02,74451.93,1776339590000
1776339592.027,292.027,0.82,0.83,0.17,0.18,0.01,0.01,74451.93,1776339590000
1776339592.401,292.401,0.82,0.83,0.17,0.18,0.01,0.01,74451.92,1776339591000
1776339592.847,292.847,0.83,0.84,0.16,0.17,0.01,0.01,74451.92,1776339591000
1776339593.202,293.202,0.66,0.68,0.27,0.3,0.02,0.03,74451.26,1776339592000
1776339593.554,293.554,0.62,0.64,0.35,0.39,0.02,0.04,74451.26,1776339592000
1776339593.98,293.98,0.56,0.59,0.4,0.43,0.03,0.03,74451.26,1776339592000
1776339594.326,294.326,0.31,0.39,0.61,0.69,0.08,0.08,74451.26,1776339592000
1776339594.675,294.675,0.31,0.33,0.66,0.68,0.02,0.02,74451.99,1776339593000
1776339595.009,295.009,0.2,0.22,0.78,0.8,0.02,0.02,74451.99,1776339593000
1776339595.357,295.357,0.17,0.18,0.8,0.83,0.01,0.03,74452.05,1776339594000
1776339595.694,295.694,0.16,0.17,0.83,0.84,0.01,0.01,74452.05,1776339594000
1776339596.041,296.041,0.16,0.17,0.83,0.84,0.01,0.01,74452.05,1776339594000
1776339596.389,296.389,0.16,0.17,0.83,0.84,0.01,0.01,74444.51,1776339595000
1776339596.726,296.726,0.42,0.43,0.57,0.58,0.01,0.01,74444.51,1776339595000
1776339597.059,297.059,0.31,0.32,0.67,0.69,0.01,0.02,74439.65,1776339596000
1776339597.4,297.4,0.32,0.41,0.6,0.68,0.09,0.08,74439.65,1776339596000
1776339597.773,297.773,0.33,0.34,0.65,0.67,0.01,0.02,74439.65,1776339596000
1776339598.109,298.109,0.32,0.33,0.67,0.68,0.01,0.01,74439.65,1776339596000
1776339598.456,298.456,0.26,0.33,0.67,0.68,0.07,0.01,74439.65,1776339596000
1776339598.789,298.789,0.03,0.05,0.95,0.97,0.02,0.02,74436.7,1776339597000
1776339599.126,299.126,0.01,0.02,0.98,0.99,0.01,0.01,74435.68,1776339598000
1776339599.486,299.486,0.01,0.01,0.99,0.99,0.0,0.0,74435.68,1776339598000
1776339599.85,299.85,0.01,0.01,0.99,0.99,0.0,0.0,74435.68,1776339598000
1776339600.381,300.381,0.01,0.01,0.99,0.99,0.0,0.0,74435.68,1776339598000
1776339600.715,300.715,0.01,0.01,0.99,0.99,0.0,0.0,74429.13,1776339599000
1776339601.055,301.055,0.01,0.01,0.99,0.99,0.0,0.0,74418.96,1776339600000
1776339602.382,302.382,0.01,0.01,0.99,0.99,0.0,0.0,74412.24,1776339601000

# RESULT,winner=Down,slug=btc-updown-5m-1776339300,ticks=680
