timestamp,elapsed_sec,up_bid,up_ask,down_bid,down_ask,up_spread,down_spread,btc_price,btc_oracle_ts
1776173100.528,0.528,0.38,0.39,0.61,0.62,0.01,0.01,74737.47,1776173099000
1776173100.888,0.888,0.38,0.39,0.61,0.62,0.01,0.01,74737.47,1776173099000
1776173101.266,1.266,0.38,0.39,0.61,0.62,0.01,0.01,74737.47,1776173099000
1776173101.602,1.602,0.38,0.4,0.6,0.62,0.02,0.02,74737.44,1776173100000
1776173101.939,1.939,0.39,0.4,0.6,0.61,0.01,0.01,74737.44,1776173100000
1776173102.282,2.282,0.39,0.4,0.6,0.61,0.01,0.01,74737.33,1776173101000
1776173102.683,2.683,0.4,0.41,0.59,0.6,0.01,0.01,74737.33,1776173101000
1776173103.025,3.025,0.4,0.41,0.59,0.6,0.01,0.01,74737.33,1776173101000
1776173103.445,3.445,0.4,0.41,0.59,0.6,0.01,0.01,74732.75,1776173102000
1776173103.804,3.804,0.4,0.41,0.59,0.6,0.01,0.01,74732.75,1776173102000
1776173104.17,4.17,0.4,0.41,0.59,0.6,0.01,0.01,74732.75,1776173102000
1776173104.523,4.523,0.4,0.42,0.59,0.6,0.02,0.01,74730.62,1776173103000
1776173104.867,4.867,0.41,0.42,0.58,0.59,0.01,0.01,74730.62,1776173103000
1776173105.232,5.232,0.41,0.42,0.58,0.59,0.01,0.01,74730.62,1776173103000
1776173105.663,5.663,0.41,0.42,0.58,0.59,0.01,0.01,74731.02,1776173104000
1776173106.01,6.01,0.41,0.42,0.58,0.59,0.01,0.01,74731.06,1776173105000
1776173106.345,6.345,0.41,0.42,0.58,0.59,0.01,0.01,74731.06,1776173105000
1776173106.787,6.787,0.41,0.42,0.58,0.59,0.01,0.01,74731.06,1776173105000
1776173107.197,7.197,0.41,0.42,0.58,0.59,0.01,0.01,74731.06,1776173105000
1776173107.541,7.541,0.41,0.42,0.58,0.59,0.01,0.01,74731.32,1776173106000
1776173107.882,7.882,0.41,0.42,0.58,0.59,0.01,0.01,74731.32,1776173106000
1776173108.527,8.527,0.41,0.42,0.57,0.59,0.01,0.02,74731.58,1776173107000
1776173109.096,9.096,0.41,0.42,0.58,0.59,0.01,0.01,74731.58,1776173107000
1776173109.459,9.459,0.41,0.42,0.58,0.59,0.01,0.01,74731.58,1776173108000
1776173109.968,9.968,0.41,0.43,0.58,0.59,0.02,0.01,74731.58,1776173108000
1776173110.459,10.459,0.43,0.44,0.56,0.58,0.01,0.02,74731.68,1776173109000
1776173110.808,10.808,0.44,0.45,0.55,0.56,0.01,0.01,74731.68,1776173109000
1776173111.158,11.158,0.44,0.45,0.55,0.56,0.01,0.01,74731.68,1776173109000
1776173111.5,11.5,0.44,0.45,0.55,0.56,0.01,0.01,74731.72,1776173110000
1776173111.865,11.865,0.44,0.45,0.55,0.56,0.01,0.01,74731.72,1776173110000
1776173112.206,12.206,0.44,0.45,0.55,0.56,0.01,0.01,74731.72,1776173110000
1776173112.588,12.588,0.44,0.45,0.55,0.56,0.01,0.01,74731.72,1776173110000
1776173112.985,12.985,0.44,0.45,0.55,0.56,0.01,0.01,74731.32,1776173111000
1776173113.36,13.36,0.44,0.45,0.55,0.56,0.01,0.01,74731.21,1776173112000
1776173113.887,13.887,0.44,0.45,0.55,0.56,0.01,0.01,74731.21,1776173112000
1776173114.46,14.46,0.44,0.45,0.55,0.56,0.01,0.01,74731.21,1776173112000
1776173115.14,15.14,0.44,0.45,0.55,0.56,0.01,0.01,74731.21,1776173113000
1776173115.494,15.494,0.44,0.45,0.55,0.56,0.01,0.01,74731.21,1776173114000
1776173115.919,15.919,0.44,0.45,0.55,0.56,0.01,0.01,74731.21,1776173114000
1776173116.359,16.359,0.44,0.45,0.55,0.56,0.01,0.01,74731.3,1776173115000
1776173116.885,16.885,0.44,0.45,0.55,0.56,0.01,0.01,74731.3,1776173115000
1776173117.221,17.221,0.44,0.45,0.55,0.56,0.01,0.01,74731.35,1776173116000
1776173117.557,17.557,0.43,0.45,0.55,0.56,0.02,0.01,74731.35,1776173116000
1776173118.014,18.014,0.43,0.44,0.56,0.57,0.01,0.01,74731.35,1776173116000
1776173118.37,18.37,0.43,0.44,0.56,0.58,0.01,0.02,74731.47,1776173117000
1776173118.709,18.709,0.43,0.44,0.56,0.57,0.01,0.01,74731.47,1776173117000
1776173119.172,19.172,0.43,0.44,0.56,0.57,0.01,0.01,74731.47,1776173117000
1776173119.631,19.631,0.42,0.44,0.56,0.57,0.02,0.01,74731.47,1776173118000
1776173120.115,20.115,0.43,0.44,0.56,0.57,0.01,0.01,74731.47,1776173118000
1776173120.527,20.527,0.42,0.43,0.56,0.58,0.01,0.02,74731.47,1776173119000
1776173121.013,21.013,0.42,0.43,0.57,0.58,0.01,0.01,74731.3,1776173120000
1776173121.395,21.395,0.42,0.43,0.57,0.58,0.01,0.01,74731.3,1776173120000
1776173121.969,21.969,0.42,0.43,0.57,0.58,0.01,0.01,74731.3,1776173120000
1776173122.377,22.377,0.42,0.43,0.57,0.58,0.01,0.01,74731.3,1776173120000
1776173122.731,22.731,0.42,0.43,0.57,0.58,0.01,0.01,74731.26,1776173121000
1776173123.066,23.066,0.42,0.43,0.57,0.58,0.01,0.01,74731.26,1776173121000
1776173123.434,23.434,0.42,0.43,0.57,0.58,0.01,0.01,74731.31,1776173122000
1776173123.798,23.798,0.42,0.43,0.57,0.58,0.01,0.01,74731.31,1776173122000
1776173124.211,24.211,0.42,0.43,0.57,0.58,0.01,0.01,74731.31,1776173123000
1776173124.68,24.68,0.43,0.44,0.56,0.57,0.01,0.01,74731.31,1776173123000
1776173125.189,25.189,0.43,0.44,0.56,0.57,0.01,0.01,74731.31,1776173123000
1776173125.666,25.666,0.43,0.45,0.56,0.57,0.02,0.01,74731.31,1776173124000
1776173126.476,26.476,0.44,0.45,0.55,0.56,0.01,0.01,74731.31,1776173124000
1776173126.815,26.815,0.44,0.46,0.54,0.56,0.02,0.02,74731.31,1776173124000
1776173127.23,27.23,0.47,0.48,0.52,0.53,0.01,0.01,74732.24,1776173125000
1776173127.577,27.577,0.47,0.48,0.52,0.53,0.01,0.01,74732.24,1776173125000
1776173127.947,27.947,0.48,0.5,0.5,0.52,0.02,0.02,74732.71,1776173126000
1776173128.344,28.344,0.5,0.52,0.48,0.5,0.02,0.02,74740.74,1776173127000
1776173128.678,28.678,0.51,0.55,0.47,0.49,0.04,0.02,74740.74,1776173127000
1776173129.038,29.038,0.54,0.55,0.45,0.46,0.01,0.01,74740.74,1776173127000
1776173129.438,29.438,0.54,0.55,0.45,0.46,0.01,0.01,74740.74,1776173127000
1776173129.79,29.79,0.54,0.55,0.45,0.46,0.01,0.01,74753.43,1776173128000
1776173130.153,30.153,0.54,0.55,0.45,0.46,0.01,0.01,74753.43,1776173129000
1776173130.51,30.51,0.54,0.55,0.45,0.46,0.01,0.01,74753.43,1776173129000
1776173130.849,30.849,0.54,0.55,0.45,0.46,0.01,0.01,74753.43,1776173129000
1776173131.383,31.383,0.54,0.55,0.45,0.46,0.01,0.01,74753.43,1776173129000
1776173132.09,32.09,0.54,0.55,0.45,0.46,0.01,0.01,74753.95,1776173130000
1776173132.428,32.428,0.54,0.55,0.45,0.46,0.01,0.01,74754.11,1776173131000
1776173132.763,32.763,0.5,0.51,0.49,0.5,0.01,0.01,74754.11,1776173131000
1776173133.109,33.109,0.5,0.51,0.49,0.5,0.01,0.01,74754.11,1776173131000
1776173133.464,33.464,0.49,0.51,0.49,0.5,0.02,0.01,74754.11,1776173131000
1776173133.836,33.836,0.49,0.5,0.5,0.51,0.01,0.01,74754.11,1776173131000
1776173134.17,34.17,0.49,0.5,0.5,0.51,0.01,0.01,74749.63,1776173132000
1776173134.526,34.526,0.49,0.5,0.5,0.51,0.01,0.01,74749.63,1776173132000
1776173134.897,34.897,0.49,0.5,0.5,0.51,0.01,0.01,74744.16,1776173133000
1776173135.25,35.25,0.49,0.5,0.5,0.51,0.01,0.01,74744.16,1776173133000
1776173135.603,35.603,0.49,0.5,0.5,0.51,0.01,0.01,74742.07,1776173134000
1776173136.152,36.152,0.49,0.5,0.5,0.51,0.01,0.01,74742.07,1776173134000
1776173136.486,36.486,0.49,0.5,0.5,0.51,0.01,0.01,74742.07,1776173134000
1776173136.827,36.827,0.49,0.5,0.5,0.51,0.01,0.01,74741.31,1776173135000
1776173137.182,37.182,0.49,0.5,0.5,0.51,0.01,0.01,74741.31,1776173135000
1776173137.535,37.535,0.49,0.5,0.5,0.51,0.01,0.01,74741.31,1776173136000
1776173137.938,37.938,0.49,0.5,0.5,0.51,0.01,0.01,74741.31,1776173136000
1776173138.282,38.282,0.49,0.5,0.5,0.51,0.01,0.01,74741.14,1776173137000
1776173138.649,38.649,0.49,0.5,0.5,0.51,0.01,0.01,74741.14,1776173137000
1776173139.015,39.015,0.49,0.5,0.5,0.51,0.01,0.01,74741.14,1776173137000
1776173139.421,39.421,0.49,0.5,0.5,0.51,0.01,0.01,74741.14,1776173137000
1776173139.761,39.761,0.49,0.5,0.5,0.51,0.01,0.01,74740.97,1776173138000
1776173140.232,40.232,0.48,0.49,0.51,0.52,0.01,0.01,74740.97,1776173138000
1776173140.615,40.615,0.48,0.49,0.51,0.52,0.01,0.01,74740.97,1776173138000
1776173141.072,41.072,0.48,0.49,0.51,0.52,0.01,0.01,74740.93,1776173139000
1776173141.415,41.415,0.48,0.49,0.51,0.52,0.01,0.01,74741.14,1776173140000
1776173141.815,41.815,0.47,0.48,0.51,0.53,0.01,0.02,74741.14,1776173140000
1776173142.26,42.26,0.47,0.48,0.52,0.53,0.01,0.01,74741.14,1776173140000
1776173142.875,42.875,0.47,0.48,0.52,0.53,0.01,0.01,74741.05,1776173142000
1776173143.843,43.843,0.47,0.48,0.52,0.53,0.01,0.01,74741.05,1776173142000
1776173144.409,44.409,0.47,0.48,0.52,0.53,0.01,0.01,74741.05,1776173143000
1776173144.754,44.754,0.47,0.51,0.52,0.53,0.04,0.01,74741.05,1776173143000
1776173145.184,45.184,0.52,0.53,0.47,0.48,0.01,0.01,74741.13,1776173144000
1776173145.569,45.569,0.53,0.54,0.46,0.47,0.01,0.01,74741.13,1776173144000
1776173145.918,45.918,0.53,0.54,0.46,0.47,0.01,0.01,74741.13,1776173144000
1776173146.311,46.311,0.53,0.54,0.46,0.47,0.01,0.01,74742.43,1776173145000
1776173146.79,46.79,0.53,0.54,0.46,0.47,0.01,0.01,74742.43,1776173145000
1776173147.135,47.135,0.53,0.54,0.46,0.47,0.01,0.01,74746.19,1776173146000
1776173147.552,47.552,0.53,0.54,0.46,0.47,0.01,0.01,74746.19,1776173146000
1776173148.162,48.162,0.53,0.54,0.46,0.47,0.01,0.01,74745.64,1776173147000
1776173148.551,48.551,0.53,0.54,0.46,0.47,0.01,0.01,74745.64,1776173147000
1776173148.915,48.915,0.53,0.54,0.46,0.47,0.01,0.01,74745.64,1776173147000
1776173149.259,49.259,0.53,0.54,0.46,0.47,0.01,0.01,74745.49,1776173148000
1776173150.019,50.019,0.53,0.54,0.46,0.47,0.01,0.01,74745.49,1776173148000
1776173150.377,50.377,0.53,0.54,0.46,0.47,0.01,0.01,74745.18,1776173149000
1776173151.312,51.312,0.53,0.54,0.46,0.47,0.01,0.01,74745.04,1776173150000
1776173151.652,51.652,0.5,0.51,0.49,0.5,0.01,0.01,74745.04,1776173150000
1776173151.997,51.997,0.5,0.51,0.49,0.5,0.01,0.01,74745.04,1776173150000
1776173152.51,52.51,0.5,0.51,0.49,0.5,0.01,0.01,74745.03,1776173151000
1776173152.911,52.911,0.5,0.51,0.49,0.5,0.01,0.01,74744.73,1776173152000
1776173153.395,53.395,0.5,0.51,0.49,0.5,0.01,0.01,74744.73,1776173152000
1776173153.79,53.79,0.5,0.51,0.49,0.5,0.01,0.01,74744.73,1776173152000
1776173154.291,54.291,0.49,0.5,0.5,0.51,0.01,0.01,74744.73,1776173152000
1776173155.357,55.357,0.49,0.5,0.5,0.51,0.01,0.01,74741.24,1776173154000
1776173156.037,56.037,0.49,0.5,0.5,0.51,0.01,0.01,74741.24,1776173154000
1776173156.55,56.55,0.49,0.5,0.5,0.51,0.01,0.01,74738.79,1776173155000
1776173157.257,57.257,0.49,0.5,0.5,0.51,0.01,0.01,74738.79,1776173155000
1776173157.597,57.597,0.49,0.5,0.5,0.51,0.01,0.01,74739.08,1776173156000
1776173158.132,58.132,0.49,0.5,0.5,0.51,0.01,0.01,74739.08,1776173156000
1776173158.486,58.486,0.49,0.5,0.5,0.51,0.01,0.01,74739.16,1776173157000
1776173159.145,59.145,0.49,0.5,0.5,0.51,0.01,0.01,74739.16,1776173157000
1776173159.61,59.61,0.49,0.5,0.5,0.51,0.01,0.01,74739.14,1776173158000
1776173160.278,60.278,0.49,0.5,0.5,0.51,0.01,0.01,74739.16,1776173159000
1776173160.733,60.733,0.49,0.5,0.5,0.51,0.01,0.01,74739.16,1776173159000
1776173161.299,61.299,0.49,0.5,0.5,0.51,0.01,0.01,74738.78,1776173160000
1776173161.678,61.678,0.49,0.5,0.5,0.51,0.01,0.01,74738.78,1776173160000
1776173162.287,62.287,0.49,0.5,0.5,0.51,0.01,0.01,74738.78,1776173160000
1776173162.63,62.63,0.46,0.47,0.53,0.54,0.01,0.01,74741.84,1776173161000
1776173163.143,63.143,0.46,0.47,0.53,0.54,0.01,0.01,74741.84,1776173161000
1776173163.499,63.499,0.46,0.47,0.53,0.54,0.01,0.01,74739.32,1776173162000
1776173163.871,63.871,0.46,0.47,0.53,0.54,0.01,0.01,74739.32,1776173162000
1776173164.22,64.22,0.45,0.46,0.53,0.55,0.01,0.02,74739.32,1776173162000
1776173164.716,64.716,0.45,0.46,0.54,0.55,0.01,0.01,74737.73,1776173163000
1776173165.101,65.101,0.45,0.46,0.54,0.55,0.01,0.01,74737.73,1776173163000
1776173165.436,65.436,0.45,0.46,0.54,0.55,0.01,0.01,74735.24,1776173164000
1776173165.795,65.795,0.45,0.46,0.54,0.55,0.01,0.01,74735.24,1776173164000
1776173166.224,66.224,0.45,0.46,0.54,0.55,0.01,0.01,74735.22,1776173165000
1776173166.563,66.563,0.45,0.46,0.54,0.55,0.01,0.01,74735.22,1776173165000
1776173167.323,67.323,0.45,0.46,0.54,0.55,0.01,0.01,74735.01,1776173166000
1776173167.955,67.955,0.45,0.46,0.54,0.55,0.01,0.01,74735.01,1776173166000
1776173168.295,68.295,0.45,0.46,0.54,0.55,0.01,0.01,74735.01,1776173166000
1776173168.906,68.906,0.45,0.46,0.54,0.55,0.01,0.01,74734.29,1776173167000
1776173169.264,69.264,0.45,0.46,0.54,0.55,0.01,0.01,74734.29,1776173167000
1776173169.848,69.848,0.45,0.46,0.54,0.55,0.01,0.01,74736.87,1776173168000
1776173170.675,70.675,0.45,0.46,0.54,0.55,0.01,0.01,74736.87,1776173169000
1776173171.022,71.022,0.45,0.46,0.54,0.55,0.01,0.01,74730.83,1776173170000
1776173171.391,71.391,0.42,0.43,0.57,0.58,0.01,0.01,74730.83,1776173170000
1776173171.738,71.738,0.42,0.43,0.57,0.58,0.01,0.01,74730.83,1776173170000
1776173172.082,72.082,0.42,0.43,0.57,0.58,0.01,0.01,74735.63,1776173171000
1776173172.433,72.433,0.42,0.43,0.57,0.58,0.01,0.01,74735.63,1776173171000
1776173172.781,72.781,0.42,0.43,0.57,0.58,0.01,0.01,74735.63,1776173171000
1776173173.175,73.175,0.42,0.43,0.57,0.58,0.01,0.01,74731.6,1776173172000
1776173173.641,73.641,0.42,0.43,0.57,0.58,0.01,0.01,74731.6,1776173172000
1776173173.986,73.986,0.42,0.43,0.57,0.58,0.01,0.01,74731.22,1776173173000
1776173174.329,74.329,0.42,0.43,0.57,0.58,0.01,0.01,74731.22,1776173173000
1776173174.715,74.715,0.42,0.43,0.57,0.58,0.01,0.01,74731.22,1776173173000
1776173175.083,75.083,0.42,0.43,0.57,0.58,0.01,0.01,74731.22,1776173173000
1776173175.496,75.496,0.42,0.43,0.57,0.58,0.01,0.01,74731.62,1776173174000
1776173176.04,76.04,0.42,0.43,0.57,0.58,0.01,0.01,74731.62,1776173174000
1776173177.246,77.246,0.42,0.43,0.57,0.58,0.01,0.01,74731.67,1776173176000
1776173177.609,77.609,0.42,0.43,0.57,0.58,0.01,0.01,74731.67,1776173176000
1776173178.024,78.024,0.42,0.43,0.57,0.58,0.01,0.01,74731.67,1776173176000
1776173178.485,78.485,0.42,0.43,0.57,0.58,0.01,0.01,74731.67,1776173177000
1776173178.898,78.898,0.42,0.43,0.57,0.58,0.01,0.01,74731.67,1776173177000
1776173179.477,79.477,0.42,0.43,0.57,0.58,0.01,0.01,74733.59,1776173178000
1776173180.524,80.524,0.41,0.43,0.57,0.58,0.02,0.01,74733.59,1776173178000
1776173181.072,81.072,0.41,0.42,0.57,0.59,0.01,0.02,74733.69,1776173179000
1776173181.618,81.618,0.4,0.41,0.58,0.6,0.01,0.02,74731.95,1776173180000
1776173181.955,81.955,0.4,0.41,0.59,0.6,0.01,0.01,74731.95,1776173180000
1776173182.3,82.3,0.4,0.41,0.59,0.6,0.01,0.01,74731.18,1776173181000
1776173182.679,82.679,0.4,0.41,0.59,0.6,0.01,0.01,74731.18,1776173181000
1776173183.069,83.069,0.4,0.41,0.59,0.6,0.01,0.01,74732.61,1776173182000
1776173183.405,83.405,0.4,0.41,0.59,0.6,0.01,0.01,74732.61,1776173182000
1776173184.072,84.072,0.4,0.41,0.59,0.6,0.01,0.01,74730.53,1776173183000
1776173184.866,84.866,0.4,0.41,0.59,0.6,0.01,0.01,74730.53,1776173183000
1776173185.626,85.626,0.4,0.41,0.59,0.6,0.01,0.01,74730.3,1776173184000
1776173186.21,86.21,0.4,0.41,0.59,0.6,0.01,0.01,74730.13,1776173185000
1776173186.561,86.561,0.4,0.41,0.59,0.6,0.01,0.01,74730.13,1776173185000
1776173187.247,87.247,0.4,0.41,0.59,0.6,0.01,0.01,74733.49,1776173186000
1776173187.723,87.723,0.4,0.41,0.59,0.6,0.01,0.01,74733.49,1776173186000
1776173188.214,88.214,0.39,0.4,0.59,0.61,0.01,0.02,74733.49,1776173186000
1776173188.583,88.583,0.38,0.39,0.61,0.62,0.01,0.01,74732.42,1776173187000
1776173188.965,88.965,0.38,0.39,0.61,0.63,0.01,0.02,74732.42,1776173187000
1776173189.305,89.305,0.38,0.39,0.61,0.62,0.01,0.01,74732.42,1776173188000
1776173189.64,89.64,0.38,0.39,0.61,0.62,0.01,0.01,74732.42,1776173188000
1776173190.007,90.007,0.37,0.38,0.62,0.63,0.01,0.01,74729.59,1776173189000
1776173190.415,90.415,0.37,0.38,0.62,0.63,0.01,0.01,74729.59,1776173189000
1776173190.782,90.782,0.37,0.38,0.62,0.63,0.01,0.01,74729.59,1776173189000
1776173191.205,91.205,0.37,0.38,0.62,0.63,0.01,0.01,74728.12,1776173190000
1776173191.597,91.597,0.37,0.38,0.62,0.63,0.01,0.01,74728.12,1776173190000
1776173192.068,92.068,0.37,0.38,0.62,0.63,0.01,0.01,74728.12,1776173190000
1776173192.456,92.456,0.37,0.38,0.62,0.63,0.01,0.01,74727.39,1776173191000
1776173193.064,93.064,0.37,0.38,0.62,0.63,0.01,0.01,74728.35,1776173192000
1776173193.424,93.424,0.37,0.38,0.62,0.63,0.01,0.01,74728.35,1776173192000
1776173194.023,94.023,0.37,0.38,0.62,0.63,0.01,0.01,74728.54,1776173193000
1776173194.446,94.446,0.37,0.39,0.62,0.63,0.02,0.01,74728.54,1776173193000
1776173194.906,94.906,0.37,0.38,0.62,0.63,0.01,0.01,74728.54,1776173193000
1776173195.537,95.537,0.37,0.38,0.62,0.63,0.01,0.01,74732.79,1776173194000
1776173196.047,96.047,0.37,0.38,0.62,0.63,0.01,0.01,74732.79,1776173195000
1776173196.411,96.411,0.37,0.38,0.62,0.63,0.01,0.01,74732.79,1776173195000
1776173196.952,96.952,0.37,0.38,0.62,0.63,0.01,0.01,74732.79,1776173196000
1776173197.367,97.367,0.37,0.38,0.62,0.63,0.01,0.01,74732.79,1776173196000
1776173197.784,97.784,0.37,0.38,0.62,0.63,0.01,0.01,74732.79,1776173196000
1776173198.415,98.415,0.37,0.38,0.62,0.63,0.01,0.01,74732.79,1776173197000
1776173198.812,98.812,0.37,0.38,0.62,0.63,0.01,0.01,74732.79,1776173197000
1776173199.163,99.163,0.37,0.38,0.62,0.63,0.01,0.01,74729.12,1776173198000
1776173199.498,99.498,0.37,0.38,0.62,0.63,0.01,0.01,74729.12,1776173198000
1776173199.839,99.839,0.37,0.38,0.62,0.63,0.01,0.01,74729.12,1776173198000
1776173200.458,100.458,0.37,0.38,0.62,0.63,0.01,0.01,74728.62,1776173199000
1776173200.873,100.873,0.36,0.37,0.62,0.63,0.01,0.01,74728.62,1776173199000
1776173201.228,101.228,0.36,0.37,0.63,0.64,0.01,0.01,74728.55,1776173200000
1776173201.61,101.61,0.36,0.37,0.63,0.64,0.01,0.01,74728.55,1776173200000
1776173201.944,101.944,0.34,0.35,0.63,0.66,0.01,0.03,74728.55,1776173200000
1776173202.329,102.329,0.34,0.35,0.65,0.66,0.01,0.01,74728.55,1776173200000
1776173202.665,102.665,0.34,0.35,0.65,0.66,0.01,0.01,74728.12,1776173201000
1776173203.009,103.009,0.34,0.35,0.65,0.66,0.01,0.01,74728.12,1776173201000
1776173203.405,103.405,0.34,0.35,0.65,0.66,0.01,0.01,74727.66,1776173202000
1776173203.774,103.774,0.34,0.35,0.65,0.66,0.01,0.01,74727.66,1776173202000
1776173204.109,104.109,0.34,0.35,0.65,0.66,0.01,0.01,74727.66,1776173202000
1776173204.522,104.522,0.33,0.34,0.66,0.67,0.01,0.01,74727.98,1776173203000
1776173204.946,104.946,0.33,0.34,0.66,0.67,0.01,0.01,74727.98,1776173203000
1776173205.321,105.321,0.33,0.34,0.66,0.67,0.01,0.01,74727.98,1776173203000
1776173205.694,105.694,0.33,0.34,0.66,0.67,0.01,0.01,74727.44,1776173204000
1776173206.053,106.053,0.32,0.34,0.67,0.68,0.02,0.01,74727.44,1776173204000
1776173206.439,106.439,0.32,0.33,0.67,0.68,0.01,0.01,74726.12,1776173205000
1776173206.777,106.777,0.32,0.33,0.67,0.68,0.01,0.01,74726.12,1776173205000
1776173207.195,107.195,0.32,0.33,0.67,0.68,0.01,0.01,74725.73,1776173206000
1776173207.552,107.552,0.32,0.33,0.67,0.68,0.01,0.01,74725.73,1776173206000
1776173207.945,107.945,0.32,0.33,0.67,0.68,0.01,0.01,74725.73,1776173206000
1776173208.327,108.327,0.32,0.33,0.67,0.68,0.01,0.01,74725.96,1776173207000
1776173208.732,108.732,0.32,0.33,0.67,0.68,0.01,0.01,74725.96,1776173207000
1776173209.287,109.287,0.32,0.33,0.67,0.68,0.01,0.01,74726.37,1776173208000
1776173209.667,109.667,0.32,0.33,0.67,0.68,0.01,0.01,74726.37,1776173208000
1776173210.024,110.024,0.31,0.32,0.68,0.69,0.01,0.01,74726.37,1776173208000
1776173210.484,110.484,0.31,0.32,0.68,0.69,0.01,0.01,74725.34,1776173209000
1776173210.864,110.864,0.31,0.32,0.68,0.69,0.01,0.01,74723.99,1776173210000
1776173211.21,111.21,0.31,0.32,0.68,0.69,0.01,0.01,74723.99,1776173210000
1776173211.559,111.559,0.31,0.32,0.68,0.69,0.01,0.01,74723.99,1776173210000
1776173211.927,111.927,0.31,0.32,0.68,0.69,0.01,0.01,74722.62,1776173211000
1776173212.31,112.31,0.31,0.32,0.68,0.69,0.01,0.01,74722.62,1776173211000
1776173212.647,112.647,0.32,0.33,0.67,0.68,0.01,0.01,74722.62,1776173211000
1776173212.985,112.985,0.34,0.35,0.65,0.66,0.01,0.01,74722.62,1776173212000
1776173213.609,113.609,0.34,0.35,0.65,0.66,0.01,0.01,74722.62,1776173212000
1776173214.014,114.014,0.34,0.35,0.65,0.66,0.01,0.01,74724.02,1776173213000
1776173214.421,114.421,0.34,0.35,0.65,0.66,0.01,0.01,74724.02,1776173213000
1776173214.848,114.848,0.34,0.35,0.65,0.66,0.01,0.01,74724.02,1776173213000
1776173215.251,115.251,0.34,0.35,0.65,0.66,0.01,0.01,74724.43,1776173214000
1776173215.737,115.737,0.33,0.34,0.66,0.67,0.01,0.01,74724.43,1776173214000
1776173216.096,116.096,0.33,0.34,0.66,0.67,0.01,0.01,74728.04,1776173215000
1776173216.475,116.475,0.33,0.34,0.66,0.67,0.01,0.01,74728.04,1776173215000
1776173216.969,116.969,0.33,0.34,0.66,0.67,0.01,0.01,74728.04,1776173215000
1776173217.385,117.385,0.33,0.34,0.66,0.67,0.01,0.01,74728.04,1776173216000
1776173217.732,117.732,0.33,0.34,0.66,0.67,0.01,0.01,74728.04,1776173216000
1776173218.295,118.295,0.33,0.34,0.66,0.67,0.01,0.01,74728.04,1776173217000
1776173218.86,118.86,0.33,0.34,0.66,0.67,0.01,0.01,74726.46,1776173218000
1776173219.225,119.225,0.32,0.33,0.66,0.68,0.01,0.02,74726.46,1776173218000
1776173219.593,119.593,0.32,0.33,0.67,0.68,0.01,0.01,74726.46,1776173218000
1776173219.951,119.951,0.32,0.33,0.67,0.68,0.01,0.01,74726.47,1776173219000
1776173220.309,120.309,0.32,0.33,0.67,0.68,0.01,0.01,74726.47,1776173219000
1776173220.652,120.652,0.33,0.35,0.65,0.67,0.02,0.02,74726.47,1776173219000
1776173220.988,120.988,0.38,0.39,0.61,0.62,0.01,0.01,74726.47,1776173219000
1776173221.559,121.559,0.4,0.41,0.59,0.6,0.01,0.01,74726.47,1776173219000
1776173221.929,121.929,0.41,0.42,0.58,0.59,0.01,0.01,74724.96,1776173220000
1776173222.276,122.276,0.42,0.43,0.57,0.58,0.01,0.01,74727.22,1776173221000
1776173222.635,122.635,0.43,0.44,0.56,0.57,0.01,0.01,74727.22,1776173221000
1776173222.972,122.972,0.43,0.44,0.56,0.57,0.01,0.01,74735.07,1776173222000
1776173223.325,123.325,0.43,0.44,0.56,0.57,0.01,0.01,74735.07,1776173222000
1776173223.936,123.936,0.43,0.44,0.56,0.57,0.01,0.01,74735.07,1776173222000
1776173224.415,124.415,0.44,0.45,0.55,0.56,0.01,0.01,74735.25,1776173223000
1776173224.938,124.938,0.44,0.45,0.55,0.56,0.01,0.01,74735.25,1776173223000
1776173225.527,125.527,0.44,0.45,0.55,0.56,0.01,0.01,74735.33,1776173224000
1776173225.936,125.936,0.44,0.45,0.55,0.56,0.01,0.01,74737.17,1776173225000
1776173226.329,126.329,0.44,0.45,0.55,0.56,0.01,0.01,74737.17,1776173225000
1776173226.788,126.788,0.44,0.45,0.55,0.56,0.01,0.01,74737.17,1776173225000
1776173227.257,127.257,0.44,0.45,0.55,0.56,0.01,0.01,74737.17,1776173226000
1776173227.615,127.615,0.44,0.45,0.55,0.56,0.01,0.01,74737.17,1776173226000
1776173227.963,127.963,0.44,0.45,0.55,0.56,0.01,0.01,74736.96,1776173227000
1776173228.306,128.306,0.44,0.45,0.55,0.56,0.01,0.01,74736.96,1776173227000
1776173228.95,128.95,0.44,0.45,0.55,0.56,0.01,0.01,74736.96,1776173227000
1776173229.396,129.396,0.34,0.35,0.65,0.66,0.01,0.01,74736.42,1776173228000
1776173229.786,129.786,0.34,0.35,0.65,0.66,0.01,0.01,74736.42,1776173228000
1776173230.127,130.127,0.34,0.35,0.65,0.66,0.01,0.01,74730.08,1776173229000
1776173230.497,130.497,0.33,0.34,0.66,0.67,0.01,0.01,74730.08,1776173229000
1776173230.863,130.863,0.33,0.34,0.66,0.67,0.01,0.01,74730.08,1776173229000
1776173231.437,131.437,0.33,0.34,0.66,0.67,0.01,0.01,74725.76,1776173230000
1776173231.801,131.801,0.34,0.35,0.65,0.66,0.01,0.01,74725.76,1776173230000
1776173232.165,132.165,0.34,0.35,0.64,0.66,0.01,0.02,74724.72,1776173231000
1776173232.618,132.618,0.35,0.36,0.64,0.65,0.01,0.01,74724.72,1776173231000
1776173232.987,132.987,0.35,0.36,0.64,0.65,0.01,0.01,74725.06,1776173232000
1776173233.386,133.386,0.35,0.36,0.64,0.65,0.01,0.01,74725.06,1776173232000
1776173233.804,133.804,0.35,0.36,0.64,0.65,0.01,0.01,74725.06,1776173232000
1776173234.139,134.139,0.35,0.37,0.64,0.65,0.02,0.01,74725.86,1776173233000
1776173234.487,134.487,0.36,0.37,0.63,0.64,0.01,0.01,74725.86,1776173233000
1776173235.198,135.198,0.36,0.37,0.63,0.64,0.01,0.01,74726.3,1776173234000
1776173235.574,135.574,0.36,0.39,0.63,0.64,0.03,0.01,74726.3,1776173234000
1776173235.931,135.931,0.38,0.4,0.61,0.62,0.02,0.01,74726.3,1776173234000
1776173236.288,136.288,0.4,0.41,0.59,0.62,0.01,0.03,74723.73,1776173235000
1776173236.634,136.634,0.4,0.41,0.59,0.6,0.01,0.01,74723.73,1776173235000
1776173236.968,136.968,0.4,0.41,0.59,0.6,0.01,0.01,74723.73,1776173235000
1776173237.35,137.35,0.4,0.41,0.59,0.6,0.01,0.01,74728.47,1776173236000
1776173237.697,137.697,0.4,0.41,0.59,0.6,0.01,0.01,74728.47,1776173236000
1776173238.102,138.102,0.39,0.4,0.59,0.61,0.01,0.02,74728.47,1776173236000
1776173238.461,138.461,0.39,0.4,0.6,0.61,0.01,0.01,74731.1,1776173237000
1776173238.965,138.965,0.39,0.4,0.6,0.61,0.01,0.01,74731.1,1776173237000
1776173239.542,139.542,0.41,0.42,0.58,0.59,0.01,0.01,74731.1,1776173238000
1776173240.193,140.193,0.41,0.42,0.58,0.59,0.01,0.01,74730.92,1776173239000
1776173240.664,140.664,0.41,0.42,0.58,0.59,0.01,0.01,74730.92,1776173239000
1776173241.2,141.2,0.41,0.42,0.58,0.59,0.01,0.01,74732.12,1776173240000
1776173241.858,141.858,0.41,0.42,0.58,0.59,0.01,0.01,74732.12,1776173240000
1776173242.2,142.2,0.41,0.42,0.58,0.59,0.01,0.01,74732.12,1776173241000
1776173242.742,142.742,0.41,0.42,0.58,0.59,0.01,0.01,74732.12,1776173241000
1776173243.156,143.156,0.41,0.42,0.58,0.59,0.01,0.01,74731.26,1776173242000
1776173243.794,143.794,0.4,0.41,0.58,0.59,0.01,0.01,74731.26,1776173242000
1776173244.205,144.205,0.4,0.41,0.59,0.6,0.01,0.01,74730.53,1776173243000
1776173244.702,144.702,0.38,0.39,0.59,0.62,0.01,0.03,74730.53,1776173243000
1776173245.156,145.156,0.38,0.39,0.61,0.62,0.01,0.01,74730.53,1776173243000
1776173245.537,145.537,0.4,0.41,0.59,0.6,0.01,0.01,74730.52,1776173244000
1776173246.176,146.176,0.4,0.41,0.59,0.6,0.01,0.01,74730.52,1776173244000
1776173247.433,147.433,0.4,0.41,0.59,0.6,0.01,0.01,74729.68,1776173246000
1776173247.972,147.972,0.4,0.41,0.59,0.6,0.01,0.01,74730.67,1776173247000
1776173248.525,148.525,0.4,0.41,0.59,0.6,0.01,0.01,74730.67,1776173247000
1776173248.958,148.958,0.4,0.42,0.59,0.6,0.02,0.01,74730.67,1776173247000
1776173249.514,149.514,0.4,0.41,0.59,0.6,0.01,0.01,74727.78,1776173248000
1776173249.886,149.886,0.4,0.41,0.59,0.6,0.01,0.01,74727.78,1776173248000
1776173250.38,150.38,0.4,0.41,0.59,0.6,0.01,0.01,74727.73,1776173249000
1776173250.797,150.797,0.4,0.41,0.59,0.6,0.01,0.01,74727.73,1776173249000
1776173251.158,151.158,0.4,0.41,0.59,0.6,0.01,0.01,74727.58,1776173250000
1776173252.322,152.322,0.4,0.41,0.59,0.6,0.01,0.01,74727.58,1776173250000
1776173252.736,152.736,0.4,0.41,0.59,0.6,0.01,0.01,74730.34,1776173251000
1776173253.134,153.134,0.4,0.41,0.59,0.6,0.01,0.01,74729.32,1776173252000
1776173253.703,153.703,0.4,0.41,0.59,0.6,0.01,0.01,74729.32,1776173252000
1776173254.32,154.32,0.4,0.41,0.59,0.6,0.01,0.01,74729.32,1776173253000
1776173254.75,154.75,0.4,0.41,0.59,0.6,0.01,0.01,74729.32,1776173253000
1776173255.189,155.189,0.4,0.41,0.59,0.6,0.01,0.01,74730.67,1776173254000
1776173255.584,155.584,0.4,0.41,0.59,0.6,0.01,0.01,74730.67,1776173254000
1776173256.139,156.139,0.4,0.41,0.59,0.6,0.01,0.01,74730.67,1776173254000
1776173256.506,156.506,0.4,0.41,0.59,0.6,0.01,0.01,74730.67,1776173255000
1776173257.067,157.067,0.4,0.41,0.59,0.6,0.01,0.01,74726.92,1776173256000
1776173257.566,157.566,0.39,0.41,0.59,0.6,0.02,0.01,74726.92,1776173256000
1776173258.015,158.015,0.39,0.4,0.6,0.61,0.01,0.01,74726.92,1776173256000
1776173258.387,158.387,0.39,0.4,0.6,0.61,0.01,0.01,74726.92,1776173256000
1776173258.763,158.763,0.39,0.4,0.6,0.61,0.01,0.01,74730.17,1776173257000
1776173260.187,160.187,0.39,0.4,0.6,0.61,0.01,0.01,74730.09,1776173259000
1776173260.53,160.53,0.33,0.34,0.66,0.68,0.01,0.02,74730.09,1776173259000
1776173260.867,160.867,0.32,0.33,0.66,0.68,0.01,0.02,74730.09,1776173259000
1776173261.266,161.266,0.33,0.34,0.66,0.67,0.01,0.01,74730.09,1776173259000
1776173261.634,161.634,0.33,0.34,0.66,0.67,0.01,0.01,74728.06,1776173260000
1776173261.997,161.997,0.33,0.34,0.66,0.67,0.01,0.01,74728.06,1776173260000
1776173262.362,162.362,0.33,0.34,0.66,0.67,0.01,0.01,74728.06,1776173260000
1776173262.897,162.897,0.33,0.34,0.66,0.67,0.01,0.01,74726.46,1776173261000
1776173263.326,163.326,0.32,0.33,0.66,0.68,0.01,0.02,74726.46,1776173261000
1776173263.907,163.907,0.32,0.33,0.67,0.68,0.01,0.01,74724.12,1776173262000
1776173264.352,164.352,0.32,0.33,0.67,0.68,0.01,0.01,74724.12,1776173262000
1776173265.043,165.043,0.32,0.33,0.67,0.68,0.01,0.01,74726.14,1776173264000
1776173265.429,165.429,0.32,0.33,0.67,0.68,0.01,0.01,74726.14,1776173264000
1776173265.763,165.763,0.32,0.33,0.67,0.68,0.01,0.01,74726.14,1776173264000
1776173266.146,166.146,0.32,0.33,0.67,0.68,0.01,0.01,74726.14,1776173264000
1776173266.679,166.679,0.32,0.33,0.67,0.68,0.01,0.01,74724.25,1776173265000
1776173267.447,167.447,0.32,0.33,0.67,0.68,0.01,0.01,74724.18,1776173266000
1776173267.818,167.818,0.32,0.34,0.67,0.68,0.02,0.01,74724.18,1776173266000
1776173268.153,168.153,0.33,0.34,0.66,0.67,0.01,0.01,74723.02,1776173267000
1776173268.887,168.887,0.33,0.34,0.66,0.67,0.01,0.01,74723.02,1776173267000
1776173269.493,169.493,0.33,0.34,0.66,0.67,0.01,0.01,74723.02,1776173268000
1776173270.027,170.027,0.33,0.34,0.66,0.67,0.01,0.01,74723.02,1776173268000
1776173270.605,170.605,0.32,0.33,0.66,0.68,0.01,0.02,74722.66,1776173269000
1776173270.953,170.953,0.31,0.32,0.68,0.69,0.01,0.01,74722.66,1776173269000
1776173271.475,171.475,0.31,0.32,0.68,0.69,0.01,0.01,74722.66,1776173269000
1776173271.998,171.998,0.31,0.32,0.68,0.69,0.01,0.01,74723.4,1776173270000
1776173272.469,172.469,0.31,0.32,0.68,0.69,0.01,0.01,74723.53,1776173271000
1776173272.984,172.984,0.31,0.32,0.68,0.69,0.01,0.01,74723.53,1776173271000
1776173273.341,173.341,0.31,0.32,0.68,0.69,0.01,0.01,74722.5,1776173272000
1776173273.711,173.711,0.31,0.32,0.68,0.69,0.01,0.01,74722.5,1776173272000
1776173274.267,174.267,0.31,0.32,0.68,0.69,0.01,0.01,74722.5,1776173272000
1776173274.881,174.881,0.31,0.32,0.68,0.69,0.01,0.01,74722.46,1776173273000
1776173275.513,175.513,0.31,0.32,0.68,0.69,0.01,0.01,74722.46,1776173274000
1776173275.942,175.942,0.31,0.32,0.68,0.69,0.01,0.01,74722.46,1776173274000
1776173276.531,176.531,0.31,0.32,0.68,0.69,0.01,0.01,74722.74,1776173275000
1776173277.003,177.003,0.31,0.32,0.68,0.69,0.01,0.01,74722.74,1776173275000
1776173277.454,177.454,0.3,0.31,0.68,0.69,0.01,0.01,74723.56,1776173276000
1776173278.031,178.031,0.3,0.31,0.69,0.7,0.01,0.01,74723.56,1776173276000
1776173278.386,178.386,0.3,0.31,0.69,0.7,0.01,0.01,74723.56,1776173276000
1776173278.724,178.724,0.3,0.31,0.69,0.7,0.01,0.01,74723.56,1776173276000
1776173279.08,179.08,0.3,0.31,0.69,0.7,0.01,0.01,74722.75,1776173277000
1776173279.7,179.7,0.3,0.31,0.69,0.7,0.01,0.01,74722.75,1776173277000
1776173280.59,180.59,0.3,0.31,0.69,0.7,0.01,0.01,74721.84,1776173278000
1776173280.953,180.953,0.29,0.3,0.7,0.71,0.01,0.01,74721.93,1776173279000
1776173281.29,181.29,0.28,0.3,0.7,0.72,0.02,0.02,74721.93,1776173279000
1776173282.045,182.045,0.28,0.29,0.7,0.73,0.01,0.03,74721.92,1776173280000
1776173282.397,182.397,0.26,0.28,0.72,0.73,0.02,0.01,74715.85,1776173281000
1776173282.773,182.773,0.25,0.28,0.72,0.75,0.03,0.03,74715.85,1776173281000
1776173283.229,183.229,0.27,0.28,0.72,0.73,0.01,0.01,74715.85,1776173281000
1776173283.62,183.62,0.26,0.27,0.73,0.75,0.01,0.02,74715.85,1776173281000
1776173284.008,184.008,0.23,0.26,0.74,0.77,0.03,0.03,74713.56,1776173282000
1776173284.351,184.351,0.21,0.24,0.76,0.79,0.03,0.03,74713.56,1776173282000
1776173284.726,184.726,0.19,0.21,0.79,0.81,0.02,0.02,74711.56,1776173283000
1776173285.082,185.082,0.19,0.2,0.8,0.82,0.01,0.02,74711.56,1776173283000
1776173285.765,185.765,0.19,0.2,0.8,0.81,0.01,0.01,74701.9,1776173284000
1776173286.322,186.322,0.19,0.2,0.8,0.81,0.01,0.01,74701.9,1776173284000
1776173286.74,186.74,0.16,0.2,0.8,0.81,0.04,0.01,74701.9,1776173284000
1776173287.08,187.08,0.16,0.19,0.81,0.84,0.03,0.03,74699.6,1776173285000
1776173287.432,187.432,0.14,0.17,0.82,0.85,0.03,0.03,74699.6,1776173285000
1776173287.806,187.806,0.15,0.16,0.84,0.85,0.01,0.01,74697.53,1776173286000
1776173288.162,188.162,0.13,0.16,0.84,0.85,0.03,0.01,74697.53,1776173286000
1776173288.544,188.544,0.13,0.15,0.85,0.86,0.02,0.01,74695.55,1776173287000
1776173288.912,188.912,0.12,0.14,0.86,0.88,0.02,0.02,74695.55,1776173287000
1776173289.306,189.306,0.13,0.14,0.86,0.87,0.01,0.01,74695.55,1776173287000
1776173289.661,189.661,0.13,0.14,0.86,0.87,0.01,0.01,74693.08,1776173288000
1776173290.187,190.187,0.13,0.14,0.86,0.87,0.01,0.01,74693.08,1776173288000
1776173290.603,190.603,0.12,0.13,0.87,0.88,0.01,0.01,74692.34,1776173289000
1776173290.937,190.937,0.12,0.13,0.87,0.88,0.01,0.01,74692.34,1776173289000
1776173291.443,191.443,0.12,0.13,0.87,0.88,0.01,0.01,74692.34,1776173289000
1776173291.807,191.807,0.11,0.12,0.88,0.89,0.01,0.01,74692.2,1776173290000
1776173292.164,192.164,0.11,0.12,0.88,0.89,0.01,0.01,74692.2,1776173290000
1776173292.519,192.519,0.11,0.12,0.88,0.89,0.01,0.01,74691.76,1776173291000
1776173292.91,192.91,0.11,0.12,0.88,0.89,0.01,0.01,74691.76,1776173291000
1776173293.245,193.245,0.11,0.12,0.88,0.89,0.01,0.01,74691.76,1776173291000
1776173293.598,193.598,0.11,0.12,0.88,0.89,0.01,0.01,74688.44,1776173292000
1776173294.087,194.087,0.11,0.12,0.88,0.89,0.01,0.01,74688.44,1776173292000
1776173294.539,194.539,0.11,0.12,0.88,0.89,0.01,0.01,74688.44,1776173292000
1776173294.942,194.942,0.11,0.12,0.88,0.89,0.01,0.01,74681.25,1776173293000
1776173295.421,195.421,0.11,0.12,0.88,0.89,0.01,0.01,74681.25,1776173293000
1776173295.762,195.762,0.11,0.12,0.88,0.89,0.01,0.01,74679.7,1776173294000
1776173296.224,196.224,0.12,0.13,0.87,0.88,0.01,0.01,74679.7,1776173294000
1776173296.558,196.558,0.12,0.13,0.87,0.88,0.01,0.01,74683.12,1776173295000
1776173296.931,196.931,0.12,0.13,0.87,0.88,0.01,0.01,74683.12,1776173295000
1776173297.288,197.288,0.12,0.13,0.87,0.88,0.01,0.01,74683.12,1776173295000
1776173297.683,197.683,0.11,0.12,0.88,0.89,0.01,0.01,74683.12,1776173296000
1776173298.248,198.248,0.11,0.12,0.88,0.89,0.01,0.01,74683.12,1776173296000
1776173298.59,198.59,0.09,0.11,0.89,0.91,0.02,0.02,74686.68,1776173297000
1776173298.937,198.937,0.08,0.1,0.9,0.92,0.02,0.02,74686.68,1776173297000
1776173299.394,199.394,0.08,0.09,0.91,0.92,0.01,0.01,74689.64,1776173298000
1776173299.816,199.816,0.07,0.09,0.91,0.93,0.02,0.02,74683.34,1776173299000
1776173300.211,200.211,0.07,0.08,0.92,0.93,0.01,0.01,74683.34,1776173299000
1776173300.546,200.546,0.06,0.08,0.92,0.94,0.02,0.02,74683.34,1776173299000
1776173300.879,200.879,0.06,0.07,0.93,0.94,0.01,0.01,74683.34,1776173299000
1776173301.219,201.219,0.06,0.07,0.93,0.94,0.01,0.01,74683.34,1776173299000
1776173301.558,201.558,0.06,0.07,0.93,0.94,0.01,0.01,74670.02,1776173300000
1776173302.004,202.004,0.05,0.06,0.94,0.95,0.01,0.01,74670.02,1776173300000
1776173302.42,202.42,0.05,0.06,0.94,0.95,0.01,0.01,74670.02,1776173301000
1776173302.791,202.791,0.05,0.06,0.94,0.95,0.01,0.01,74670.02,1776173301000
1776173303.183,203.183,0.05,0.06,0.94,0.95,0.01,0.01,74668.76,1776173302000
1776173303.663,203.663,0.05,0.06,0.94,0.95,0.01,0.01,74668.76,1776173302000
1776173304.068,204.068,0.05,0.06,0.94,0.95,0.01,0.01,74668.76,1776173302000
1776173304.432,204.432,0.05,0.06,0.94,0.95,0.01,0.01,74668.29,1776173303000
1776173304.771,204.771,0.05,0.06,0.94,0.95,0.01,0.01,74668.29,1776173303000
1776173305.107,205.107,0.05,0.06,0.94,0.95,0.01,0.01,74666.7,1776173304000
1776173305.45,205.45,0.04,0.05,0.94,0.96,0.01,0.02,74666.7,1776173304000
1776173305.814,205.814,0.04,0.05,0.95,0.96,0.01,0.01,74666.7,1776173304000
1776173306.201,206.201,0.04,0.05,0.95,0.96,0.01,0.01,74667.95,1776173305000
1776173306.55,206.55,0.04,0.05,0.95,0.96,0.01,0.01,74667.95,1776173305000
1776173307.026,207.026,0.04,0.05,0.95,0.96,0.01,0.01,74667.95,1776173305000
1776173307.655,207.655,0.04,0.05,0.95,0.96,0.01,0.01,74667.94,1776173306000
1776173308.109,208.109,0.04,0.05,0.95,0.96,0.01,0.01,74668.09,1776173307000
1776173308.613,208.613,0.04,0.05,0.95,0.96,0.01,0.01,74668.09,1776173307000
1776173309.14,209.14,0.04,0.05,0.95,0.96,0.01,0.01,74668.11,1776173308000
1776173309.489,209.489,0.04,0.05,0.95,0.96,0.01,0.01,74668.11,1776173308000
1776173310.155,210.155,0.04,0.05,0.95,0.96,0.01,0.01,74670.21,1776173309000
1776173310.519,210.519,0.04,0.05,0.95,0.96,0.01,0.01,74670.21,1776173309000
1776173310.987,210.987,0.04,0.05,0.95,0.96,0.01,0.01,74670.21,1776173309000
1776173311.388,211.388,0.04,0.05,0.95,0.96,0.01,0.01,74670.21,1776173309000
1776173311.801,211.801,0.05,0.06,0.94,0.95,0.01,0.01,74670.21,1776173310000
1776173312.206,212.206,0.05,0.06,0.94,0.95,0.01,0.01,74670.21,1776173310000
1776173312.573,212.573,0.04,0.05,0.94,0.95,0.01,0.01,74670.22,1776173311000
1776173312.972,212.972,0.05,0.06,0.94,0.95,0.01,0.01,74670.22,1776173311000
1776173313.337,213.337,0.05,0.06,0.94,0.95,0.01,0.01,74670.22,1776173311000
1776173313.91,213.91,0.05,0.06,0.94,0.95,0.01,0.01,74670.22,1776173312000
1776173314.384,214.384,0.05,0.06,0.94,0.95,0.01,0.01,74668.96,1776173313000
1776173314.751,214.751,0.05,0.06,0.94,0.95,0.01,0.01,74668.96,1776173313000
1776173315.119,215.119,0.05,0.06,0.94,0.95,0.01,0.01,74668.36,1776173314000
1776173315.565,215.565,0.05,0.06,0.94,0.95,0.01,0.01,74668.36,1776173314000
1776173315.919,215.919,0.06,0.07,0.93,0.94,0.01,0.01,74668.36,1776173314000
1776173316.253,216.253,0.06,0.08,0.92,0.94,0.02,0.02,74668.36,1776173314000
1776173316.675,216.675,0.07,0.08,0.92,0.93,0.01,0.01,74670.21,1776173315000
1776173317.11,217.11,0.07,0.08,0.92,0.93,0.01,0.01,74671.24,1776173316000
1776173317.733,217.733,0.07,0.08,0.92,0.93,0.01,0.01,74671.24,1776173316000
1776173318.116,218.116,0.07,0.08,0.92,0.93,0.01,0.01,74671.24,1776173316000
1776173318.477,218.477,0.05,0.06,0.94,0.95,0.01,0.01,74676.18,1776173317000
1776173318.846,218.846,0.05,0.06,0.94,0.95,0.01,0.01,74676.18,1776173317000
1776173319.309,219.309,0.05,0.06,0.94,0.95,0.01,0.01,74676.18,1776173317000
1776173319.746,219.746,0.04,0.05,0.95,0.96,0.01,0.01,74675.33,1776173318000
1776173320.092,220.092,0.04,0.05,0.95,0.96,0.01,0.01,74673.27,1776173319000
1776173320.441,220.441,0.04,0.05,0.95,0.96,0.01,0.01,74673.27,1776173319000
1776173320.847,220.847,0.04,0.05,0.95,0.96,0.01,0.01,74673.27,1776173319000
1776173321.199,221.199,0.04,0.05,0.95,0.96,0.01,0.01,74669.85,1776173320000
1776173321.55,221.55,0.03,0.04,0.96,0.97,0.01,0.01,74669.85,1776173320000
1776173321.921,221.921,0.03,0.04,0.96,0.97,0.01,0.01,74669.85,1776173320000
1776173322.423,222.423,0.03,0.04,0.96,0.97,0.01,0.01,74661.68,1776173321000
1776173322.844,222.844,0.03,0.04,0.96,0.97,0.01,0.01,74661.68,1776173321000
1776173323.259,223.259,0.03,0.04,0.96,0.97,0.01,0.01,74661.68,1776173321000
1776173323.595,223.595,0.03,0.04,0.96,0.97,0.01,0.01,74658.12,1776173322000
1776173324.285,224.285,0.03,0.04,0.96,0.97,0.01,0.01,74658.12,1776173323000
1776173324.646,224.646,0.03,0.04,0.96,0.97,0.01,0.01,74658.12,1776173323000
1776173324.99,224.99,0.02,0.04,0.96,0.97,0.02,0.01,74658.12,1776173323000
1776173325.345,225.345,0.02,0.03,0.97,0.98,0.01,0.01,74655.61,1776173324000
1776173325.724,225.724,0.02,0.03,0.97,0.98,0.01,0.01,74655.61,1776173324000
1776173326.091,226.091,0.01,0.02,0.98,0.99,0.01,0.01,74655.61,1776173324000
1776173326.435,226.435,0.01,0.02,0.98,0.99,0.01,0.01,74655.61,1776173324000
1776173326.912,226.912,0.01,0.02,0.98,0.99,0.01,0.01,74637.36,1776173325000
1776173327.25,227.25,0.01,0.02,0.98,0.99,0.01,0.01,74637.36,1776173325000
1776173327.674,227.674,0.01,0.02,0.98,0.99,0.01,0.01,74633.42,1776173326000
1776173328.029,228.029,0.01,0.02,0.98,0.99,0.01,0.01,74633.42,1776173326000
1776173328.371,228.371,0.01,0.02,0.98,0.99,0.01,0.01,74627.45,1776173327000
1776173328.799,228.799,0.01,0.02,0.98,0.99,0.01,0.01,74627.45,1776173327000
1776173329.18,229.18,0.01,0.02,0.98,0.99,0.01,0.01,74627.45,1776173327000
1776173329.578,229.578,0.01,0.02,0.98,0.99,0.01,0.01,74625.9,1776173328000
1776173330.216,230.216,0.01,0.02,0.98,0.99,0.01,0.01,74625.9,1776173329000
1776173330.55,230.55,0.01,0.02,0.98,0.99,0.01,0.01,74625.9,1776173329000
1776173330.883,230.883,0.01,0.02,0.98,0.99,0.01,0.01,74625.9,1776173329000
1776173331.354,231.354,0.01,0.02,0.98,0.99,0.01,0.01,74625.07,1776173330000
1776173331.7,231.7,0.01,0.02,0.98,0.99,0.01,0.01,74625.07,1776173330000
1776173332.2,232.2,0.01,0.02,0.98,0.99,0.01,0.01,74626.18,1776173331000
1776173332.681,232.681,0.01,0.02,0.98,0.99,0.01,0.01,74626.18,1776173331000
1776173333.079,233.079,0.01,0.02,0.98,0.99,0.01,0.01,74626.18,1776173331000
1776173333.713,233.713,0.01,0.02,0.98,0.99,0.01,0.01,74635.65,1776173332000
1776173334.093,234.093,0.01,0.02,0.98,0.99,0.01,0.01,74645.86,1776173333000
1776173334.481,234.481,0.01,0.02,0.98,0.99,0.01,0.01,74645.86,1776173333000
1776173334.837,234.837,0.01,0.02,0.98,0.99,0.01,0.01,74645.86,1776173333000
1776173335.185,235.185,0.01,0.02,0.98,0.99,0.01,0.01,74649.56,1776173334000
1776173335.617,235.617,0.01,0.02,0.98,0.99,0.01,0.01,74649.56,1776173334000
1776173336.107,236.107,0.01,0.02,0.98,0.99,0.01,0.01,74649.56,1776173334000
1776173336.499,236.499,0.01,0.02,0.98,0.99,0.01,0.01,74653.32,1776173335000
1776173336.884,236.884,0.01,0.02,0.98,0.99,0.01,0.01,74653.32,1776173335000
1776173337.233,237.233,0.01,0.02,0.98,0.99,0.01,0.01,74655.12,1776173336000
1776173337.657,237.657,0.01,0.02,0.97,0.99,0.01,0.02,74655.12,1776173336000
1776173338.057,238.057,0.01,0.02,0.98,0.99,0.01,0.01,74655.12,1776173336000
1776173338.626,238.626,0.01,0.02,0.98,0.99,0.01,0.01,74653.55,1776173337000
1776173339.085,239.085,0.01,0.02,0.98,0.99,0.01,0.01,74653.55,1776173337000
1776173339.424,239.424,0.01,0.02,0.98,0.99,0.01,0.01,74645.87,1776173338000
1776173339.788,239.788,0.01,0.01,0.99,0.99,0.0,0.0,74645.87,1776173338000
1776173340.136,240.136,0.01,0.01,0.99,0.99,0.0,0.0,74642.47,1776173339000
1776173340.485,240.485,0.01,0.01,0.99,0.99,0.0,0.0,74642.47,1776173339000
1776173340.861,240.861,0.01,0.01,0.99,0.99,0.0,0.0,74642.47,1776173339000
1776173341.259,241.259,0.01,0.01,0.99,0.99,0.0,0.0,74636.95,1776173340000
1776173341.664,241.664,0.01,0.01,0.99,0.99,0.0,0.0,74636.95,1776173340000
1776173342.131,242.131,0.01,0.01,0.99,0.99,0.0,0.0,74635.48,1776173341000
1776173342.6,242.6,0.01,0.01,0.99,0.99,0.0,0.0,74635.48,1776173341000
1776173343.109,243.109,0.01,0.01,0.99,0.99,0.0,0.0,74630.74,1776173342000
1776173343.508,243.508,0.01,0.01,0.99,0.99,0.0,0.0,74630.74,1776173342000
1776173343.866,243.866,0.01,0.01,0.99,0.99,0.0,0.0,74628.52,1776173343000
1776173344.58,244.58,0.01,0.01,0.99,0.99,0.0,0.0,74628.52,1776173343000
1776173345.122,245.122,0.01,0.01,0.99,0.99,0.0,0.0,74628.52,1776173343000
1776173345.864,245.864,0.01,0.01,0.99,0.99,0.0,0.0,74625.3,1776173344000
1776173346.307,246.307,0.01,0.01,0.99,0.99,0.0,0.0,74624.62,1776173345000
1776173346.697,246.697,0.01,0.01,0.99,0.99,0.0,0.0,74624.62,1776173345000
1776173347.132,247.132,0.01,0.01,0.99,0.99,0.0,0.0,74624.62,1776173345000
1776173347.854,247.854,0.01,0.01,0.99,0.99,0.0,0.0,74622.66,1776173346000
1776173348.201,248.201,0.01,0.01,0.99,0.99,0.0,0.0,74622.66,1776173347000
1776173348.541,248.541,0.01,0.01,0.99,0.99,0.0,0.0,74622.66,1776173347000
1776173349.01,249.01,0.01,0.01,0.99,0.99,0.0,0.0,74622.66,1776173347000
1776173349.941,249.941,0.01,0.01,0.99,0.99,0.0,0.0,74622.71,1776173348000
1776173350.989,250.989,0.01,0.01,0.99,0.99,0.0,0.0,74622.65,1776173350000
1776173351.637,251.637,0.01,0.01,0.99,0.99,0.0,0.0,74622.65,1776173350000
1776173352.027,252.027,0.01,0.01,0.99,0.99,0.0,0.0,74622.65,1776173350000
1776173352.643,252.643,0.01,0.01,0.99,0.99,0.0,0.0,74625.7,1776173351000
1776173352.98,252.98,0.01,0.01,0.99,0.99,0.0,0.0,74625.7,1776173351000
1776173353.594,253.594,0.01,0.01,0.99,0.99,0.0,0.0,74625.7,1776173351000
1776173354.304,254.304,0.01,0.01,0.99,0.99,0.0,0.0,74626.43,1776173352000
1776173355.075,255.075,0.01,0.01,0.99,0.99,0.0,0.0,74626.69,1776173353000
1776173355.765,255.765,0.01,0.01,0.99,0.99,0.0,0.0,74631.99,1776173354000
1776173356.207,256.207,0.01,0.01,0.99,0.99,0.0,0.0,74630.11,1776173355000
1776173356.975,256.975,0.01,0.01,0.99,0.99,0.0,0.0,74630.11,1776173355000
1776173357.762,257.762,0.01,0.01,0.99,0.99,0.0,0.0,74633.0,1776173356000
1776173358.263,258.263,0.01,0.01,0.99,0.99,0.0,0.0,74630.72,1776173357000
1776173359.006,259.006,0.01,0.01,0.99,0.99,0.0,0.0,74630.72,1776173357000
1776173360.157,260.157,0.01,0.01,0.99,0.99,0.0,0.0,74629.62,1776173358000
1776173360.526,260.526,0.01,0.01,0.99,0.99,0.0,0.0,74629.62,1776173359000
1776173361.101,261.101,0.01,0.01,0.99,0.99,0.0,0.0,74628.5,1776173360000
1776173362.49,262.49,0.01,0.01,0.99,0.99,0.0,0.0,74628.5,1776173360000
1776173363.354,263.354,0.01,0.01,0.99,0.99,0.0,0.0,74626.54,1776173362000
1776173364.02,264.02,0.01,0.01,0.99,0.99,0.0,0.0,74624.93,1776173363000
1776173365.443,265.443,0.01,0.01,0.99,0.99,0.0,0.0,74623.93,1776173364000
1776173366.116,266.116,0.01,0.01,0.99,0.99,0.0,0.0,74623.93,1776173365000
1776173367.538,267.538,0.01,0.01,0.99,0.99,0.0,0.0,74628.21,1776173366000
1776173368.226,268.226,0.01,0.01,0.99,0.99,0.0,0.0,74628.21,1776173367000
1776173368.643,268.643,0.01,0.01,0.99,0.99,0.0,0.0,74628.21,1776173367000
1776173369.677,269.677,0.01,0.01,0.99,0.99,0.0,0.0,74628.21,1776173368000
1776173370.375,270.375,0.01,0.01,0.99,0.99,0.0,0.0,74625.04,1776173369000
1776173370.71,270.71,0.01,0.01,0.99,0.99,0.0,0.0,74625.04,1776173369000
1776173371.212,271.212,0.01,0.01,0.99,0.99,0.0,0.0,74625.04,1776173369000
1776173372.227,272.227,0.01,0.01,0.99,0.99,0.0,0.0,74622.64,1776173371000
1776173372.684,272.684,0.01,0.01,0.99,0.99,0.0,0.0,74622.64,1776173371000
1776173373.637,273.637,0.01,0.01,0.99,0.99,0.0,0.0,74612.77,1776173372000
1776173374.284,274.284,0.01,0.01,0.99,0.99,0.0,0.0,74609.57,1776173373000
1776173375.413,275.413,0.01,0.01,0.99,0.99,0.0,0.0,74609.08,1776173374000
1776173375.954,275.954,0.01,0.01,0.99,0.99,0.0,0.0,74609.08,1776173375000
1776173377.297,277.297,0.01,0.01,0.99,0.99,0.0,0.0,74607.62,1776173376000
1776173377.952,277.952,0.01,0.01,0.99,0.99,0.0,0.0,74607.62,1776173376000
1776173378.465,278.465,0.01,0.01,0.99,0.99,0.0,0.0,74603.15,1776173377000
1776173378.809,278.809,0.01,0.01,0.99,0.99,0.0,0.0,74603.15,1776173377000
1776173380.263,280.263,0.01,0.01,0.99,0.99,0.0,0.0,74599.55,1776173379000
1776173381.465,281.465,0.01,0.01,0.99,0.99,0.0,0.0,74602.33,1776173380000
1776173381.833,281.833,0.01,0.01,0.99,0.99,0.0,0.0,74602.33,1776173380000
1776173382.176,282.176,0.01,0.01,0.99,0.99,0.0,0.0,74598.98,1776173381000
1776173382.679,282.679,0.01,0.01,0.99,0.99,0.0,0.0,74598.98,1776173381000
1776173383.042,283.042,0.01,0.01,0.99,0.99,0.0,0.0,74598.98,1776173381000
1776173384.023,284.023,0.01,0.01,0.99,0.99,0.0,0.0,74595.39,1776173382000
1776173384.643,284.643,0.01,0.01,0.99,0.99,0.0,0.0,74595.09,1776173383000
1776173385.079,285.079,0.01,0.01,0.99,0.99,0.0,0.0,74595.09,1776173383000
1776173385.529,285.529,0.01,0.01,0.99,0.99,0.0,0.0,74598.82,1776173384000
1776173386.038,286.038,0.01,0.01,0.99,0.99,0.0,0.0,74599.83,1776173385000
1776173387.131,287.131,0.01,0.01,0.99,0.99,0.0,0.0,74599.26,1776173386000
1776173387.699,287.699,0.01,0.01,0.99,0.99,0.0,0.0,74599.26,1776173386000
1776173388.669,288.669,0.01,0.01,0.99,0.99,0.0,0.0,74599.22,1776173387000
1776173389.281,289.281,0.01,0.01,0.99,0.99,0.0,0.0,74600.19,1776173388000
1776173390.407,290.407,0.01,0.01,0.99,0.99,0.0,0.0,74600.19,1776173389000
1776173391.456,291.456,0.01,0.01,0.99,0.99,0.0,0.0,74599.0,1776173390000
1776173392.042,292.042,0.01,0.01,0.99,0.99,0.0,0.0,74595.26,1776173391000
1776173393.367,293.367,0.01,0.01,0.99,0.99,0.0,0.0,74582.45,1776173392000
1776173393.96,293.96,0.01,0.01,0.99,0.99,0.0,0.0,74580.14,1776173393000
1776173395.253,295.253,0.01,0.01,0.99,0.99,0.0,0.0,74576.83,1776173394000
1776173396.481,296.481,0.01,0.01,0.99,0.99,0.0,0.0,74570.43,1776173395000
1776173397.271,297.271,0.01,0.01,0.99,0.99,0.0,0.0,74568.67,1776173396000
1776173398.508,298.508,0.01,0.01,0.99,0.99,0.0,0.0,74563.15,1776173397000
1776173399.077,299.077,0.01,0.01,0.99,0.99,0.0,0.0,74552.03,1776173398000
1776173400.332,300.332,0.01,0.01,0.99,0.99,0.0,0.0,74539.1,1776173399000
1776173400.836,300.836,0.01,0.01,0.99,0.99,0.0,0.0,74539.1,1776173399000

# RESULT,winner=Down,slug=btc-updown-5m-1776173100,ticks=632
