timestamp,elapsed_sec,up_bid,up_ask,down_bid,down_ask,up_spread,down_spread,btc_price,btc_oracle_ts
1776796800.586,0.586,0.5,0.51,0.49,0.5,0.01,0.01,75548.22,1776796799000
1776796800.982,0.982,0.5,0.51,0.49,0.5,0.01,0.01,75548.22,1776796799000
1776796801.471,1.471,0.5,0.51,0.49,0.5,0.01,0.01,75548.22,1776796799000
1776796802.091,2.091,0.5,0.51,0.49,0.5,0.01,0.01,75547.64,1776796800000
1776796802.615,2.615,0.5,0.51,0.49,0.5,0.01,0.01,75548.21,1776796801000
1776796803.571,3.571,0.51,0.52,0.48,0.5,0.01,0.02,75548.21,1776796801000
1776796804.075,4.075,0.51,0.52,0.48,0.49,0.01,0.01,75551.65,1776796802000
1776796804.427,4.427,0.51,0.52,0.48,0.49,0.01,0.01,75550.53,1776796803000
1776796804.955,4.955,0.51,0.52,0.48,0.49,0.01,0.01,75550.53,1776796803000
1776796805.297,5.297,0.51,0.52,0.48,0.49,0.01,0.01,75550.53,1776796803000
1776796805.779,5.779,0.51,0.52,0.48,0.49,0.01,0.01,75550.53,1776796803000
1776796806.16,6.16,0.51,0.52,0.48,0.49,0.01,0.01,75550.62,1776796804000
1776796806.8,6.8,0.51,0.52,0.48,0.49,0.01,0.01,75550.62,1776796805000
1776796807.305,7.305,0.51,0.52,0.48,0.49,0.01,0.01,75550.62,1776796805000
1776796807.718,7.718,0.51,0.52,0.48,0.49,0.01,0.01,75551.4,1776796806000
1776796808.245,8.245,0.51,0.52,0.48,0.49,0.01,0.01,75551.4,1776796806000
1776796808.709,8.709,0.5,0.52,0.48,0.49,0.02,0.01,75549.36,1776796807000
1776796809.043,9.043,0.47,0.5,0.5,0.53,0.03,0.03,75549.36,1776796807000
1776796809.392,9.392,0.47,0.48,0.51,0.53,0.01,0.02,75550.51,1776796808000
1776796809.726,9.726,0.47,0.48,0.52,0.53,0.01,0.01,75550.51,1776796808000
1776796810.188,10.188,0.48,0.49,0.51,0.52,0.01,0.01,75551.87,1776796809000
1776796810.551,10.551,0.48,0.49,0.51,0.52,0.01,0.01,75551.87,1776796809000
1776796810.992,10.992,0.48,0.49,0.51,0.52,0.01,0.01,75551.87,1776796809000
1776796811.418,11.418,0.47,0.48,0.52,0.53,0.01,0.01,75551.87,1776796809000
1776796811.847,11.847,0.47,0.48,0.52,0.53,0.01,0.01,75542.47,1776796810000
1776796812.225,12.225,0.47,0.48,0.52,0.53,0.01,0.01,75542.47,1776796810000
1776796812.601,12.601,0.47,0.48,0.52,0.53,0.01,0.01,75539.12,1776796811000
1776796813.102,13.102,0.47,0.48,0.52,0.53,0.01,0.01,75539.12,1776796811000
1776796813.572,13.572,0.47,0.48,0.52,0.53,0.01,0.01,75539.05,1776796812000
1776796813.999,13.999,0.46,0.47,0.52,0.55,0.01,0.03,75539.05,1776796812000
1776796814.364,14.364,0.46,0.47,0.53,0.54,0.01,0.01,75539.05,1776796812000
1776796814.82,14.82,0.46,0.47,0.53,0.54,0.01,0.01,75538.08,1776796813000
1776796815.16,15.16,0.46,0.47,0.53,0.54,0.01,0.01,75538.08,1776796813000
1776796815.607,15.607,0.46,0.47,0.53,0.54,0.01,0.01,75538.08,1776796813000
1776796816.097,16.097,0.46,0.47,0.53,0.54,0.01,0.01,75538.07,1776796814000
1776796816.548,16.548,0.46,0.47,0.53,0.54,0.01,0.01,75538.07,1776796814000
1776796817.121,17.121,0.46,0.47,0.53,0.54,0.01,0.01,75537.54,1776796816000
1776796817.846,17.846,0.46,0.47,0.53,0.54,0.01,0.01,75537.54,1776796816000
1776796818.382,18.382,0.46,0.47,0.53,0.54,0.01,0.01,75537.54,1776796816000
1776796818.74,18.74,0.46,0.47,0.53,0.54,0.01,0.01,75536.12,1776796817000
1776796819.192,19.192,0.46,0.47,0.53,0.54,0.01,0.01,75536.12,1776796817000
1776796819.541,19.541,0.46,0.47,0.53,0.54,0.01,0.01,75536.13,1776796818000
1776796819.909,19.909,0.45,0.46,0.53,0.55,0.01,0.02,75536.13,1776796818000
1776796820.5,20.5,0.45,0.46,0.54,0.55,0.01,0.01,75536.13,1776796818000
1776796820.907,20.907,0.45,0.46,0.54,0.55,0.01,0.01,75536.13,1776796819000
1776796821.313,21.313,0.45,0.46,0.54,0.55,0.01,0.01,75536.13,1776796820000
1776796822.298,22.298,0.45,0.47,0.53,0.55,0.02,0.02,75536.13,1776796820000
1776796822.927,22.927,0.46,0.47,0.53,0.54,0.01,0.01,75536.14,1776796821000
1776796823.262,23.262,0.46,0.47,0.52,0.54,0.01,0.02,75536.14,1776796821000
1776796823.852,23.852,0.46,0.47,0.53,0.54,0.01,0.01,75537.28,1776796822000
1776796824.402,24.402,0.46,0.47,0.53,0.54,0.01,0.01,75539.85,1776796823000
1776796824.988,24.988,0.46,0.47,0.53,0.54,0.01,0.01,75539.85,1776796823000
1776796825.45,25.45,0.46,0.47,0.53,0.54,0.01,0.01,75539.09,1776796824000
1776796825.83,25.83,0.46,0.47,0.53,0.54,0.01,0.01,75539.09,1776796824000
1776796826.183,26.183,0.48,0.49,0.51,0.52,0.01,0.01,75539.09,1776796824000
1776796826.585,26.585,0.48,0.49,0.51,0.52,0.01,0.01,75538.62,1776796825000
1776796826.977,26.977,0.48,0.49,0.51,0.52,0.01,0.01,75538.62,1776796825000
1776796827.381,27.381,0.48,0.49,0.51,0.52,0.01,0.01,75540.2,1776796826000
1776796827.827,27.827,0.48,0.49,0.51,0.52,0.01,0.01,75540.2,1776796826000
1776796828.169,28.169,0.48,0.49,0.51,0.52,0.01,0.01,75540.2,1776796826000
1776796828.666,28.666,0.52,0.53,0.47,0.48,0.01,0.01,75546.07,1776796827000
1776796829.006,29.006,0.52,0.53,0.47,0.48,0.01,0.01,75547.62,1776796828000
1776796829.368,29.368,0.52,0.53,0.47,0.48,0.01,0.01,75547.62,1776796828000
1776796830.033,30.033,0.52,0.53,0.47,0.48,0.01,0.01,75547.62,1776796828000
1776796830.484,30.484,0.52,0.53,0.47,0.48,0.01,0.01,75547.62,1776796828000
1776796830.833,30.833,0.52,0.53,0.47,0.48,0.01,0.01,75550.67,1776796829000
1776796831.18,31.18,0.52,0.53,0.47,0.48,0.01,0.01,75550.66,1776796830000
1776796831.515,31.515,0.49,0.5,0.5,0.51,0.01,0.01,75550.66,1776796830000
1776796831.87,31.87,0.48,0.49,0.5,0.52,0.01,0.02,75550.66,1776796830000
1776796832.251,32.251,0.41,0.45,0.55,0.59,0.04,0.04,75550.66,1776796830000
1776796832.624,32.624,0.42,0.43,0.57,0.58,0.01,0.01,75543.48,1776796831000
1776796833.236,33.236,0.4,0.41,0.59,0.6,0.01,0.01,75543.48,1776796831000
1776796833.569,33.569,0.37,0.4,0.6,0.63,0.03,0.03,75543.48,1776796831000
1776796833.904,33.904,0.37,0.38,0.62,0.63,0.01,0.01,75540.12,1776796832000
1776796834.242,34.242,0.37,0.38,0.62,0.63,0.01,0.01,75540.12,1776796832000
1776796834.575,34.575,0.37,0.38,0.62,0.63,0.01,0.01,75533.32,1776796833000
1776796834.929,34.929,0.37,0.38,0.62,0.63,0.01,0.01,75533.32,1776796833000
1776796835.325,35.325,0.37,0.38,0.62,0.63,0.01,0.01,75533.32,1776796833000
1776796835.985,35.985,0.37,0.38,0.62,0.63,0.01,0.01,75527.44,1776796834000
1776796836.326,36.326,0.37,0.38,0.62,0.63,0.01,0.01,75527.44,1776796834000
1776796836.75,36.75,0.37,0.38,0.62,0.63,0.01,0.01,75524.54,1776796835000
1776796837.092,37.092,0.37,0.38,0.62,0.63,0.01,0.01,75524.51,1776796836000
1776796837.583,37.583,0.37,0.38,0.62,0.63,0.01,0.01,75524.51,1776796836000
1776796838.209,38.209,0.37,0.38,0.62,0.63,0.01,0.01,75524.95,1776796837000
1776796838.831,38.831,0.37,0.38,0.62,0.63,0.01,0.01,75524.95,1776796837000
1776796839.318,39.318,0.36,0.37,0.62,0.64,0.01,0.02,75524.95,1776796837000
1776796840.424,40.424,0.36,0.37,0.63,0.64,0.01,0.01,75524.14,1776796839000
1776796841.065,41.065,0.36,0.37,0.63,0.64,0.01,0.01,75521.07,1776796840000
1776796841.429,41.429,0.35,0.37,0.63,0.65,0.02,0.02,75521.07,1776796840000
1776796841.79,41.79,0.34,0.36,0.64,0.66,0.02,0.02,75521.07,1776796840000
1776796842.131,42.131,0.34,0.37,0.63,0.66,0.03,0.03,75521.07,1776796840000
1776796842.5,42.5,0.28,0.31,0.69,0.72,0.03,0.03,75517.85,1776796841000
1776796842.836,42.836,0.29,0.3,0.71,0.72,0.01,0.01,75517.85,1776796841000
1776796843.183,43.183,0.28,0.29,0.7,0.72,0.01,0.02,75517.85,1776796841000
1776796843.547,43.547,0.28,0.29,0.7,0.72,0.01,0.02,75508.6,1776796842000
1776796843.93,43.93,0.28,0.29,0.71,0.72,0.01,0.01,75508.6,1776796842000
1776796844.313,44.313,0.28,0.29,0.71,0.72,0.01,0.01,75506.87,1776796843000
1776796844.88,44.88,0.28,0.29,0.71,0.72,0.01,0.01,75506.87,1776796843000
1776796845.234,45.234,0.28,0.29,0.71,0.72,0.01,0.01,75506.87,1776796843000
1776796845.748,45.748,0.28,0.29,0.71,0.72,0.01,0.01,75506.87,1776796843000
1776796846.229,46.229,0.28,0.29,0.71,0.72,0.01,0.01,75506.28,1776796844000
1776796846.711,46.711,0.29,0.3,0.7,0.72,0.01,0.02,75506.36,1776796845000
1776796847.103,47.103,0.29,0.3,0.7,0.71,0.01,0.01,75506.36,1776796846000
1776796848.017,48.017,0.29,0.3,0.7,0.71,0.01,0.01,75506.36,1776796846000
1776796848.501,48.501,0.29,0.31,0.7,0.71,0.02,0.01,75506.89,1776796847000
1776796848.874,48.874,0.29,0.3,0.7,0.71,0.01,0.01,75506.89,1776796847000
1776796849.214,49.214,0.31,0.32,0.68,0.69,0.01,0.01,75506.89,1776796847000
1776796849.551,49.551,0.31,0.34,0.66,0.69,0.03,0.03,75506.89,1776796847000
1776796849.914,49.914,0.3,0.32,0.69,0.7,0.02,0.01,75515.84,1776796848000
1776796850.249,50.249,0.3,0.31,0.69,0.7,0.01,0.01,75515.37,1776796849000
1776796850.587,50.587,0.3,0.31,0.69,0.7,0.01,0.01,75515.37,1776796849000
1776796850.922,50.922,0.3,0.31,0.69,0.7,0.01,0.01,75515.37,1776796849000
1776796851.275,51.275,0.3,0.31,0.69,0.7,0.01,0.01,75515.37,1776796849000
1776796851.641,51.641,0.3,0.31,0.69,0.7,0.01,0.01,75510.69,1776796850000
1776796852.049,52.049,0.3,0.31,0.69,0.7,0.01,0.01,75510.69,1776796850000
1776796852.438,52.438,0.28,0.29,0.71,0.72,0.01,0.01,75510.69,1776796850000
1776796852.809,52.809,0.28,0.29,0.71,0.72,0.01,0.01,75510.69,1776796850000
1776796853.266,53.266,0.27,0.28,0.71,0.73,0.01,0.02,75509.85,1776796851000
1776796853.659,53.659,0.27,0.28,0.72,0.73,0.01,0.01,75510.16,1776796852000
1776796854.097,54.097,0.27,0.28,0.72,0.73,0.01,0.01,75510.16,1776796852000
1776796854.708,54.708,0.27,0.28,0.72,0.73,0.01,0.01,75509.87,1776796853000
1776796855.586,55.586,0.27,0.28,0.72,0.73,0.01,0.01,75506.71,1776796854000
1776796856.093,56.093,0.27,0.28,0.72,0.73,0.01,0.01,75506.3,1776796855000
1776796856.659,56.659,0.27,0.28,0.72,0.73,0.01,0.01,75506.3,1776796855000
1776796856.999,56.999,0.26,0.27,0.73,0.74,0.01,0.01,75502.99,1776796856000
1776796857.405,57.405,0.26,0.27,0.73,0.74,0.01,0.01,75502.99,1776796856000
1776796857.755,57.755,0.26,0.27,0.73,0.74,0.01,0.01,75502.99,1776796856000
1776796858.126,58.126,0.25,0.26,0.74,0.75,0.01,0.01,75502.99,1776796856000
1776796858.489,58.489,0.25,0.26,0.74,0.75,0.01,0.01,75503.75,1776796857000
1776796858.865,58.865,0.25,0.26,0.74,0.75,0.01,0.01,75503.75,1776796857000
1776796859.541,59.541,0.25,0.26,0.74,0.75,0.01,0.01,75499.58,1776796858000
1776796860.027,60.027,0.25,0.26,0.74,0.75,0.01,0.01,75499.58,1776796858000
1776796860.487,60.487,0.25,0.26,0.74,0.75,0.01,0.01,75498.9,1776796859000
1776796860.825,60.825,0.25,0.26,0.74,0.75,0.01,0.01,75498.9,1776796859000
1776796861.226,61.226,0.25,0.26,0.74,0.75,0.01,0.01,75498.9,1776796859000
1776796861.56,61.56,0.25,0.26,0.74,0.75,0.01,0.01,75500.16,1776796860000
1776796861.958,61.958,0.23,0.24,0.75,0.77,0.01,0.02,75500.16,1776796860000
1776796862.362,62.362,0.23,0.24,0.76,0.77,0.01,0.01,75500.51,1776796861000
1776796862.833,62.833,0.22,0.23,0.77,0.78,0.01,0.01,75500.51,1776796861000
1776796863.205,63.205,0.22,0.23,0.77,0.78,0.01,0.01,75498.71,1776796862000
1776796863.57,63.57,0.23,0.24,0.76,0.77,0.01,0.01,75498.71,1776796862000
1776796864.006,64.006,0.23,0.24,0.76,0.77,0.01,0.01,75498.71,1776796862000
1776796864.505,64.505,0.23,0.24,0.76,0.77,0.01,0.01,75498.32,1776796863000
1776796865.083,65.083,0.24,0.25,0.75,0.76,0.01,0.01,75498.32,1776796863000
1776796865.527,65.527,0.24,0.25,0.75,0.76,0.01,0.01,75498.32,1776796863000
1776796865.878,65.878,0.24,0.25,0.75,0.76,0.01,0.01,75499.0,1776796864000
1776796866.258,66.258,0.24,0.25,0.75,0.76,0.01,0.01,75499.39,1776796865000
1776796866.633,66.633,0.22,0.23,0.77,0.78,0.01,0.01,75499.39,1776796865000
1776796867.112,67.112,0.22,0.23,0.77,0.78,0.01,0.01,75499.39,1776796865000
1776796867.551,67.551,0.22,0.23,0.77,0.78,0.01,0.01,75498.92,1776796866000
1776796867.917,67.917,0.22,0.23,0.77,0.78,0.01,0.01,75498.92,1776796866000
1776796868.399,68.399,0.22,0.23,0.77,0.78,0.01,0.01,75496.51,1776796867000
1776796868.732,68.732,0.22,0.23,0.77,0.78,0.01,0.01,75496.51,1776796867000
1776796869.08,69.08,0.21,0.24,0.76,0.79,0.03,0.03,75496.51,1776796867000
1776796869.52,69.52,0.21,0.22,0.78,0.79,0.01,0.01,75494.94,1776796868000
1776796870.071,70.071,0.21,0.22,0.78,0.79,0.01,0.01,75494.94,1776796868000
1776796870.512,70.512,0.2,0.21,0.79,0.8,0.01,0.01,75493.79,1776796869000
1776796870.869,70.869,0.2,0.21,0.79,0.8,0.01,0.01,75493.79,1776796869000
1776796871.232,71.232,0.18,0.21,0.79,0.82,0.03,0.03,75493.79,1776796869000
1776796871.607,71.607,0.17,0.18,0.82,0.83,0.01,0.01,75493.3,1776796870000
1776796871.946,71.946,0.17,0.18,0.82,0.83,0.01,0.01,75493.3,1776796870000
1776796872.431,72.431,0.19,0.2,0.8,0.81,0.01,0.01,75491.41,1776796871000
1776796872.768,72.768,0.2,0.21,0.79,0.8,0.01,0.01,75491.41,1776796871000
1776796873.112,73.112,0.23,0.24,0.76,0.78,0.01,0.02,75485.03,1776796872000
1776796873.966,73.966,0.26,0.28,0.76,0.77,0.02,0.01,75485.03,1776796872000
1776796874.615,74.615,0.27,0.28,0.72,0.74,0.01,0.02,75494.01,1776796873000
1776796875.054,75.054,0.27,0.28,0.72,0.73,0.01,0.01,75494.01,1776796873000
1776796875.425,75.425,0.26,0.28,0.72,0.73,0.02,0.01,75500.23,1776796874000
1776796875.858,75.858,0.26,0.27,0.73,0.74,0.01,0.01,75500.23,1776796874000
1776796876.416,76.416,0.26,0.27,0.73,0.74,0.01,0.01,75500.23,1776796874000
1776796876.97,76.97,0.26,0.27,0.73,0.74,0.01,0.01,75501.12,1776796875000
1776796877.633,77.633,0.29,0.3,0.7,0.71,0.01,0.01,75501.12,1776796875000
1776796877.974,77.974,0.28,0.29,0.71,0.72,0.01,0.01,75501.06,1776796876000
1776796878.582,78.582,0.25,0.27,0.71,0.73,0.02,0.02,75501.07,1776796877000
1776796879.027,79.027,0.25,0.26,0.74,0.75,0.01,0.01,75501.07,1776796877000
1776796879.435,79.435,0.25,0.26,0.74,0.75,0.01,0.01,75501.07,1776796877000
1776796880.024,80.024,0.25,0.26,0.74,0.75,0.01,0.01,75502.63,1776796878000
1776796880.515,80.515,0.25,0.27,0.74,0.75,0.02,0.01,75502.63,1776796878000
1776796880.902,80.902,0.25,0.26,0.74,0.75,0.01,0.01,75502.85,1776796879000
1776796881.329,81.329,0.25,0.26,0.74,0.75,0.01,0.01,75502.85,1776796879000
1776796881.827,81.827,0.25,0.26,0.74,0.75,0.01,0.01,75503.23,1776796880000
1776796882.186,82.186,0.25,0.26,0.74,0.75,0.01,0.01,75501.12,1776796881000
1776796882.641,82.641,0.24,0.26,0.74,0.76,0.02,0.02,75501.12,1776796881000
1776796883.037,83.037,0.24,0.25,0.75,0.76,0.01,0.01,75501.12,1776796881000
1776796883.426,83.426,0.25,0.26,0.74,0.76,0.01,0.02,75501.12,1776796881000
1776796883.8,83.8,0.25,0.26,0.74,0.75,0.01,0.01,75501.12,1776796882000
1776796884.143,84.143,0.25,0.26,0.74,0.75,0.01,0.01,75501.12,1776796882000
1776796884.496,84.496,0.29,0.3,0.7,0.72,0.01,0.02,75501.12,1776796882000
1776796884.844,84.844,0.3,0.31,0.69,0.71,0.01,0.02,75500.57,1776796883000
1776796885.203,85.203,0.3,0.31,0.69,0.7,0.01,0.01,75500.57,1776796883000
1776796886.098,86.098,0.3,0.31,0.69,0.7,0.01,0.01,75505.18,1776796885000
1776796886.453,86.453,0.35,0.36,0.64,0.65,0.01,0.01,75505.18,1776796885000
1776796886.832,86.832,0.35,0.36,0.64,0.65,0.01,0.01,75505.18,1776796885000
1776796887.549,87.549,0.35,0.36,0.64,0.65,0.01,0.01,75505.18,1776796885000
1776796887.904,87.904,0.35,0.36,0.64,0.65,0.01,0.01,75509.21,1776796886000
1776796888.313,88.313,0.35,0.36,0.64,0.65,0.01,0.01,75509.21,1776796886000
1776796888.806,88.806,0.35,0.36,0.64,0.65,0.01,0.01,75511.75,1776796887000
1776796889.575,89.575,0.35,0.36,0.64,0.65,0.01,0.01,75516.9,1776796888000
1776796890.132,90.132,0.35,0.36,0.64,0.65,0.01,0.01,75516.9,1776796888000
1776796890.475,90.475,0.35,0.36,0.64,0.65,0.01,0.01,75516.9,1776796888000
1776796890.809,90.809,0.35,0.36,0.64,0.65,0.01,0.01,75518.01,1776796889000
1776796891.468,91.468,0.35,0.36,0.64,0.65,0.01,0.01,75518.01,1776796889000
1776796891.91,91.91,0.35,0.36,0.64,0.65,0.01,0.01,75518.16,1776796890000
1776796893.681,93.681,0.35,0.36,0.64,0.65,0.01,0.01,75518.0,1776796891000
1776796894.069,94.069,0.35,0.36,0.64,0.65,0.01,0.01,75517.29,1776796892000
1776796894.647,94.647,0.35,0.36,0.64,0.65,0.01,0.01,75517.29,1776796892000
1776796895.201,95.201,0.35,0.36,0.64,0.65,0.01,0.01,75516.64,1776796893000
1776796895.668,95.668,0.35,0.36,0.64,0.65,0.01,0.01,75516.61,1776796894000
1776796896.172,96.172,0.35,0.36,0.64,0.65,0.01,0.01,75514.71,1776796895000
1776796896.573,96.573,0.36,0.37,0.63,0.64,0.01,0.01,75514.71,1776796895000
1776796896.913,96.913,0.36,0.37,0.63,0.64,0.01,0.01,75514.71,1776796895000
1776796897.325,97.325,0.36,0.37,0.63,0.64,0.01,0.01,75514.71,1776796895000
1776796897.685,97.685,0.36,0.37,0.63,0.64,0.01,0.01,75517.41,1776796896000
1776796898.247,98.247,0.36,0.37,0.63,0.64,0.01,0.01,75520.7,1776796897000
1776796898.819,98.819,0.36,0.37,0.63,0.64,0.01,0.01,75520.7,1776796897000
1776796899.209,99.209,0.36,0.37,0.63,0.64,0.01,0.01,75520.7,1776796897000
1776796899.554,99.554,0.36,0.37,0.63,0.64,0.01,0.01,75520.7,1776796897000
1776796899.953,99.953,0.36,0.37,0.63,0.64,0.01,0.01,75520.96,1776796898000
1776796900.294,100.294,0.42,0.43,0.57,0.59,0.01,0.02,75521.94,1776796899000
1776796900.663,100.663,0.42,0.43,0.57,0.58,0.01,0.01,75521.94,1776796899000
1776796901.016,101.016,0.42,0.43,0.57,0.58,0.01,0.01,75521.94,1776796899000
1776796901.371,101.371,0.42,0.43,0.57,0.58,0.01,0.01,75524.9,1776796900000
1776796901.789,101.789,0.42,0.43,0.57,0.58,0.01,0.01,75524.9,1776796900000
1776796902.224,102.224,0.42,0.43,0.57,0.58,0.01,0.01,75524.9,1776796900000
1776796902.564,102.564,0.42,0.43,0.57,0.58,0.01,0.01,75524.9,1776796900000
1776796902.949,102.949,0.42,0.43,0.57,0.58,0.01,0.01,75533.81,1776796901000
1776796903.337,103.337,0.42,0.43,0.57,0.58,0.01,0.01,75534.33,1776796902000
1776796903.745,103.745,0.42,0.43,0.57,0.58,0.01,0.01,75534.33,1776796902000
1776796904.227,104.227,0.42,0.43,0.57,0.58,0.01,0.01,75534.33,1776796902000
1776796904.69,104.69,0.42,0.43,0.57,0.58,0.01,0.01,75535.05,1776796903000
1776796905.096,105.096,0.42,0.43,0.57,0.58,0.01,0.01,75535.05,1776796904000
1776796905.597,105.597,0.41,0.43,0.57,0.58,0.02,0.01,75535.05,1776796904000
1776796906.009,106.009,0.4,0.41,0.58,0.6,0.01,0.02,75535.05,1776796904000
1776796906.388,106.388,0.39,0.4,0.6,0.61,0.01,0.01,75535.07,1776796905000
1776796906.775,106.775,0.39,0.4,0.6,0.61,0.01,0.01,75535.07,1776796905000
1776796907.17,107.17,0.39,0.4,0.6,0.61,0.01,0.01,75535.07,1776796905000
1776796907.7,107.7,0.39,0.4,0.6,0.61,0.01,0.01,75533.14,1776796906000
1776796908.147,108.147,0.39,0.4,0.6,0.61,0.01,0.01,75533.14,1776796906000
1776796908.59,108.59,0.39,0.4,0.6,0.61,0.01,0.01,75532.27,1776796907000
1776796909.219,109.219,0.39,0.4,0.6,0.61,0.01,0.01,75531.34,1776796908000
1776796909.741,109.741,0.39,0.4,0.6,0.61,0.01,0.01,75531.34,1776796908000
1776796910.162,110.162,0.39,0.4,0.6,0.61,0.01,0.01,75531.34,1776796908000
1776796910.547,110.547,0.39,0.4,0.6,0.61,0.01,0.01,75530.3,1776796909000
1776796911.088,111.088,0.39,0.4,0.6,0.61,0.01,0.01,75530.3,1776796909000
1776796911.482,111.482,0.39,0.4,0.6,0.61,0.01,0.01,75529.91,1776796910000
1776796911.976,111.976,0.39,0.4,0.6,0.61,0.01,0.01,75529.91,1776796911000
1776796912.431,112.431,0.35,0.39,0.6,0.62,0.04,0.02,75529.91,1776796911000
1776796912.765,112.765,0.36,0.37,0.63,0.64,0.01,0.01,75529.91,1776796911000
1776796913.451,113.451,0.36,0.37,0.63,0.64,0.01,0.01,75529.91,1776796911000
1776796914.127,114.127,0.36,0.37,0.63,0.64,0.01,0.01,75529.91,1776796912000
1776796914.65,114.65,0.36,0.37,0.63,0.64,0.01,0.01,75525.14,1776796913000
1776796915.018,115.018,0.36,0.37,0.63,0.64,0.01,0.01,75525.14,1776796913000
1776796915.413,115.413,0.36,0.37,0.63,0.64,0.01,0.01,75525.14,1776796913000
1776796915.782,115.782,0.35,0.37,0.63,0.64,0.02,0.01,75525.67,1776796914000
1776796916.123,116.123,0.36,0.37,0.63,0.64,0.01,0.01,75525.67,1776796915000
1776796916.508,116.508,0.36,0.37,0.63,0.64,0.01,0.01,75525.67,1776796915000
1776796917.226,117.226,0.36,0.37,0.63,0.64,0.01,0.01,75525.67,1776796915000
1776796918.102,118.102,0.36,0.37,0.63,0.64,0.01,0.01,75524.49,1776796916000
1776796918.458,118.458,0.36,0.37,0.63,0.64,0.01,0.01,75524.15,1776796917000
1776796919.018,119.018,0.36,0.37,0.63,0.64,0.01,0.01,75524.15,1776796918000
1776796919.389,119.389,0.36,0.37,0.63,0.64,0.01,0.01,75524.15,1776796918000
1776796919.794,119.794,0.36,0.37,0.63,0.64,0.01,0.01,75524.15,1776796918000
1776796920.363,120.363,0.36,0.37,0.63,0.64,0.01,0.01,75523.39,1776796919000
1776796920.785,120.785,0.36,0.37,0.63,0.64,0.01,0.01,75523.39,1776796919000
1776796921.303,121.303,0.36,0.37,0.63,0.64,0.01,0.01,75523.39,1776796919000
1776796921.654,121.654,0.37,0.38,0.62,0.63,0.01,0.01,75523.73,1776796920000
1776796922.078,122.078,0.37,0.38,0.62,0.63,0.01,0.01,75524.27,1776796921000
1776796923.225,123.225,0.37,0.38,0.62,0.63,0.01,0.01,75527.74,1776796922000
1776796924.028,124.028,0.38,0.4,0.62,0.63,0.02,0.01,75527.74,1776796922000
1776796924.771,124.771,0.38,0.4,0.6,0.62,0.02,0.02,75531.75,1776796923000
1776796925.22,125.22,0.39,0.43,0.57,0.61,0.04,0.04,75531.75,1776796923000
1776796925.599,125.599,0.43,0.46,0.54,0.57,0.03,0.03,75533.13,1776796924000
1776796926.018,126.018,0.4,0.41,0.59,0.6,0.01,0.01,75533.13,1776796924000
1776796926.472,126.472,0.39,0.41,0.59,0.61,0.02,0.02,75533.61,1776796925000
1776796926.893,126.893,0.4,0.41,0.59,0.6,0.01,0.01,75533.61,1776796925000
1776796927.231,127.231,0.38,0.41,0.59,0.62,0.03,0.03,75533.61,1776796925000
1776796927.571,127.571,0.33,0.39,0.59,0.67,0.06,0.08,75531.74,1776796926000
1776796927.909,127.909,0.36,0.37,0.63,0.64,0.01,0.01,75531.74,1776796926000
1776796928.263,128.263,0.36,0.37,0.63,0.64,0.01,0.01,75531.74,1776796926000
1776796928.653,128.653,0.36,0.37,0.63,0.64,0.01,0.01,75531.74,1776796926000
1776796929.021,129.021,0.36,0.37,0.63,0.64,0.01,0.01,75529.32,1776796927000
1776796929.58,129.58,0.36,0.37,0.63,0.64,0.01,0.01,75528.38,1776796928000
1776796930.089,130.089,0.34,0.35,0.64,0.65,0.01,0.01,75528.38,1776796928000
1776796930.548,130.548,0.33,0.35,0.65,0.67,0.02,0.02,75527.2,1776796929000
1776796930.938,130.938,0.33,0.34,0.66,0.67,0.01,0.01,75527.2,1776796929000
1776796931.319,131.319,0.32,0.33,0.67,0.68,0.01,0.01,75527.2,1776796929000
1776796931.66,131.66,0.32,0.33,0.67,0.68,0.01,0.01,75525.89,1776796930000
1776796932.359,132.359,0.32,0.33,0.67,0.68,0.01,0.01,75524.28,1776796931000
1776796932.801,132.801,0.32,0.33,0.67,0.68,0.01,0.01,75524.28,1776796931000
1776796933.136,133.136,0.32,0.34,0.66,0.68,0.02,0.02,75524.28,1776796931000
1776796933.64,133.64,0.34,0.35,0.65,0.67,0.01,0.02,75524.28,1776796931000
1776796933.998,133.998,0.38,0.39,0.61,0.62,0.01,0.01,75526.6,1776796932000
1776796934.478,134.478,0.38,0.39,0.61,0.62,0.01,0.01,75526.6,1776796932000
1776796934.872,134.872,0.41,0.42,0.58,0.59,0.01,0.01,75528.33,1776796933000
1776796935.395,135.395,0.41,0.42,0.58,0.59,0.01,0.01,75528.33,1776796933000
1776796935.821,135.821,0.41,0.42,0.58,0.59,0.01,0.01,75528.33,1776796933000
1776796936.248,136.248,0.41,0.42,0.58,0.59,0.01,0.01,75533.53,1776796935000
1776796936.613,136.613,0.41,0.42,0.58,0.59,0.01,0.01,75533.53,1776796935000
1776796937.016,137.016,0.41,0.42,0.58,0.59,0.01,0.01,75533.53,1776796935000
1776796937.603,137.603,0.41,0.42,0.58,0.59,0.01,0.01,75533.53,1776796935000
1776796937.936,137.936,0.41,0.42,0.58,0.59,0.01,0.01,75535.14,1776796936000
1776796938.3,138.3,0.41,0.42,0.58,0.59,0.01,0.01,75535.14,1776796936000
1776796938.774,138.774,0.41,0.42,0.58,0.59,0.01,0.01,75535.74,1776796937000
1776796939.134,139.134,0.41,0.42,0.58,0.59,0.01,0.01,75535.74,1776796937000
1776796939.658,139.658,0.41,0.42,0.58,0.59,0.01,0.01,75535.74,1776796937000
1776796940.027,140.027,0.41,0.42,0.58,0.59,0.01,0.01,75536.05,1776796938000
1776796940.485,140.485,0.41,0.42,0.58,0.59,0.01,0.01,75535.97,1776796939000
1776796941.175,141.175,0.41,0.42,0.58,0.59,0.01,0.01,75536.08,1776796940000
1776796942.266,142.266,0.41,0.42,0.58,0.59,0.01,0.01,75536.08,1776796940000
1776796942.621,142.621,0.39,0.4,0.59,0.61,0.01,0.02,75536.08,1776796940000
1776796943.316,143.316,0.39,0.4,0.6,0.61,0.01,0.01,75535.92,1776796941000
1776796944.206,144.206,0.39,0.4,0.6,0.61,0.01,0.01,75535.77,1776796942000
1776796944.65,144.65,0.39,0.4,0.6,0.61,0.01,0.01,75535.77,1776796942000
1776796944.993,144.993,0.37,0.38,0.62,0.63,0.01,0.01,75532.89,1776796943000
1776796945.348,145.348,0.34,0.35,0.65,0.66,0.01,0.01,75532.89,1776796943000
1776796946.07,146.07,0.34,0.35,0.65,0.66,0.01,0.01,75531.62,1776796945000
1776796946.43,146.43,0.35,0.36,0.64,0.65,0.01,0.01,75531.62,1776796945000
1776796946.835,146.835,0.37,0.38,0.62,0.63,0.01,0.01,75531.62,1776796945000
1776796947.186,147.186,0.36,0.37,0.62,0.63,0.01,0.01,75531.62,1776796945000
1776796947.549,147.549,0.36,0.37,0.63,0.64,0.01,0.01,75531.62,1776796945000
1776796947.933,147.933,0.36,0.37,0.63,0.64,0.01,0.01,75531.62,1776796945000
1776796948.402,148.402,0.36,0.37,0.63,0.64,0.01,0.01,75530.42,1776796947000
1776796949.317,149.317,0.36,0.37,0.63,0.64,0.01,0.01,75530.42,1776796947000
1776796949.959,149.959,0.36,0.37,0.63,0.64,0.01,0.01,75531.69,1776796949000
1776796950.572,150.572,0.36,0.37,0.63,0.64,0.01,0.01,75531.69,1776796949000
1776796950.919,150.919,0.37,0.38,0.62,0.64,0.01,0.02,75531.69,1776796949000
1776796951.367,151.367,0.37,0.38,0.62,0.63,0.01,0.01,75531.69,1776796949000
1776796951.966,151.966,0.37,0.38,0.62,0.63,0.01,0.01,75531.62,1776796950000
1776796952.321,152.321,0.39,0.4,0.61,0.63,0.01,0.02,75531.62,1776796950000
1776796952.658,152.658,0.41,0.42,0.58,0.59,0.01,0.01,75535.13,1776796951000
1776796953.047,153.047,0.41,0.42,0.58,0.59,0.01,0.01,75535,1776796952000
1776796953.481,153.481,0.41,0.42,0.58,0.59,0.01,0.01,75535,1776796952000
1776796953.875,153.875,0.41,0.42,0.58,0.59,0.01,0.01,75535,1776796952000
1776796954.22,154.22,0.41,0.42,0.58,0.59,0.01,0.01,75535.13,1776796953000
1776796954.698,154.698,0.41,0.42,0.58,0.59,0.01,0.01,75535.13,1776796953000
1776796955.079,155.079,0.41,0.43,0.58,0.59,0.02,0.01,75535.13,1776796953000
1776796955.549,155.549,0.52,0.53,0.47,0.52,0.01,0.05,75536.24,1776796954000
1776796955.888,155.888,0.51,0.52,0.47,0.48,0.01,0.01,75536.24,1776796954000
1776796956.353,156.353,0.51,0.52,0.48,0.49,0.01,0.01,75537.51,1776796955000
1776796956.884,156.884,0.51,0.53,0.47,0.49,0.02,0.02,75541.19,1776796956000
1776796957.393,157.393,0.52,0.53,0.47,0.48,0.01,0.01,75541.19,1776796956000
1776796957.73,157.73,0.51,0.52,0.47,0.49,0.01,0.02,75541.19,1776796956000
1776796958.148,158.148,0.51,0.52,0.48,0.49,0.01,0.01,75541.19,1776796956000
1776796958.482,158.482,0.51,0.52,0.48,0.49,0.01,0.01,75549.08,1776796957000
1776796958.82,158.82,0.51,0.52,0.48,0.49,0.01,0.01,75549.08,1776796957000
1776796959.157,159.157,0.51,0.52,0.48,0.49,0.01,0.01,75549.08,1776796957000
1776796959.614,159.614,0.51,0.52,0.48,0.5,0.01,0.02,75547.7,1776796958000
1776796959.956,159.956,0.51,0.52,0.48,0.49,0.01,0.01,75547.59,1776796959000
1776796960.351,160.351,0.5,0.52,0.48,0.5,0.02,0.02,75547.59,1776796959000
1776796960.691,160.691,0.49,0.51,0.49,0.51,0.02,0.02,75547.59,1776796959000
1776796961.033,161.033,0.51,0.52,0.48,0.49,0.01,0.01,75547.59,1776796959000
1776796961.581,161.581,0.51,0.52,0.48,0.49,0.01,0.01,75547.58,1776796960000
1776796962.043,162.043,0.51,0.52,0.48,0.5,0.01,0.02,75547.58,1776796960000
1776796962.461,162.461,0.51,0.52,0.48,0.5,0.01,0.02,75547.71,1776796961000
1776796962.883,162.883,0.51,0.52,0.48,0.49,0.01,0.01,75547.71,1776796961000
1776796963.296,163.296,0.51,0.52,0.48,0.49,0.01,0.01,75547.71,1776796961000
1776796963.654,163.654,0.51,0.52,0.48,0.49,0.01,0.01,75548.14,1776796962000
1776796964.301,164.301,0.51,0.52,0.48,0.49,0.01,0.01,75548.14,1776796963000
1776796964.739,164.739,0.51,0.52,0.48,0.49,0.01,0.01,75548.14,1776796963000
1776796965.259,165.259,0.51,0.52,0.48,0.49,0.01,0.01,75548.54,1776796964000
1776796965.695,165.695,0.51,0.52,0.48,0.49,0.01,0.01,75548.54,1776796964000
1776796966.952,166.952,0.51,0.52,0.48,0.49,0.01,0.01,75547.23,1776796966000
1776796967.331,167.331,0.51,0.52,0.48,0.49,0.01,0.01,75547.23,1776796966000
1776796967.87,167.87,0.51,0.52,0.48,0.49,0.01,0.01,75547.23,1776796966000
1776796968.397,168.397,0.51,0.52,0.48,0.49,0.01,0.01,75548.15,1776796967000
1776796968.735,168.735,0.5,0.52,0.48,0.5,0.02,0.02,75548.15,1776796967000
1776796969.438,169.438,0.5,0.51,0.49,0.5,0.01,0.01,75548.06,1776796968000
1776796969.937,169.937,0.5,0.51,0.49,0.5,0.01,0.01,75548.06,1776796968000
1776796970.32,170.32,0.5,0.51,0.49,0.5,0.01,0.01,75547.85,1776796969000
1776796971.014,171.014,0.5,0.51,0.49,0.5,0.01,0.01,75547.85,1776796969000
1776796971.441,171.441,0.5,0.51,0.49,0.5,0.01,0.01,75547.85,1776796970000
1776796971.833,171.833,0.5,0.51,0.49,0.5,0.01,0.01,75547.85,1776796970000
1776796972.546,172.546,0.5,0.51,0.49,0.5,0.01,0.01,75547.73,1776796971000
1776796972.923,172.923,0.54,0.58,0.42,0.43,0.04,0.01,75547.73,1776796971000
1776796973.256,173.256,0.54,0.55,0.45,0.46,0.01,0.01,75547.66,1776796972000
1776796973.679,173.679,0.55,0.56,0.44,0.45,0.01,0.01,75547.66,1776796972000
1776796974.046,174.046,0.53,0.54,0.46,0.47,0.01,0.01,75548.7,1776796973000
1776796974.733,174.733,0.53,0.54,0.46,0.47,0.01,0.01,75548.7,1776796973000
1776796975.446,175.446,0.53,0.54,0.46,0.47,0.01,0.01,75549.94,1776796974000
1776796976.923,176.923,0.53,0.54,0.46,0.47,0.01,0.01,75549.94,1776796974000
1776796977.334,177.334,0.53,0.54,0.46,0.47,0.01,0.01,75550.49,1776796976000
1776796977.848,177.848,0.53,0.54,0.46,0.47,0.01,0.01,75550.49,1776796976000
1776796978.202,178.202,0.51,0.54,0.46,0.47,0.03,0.01,75550.49,1776796976000
1776796978.915,178.915,0.53,0.54,0.46,0.49,0.01,0.03,75550.11,1776796977000
1776796979.497,179.497,0.53,0.54,0.46,0.47,0.01,0.01,75550.98,1776796978000
1776796979.841,179.841,0.55,0.56,0.44,0.45,0.01,0.01,75550.98,1776796978000
1776796980.226,180.226,0.54,0.55,0.41,0.46,0.01,0.05,75550.98,1776796979000
1776796980.567,180.567,0.55,0.56,0.44,0.45,0.01,0.01,75550.98,1776796979000
1776796980.904,180.904,0.55,0.56,0.44,0.45,0.01,0.01,75550.98,1776796979000
1776796981.25,181.25,0.55,0.56,0.44,0.45,0.01,0.01,75554.46,1776796980000
1776796981.608,181.608,0.58,0.6,0.4,0.42,0.02,0.02,75554.46,1776796980000
1776796981.944,181.944,0.59,0.6,0.4,0.41,0.01,0.01,75554.46,1776796980000
1776796982.277,182.277,0.59,0.6,0.4,0.41,0.01,0.01,75554.46,1776796980000
1776796982.613,182.613,0.59,0.61,0.4,0.41,0.02,0.01,75554.46,1776796980000
1776796983.174,183.174,0.6,0.61,0.39,0.41,0.01,0.02,75553.82,1776796981000
1776796983.551,183.551,0.6,0.61,0.39,0.4,0.01,0.01,75555.7,1776796982000
1776796983.971,183.971,0.6,0.61,0.39,0.4,0.01,0.01,75555.7,1776796982000
1776796984.533,184.533,0.63,0.64,0.36,0.37,0.01,0.01,75556.7,1776796983000
1776796984.979,184.979,0.63,0.64,0.36,0.37,0.01,0.01,75556.7,1776796984000
1776796985.382,185.382,0.63,0.64,0.36,0.37,0.01,0.01,75556.7,1776796984000
1776796986.126,186.126,0.59,0.61,0.39,0.41,0.02,0.02,75556.7,1776796985000
1776796986.467,186.467,0.6,0.61,0.39,0.4,0.01,0.01,75556.7,1776796985000
1776796986.976,186.976,0.6,0.61,0.39,0.4,0.01,0.01,75556.7,1776796985000
1776796987.429,187.429,0.6,0.61,0.39,0.4,0.01,0.01,75555.7,1776796986000
1776796987.782,187.782,0.56,0.57,0.41,0.43,0.01,0.02,75555.7,1776796986000
1776796988.197,188.197,0.48,0.5,0.47,0.5,0.02,0.03,75555.7,1776796986000
1776796988.532,188.532,0.32,0.48,0.52,0.68,0.16,0.16,75555.0,1776796987000
1776796988.865,188.865,0.28,0.4,0.6,0.71,0.12,0.11,75555.0,1776796987000
1776796989.211,189.211,0.3,0.48,0.52,0.69,0.18,0.17,75532.71,1776796988000
1776796989.559,189.559,0.28,0.47,0.53,0.72,0.19,0.19,75532.71,1776796988000
1776796989.898,189.898,0.27,0.38,0.62,0.73,0.11,0.11,75532.71,1776796988000
1776796990.24,190.24,0.32,0.33,0.67,0.68,0.01,0.01,75532.71,1776796988000
1776796990.627,190.627,0.29,0.32,0.67,0.71,0.03,0.04,75527.18,1776796989000
1776796990.962,190.962,0.3,0.33,0.67,0.7,0.03,0.03,75527.18,1776796989000
1776796991.351,191.351,0.31,0.32,0.68,0.7,0.01,0.02,75526.69,1776796990000
1776796991.942,191.942,0.29,0.31,0.7,0.71,0.02,0.01,75526.69,1776796990000
1776796992.352,192.352,0.29,0.31,0.69,0.71,0.02,0.02,75524.82,1776796991000
1776796993.242,193.242,0.3,0.31,0.69,0.7,0.01,0.01,75524.82,1776796991000
1776796993.659,193.659,0.3,0.31,0.69,0.7,0.01,0.01,75524.82,1776796991000
1776796994.126,194.126,0.3,0.31,0.69,0.7,0.01,0.01,75526.7,1776796992000
1776796994.538,194.538,0.3,0.31,0.69,0.7,0.01,0.01,75526.63,1776796993000
1776796994.882,194.882,0.3,0.31,0.69,0.7,0.01,0.01,75526.63,1776796993000
1776796995.268,195.268,0.3,0.31,0.69,0.7,0.01,0.01,75526.63,1776796993000
1776796995.604,195.604,0.3,0.31,0.69,0.7,0.01,0.01,75525.27,1776796994000
1776796995.96,195.96,0.3,0.31,0.69,0.7,0.01,0.01,75525.27,1776796994000
1776796996.314,196.314,0.29,0.31,0.69,0.71,0.02,0.02,75523.84,1776796995000
1776796996.681,196.681,0.3,0.31,0.69,0.7,0.01,0.01,75523.84,1776796995000
1776796997.022,197.022,0.3,0.31,0.69,0.7,0.01,0.01,75523.84,1776796995000
1776796997.357,197.357,0.3,0.32,0.68,0.71,0.02,0.03,75523.8,1776796996000
1776796997.733,197.733,0.3,0.31,0.68,0.7,0.01,0.02,75523.8,1776796996000
1776796998.088,198.088,0.3,0.32,0.68,0.7,0.02,0.02,75523.8,1776796996000
1776796998.467,198.467,0.3,0.33,0.67,0.69,0.03,0.02,75524.05,1776796997000
1776796998.827,198.827,0.31,0.32,0.68,0.69,0.01,0.01,75524.05,1776796997000
1776796999.207,199.207,0.31,0.32,0.68,0.69,0.01,0.01,75524.05,1776796997000
1776796999.542,199.542,0.31,0.33,0.67,0.69,0.02,0.02,75528.04,1776796998000
1776797000.064,200.064,0.32,0.33,0.67,0.68,0.01,0.01,75528.18,1776796999000
1776797000.489,200.489,0.32,0.33,0.67,0.68,0.01,0.01,75528.18,1776796999000
1776797001.09,201.09,0.32,0.33,0.67,0.68,0.01,0.01,75528.45,1776797000000
1776797001.719,201.719,0.32,0.33,0.67,0.68,0.01,0.01,75528.45,1776797000000
1776797002.123,202.123,0.32,0.33,0.67,0.68,0.01,0.01,75526.23,1776797001000
1776797003.044,203.044,0.32,0.33,0.67,0.68,0.01,0.01,75525.0,1776797002000
1776797003.377,203.377,0.32,0.33,0.67,0.68,0.01,0.01,75525.0,1776797002000
1776797003.727,203.727,0.32,0.33,0.67,0.68,0.01,0.01,75525.0,1776797002000
1776797004.085,204.085,0.31,0.33,0.67,0.69,0.02,0.02,75525.0,1776797002000
1776797004.452,204.452,0.31,0.33,0.67,0.69,0.02,0.02,75523.78,1776797003000
1776797004.803,204.803,0.32,0.33,0.67,0.7,0.01,0.03,75523.78,1776797003000
1776797005.162,205.162,0.32,0.33,0.67,0.68,0.01,0.01,75523.78,1776797003000
1776797005.539,205.539,0.3,0.33,0.67,0.7,0.03,0.03,75524.13,1776797004000
1776797005.891,205.891,0.3,0.33,0.67,0.68,0.03,0.01,75524.13,1776797004000
1776797006.453,206.453,0.3,0.31,0.67,0.7,0.01,0.03,75524.59,1776797005000
1776797006.794,206.794,0.3,0.31,0.69,0.7,0.01,0.01,75524.59,1776797005000
1776797007.704,207.704,0.29,0.31,0.69,0.71,0.02,0.02,75524.18,1776797006000
1776797008.102,208.102,0.29,0.3,0.7,0.71,0.01,0.01,75524.18,1776797006000
1776797008.527,208.527,0.27,0.28,0.7,0.73,0.01,0.03,75522.56,1776797007000
1776797008.873,208.873,0.27,0.28,0.72,0.73,0.01,0.01,75522.56,1776797007000
1776797009.277,209.277,0.27,0.28,0.72,0.73,0.01,0.01,75522.56,1776797007000
1776797009.623,209.623,0.27,0.28,0.72,0.73,0.01,0.01,75522.56,1776797007000
1776797010.029,210.029,0.27,0.28,0.72,0.73,0.01,0.01,75522.56,1776797008000
1776797010.833,210.833,0.27,0.28,0.72,0.73,0.01,0.01,75522.56,1776797009000
1776797011.564,211.564,0.27,0.28,0.72,0.73,0.01,0.01,75522.56,1776797010000
1776797012.124,212.124,0.27,0.29,0.72,0.73,0.02,0.01,75522.56,1776797010000
1776797012.701,212.701,0.27,0.3,0.71,0.73,0.03,0.02,75525.84,1776797011000
1776797013.114,213.114,0.27,0.3,0.7,0.73,0.03,0.03,75525.84,1776797011000
1776797013.47,213.47,0.27,0.3,0.7,0.73,0.03,0.03,75529.08,1776797012000
1776797014.179,214.179,0.27,0.28,0.71,0.73,0.01,0.02,75529.08,1776797012000
1776797014.705,214.705,0.27,0.28,0.72,0.73,0.01,0.01,75535.9,1776797013000
1776797015.149,215.149,0.28,0.31,0.69,0.72,0.03,0.03,75536.35,1776797014000
1776797015.503,215.503,0.3,0.33,0.68,0.7,0.03,0.02,75536.35,1776797014000
1776797015.988,215.988,0.3,0.33,0.67,0.7,0.03,0.03,75536.35,1776797014000
1776797016.334,216.334,0.3,0.33,0.67,0.7,0.03,0.03,75537.28,1776797015000
1776797016.737,216.737,0.36,0.37,0.63,0.64,0.01,0.01,75537.28,1776797015000
1776797017.07,217.07,0.36,0.37,0.63,0.64,0.01,0.01,75537.28,1776797015000
1776797017.565,217.565,0.36,0.37,0.63,0.64,0.01,0.01,75536.51,1776797016000
1776797017.926,217.926,0.37,0.38,0.62,0.64,0.01,0.02,75536.51,1776797016000
1776797018.51,218.51,0.37,0.38,0.62,0.63,0.01,0.01,75536.56,1776797017000
1776797019.235,219.235,0.37,0.38,0.62,0.63,0.01,0.01,75536.56,1776797017000
1776797019.615,219.615,0.37,0.39,0.62,0.63,0.02,0.01,75536.56,1776797017000
1776797020.086,220.086,0.37,0.39,0.61,0.63,0.02,0.02,75536.68,1776797018000
1776797020.461,220.461,0.37,0.39,0.61,0.63,0.02,0.02,75536.81,1776797019000
1776797021.076,221.076,0.37,0.39,0.61,0.63,0.02,0.02,75536.81,1776797020000
1776797021.9,221.9,0.38,0.39,0.61,0.63,0.01,0.02,75536.81,1776797020000
1776797022.307,222.307,0.38,0.39,0.61,0.62,0.01,0.01,75536.99,1776797021000
1776797022.708,222.708,0.38,0.39,0.61,0.62,0.01,0.01,75536.99,1776797021000
1776797023.123,223.123,0.38,0.39,0.61,0.62,0.01,0.01,75536.99,1776797021000
1776797023.589,223.589,0.38,0.39,0.61,0.62,0.01,0.01,75528.8,1776797022000
1776797023.942,223.942,0.36,0.37,0.63,0.65,0.01,0.02,75528.8,1776797022000
1776797024.289,224.289,0.29,0.31,0.67,0.73,0.02,0.06,75528.8,1776797022000
1776797024.853,224.853,0.29,0.3,0.69,0.71,0.01,0.02,75528.01,1776797023000
1776797025.195,225.195,0.29,0.31,0.7,0.71,0.02,0.01,75527.78,1776797024000
1776797025.631,225.631,0.29,0.3,0.7,0.71,0.01,0.01,75527.78,1776797024000
1776797025.974,225.974,0.24,0.25,0.71,0.72,0.01,0.01,75527.78,1776797024000
1776797026.44,226.44,0.23,0.24,0.75,0.76,0.01,0.01,75527.8,1776797025000
1776797026.775,226.775,0.2,0.23,0.76,0.8,0.03,0.04,75527.8,1776797025000
1776797027.13,227.13,0.15,0.19,0.81,0.85,0.04,0.04,75527.29,1776797026000
1776797027.468,227.468,0.15,0.19,0.81,0.85,0.04,0.04,75527.29,1776797026000
1776797027.823,227.823,0.15,0.16,0.81,0.85,0.01,0.04,75527.29,1776797026000
1776797028.345,228.345,0.14,0.17,0.83,0.86,0.03,0.03,75527.29,1776797026000
1776797029.31,229.31,0.14,0.15,0.83,0.86,0.01,0.03,75521.48,1776797027000
1776797029.704,229.704,0.14,0.19,0.81,0.86,0.05,0.05,75512.26,1776797028000
1776797030.307,230.307,0.14,0.15,0.85,0.86,0.01,0.01,75512.26,1776797028000
1776797030.683,230.683,0.13,0.15,0.85,0.86,0.02,0.01,75510.6,1776797029000
1776797031.088,231.088,0.14,0.15,0.85,0.87,0.01,0.02,75511.71,1776797030000
1776797031.561,231.561,0.14,0.16,0.82,0.86,0.02,0.04,75511.71,1776797030000
1776797032.154,232.154,0.14,0.19,0.81,0.86,0.05,0.05,75514.2,1776797031000
1776797032.511,232.511,0.14,0.2,0.8,0.86,0.06,0.06,75514.2,1776797031000
1776797032.92,232.92,0.14,0.17,0.8,0.84,0.03,0.04,75514.2,1776797031000
1776797033.391,233.391,0.15,0.18,0.82,0.85,0.03,0.03,75519.47,1776797032000
1776797033.726,233.726,0.21,0.23,0.77,0.79,0.02,0.02,75519.47,1776797032000
1776797034.266,234.266,0.2,0.21,0.79,0.8,0.01,0.01,75519.47,1776797032000
1776797034.604,234.604,0.2,0.24,0.76,0.8,0.04,0.04,75521.62,1776797033000
1776797034.954,234.954,0.17,0.18,0.82,0.83,0.01,0.01,75521.62,1776797033000
1776797035.29,235.29,0.17,0.18,0.82,0.83,0.01,0.01,75521.62,1776797033000
1776797035.729,235.729,0.17,0.18,0.82,0.83,0.01,0.01,75521.62,1776797033000
1776797036.069,236.069,0.16,0.17,0.83,0.84,0.01,0.01,75521.23,1776797034000
1776797036.609,236.609,0.16,0.17,0.83,0.84,0.01,0.01,75520.58,1776797035000
1776797037.038,237.038,0.16,0.17,0.83,0.84,0.01,0.01,75520.58,1776797035000
1776797037.399,237.399,0.16,0.17,0.83,0.84,0.01,0.01,75518.29,1776797036000
1776797037.858,237.858,0.16,0.17,0.83,0.84,0.01,0.01,75518.29,1776797036000
1776797039.006,239.006,0.16,0.17,0.83,0.84,0.01,0.01,75516.35,1776797037000
1776797039.602,239.602,0.16,0.17,0.83,0.84,0.01,0.01,75516.35,1776797038000
1776797040.245,240.245,0.16,0.17,0.83,0.84,0.01,0.01,75516.35,1776797038000
1776797040.581,240.581,0.16,0.17,0.83,0.84,0.01,0.01,75515.3,1776797039000
1776797041.23,241.23,0.16,0.17,0.83,0.84,0.01,0.01,75515.3,1776797039000
1776797041.635,241.635,0.16,0.17,0.83,0.84,0.01,0.01,75515.3,1776797039000
1776797041.973,241.973,0.16,0.17,0.83,0.84,0.01,0.01,75515.19,1776797040000
1776797042.384,242.384,0.16,0.17,0.83,0.84,0.01,0.01,75515.03,1776797041000
1776797042.717,242.717,0.16,0.17,0.83,0.84,0.01,0.01,75515.03,1776797041000
1776797043.053,243.053,0.16,0.17,0.83,0.84,0.01,0.01,75515.03,1776797041000
1776797043.525,243.525,0.18,0.19,0.81,0.82,0.01,0.01,75515.56,1776797042000
1776797043.96,243.96,0.19,0.21,0.81,0.82,0.02,0.01,75515.56,1776797042000
1776797044.373,244.373,0.23,0.27,0.73,0.77,0.04,0.04,75515.56,1776797042000
1776797044.76,244.76,0.23,0.24,0.74,0.77,0.01,0.03,75516.96,1776797043000
1776797045.228,245.228,0.22,0.23,0.77,0.78,0.01,0.01,75516.96,1776797043000
1776797045.626,245.626,0.22,0.23,0.77,0.78,0.01,0.01,75521.75,1776797044000
1776797046.027,246.027,0.22,0.23,0.77,0.78,0.01,0.01,75521.75,1776797044000
1776797046.52,246.52,0.22,0.23,0.77,0.78,0.01,0.01,75521.75,1776797045000
1776797046.907,246.907,0.22,0.23,0.77,0.78,0.01,0.01,75521.75,1776797045000
1776797047.753,247.753,0.22,0.23,0.77,0.78,0.01,0.01,75521.75,1776797045000
1776797048.135,248.135,0.2,0.22,0.77,0.8,0.02,0.03,75521.32,1776797046000
1776797048.521,248.521,0.2,0.22,0.78,0.8,0.02,0.02,75521.32,1776797046000
1776797049.109,249.109,0.2,0.22,0.78,0.8,0.02,0.02,75521.48,1776797048000
1776797049.5,249.5,0.2,0.21,0.79,0.81,0.01,0.02,75521.48,1776797048000
1776797049.935,249.935,0.19,0.21,0.79,0.81,0.02,0.02,75521.48,1776797048000
1776797050.302,250.302,0.2,0.21,0.78,0.8,0.01,0.02,75521.48,1776797048000
1776797050.688,250.688,0.2,0.21,0.79,0.8,0.01,0.01,75521.57,1776797049000
1776797051.361,251.361,0.2,0.21,0.79,0.8,0.01,0.01,75521.7,1776797050000
1776797051.874,251.874,0.2,0.21,0.79,0.8,0.01,0.01,75521.7,1776797050000
1776797052.695,252.695,0.2,0.21,0.79,0.8,0.01,0.01,75521.7,1776797050000
1776797053.267,253.267,0.18,0.19,0.8,0.82,0.01,0.02,75521.7,1776797050000
1776797053.859,253.859,0.17,0.18,0.82,0.83,0.01,0.01,75521.7,1776797050000
1776797054.243,254.243,0.17,0.18,0.82,0.83,0.01,0.01,75521.9,1776797053000
1776797054.697,254.697,0.17,0.18,0.82,0.83,0.01,0.01,75521.9,1776797053000
1776797055.08,255.08,0.18,0.19,0.81,0.83,0.01,0.02,75521.9,1776797053000
1776797055.677,255.677,0.19,0.2,0.8,0.81,0.01,0.01,75520.55,1776797054000
1776797056.298,256.298,0.19,0.21,0.79,0.81,0.02,0.02,75520.42,1776797055000
1776797056.699,256.699,0.19,0.2,0.8,0.81,0.01,0.01,75520.42,1776797055000
1776797057.104,257.104,0.19,0.2,0.8,0.81,0.01,0.01,75520.42,1776797055000
1776797057.49,257.49,0.19,0.21,0.8,0.81,0.02,0.01,75522.31,1776797056000
1776797057.929,257.929,0.19,0.21,0.79,0.81,0.02,0.02,75522.31,1776797057000
1776797058.769,258.769,0.19,0.2,0.79,0.81,0.01,0.02,75522.31,1776797057000
1776797059.103,259.103,0.25,0.34,0.71,0.78,0.09,0.07,75532.29,1776797058000
1776797059.448,259.448,0.26,0.3,0.66,0.78,0.04,0.12,75532.29,1776797058000
1776797059.942,259.942,0.27,0.29,0.68,0.73,0.02,0.05,75532.29,1776797058000
1776797060.298,260.298,0.27,0.28,0.72,0.73,0.01,0.01,75532.41,1776797059000
1776797060.644,260.644,0.27,0.28,0.72,0.73,0.01,0.01,75532.41,1776797059000
1776797061.092,261.092,0.21,0.22,0.76,0.79,0.01,0.03,75532.41,1776797059000
1776797061.44,261.44,0.21,0.22,0.78,0.79,0.01,0.01,75532.19,1776797060000
1776797062.094,262.094,0.21,0.22,0.78,0.79,0.01,0.01,75532.19,1776797060000
1776797062.431,262.431,0.17,0.18,0.82,0.83,0.01,0.01,75532.08,1776797061000
1776797062.959,262.959,0.17,0.18,0.82,0.83,0.01,0.01,75532.08,1776797061000
1776797063.379,263.379,0.17,0.18,0.82,0.83,0.01,0.01,75530.03,1776797062000
1776797063.856,263.856,0.16,0.17,0.83,0.84,0.01,0.01,75530.03,1776797062000
1776797064.218,264.218,0.15,0.16,0.84,0.85,0.01,0.01,75530.03,1776797062000
1776797064.662,264.662,0.14,0.16,0.84,0.85,0.02,0.01,75528.76,1776797063000
1776797065.17,265.17,0.14,0.15,0.85,0.86,0.01,0.01,75523.69,1776797064000
1776797065.543,265.543,0.14,0.15,0.85,0.86,0.01,0.01,75523.69,1776797064000
1776797066.018,266.018,0.14,0.15,0.85,0.86,0.01,0.01,75523.69,1776797064000
1776797066.612,266.612,0.14,0.15,0.85,0.86,0.01,0.01,75523.69,1776797064000
1776797067.107,267.107,0.14,0.15,0.85,0.86,0.01,0.01,75522.09,1776797066000
1776797067.459,267.459,0.13,0.15,0.85,0.87,0.02,0.02,75522.09,1776797066000
1776797067.865,267.865,0.1,0.11,0.88,0.91,0.01,0.03,75522.09,1776797066000
1776797068.256,268.256,0.09,0.11,0.89,0.91,0.02,0.02,75517.15,1776797067000
1776797068.664,268.664,0.09,0.1,0.9,0.91,0.01,0.01,75517.15,1776797067000
1776797069.036,269.036,0.09,0.1,0.9,0.91,0.01,0.01,75517.15,1776797067000
1776797069.378,269.378,0.08,0.09,0.91,0.92,0.01,0.01,75517.15,1776797067000
1776797069.806,269.806,0.08,0.09,0.91,0.92,0.01,0.01,75517.15,1776797067000
1776797070.287,270.287,0.07,0.08,0.91,0.93,0.01,0.02,75515.54,1776797068000
1776797070.627,270.627,0.07,0.08,0.92,0.93,0.01,0.01,75515.85,1776797069000
1776797070.99,270.99,0.09,0.1,0.9,0.93,0.01,0.03,75515.54,1776797070000
1776797071.343,271.343,0.09,0.1,0.9,0.91,0.01,0.01,75515.54,1776797070000
1776797071.689,271.689,0.09,0.1,0.9,0.91,0.01,0.01,75515.54,1776797070000
1776797072.027,272.027,0.09,0.1,0.9,0.91,0.01,0.01,75515.54,1776797070000
1776797072.411,272.411,0.09,0.1,0.9,0.91,0.01,0.01,75515.54,1776797070000
1776797072.755,272.755,0.1,0.11,0.89,0.9,0.01,0.01,75515.54,1776797071000
1776797073.108,273.108,0.09,0.1,0.9,0.91,0.01,0.01,75516.37,1776797072000
1776797073.442,273.442,0.09,0.1,0.9,0.91,0.01,0.01,75516.37,1776797072000
1776797073.778,273.778,0.09,0.11,0.89,0.91,0.02,0.02,75516.37,1776797072000
1776797074.116,274.116,0.1,0.11,0.9,0.91,0.01,0.01,75516.37,1776797072000
1776797074.6,274.6,0.1,0.11,0.89,0.9,0.01,0.01,75518.11,1776797073000
1776797074.964,274.964,0.1,0.11,0.89,0.9,0.01,0.01,75518.11,1776797073000
1776797075.605,275.605,0.1,0.11,0.89,0.9,0.01,0.01,75518.11,1776797074000
1776797076.071,276.071,0.1,0.11,0.89,0.9,0.01,0.01,75518.11,1776797074000
1776797076.431,276.431,0.22,0.23,0.77,0.78,0.01,0.01,75518.11,1776797074000
1776797076.769,276.769,0.21,0.23,0.77,0.79,0.02,0.02,75518.12,1776797075000
1776797077.142,277.142,0.21,0.22,0.78,0.79,0.01,0.01,75518.12,1776797075000
1776797077.546,277.546,0.23,0.24,0.76,0.79,0.01,0.03,75523.1,1776797076000
1776797078.039,278.039,0.23,0.24,0.76,0.77,0.01,0.01,75523.1,1776797076000
1776797078.46,278.46,0.22,0.23,0.77,0.78,0.01,0.01,75523.1,1776797076000
1776797078.805,278.805,0.21,0.22,0.78,0.79,0.01,0.01,75528.78,1776797077000
1776797079.172,279.172,0.21,0.22,0.78,0.79,0.01,0.01,75529.6,1776797078000
1776797079.639,279.639,0.21,0.22,0.78,0.79,0.01,0.01,75529.6,1776797078000
1776797080.146,280.146,0.21,0.22,0.78,0.79,0.01,0.01,75529.6,1776797078000
1776797080.637,280.637,0.17,0.18,0.8,0.83,0.01,0.03,75529.6,1776797078000
1776797081.188,281.188,0.17,0.18,0.82,0.83,0.01,0.01,75532.47,1776797080000
1776797081.524,281.524,0.16,0.17,0.83,0.84,0.01,0.01,75532.47,1776797080000
1776797081.998,281.998,0.16,0.17,0.83,0.84,0.01,0.01,75532.47,1776797080000
1776797082.341,282.341,0.16,0.2,0.8,0.84,0.04,0.04,75531.53,1776797081000
1776797083.222,283.222,0.16,0.17,0.83,0.84,0.01,0.01,75531.53,1776797081000
1776797083.673,283.673,0.16,0.17,0.83,0.84,0.01,0.01,75531.53,1776797081000
1776797084.186,284.186,0.16,0.19,0.81,0.84,0.03,0.03,75531.04,1776797083000
1776797084.527,284.527,0.17,0.18,0.82,0.83,0.01,0.01,75531.04,1776797083000
1776797084.919,284.919,0.2,0.3,0.7,0.8,0.1,0.1,75531.04,1776797083000
1776797085.297,285.297,0.28,0.29,0.71,0.72,0.01,0.01,75531.04,1776797083000
1776797085.642,285.642,0.26,0.27,0.73,0.74,0.01,0.01,75531.19,1776797084000
1776797085.991,285.991,0.25,0.27,0.73,0.75,0.02,0.02,75531.19,1776797084000
1776797086.45,286.45,0.23,0.25,0.74,0.75,0.02,0.01,75531.19,1776797084000
1776797086.88,286.88,0.22,0.23,0.77,0.78,0.01,0.01,75535.74,1776797085000
1776797087.338,287.338,0.22,0.25,0.77,0.78,0.03,0.01,75535.74,1776797085000
1776797087.939,287.939,0.21,0.23,0.75,0.78,0.02,0.03,75535.86,1776797086000
1776797088.349,288.349,0.21,0.23,0.77,0.79,0.02,0.02,75536.2,1776797087000
1776797088.696,288.696,0.2,0.21,0.79,0.8,0.01,0.01,75536.2,1776797087000
1776797089.147,289.147,0.2,0.21,0.79,0.8,0.01,0.01,75537.46,1776797088000
1776797089.484,289.484,0.2,0.21,0.79,0.8,0.01,0.01,75537.46,1776797088000
1776797090.305,290.305,0.21,0.22,0.78,0.81,0.01,0.03,75537.46,1776797088000
1776797090.639,290.639,0.19,0.2,0.8,0.81,0.01,0.01,75536.82,1776797089000
1776797091.09,291.09,0.19,0.22,0.8,0.81,0.03,0.01,75536.82,1776797089000
1776797091.578,291.578,0.19,0.2,0.78,0.81,0.01,0.03,75536.82,1776797089000
1776797091.929,291.929,0.21,0.22,0.78,0.79,0.01,0.01,75536.82,1776797090000
1776797092.436,292.436,0.28,0.3,0.71,0.73,0.02,0.02,75538.4,1776797091000
1776797092.816,292.816,0.16,0.23,0.76,0.77,0.07,0.01,75538.4,1776797091000
1776797093.151,293.151,0.19,0.21,0.79,0.8,0.02,0.01,75538.92,1776797092000
1776797093.541,293.541,0.19,0.2,0.8,0.81,0.01,0.01,75538.92,1776797092000
1776797093.9,293.9,0.19,0.2,0.8,0.81,0.01,0.01,75538.92,1776797092000
1776797094.239,294.239,0.19,0.21,0.8,0.81,0.02,0.01,75539.14,1776797093000
1776797094.581,294.581,0.2,0.21,0.79,0.8,0.01,0.01,75539.14,1776797093000
1776797094.946,294.946,0.16,0.17,0.83,0.84,0.01,0.01,75539.14,1776797093000
1776797095.331,295.331,0.16,0.17,0.83,0.84,0.01,0.01,75538.74,1776797094000
1776797095.674,295.674,0.1,0.13,0.86,0.87,0.03,0.01,75538.74,1776797094000
1776797096.04,296.04,0.12,0.13,0.87,0.88,0.01,0.01,75538.74,1776797094000
1776797096.376,296.376,0.11,0.12,0.88,0.89,0.01,0.01,75538.74,1776797094000
1776797096.711,296.711,0.06,0.07,0.93,0.94,0.01,0.01,75539.25,1776797095000
1776797097.047,297.047,0.24,0.31,0.68,0.76,0.07,0.08,75539.15,1776797096000
1776797097.381,297.381,0.25,0.01,0.99,0.75,-0.24,-0.24,75539.15,1776797096000
1776797097.793,297.793,0.25,0.01,0.99,0.75,-0.24,-0.24,75539.15,1776797096000
1776797098.128,298.128,0.25,0.01,0.99,0.75,-0.24,-0.24,75539.15,1776797096000
1776797098.477,298.477,0.25,0.01,0.99,0.75,-0.24,-0.24,75540.24,1776797097000
1776797098.849,298.849,0.25,0.01,0.99,0.75,-0.24,-0.24,75540.24,1776797097000
1776797099.232,299.232,0.25,0.01,0.99,0.75,-0.24,-0.24,75540.24,1776797097000
1776797099.692,299.692,0.25,0.01,0.99,0.75,-0.24,-0.24,75540.37,1776797098000
1776797100.034,300.034,0.25,0.01,0.99,0.75,-0.24,-0.24,75540.37,1776797098000
1776797100.375,300.375,0.25,0.01,0.99,0.75,-0.24,-0.24,75538.82,1776797099000
1776797100.729,300.729,0.25,0.01,0.99,0.75,-0.24,-0.24,75538.82,1776797099000

# RESULT,winner=Down,slug=btc-updown-5m-1776796800,ticks=662
