timestamp,elapsed_sec,up_bid,up_ask,down_bid,down_ask,up_spread,down_spread,btc_price,btc_oracle_ts
1776105300.582,0.582,0.46,0.48,0.51,0.54,0.02,0.03,72371.46,1776105299000
1776105301.101,1.101,0.46,0.47,0.52,0.54,0.01,0.02,72371.46,1776105299000
1776105301.459,1.459,0.46,0.48,0.53,0.54,0.02,0.01,72371.41,1776105300000
1776105301.889,1.889,0.47,0.48,0.52,0.53,0.01,0.01,72371.41,1776105300000
1776105302.234,2.234,0.48,0.51,0.51,0.52,0.03,0.01,72371.41,1776105301000
1776105302.575,2.575,0.49,0.51,0.49,0.52,0.02,0.03,72371.41,1776105301000
1776105303.097,3.097,0.49,0.5,0.5,0.51,0.01,0.01,72371.41,1776105301000
1776105303.445,3.445,0.49,0.5,0.5,0.51,0.01,0.01,72371.1,1776105302000
1776105304.038,4.038,0.49,0.5,0.5,0.51,0.01,0.01,72370.59,1776105303000
1776105304.532,4.532,0.49,0.5,0.5,0.51,0.01,0.01,72370.59,1776105303000
1776105304.871,4.871,0.49,0.5,0.5,0.51,0.01,0.01,72370.59,1776105303000
1776105305.77,5.77,0.49,0.5,0.5,0.51,0.01,0.01,72370.35,1776105304000
1776105306.105,6.105,0.5,0.54,0.47,0.5,0.04,0.03,72370.35,1776105305000
1776105306.448,6.448,0.55,0.56,0.44,0.45,0.01,0.01,72370.35,1776105305000
1776105306.805,6.805,0.56,0.57,0.43,0.44,0.01,0.01,72370.35,1776105305000
1776105307.168,7.168,0.56,0.57,0.43,0.44,0.01,0.01,72370.45,1776105306000
1776105307.526,7.526,0.56,0.57,0.43,0.44,0.01,0.01,72370.45,1776105306000
1776105307.933,7.933,0.56,0.57,0.43,0.44,0.01,0.01,72370.45,1776105306000
1776105308.367,8.367,0.55,0.56,0.44,0.45,0.01,0.01,72370.45,1776105306000
1776105308.813,8.813,0.54,0.55,0.45,0.46,0.01,0.01,72379.44,1776105307000
1776105309.19,9.19,0.54,0.55,0.45,0.46,0.01,0.01,72379.44,1776105307000
1776105309.627,9.627,0.54,0.55,0.45,0.46,0.01,0.01,72383.79,1776105308000
1776105310.002,10.002,0.53,0.54,0.46,0.47,0.01,0.01,72383.23,1776105309000
1776105310.38,10.38,0.53,0.54,0.46,0.47,0.01,0.01,72383.23,1776105309000
1776105310.743,10.743,0.53,0.54,0.46,0.47,0.01,0.01,72383.23,1776105309000
1776105311.134,11.134,0.53,0.54,0.46,0.47,0.01,0.01,72380.53,1776105310000
1776105311.496,11.496,0.53,0.54,0.46,0.47,0.01,0.01,72380.53,1776105310000
1776105311.833,11.833,0.54,0.55,0.45,0.47,0.01,0.02,72380.53,1776105310000
1776105312.186,12.186,0.54,0.55,0.45,0.46,0.01,0.01,72380.53,1776105310000
1776105312.605,12.605,0.54,0.55,0.45,0.46,0.01,0.01,72380.53,1776105310000
1776105313.084,13.084,0.54,0.55,0.45,0.46,0.01,0.01,72379.61,1776105311000
1776105313.465,13.465,0.55,0.56,0.44,0.46,0.01,0.02,72379.53,1776105312000
1776105313.845,13.845,0.55,0.56,0.44,0.45,0.01,0.01,72379.53,1776105312000
1776105314.277,14.277,0.53,0.54,0.44,0.47,0.01,0.03,72379.54,1776105313000
1776105314.685,14.685,0.53,0.54,0.46,0.47,0.01,0.01,72379.54,1776105313000
1776105315.026,15.026,0.53,0.54,0.46,0.47,0.01,0.01,72379.54,1776105313000
1776105315.449,15.449,0.53,0.54,0.46,0.47,0.01,0.01,72379.56,1776105314000
1776105315.819,15.819,0.53,0.54,0.46,0.47,0.01,0.01,72379.56,1776105314000
1776105316.315,16.315,0.53,0.54,0.46,0.47,0.01,0.01,72379.56,1776105314000
1776105316.875,16.875,0.53,0.54,0.46,0.47,0.01,0.01,72379.36,1776105315000
1776105317.516,17.516,0.53,0.54,0.46,0.47,0.01,0.01,72379.63,1776105316000
1776105317.851,17.851,0.49,0.51,0.49,0.51,0.02,0.02,72379.63,1776105316000
1776105318.262,18.262,0.47,0.48,0.52,0.53,0.01,0.01,72379.63,1776105317000
1776105318.597,18.597,0.45,0.47,0.53,0.55,0.02,0.02,72379.63,1776105317000
1776105318.944,18.944,0.42,0.46,0.54,0.58,0.04,0.04,72378.82,1776105318000
1776105319.283,19.283,0.39,0.42,0.58,0.61,0.03,0.03,72378.82,1776105318000
1776105319.644,19.644,0.39,0.4,0.6,0.61,0.01,0.01,72378.82,1776105318000
1776105319.989,19.989,0.39,0.4,0.6,0.61,0.01,0.01,72368.75,1776105319000
1776105320.333,20.333,0.39,0.4,0.6,0.61,0.01,0.01,72368.75,1776105319000
1776105320.68,20.68,0.39,0.4,0.6,0.61,0.01,0.01,72368.75,1776105319000
1776105321.086,21.086,0.39,0.4,0.6,0.61,0.01,0.01,72356.3,1776105320000
1776105321.434,21.434,0.39,0.4,0.6,0.62,0.01,0.02,72356.3,1776105320000
1776105321.768,21.768,0.39,0.41,0.6,0.61,0.02,0.01,72356.3,1776105320000
1776105322.102,22.102,0.41,0.42,0.58,0.59,0.01,0.01,72350.87,1776105321000
1776105322.438,22.438,0.45,0.46,0.54,0.56,0.01,0.02,72350.87,1776105321000
1776105322.775,22.775,0.47,0.48,0.52,0.53,0.01,0.01,72350.87,1776105321000
1776105323.117,23.117,0.47,0.48,0.52,0.53,0.01,0.01,72350.87,1776105321000
1776105323.576,23.576,0.47,0.48,0.52,0.53,0.01,0.01,72354.93,1776105322000
1776105323.978,23.978,0.47,0.48,0.52,0.53,0.01,0.01,72354.93,1776105322000
1776105324.312,24.312,0.47,0.49,0.52,0.53,0.02,0.01,72366.44,1776105323000
1776105324.682,24.682,0.48,0.49,0.51,0.52,0.01,0.01,72366.44,1776105323000
1776105325.02,25.02,0.49,0.5,0.51,0.52,0.01,0.01,72366.44,1776105323000
1776105325.393,25.393,0.5,0.51,0.49,0.51,0.01,0.02,72368.22,1776105324000
1776105325.8,25.8,0.51,0.52,0.49,0.5,0.01,0.01,72368.22,1776105324000
1776105326.148,26.148,0.51,0.52,0.48,0.49,0.01,0.01,72368.84,1776105325000
1776105326.533,26.533,0.51,0.52,0.48,0.49,0.01,0.01,72368.84,1776105325000
1776105326.923,26.923,0.51,0.52,0.48,0.49,0.01,0.01,72368.84,1776105325000
1776105327.262,27.262,0.51,0.52,0.48,0.49,0.01,0.01,72368.94,1776105326000
1776105327.689,27.689,0.51,0.52,0.48,0.49,0.01,0.01,72368.94,1776105326000
1776105328.466,28.466,0.51,0.52,0.48,0.49,0.01,0.01,72370.31,1776105327000
1776105328.947,28.947,0.51,0.52,0.48,0.49,0.01,0.01,72370.31,1776105327000
1776105329.576,29.576,0.5,0.52,0.48,0.49,0.02,0.01,72370.58,1776105328000
1776105329.943,29.943,0.5,0.51,0.49,0.5,0.01,0.01,72370.58,1776105328000
1776105330.319,30.319,0.5,0.51,0.49,0.5,0.01,0.01,72370.71,1776105329000
1776105330.914,30.914,0.5,0.51,0.49,0.5,0.01,0.01,72370.71,1776105329000
1776105331.27,31.27,0.51,0.52,0.48,0.49,0.01,0.01,72371.12,1776105330000
1776105331.907,31.907,0.51,0.52,0.48,0.49,0.01,0.01,72371.16,1776105331000
1776105332.27,32.27,0.51,0.52,0.48,0.49,0.01,0.01,72371.16,1776105331000
1776105332.753,32.753,0.51,0.52,0.48,0.49,0.01,0.01,72371.16,1776105331000
1776105333.096,33.096,0.51,0.52,0.48,0.49,0.01,0.01,72373.64,1776105332000
1776105333.53,33.53,0.51,0.53,0.47,0.49,0.02,0.02,72373.64,1776105332000
1776105334.151,34.151,0.51,0.52,0.48,0.49,0.01,0.01,72374.37,1776105333000
1776105334.749,34.749,0.51,0.52,0.48,0.49,0.01,0.01,72374.37,1776105333000
1776105335.264,35.264,0.51,0.52,0.48,0.49,0.01,0.01,72374.37,1776105334000
1776105335.635,35.635,0.5,0.51,0.49,0.5,0.01,0.01,72374.37,1776105334000
1776105336.095,36.095,0.5,0.51,0.49,0.5,0.01,0.01,72374.37,1776105334000
1776105336.543,36.543,0.5,0.51,0.49,0.5,0.01,0.01,72374.37,1776105334000
1776105336.97,36.97,0.46,0.48,0.52,0.53,0.02,0.01,72373.95,1776105335000
1776105337.345,37.345,0.46,0.47,0.53,0.54,0.01,0.01,72373.88,1776105336000
1776105337.691,37.691,0.46,0.47,0.53,0.54,0.01,0.01,72373.88,1776105336000
1776105338.099,38.099,0.46,0.47,0.53,0.54,0.01,0.01,72370.08,1776105337000
1776105339.199,39.199,0.46,0.47,0.53,0.54,0.01,0.01,72365.68,1776105338000
1776105339.561,39.561,0.45,0.46,0.54,0.55,0.01,0.01,72365.68,1776105338000
1776105339.904,39.904,0.42,0.45,0.55,0.56,0.03,0.01,72365.68,1776105338000
1776105340.241,40.241,0.42,0.43,0.57,0.58,0.01,0.01,72365.68,1776105338000
1776105340.607,40.607,0.42,0.43,0.57,0.58,0.01,0.01,72365.68,1776105338000
1776105340.944,40.944,0.42,0.43,0.57,0.58,0.01,0.01,72361.26,1776105339000
1776105341.285,41.285,0.41,0.42,0.57,0.59,0.01,0.02,72358.4,1776105340000
1776105341.631,41.631,0.41,0.42,0.58,0.59,0.01,0.01,72358.4,1776105340000
1776105342.042,42.042,0.41,0.42,0.58,0.59,0.01,0.01,72356.18,1776105341000
1776105342.514,42.514,0.41,0.42,0.58,0.59,0.01,0.01,72356.18,1776105341000
1776105342.847,42.847,0.39,0.42,0.58,0.61,0.03,0.03,72356.18,1776105341000
1776105343.21,43.21,0.39,0.4,0.6,0.62,0.01,0.02,72355.75,1776105342000
1776105343.544,43.544,0.38,0.4,0.6,0.62,0.02,0.02,72355.75,1776105342000
1776105344.004,44.004,0.38,0.39,0.61,0.62,0.01,0.01,72352.89,1776105343000
1776105344.391,44.391,0.37,0.38,0.61,0.63,0.01,0.02,72352.89,1776105343000
1776105344.803,44.803,0.37,0.38,0.62,0.63,0.01,0.01,72352.89,1776105343000
1776105345.188,45.188,0.37,0.38,0.62,0.63,0.01,0.01,72352.89,1776105343000
1776105345.673,45.673,0.36,0.38,0.62,0.63,0.02,0.01,72346.05,1776105344000
1776105346.033,46.033,0.36,0.37,0.63,0.64,0.01,0.01,72345.37,1776105345000
1776105346.371,46.371,0.36,0.37,0.63,0.64,0.01,0.01,72345.37,1776105345000
1776105346.72,46.72,0.36,0.37,0.63,0.64,0.01,0.01,72345.37,1776105345000
1776105347.08,47.08,0.35,0.36,0.64,0.65,0.01,0.01,72346.1,1776105346000
1776105347.416,47.416,0.35,0.36,0.64,0.65,0.01,0.01,72346.1,1776105346000
1776105347.758,47.758,0.35,0.36,0.64,0.65,0.01,0.01,72346.1,1776105346000
1776105348.127,48.127,0.35,0.36,0.64,0.65,0.01,0.01,72345.13,1776105347000
1776105348.543,48.543,0.35,0.36,0.64,0.65,0.01,0.01,72345.13,1776105347000
1776105348.918,48.918,0.35,0.36,0.64,0.65,0.01,0.01,72345.13,1776105347000
1776105349.362,49.362,0.35,0.36,0.64,0.65,0.01,0.01,72344.73,1776105348000
1776105349.931,49.931,0.35,0.36,0.64,0.65,0.01,0.01,72344.73,1776105348000
1776105350.292,50.292,0.35,0.37,0.64,0.65,0.02,0.01,72344.72,1776105349000
1776105350.632,50.632,0.36,0.37,0.63,0.64,0.01,0.01,72344.72,1776105349000
1776105350.989,50.989,0.35,0.36,0.64,0.65,0.01,0.01,72344.72,1776105349000
1776105351.449,51.449,0.35,0.36,0.63,0.65,0.01,0.02,72344.72,1776105350000
1776105351.812,51.812,0.36,0.37,0.63,0.64,0.01,0.01,72344.72,1776105350000
1776105352.154,52.154,0.38,0.4,0.6,0.62,0.02,0.02,72344.72,1776105350000
1776105352.589,52.589,0.39,0.4,0.6,0.61,0.01,0.01,72344.72,1776105351000
1776105352.979,52.979,0.39,0.4,0.6,0.61,0.01,0.01,72344.72,1776105351000
1776105353.358,53.358,0.39,0.4,0.6,0.61,0.01,0.01,72344.72,1776105351000
1776105353.733,53.733,0.43,0.44,0.56,0.57,0.01,0.01,72344.72,1776105351000
1776105354.199,54.199,0.44,0.45,0.55,0.56,0.01,0.01,72349.07,1776105352000
1776105354.617,54.617,0.44,0.45,0.54,0.56,0.01,0.02,72349.07,1776105352000
1776105354.952,54.952,0.45,0.46,0.55,0.56,0.01,0.01,72351.3,1776105353000
1776105355.402,55.402,0.45,0.46,0.54,0.55,0.01,0.01,72360.7,1776105354000
1776105355.837,55.837,0.45,0.46,0.54,0.55,0.01,0.01,72360.7,1776105354000
1776105356.356,56.356,0.45,0.46,0.54,0.55,0.01,0.01,72360.7,1776105354000
1776105356.842,56.842,0.45,0.46,0.54,0.55,0.01,0.01,72365.09,1776105355000
1776105357.206,57.206,0.45,0.46,0.54,0.55,0.01,0.01,72365.09,1776105355000
1776105357.6,57.6,0.42,0.43,0.57,0.58,0.01,0.01,72365.15,1776105356000
1776105357.947,57.947,0.41,0.43,0.57,0.58,0.02,0.01,72365.15,1776105357000
1776105358.369,58.369,0.41,0.42,0.58,0.59,0.01,0.01,72365.15,1776105357000
1776105358.802,58.802,0.41,0.42,0.58,0.59,0.01,0.01,72365.15,1776105357000
1776105359.173,59.173,0.42,0.43,0.57,0.58,0.01,0.01,72363.48,1776105358000
1776105359.589,59.589,0.42,0.43,0.57,0.58,0.01,0.01,72363.48,1776105358000
1776105359.991,59.991,0.42,0.43,0.57,0.58,0.01,0.01,72363.48,1776105358000
1776105360.479,60.479,0.41,0.42,0.58,0.59,0.01,0.01,72356.23,1776105359000
1776105360.822,60.822,0.41,0.42,0.58,0.59,0.01,0.01,72356.23,1776105359000
1776105361.245,61.245,0.41,0.42,0.58,0.59,0.01,0.01,72356.23,1776105359000
1776105361.782,61.782,0.41,0.42,0.58,0.59,0.01,0.01,72356.0,1776105360000
1776105362.197,62.197,0.4,0.41,0.59,0.6,0.01,0.01,72356.0,1776105360000
1776105362.87,62.87,0.4,0.41,0.59,0.6,0.01,0.01,72355.38,1776105361000
1776105363.429,63.429,0.4,0.41,0.59,0.6,0.01,0.01,72355.2,1776105362000
1776105364.002,64.002,0.4,0.41,0.59,0.6,0.01,0.01,72353.62,1776105363000
1776105364.606,64.606,0.4,0.41,0.59,0.6,0.01,0.01,72353.62,1776105363000
1776105365.031,65.031,0.4,0.41,0.59,0.6,0.01,0.01,72353.62,1776105363000
1776105365.685,65.685,0.4,0.41,0.59,0.6,0.01,0.01,72353.48,1776105364000
1776105366.148,66.148,0.4,0.41,0.59,0.6,0.01,0.01,72353.48,1776105364000
1776105366.677,66.677,0.4,0.41,0.59,0.6,0.01,0.01,72353.44,1776105365000
1776105367.012,67.012,0.39,0.4,0.6,0.61,0.01,0.01,72353.44,1776105365000
1776105367.346,67.346,0.39,0.4,0.6,0.61,0.01,0.01,72353.44,1776105366000
1776105368.07,68.07,0.39,0.4,0.6,0.61,0.01,0.01,72353.65,1776105367000
1776105368.405,68.405,0.4,0.42,0.58,0.6,0.02,0.02,72353.65,1776105367000
1776105368.748,68.748,0.41,0.42,0.57,0.59,0.01,0.02,72353.65,1776105367000
1776105369.09,69.09,0.43,0.45,0.56,0.57,0.02,0.01,72353.65,1776105367000
1776105369.445,69.445,0.44,0.45,0.55,0.56,0.01,0.01,72353.65,1776105368000
1776105369.842,69.842,0.45,0.46,0.54,0.55,0.01,0.01,72353.65,1776105368000
1776105370.187,70.187,0.43,0.46,0.54,0.57,0.03,0.03,72357.72,1776105369000
1776105370.531,70.531,0.37,0.39,0.61,0.62,0.02,0.01,72357.72,1776105369000
1776105370.903,70.903,0.37,0.38,0.62,0.63,0.01,0.01,72357.72,1776105369000
1776105371.24,71.24,0.35,0.36,0.63,0.64,0.01,0.01,72361.52,1776105370000
1776105371.634,71.634,0.35,0.36,0.64,0.65,0.01,0.01,72361.52,1776105370000
1776105372.07,72.07,0.35,0.36,0.64,0.65,0.01,0.01,72345.58,1776105371000
1776105372.406,72.406,0.35,0.36,0.64,0.65,0.01,0.01,72345.58,1776105371000
1776105372.933,72.933,0.34,0.36,0.64,0.66,0.02,0.02,72336,1776105372000
1776105373.341,73.341,0.33,0.34,0.66,0.67,0.01,0.01,72336,1776105372000
1776105373.756,73.756,0.32,0.33,0.67,0.69,0.01,0.02,72336,1776105372000
1776105374.189,74.189,0.31,0.32,0.68,0.69,0.01,0.01,72336,1776105372000
1776105374.543,74.543,0.31,0.32,0.68,0.69,0.01,0.01,72333.16,1776105373000
1776105374.942,74.942,0.3,0.31,0.69,0.7,0.01,0.01,72333.16,1776105373000
1776105375.28,75.28,0.3,0.31,0.69,0.7,0.01,0.01,72333.16,1776105373000
1776105375.613,75.613,0.29,0.31,0.69,0.7,0.02,0.01,72326.99,1776105374000
1776105375.954,75.954,0.3,0.31,0.69,0.7,0.01,0.01,72326.99,1776105374000
1776105376.29,76.29,0.3,0.31,0.69,0.7,0.01,0.01,72325.95,1776105375000
1776105376.628,76.628,0.3,0.31,0.69,0.7,0.01,0.01,72325.95,1776105375000
1776105377.041,77.041,0.28,0.29,0.69,0.71,0.01,0.02,72325.95,1776105375000
1776105377.386,77.386,0.28,0.29,0.71,0.72,0.01,0.01,72326.33,1776105376000
1776105377.725,77.725,0.28,0.29,0.71,0.72,0.01,0.01,72326.33,1776105376000
1776105378.061,78.061,0.28,0.29,0.71,0.72,0.01,0.01,72326.33,1776105376000
1776105378.4,78.4,0.28,0.29,0.71,0.72,0.01,0.01,72326.33,1776105377000
1776105378.852,78.852,0.27,0.28,0.72,0.73,0.01,0.01,72326.33,1776105377000
1776105379.255,79.255,0.27,0.28,0.72,0.73,0.01,0.01,72326.33,1776105377000
1776105379.6,79.6,0.27,0.28,0.72,0.73,0.01,0.01,72318.81,1776105378000
1776105379.986,79.986,0.26,0.27,0.72,0.74,0.01,0.02,72318.81,1776105378000
1776105380.44,80.44,0.26,0.27,0.73,0.74,0.01,0.01,72320.7,1776105379000
1776105380.778,80.778,0.22,0.24,0.76,0.77,0.02,0.01,72320.7,1776105379000
1776105381.113,81.113,0.21,0.22,0.78,0.79,0.01,0.01,72320.7,1776105379000
1776105381.483,81.483,0.21,0.23,0.76,0.79,0.02,0.03,72319.76,1776105380000
1776105381.895,81.895,0.22,0.23,0.77,0.78,0.01,0.01,72319.76,1776105380000
1776105382.229,82.229,0.22,0.23,0.77,0.78,0.01,0.01,72319.76,1776105380000
1776105382.621,82.621,0.22,0.23,0.77,0.78,0.01,0.01,72309.89,1776105381000
1776105382.96,82.96,0.21,0.23,0.77,0.79,0.02,0.02,72304.66,1776105382000
1776105383.439,83.439,0.21,0.22,0.78,0.79,0.01,0.01,72304.66,1776105382000
1776105383.811,83.811,0.21,0.22,0.78,0.79,0.01,0.01,72304.66,1776105382000
1776105384.197,84.197,0.21,0.22,0.78,0.79,0.01,0.01,72303.83,1776105383000
1776105384.596,84.596,0.2,0.22,0.78,0.8,0.02,0.02,72303.83,1776105383000
1776105385.281,85.281,0.2,0.21,0.79,0.8,0.01,0.01,72303.83,1776105383000
1776105385.672,85.672,0.2,0.21,0.79,0.8,0.01,0.01,72303.98,1776105384000
1776105386.065,86.065,0.2,0.21,0.79,0.8,0.01,0.01,72303.98,1776105384000
1776105386.442,86.442,0.2,0.21,0.79,0.8,0.01,0.01,72302.81,1776105385000
1776105386.995,86.995,0.2,0.21,0.79,0.8,0.01,0.01,72302.81,1776105385000
1776105387.392,87.392,0.2,0.21,0.79,0.8,0.01,0.01,72302.81,1776105385000
1776105387.755,87.755,0.2,0.22,0.79,0.8,0.02,0.01,72302.91,1776105386000
1776105388.091,88.091,0.21,0.22,0.78,0.79,0.01,0.01,72303.88,1776105387000
1776105388.488,88.488,0.21,0.22,0.78,0.79,0.01,0.01,72303.88,1776105387000
1776105388.888,88.888,0.21,0.22,0.78,0.79,0.01,0.01,72303.88,1776105387000
1776105389.236,89.236,0.21,0.22,0.78,0.79,0.01,0.01,72304.04,1776105388000
1776105389.675,89.675,0.21,0.22,0.78,0.79,0.01,0.01,72304.04,1776105388000
1776105390.009,90.009,0.21,0.22,0.78,0.79,0.01,0.01,72304.04,1776105388000
1776105390.405,90.405,0.21,0.22,0.78,0.79,0.01,0.01,72303.86,1776105389000
1776105390.748,90.748,0.21,0.22,0.78,0.79,0.01,0.01,72303.86,1776105389000
1776105391.121,91.121,0.22,0.23,0.77,0.78,0.01,0.01,72303.86,1776105389000
1776105391.471,91.471,0.22,0.23,0.77,0.78,0.01,0.01,72303.88,1776105390000
1776105391.81,91.81,0.22,0.23,0.77,0.79,0.01,0.02,72303.88,1776105390000
1776105392.247,92.247,0.22,0.23,0.77,0.78,0.01,0.01,72303.88,1776105390000
1776105392.722,92.722,0.23,0.24,0.76,0.77,0.01,0.01,72307.27,1776105391000
1776105393.149,93.149,0.24,0.25,0.75,0.76,0.01,0.01,72307.75,1776105392000
1776105393.49,93.49,0.24,0.25,0.75,0.76,0.01,0.01,72307.75,1776105392000
1776105393.942,93.942,0.24,0.25,0.75,0.76,0.01,0.01,72307.75,1776105392000
1776105394.288,94.288,0.24,0.25,0.75,0.76,0.01,0.01,72309.27,1776105393000
1776105394.625,94.625,0.24,0.25,0.75,0.76,0.01,0.01,72309.27,1776105393000
1776105394.964,94.964,0.24,0.25,0.75,0.76,0.01,0.01,72309.27,1776105393000
1776105395.359,95.359,0.24,0.25,0.75,0.76,0.01,0.01,72311.31,1776105394000
1776105395.792,95.792,0.24,0.25,0.75,0.76,0.01,0.01,72311.31,1776105394000
1776105396.165,96.165,0.24,0.25,0.75,0.76,0.01,0.01,72311.31,1776105394000
1776105396.499,96.499,0.25,0.26,0.74,0.75,0.01,0.01,72311.49,1776105395000
1776105396.915,96.915,0.25,0.26,0.74,0.75,0.01,0.01,72310.91,1776105396000
1776105397.597,97.597,0.25,0.26,0.74,0.75,0.01,0.01,72310.91,1776105396000
1776105398.14,98.14,0.26,0.27,0.73,0.74,0.01,0.01,72310.91,1776105396000
1776105398.641,98.641,0.26,0.27,0.73,0.74,0.01,0.01,72310.91,1776105396000
1776105399.115,99.115,0.26,0.27,0.73,0.74,0.01,0.01,72312.15,1776105397000
1776105399.524,99.524,0.26,0.27,0.73,0.74,0.01,0.01,72314.84,1776105398000
1776105400.164,100.164,0.26,0.27,0.73,0.74,0.01,0.01,72314.84,1776105398000
1776105400.66,100.66,0.26,0.27,0.73,0.74,0.01,0.01,72316.07,1776105399000
1776105401.076,101.076,0.26,0.27,0.73,0.74,0.01,0.01,72316.07,1776105399000
1776105401.433,101.433,0.26,0.27,0.73,0.74,0.01,0.01,72316.1,1776105400000
1776105402.142,102.142,0.26,0.27,0.73,0.74,0.01,0.01,72316.1,1776105400000
1776105402.515,102.515,0.26,0.27,0.73,0.74,0.01,0.01,72317.39,1776105401000
1776105402.856,102.856,0.26,0.27,0.73,0.74,0.01,0.01,72317.39,1776105401000
1776105403.202,103.202,0.26,0.27,0.73,0.74,0.01,0.01,72317.29,1776105402000
1776105403.543,103.543,0.26,0.27,0.73,0.74,0.01,0.01,72317.29,1776105402000
1776105404.004,104.004,0.26,0.27,0.73,0.74,0.01,0.01,72317.29,1776105402000
1776105404.605,104.605,0.27,0.28,0.73,0.74,0.01,0.01,72319.7,1776105403000
1776105404.973,104.973,0.27,0.28,0.72,0.73,0.01,0.01,72319.7,1776105403000
1776105405.345,105.345,0.27,0.28,0.72,0.73,0.01,0.01,72319.98,1776105404000
1776105405.919,105.919,0.27,0.28,0.72,0.73,0.01,0.01,72319.98,1776105404000
1776105406.281,106.281,0.27,0.28,0.72,0.73,0.01,0.01,72319.98,1776105404000
1776105406.615,106.615,0.27,0.28,0.72,0.73,0.01,0.01,72319.61,1776105405000
1776105406.961,106.961,0.27,0.28,0.72,0.73,0.01,0.01,72319.62,1776105406000
1776105407.719,107.719,0.27,0.28,0.72,0.73,0.01,0.01,72319.62,1776105406000
1776105408.101,108.101,0.27,0.28,0.72,0.73,0.01,0.01,72319.62,1776105406000
1776105408.753,108.753,0.27,0.28,0.72,0.73,0.01,0.01,72320.25,1776105407000
1776105409.134,109.134,0.27,0.28,0.72,0.73,0.01,0.01,72320.25,1776105407000
1776105409.495,109.495,0.27,0.28,0.72,0.73,0.01,0.01,72320.29,1776105408000
1776105410.111,110.111,0.27,0.28,0.72,0.73,0.01,0.01,72320.29,1776105408000
1776105410.466,110.466,0.27,0.28,0.72,0.73,0.01,0.01,72321.34,1776105409000
1776105410.978,110.978,0.27,0.28,0.72,0.73,0.01,0.01,72321.43,1776105410000
1776105411.332,111.332,0.27,0.28,0.72,0.73,0.01,0.01,72321.43,1776105410000
1776105411.806,111.806,0.27,0.28,0.72,0.73,0.01,0.01,72321.43,1776105410000
1776105412.227,112.227,0.27,0.28,0.72,0.73,0.01,0.01,72321.43,1776105410000
1776105412.564,112.564,0.27,0.28,0.72,0.73,0.01,0.01,72322.57,1776105411000
1776105413.093,113.093,0.27,0.28,0.72,0.73,0.01,0.01,72322.57,1776105411000
1776105413.436,113.436,0.27,0.28,0.72,0.73,0.01,0.01,72322.59,1776105412000
1776105413.789,113.789,0.27,0.28,0.72,0.73,0.01,0.01,72322.59,1776105412000
1776105414.29,114.29,0.27,0.28,0.72,0.73,0.01,0.01,72322.59,1776105412000
1776105414.92,114.92,0.26,0.27,0.73,0.74,0.01,0.01,72322.61,1776105413000
1776105415.274,115.274,0.26,0.27,0.73,0.74,0.01,0.01,72322.61,1776105413000
1776105415.746,115.746,0.26,0.27,0.73,0.74,0.01,0.01,72322.61,1776105414000
1776105416.315,116.315,0.26,0.27,0.73,0.74,0.01,0.01,72322.61,1776105414000
1776105416.84,116.84,0.26,0.27,0.73,0.74,0.01,0.01,72322.79,1776105415000
1776105417.283,117.283,0.26,0.27,0.73,0.74,0.01,0.01,72322.79,1776105415000
1776105417.996,117.996,0.26,0.27,0.73,0.74,0.01,0.01,72322.87,1776105417000
1776105418.435,118.435,0.24,0.26,0.73,0.75,0.02,0.02,72322.87,1776105417000
1776105418.924,118.924,0.24,0.25,0.74,0.76,0.01,0.02,72322.87,1776105417000
1776105419.325,119.325,0.24,0.25,0.75,0.76,0.01,0.01,72322.87,1776105417000
1776105419.711,119.711,0.24,0.25,0.75,0.76,0.01,0.01,72322.83,1776105418000
1776105420.102,120.102,0.24,0.25,0.75,0.76,0.01,0.01,72322.83,1776105418000
1776105420.528,120.528,0.24,0.25,0.75,0.76,0.01,0.01,72321.4,1776105419000
1776105420.906,120.906,0.24,0.25,0.75,0.76,0.01,0.01,72321.4,1776105419000
1776105421.24,121.24,0.24,0.25,0.75,0.76,0.01,0.01,72321.4,1776105419000
1776105421.732,121.732,0.24,0.25,0.75,0.76,0.01,0.01,72321.4,1776105419000
1776105422.202,122.202,0.24,0.25,0.75,0.76,0.01,0.01,72319.77,1776105420000
1776105422.596,122.596,0.24,0.25,0.75,0.76,0.01,0.01,72319.8,1776105421000
1776105423.035,123.035,0.24,0.25,0.75,0.76,0.01,0.01,72319.8,1776105421000
1776105423.628,123.628,0.24,0.25,0.75,0.76,0.01,0.01,72320.33,1776105422000
1776105424.133,124.133,0.24,0.25,0.75,0.76,0.01,0.01,72320.33,1776105422000
1776105424.472,124.472,0.24,0.25,0.75,0.76,0.01,0.01,72321.6,1776105423000
1776105424.872,124.872,0.25,0.26,0.74,0.76,0.01,0.02,72321.6,1776105423000
1776105425.262,125.262,0.25,0.27,0.73,0.75,0.02,0.02,72321.73,1776105424000
1776105426.324,126.324,0.26,0.27,0.73,0.75,0.01,0.02,72321.73,1776105424000
1776105426.68,126.68,0.26,0.27,0.73,0.74,0.01,0.01,72321.83,1776105425000
1776105427.19,127.19,0.26,0.27,0.73,0.74,0.01,0.01,72321.83,1776105425000
1776105427.572,127.572,0.26,0.27,0.73,0.74,0.01,0.01,72322.48,1776105426000
1776105428.009,128.009,0.27,0.28,0.72,0.74,0.01,0.02,72322.48,1776105426000
1776105428.413,128.413,0.27,0.28,0.72,0.73,0.01,0.01,72322.48,1776105426000
1776105428.779,128.779,0.27,0.28,0.72,0.73,0.01,0.01,72323.41,1776105427000
1776105429.123,129.123,0.27,0.28,0.72,0.73,0.01,0.01,72323.41,1776105427000
1776105429.57,129.57,0.27,0.28,0.72,0.73,0.01,0.01,72323.62,1776105428000
1776105430.391,130.391,0.27,0.28,0.72,0.73,0.01,0.01,72323.62,1776105428000
1776105430.729,130.729,0.27,0.28,0.72,0.73,0.01,0.01,72323.93,1776105429000
1776105431.193,131.193,0.27,0.28,0.72,0.73,0.01,0.01,72323.93,1776105429000
1776105431.55,131.55,0.27,0.28,0.72,0.73,0.01,0.01,72324.53,1776105430000
1776105432.14,132.14,0.27,0.28,0.72,0.73,0.01,0.01,72324.53,1776105430000
1776105432.689,132.689,0.27,0.28,0.72,0.73,0.01,0.01,72324.55,1776105431000
1776105433.096,133.096,0.27,0.29,0.71,0.73,0.02,0.02,72324.77,1776105432000
1776105433.801,133.801,0.28,0.29,0.71,0.72,0.01,0.01,72324.77,1776105432000
1776105434.267,134.267,0.28,0.29,0.71,0.72,0.01,0.01,72324.77,1776105432000
1776105434.64,134.64,0.28,0.29,0.71,0.72,0.01,0.01,72324.96,1776105433000
1776105434.997,134.997,0.27,0.29,0.71,0.72,0.02,0.01,72324.96,1776105433000
1776105435.452,135.452,0.27,0.28,0.72,0.73,0.01,0.01,72324.68,1776105434000
1776105436.177,136.177,0.27,0.28,0.72,0.73,0.01,0.01,72324.68,1776105434000
1776105437.133,137.133,0.27,0.28,0.72,0.73,0.01,0.01,72324.69,1776105435000
1776105437.585,137.585,0.27,0.28,0.72,0.73,0.01,0.01,72324.25,1776105436000
1776105437.925,137.925,0.3,0.32,0.69,0.7,0.02,0.01,72324.25,1776105436000
1776105438.262,138.262,0.31,0.34,0.64,0.69,0.03,0.05,72324.31,1776105437000
1776105438.597,138.597,0.34,0.36,0.64,0.66,0.02,0.02,72324.31,1776105437000
1776105438.999,138.999,0.35,0.36,0.64,0.65,0.01,0.01,72324.31,1776105437000
1776105439.353,139.353,0.35,0.36,0.64,0.65,0.01,0.01,72324.31,1776105437000
1776105439.794,139.794,0.35,0.36,0.64,0.65,0.01,0.01,72335.37,1776105438000
1776105440.41,140.41,0.35,0.36,0.64,0.65,0.01,0.01,72335.37,1776105438000
1776105440.832,140.832,0.35,0.36,0.64,0.65,0.01,0.01,72343.85,1776105439000
1776105441.184,141.184,0.35,0.36,0.64,0.65,0.01,0.01,72343.85,1776105439000
1776105441.575,141.575,0.34,0.35,0.64,0.65,0.01,0.01,72343.77,1776105440000
1776105441.944,141.944,0.34,0.35,0.65,0.66,0.01,0.01,72343.77,1776105440000
1776105442.416,142.416,0.34,0.35,0.65,0.66,0.01,0.01,72343.77,1776105440000
1776105442.753,142.753,0.34,0.35,0.65,0.66,0.01,0.01,72343.91,1776105441000
1776105443.384,143.384,0.34,0.35,0.65,0.66,0.01,0.01,72344.02,1776105442000
1776105443.811,143.811,0.34,0.35,0.65,0.66,0.01,0.01,72344.02,1776105442000
1776105444.507,144.507,0.34,0.35,0.65,0.66,0.01,0.01,72344.04,1776105443000
1776105445.18,145.18,0.34,0.35,0.65,0.66,0.01,0.01,72344.04,1776105443000
1776105445.526,145.526,0.34,0.35,0.65,0.66,0.01,0.01,72344.06,1776105444000
1776105445.888,145.888,0.34,0.35,0.65,0.66,0.01,0.01,72344.06,1776105444000
1776105446.232,146.232,0.34,0.35,0.65,0.66,0.01,0.01,72344.06,1776105444000
1776105446.96,146.96,0.34,0.35,0.65,0.66,0.01,0.01,72344.12,1776105445000
1776105447.526,147.526,0.34,0.35,0.65,0.66,0.01,0.01,72344.12,1776105445000
1776105447.881,147.881,0.34,0.35,0.65,0.66,0.01,0.01,72343.97,1776105446000
1776105448.348,148.348,0.33,0.35,0.65,0.66,0.02,0.01,72343.97,1776105446000
1776105448.757,148.757,0.33,0.34,0.66,0.67,0.01,0.01,72344.03,1776105447000
1776105449.166,149.166,0.33,0.34,0.66,0.67,0.01,0.01,72344.04,1776105448000
1776105449.831,149.831,0.33,0.34,0.66,0.67,0.01,0.01,72344.04,1776105448000
1776105450.25,150.25,0.33,0.34,0.66,0.67,0.01,0.01,72343.38,1776105449000
1776105451.009,151.009,0.33,0.34,0.66,0.67,0.01,0.01,72343.38,1776105449000
1776105451.478,151.478,0.33,0.34,0.66,0.67,0.01,0.01,72342.75,1776105450000
1776105451.866,151.866,0.33,0.34,0.66,0.67,0.01,0.01,72342.75,1776105450000
1776105452.201,152.201,0.33,0.34,0.66,0.67,0.01,0.01,72342.81,1776105451000
1776105452.623,152.623,0.33,0.34,0.66,0.67,0.01,0.01,72342.81,1776105451000
1776105453.091,153.091,0.33,0.34,0.66,0.67,0.01,0.01,72342.81,1776105451000
1776105453.479,153.479,0.33,0.34,0.66,0.67,0.01,0.01,72342.81,1776105451000
1776105454.133,154.133,0.33,0.34,0.66,0.67,0.01,0.01,72342.79,1776105453000
1776105454.547,154.547,0.33,0.34,0.66,0.67,0.01,0.01,72342.79,1776105453000
1776105455.338,155.338,0.33,0.34,0.66,0.67,0.01,0.01,72342.91,1776105454000
1776105455.876,155.876,0.34,0.35,0.66,0.67,0.01,0.01,72342.91,1776105454000
1776105456.472,156.472,0.34,0.35,0.65,0.66,0.01,0.01,72343.17,1776105455000
1776105456.866,156.866,0.34,0.35,0.65,0.66,0.01,0.01,72343.17,1776105455000
1776105457.303,157.303,0.33,0.34,0.65,0.66,0.01,0.01,72343.26,1776105456000
1776105457.679,157.679,0.32,0.33,0.66,0.67,0.01,0.01,72343.26,1776105456000
1776105458.176,158.176,0.32,0.33,0.67,0.68,0.01,0.01,72343.26,1776105456000
1776105458.585,158.585,0.33,0.34,0.62,0.67,0.01,0.05,72343.26,1776105457000
1776105458.996,158.996,0.34,0.35,0.65,0.66,0.01,0.01,72343.26,1776105457000
1776105459.777,159.777,0.34,0.35,0.65,0.66,0.01,0.01,72343.2,1776105458000
1776105460.211,160.211,0.34,0.35,0.65,0.66,0.01,0.01,72343.2,1776105458000
1776105461.27,161.27,0.34,0.35,0.65,0.66,0.01,0.01,72342.95,1776105459000
1776105461.702,161.702,0.34,0.35,0.65,0.66,0.01,0.01,72343.11,1776105460000
1776105462.4,162.4,0.34,0.35,0.65,0.66,0.01,0.01,72343.11,1776105460000
1776105462.764,162.764,0.34,0.35,0.65,0.66,0.01,0.01,72342.48,1776105461000
1776105463.291,163.291,0.34,0.35,0.65,0.66,0.01,0.01,72342.48,1776105462000
1776105463.679,163.679,0.34,0.35,0.65,0.66,0.01,0.01,72342.48,1776105462000
1776105464.155,164.155,0.34,0.35,0.65,0.66,0.01,0.01,72342.48,1776105462000
1776105464.841,164.841,0.34,0.35,0.65,0.66,0.01,0.01,72342.97,1776105463000
1776105465.187,165.187,0.33,0.35,0.65,0.66,0.02,0.01,72342.97,1776105463000
1776105465.635,165.635,0.34,0.35,0.65,0.67,0.01,0.02,72343.21,1776105464000
1776105465.972,165.972,0.34,0.35,0.65,0.66,0.01,0.01,72343.21,1776105465000
1776105466.543,166.543,0.33,0.34,0.65,0.66,0.01,0.01,72343.21,1776105465000
1776105466.901,166.901,0.32,0.33,0.67,0.68,0.01,0.01,72343.26,1776105466000
1776105467.265,167.265,0.32,0.33,0.67,0.68,0.01,0.01,72343.26,1776105466000
1776105467.787,167.787,0.32,0.33,0.67,0.68,0.01,0.01,72343.26,1776105466000
1776105468.379,168.379,0.31,0.32,0.67,0.68,0.01,0.01,72342.29,1776105467000
1776105468.908,168.908,0.31,0.33,0.67,0.69,0.02,0.02,72342.23,1776105468000
1776105469.317,169.317,0.31,0.32,0.67,0.69,0.01,0.02,72342.23,1776105468000
1776105469.774,169.774,0.31,0.32,0.68,0.69,0.01,0.01,72342.23,1776105468000
1776105470.156,170.156,0.31,0.32,0.68,0.69,0.01,0.01,72341.31,1776105469000
1776105470.653,170.653,0.31,0.32,0.68,0.69,0.01,0.01,72341.31,1776105469000
1776105471.037,171.037,0.35,0.37,0.63,0.65,0.02,0.02,72341.33,1776105470000
1776105471.386,171.386,0.37,0.39,0.63,0.64,0.02,0.01,72341.33,1776105470000
1776105471.731,171.731,0.38,0.39,0.59,0.62,0.01,0.03,72341.33,1776105470000
1776105472.609,172.609,0.41,0.43,0.58,0.6,0.02,0.02,72341.87,1776105471000
1776105472.971,172.971,0.41,0.43,0.57,0.59,0.02,0.02,72352.4,1776105472000
1776105473.405,173.405,0.41,0.42,0.57,0.59,0.01,0.02,72352.4,1776105472000
1776105473.762,173.762,0.41,0.42,0.57,0.59,0.01,0.02,72352.4,1776105472000
1776105474.137,174.137,0.42,0.43,0.57,0.59,0.01,0.02,72356.21,1776105473000
1776105474.774,174.774,0.42,0.43,0.57,0.58,0.01,0.01,72356.21,1776105473000
1776105475.122,175.122,0.42,0.43,0.57,0.58,0.01,0.01,72357.03,1776105474000
1776105475.682,175.682,0.43,0.44,0.56,0.58,0.01,0.02,72357.03,1776105474000
1776105476.025,176.025,0.43,0.44,0.56,0.57,0.01,0.01,72356.85,1776105475000
1776105476.399,176.399,0.43,0.44,0.56,0.57,0.01,0.01,72356.85,1776105475000
1776105477.116,177.116,0.43,0.45,0.55,0.57,0.02,0.02,72357.18,1776105476000
1776105477.602,177.602,0.44,0.45,0.55,0.56,0.01,0.01,72357.18,1776105476000
1776105477.939,177.939,0.44,0.45,0.55,0.56,0.01,0.01,72357.18,1776105476000
1776105478.283,178.283,0.44,0.45,0.55,0.56,0.01,0.01,72357.21,1776105477000
1776105478.624,178.624,0.44,0.45,0.55,0.56,0.01,0.01,72357.21,1776105477000
1776105479.024,179.024,0.43,0.44,0.55,0.57,0.01,0.02,72357.69,1776105478000
1776105479.499,179.499,0.43,0.44,0.56,0.57,0.01,0.01,72357.69,1776105478000
1776105479.922,179.922,0.43,0.45,0.55,0.57,0.02,0.02,72357.53,1776105479000
1776105480.853,180.853,0.43,0.44,0.56,0.57,0.01,0.01,72356.79,1776105480000
1776105481.271,181.271,0.43,0.44,0.56,0.57,0.01,0.01,72356.79,1776105480000
1776105481.902,181.902,0.43,0.44,0.56,0.57,0.01,0.01,72356.79,1776105480000
1776105482.478,182.478,0.43,0.44,0.56,0.57,0.01,0.01,72356.79,1776105481000
1776105482.831,182.831,0.45,0.46,0.54,0.55,0.01,0.01,72356.79,1776105481000
1776105483.217,183.217,0.45,0.46,0.54,0.55,0.01,0.01,72356.82,1776105482000
1776105483.61,183.61,0.45,0.46,0.54,0.55,0.01,0.01,72356.82,1776105482000
1776105483.945,183.945,0.44,0.46,0.54,0.55,0.02,0.01,72356.89,1776105483000
1776105484.425,184.425,0.45,0.46,0.54,0.55,0.01,0.01,72356.89,1776105483000
1776105484.777,184.777,0.44,0.46,0.54,0.55,0.02,0.01,72356.89,1776105483000
1776105485.35,185.35,0.44,0.45,0.55,0.56,0.01,0.01,72357.52,1776105484000
1776105485.729,185.729,0.44,0.45,0.55,0.56,0.01,0.01,72357.52,1776105484000
1776105486.487,186.487,0.44,0.45,0.55,0.56,0.01,0.01,72358.13,1776105485000
1776105487.326,187.326,0.44,0.45,0.55,0.56,0.01,0.01,72358.33,1776105486000
1776105488.974,188.974,0.44,0.45,0.55,0.56,0.01,0.01,72356.47,1776105487000
1776105489.546,189.546,0.44,0.45,0.55,0.56,0.01,0.01,72348.81,1776105488000
1776105490.035,190.035,0.42,0.45,0.55,0.58,0.03,0.03,72342.61,1776105489000
1776105490.487,190.487,0.39,0.4,0.58,0.59,0.01,0.01,72342.61,1776105489000
1776105490.898,190.898,0.39,0.4,0.6,0.61,0.01,0.01,72342.61,1776105489000
1776105491.239,191.239,0.36,0.41,0.58,0.64,0.05,0.06,72340.64,1776105490000
1776105491.597,191.597,0.36,0.39,0.61,0.65,0.03,0.04,72340.64,1776105490000
1776105491.972,191.972,0.33,0.34,0.66,0.67,0.01,0.01,72340.64,1776105490000
1776105492.471,192.471,0.33,0.34,0.66,0.67,0.01,0.01,72341.48,1776105491000
1776105492.818,192.818,0.33,0.34,0.66,0.67,0.01,0.01,72341.48,1776105491000
1776105493.159,193.159,0.32,0.34,0.66,0.67,0.02,0.01,72341.48,1776105491000
1776105493.503,193.503,0.33,0.34,0.66,0.67,0.01,0.01,72340.7,1776105492000
1776105493.853,193.853,0.33,0.34,0.66,0.67,0.01,0.01,72340.7,1776105492000
1776105494.216,194.216,0.32,0.33,0.66,0.67,0.01,0.01,72340.7,1776105492000
1776105494.635,194.635,0.32,0.33,0.67,0.68,0.01,0.01,72340.75,1776105493000
1776105494.997,194.997,0.31,0.33,0.67,0.69,0.02,0.02,72340.75,1776105493000
1776105495.412,195.412,0.3,0.31,0.69,0.7,0.01,0.01,72341.16,1776105494000
1776105495.803,195.803,0.28,0.3,0.69,0.71,0.02,0.02,72341.16,1776105494000
1776105496.29,196.29,0.28,0.29,0.7,0.71,0.01,0.01,72341.22,1776105495000
1776105496.63,196.63,0.28,0.29,0.71,0.72,0.01,0.01,72341.22,1776105495000
1776105496.985,196.985,0.27,0.28,0.72,0.73,0.01,0.01,72338.58,1776105496000
1776105497.32,197.32,0.27,0.28,0.72,0.73,0.01,0.01,72338.58,1776105496000
1776105497.795,197.795,0.27,0.28,0.72,0.73,0.01,0.01,72338.58,1776105496000
1776105498.135,198.135,0.27,0.28,0.72,0.73,0.01,0.01,72337.4,1776105497000
1776105498.823,198.823,0.26,0.29,0.72,0.74,0.03,0.02,72337.4,1776105497000
1776105499.177,199.177,0.27,0.28,0.72,0.73,0.01,0.01,72337.81,1776105498000
1776105499.634,199.634,0.27,0.28,0.72,0.73,0.01,0.01,72337.81,1776105498000
1776105500.079,200.079,0.27,0.28,0.72,0.73,0.01,0.01,72337.26,1776105499000
1776105500.574,200.574,0.27,0.28,0.72,0.73,0.01,0.01,72337.26,1776105499000
1776105501.126,201.126,0.27,0.28,0.72,0.73,0.01,0.01,72337.23,1776105500000
1776105501.475,201.475,0.27,0.28,0.72,0.73,0.01,0.01,72337.23,1776105500000
1776105502.049,202.049,0.26,0.27,0.73,0.74,0.01,0.01,72337.23,1776105500000
1776105502.672,202.672,0.26,0.27,0.73,0.74,0.01,0.01,72337.23,1776105501000
1776105503.278,203.278,0.26,0.27,0.73,0.74,0.01,0.01,72337.17,1776105502000
1776105503.695,203.695,0.26,0.27,0.73,0.74,0.01,0.01,72337.17,1776105502000
1776105504.343,204.343,0.26,0.27,0.73,0.74,0.01,0.01,72337.17,1776105502000
1776105504.709,204.709,0.26,0.27,0.73,0.74,0.01,0.01,72337.17,1776105502000
1776105505.085,205.085,0.26,0.27,0.73,0.74,0.01,0.01,72336.84,1776105503000
1776105505.504,205.504,0.26,0.27,0.73,0.74,0.01,0.01,72336.47,1776105504000
1776105505.871,205.871,0.26,0.27,0.73,0.74,0.01,0.01,72336.47,1776105504000
1776105506.319,206.319,0.26,0.27,0.73,0.74,0.01,0.01,72336.41,1776105505000
1776105506.751,206.751,0.25,0.26,0.73,0.74,0.01,0.01,72336.41,1776105505000
1776105507.327,207.327,0.25,0.26,0.74,0.75,0.01,0.01,72336.41,1776105505000
1776105507.863,207.863,0.23,0.24,0.75,0.76,0.01,0.01,72336.26,1776105506000
1776105508.606,208.606,0.23,0.24,0.76,0.77,0.01,0.01,72336.18,1776105507000
1776105509.153,209.153,0.22,0.23,0.76,0.77,0.01,0.01,72336.18,1776105507000
1776105509.601,209.601,0.22,0.23,0.77,0.78,0.01,0.01,72335.9,1776105508000
1776105509.973,209.973,0.22,0.23,0.77,0.78,0.01,0.01,72335.9,1776105508000
1776105510.315,210.315,0.21,0.22,0.77,0.79,0.01,0.02,72335.9,1776105508000
1776105510.653,210.653,0.21,0.22,0.78,0.79,0.01,0.01,72330.17,1776105509000
1776105511.185,211.185,0.2,0.22,0.78,0.79,0.02,0.01,72330.17,1776105509000
1776105511.838,211.838,0.2,0.21,0.79,0.8,0.01,0.01,72329.23,1776105510000
1776105512.244,212.244,0.19,0.2,0.79,0.81,0.01,0.02,72329.23,1776105510000
1776105512.619,212.619,0.19,0.2,0.8,0.81,0.01,0.01,72329.21,1776105511000
1776105513.17,213.17,0.19,0.2,0.8,0.81,0.01,0.01,72329.21,1776105511000
1776105513.694,213.694,0.18,0.19,0.8,0.81,0.01,0.01,72328.48,1776105512000
1776105514.14,214.14,0.18,0.19,0.81,0.82,0.01,0.01,72328.48,1776105512000
1776105514.504,214.504,0.18,0.19,0.81,0.82,0.01,0.01,72328.6,1776105513000
1776105514.865,214.865,0.18,0.19,0.81,0.82,0.01,0.01,72328.6,1776105513000
1776105515.229,215.229,0.18,0.19,0.81,0.82,0.01,0.01,72329.14,1776105514000
1776105515.611,215.611,0.18,0.19,0.81,0.82,0.01,0.01,72329.14,1776105514000
1776105515.956,215.956,0.19,0.2,0.8,0.81,0.01,0.01,72329.14,1776105514000
1776105516.3,216.3,0.23,0.24,0.76,0.77,0.01,0.01,72329.14,1776105514000
1776105516.681,216.681,0.24,0.25,0.75,0.76,0.01,0.01,72329.14,1776105515000
1776105517.065,217.065,0.24,0.25,0.75,0.76,0.01,0.01,72329.59,1776105516000
1776105517.759,217.759,0.24,0.25,0.75,0.76,0.01,0.01,72329.59,1776105516000
1776105518.097,218.097,0.24,0.25,0.75,0.76,0.01,0.01,72329.59,1776105516000
1776105518.686,218.686,0.24,0.25,0.75,0.76,0.01,0.01,72336.56,1776105517000
1776105519.118,219.118,0.24,0.25,0.75,0.76,0.01,0.01,72336.56,1776105517000
1776105519.497,219.497,0.26,0.27,0.73,0.74,0.01,0.01,72337.56,1776105518000
1776105519.905,219.905,0.27,0.28,0.72,0.74,0.01,0.02,72337.56,1776105518000
1776105520.323,220.323,0.27,0.28,0.72,0.73,0.01,0.01,72337.66,1776105519000
1776105520.667,220.667,0.27,0.28,0.72,0.73,0.01,0.01,72337.66,1776105519000
1776105521.011,221.011,0.28,0.29,0.71,0.72,0.01,0.01,72337.66,1776105519000
1776105521.354,221.354,0.28,0.29,0.71,0.72,0.01,0.01,72337.77,1776105520000
1776105521.917,221.917,0.27,0.28,0.72,0.73,0.01,0.01,72337.77,1776105520000
1776105522.253,222.253,0.27,0.28,0.72,0.73,0.01,0.01,72338.52,1776105521000
1776105522.908,222.908,0.25,0.26,0.74,0.75,0.01,0.01,72338.52,1776105521000
1776105523.325,223.325,0.24,0.25,0.75,0.76,0.01,0.01,72338.52,1776105521000
1776105523.684,223.684,0.24,0.25,0.75,0.76,0.01,0.01,72340.8,1776105522000
1776105524.089,224.089,0.24,0.25,0.75,0.76,0.01,0.01,72340.8,1776105522000
1776105524.656,224.656,0.23,0.24,0.76,0.77,0.01,0.01,72340.8,1776105523000
1776105525.162,225.162,0.23,0.24,0.76,0.77,0.01,0.01,72340.8,1776105523000
1776105525.617,225.617,0.23,0.24,0.76,0.77,0.01,0.01,72340.8,1776105523000
1776105526.024,226.024,0.23,0.24,0.76,0.77,0.01,0.01,72339.65,1776105524000
1776105526.36,226.36,0.23,0.24,0.76,0.77,0.01,0.01,72339.9,1776105525000
1776105526.745,226.745,0.22,0.23,0.77,0.78,0.01,0.01,72339.9,1776105525000
1776105527.801,227.801,0.22,0.23,0.77,0.78,0.01,0.01,72339.9,1776105526000
1776105528.245,228.245,0.22,0.23,0.77,0.78,0.01,0.01,72340.07,1776105527000
1776105528.613,228.613,0.22,0.23,0.77,0.78,0.01,0.01,72340.07,1776105527000
1776105528.987,228.987,0.22,0.23,0.77,0.78,0.01,0.01,72340.07,1776105527000
1776105529.608,229.608,0.22,0.23,0.77,0.78,0.01,0.01,72340.23,1776105528000
1776105529.996,229.996,0.22,0.23,0.77,0.78,0.01,0.01,72340.23,1776105528000
1776105530.46,230.46,0.22,0.23,0.77,0.78,0.01,0.01,72340.24,1776105529000
1776105530.81,230.81,0.22,0.23,0.77,0.78,0.01,0.01,72340.24,1776105529000
1776105531.561,231.561,0.22,0.23,0.77,0.78,0.01,0.01,72339.74,1776105530000
1776105531.97,231.97,0.21,0.23,0.77,0.78,0.02,0.01,72339.74,1776105530000
1776105532.447,232.447,0.21,0.22,0.78,0.79,0.01,0.01,72340.1,1776105531000
1776105533.235,233.235,0.21,0.22,0.78,0.79,0.01,0.01,72340.1,1776105531000
1776105533.664,233.664,0.21,0.22,0.78,0.79,0.01,0.01,72340.13,1776105532000
1776105534.062,234.062,0.22,0.23,0.77,0.79,0.01,0.02,72340.13,1776105532000
1776105534.41,234.41,0.21,0.22,0.78,0.79,0.01,0.01,72340.16,1776105533000
1776105534.863,234.863,0.21,0.22,0.78,0.79,0.01,0.01,72340.16,1776105533000
1776105535.377,235.377,0.21,0.22,0.78,0.79,0.01,0.01,72340.16,1776105533000
1776105535.881,235.881,0.21,0.22,0.78,0.79,0.01,0.01,72340.16,1776105533000
1776105536.284,236.284,0.21,0.22,0.78,0.79,0.01,0.01,72340.16,1776105533000
1776105536.659,236.659,0.2,0.22,0.78,0.79,0.02,0.01,72340.84,1776105535000
1776105537.165,237.165,0.2,0.21,0.79,0.8,0.01,0.01,72341.05,1776105536000
1776105537.583,237.583,0.19,0.2,0.8,0.81,0.01,0.01,72341.05,1776105536000
1776105538.38,238.38,0.17,0.18,0.81,0.83,0.01,0.02,72341.05,1776105536000
1776105538.868,238.868,0.17,0.18,0.82,0.83,0.01,0.01,72340.96,1776105537000
1776105539.282,239.282,0.18,0.2,0.81,0.83,0.02,0.02,72340.81,1776105538000
1776105539.649,239.649,0.22,0.23,0.77,0.78,0.01,0.01,72340.81,1776105538000
1776105540.017,240.017,0.26,0.3,0.7,0.71,0.04,0.01,72340.81,1776105538000
1776105540.417,240.417,0.29,0.3,0.7,0.71,0.01,0.01,72339.47,1776105539000
1776105540.752,240.752,0.29,0.3,0.7,0.71,0.01,0.01,72339.47,1776105539000
1776105541.129,241.129,0.27,0.28,0.72,0.73,0.01,0.01,72339.47,1776105539000
1776105541.475,241.475,0.27,0.28,0.72,0.73,0.01,0.01,72339.47,1776105539000
1776105541.939,241.939,0.27,0.28,0.72,0.73,0.01,0.01,72343.9,1776105540000
1776105542.31,242.31,0.27,0.28,0.72,0.73,0.01,0.01,72348.56,1776105541000
1776105542.655,242.655,0.28,0.29,0.71,0.73,0.01,0.02,72348.56,1776105541000
1776105543.138,243.138,0.3,0.31,0.7,0.71,0.01,0.01,72348.56,1776105541000
1776105543.502,243.502,0.31,0.34,0.66,0.69,0.03,0.03,72349.3,1776105542000
1776105543.857,243.857,0.32,0.33,0.65,0.68,0.01,0.03,72349.3,1776105542000
1776105544.215,244.215,0.34,0.36,0.64,0.68,0.02,0.04,72350.42,1776105543000
1776105544.556,244.556,0.35,0.36,0.64,0.65,0.01,0.01,72350.42,1776105543000
1776105544.956,244.956,0.35,0.36,0.64,0.65,0.01,0.01,72350.42,1776105543000
1776105545.374,245.374,0.35,0.36,0.64,0.65,0.01,0.01,72357.67,1776105544000
1776105545.707,245.707,0.34,0.35,0.65,0.66,0.01,0.01,72357.67,1776105544000
1776105546.053,246.053,0.32,0.34,0.66,0.67,0.02,0.01,72357.67,1776105544000
1776105546.424,246.424,0.32,0.33,0.67,0.68,0.01,0.01,72357.67,1776105544000
1776105546.969,246.969,0.32,0.33,0.67,0.68,0.01,0.01,72358.93,1776105545000
1776105547.351,247.351,0.31,0.33,0.68,0.69,0.02,0.01,72358.7,1776105546000
1776105547.733,247.733,0.31,0.32,0.68,0.69,0.01,0.01,72358.7,1776105546000
1776105548.119,248.119,0.31,0.32,0.68,0.69,0.01,0.01,72358.7,1776105546000
1776105548.645,248.645,0.31,0.32,0.68,0.69,0.01,0.01,72356.51,1776105547000
1776105548.994,248.994,0.32,0.33,0.67,0.68,0.01,0.01,72356.51,1776105547000
1776105549.377,249.377,0.32,0.33,0.67,0.68,0.01,0.01,72355.97,1776105548000
1776105549.765,249.765,0.32,0.34,0.67,0.68,0.02,0.01,72355.97,1776105548000
1776105550.098,250.098,0.33,0.34,0.66,0.67,0.01,0.01,72356.16,1776105549000
1776105550.916,250.916,0.32,0.33,0.66,0.67,0.01,0.01,72356.16,1776105549000
1776105551.283,251.283,0.31,0.32,0.67,0.68,0.01,0.01,72356.32,1776105550000
1776105551.668,251.668,0.32,0.33,0.67,0.68,0.01,0.01,72356.32,1776105550000
1776105552.072,252.072,0.31,0.32,0.67,0.68,0.01,0.01,72356.32,1776105550000
1776105552.596,252.596,0.3,0.31,0.68,0.7,0.01,0.02,72356.49,1776105551000
1776105552.943,252.943,0.3,0.31,0.69,0.7,0.01,0.01,72356.49,1776105551000
1776105553.441,253.441,0.31,0.32,0.68,0.69,0.01,0.01,72356.49,1776105551000
1776105553.795,253.795,0.31,0.32,0.68,0.69,0.01,0.01,72356.75,1776105552000
1776105554.161,254.161,0.31,0.32,0.68,0.69,0.01,0.01,72356.75,1776105552000
1776105554.563,254.563,0.31,0.32,0.68,0.69,0.01,0.01,72356.75,1776105553000
1776105555.032,255.032,0.31,0.32,0.68,0.69,0.01,0.01,72356.75,1776105553000
1776105555.374,255.374,0.3,0.32,0.68,0.69,0.02,0.01,72356.75,1776105553000
1776105556.091,256.091,0.3,0.31,0.69,0.7,0.01,0.01,72356.82,1776105555000
1776105556.578,256.578,0.3,0.32,0.69,0.7,0.02,0.01,72356.82,1776105555000
1776105556.934,256.934,0.3,0.31,0.69,0.7,0.01,0.01,72356.82,1776105555000
1776105557.277,257.277,0.32,0.33,0.69,0.7,0.01,0.01,72356.82,1776105555000
1776105557.665,257.665,0.31,0.32,0.68,0.69,0.01,0.01,72356.96,1776105556000
1776105558.099,258.099,0.32,0.33,0.67,0.68,0.01,0.01,72356.96,1776105556000
1776105558.515,258.515,0.32,0.36,0.67,0.68,0.04,0.01,72357.02,1776105557000
1776105558.869,258.869,0.32,0.33,0.67,0.68,0.01,0.01,72357.02,1776105557000
1776105559.352,259.352,0.33,0.34,0.66,0.67,0.01,0.01,72357.02,1776105557000
1776105559.697,259.697,0.33,0.34,0.65,0.67,0.01,0.02,72357.08,1776105558000
1776105560.139,260.139,0.32,0.33,0.67,0.68,0.01,0.01,72357.08,1776105558000
1776105560.491,260.491,0.3,0.31,0.68,0.7,0.01,0.02,72357.07,1776105559000
1776105560.834,260.834,0.29,0.3,0.69,0.7,0.01,0.01,72357.07,1776105559000
1776105561.289,261.289,0.29,0.34,0.66,0.71,0.05,0.05,72357.16,1776105560000
1776105561.654,261.654,0.33,0.34,0.66,0.67,0.01,0.01,72357.16,1776105560000
1776105561.987,261.987,0.3,0.31,0.66,0.67,0.01,0.01,72357.16,1776105560000
1776105562.322,262.322,0.26,0.3,0.7,0.73,0.04,0.03,72357.16,1776105560000
1776105562.658,262.658,0.18,0.21,0.79,0.8,0.03,0.01,72357.16,1776105560000
1776105563.006,263.006,0.19,0.2,0.8,0.81,0.01,0.01,72357.21,1776105561000
1776105563.373,263.373,0.17,0.18,0.81,0.83,0.01,0.02,72357.1,1776105562000
1776105563.767,263.767,0.17,0.18,0.82,0.83,0.01,0.01,72357.1,1776105562000
1776105564.172,264.172,0.16,0.17,0.83,0.84,0.01,0.01,72357.1,1776105562000
1776105564.683,264.683,0.16,0.17,0.83,0.84,0.01,0.01,72345.1,1776105563000
1776105565.092,265.092,0.15,0.16,0.84,0.85,0.01,0.01,72341.03,1776105564000
1776105565.613,265.613,0.15,0.16,0.84,0.85,0.01,0.01,72341.03,1776105564000
1776105565.973,265.973,0.15,0.19,0.84,0.85,0.04,0.01,72341.03,1776105564000
1776105566.306,266.306,0.16,0.17,0.83,0.84,0.01,0.01,72341.03,1776105564000
1776105566.722,266.722,0.16,0.17,0.83,0.84,0.01,0.01,72341.03,1776105564000
1776105567.11,267.11,0.16,0.17,0.83,0.84,0.01,0.01,72341.03,1776105564000
1776105567.49,267.49,0.16,0.17,0.83,0.84,0.01,0.01,72336.9,1776105565000
1776105567.856,267.856,0.15,0.16,0.83,0.85,0.01,0.02,72336.96,1776105566000
1776105568.255,268.255,0.15,0.16,0.84,0.85,0.01,0.01,72336.96,1776105566000
1776105568.59,268.59,0.15,0.16,0.84,0.85,0.01,0.01,72338.02,1776105567000
1776105569.04,269.04,0.14,0.16,0.84,0.85,0.02,0.01,72338.02,1776105567000
1776105569.392,269.392,0.14,0.21,0.85,0.86,0.07,0.01,72338.02,1776105567000
1776105569.79,269.79,0.13,0.14,0.86,0.87,0.01,0.01,72338.02,1776105568000
1776105570.213,270.213,0.13,0.14,0.86,0.87,0.01,0.01,72338.02,1776105568000
1776105570.552,270.552,0.12,0.13,0.87,0.88,0.01,0.01,72338.1,1776105569000
1776105570.905,270.905,0.13,0.14,0.86,0.87,0.01,0.01,72338.1,1776105569000
1776105571.238,271.238,0.13,0.14,0.86,0.87,0.01,0.01,72338.1,1776105570000
1776105571.841,271.841,0.13,0.14,0.86,0.87,0.01,0.01,72338.1,1776105570000
1776105572.214,272.214,0.13,0.14,0.86,0.87,0.01,0.01,72338.14,1776105571000
1776105572.598,272.598,0.13,0.14,0.86,0.87,0.01,0.01,72338.14,1776105571000
1776105572.973,272.973,0.12,0.13,0.87,0.88,0.01,0.01,72338.14,1776105571000
1776105573.471,273.471,0.12,0.13,0.87,0.88,0.01,0.01,72337.84,1776105572000
1776105573.814,273.814,0.12,0.13,0.87,0.88,0.01,0.01,72337.84,1776105572000
1776105574.186,274.186,0.11,0.12,0.87,0.89,0.01,0.02,72339.38,1776105573000
1776105574.668,274.668,0.1,0.11,0.89,0.9,0.01,0.01,72339.38,1776105573000
1776105575.007,275.007,0.09,0.1,0.9,0.91,0.01,0.01,72339.38,1776105573000
1776105575.427,275.427,0.09,0.1,0.9,0.91,0.01,0.01,72339.34,1776105574000
1776105575.806,275.806,0.09,0.1,0.9,0.91,0.01,0.01,72339.34,1776105574000
1776105576.149,276.149,0.09,0.1,0.9,0.91,0.01,0.01,72338.86,1776105575000
1776105576.562,276.562,0.08,0.11,0.89,0.9,0.03,0.01,72338.86,1776105575000
1776105576.997,276.997,0.08,0.1,0.9,0.91,0.02,0.01,72338.86,1776105575000
1776105577.332,277.332,0.08,0.09,0.91,0.92,0.01,0.01,72339.68,1776105576000
1776105577.792,277.792,0.08,0.09,0.91,0.92,0.01,0.01,72339.68,1776105576000
1776105578.152,278.152,0.08,0.09,0.91,0.92,0.01,0.01,72339.34,1776105577000
1776105578.573,278.573,0.08,0.09,0.91,0.92,0.01,0.01,72339.34,1776105577000
1776105578.958,278.958,0.08,0.09,0.91,0.92,0.01,0.01,72339.34,1776105577000
1776105579.292,279.292,0.07,0.08,0.92,0.93,0.01,0.01,72338.53,1776105578000
1776105579.648,279.648,0.07,0.08,0.92,0.93,0.01,0.01,72338.53,1776105578000
1776105579.982,279.982,0.07,0.08,0.92,0.93,0.01,0.01,72338.34,1776105579000
1776105580.392,280.392,0.06,0.07,0.93,0.95,0.01,0.02,72338.34,1776105579000
1776105580.752,280.752,0.06,0.07,0.93,0.94,0.01,0.01,72338.34,1776105579000
1776105581.092,281.092,0.05,0.07,0.93,0.95,0.02,0.02,72338.31,1776105580000
1776105581.483,281.483,0.05,0.06,0.93,0.95,0.01,0.02,72338.31,1776105580000
1776105581.974,281.974,0.04,0.05,0.94,0.96,0.01,0.02,72338.31,1776105580000
1776105582.324,282.324,0.05,0.06,0.95,0.96,0.01,0.01,72338.33,1776105581000
1776105582.725,282.725,0.04,0.05,0.95,0.96,0.01,0.01,72338.33,1776105581000
1776105583.134,283.134,0.04,0.05,0.95,0.96,0.01,0.01,72338.33,1776105581000
1776105583.57,283.57,0.03,0.04,0.96,0.97,0.01,0.01,72338.33,1776105581000
1776105583.99,283.99,0.02,0.03,0.97,0.98,0.01,0.01,72338.59,1776105582000
1776105584.331,284.331,0.02,0.03,0.97,0.98,0.01,0.01,72338.59,1776105583000
1776105584.695,284.695,0.02,0.03,0.97,0.98,0.01,0.01,72338.59,1776105583000
1776105585.059,285.059,0.02,0.04,0.96,0.98,0.02,0.02,72338.59,1776105583000
1776105585.403,285.403,0.03,0.04,0.96,0.97,0.01,0.01,72338.59,1776105583000
1776105585.88,285.88,0.02,0.03,0.97,0.98,0.01,0.01,72338.59,1776105583000
1776105586.228,286.228,0.02,0.03,0.97,0.98,0.01,0.01,72338.58,1776105584000
1776105586.62,286.62,0.02,0.03,0.97,0.98,0.01,0.01,72338.58,1776105584000
1776105586.968,286.968,0.02,0.03,0.97,0.98,0.01,0.01,72338.58,1776105585000
1776105587.355,287.355,0.01,0.02,0.97,0.99,0.01,0.02,72338.58,1776105585000
1776105587.819,287.819,0.01,0.02,0.98,0.99,0.01,0.01,72338.58,1776105586000
1776105588.241,288.241,0.01,0.02,0.98,0.99,0.01,0.01,72336.59,1776105587000
1776105588.625,288.625,0.01,0.02,0.98,0.99,0.01,0.01,72336.59,1776105587000
1776105588.963,288.963,0.01,0.02,0.98,0.99,0.01,0.01,72336.59,1776105587000
1776105589.322,289.322,0.01,0.02,0.98,0.99,0.01,0.01,72336.59,1776105587000
1776105589.672,289.672,0.01,0.02,0.98,0.99,0.01,0.01,72321.71,1776105588000
1776105590.821,290.821,0.01,0.01,0.99,0.99,0.0,0.0,72321.4,1776105589000
1776105591.258,291.258,0.01,0.01,0.99,0.99,0.0,0.0,72321.4,1776105589000
1776105591.65,291.65,0.01,0.01,0.99,0.99,0.0,0.0,72318.94,1776105590000
1776105592.021,292.021,0.01,0.01,0.99,0.99,0.0,0.0,72317.22,1776105591000
1776105592.618,292.618,0.01,0.01,0.99,0.99,0.0,0.0,72317.22,1776105591000
1776105593.015,293.015,0.01,0.01,0.99,0.99,0.0,0.0,72317.22,1776105591000
1776105593.416,293.416,0.01,0.01,0.99,0.99,0.0,0.0,72317.22,1776105591000
1776105594.707,294.707,0.01,0.01,0.99,0.99,0.0,0.0,72319.19,1776105592000
1776105595.229,295.229,0.01,0.01,0.99,0.99,0.0,0.0,72319.78,1776105593000
1776105595.607,295.607,0.01,0.01,0.99,0.99,0.0,0.0,72319.93,1776105594000
1776105596.462,296.462,0.01,0.01,0.99,0.99,0.0,0.0,72319.93,1776105594000
1776105597.132,297.132,0.01,0.01,0.99,0.99,0.0,0.0,72321.17,1776105596000
1776105597.63,297.63,0.01,0.01,0.99,0.99,0.0,0.0,72321.17,1776105596000
1776105598.075,298.075,0.01,0.01,0.99,0.99,0.0,0.0,72321.17,1776105596000
1776105598.443,298.443,0.01,0.01,0.99,0.99,0.0,0.0,72324.26,1776105597000
1776105599.117,299.117,0.01,0.01,0.99,0.99,0.0,0.0,72326.72,1776105598000
1776105599.895,299.895,0.01,0.01,0.99,0.99,0.0,0.0,72326.72,1776105598000
1776105600.338,300.338,0.01,0.01,0.99,0.99,0.0,0.0,72326.72,1776105598000
1776105600.754,300.754,0.01,0.01,0.99,0.99,0.0,0.0,72326.72,1776105598000
1776105601.106,301.106,0.01,0.01,0.99,0.99,0.0,0.0,72331.05,1776105599000

# RESULT,winner=Down,slug=btc-updown-5m-1776105300,ticks=685
