timestamp,elapsed_sec,up_bid,up_ask,down_bid,down_ask,up_spread,down_spread,btc_price,btc_oracle_ts
1776350100.832,0.832,0.51,0.52,0.48,0.49,0.01,0.01,73916.68,1776350099000
1776350101.173,1.173,0.5,0.51,0.49,0.5,0.01,0.01,73916.68,1776350099000
1776350101.515,1.515,0.48,0.51,0.49,0.5,0.03,0.01,73916.68,1776350099000
1776350101.862,1.862,0.49,0.5,0.5,0.51,0.01,0.01,73917.08,1776350100000
1776350102.219,2.219,0.48,0.5,0.5,0.51,0.02,0.01,73916.71,1776350101000
1776350102.657,2.657,0.48,0.49,0.51,0.52,0.01,0.01,73916.71,1776350101000
1776350102.998,2.998,0.48,0.49,0.51,0.52,0.01,0.01,73916.71,1776350101000
1776350103.374,3.374,0.49,0.5,0.51,0.52,0.01,0.01,73912.05,1776350102000
1776350103.736,3.736,0.52,0.53,0.47,0.49,0.01,0.02,73912.05,1776350102000
1776350104.238,4.238,0.52,0.53,0.47,0.48,0.01,0.01,73909.69,1776350103000
1776350104.588,4.588,0.54,0.56,0.44,0.47,0.02,0.03,73909.69,1776350103000
1776350104.948,4.948,0.51,0.55,0.45,0.46,0.04,0.01,73909.69,1776350103000
1776350105.307,5.307,0.53,0.54,0.46,0.47,0.01,0.01,73909.69,1776350103000
1776350105.661,5.661,0.52,0.53,0.47,0.48,0.01,0.01,73918.72,1776350104000
1776350106.501,6.501,0.49,0.53,0.47,0.51,0.04,0.04,73923.65,1776350105000
1776350106.97,6.97,0.51,0.52,0.47,0.51,0.01,0.04,73923.65,1776350105000
1776350107.477,7.477,0.48,0.49,0.51,0.52,0.01,0.01,73923.5,1776350106000
1776350107.817,7.817,0.46,0.48,0.51,0.54,0.02,0.03,73923.5,1776350106000
1776350108.154,8.154,0.46,0.47,0.53,0.54,0.01,0.01,73909.99,1776350107000
1776350108.488,8.488,0.42,0.45,0.52,0.58,0.03,0.06,73909.99,1776350107000
1776350108.839,8.839,0.43,0.44,0.56,0.57,0.01,0.01,73909.99,1776350107000
1776350109.203,9.203,0.43,0.44,0.55,0.57,0.01,0.02,73890.53,1776350108000
1776350109.536,9.536,0.43,0.44,0.56,0.57,0.01,0.01,73890.53,1776350108000
1776350109.917,9.917,0.43,0.44,0.56,0.57,0.01,0.01,73891.38,1776350109000
1776350110.383,10.383,0.43,0.44,0.56,0.57,0.01,0.01,73891.38,1776350109000
1776350110.726,10.726,0.43,0.44,0.56,0.57,0.01,0.01,73891.38,1776350109000
1776350111.066,11.066,0.42,0.43,0.57,0.58,0.01,0.01,73892.48,1776350110000
1776350111.443,11.443,0.42,0.43,0.57,0.58,0.01,0.01,73892.48,1776350110000
1776350111.778,11.778,0.42,0.43,0.57,0.58,0.01,0.01,73892.48,1776350110000
1776350112.112,12.112,0.42,0.43,0.57,0.58,0.01,0.01,73890.39,1776350111000
1776350112.448,12.448,0.42,0.43,0.57,0.58,0.01,0.01,73890.39,1776350111000
1776350112.825,12.825,0.42,0.43,0.57,0.58,0.01,0.01,73890.39,1776350111000
1776350113.806,13.806,0.42,0.43,0.57,0.58,0.01,0.01,73887.35,1776350113000
1776350114.374,14.374,0.42,0.43,0.57,0.58,0.01,0.01,73887.35,1776350113000
1776350114.986,14.986,0.42,0.43,0.57,0.58,0.01,0.01,73887.35,1776350113000
1776350115.383,15.383,0.42,0.43,0.57,0.58,0.01,0.01,73887.63,1776350114000
1776350115.949,15.949,0.42,0.43,0.57,0.58,0.01,0.01,73887.63,1776350114000
1776350116.296,16.296,0.42,0.43,0.57,0.61,0.01,0.04,73880.72,1776350115000
1776350116.649,16.649,0.4,0.41,0.59,0.6,0.01,0.01,73880.72,1776350115000
1776350117.011,17.011,0.39,0.4,0.59,0.62,0.01,0.03,73880.72,1776350115000
1776350117.417,17.417,0.39,0.4,0.6,0.61,0.01,0.01,73880.04,1776350116000
1776350117.772,17.772,0.39,0.4,0.6,0.61,0.01,0.01,73880.04,1776350116000
1776350118.107,18.107,0.39,0.4,0.6,0.61,0.01,0.01,73880.04,1776350116000
1776350118.446,18.446,0.39,0.4,0.6,0.61,0.01,0.01,73877.58,1776350117000
1776350118.784,18.784,0.39,0.4,0.6,0.61,0.01,0.01,73877.58,1776350117000
1776350119.285,19.285,0.39,0.4,0.6,0.61,0.01,0.01,73877.58,1776350117000
1776350119.919,19.919,0.39,0.4,0.6,0.61,0.01,0.01,73879.85,1776350118000
1776350120.37,20.37,0.39,0.4,0.6,0.61,0.01,0.01,73879.85,1776350118000
1776350120.725,20.725,0.39,0.4,0.6,0.61,0.01,0.01,73879.12,1776350119000
1776350121.318,21.318,0.39,0.4,0.6,0.61,0.01,0.01,73879.12,1776350119000
1776350121.803,21.803,0.39,0.4,0.6,0.61,0.01,0.01,73879.12,1776350120000
1776350122.165,22.165,0.39,0.4,0.6,0.61,0.01,0.01,73879.12,1776350120000
1776350122.512,22.512,0.39,0.4,0.6,0.61,0.01,0.01,73879.14,1776350121000
1776350122.851,22.851,0.37,0.38,0.62,0.63,0.01,0.01,73879.14,1776350121000
1776350123.256,23.256,0.37,0.38,0.62,0.63,0.01,0.01,73879.14,1776350121000
1776350123.595,23.595,0.37,0.38,0.62,0.63,0.01,0.01,73879.14,1776350121000
1776350123.932,23.932,0.37,0.38,0.62,0.63,0.01,0.01,73873.48,1776350122000
1776350124.282,24.282,0.36,0.38,0.62,0.63,0.02,0.01,73873.48,1776350122000
1776350124.666,24.666,0.36,0.37,0.63,0.64,0.01,0.01,73870.33,1776350123000
1776350125.058,25.058,0.36,0.37,0.63,0.64,0.01,0.01,73870.33,1776350123000
1776350125.394,25.394,0.36,0.37,0.63,0.64,0.01,0.01,73870.33,1776350124000
1776350125.735,25.735,0.37,0.38,0.62,0.63,0.01,0.01,73870.33,1776350124000
1776350126.103,26.103,0.37,0.39,0.61,0.63,0.02,0.02,73870.33,1776350124000
1776350126.57,26.57,0.37,0.38,0.62,0.63,0.01,0.01,73871.05,1776350125000
1776350126.987,26.987,0.37,0.38,0.62,0.63,0.01,0.01,73869.46,1776350126000
1776350127.652,27.652,0.37,0.38,0.62,0.63,0.01,0.01,73869.46,1776350126000
1776350128.029,28.029,0.37,0.4,0.6,0.63,0.03,0.03,73869.46,1776350126000
1776350128.417,28.417,0.38,0.39,0.61,0.62,0.01,0.01,73872.38,1776350127000
1776350128.917,28.917,0.38,0.39,0.61,0.62,0.01,0.01,73872.38,1776350127000
1776350129.285,29.285,0.38,0.39,0.61,0.62,0.01,0.01,73872.38,1776350127000
1776350129.953,29.953,0.38,0.39,0.59,0.62,0.01,0.03,73882.47,1776350128000
1776350130.332,30.332,0.38,0.39,0.61,0.62,0.01,0.01,73882.47,1776350128000
1776350130.827,30.827,0.41,0.42,0.57,0.59,0.01,0.02,73884.29,1776350129000
1776350131.217,31.217,0.41,0.44,0.56,0.58,0.03,0.02,73884.29,1776350129000
1776350131.638,31.638,0.44,0.45,0.55,0.56,0.01,0.01,73884.36,1776350130000
1776350131.977,31.977,0.44,0.45,0.55,0.56,0.01,0.01,73893.85,1776350131000
1776350132.458,32.458,0.44,0.45,0.55,0.56,0.01,0.01,73893.85,1776350131000
1776350132.825,32.825,0.45,0.46,0.54,0.56,0.01,0.02,73893.85,1776350131000
1776350133.564,33.564,0.45,0.46,0.54,0.55,0.01,0.01,73898.86,1776350132000
1776350134.127,34.127,0.43,0.45,0.55,0.57,0.02,0.02,73898.86,1776350132000
1776350134.8,34.8,0.41,0.43,0.57,0.58,0.02,0.01,73899.85,1776350133000
1776350135.177,35.177,0.41,0.43,0.57,0.59,0.02,0.02,73899.85,1776350133000
1776350135.643,35.643,0.41,0.43,0.57,0.6,0.02,0.03,73891.04,1776350134000
1776350136.043,36.043,0.41,0.42,0.58,0.59,0.01,0.01,73891.04,1776350134000
1776350136.377,36.377,0.41,0.42,0.58,0.59,0.01,0.01,73883.06,1776350135000
1776350136.711,36.711,0.41,0.43,0.57,0.59,0.02,0.02,73883.06,1776350135000
1776350137.045,37.045,0.4,0.41,0.59,0.6,0.01,0.01,73883.06,1776350135000
1776350137.433,37.433,0.4,0.41,0.59,0.6,0.01,0.01,73881.74,1776350136000
1776350137.88,37.88,0.4,0.41,0.59,0.6,0.01,0.01,73881.74,1776350136000
1776350138.328,38.328,0.41,0.42,0.58,0.59,0.01,0.01,73880.27,1776350137000
1776350138.668,38.668,0.41,0.42,0.58,0.59,0.01,0.01,73880.27,1776350137000
1776350139.046,39.046,0.41,0.42,0.58,0.59,0.01,0.01,73880.27,1776350137000
1776350139.399,39.399,0.41,0.42,0.58,0.59,0.01,0.01,73879.61,1776350138000
1776350139.756,39.756,0.41,0.42,0.58,0.59,0.01,0.01,73879.61,1776350138000
1776350140.149,40.149,0.41,0.42,0.58,0.59,0.01,0.01,73879.61,1776350138000
1776350140.627,40.627,0.41,0.42,0.58,0.59,0.01,0.01,73885.07,1776350139000
1776350141.219,41.219,0.41,0.42,0.58,0.59,0.01,0.01,73885.07,1776350139000
1776350141.558,41.558,0.41,0.42,0.58,0.59,0.01,0.01,73886.63,1776350140000
1776350141.941,41.941,0.41,0.43,0.58,0.59,0.02,0.01,73886.63,1776350140000
1776350142.277,42.277,0.43,0.44,0.56,0.57,0.01,0.01,73887.54,1776350141000
1776350142.613,42.613,0.43,0.44,0.56,0.57,0.01,0.01,73887.54,1776350141000
1776350142.954,42.954,0.43,0.44,0.55,0.57,0.01,0.02,73887.54,1776350141000
1776350143.464,43.464,0.43,0.44,0.56,0.57,0.01,0.01,73888.3,1776350142000
1776350143.996,43.996,0.43,0.44,0.56,0.57,0.01,0.01,73888.3,1776350142000
1776350144.33,44.33,0.43,0.44,0.56,0.57,0.01,0.01,73888.3,1776350142000
1776350144.701,44.701,0.43,0.44,0.56,0.57,0.01,0.01,73896.83,1776350143000
1776350145.059,45.059,0.43,0.44,0.56,0.57,0.01,0.01,73896.83,1776350143000
1776350145.396,45.396,0.43,0.44,0.56,0.57,0.01,0.01,73896.83,1776350143000
1776350145.935,45.935,0.43,0.44,0.56,0.57,0.01,0.01,73891.77,1776350144000
1776350146.523,46.523,0.43,0.44,0.56,0.57,0.01,0.01,73893.3,1776350145000
1776350147.054,47.054,0.43,0.44,0.56,0.57,0.01,0.01,73893.3,1776350145000
1776350147.463,47.463,0.44,0.45,0.56,0.57,0.01,0.01,73893.9,1776350146000
1776350148.173,48.173,0.45,0.46,0.55,0.56,0.01,0.01,73893.9,1776350146000
1776350148.576,48.576,0.45,0.46,0.54,0.55,0.01,0.01,73896.0,1776350147000
1776350148.912,48.912,0.45,0.46,0.54,0.55,0.01,0.01,73896.0,1776350147000
1776350149.245,49.245,0.45,0.46,0.54,0.55,0.01,0.01,73896.0,1776350147000
1776350149.669,49.669,0.45,0.46,0.54,0.55,0.01,0.01,73897.02,1776350148000
1776350150.097,50.097,0.45,0.46,0.54,0.55,0.01,0.01,73897.02,1776350148000
1776350150.514,50.514,0.46,0.47,0.53,0.55,0.01,0.02,73897.02,1776350148000
1776350150.867,50.867,0.46,0.47,0.53,0.54,0.01,0.01,73897.02,1776350148000
1776350151.227,51.227,0.46,0.47,0.53,0.54,0.01,0.01,73898.74,1776350150000
1776350152.189,52.189,0.46,0.47,0.53,0.54,0.01,0.01,73898.74,1776350150000
1776350152.632,52.632,0.46,0.47,0.53,0.54,0.01,0.01,73905.14,1776350151000
1776350152.97,52.97,0.46,0.47,0.53,0.54,0.01,0.01,73907.1,1776350152000
1776350153.313,53.313,0.46,0.47,0.53,0.56,0.01,0.03,73907.1,1776350152000
1776350153.664,53.664,0.44,0.45,0.55,0.56,0.01,0.01,73907.1,1776350152000
1776350154.035,54.035,0.44,0.45,0.55,0.57,0.01,0.02,73907.1,1776350152000
1776350154.646,54.646,0.42,0.43,0.55,0.58,0.01,0.03,73906.24,1776350153000
1776350155.121,55.121,0.42,0.43,0.57,0.58,0.01,0.01,73906.24,1776350153000
1776350155.48,55.48,0.42,0.43,0.57,0.58,0.01,0.01,73892.89,1776350154000
1776350155.839,55.839,0.42,0.43,0.57,0.58,0.01,0.01,73892.89,1776350154000
1776350156.247,56.247,0.42,0.43,0.57,0.58,0.01,0.01,73891.4,1776350155000
1776350156.762,56.762,0.42,0.43,0.57,0.58,0.01,0.01,73891.4,1776350155000
1776350157.124,57.124,0.42,0.43,0.57,0.58,0.01,0.01,73893.22,1776350156000
1776350157.505,57.505,0.41,0.42,0.58,0.59,0.01,0.01,73893.22,1776350156000
1776350157.9,57.9,0.41,0.42,0.58,0.59,0.01,0.01,73893.22,1776350156000
1776350158.263,58.263,0.41,0.42,0.58,0.59,0.01,0.01,73893.22,1776350156000
1776350158.811,58.811,0.41,0.42,0.58,0.59,0.01,0.01,73891.72,1776350157000
1776350159.232,59.232,0.41,0.42,0.58,0.59,0.01,0.01,73891.58,1776350158000
1776350159.668,59.668,0.41,0.42,0.58,0.59,0.01,0.01,73891.58,1776350158000
1776350160.082,60.082,0.41,0.42,0.58,0.59,0.01,0.01,73891.58,1776350158000
1776350160.43,60.43,0.41,0.42,0.58,0.59,0.01,0.01,73890.64,1776350159000
1776350160.884,60.884,0.41,0.43,0.58,0.59,0.02,0.01,73890.64,1776350159000
1776350161.255,61.255,0.43,0.45,0.54,0.57,0.02,0.03,73890.64,1776350159000
1776350161.603,61.603,0.44,0.46,0.55,0.56,0.02,0.01,73890.93,1776350160000
1776350161.954,61.954,0.46,0.47,0.53,0.54,0.01,0.01,73891.38,1776350161000
1776350162.354,62.354,0.45,0.46,0.54,0.55,0.01,0.01,73891.38,1776350161000
1776350162.77,62.77,0.45,0.46,0.54,0.55,0.01,0.01,73891.38,1776350161000
1776350163.187,63.187,0.45,0.46,0.54,0.55,0.01,0.01,73899.18,1776350162000
1776350163.641,63.641,0.45,0.46,0.54,0.55,0.01,0.01,73899.18,1776350162000
1776350164.297,64.297,0.45,0.46,0.54,0.55,0.01,0.01,73897.5,1776350163000
1776350164.734,64.734,0.45,0.46,0.54,0.55,0.01,0.01,73897.5,1776350163000
1776350165.31,65.31,0.45,0.46,0.54,0.55,0.01,0.01,73897.5,1776350163000
1776350165.762,65.762,0.45,0.46,0.54,0.55,0.01,0.01,73898.61,1776350164000
1776350166.201,66.201,0.45,0.46,0.54,0.55,0.01,0.01,73898.61,1776350164000
1776350166.564,66.564,0.45,0.46,0.54,0.55,0.01,0.01,73900.51,1776350165000
1776350166.898,66.898,0.45,0.46,0.54,0.55,0.01,0.01,73900.51,1776350165000
1776350167.279,67.279,0.45,0.46,0.54,0.55,0.01,0.01,73900.51,1776350166000
1776350167.696,67.696,0.45,0.46,0.54,0.55,0.01,0.01,73900.51,1776350166000
1776350168.076,68.076,0.45,0.46,0.54,0.55,0.01,0.01,73899.65,1776350167000
1776350168.535,68.535,0.44,0.45,0.54,0.56,0.01,0.02,73899.65,1776350167000
1776350168.87,68.87,0.44,0.45,0.55,0.56,0.01,0.01,73899.65,1776350167000
1776350169.297,69.297,0.44,0.45,0.55,0.56,0.01,0.01,73900.06,1776350168000
1776350169.723,69.723,0.43,0.44,0.55,0.57,0.01,0.02,73900.06,1776350168000
1776350170.212,70.212,0.44,0.45,0.55,0.56,0.01,0.01,73898.23,1776350169000
1776350170.591,70.591,0.44,0.45,0.55,0.56,0.01,0.01,73898.23,1776350169000
1776350170.957,70.957,0.44,0.45,0.55,0.56,0.01,0.01,73896.64,1776350170000
1776350171.314,71.314,0.43,0.44,0.56,0.57,0.01,0.01,73896.64,1776350170000
1776350171.922,71.922,0.43,0.44,0.56,0.57,0.01,0.01,73896.64,1776350170000
1776350172.261,72.261,0.43,0.45,0.56,0.57,0.02,0.01,73897.03,1776350171000
1776350172.626,72.626,0.45,0.46,0.54,0.56,0.01,0.02,73897.03,1776350171000
1776350173.382,73.382,0.45,0.47,0.54,0.55,0.02,0.01,73897.03,1776350172000
1776350173.838,73.838,0.46,0.47,0.53,0.55,0.01,0.02,73897.03,1776350172000
1776350174.442,74.442,0.46,0.47,0.53,0.54,0.01,0.01,73896.93,1776350173000
1776350174.795,74.795,0.46,0.47,0.53,0.54,0.01,0.01,73896.93,1776350173000
1776350175.138,75.138,0.46,0.47,0.53,0.54,0.01,0.01,73902.36,1776350174000
1776350175.617,75.617,0.46,0.47,0.53,0.54,0.01,0.01,73902.36,1776350174000
1776350175.958,75.958,0.45,0.46,0.53,0.55,0.01,0.02,73902.44,1776350175000
1776350176.48,76.48,0.44,0.46,0.54,0.55,0.02,0.01,73902.44,1776350175000
1776350176.84,76.84,0.44,0.45,0.55,0.56,0.01,0.01,73902.44,1776350175000
1776350177.261,77.261,0.44,0.45,0.55,0.56,0.01,0.01,73901.03,1776350176000
1776350177.631,77.631,0.42,0.43,0.57,0.58,0.01,0.01,73901.03,1776350176000
1776350178.021,78.021,0.42,0.43,0.57,0.58,0.01,0.01,73901.03,1776350176000
1776350178.415,78.415,0.42,0.43,0.57,0.58,0.01,0.01,73901.31,1776350177000
1776350178.781,78.781,0.41,0.42,0.57,0.59,0.01,0.02,73901.31,1776350177000
1776350179.138,79.138,0.41,0.42,0.58,0.59,0.01,0.01,73901.31,1776350177000
1776350179.557,79.557,0.41,0.42,0.58,0.59,0.01,0.01,73901.31,1776350177000
1776350179.925,79.925,0.41,0.42,0.58,0.59,0.01,0.01,73896.15,1776350178000
1776350181.236,81.236,0.4,0.41,0.59,0.6,0.01,0.01,73895.3,1776350180000
1776350182.237,82.237,0.4,0.41,0.59,0.6,0.01,0.01,73894.96,1776350181000
1776350182.811,82.811,0.4,0.41,0.59,0.6,0.01,0.01,73894.96,1776350181000
1776350183.148,83.148,0.48,0.49,0.51,0.52,0.01,0.01,73894.96,1776350181000
1776350183.5,83.5,0.49,0.51,0.5,0.51,0.02,0.01,73921.21,1776350182000
1776350183.834,83.834,0.51,0.52,0.48,0.49,0.01,0.01,73921.21,1776350182000
1776350184.177,84.177,0.51,0.52,0.48,0.49,0.01,0.01,73921.21,1776350182000
1776350184.516,84.516,0.51,0.52,0.48,0.49,0.01,0.01,73925.99,1776350183000
1776350184.852,84.852,0.51,0.54,0.46,0.49,0.03,0.03,73927.15,1776350184000
1776350185.202,85.202,0.51,0.53,0.48,0.49,0.02,0.01,73927.15,1776350184000
1776350185.592,85.592,0.52,0.53,0.47,0.49,0.01,0.02,73927.15,1776350184000
1776350185.941,85.941,0.52,0.53,0.47,0.48,0.01,0.01,73925.75,1776350185000
1776350186.309,86.309,0.53,0.55,0.45,0.47,0.02,0.02,73925.75,1776350185000
1776350186.82,86.82,0.55,0.56,0.44,0.46,0.01,0.02,73925.75,1776350185000
1776350187.169,87.169,0.55,0.56,0.44,0.45,0.01,0.01,73926.67,1776350186000
1776350187.955,87.955,0.55,0.56,0.44,0.45,0.01,0.01,73928.69,1776350187000
1776350188.367,88.367,0.55,0.56,0.44,0.45,0.01,0.01,73928.69,1776350187000
1776350188.794,88.794,0.55,0.56,0.44,0.45,0.01,0.01,73928.69,1776350187000
1776350189.157,89.157,0.55,0.57,0.43,0.45,0.02,0.02,73930.85,1776350188000
1776350189.661,89.661,0.55,0.57,0.43,0.45,0.02,0.02,73930.85,1776350188000
1776350190.002,90.002,0.55,0.58,0.43,0.45,0.03,0.02,73940.49,1776350189000
1776350190.336,90.336,0.55,0.6,0.4,0.45,0.05,0.05,73940.49,1776350189000
1776350190.686,90.686,0.59,0.63,0.37,0.41,0.04,0.04,73940.49,1776350189000
1776350191.022,91.022,0.6,0.65,0.35,0.39,0.05,0.04,73940.49,1776350189000
1776350191.357,91.357,0.62,0.64,0.36,0.38,0.02,0.02,73951.01,1776350190000
1776350191.697,91.697,0.62,0.63,0.37,0.38,0.01,0.01,73951.01,1776350190000
1776350192.056,92.056,0.62,0.63,0.37,0.38,0.01,0.01,73951.01,1776350190000
1776350192.477,92.477,0.62,0.63,0.37,0.38,0.01,0.01,73955.72,1776350191000
1776350192.823,92.823,0.61,0.62,0.38,0.39,0.01,0.01,73955.72,1776350191000
1776350193.157,93.157,0.61,0.62,0.38,0.39,0.01,0.01,73955.27,1776350192000
1776350193.517,93.517,0.61,0.62,0.38,0.39,0.01,0.01,73955.27,1776350192000
1776350193.856,93.856,0.61,0.62,0.38,0.39,0.01,0.01,73955.27,1776350192000
1776350194.221,94.221,0.61,0.62,0.38,0.39,0.01,0.01,73955.27,1776350192000
1776350194.601,94.601,0.6,0.62,0.38,0.39,0.02,0.01,73953.61,1776350193000
1776350195.067,95.067,0.6,0.61,0.39,0.4,0.01,0.01,73953.61,1776350193000
1776350195.436,95.436,0.59,0.6,0.39,0.41,0.01,0.02,73949.71,1776350194000
1776350195.791,95.791,0.57,0.58,0.42,0.43,0.01,0.01,73949.71,1776350194000
1776350196.148,96.148,0.57,0.58,0.42,0.43,0.01,0.01,73945.47,1776350195000
1776350196.483,96.483,0.57,0.58,0.42,0.43,0.01,0.01,73945.47,1776350195000
1776350196.836,96.836,0.58,0.59,0.41,0.42,0.01,0.01,73945.47,1776350195000
1776350197.206,97.206,0.56,0.57,0.42,0.44,0.01,0.02,73940.23,1776350196000
1776350197.553,97.553,0.56,0.57,0.43,0.44,0.01,0.01,73940.23,1776350196000
1776350197.95,97.95,0.56,0.57,0.43,0.44,0.01,0.01,73940.23,1776350196000
1776350198.316,98.316,0.56,0.57,0.43,0.44,0.01,0.01,73939.88,1776350197000
1776350198.777,98.777,0.57,0.58,0.42,0.43,0.01,0.01,73939.88,1776350197000
1776350199.114,99.114,0.57,0.58,0.42,0.43,0.01,0.01,73939.88,1776350197000
1776350199.708,99.708,0.57,0.58,0.42,0.43,0.01,0.01,73937.79,1776350198000
1776350200.097,100.097,0.56,0.57,0.42,0.43,0.01,0.01,73937.79,1776350198000
1776350200.486,100.486,0.55,0.57,0.43,0.44,0.02,0.01,73938.07,1776350199000
1776350200.863,100.863,0.54,0.55,0.45,0.46,0.01,0.01,73938.07,1776350199000
1776350201.213,101.213,0.54,0.55,0.45,0.46,0.01,0.01,73938.07,1776350199000
1776350201.85,101.85,0.53,0.54,0.46,0.47,0.01,0.01,73939.17,1776350200000
1776350202.213,102.213,0.53,0.54,0.46,0.47,0.01,0.01,73939.17,1776350200000
1776350202.592,102.592,0.54,0.55,0.45,0.47,0.01,0.02,73932.97,1776350201000
1776350202.944,102.944,0.57,0.58,0.42,0.45,0.01,0.03,73929.76,1776350202000
1776350203.293,103.293,0.57,0.58,0.42,0.43,0.01,0.01,73929.76,1776350202000
1776350203.919,103.919,0.57,0.58,0.42,0.43,0.01,0.01,73932.07,1776350203000
1776350204.284,104.284,0.56,0.58,0.42,0.43,0.02,0.01,73932.07,1776350203000
1776350204.636,104.636,0.54,0.56,0.44,0.45,0.02,0.01,73932.07,1776350203000
1776350204.994,104.994,0.54,0.55,0.45,0.46,0.01,0.01,73937.39,1776350204000
1776350205.337,105.337,0.53,0.54,0.46,0.47,0.01,0.01,73937.39,1776350204000
1776350205.777,105.777,0.52,0.53,0.47,0.48,0.01,0.01,73937.39,1776350204000
1776350206.11,106.11,0.52,0.53,0.47,0.48,0.01,0.01,73937.39,1776350204000
1776350206.532,106.532,0.52,0.53,0.47,0.48,0.01,0.01,73937.39,1776350204000
1776350206.974,106.974,0.52,0.53,0.47,0.48,0.01,0.01,73934.66,1776350205000
1776350207.376,107.376,0.52,0.53,0.47,0.48,0.01,0.01,73927.77,1776350206000
1776350207.758,107.758,0.52,0.53,0.47,0.48,0.01,0.01,73927.77,1776350206000
1776350208.236,108.236,0.52,0.53,0.47,0.48,0.01,0.01,73927.67,1776350207000
1776350208.909,108.909,0.52,0.53,0.47,0.48,0.01,0.01,73927.67,1776350207000
1776350209.259,109.259,0.52,0.53,0.47,0.48,0.01,0.01,73927.74,1776350208000
1776350209.647,109.647,0.51,0.53,0.47,0.48,0.02,0.01,73927.74,1776350208000
1776350209.998,109.998,0.51,0.52,0.48,0.49,0.01,0.01,73927.74,1776350208000
1776350210.504,110.504,0.51,0.52,0.48,0.49,0.01,0.01,73927.25,1776350209000
1776350211.116,111.116,0.51,0.52,0.48,0.49,0.01,0.01,73927.25,1776350209000
1776350211.616,111.616,0.51,0.52,0.48,0.49,0.01,0.01,73926.73,1776350210000
1776350211.991,111.991,0.51,0.52,0.48,0.49,0.01,0.01,73926.73,1776350210000
1776350212.396,112.396,0.51,0.52,0.48,0.49,0.01,0.01,73925.66,1776350211000
1776350212.795,112.795,0.5,0.51,0.48,0.5,0.01,0.02,73925.66,1776350211000
1776350213.204,113.204,0.5,0.51,0.49,0.5,0.01,0.01,73925.16,1776350212000
1776350213.801,113.801,0.5,0.51,0.49,0.5,0.01,0.01,73925.16,1776350212000
1776350214.175,114.175,0.48,0.49,0.49,0.52,0.01,0.03,73925.16,1776350212000
1776350214.538,114.538,0.45,0.47,0.53,0.55,0.02,0.02,73923.57,1776350213000
1776350214.895,114.895,0.46,0.47,0.53,0.54,0.01,0.01,73923.57,1776350213000
1776350215.233,115.233,0.46,0.48,0.52,0.54,0.02,0.02,73923.57,1776350213000
1776350215.575,115.575,0.48,0.5,0.5,0.52,0.02,0.02,73905.53,1776350214000
1776350215.944,115.944,0.49,0.5,0.5,0.51,0.01,0.01,73905.53,1776350214000
1776350216.291,116.291,0.5,0.51,0.49,0.5,0.01,0.01,73905.49,1776350215000
1776350216.885,116.885,0.5,0.51,0.49,0.5,0.01,0.01,73905.49,1776350215000
1776350217.219,117.219,0.5,0.51,0.49,0.5,0.01,0.01,73905.49,1776350215000
1776350217.927,117.927,0.51,0.52,0.48,0.49,0.01,0.01,73918.52,1776350216000
1776350218.292,118.292,0.51,0.52,0.48,0.49,0.01,0.01,73920.36,1776350217000
1776350218.659,118.659,0.51,0.52,0.48,0.49,0.01,0.01,73920.36,1776350217000
1776350219.362,119.362,0.51,0.52,0.48,0.49,0.01,0.01,73920.36,1776350217000
1776350220.045,120.045,0.52,0.53,0.47,0.48,0.01,0.01,73920.22,1776350218000
1776350220.432,120.432,0.52,0.53,0.47,0.48,0.01,0.01,73922.48,1776350219000
1776350220.8,120.8,0.52,0.55,0.45,0.48,0.03,0.03,73922.48,1776350219000
1776350221.363,121.363,0.53,0.54,0.45,0.48,0.01,0.03,73922.48,1776350219000
1776350221.739,121.739,0.53,0.54,0.46,0.47,0.01,0.01,73928.41,1776350220000
1776350222.088,122.088,0.57,0.6,0.41,0.43,0.03,0.02,73928.41,1776350220000
1776350222.466,122.466,0.57,0.58,0.42,0.43,0.01,0.01,73928.41,1776350220000
1776350222.888,122.888,0.57,0.58,0.42,0.43,0.01,0.01,73928.49,1776350221000
1776350223.252,123.252,0.57,0.58,0.42,0.45,0.01,0.03,73935.41,1776350222000
1776350223.593,123.593,0.53,0.55,0.45,0.47,0.02,0.02,73935.41,1776350222000
1776350223.926,123.926,0.52,0.53,0.47,0.48,0.01,0.01,73935.41,1776350222000
1776350224.344,124.344,0.5,0.51,0.47,0.48,0.01,0.01,73935.41,1776350222000
1776350224.782,124.782,0.5,0.51,0.49,0.5,0.01,0.01,73939.54,1776350223000
1776350225.136,125.136,0.5,0.52,0.48,0.5,0.02,0.02,73939.54,1776350223000
1776350225.673,125.673,0.51,0.52,0.47,0.49,0.01,0.02,73928.27,1776350224000
1776350226.035,126.035,0.52,0.53,0.47,0.48,0.01,0.01,73926.86,1776350225000
1776350226.547,126.547,0.52,0.53,0.47,0.48,0.01,0.01,73926.86,1776350225000
1776350226.896,126.896,0.58,0.59,0.41,0.45,0.01,0.04,73926.86,1776350225000
1776350227.426,127.426,0.58,0.61,0.39,0.42,0.03,0.03,73928.37,1776350226000
1776350228.081,128.081,0.59,0.61,0.39,0.42,0.02,0.03,73928.37,1776350226000
1776350228.477,128.477,0.6,0.62,0.39,0.4,0.02,0.01,73938.05,1776350227000
1776350228.842,128.842,0.59,0.61,0.39,0.4,0.02,0.01,73938.05,1776350227000
1776350229.269,129.269,0.6,0.61,0.39,0.4,0.01,0.01,73938.05,1776350227000
1776350229.669,129.669,0.6,0.61,0.39,0.4,0.01,0.01,73943.94,1776350228000
1776350230.124,130.124,0.6,0.61,0.39,0.4,0.01,0.01,73943.94,1776350228000
1776350230.516,130.516,0.6,0.61,0.39,0.4,0.01,0.01,73943.94,1776350229000
1776350231.136,131.136,0.6,0.61,0.39,0.4,0.01,0.01,73942.6,1776350230000
1776350231.544,131.544,0.6,0.61,0.39,0.4,0.01,0.01,73942.6,1776350230000
1776350231.938,131.938,0.57,0.59,0.41,0.42,0.02,0.01,73942.6,1776350230000
1776350232.324,132.324,0.57,0.59,0.41,0.42,0.02,0.01,73942.6,1776350230000
1776350232.658,132.658,0.57,0.59,0.41,0.43,0.02,0.02,73944.31,1776350231000
1776350233.094,133.094,0.54,0.55,0.43,0.47,0.01,0.04,73944.31,1776350231000
1776350233.483,133.483,0.54,0.55,0.45,0.46,0.01,0.01,73943.08,1776350232000
1776350233.823,133.823,0.54,0.55,0.45,0.46,0.01,0.01,73943.08,1776350232000
1776350234.294,134.294,0.54,0.55,0.45,0.46,0.01,0.01,73941.53,1776350233000
1776350234.901,134.901,0.61,0.62,0.39,0.41,0.01,0.02,73941.53,1776350233000
1776350235.296,135.296,0.61,0.62,0.38,0.39,0.01,0.01,73941.53,1776350233000
1776350235.66,135.66,0.61,0.62,0.38,0.39,0.01,0.01,73930.41,1776350234000
1776350236.066,136.066,0.61,0.62,0.38,0.39,0.01,0.01,73930.41,1776350234000
1776350236.544,136.544,0.61,0.62,0.38,0.39,0.01,0.01,73934.19,1776350235000
1776350236.952,136.952,0.6,0.61,0.38,0.4,0.01,0.02,73934.19,1776350235000
1776350237.315,137.315,0.6,0.61,0.39,0.4,0.01,0.01,73934.19,1776350235000
1776350237.684,137.684,0.6,0.61,0.39,0.4,0.01,0.01,73934.19,1776350235000
1776350238.068,138.068,0.6,0.61,0.39,0.4,0.01,0.01,73944.42,1776350236000
1776350238.482,138.482,0.6,0.61,0.39,0.4,0.01,0.01,73944.42,1776350236000
1776350238.846,138.846,0.6,0.61,0.39,0.4,0.01,0.01,73944.61,1776350237000
1776350239.228,139.228,0.6,0.61,0.39,0.4,0.01,0.01,73944.61,1776350237000
1776350239.572,139.572,0.61,0.63,0.37,0.39,0.02,0.02,73945.01,1776350238000
1776350240.047,140.047,0.62,0.63,0.37,0.38,0.01,0.01,73945.01,1776350238000
1776350240.451,140.451,0.62,0.63,0.37,0.38,0.01,0.01,73943.88,1776350239000
1776350240.799,140.799,0.63,0.64,0.37,0.38,0.01,0.01,73943.88,1776350239000
1776350241.515,141.515,0.63,0.64,0.36,0.37,0.01,0.01,73945.44,1776350240000
1776350242.467,142.467,0.63,0.65,0.35,0.37,0.02,0.02,73950.38,1776350241000
1776350242.806,142.806,0.64,0.65,0.35,0.37,0.01,0.02,73950.38,1776350241000
1776350243.367,143.367,0.64,0.65,0.35,0.36,0.01,0.01,73951.19,1776350242000
1776350243.891,143.891,0.64,0.65,0.35,0.36,0.01,0.01,73951.19,1776350242000
1776350244.226,144.226,0.64,0.65,0.35,0.36,0.01,0.01,73962.0,1776350243000
1776350244.589,144.589,0.67,0.68,0.32,0.33,0.01,0.01,73962.0,1776350243000
1776350244.96,144.96,0.67,0.7,0.3,0.33,0.03,0.03,73962.0,1776350243000
1776350245.294,145.294,0.64,0.65,0.35,0.36,0.01,0.01,73967.84,1776350244000
1776350245.629,145.629,0.64,0.68,0.32,0.36,0.04,0.04,73967.84,1776350244000
1776350245.969,145.969,0.64,0.66,0.34,0.36,0.02,0.02,73967.84,1776350244000
1776350246.328,146.328,0.65,0.67,0.34,0.35,0.02,0.01,73967.84,1776350244000
1776350246.673,146.673,0.65,0.66,0.34,0.35,0.01,0.01,73956.38,1776350245000
1776350247.006,147.006,0.66,0.67,0.33,0.34,0.01,0.01,73956.38,1776350245000
1776350247.355,147.355,0.66,0.67,0.33,0.34,0.01,0.01,73950.52,1776350246000
1776350247.692,147.692,0.68,0.69,0.31,0.33,0.01,0.02,73950.52,1776350246000
1776350248.081,148.081,0.68,0.69,0.31,0.32,0.01,0.01,73950.52,1776350246000
1776350248.435,148.435,0.68,0.69,0.31,0.32,0.01,0.01,73950.52,1776350246000
1776350248.785,148.785,0.68,0.69,0.31,0.32,0.01,0.01,73950.52,1776350246000
1776350249.164,149.164,0.68,0.69,0.31,0.32,0.01,0.01,73958.6,1776350247000
1776350249.655,149.655,0.68,0.69,0.31,0.32,0.01,0.01,73961.97,1776350248000
1776350250.011,150.011,0.68,0.69,0.31,0.32,0.01,0.01,73961.97,1776350248000
1776350250.468,150.468,0.69,0.7,0.3,0.31,0.01,0.01,73961.97,1776350248000
1776350250.913,150.913,0.69,0.7,0.3,0.31,0.01,0.01,73961.97,1776350249000
1776350251.279,151.279,0.7,0.72,0.28,0.29,0.02,0.01,73961.1,1776350250000
1776350251.612,151.612,0.71,0.72,0.28,0.29,0.01,0.01,73961.1,1776350250000
1776350251.998,151.998,0.71,0.72,0.28,0.29,0.01,0.01,73961.1,1776350250000
1776350252.455,152.455,0.73,0.74,0.26,0.28,0.01,0.02,73961.1,1776350250000
1776350252.792,152.792,0.74,0.75,0.25,0.26,0.01,0.01,73969.3,1776350251000
1776350253.125,153.125,0.74,0.75,0.25,0.26,0.01,0.01,73969.3,1776350251000
1776350253.464,153.464,0.74,0.75,0.25,0.26,0.01,0.01,73972.35,1776350252000
1776350253.917,153.917,0.75,0.76,0.24,0.25,0.01,0.01,73972.35,1776350252000
1776350254.257,154.257,0.75,0.76,0.24,0.25,0.01,0.01,73972.35,1776350252000
1776350254.607,154.607,0.75,0.76,0.24,0.25,0.01,0.01,73972.35,1776350252000
1776350254.945,154.945,0.74,0.75,0.25,0.26,0.01,0.01,73975.41,1776350253000
1776350255.282,155.282,0.74,0.75,0.25,0.26,0.01,0.01,73977.87,1776350254000
1776350255.719,155.719,0.73,0.75,0.25,0.27,0.02,0.02,73977.87,1776350254000
1776350256.069,156.069,0.73,0.74,0.26,0.27,0.01,0.01,73977.87,1776350254000
1776350256.565,156.565,0.73,0.74,0.26,0.27,0.01,0.01,73977.87,1776350254000
1776350257.079,157.079,0.73,0.74,0.26,0.27,0.01,0.01,73973.8,1776350255000
1776350257.491,157.491,0.73,0.74,0.26,0.27,0.01,0.01,73973.35,1776350256000
1776350257.938,157.938,0.73,0.74,0.26,0.27,0.01,0.01,73973.35,1776350256000
1776350258.274,158.274,0.73,0.74,0.26,0.27,0.01,0.01,73973.35,1776350256000
1776350258.752,158.752,0.72,0.74,0.26,0.28,0.02,0.02,73972.3,1776350257000
1776350259.207,159.207,0.71,0.72,0.27,0.29,0.01,0.02,73970.43,1776350258000
1776350259.562,159.562,0.7,0.71,0.29,0.3,0.01,0.01,73970.43,1776350258000
1776350259.94,159.94,0.7,0.71,0.29,0.3,0.01,0.01,73970.43,1776350258000
1776350260.41,160.41,0.7,0.71,0.29,0.3,0.01,0.01,73966.64,1776350259000
1776350260.85,160.85,0.7,0.71,0.29,0.3,0.01,0.01,73966.64,1776350259000
1776350261.2,161.2,0.69,0.7,0.3,0.31,0.01,0.01,73962.99,1776350260000
1776350261.543,161.543,0.69,0.7,0.3,0.31,0.01,0.01,73962.99,1776350260000
1776350261.918,161.918,0.69,0.7,0.3,0.31,0.01,0.01,73962.99,1776350260000
1776350262.379,162.379,0.69,0.7,0.3,0.31,0.01,0.01,73962.5,1776350261000
1776350263.099,163.099,0.69,0.7,0.3,0.31,0.01,0.01,73960.77,1776350262000
1776350263.483,163.483,0.69,0.7,0.3,0.31,0.01,0.01,73960.77,1776350262000
1776350264.226,164.226,0.69,0.7,0.3,0.31,0.01,0.01,73959.77,1776350263000
1776350265.296,165.296,0.69,0.7,0.3,0.31,0.01,0.01,73959.77,1776350263000
1776350265.646,165.646,0.69,0.7,0.3,0.31,0.01,0.01,73959.63,1776350264000
1776350266.155,166.155,0.69,0.7,0.3,0.31,0.01,0.01,73959.63,1776350264000
1776350266.49,166.49,0.66,0.68,0.32,0.34,0.02,0.02,73950.28,1776350265000
1776350266.981,166.981,0.65,0.67,0.33,0.35,0.02,0.02,73950.28,1776350265000
1776350267.316,167.316,0.64,0.67,0.33,0.36,0.03,0.03,73944.05,1776350266000
1776350267.692,167.692,0.65,0.66,0.33,0.35,0.01,0.02,73944.05,1776350266000
1776350268.082,168.082,0.65,0.66,0.34,0.35,0.01,0.01,73944.05,1776350266000
1776350268.431,168.431,0.64,0.65,0.35,0.36,0.01,0.01,73943.12,1776350267000
1776350268.793,168.793,0.64,0.65,0.35,0.36,0.01,0.01,73943.12,1776350267000
1776350269.139,169.139,0.63,0.64,0.36,0.37,0.01,0.01,73943.12,1776350268000
1776350269.747,169.747,0.62,0.63,0.37,0.38,0.01,0.01,73943.12,1776350268000
1776350270.234,170.234,0.62,0.63,0.37,0.38,0.01,0.01,73940.87,1776350269000
1776350270.597,170.597,0.62,0.63,0.37,0.38,0.01,0.01,73940.87,1776350269000
1776350271.031,171.031,0.62,0.63,0.37,0.38,0.01,0.01,73941.04,1776350270000
1776350271.402,171.402,0.62,0.63,0.37,0.38,0.01,0.01,73941.04,1776350270000
1776350271.922,171.922,0.62,0.63,0.37,0.38,0.01,0.01,73941.04,1776350270000
1776350272.487,172.487,0.62,0.63,0.37,0.38,0.01,0.01,73941.04,1776350271000
1776350272.834,172.834,0.62,0.63,0.37,0.38,0.01,0.01,73941.04,1776350271000
1776350273.333,173.333,0.62,0.63,0.37,0.38,0.01,0.01,73941.31,1776350272000
1776350273.783,173.783,0.62,0.63,0.37,0.38,0.01,0.01,73941.31,1776350272000
1776350274.228,174.228,0.62,0.63,0.37,0.38,0.01,0.01,73941.31,1776350272000
1776350274.622,174.622,0.62,0.63,0.37,0.38,0.01,0.01,73940.29,1776350273000
1776350275.635,175.635,0.62,0.63,0.37,0.38,0.01,0.01,73941.64,1776350274000
1776350275.996,175.996,0.61,0.63,0.37,0.38,0.02,0.01,73941.64,1776350274000
1776350276.76,176.76,0.62,0.63,0.37,0.39,0.01,0.02,73941.93,1776350275000
1776350277.155,177.155,0.62,0.63,0.37,0.38,0.01,0.01,73941.83,1776350276000
1776350278.275,178.275,0.62,0.63,0.37,0.38,0.01,0.01,73941.44,1776350277000
1776350278.621,178.621,0.62,0.63,0.37,0.38,0.01,0.01,73941.44,1776350277000
1776350279.425,179.425,0.62,0.63,0.37,0.38,0.01,0.01,73941.47,1776350278000
1776350279.875,179.875,0.62,0.63,0.37,0.38,0.01,0.01,73941.47,1776350278000
1776350280.864,180.864,0.62,0.63,0.37,0.38,0.01,0.01,73941.47,1776350279000
1776350281.562,181.562,0.62,0.63,0.37,0.38,0.01,0.01,73938.59,1776350280000
1776350281.899,181.899,0.62,0.63,0.37,0.38,0.01,0.01,73938.59,1776350280000
1776350282.236,182.236,0.62,0.63,0.37,0.38,0.01,0.01,73938.32,1776350281000
1776350282.601,182.601,0.63,0.64,0.36,0.37,0.01,0.01,73938.32,1776350281000
1776350282.937,182.937,0.63,0.64,0.35,0.37,0.01,0.02,73938.32,1776350281000
1776350283.276,183.276,0.63,0.66,0.36,0.37,0.03,0.01,73938.32,1776350281000
1776350283.622,183.622,0.64,0.67,0.33,0.37,0.03,0.04,73945.57,1776350282000
1776350283.978,183.978,0.65,0.67,0.33,0.36,0.02,0.03,73952.54,1776350283000
1776350284.516,184.516,0.65,0.67,0.33,0.35,0.02,0.02,73952.54,1776350283000
1776350285.145,185.145,0.66,0.67,0.33,0.34,0.01,0.01,73953.92,1776350284000
1776350285.984,185.984,0.67,0.68,0.33,0.34,0.01,0.01,73953.92,1776350284000
1776350286.472,186.472,0.67,0.68,0.32,0.33,0.01,0.01,73953.92,1776350284000
1776350287.119,187.119,0.68,0.69,0.31,0.34,0.01,0.03,73951.43,1776350285000
1776350287.468,187.468,0.68,0.69,0.31,0.32,0.01,0.01,73950.64,1776350286000
1776350287.809,187.809,0.65,0.69,0.33,0.35,0.04,0.02,73950.64,1776350286000
1776350288.547,188.547,0.67,0.69,0.31,0.34,0.02,0.03,73949.72,1776350287000
1776350288.893,188.893,0.66,0.67,0.33,0.35,0.01,0.02,73949.72,1776350287000
1776350289.277,189.277,0.67,0.68,0.32,0.33,0.01,0.01,73949.22,1776350288000
1776350289.641,189.641,0.66,0.67,0.33,0.34,0.01,0.01,73949.22,1776350288000
1776350289.988,189.988,0.66,0.67,0.33,0.34,0.01,0.01,73949.22,1776350288000
1776350290.332,190.332,0.66,0.68,0.32,0.34,0.02,0.02,73949.04,1776350289000
1776350290.721,190.721,0.67,0.69,0.31,0.33,0.02,0.02,73949.04,1776350289000
1776350291.265,191.265,0.67,0.69,0.31,0.33,0.02,0.02,73949.19,1776350290000
1776350291.753,191.753,0.67,0.69,0.31,0.33,0.02,0.02,73949.19,1776350290000
1776350292.376,192.376,0.67,0.69,0.31,0.33,0.02,0.02,73950.24,1776350291000
1776350292.911,192.911,0.67,0.69,0.31,0.33,0.02,0.02,73950.65,1776350292000
1776350293.296,193.296,0.68,0.69,0.31,0.32,0.01,0.01,73950.65,1776350292000
1776350294.137,194.137,0.68,0.69,0.31,0.32,0.01,0.01,73951.74,1776350293000
1776350294.991,194.991,0.68,0.69,0.31,0.32,0.01,0.01,73951.74,1776350293000
1776350295.362,195.362,0.68,0.69,0.31,0.32,0.01,0.01,73951.74,1776350293000
1776350295.772,195.772,0.68,0.69,0.31,0.32,0.01,0.01,73950.98,1776350294000
1776350296.133,196.133,0.68,0.69,0.31,0.32,0.01,0.01,73950.98,1776350294000
1776350296.516,196.516,0.68,0.69,0.31,0.32,0.01,0.01,73950.99,1776350295000
1776350296.963,196.963,0.68,0.69,0.31,0.32,0.01,0.01,73950.99,1776350296000
1776350297.308,197.308,0.68,0.69,0.31,0.32,0.01,0.01,73950.99,1776350296000
1776350297.805,197.805,0.68,0.69,0.31,0.32,0.01,0.01,73950.99,1776350296000
1776350299.205,199.205,0.68,0.69,0.31,0.32,0.01,0.01,73950.93,1776350298000
1776350300.353,200.353,0.68,0.7,0.3,0.32,0.02,0.02,73950.15,1776350299000
1776350301.578,201.578,0.68,0.7,0.3,0.32,0.02,0.02,73951.13,1776350300000
1776350302.199,202.199,0.7,0.71,0.29,0.3,0.01,0.01,73955.12,1776350301000
1776350302.557,202.557,0.69,0.7,0.3,0.31,0.01,0.01,73955.12,1776350301000
1776350302.934,202.934,0.7,0.71,0.29,0.3,0.01,0.01,73955.12,1776350301000
1776350303.333,203.333,0.7,0.71,0.29,0.3,0.01,0.01,73955.12,1776350301000
1776350303.683,203.683,0.7,0.71,0.29,0.3,0.01,0.01,73956.67,1776350302000
1776350304.498,204.498,0.7,0.71,0.29,0.3,0.01,0.01,73956.24,1776350303000
1776350305.347,205.347,0.7,0.71,0.29,0.3,0.01,0.01,73955.91,1776350304000
1776350305.87,205.87,0.71,0.72,0.29,0.3,0.01,0.01,73955.91,1776350304000
1776350306.684,206.684,0.71,0.72,0.28,0.29,0.01,0.01,73953.27,1776350305000
1776350307.393,207.393,0.71,0.72,0.28,0.29,0.01,0.01,73953.45,1776350306000
1776350307.76,207.76,0.71,0.72,0.28,0.29,0.01,0.01,73953.45,1776350306000
1776350308.11,208.11,0.7,0.72,0.28,0.3,0.02,0.02,73953.45,1776350307000
1776350308.444,208.444,0.71,0.72,0.28,0.29,0.01,0.01,73953.45,1776350307000
1776350308.778,208.778,0.71,0.72,0.28,0.29,0.01,0.01,73953.45,1776350307000
1776350309.127,209.127,0.71,0.72,0.28,0.29,0.01,0.01,73953.45,1776350307000
1776350309.473,209.473,0.71,0.72,0.28,0.29,0.01,0.01,73952.26,1776350308000
1776350309.91,209.91,0.71,0.72,0.28,0.29,0.01,0.01,73952.26,1776350308000
1776350310.354,210.354,0.71,0.72,0.28,0.29,0.01,0.01,73952.71,1776350309000
1776350310.709,210.709,0.72,0.73,0.27,0.28,0.01,0.01,73952.71,1776350309000
1776350311.071,211.071,0.72,0.73,0.27,0.28,0.01,0.01,73952.71,1776350309000
1776350311.407,211.407,0.72,0.73,0.27,0.28,0.01,0.01,73952.71,1776350309000
1776350311.846,211.846,0.72,0.73,0.27,0.28,0.01,0.01,73948.83,1776350310000
1776350312.268,212.268,0.72,0.73,0.27,0.28,0.01,0.01,73952.77,1776350311000
1776350312.621,212.621,0.73,0.74,0.27,0.28,0.01,0.01,73952.77,1776350311000
1776350312.991,212.991,0.72,0.73,0.26,0.28,0.01,0.02,73952.77,1776350311000
1776350313.451,213.451,0.7,0.71,0.29,0.3,0.01,0.01,73952.77,1776350311000
1776350313.805,213.805,0.69,0.7,0.3,0.31,0.01,0.01,73954.21,1776350312000
1776350314.179,214.179,0.67,0.68,0.32,0.33,0.01,0.01,73954.21,1776350312000
1776350314.537,214.537,0.66,0.67,0.33,0.34,0.01,0.01,73950.62,1776350313000
1776350314.959,214.959,0.66,0.67,0.33,0.36,0.01,0.03,73950.62,1776350313000
1776350315.339,215.339,0.64,0.66,0.34,0.36,0.02,0.02,73948.61,1776350314000
1776350315.719,215.719,0.65,0.66,0.34,0.35,0.01,0.01,73948.61,1776350314000
1776350316.331,216.331,0.65,0.66,0.34,0.35,0.01,0.01,73948.61,1776350314000
1776350316.695,216.695,0.65,0.66,0.34,0.35,0.01,0.01,73948.61,1776350314000
1776350317.06,217.06,0.65,0.66,0.34,0.35,0.01,0.01,73936.33,1776350315000
1776350317.424,217.424,0.63,0.64,0.36,0.37,0.01,0.01,73936.33,1776350315000
1776350317.797,217.797,0.63,0.64,0.36,0.37,0.01,0.01,73937.05,1776350316000
1776350318.131,218.131,0.63,0.64,0.36,0.37,0.01,0.01,73937.05,1776350316000
1776350318.471,218.471,0.6,0.63,0.37,0.38,0.03,0.01,73937.31,1776350317000
1776350318.831,218.831,0.6,0.61,0.39,0.4,0.01,0.01,73937.31,1776350317000
1776350319.268,219.268,0.6,0.61,0.39,0.4,0.01,0.01,73937.31,1776350317000
1776350319.614,219.614,0.58,0.6,0.4,0.42,0.02,0.02,73937.31,1776350317000
1776350319.993,219.993,0.54,0.58,0.4,0.47,0.04,0.07,73937.31,1776350317000
1776350320.383,220.383,0.56,0.57,0.43,0.44,0.01,0.01,73924.44,1776350318000
1776350320.728,220.728,0.56,0.57,0.43,0.44,0.01,0.01,73922.2,1776350319000
1776350321.127,221.127,0.55,0.57,0.43,0.44,0.02,0.01,73922.2,1776350319000
1776350321.608,221.608,0.55,0.56,0.44,0.45,0.01,0.01,73921.78,1776350320000
1776350322.152,222.152,0.54,0.55,0.44,0.46,0.01,0.02,73921.78,1776350320000
1776350322.61,222.61,0.53,0.54,0.46,0.47,0.01,0.01,73920.81,1776350321000
1776350323.091,223.091,0.53,0.54,0.46,0.47,0.01,0.01,73920.93,1776350322000
1776350323.583,223.583,0.52,0.53,0.46,0.48,0.01,0.02,73920.93,1776350322000
1776350324.018,224.018,0.52,0.53,0.47,0.48,0.01,0.01,73920.93,1776350322000
1776350324.5,224.5,0.52,0.53,0.47,0.48,0.01,0.01,73917.56,1776350323000
1776350324.842,224.842,0.57,0.59,0.41,0.43,0.02,0.02,73917.56,1776350323000
1776350325.196,225.196,0.57,0.59,0.41,0.43,0.02,0.02,73917.56,1776350323000
1776350325.556,225.556,0.59,0.6,0.4,0.41,0.01,0.01,73916.43,1776350324000
1776350325.936,225.936,0.59,0.61,0.39,0.41,0.02,0.02,73919.84,1776350325000
1776350326.374,226.374,0.6,0.61,0.39,0.4,0.01,0.01,73919.84,1776350325000
1776350326.73,226.73,0.64,0.65,0.35,0.36,0.01,0.01,73919.84,1776350325000
1776350327.069,227.069,0.63,0.65,0.35,0.37,0.02,0.02,73919.84,1776350325000
1776350327.416,227.416,0.63,0.64,0.36,0.37,0.01,0.01,73926.13,1776350326000
1776350327.754,227.754,0.62,0.64,0.36,0.39,0.02,0.03,73926.13,1776350326000
1776350328.1,228.1,0.58,0.6,0.4,0.42,0.02,0.02,73930.26,1776350327000
1776350328.446,228.446,0.59,0.6,0.4,0.43,0.01,0.03,73930.26,1776350327000
1776350328.82,228.82,0.58,0.59,0.41,0.42,0.01,0.01,73930.26,1776350327000
1776350329.163,229.163,0.58,0.59,0.41,0.42,0.01,0.01,73930.26,1776350327000
1776350329.497,229.497,0.51,0.56,0.44,0.48,0.05,0.04,73930.61,1776350328000
1776350329.835,229.835,0.52,0.54,0.46,0.48,0.02,0.02,73930.61,1776350328000
1776350330.173,230.173,0.54,0.55,0.45,0.46,0.01,0.01,73930.61,1776350328000
1776350330.512,230.512,0.54,0.55,0.45,0.47,0.01,0.02,73923.73,1776350329000
1776350330.856,230.856,0.54,0.57,0.43,0.46,0.03,0.03,73923.73,1776350329000
1776350331.209,231.209,0.55,0.56,0.41,0.46,0.01,0.05,73921.68,1776350330000
1776350331.555,231.555,0.57,0.58,0.42,0.43,0.01,0.01,73921.68,1776350330000
1776350332.073,232.073,0.57,0.58,0.42,0.43,0.01,0.01,73921.68,1776350330000
1776350332.539,232.539,0.58,0.59,0.41,0.43,0.01,0.02,73921.12,1776350331000
1776350333.041,233.041,0.58,0.59,0.41,0.42,0.01,0.01,73921.12,1776350331000
1776350333.476,233.476,0.58,0.59,0.41,0.42,0.01,0.01,73923.74,1776350332000
1776350333.96,233.96,0.58,0.6,0.41,0.42,0.02,0.01,73923.74,1776350332000
1776350334.368,234.368,0.58,0.59,0.41,0.42,0.01,0.01,73923.74,1776350332000
1776350334.931,234.931,0.58,0.59,0.41,0.42,0.01,0.01,73923.74,1776350332000
1776350335.399,235.399,0.58,0.59,0.41,0.42,0.01,0.01,73925.22,1776350334000
1776350335.788,235.788,0.58,0.6,0.41,0.42,0.02,0.01,73925.22,1776350334000
1776350336.135,236.135,0.58,0.59,0.41,0.42,0.01,0.01,73925.37,1776350335000
1776350336.528,236.528,0.52,0.53,0.44,0.48,0.01,0.04,73925.37,1776350335000
1776350336.891,236.891,0.5,0.52,0.48,0.5,0.02,0.02,73925.37,1776350335000
1776350337.236,237.236,0.48,0.5,0.5,0.52,0.02,0.02,73925.37,1776350335000
1776350337.604,237.604,0.47,0.48,0.52,0.53,0.01,0.01,73924.04,1776350336000
1776350337.957,237.957,0.47,0.48,0.52,0.53,0.01,0.01,73924.04,1776350336000
1776350338.378,238.378,0.47,0.48,0.52,0.53,0.01,0.01,73905.69,1776350337000
1776350338.712,238.712,0.46,0.48,0.52,0.54,0.02,0.02,73905.69,1776350337000
1776350339.407,239.407,0.47,0.48,0.52,0.53,0.01,0.01,73904.7,1776350338000
1776350339.748,239.748,0.47,0.48,0.52,0.53,0.01,0.01,73904.7,1776350338000
1776350340.139,240.139,0.47,0.48,0.52,0.53,0.01,0.01,73904.25,1776350339000
1776350340.48,240.48,0.47,0.48,0.52,0.53,0.01,0.01,73904.25,1776350339000
1776350340.815,240.815,0.45,0.47,0.53,0.55,0.02,0.02,73904.25,1776350339000
1776350341.149,241.149,0.43,0.45,0.55,0.57,0.02,0.02,73906.54,1776350340000
1776350341.482,241.482,0.41,0.46,0.54,0.59,0.05,0.05,73906.54,1776350340000
1776350341.839,241.839,0.4,0.41,0.59,0.6,0.01,0.01,73906.54,1776350340000
1776350342.184,242.184,0.36,0.41,0.59,0.64,0.05,0.05,73897.25,1776350341000
1776350342.553,242.553,0.36,0.39,0.61,0.64,0.03,0.03,73897.25,1776350341000
1776350342.912,242.912,0.35,0.38,0.62,0.65,0.03,0.03,73897.25,1776350341000
1776350343.294,243.294,0.34,0.35,0.65,0.66,0.01,0.01,73893.5,1776350342000
1776350343.642,243.642,0.34,0.35,0.65,0.66,0.01,0.01,73893.5,1776350342000
1776350343.998,243.998,0.34,0.35,0.65,0.66,0.01,0.01,73893.5,1776350342000
1776350344.331,244.331,0.32,0.33,0.66,0.68,0.01,0.02,73893.5,1776350342000
1776350344.667,244.667,0.32,0.33,0.67,0.68,0.01,0.01,73888.44,1776350343000
1776350345.027,245.027,0.27,0.33,0.67,0.73,0.06,0.06,73888.44,1776350343000
1776350345.386,245.386,0.26,0.28,0.72,0.73,0.02,0.01,73888.48,1776350344000
1776350345.994,245.994,0.24,0.25,0.75,0.76,0.01,0.01,73888.48,1776350344000
1776350346.561,246.561,0.24,0.26,0.75,0.76,0.02,0.01,73887.29,1776350345000
1776350346.966,246.966,0.24,0.25,0.74,0.76,0.01,0.02,73887.29,1776350345000
1776350347.45,247.45,0.24,0.25,0.75,0.76,0.01,0.01,73885.76,1776350346000
1776350347.785,247.785,0.24,0.25,0.75,0.76,0.01,0.01,73885.76,1776350346000
1776350348.133,248.133,0.24,0.25,0.75,0.76,0.01,0.01,73885.76,1776350346000
1776350348.467,248.467,0.24,0.25,0.75,0.76,0.01,0.01,73885.65,1776350347000
1776350348.994,248.994,0.24,0.25,0.75,0.76,0.01,0.01,73885.65,1776350347000
1776350349.334,249.334,0.24,0.25,0.75,0.76,0.01,0.01,73885.65,1776350347000
1776350349.778,249.778,0.23,0.24,0.75,0.77,0.01,0.02,73885.94,1776350348000
1776350350.121,250.121,0.23,0.24,0.76,0.77,0.01,0.01,73885.94,1776350348000
1776350350.456,250.456,0.23,0.24,0.76,0.77,0.01,0.01,73885.94,1776350348000
1776350350.799,250.799,0.22,0.23,0.77,0.78,0.01,0.01,73886.21,1776350349000
1776350351.224,251.224,0.22,0.23,0.77,0.78,0.01,0.01,73885.04,1776350350000
1776350351.636,251.636,0.22,0.23,0.77,0.78,0.01,0.01,73885.04,1776350350000
1776350351.973,251.973,0.21,0.22,0.78,0.79,0.01,0.01,73885.04,1776350350000
1776350352.323,252.323,0.21,0.23,0.77,0.79,0.02,0.02,73885.07,1776350351000
1776350352.701,252.701,0.22,0.23,0.77,0.78,0.01,0.01,73885.07,1776350351000
1776350353.199,253.199,0.26,0.27,0.74,0.75,0.01,0.01,73885.07,1776350351000
1776350353.698,253.698,0.26,0.27,0.73,0.74,0.01,0.01,73884.28,1776350352000
1776350354.033,254.033,0.26,0.28,0.72,0.74,0.02,0.02,73885.67,1776350353000
1776350354.433,254.433,0.3,0.32,0.69,0.7,0.02,0.01,73885.67,1776350353000
1776350354.774,254.774,0.3,0.32,0.67,0.7,0.02,0.03,73885.67,1776350353000
1776350355.126,255.126,0.28,0.3,0.71,0.72,0.02,0.01,73885.67,1776350353000
1776350355.516,255.516,0.27,0.29,0.71,0.72,0.02,0.01,73892.58,1776350354000
1776350355.945,255.945,0.3,0.31,0.68,0.7,0.01,0.02,73892.58,1776350354000
1776350356.286,256.286,0.3,0.31,0.69,0.7,0.01,0.01,73896.02,1776350355000
1776350356.651,256.651,0.3,0.31,0.69,0.7,0.01,0.01,73896.02,1776350355000
1776350357.015,257.015,0.3,0.31,0.69,0.7,0.01,0.01,73895.32,1776350356000
1776350357.426,257.426,0.3,0.31,0.69,0.7,0.01,0.01,73895.32,1776350356000
1776350357.881,257.881,0.31,0.32,0.68,0.69,0.01,0.01,73895.32,1776350356000
1776350358.346,258.346,0.31,0.32,0.68,0.69,0.01,0.01,73894.46,1776350357000
1776350358.731,258.731,0.29,0.31,0.68,0.7,0.02,0.02,73894.46,1776350357000
1776350359.071,259.071,0.29,0.3,0.7,0.71,0.01,0.01,73894.48,1776350358000
1776350359.586,259.586,0.29,0.3,0.7,0.71,0.01,0.01,73894.48,1776350358000
1776350359.97,259.97,0.29,0.3,0.7,0.71,0.01,0.01,73894.48,1776350358000
1776350360.336,260.336,0.29,0.3,0.7,0.71,0.01,0.01,73894.55,1776350359000
1776350360.805,260.805,0.33,0.35,0.66,0.67,0.02,0.01,73894.55,1776350359000
1776350361.199,261.199,0.33,0.37,0.63,0.67,0.04,0.04,73898.57,1776350360000
1776350361.619,261.619,0.34,0.38,0.62,0.67,0.04,0.05,73898.57,1776350360000
1776350361.993,261.993,0.37,0.39,0.6,0.63,0.02,0.03,73898.57,1776350360000
1776350362.405,262.405,0.4,0.42,0.59,0.6,0.02,0.01,73909.2,1776350361000
1776350362.74,262.74,0.4,0.44,0.57,0.6,0.04,0.03,73909.2,1776350361000
1776350363.1,263.1,0.44,0.45,0.55,0.57,0.01,0.02,73909.2,1776350361000
1776350363.473,263.473,0.48,0.5,0.51,0.52,0.02,0.01,73909.2,1776350361000
1776350363.832,263.832,0.48,0.51,0.51,0.52,0.03,0.01,73909.2,1776350361000
1776350364.171,264.171,0.5,0.58,0.42,0.46,0.08,0.04,73912.48,1776350362000
1776350364.53,264.53,0.56,0.6,0.4,0.41,0.04,0.01,73912.48,1776350362000
1776350364.976,264.976,0.59,0.61,0.39,0.4,0.02,0.01,73912.48,1776350362000
1776350365.391,265.391,0.6,0.61,0.39,0.4,0.01,0.01,73916.23,1776350363000
1776350365.744,265.744,0.6,0.61,0.39,0.4,0.01,0.01,73916.23,1776350363000
1776350366.1,266.1,0.6,0.61,0.39,0.4,0.01,0.01,73923.1,1776350364000
1776350366.459,266.459,0.6,0.61,0.39,0.4,0.01,0.01,73923.1,1776350364000
1776350367.069,267.069,0.6,0.61,0.39,0.4,0.01,0.01,73923.48,1776350365000
1776350367.442,267.442,0.6,0.61,0.39,0.4,0.01,0.01,73923.48,1776350365000
1776350367.789,267.789,0.6,0.61,0.39,0.4,0.01,0.01,73923.66,1776350366000
1776350368.144,268.144,0.6,0.62,0.38,0.4,0.02,0.02,73923.66,1776350366000
1776350368.498,268.498,0.61,0.62,0.38,0.4,0.01,0.02,73922.58,1776350367000
1776350369.0,269.0,0.6,0.62,0.39,0.4,0.02,0.01,73922.58,1776350367000
1776350369.598,269.598,0.59,0.6,0.4,0.41,0.01,0.01,73922.85,1776350368000
1776350369.943,269.943,0.59,0.6,0.4,0.41,0.01,0.01,73922.85,1776350368000
1776350370.364,270.364,0.59,0.6,0.4,0.41,0.01,0.01,73922.85,1776350368000
1776350370.926,270.926,0.6,0.61,0.39,0.4,0.01,0.01,73920.93,1776350369000
1776350371.292,271.292,0.6,0.61,0.39,0.4,0.01,0.01,73920.42,1776350370000
1776350371.638,271.638,0.58,0.59,0.4,0.41,0.01,0.01,73920.42,1776350370000
1776350371.974,271.974,0.57,0.58,0.42,0.43,0.01,0.01,73920.42,1776350370000
1776350372.362,272.362,0.56,0.57,0.42,0.44,0.01,0.02,73920.42,1776350370000
1776350372.75,272.75,0.55,0.56,0.44,0.45,0.01,0.01,73920.7,1776350371000
1776350373.105,273.105,0.49,0.5,0.46,0.51,0.01,0.05,73920.7,1776350371000
1776350373.451,273.451,0.48,0.5,0.5,0.51,0.02,0.01,73920.65,1776350372000
1776350373.812,273.812,0.45,0.46,0.54,0.56,0.01,0.02,73920.65,1776350372000
1776350374.412,274.412,0.44,0.45,0.55,0.56,0.01,0.01,73917.11,1776350373000
1776350374.804,274.804,0.44,0.45,0.55,0.56,0.01,0.01,73917.11,1776350373000
1776350375.151,275.151,0.41,0.42,0.58,0.59,0.01,0.01,73917.11,1776350373000
1776350375.714,275.714,0.4,0.41,0.59,0.6,0.01,0.01,73914.45,1776350374000
1776350376.052,276.052,0.31,0.36,0.64,0.68,0.05,0.04,73914.45,1776350374000
1776350376.386,276.386,0.31,0.32,0.68,0.69,0.01,0.01,73914.45,1776350374000
1776350376.757,276.757,0.3,0.31,0.68,0.7,0.01,0.02,73907.14,1776350375000
1776350377.104,277.104,0.27,0.28,0.72,0.73,0.01,0.01,73907.14,1776350375000
1776350377.48,277.48,0.27,0.28,0.72,0.73,0.01,0.01,73907.14,1776350375000
1776350377.858,277.858,0.27,0.28,0.72,0.73,0.01,0.01,73905.15,1776350376000
1776350378.329,278.329,0.26,0.27,0.73,0.74,0.01,0.01,73902.8,1776350377000
1776350378.675,278.675,0.26,0.27,0.73,0.74,0.01,0.01,73902.8,1776350377000
1776350379.122,279.122,0.26,0.27,0.73,0.74,0.01,0.01,73902.8,1776350377000
1776350379.554,279.554,0.26,0.27,0.73,0.74,0.01,0.01,73902.8,1776350377000
1776350379.967,279.967,0.26,0.27,0.73,0.74,0.01,0.01,73900,1776350378000
1776350380.317,280.317,0.25,0.27,0.73,0.74,0.02,0.01,73900,1776350379000
1776350380.65,280.65,0.22,0.23,0.77,0.78,0.01,0.01,73900,1776350379000
1776350381.095,281.095,0.24,0.25,0.75,0.78,0.01,0.03,73900,1776350379000
1776350381.471,281.471,0.26,0.27,0.75,0.76,0.01,0.01,73900,1776350379000
1776350381.818,281.818,0.27,0.28,0.72,0.73,0.01,0.01,73900.97,1776350380000
1776350382.2,282.2,0.27,0.28,0.72,0.73,0.01,0.01,73900.97,1776350380000
1776350382.618,282.618,0.27,0.3,0.71,0.73,0.03,0.02,73900.97,1776350380000
1776350382.971,282.971,0.29,0.31,0.69,0.73,0.02,0.04,73900.17,1776350381000
1776350383.385,283.385,0.41,0.44,0.56,0.6,0.03,0.04,73900.61,1776350382000
1776350383.718,283.718,0.45,0.46,0.54,0.55,0.01,0.01,73900.61,1776350382000
1776350384.154,284.154,0.46,0.47,0.53,0.54,0.01,0.01,73900.61,1776350382000
1776350384.498,284.498,0.46,0.47,0.53,0.54,0.01,0.01,73904.09,1776350383000
1776350384.929,284.929,0.43,0.44,0.55,0.56,0.01,0.01,73904.09,1776350383000
1776350385.274,285.274,0.43,0.44,0.56,0.57,0.01,0.01,73910.26,1776350384000
1776350385.648,285.648,0.42,0.43,0.57,0.58,0.01,0.01,73910.26,1776350384000
1776350386.016,286.016,0.4,0.43,0.57,0.6,0.03,0.03,73910.26,1776350384000
1776350386.367,286.367,0.4,0.41,0.59,0.6,0.01,0.01,73910.26,1776350384000
1776350386.755,286.755,0.39,0.4,0.59,0.61,0.01,0.02,73911.24,1776350385000
1776350387.124,287.124,0.38,0.4,0.6,0.61,0.02,0.01,73911.41,1776350386000
1776350387.525,287.525,0.39,0.4,0.61,0.62,0.01,0.01,73911.41,1776350386000
1776350387.872,287.872,0.39,0.4,0.6,0.61,0.01,0.01,73911.41,1776350386000
1776350388.233,288.233,0.39,0.4,0.6,0.61,0.01,0.01,73911.41,1776350387000
1776350388.607,288.607,0.39,0.4,0.6,0.62,0.01,0.02,73911.41,1776350387000
1776350388.95,288.95,0.39,0.4,0.6,0.61,0.01,0.01,73911.41,1776350387000
1776350389.342,289.342,0.39,0.4,0.6,0.61,0.01,0.01,73910.62,1776350388000
1776350389.708,289.708,0.39,0.4,0.6,0.61,0.01,0.01,73910.62,1776350388000
1776350390.262,290.262,0.38,0.4,0.6,0.61,0.02,0.01,73910.82,1776350389000
1776350390.61,290.61,0.31,0.32,0.68,0.69,0.01,0.01,73910.82,1776350389000
1776350390.95,290.95,0.2,0.22,0.78,0.79,0.02,0.01,73910.82,1776350389000
1776350391.292,291.292,0.16,0.18,0.81,0.84,0.02,0.03,73911.37,1776350390000
1776350391.642,291.642,0.11,0.13,0.87,0.89,0.02,0.02,73911.37,1776350390000
1776350391.99,291.99,0.11,0.12,0.88,0.89,0.01,0.01,73911.37,1776350390000
1776350392.329,292.329,0.08,0.09,0.9,0.92,0.01,0.02,73910.81,1776350391000
1776350392.662,292.662,0.08,0.09,0.91,0.92,0.01,0.01,73910.81,1776350391000
1776350393.03,293.03,0.07,0.08,0.92,0.93,0.01,0.01,73910.81,1776350391000
1776350393.371,293.371,0.07,0.08,0.92,0.93,0.01,0.01,73901.86,1776350392000
1776350393.718,293.718,0.06,0.07,0.92,0.95,0.01,0.03,73901.86,1776350392000
1776350394.061,294.061,0.05,0.06,0.91,0.95,0.01,0.04,73901.86,1776350392000
1776350394.409,294.409,0.06,0.07,0.91,0.95,0.01,0.04,73899.74,1776350393000
1776350394.747,294.747,0.05,0.06,0.94,0.95,0.01,0.01,73899.74,1776350393000
1776350395.114,295.114,0.05,0.06,0.93,0.95,0.01,0.02,73899.74,1776350393000
1776350395.448,295.448,0.05,0.06,0.94,0.95,0.01,0.01,73897.11,1776350394000
1776350395.797,295.797,0.03,0.04,0.96,0.97,0.01,0.01,73897.11,1776350394000
1776350396.162,296.162,0.03,0.04,0.96,0.97,0.01,0.01,73897.11,1776350394000
1776350396.507,296.507,0.03,0.04,0.96,0.97,0.01,0.01,73897.11,1776350394000
1776350396.85,296.85,0.02,0.03,0.97,0.98,0.01,0.01,73895.9,1776350395000
1776350397.184,297.184,0.02,0.03,0.97,0.98,0.01,0.01,73895.9,1776350395000
1776350397.524,297.524,0.01,0.02,0.98,0.99,0.01,0.01,73896.18,1776350396000
1776350397.864,297.864,0.01,0.02,0.98,0.99,0.01,0.01,73896.18,1776350396000
1776350398.199,298.199,0.01,0.02,0.98,0.99,0.01,0.01,73896.18,1776350396000
1776350398.549,298.549,0.01,0.01,0.99,0.99,0.0,0.0,73896.63,1776350397000
1776350398.909,298.909,0.01,0.01,0.99,0.99,0.0,0.0,73896.63,1776350397000
1776350399.364,299.364,0.01,0.01,0.99,0.99,0.0,0.0,73896.13,1776350398000
1776350399.714,299.714,0.01,0.01,0.99,0.99,0.0,0.0,73896.13,1776350398000
1776350400.161,300.161,0.01,0.01,0.99,0.99,0.0,0.0,73895.1,1776350399000
1776350400.681,300.681,0.01,0.01,0.99,0.99,0.0,0.0,73895.1,1776350399000

# RESULT,winner=Down,slug=btc-updown-5m-1776350100,ticks=709
