timestamp,elapsed_sec,up_bid,up_ask,down_bid,down_ask,up_spread,down_spread,btc_price,btc_oracle_ts
1776894300.635,0.635,0.46,0.48,0.52,0.53,0.02,0.01,78774.5,1776894299000
1776894301.003,1.003,0.46,0.47,0.53,0.54,0.01,0.01,78774.5,1776894299000
1776894301.467,1.467,0.46,0.47,0.53,0.54,0.01,0.01,78774.5,1776894300000
1776894302.041,2.041,0.46,0.47,0.53,0.54,0.01,0.01,78774.5,1776894300000
1776894302.383,2.383,0.43,0.44,0.56,0.57,0.01,0.01,78774.36,1776894301000
1776894302.732,2.732,0.42,0.43,0.57,0.58,0.01,0.01,78774.36,1776894301000
1776894303.087,3.087,0.42,0.43,0.57,0.58,0.01,0.01,78774.36,1776894301000
1776894303.502,3.502,0.42,0.43,0.57,0.58,0.01,0.01,78774.71,1776894302000
1776894303.914,3.914,0.42,0.43,0.57,0.58,0.01,0.01,78774.6,1776894303000
1776894304.26,4.26,0.42,0.43,0.57,0.58,0.01,0.01,78774.6,1776894303000
1776894304.598,4.598,0.42,0.43,0.57,0.58,0.01,0.01,78774.6,1776894303000
1776894304.974,4.974,0.42,0.43,0.57,0.58,0.01,0.01,78774.6,1776894303000
1776894305.391,5.391,0.42,0.43,0.57,0.58,0.01,0.01,78771.15,1776894304000
1776894305.737,5.737,0.42,0.43,0.57,0.58,0.01,0.01,78771.15,1776894304000
1776894306.145,6.145,0.42,0.43,0.57,0.58,0.01,0.01,78770.56,1776894305000
1776894306.548,6.548,0.42,0.43,0.57,0.58,0.01,0.01,78770.56,1776894305000
1776894306.937,6.937,0.42,0.43,0.57,0.58,0.01,0.01,78770.55,1776894306000
1776894307.333,7.333,0.42,0.43,0.57,0.58,0.01,0.01,78770.55,1776894306000
1776894307.716,7.716,0.42,0.43,0.57,0.58,0.01,0.01,78770.55,1776894306000
1776894308.089,8.089,0.43,0.44,0.56,0.57,0.01,0.01,78770.54,1776894307000
1776894308.439,8.439,0.43,0.44,0.56,0.57,0.01,0.01,78770.54,1776894307000
1776894308.838,8.838,0.43,0.44,0.56,0.57,0.01,0.01,78770.54,1776894307000
1776894309.268,9.268,0.44,0.46,0.56,0.57,0.02,0.01,78771.12,1776894308000
1776894309.756,9.756,0.45,0.46,0.54,0.55,0.01,0.01,78771.12,1776894308000
1776894310.226,10.226,0.45,0.46,0.54,0.55,0.01,0.01,78771.13,1776894309000
1776894310.724,10.724,0.45,0.46,0.54,0.55,0.01,0.01,78771.13,1776894309000
1776894311.108,11.108,0.46,0.47,0.54,0.55,0.01,0.01,78771.26,1776894310000
1776894311.746,11.746,0.46,0.47,0.53,0.54,0.01,0.01,78771.26,1776894310000
1776894312.196,12.196,0.46,0.47,0.53,0.54,0.01,0.01,78771.34,1776894311000
1776894312.548,12.548,0.46,0.47,0.53,0.54,0.01,0.01,78771.34,1776894311000
1776894312.984,12.984,0.46,0.47,0.53,0.54,0.01,0.01,78771.34,1776894311000
1776894313.318,13.318,0.47,0.48,0.52,0.53,0.01,0.01,78771.73,1776894312000
1776894313.654,13.654,0.47,0.48,0.52,0.53,0.01,0.01,78771.73,1776894312000
1776894313.993,13.993,0.47,0.48,0.52,0.53,0.01,0.01,78771.73,1776894312000
1776894314.347,14.347,0.47,0.48,0.52,0.53,0.01,0.01,78771.73,1776894312000
1776894314.746,14.746,0.47,0.48,0.52,0.53,0.01,0.01,78771.93,1776894313000
1776894315.204,15.204,0.47,0.48,0.52,0.53,0.01,0.01,78771.93,1776894313000
1776894315.781,15.781,0.47,0.48,0.52,0.53,0.01,0.01,78771.93,1776894313000
1776894316.288,16.288,0.47,0.48,0.52,0.53,0.01,0.01,78772.77,1776894314000
1776894316.671,16.671,0.47,0.48,0.52,0.53,0.01,0.01,78773.33,1776894315000
1776894317.164,17.164,0.47,0.48,0.52,0.53,0.01,0.01,78773.33,1776894315000
1776894317.524,17.524,0.48,0.49,0.51,0.52,0.01,0.01,78773.32,1776894316000
1776894317.932,17.932,0.48,0.49,0.51,0.52,0.01,0.01,78773.32,1776894316000
1776894318.333,18.333,0.48,0.49,0.51,0.52,0.01,0.01,78773.06,1776894317000
1776894318.692,18.692,0.48,0.49,0.51,0.52,0.01,0.01,78773.06,1776894317000
1776894319.06,19.06,0.48,0.49,0.51,0.52,0.01,0.01,78773.06,1776894317000
1776894319.432,19.432,0.48,0.49,0.51,0.52,0.01,0.01,78773.06,1776894317000
1776894319.792,19.792,0.48,0.49,0.51,0.52,0.01,0.01,78773.26,1776894318000
1776894320.231,20.231,0.49,0.5,0.5,0.51,0.01,0.01,78773.26,1776894318000
1776894320.615,20.615,0.49,0.5,0.5,0.51,0.01,0.01,78773.35,1776894319000
1776894320.975,20.975,0.49,0.5,0.5,0.51,0.01,0.01,78773.35,1776894320000
1776894321.319,21.319,0.49,0.5,0.5,0.51,0.01,0.01,78773.35,1776894320000
1776894321.654,21.654,0.49,0.5,0.5,0.51,0.01,0.01,78773.35,1776894320000
1776894322.086,22.086,0.5,0.51,0.49,0.5,0.01,0.01,78773.35,1776894320000
1776894322.516,22.516,0.51,0.52,0.48,0.49,0.01,0.01,78773.51,1776894321000
1776894322.855,22.855,0.52,0.53,0.47,0.48,0.01,0.01,78773.51,1776894321000
1776894323.263,23.263,0.52,0.53,0.47,0.48,0.01,0.01,78773.51,1776894321000
1776894323.632,23.632,0.51,0.52,0.48,0.49,0.01,0.01,78773.81,1776894322000
1776894324.086,24.086,0.51,0.52,0.48,0.49,0.01,0.01,78773.81,1776894322000
1776894324.437,24.437,0.5,0.51,0.48,0.5,0.01,0.02,78773.81,1776894322000
1776894324.776,24.776,0.5,0.51,0.49,0.5,0.01,0.01,78776.79,1776894323000
1776894325.181,25.181,0.5,0.51,0.49,0.5,0.01,0.01,78776.79,1776894323000
1776894325.635,25.635,0.5,0.51,0.49,0.5,0.01,0.01,78776.81,1776894324000
1776894326.069,26.069,0.5,0.51,0.49,0.5,0.01,0.01,78776.1,1776894325000
1776894326.474,26.474,0.5,0.51,0.49,0.5,0.01,0.01,78776.1,1776894325000
1776894327.196,27.196,0.5,0.51,0.49,0.5,0.01,0.01,78776.1,1776894325000
1776894327.537,27.537,0.5,0.51,0.49,0.5,0.01,0.01,78776.1,1776894326000
1776894328.045,28.045,0.5,0.51,0.49,0.5,0.01,0.01,78775.61,1776894327000
1776894328.507,28.507,0.5,0.51,0.49,0.5,0.01,0.01,78775.61,1776894327000
1776894329.098,29.098,0.49,0.5,0.49,0.5,0.01,0.01,78775.61,1776894327000
1776894329.444,29.444,0.49,0.5,0.5,0.51,0.01,0.01,78775.48,1776894328000
1776894329.778,29.778,0.49,0.5,0.5,0.51,0.01,0.01,78775.48,1776894328000
1776894330.152,30.152,0.49,0.5,0.5,0.51,0.01,0.01,78775.69,1776894329000
1776894330.937,30.937,0.49,0.5,0.5,0.51,0.01,0.01,78775.69,1776894329000
1776894331.466,31.466,0.49,0.5,0.5,0.51,0.01,0.01,78775.69,1776894329000
1776894331.804,31.804,0.49,0.5,0.5,0.51,0.01,0.01,78775.71,1776894330000
1776894332.329,32.329,0.49,0.5,0.5,0.51,0.01,0.01,78775.65,1776894331000
1776894332.693,32.693,0.49,0.5,0.5,0.51,0.01,0.01,78775.65,1776894331000
1776894333.051,33.051,0.49,0.5,0.5,0.51,0.01,0.01,78775.65,1776894331000
1776894333.52,33.52,0.49,0.5,0.5,0.51,0.01,0.01,78775.65,1776894332000
1776894334.152,34.152,0.49,0.5,0.5,0.51,0.01,0.01,78775.65,1776894332000
1776894334.674,34.674,0.49,0.5,0.5,0.51,0.01,0.01,78775.65,1776894333000
1776894335.651,35.651,0.49,0.5,0.5,0.51,0.01,0.01,78775.65,1776894334000
1776894336.033,36.033,0.49,0.5,0.5,0.51,0.01,0.01,78775.85,1776894335000
1776894336.62,36.62,0.49,0.5,0.5,0.51,0.01,0.01,78775.85,1776894335000
1776894336.985,36.985,0.49,0.5,0.5,0.51,0.01,0.01,78775.85,1776894335000
1776894337.881,37.881,0.49,0.5,0.5,0.51,0.01,0.01,78775.71,1776894336000
1776894338.268,38.268,0.48,0.49,0.5,0.52,0.01,0.02,78775.81,1776894337000
1776894338.666,38.666,0.48,0.49,0.51,0.52,0.01,0.01,78775.81,1776894337000
1776894339.04,39.04,0.47,0.49,0.51,0.53,0.02,0.02,78775.81,1776894337000
1776894339.514,39.514,0.48,0.49,0.51,0.52,0.01,0.01,78775.87,1776894338000
1776894339.952,39.952,0.48,0.49,0.51,0.52,0.01,0.01,78775.87,1776894338000
1776894340.354,40.354,0.48,0.49,0.51,0.52,0.01,0.01,78775.87,1776894339000
1776894341.387,41.387,0.48,0.49,0.51,0.52,0.01,0.01,78776.32,1776894340000
1776894342.017,42.017,0.48,0.49,0.51,0.52,0.01,0.01,78776.32,1776894341000
1776894342.392,42.392,0.46,0.47,0.53,0.54,0.01,0.01,78776.32,1776894341000
1776894342.888,42.888,0.46,0.47,0.53,0.54,0.01,0.01,78776.32,1776894341000
1776894343.284,43.284,0.46,0.48,0.52,0.54,0.02,0.02,78776.29,1776894342000
1776894343.765,43.765,0.47,0.48,0.52,0.53,0.01,0.01,78776.29,1776894342000
1776894344.436,44.436,0.47,0.48,0.52,0.53,0.01,0.01,78776.34,1776894343000
1776894344.822,44.822,0.47,0.48,0.52,0.54,0.01,0.02,78776.34,1776894343000
1776894345.237,45.237,0.47,0.48,0.52,0.53,0.01,0.01,78776.34,1776894344000
1776894345.635,45.635,0.47,0.48,0.52,0.53,0.01,0.01,78776.34,1776894344000
1776894346.306,46.306,0.47,0.48,0.52,0.53,0.01,0.01,78776.82,1776894345000
1776894346.686,46.686,0.47,0.48,0.52,0.53,0.01,0.01,78776.82,1776894345000
1776894347.034,47.034,0.47,0.48,0.52,0.53,0.01,0.01,78776.82,1776894345000
1776894347.403,47.403,0.46,0.47,0.53,0.54,0.01,0.01,78776.82,1776894346000
1776894347.951,47.951,0.46,0.47,0.53,0.54,0.01,0.01,78776.82,1776894347000
1776894348.457,48.457,0.46,0.47,0.53,0.54,0.01,0.01,78776.82,1776894347000
1776894348.818,48.818,0.46,0.47,0.53,0.54,0.01,0.01,78776.82,1776894347000
1776894349.252,49.252,0.47,0.48,0.53,0.54,0.01,0.01,78776.82,1776894347000
1776894349.892,49.892,0.46,0.47,0.53,0.54,0.01,0.01,78775.97,1776894348000
1776894350.251,50.251,0.46,0.48,0.53,0.54,0.02,0.01,78775.97,1776894349000
1776894350.894,50.894,0.46,0.47,0.53,0.54,0.01,0.01,78775.97,1776894349000
1776894351.281,51.281,0.46,0.47,0.53,0.54,0.01,0.01,78776.39,1776894350000
1776894351.727,51.727,0.46,0.47,0.53,0.54,0.01,0.01,78776.39,1776894350000
1776894352.219,52.219,0.46,0.47,0.53,0.54,0.01,0.01,78776.39,1776894350000
1776894352.6,52.6,0.46,0.47,0.53,0.54,0.01,0.01,78776.39,1776894351000
1776894353.049,53.049,0.45,0.47,0.53,0.55,0.02,0.02,78776.39,1776894352000
1776894353.42,53.42,0.45,0.46,0.54,0.55,0.01,0.01,78776.39,1776894352000
1776894353.857,53.857,0.45,0.46,0.54,0.55,0.01,0.01,78776.39,1776894352000
1776894354.436,54.436,0.46,0.47,0.54,0.55,0.01,0.01,78775.93,1776894353000
1776894355.335,55.335,0.46,0.47,0.53,0.54,0.01,0.01,78775.93,1776894353000
1776894355.747,55.747,0.44,0.45,0.53,0.57,0.01,0.04,78775.71,1776894354000
1776894356.21,56.21,0.39,0.4,0.6,0.61,0.01,0.01,78775.71,1776894355000
1776894356.585,56.585,0.39,0.4,0.6,0.61,0.01,0.01,78775.71,1776894355000
1776894356.964,56.964,0.39,0.4,0.6,0.61,0.01,0.01,78775.71,1776894355000
1776894357.321,57.321,0.39,0.4,0.6,0.61,0.01,0.01,78775.24,1776894356000
1776894357.993,57.993,0.39,0.4,0.6,0.61,0.01,0.01,78775.24,1776894356000
1776894358.341,58.341,0.33,0.34,0.66,0.67,0.01,0.01,78775.24,1776894356000
1776894358.691,58.691,0.33,0.34,0.66,0.69,0.01,0.03,78771.79,1776894357000
1776894359.027,59.027,0.33,0.34,0.66,0.67,0.01,0.01,78771.79,1776894357000
1776894359.4,59.4,0.32,0.34,0.66,0.67,0.02,0.01,78771.02,1776894358000
1776894359.736,59.736,0.33,0.34,0.66,0.67,0.01,0.01,78771.02,1776894358000
1776894360.077,60.077,0.33,0.34,0.66,0.67,0.01,0.01,78771.02,1776894358000
1776894360.489,60.489,0.33,0.34,0.66,0.67,0.01,0.01,78765.46,1776894359000
1776894360.876,60.876,0.33,0.34,0.66,0.67,0.01,0.01,78765.46,1776894359000
1776894361.213,61.213,0.33,0.34,0.66,0.67,0.01,0.01,78765.46,1776894359000
1776894361.593,61.593,0.33,0.34,0.66,0.67,0.01,0.01,78764.27,1776894360000
1776894361.933,61.933,0.33,0.34,0.66,0.67,0.01,0.01,78764.27,1776894360000
1776894362.322,62.322,0.33,0.34,0.66,0.67,0.01,0.01,78763.74,1776894361000
1776894362.715,62.715,0.33,0.34,0.66,0.67,0.01,0.01,78763.74,1776894361000
1776894363.167,63.167,0.33,0.34,0.66,0.67,0.01,0.01,78763.68,1776894362000
1776894363.751,63.751,0.33,0.34,0.66,0.67,0.01,0.01,78763.68,1776894362000
1776894364.103,64.103,0.33,0.34,0.66,0.67,0.01,0.01,78763.54,1776894363000
1776894364.499,64.499,0.33,0.34,0.66,0.67,0.01,0.01,78763.54,1776894363000
1776894364.905,64.905,0.33,0.34,0.66,0.67,0.01,0.01,78763.29,1776894364000
1776894365.256,65.256,0.33,0.34,0.66,0.67,0.01,0.01,78763.29,1776894364000
1776894365.646,65.646,0.33,0.34,0.66,0.67,0.01,0.01,78763.29,1776894364000
1776894366.066,66.066,0.33,0.34,0.66,0.67,0.01,0.01,78763.28,1776894365000
1776894366.41,66.41,0.33,0.36,0.64,0.67,0.03,0.03,78763.28,1776894365000
1776894366.776,66.776,0.39,0.43,0.58,0.61,0.04,0.03,78763.28,1776894365000
1776894367.199,67.199,0.5,0.52,0.48,0.5,0.02,0.02,78763.28,1776894365000
1776894367.589,67.589,0.5,0.51,0.49,0.5,0.01,0.01,78763.32,1776894366000
1776894367.933,67.933,0.5,0.51,0.49,0.5,0.01,0.01,78763.32,1776894366000
1776894368.337,68.337,0.5,0.51,0.49,0.5,0.01,0.01,78766.25,1776894367000
1776894368.675,68.675,0.5,0.51,0.49,0.5,0.01,0.01,78766.25,1776894367000
1776894369.159,69.159,0.5,0.51,0.49,0.5,0.01,0.01,78771.46,1776894368000
1776894369.531,69.531,0.5,0.51,0.49,0.5,0.01,0.01,78771.46,1776894368000
1776894369.868,69.868,0.52,0.53,0.47,0.48,0.01,0.01,78771.46,1776894368000
1776894370.257,70.257,0.53,0.54,0.46,0.47,0.01,0.01,78773.75,1776894369000
1776894370.62,70.62,0.53,0.54,0.46,0.47,0.01,0.01,78773.75,1776894369000
1776894371.088,71.088,0.53,0.54,0.46,0.47,0.01,0.01,78774.72,1776894370000
1776894371.652,71.652,0.53,0.54,0.46,0.47,0.01,0.01,78774.72,1776894370000
1776894372.004,72.004,0.53,0.54,0.46,0.47,0.01,0.01,78774.72,1776894370000
1776894372.458,72.458,0.53,0.54,0.46,0.47,0.01,0.01,78775.53,1776894371000
1776894372.869,72.869,0.53,0.54,0.46,0.47,0.01,0.01,78775.53,1776894371000
1776894373.284,73.284,0.53,0.54,0.46,0.47,0.01,0.01,78775.64,1776894372000
1776894373.645,73.645,0.53,0.54,0.46,0.47,0.01,0.01,78775.64,1776894372000
1776894374.02,74.02,0.53,0.54,0.46,0.47,0.01,0.01,78775.7,1776894373000
1776894374.44,74.44,0.53,0.54,0.46,0.47,0.01,0.01,78775.7,1776894373000
1776894375.236,75.236,0.53,0.54,0.46,0.47,0.01,0.01,78775.7,1776894373000
1776894375.575,75.575,0.53,0.54,0.46,0.47,0.01,0.01,78775.74,1776894374000
1776894375.956,75.956,0.53,0.54,0.46,0.47,0.01,0.01,78775.73,1776894375000
1776894376.402,76.402,0.53,0.54,0.46,0.47,0.01,0.01,78775.73,1776894375000
1776894376.99,76.99,0.53,0.54,0.46,0.47,0.01,0.01,78775.73,1776894375000
1776894377.338,77.338,0.53,0.54,0.46,0.47,0.01,0.01,78775.73,1776894376000
1776894377.775,77.775,0.53,0.54,0.46,0.47,0.01,0.01,78775.73,1776894376000
1776894378.119,78.119,0.53,0.54,0.46,0.47,0.01,0.01,78775.73,1776894376000
1776894378.475,78.475,0.53,0.54,0.46,0.47,0.01,0.01,78775.73,1776894377000
1776894378.854,78.854,0.53,0.54,0.46,0.47,0.01,0.01,78775.73,1776894377000
1776894379.201,79.201,0.53,0.54,0.46,0.47,0.01,0.01,78775.8,1776894378000
1776894379.651,79.651,0.53,0.54,0.46,0.47,0.01,0.01,78775.8,1776894378000
1776894380.017,80.017,0.53,0.54,0.46,0.47,0.01,0.01,78776.25,1776894379000
1776894380.409,80.409,0.53,0.54,0.46,0.47,0.01,0.01,78776.25,1776894379000
1776894380.938,80.938,0.53,0.54,0.46,0.47,0.01,0.01,78776.25,1776894379000
1776894381.509,81.509,0.53,0.54,0.46,0.47,0.01,0.01,78776.31,1776894380000
1776894381.984,81.984,0.54,0.55,0.45,0.46,0.01,0.01,78776.31,1776894380000
1776894382.33,82.33,0.55,0.56,0.44,0.45,0.01,0.01,78776.34,1776894381000
1776894382.736,82.736,0.55,0.56,0.44,0.45,0.01,0.01,78776.34,1776894381000
1776894383.152,83.152,0.55,0.56,0.44,0.45,0.01,0.01,78776.34,1776894381000
1776894383.565,83.565,0.55,0.56,0.44,0.45,0.01,0.01,78776.34,1776894382000
1776894383.968,83.968,0.55,0.56,0.44,0.45,0.01,0.01,78776.34,1776894382000
1776894384.323,84.323,0.56,0.59,0.43,0.44,0.03,0.01,78776.34,1776894382000
1776894384.716,84.716,0.56,0.57,0.43,0.44,0.01,0.01,78777.15,1776894383000
1776894385.218,85.218,0.59,0.6,0.4,0.41,0.01,0.01,78777.15,1776894383000
1776894385.705,85.705,0.6,0.61,0.39,0.4,0.01,0.01,78777.31,1776894384000
1776894386.056,86.056,0.6,0.61,0.39,0.4,0.01,0.01,78777.31,1776894384000
1776894386.613,86.613,0.6,0.61,0.39,0.4,0.01,0.01,78779.79,1776894385000
1776894386.952,86.952,0.6,0.61,0.39,0.4,0.01,0.01,78779.79,1776894385000
1776894387.402,87.402,0.6,0.61,0.39,0.4,0.01,0.01,78781.36,1776894386000
1776894387.803,87.803,0.6,0.61,0.39,0.4,0.01,0.01,78781.36,1776894386000
1776894388.29,88.29,0.6,0.61,0.39,0.4,0.01,0.01,78781.36,1776894386000
1776894388.643,88.643,0.62,0.64,0.37,0.38,0.02,0.01,78781.42,1776894387000
1776894388.994,88.994,0.64,0.65,0.35,0.36,0.01,0.01,78781.42,1776894387000
1776894389.365,89.365,0.64,0.65,0.35,0.36,0.01,0.01,78781.42,1776894387000
1776894389.728,89.728,0.64,0.66,0.34,0.36,0.02,0.02,78781.42,1776894387000
1776894390.109,90.109,0.65,0.66,0.34,0.35,0.01,0.01,78782.44,1776894388000
1776894390.45,90.45,0.65,0.66,0.34,0.35,0.01,0.01,78785.71,1776894389000
1776894390.833,90.833,0.65,0.66,0.34,0.35,0.01,0.01,78785.71,1776894389000
1776894391.366,91.366,0.65,0.66,0.34,0.35,0.01,0.01,78785.71,1776894389000
1776894391.779,91.779,0.65,0.66,0.34,0.35,0.01,0.01,78788.32,1776894390000
1776894392.16,92.16,0.66,0.67,0.33,0.34,0.01,0.01,78788.32,1776894390000
1776894392.672,92.672,0.66,0.67,0.33,0.34,0.01,0.01,78789.6,1776894391000
1776894393.008,93.008,0.67,0.68,0.32,0.33,0.01,0.01,78789.6,1776894391000
1776894393.402,93.402,0.68,0.69,0.31,0.32,0.01,0.01,78789.6,1776894391000
1776894393.927,93.927,0.7,0.71,0.29,0.3,0.01,0.01,78789.98,1776894392000
1776894394.289,94.289,0.7,0.71,0.29,0.3,0.01,0.01,78791.37,1776894393000
1776894394.703,94.703,0.7,0.71,0.29,0.3,0.01,0.01,78791.37,1776894393000
1776894395.057,95.057,0.71,0.72,0.28,0.29,0.01,0.01,78791.37,1776894393000
1776894395.522,95.522,0.73,0.74,0.26,0.27,0.01,0.01,78791.37,1776894393000
1776894395.88,95.88,0.73,0.74,0.26,0.27,0.01,0.01,78795.11,1776894394000
1776894396.314,96.314,0.73,0.74,0.26,0.27,0.01,0.01,78795.11,1776894394000
1776894396.701,96.701,0.73,0.74,0.26,0.27,0.01,0.01,78796.27,1776894395000
1776894397.16,97.16,0.73,0.74,0.26,0.27,0.01,0.01,78796.27,1776894395000
1776894397.631,97.631,0.73,0.74,0.26,0.27,0.01,0.01,78796.33,1776894396000
1776894397.976,97.976,0.73,0.74,0.26,0.27,0.01,0.01,78796.33,1776894396000
1776894398.49,98.49,0.73,0.74,0.26,0.27,0.01,0.01,78796.8,1776894397000
1776894398.823,98.823,0.73,0.74,0.26,0.27,0.01,0.01,78796.8,1776894397000
1776894399.163,99.163,0.73,0.74,0.26,0.27,0.01,0.01,78796.8,1776894397000
1776894399.496,99.496,0.73,0.74,0.26,0.27,0.01,0.01,78797.77,1776894398000
1776894399.897,99.897,0.73,0.74,0.26,0.27,0.01,0.01,78797.77,1776894398000
1776894400.245,100.245,0.73,0.74,0.26,0.27,0.01,0.01,78800.53,1776894399000
1776894400.73,100.73,0.73,0.74,0.26,0.27,0.01,0.01,78800.53,1776894399000
1776894401.104,101.104,0.73,0.74,0.26,0.27,0.01,0.01,78800.53,1776894399000
1776894401.46,101.46,0.73,0.74,0.26,0.27,0.01,0.01,78801.88,1776894400000
1776894401.866,101.866,0.73,0.74,0.26,0.27,0.01,0.01,78801.88,1776894400000
1776894402.287,102.287,0.74,0.75,0.25,0.26,0.01,0.01,78801.88,1776894400000
1776894402.705,102.705,0.74,0.75,0.25,0.26,0.01,0.01,78801.85,1776894401000
1776894403.066,103.066,0.74,0.75,0.25,0.26,0.01,0.01,78801.85,1776894401000
1776894403.479,103.479,0.74,0.75,0.25,0.26,0.01,0.01,78801.65,1776894402000
1776894403.823,103.823,0.74,0.75,0.25,0.26,0.01,0.01,78801.65,1776894402000
1776894404.238,104.238,0.74,0.75,0.25,0.26,0.01,0.01,78801.73,1776894403000
1776894404.804,104.804,0.74,0.75,0.25,0.26,0.01,0.01,78801.73,1776894403000
1776894405.18,105.18,0.74,0.75,0.25,0.26,0.01,0.01,78801.73,1776894404000
1776894405.55,105.55,0.74,0.76,0.25,0.26,0.02,0.01,78801.73,1776894404000
1776894406.165,106.165,0.75,0.76,0.24,0.25,0.01,0.01,78801.79,1776894405000
1776894406.532,106.532,0.75,0.76,0.24,0.25,0.01,0.01,78801.79,1776894405000
1776894406.985,106.985,0.75,0.76,0.24,0.25,0.01,0.01,78801.79,1776894405000
1776894407.355,107.355,0.75,0.76,0.24,0.25,0.01,0.01,78801.78,1776894406000
1776894408.105,108.105,0.75,0.76,0.24,0.25,0.01,0.01,78801.9,1776894407000
1776894408.525,108.525,0.75,0.76,0.24,0.25,0.01,0.01,78801.9,1776894407000
1776894408.885,108.885,0.75,0.76,0.24,0.25,0.01,0.01,78801.9,1776894407000
1776894409.377,109.377,0.75,0.77,0.24,0.25,0.02,0.01,78801.93,1776894408000
1776894409.824,109.824,0.76,0.77,0.23,0.25,0.01,0.02,78801.93,1776894408000
1776894410.255,110.255,0.76,0.77,0.23,0.24,0.01,0.01,78802.47,1776894409000
1776894410.726,110.726,0.76,0.77,0.23,0.24,0.01,0.01,78802.47,1776894409000
1776894411.111,111.111,0.76,0.77,0.23,0.24,0.01,0.01,78802.47,1776894409000
1776894412.073,112.073,0.76,0.77,0.23,0.24,0.01,0.01,78802.71,1776894411000
1776894412.491,112.491,0.76,0.77,0.23,0.24,0.01,0.01,78802.71,1776894411000
1776894413.036,113.036,0.76,0.77,0.23,0.24,0.01,0.01,78802.71,1776894411000
1776894413.482,113.482,0.76,0.77,0.23,0.24,0.01,0.01,78802.8,1776894412000
1776894413.893,113.893,0.76,0.77,0.23,0.24,0.01,0.01,78802.8,1776894412000
1776894414.603,114.603,0.76,0.77,0.23,0.24,0.01,0.01,78802.94,1776894413000
1776894415.039,115.039,0.76,0.77,0.23,0.24,0.01,0.01,78802.94,1776894413000
1776894415.871,115.871,0.76,0.77,0.23,0.24,0.01,0.01,78802.97,1776894415000
1776894416.333,116.333,0.76,0.77,0.23,0.24,0.01,0.01,78802.97,1776894415000
1776894416.736,116.736,0.76,0.77,0.23,0.24,0.01,0.01,78802.97,1776894415000
1776894417.112,117.112,0.76,0.77,0.23,0.24,0.01,0.01,78803.22,1776894416000
1776894417.582,117.582,0.75,0.76,0.23,0.24,0.01,0.01,78803.22,1776894416000
1776894417.916,117.916,0.75,0.76,0.24,0.25,0.01,0.01,78803.22,1776894416000
1776894418.298,118.298,0.75,0.76,0.24,0.25,0.01,0.01,78803.22,1776894417000
1776894418.807,118.807,0.75,0.76,0.24,0.25,0.01,0.01,78803.22,1776894417000
1776894419.48,119.48,0.75,0.76,0.24,0.25,0.01,0.01,78803.19,1776894418000
1776894419.887,119.887,0.75,0.76,0.24,0.25,0.01,0.01,78803.19,1776894418000
1776894420.361,120.361,0.76,0.77,0.23,0.25,0.01,0.02,78804.12,1776894419000
1776894420.751,120.751,0.76,0.77,0.23,0.24,0.01,0.01,78804.12,1776894419000
1776894421.174,121.174,0.76,0.77,0.23,0.24,0.01,0.01,78804.96,1776894420000
1776894421.537,121.537,0.76,0.77,0.23,0.24,0.01,0.01,78804.96,1776894420000
1776894421.982,121.982,0.76,0.77,0.23,0.24,0.01,0.01,78804.96,1776894420000
1776894422.355,122.355,0.76,0.77,0.23,0.24,0.01,0.01,78805.2,1776894421000
1776894422.856,122.856,0.76,0.77,0.23,0.24,0.01,0.01,78805.2,1776894421000
1776894423.209,123.209,0.76,0.77,0.23,0.24,0.01,0.01,78805.46,1776894422000
1776894423.664,123.664,0.76,0.77,0.23,0.24,0.01,0.01,78805.46,1776894422000
1776894424.097,124.097,0.76,0.77,0.23,0.24,0.01,0.01,78805.45,1776894423000
1776894424.949,124.949,0.76,0.77,0.23,0.24,0.01,0.01,78805.45,1776894423000
1776894425.395,125.395,0.76,0.77,0.23,0.24,0.01,0.01,78805.45,1776894424000
1776894425.819,125.819,0.75,0.76,0.23,0.25,0.01,0.02,78805.45,1776894424000
1776894426.153,126.153,0.75,0.76,0.24,0.25,0.01,0.01,78804.99,1776894425000
1776894426.689,126.689,0.75,0.76,0.24,0.25,0.01,0.01,78804.99,1776894425000
1776894427.046,127.046,0.75,0.76,0.24,0.25,0.01,0.01,78804.99,1776894425000
1776894427.425,127.425,0.74,0.75,0.25,0.26,0.01,0.01,78804.99,1776894426000
1776894428.115,128.115,0.74,0.75,0.25,0.26,0.01,0.01,78804.99,1776894426000
1776894428.482,128.482,0.74,0.75,0.25,0.26,0.01,0.01,78804.99,1776894426000
1776894428.867,128.867,0.74,0.75,0.25,0.26,0.01,0.01,78805.12,1776894427000
1776894429.216,129.216,0.74,0.75,0.25,0.26,0.01,0.01,78805.14,1776894428000
1776894429.588,129.588,0.74,0.75,0.25,0.26,0.01,0.01,78805.14,1776894428000
1776894430.075,130.075,0.74,0.75,0.25,0.26,0.01,0.01,78805.14,1776894428000
1776894430.41,130.41,0.74,0.75,0.25,0.26,0.01,0.01,78805.14,1776894428000
1776894430.774,130.774,0.74,0.75,0.25,0.26,0.01,0.01,78805.45,1776894429000
1776894431.38,131.38,0.74,0.75,0.25,0.26,0.01,0.01,78805.45,1776894430000
1776894431.802,131.802,0.74,0.75,0.25,0.26,0.01,0.01,78805.45,1776894430000
1776894432.446,132.446,0.74,0.75,0.25,0.26,0.01,0.01,78805.45,1776894430000
1776894433.002,133.002,0.74,0.75,0.25,0.26,0.01,0.01,78805.71,1776894431000
1776894433.431,133.431,0.74,0.75,0.25,0.26,0.01,0.01,78805.64,1776894432000
1776894433.841,133.841,0.74,0.75,0.25,0.26,0.01,0.01,78805.64,1776894432000
1776894434.379,134.379,0.74,0.75,0.25,0.26,0.01,0.01,78805.45,1776894433000
1776894434.749,134.749,0.74,0.75,0.25,0.26,0.01,0.01,78805.45,1776894433000
1776894435.305,135.305,0.74,0.75,0.25,0.26,0.01,0.01,78805.45,1776894434000
1776894435.885,135.885,0.74,0.75,0.25,0.26,0.01,0.01,78805.45,1776894434000
1776894436.434,136.434,0.74,0.75,0.25,0.26,0.01,0.01,78805.45,1776894435000
1776894436.826,136.826,0.74,0.75,0.25,0.26,0.01,0.01,78805.45,1776894435000
1776894437.168,137.168,0.74,0.75,0.25,0.26,0.01,0.01,78805.45,1776894435000
1776894437.657,137.657,0.75,0.76,0.24,0.25,0.01,0.01,78805.71,1776894436000
1776894438.129,138.129,0.75,0.76,0.24,0.25,0.01,0.01,78805.71,1776894436000
1776894438.474,138.474,0.75,0.76,0.24,0.25,0.01,0.01,78805.7,1776894437000
1776894438.847,138.847,0.75,0.76,0.24,0.25,0.01,0.01,78805.7,1776894437000
1776894439.337,139.337,0.75,0.76,0.24,0.25,0.01,0.01,78805.85,1776894438000
1776894439.944,139.944,0.75,0.76,0.24,0.25,0.01,0.01,78805.85,1776894438000
1776894440.35,140.35,0.75,0.76,0.24,0.25,0.01,0.01,78805.85,1776894438000
1776894440.859,140.859,0.75,0.76,0.24,0.25,0.01,0.01,78805.85,1776894439000
1776894441.316,141.316,0.75,0.76,0.24,0.25,0.01,0.01,78805.85,1776894440000
1776894441.708,141.708,0.74,0.76,0.24,0.25,0.02,0.01,78805.85,1776894440000
1776894442.277,142.277,0.75,0.76,0.24,0.25,0.01,0.01,78805.85,1776894441000
1776894442.622,142.622,0.74,0.75,0.25,0.26,0.01,0.01,78805.85,1776894441000
1776894442.978,142.978,0.7,0.71,0.29,0.3,0.01,0.01,78805.85,1776894441000
1776894443.381,143.381,0.7,0.71,0.29,0.3,0.01,0.01,78805.85,1776894441000
1776894443.801,143.801,0.7,0.71,0.29,0.3,0.01,0.01,78805.72,1776894442000
1776894444.152,144.152,0.68,0.69,0.31,0.32,0.01,0.01,78805.72,1776894442000
1776894444.53,144.53,0.63,0.65,0.35,0.37,0.02,0.02,78805.62,1776894443000
1776894444.934,144.934,0.64,0.65,0.35,0.36,0.01,0.01,78805.62,1776894443000
1776894445.366,145.366,0.64,0.65,0.35,0.36,0.01,0.01,78805.62,1776894444000
1776894445.736,145.736,0.64,0.65,0.35,0.36,0.01,0.01,78805.62,1776894444000
1776894446.248,146.248,0.65,0.66,0.34,0.35,0.01,0.01,78805.62,1776894444000
1776894446.674,146.674,0.66,0.67,0.34,0.35,0.01,0.01,78799.48,1776894445000
1776894447.097,147.097,0.66,0.67,0.33,0.34,0.01,0.01,78799.48,1776894445000
1776894447.533,147.533,0.66,0.67,0.33,0.34,0.01,0.01,78796.65,1776894446000
1776894447.87,147.87,0.66,0.67,0.33,0.34,0.01,0.01,78796.65,1776894446000
1776894448.384,148.384,0.66,0.67,0.33,0.34,0.01,0.01,78796.5,1776894447000
1776894449.041,149.041,0.66,0.67,0.33,0.34,0.01,0.01,78796.5,1776894447000
1776894449.708,149.708,0.66,0.67,0.33,0.41,0.01,0.08,78796.37,1776894448000
1776894450.131,150.131,0.66,0.67,0.33,0.34,0.01,0.01,78796.37,1776894448000
1776894450.538,150.538,0.66,0.67,0.33,0.34,0.01,0.01,78796.21,1776894449000
1776894450.91,150.91,0.66,0.67,0.33,0.34,0.01,0.01,78796.21,1776894449000
1776894451.358,151.358,0.66,0.67,0.33,0.34,0.01,0.01,78796.79,1776894450000
1776894451.807,151.807,0.66,0.67,0.33,0.34,0.01,0.01,78796.79,1776894450000
1776894452.2,152.2,0.66,0.67,0.33,0.34,0.01,0.01,78797.34,1776894451000
1776894452.543,152.543,0.66,0.67,0.33,0.34,0.01,0.01,78797.34,1776894451000
1776894453.043,153.043,0.66,0.67,0.33,0.34,0.01,0.01,78797.34,1776894451000
1776894453.747,153.747,0.66,0.67,0.33,0.34,0.01,0.01,78797.57,1776894452000
1776894454.237,154.237,0.66,0.67,0.33,0.34,0.01,0.01,78797.57,1776894453000
1776894454.84,154.84,0.66,0.67,0.33,0.34,0.01,0.01,78797.57,1776894453000
1776894455.445,155.445,0.66,0.67,0.33,0.34,0.01,0.01,78797.57,1776894454000
1776894456.008,156.008,0.66,0.67,0.33,0.34,0.01,0.01,78797.57,1776894454000
1776894456.599,156.599,0.66,0.67,0.33,0.34,0.01,0.01,78797.57,1776894455000
1776894457.08,157.08,0.66,0.67,0.33,0.34,0.01,0.01,78797.57,1776894455000
1776894457.481,157.481,0.66,0.67,0.33,0.34,0.01,0.01,78797.59,1776894456000
1776894457.846,157.846,0.66,0.67,0.33,0.34,0.01,0.01,78797.59,1776894456000
1776894458.255,158.255,0.66,0.67,0.33,0.34,0.01,0.01,78797.59,1776894457000
1776894458.843,158.843,0.66,0.67,0.33,0.34,0.01,0.01,78797.59,1776894457000
1776894459.327,159.327,0.66,0.67,0.32,0.34,0.01,0.02,78797.59,1776894457000
1776894460.083,160.083,0.66,0.67,0.33,0.34,0.01,0.01,78797.59,1776894458000
1776894460.661,160.661,0.66,0.67,0.33,0.34,0.01,0.01,78797.59,1776894459000
1776894460.999,160.999,0.66,0.67,0.33,0.34,0.01,0.01,78797.59,1776894459000
1776894461.499,161.499,0.66,0.67,0.33,0.34,0.01,0.01,78797.25,1776894460000
1776894462.161,162.161,0.66,0.67,0.33,0.34,0.01,0.01,78797.25,1776894460000
1776894462.525,162.525,0.66,0.67,0.33,0.34,0.01,0.01,78797.25,1776894461000
1776894463.004,163.004,0.66,0.67,0.33,0.34,0.01,0.01,78797.25,1776894461000
1776894463.372,163.372,0.66,0.67,0.33,0.34,0.01,0.01,78797.25,1776894462000
1776894463.791,163.791,0.66,0.67,0.33,0.34,0.01,0.01,78797.25,1776894462000
1776894464.149,164.149,0.66,0.67,0.33,0.34,0.01,0.01,78797.25,1776894462000
1776894464.492,164.492,0.66,0.67,0.33,0.34,0.01,0.01,78797.13,1776894463000
1776894464.912,164.912,0.66,0.67,0.33,0.34,0.01,0.01,78797.13,1776894463000
1776894465.256,165.256,0.66,0.68,0.33,0.34,0.02,0.01,78797.13,1776894463000
1776894465.74,165.74,0.67,0.68,0.32,0.33,0.01,0.01,78796.44,1776894464000
1776894466.362,166.362,0.67,0.68,0.32,0.33,0.01,0.01,78796.4,1776894465000
1776894466.749,166.749,0.67,0.68,0.32,0.33,0.01,0.01,78796.4,1776894465000
1776894467.125,167.125,0.67,0.68,0.32,0.33,0.01,0.01,78796.39,1776894466000
1776894467.798,167.798,0.67,0.68,0.32,0.33,0.01,0.01,78796.39,1776894466000
1776894468.208,168.208,0.67,0.68,0.32,0.33,0.01,0.01,78796.39,1776894466000
1776894468.718,168.718,0.67,0.68,0.32,0.33,0.01,0.01,78796.29,1776894467000
1776894469.315,169.315,0.67,0.68,0.32,0.33,0.01,0.01,78796.29,1776894467000
1776894469.878,169.878,0.67,0.68,0.32,0.33,0.01,0.01,78796.66,1776894469000
1776894470.585,170.585,0.67,0.68,0.32,0.33,0.01,0.01,78796.66,1776894469000
1776894471.074,171.074,0.67,0.68,0.32,0.33,0.01,0.01,78796.66,1776894469000
1776894471.569,171.569,0.68,0.69,0.31,0.32,0.01,0.01,78796.13,1776894470000
1776894472.056,172.056,0.68,0.69,0.31,0.32,0.01,0.01,78796.13,1776894470000
1776894472.521,172.521,0.68,0.69,0.31,0.32,0.01,0.01,78795.76,1776894471000
1776894472.862,172.862,0.68,0.69,0.31,0.32,0.01,0.01,78795.76,1776894471000
1776894473.295,173.295,0.68,0.69,0.31,0.32,0.01,0.01,78795.77,1776894472000
1776894474.584,174.584,0.68,0.69,0.31,0.32,0.01,0.01,78795.68,1776894473000
1776894476.058,176.058,0.68,0.69,0.31,0.32,0.01,0.01,78795.6,1776894474000
1776894476.486,176.486,0.68,0.69,0.31,0.32,0.01,0.01,78795.6,1776894474000
1776894476.837,176.837,0.68,0.69,0.31,0.32,0.01,0.01,78795.6,1776894475000
1776894477.369,177.369,0.68,0.69,0.31,0.32,0.01,0.01,78795.6,1776894475000
1776894477.957,177.957,0.68,0.69,0.31,0.32,0.01,0.01,78795.6,1776894476000
1776894478.345,178.345,0.68,0.69,0.31,0.32,0.01,0.01,78795.68,1776894477000
1776894478.758,178.758,0.68,0.69,0.31,0.32,0.01,0.01,78795.68,1776894477000
1776894479.148,179.148,0.69,0.7,0.3,0.31,0.01,0.01,78795.68,1776894477000
1776894479.664,179.664,0.69,0.7,0.3,0.31,0.01,0.01,78795.65,1776894478000
1776894480.121,180.121,0.69,0.7,0.3,0.31,0.01,0.01,78795.65,1776894478000
1776894480.554,180.554,0.7,0.71,0.3,0.31,0.01,0.01,78795.65,1776894478000
1776894480.993,180.993,0.7,0.71,0.29,0.3,0.01,0.01,78795.47,1776894479000
1776894481.338,181.338,0.7,0.71,0.29,0.3,0.01,0.01,78795.47,1776894479000
1776894481.687,181.687,0.7,0.71,0.29,0.3,0.01,0.01,78795.56,1776894480000
1776894482.07,182.07,0.7,0.71,0.29,0.3,0.01,0.01,78795.56,1776894480000
1776894482.405,182.405,0.7,0.71,0.29,0.3,0.01,0.01,78795.71,1776894481000
1776894483.076,183.076,0.7,0.71,0.29,0.3,0.01,0.01,78795.71,1776894481000
1776894483.411,183.411,0.7,0.71,0.29,0.3,0.01,0.01,78796.08,1776894482000
1776894483.87,183.87,0.7,0.71,0.29,0.3,0.01,0.01,78796.08,1776894482000
1776894484.486,184.486,0.7,0.71,0.29,0.3,0.01,0.01,78796.08,1776894482000
1776894484.902,184.902,0.71,0.72,0.28,0.29,0.01,0.01,78796.63,1776894483000
1776894485.372,185.372,0.71,0.72,0.28,0.29,0.01,0.01,78796.63,1776894484000
1776894485.777,185.777,0.71,0.72,0.28,0.29,0.01,0.01,78796.63,1776894484000
1776894486.141,186.141,0.71,0.72,0.28,0.29,0.01,0.01,78796.67,1776894485000
1776894486.582,186.582,0.71,0.72,0.28,0.29,0.01,0.01,78796.67,1776894485000
1776894487.728,187.728,0.71,0.72,0.28,0.29,0.01,0.01,78796.77,1776894486000
1776894488.072,188.072,0.71,0.72,0.28,0.29,0.01,0.01,78796.77,1776894486000
1776894488.423,188.423,0.74,0.76,0.24,0.26,0.02,0.02,78796.77,1776894486000
1776894488.906,188.906,0.74,0.79,0.24,0.26,0.05,0.02,78797.47,1776894487000
1776894489.285,189.285,0.75,0.79,0.21,0.25,0.04,0.04,78797.47,1776894487000
1776894489.893,189.893,0.78,0.79,0.21,0.23,0.01,0.02,78800.18,1776894488000
1776894490.382,190.382,0.78,0.79,0.21,0.22,0.01,0.01,78800.18,1776894488000
1776894490.715,190.715,0.78,0.79,0.21,0.22,0.01,0.01,78801.4,1776894489000
1776894491.086,191.086,0.79,0.8,0.2,0.22,0.01,0.02,78801.4,1776894489000
1776894491.427,191.427,0.79,0.82,0.18,0.21,0.03,0.03,78801.4,1776894489000
1776894491.784,191.784,0.84,0.86,0.14,0.16,0.02,0.02,78801.42,1776894490000
1776894492.155,192.155,0.85,0.86,0.14,0.15,0.01,0.01,78801.42,1776894490000
1776894492.521,192.521,0.85,0.86,0.14,0.15,0.01,0.01,78801.42,1776894491000
1776894493.056,193.056,0.85,0.86,0.14,0.15,0.01,0.01,78801.42,1776894491000
1776894493.544,193.544,0.85,0.87,0.13,0.15,0.02,0.02,78801.42,1776894491000
1776894493.974,193.974,0.86,0.87,0.13,0.15,0.01,0.02,78807.93,1776894492000
1776894494.664,194.664,0.86,0.87,0.13,0.14,0.01,0.01,78809.31,1776894493000
1776894495.236,195.236,0.86,0.87,0.13,0.14,0.01,0.01,78810.13,1776894494000
1776894495.67,195.67,0.86,0.87,0.13,0.14,0.01,0.01,78810.13,1776894494000
1776894496.104,196.104,0.86,0.87,0.13,0.14,0.01,0.01,78810.13,1776894494000
1776894496.546,196.546,0.86,0.87,0.13,0.14,0.01,0.01,78810.16,1776894495000
1776894496.919,196.919,0.86,0.87,0.13,0.14,0.01,0.01,78810.16,1776894495000
1776894497.359,197.359,0.86,0.88,0.13,0.14,0.02,0.01,78810.26,1776894496000
1776894497.721,197.721,0.86,0.88,0.12,0.14,0.02,0.02,78810.26,1776894496000
1776894498.069,198.069,0.86,0.88,0.12,0.14,0.02,0.02,78812.77,1776894497000
1776894498.427,198.427,0.87,0.88,0.12,0.14,0.01,0.02,78812.77,1776894497000
1776894498.76,198.76,0.86,0.88,0.12,0.14,0.02,0.02,78812.77,1776894497000
1776894499.105,199.105,0.87,0.88,0.12,0.13,0.01,0.01,78813.48,1776894498000
1776894499.483,199.483,0.87,0.88,0.12,0.13,0.01,0.01,78813.48,1776894498000
1776894499.847,199.847,0.87,0.88,0.12,0.13,0.01,0.01,78813.48,1776894498000
1776894500.218,200.218,0.87,0.89,0.12,0.13,0.02,0.01,78814.07,1776894499000
1776894500.571,200.571,0.87,0.89,0.11,0.12,0.02,0.01,78814.07,1776894499000
1776894500.908,200.908,0.87,0.88,0.12,0.13,0.01,0.01,78814.07,1776894499000
1776894501.335,201.335,0.87,0.88,0.12,0.13,0.01,0.01,78814.07,1776894500000
1776894501.853,201.853,0.87,0.88,0.12,0.13,0.01,0.01,78814.07,1776894500000
1776894502.243,202.243,0.88,0.89,0.11,0.12,0.01,0.01,78814.59,1776894501000
1776894502.613,202.613,0.88,0.89,0.11,0.12,0.01,0.01,78814.59,1776894501000
1776894503.038,203.038,0.88,0.89,0.11,0.12,0.01,0.01,78814.59,1776894501000
1776894503.437,203.437,0.88,0.89,0.11,0.12,0.01,0.01,78814.69,1776894502000
1776894504.006,204.006,0.88,0.89,0.11,0.12,0.01,0.01,78814.69,1776894502000
1776894504.433,204.433,0.89,0.9,0.1,0.11,0.01,0.01,78814.62,1776894503000
1776894504.794,204.794,0.89,0.9,0.1,0.11,0.01,0.01,78814.62,1776894503000
1776894505.151,205.151,0.88,0.89,0.11,0.12,0.01,0.01,78814.12,1776894504000
1776894505.496,205.496,0.88,0.9,0.11,0.12,0.02,0.01,78814.12,1776894504000
1776894505.83,205.83,0.89,0.9,0.1,0.11,0.01,0.01,78814.12,1776894504000
1776894506.333,206.333,0.89,0.9,0.1,0.11,0.01,0.01,78814.12,1776894505000
1776894506.683,206.683,0.89,0.9,0.1,0.11,0.01,0.01,78814.12,1776894505000
1776894507.016,207.016,0.89,0.9,0.1,0.11,0.01,0.01,78814.12,1776894505000
1776894507.409,207.409,0.89,0.9,0.1,0.11,0.01,0.01,78814.12,1776894505000
1776894507.818,207.818,0.89,0.9,0.1,0.11,0.01,0.01,78814.57,1776894506000
1776894508.229,208.229,0.89,0.9,0.1,0.11,0.01,0.01,78816.39,1776894507000
1776894508.749,208.749,0.89,0.9,0.1,0.11,0.01,0.01,78816.39,1776894507000
1776894509.174,209.174,0.89,0.9,0.1,0.11,0.01,0.01,78814.57,1776894508000
1776894509.51,209.51,0.89,0.9,0.1,0.11,0.01,0.01,78814.57,1776894508000
1776894509.891,209.891,0.89,0.9,0.1,0.11,0.01,0.01,78814.57,1776894508000
1776894510.267,210.267,0.89,0.9,0.1,0.11,0.01,0.01,78815.38,1776894509000
1776894510.676,210.676,0.89,0.92,0.1,0.11,0.03,0.01,78815.38,1776894509000
1776894511.012,211.012,0.91,0.92,0.08,0.09,0.01,0.01,78815.38,1776894509000
1776894511.476,211.476,0.91,0.92,0.08,0.09,0.01,0.01,78815.75,1776894510000
1776894511.922,211.922,0.91,0.92,0.08,0.09,0.01,0.01,78815.75,1776894510000
1776894512.282,212.282,0.91,0.92,0.08,0.09,0.01,0.01,78815.75,1776894510000
1776894512.657,212.657,0.91,0.92,0.08,0.09,0.01,0.01,78815.84,1776894511000
1776894513.24,213.24,0.91,0.92,0.08,0.09,0.01,0.01,78815.84,1776894511000
1776894513.628,213.628,0.91,0.92,0.08,0.09,0.01,0.01,78815.85,1776894512000
1776894513.998,213.998,0.91,0.92,0.08,0.09,0.01,0.01,78815.85,1776894513000
1776894514.46,214.46,0.91,0.92,0.08,0.09,0.01,0.01,78815.85,1776894513000
1776894514.823,214.823,0.91,0.92,0.08,0.09,0.01,0.01,78815.85,1776894513000
1776894515.363,215.363,0.91,0.92,0.08,0.09,0.01,0.01,78815.85,1776894514000
1776894515.727,215.727,0.91,0.92,0.08,0.09,0.01,0.01,78815.85,1776894514000
1776894516.138,216.138,0.91,0.92,0.08,0.09,0.01,0.01,78815.48,1776894515000
1776894516.552,216.552,0.9,0.91,0.09,0.1,0.01,0.01,78815.48,1776894515000
1776894516.893,216.893,0.9,0.91,0.09,0.1,0.01,0.01,78815.48,1776894515000
1776894517.249,217.249,0.9,0.91,0.09,0.1,0.01,0.01,78815.47,1776894516000
1776894517.703,217.703,0.9,0.91,0.09,0.1,0.01,0.01,78815.47,1776894516000
1776894518.402,218.402,0.89,0.9,0.1,0.11,0.01,0.01,78815.82,1776894517000
1776894518.859,218.859,0.89,0.9,0.1,0.11,0.01,0.01,78815.82,1776894517000
1776894519.284,219.284,0.89,0.91,0.1,0.11,0.02,0.01,78815.82,1776894517000
1776894519.632,219.632,0.92,0.93,0.07,0.08,0.01,0.01,78815.87,1776894518000
1776894520.098,220.098,0.94,0.95,0.05,0.06,0.01,0.01,78815.87,1776894518000
1776894520.434,220.434,0.95,0.96,0.04,0.05,0.01,0.01,78815.84,1776894519000
1776894520.891,220.891,0.95,0.96,0.04,0.05,0.01,0.01,78815.84,1776894519000
1776894521.277,221.277,0.95,0.96,0.04,0.05,0.01,0.01,78815.84,1776894519000
1776894521.634,221.634,0.95,0.96,0.04,0.05,0.01,0.01,78815.03,1776894520000
1776894522.034,222.034,0.95,0.96,0.04,0.05,0.01,0.01,78815.37,1776894521000
1776894522.42,222.42,0.95,0.96,0.04,0.05,0.01,0.01,78815.37,1776894521000
1776894522.759,222.759,0.95,0.96,0.04,0.05,0.01,0.01,78815.37,1776894521000
1776894523.132,223.132,0.95,0.96,0.04,0.05,0.01,0.01,78816.56,1776894522000
1776894523.503,223.503,0.95,0.96,0.04,0.05,0.01,0.01,78816.56,1776894522000
1776894523.919,223.919,0.94,0.95,0.05,0.06,0.01,0.01,78816.56,1776894523000
1776894524.471,224.471,0.94,0.95,0.05,0.06,0.01,0.01,78816.56,1776894523000
1776894524.984,224.984,0.94,0.95,0.05,0.06,0.01,0.01,78816.56,1776894523000
1776894525.323,225.323,0.94,0.95,0.05,0.06,0.01,0.01,78816.41,1776894524000
1776894525.689,225.689,0.94,0.95,0.05,0.06,0.01,0.01,78816.41,1776894524000
1776894526.048,226.048,0.94,0.95,0.05,0.06,0.01,0.01,78816.41,1776894525000
1776894526.68,226.68,0.94,0.95,0.05,0.06,0.01,0.01,78816.41,1776894525000
1776894527.175,227.175,0.94,0.95,0.05,0.06,0.01,0.01,78816.41,1776894526000
1776894527.833,227.833,0.94,0.95,0.05,0.06,0.01,0.01,78816.41,1776894526000
1776894528.683,228.683,0.94,0.95,0.05,0.06,0.01,0.01,78816.61,1776894527000
1776894529.071,229.071,0.94,0.95,0.05,0.06,0.01,0.01,78816.61,1776894527000
1776894529.792,229.792,0.94,0.95,0.05,0.06,0.01,0.01,78816.62,1776894528000
1776894530.276,230.276,0.93,0.95,0.05,0.07,0.02,0.02,78816.61,1776894529000
1776894530.63,230.63,0.93,0.94,0.06,0.07,0.01,0.01,78816.61,1776894529000
1776894531.086,231.086,0.93,0.94,0.06,0.07,0.01,0.01,78816.67,1776894530000
1776894531.504,231.504,0.93,0.94,0.06,0.07,0.01,0.01,78816.67,1776894530000
1776894532.001,232.001,0.93,0.94,0.06,0.07,0.01,0.01,78817.04,1776894531000
1776894532.465,232.465,0.93,0.94,0.06,0.07,0.01,0.01,78817.04,1776894531000
1776894532.851,232.851,0.93,0.94,0.06,0.07,0.01,0.01,78817.04,1776894531000
1776894533.644,233.644,0.93,0.94,0.06,0.07,0.01,0.01,78817.05,1776894532000
1776894534.605,234.605,0.93,0.94,0.06,0.07,0.01,0.01,78817.08,1776894533000
1776894535.124,235.124,0.93,0.94,0.06,0.07,0.01,0.01,78817.09,1776894534000
1776894535.797,235.797,0.93,0.94,0.06,0.07,0.01,0.01,78817.09,1776894534000
1776894536.231,236.231,0.93,0.96,0.06,0.07,0.03,0.01,78817.09,1776894534000
1776894536.622,236.622,0.95,0.96,0.04,0.05,0.01,0.01,78817.09,1776894535000
1776894537.079,237.079,0.95,0.96,0.04,0.05,0.01,0.01,78817.09,1776894535000
1776894537.84,237.84,0.95,0.96,0.04,0.05,0.01,0.01,78817.09,1776894536000
1776894538.288,238.288,0.95,0.96,0.04,0.05,0.01,0.01,78817.09,1776894537000
1776894538.683,238.683,0.95,0.96,0.04,0.05,0.01,0.01,78817.09,1776894537000
1776894539.123,239.123,0.95,0.96,0.04,0.05,0.01,0.01,78817.15,1776894538000
1776894539.543,239.543,0.95,0.96,0.04,0.05,0.01,0.01,78817.15,1776894538000
1776894539.973,239.973,0.95,0.96,0.04,0.05,0.01,0.01,78817.15,1776894538000
1776894540.371,240.371,0.95,0.96,0.04,0.05,0.01,0.01,78817.74,1776894539000
1776894540.827,240.827,0.95,0.96,0.04,0.05,0.01,0.01,78817.74,1776894539000
1776894541.226,241.226,0.95,0.97,0.04,0.05,0.02,0.01,78818.93,1776894540000
1776894541.773,241.773,0.96,0.97,0.03,0.04,0.01,0.01,78818.93,1776894540000
1776894542.528,242.528,0.96,0.97,0.03,0.04,0.01,0.01,78819.48,1776894541000
1776894542.889,242.889,0.96,0.97,0.03,0.04,0.01,0.01,78819.48,1776894541000
1776894543.545,243.545,0.96,0.97,0.03,0.04,0.01,0.01,78820.21,1776894542000
1776894543.916,243.916,0.96,0.97,0.03,0.04,0.01,0.01,78820.21,1776894542000
1776894544.278,244.278,0.96,0.97,0.03,0.04,0.01,0.01,78823.09,1776894543000
1776894544.63,244.63,0.96,0.97,0.03,0.04,0.01,0.01,78823.09,1776894543000
1776894545.056,245.056,0.96,0.97,0.03,0.04,0.01,0.01,78823.09,1776894543000
1776894545.4,245.4,0.96,0.97,0.03,0.04,0.01,0.01,78823.5,1776894544000
1776894545.816,245.816,0.97,0.98,0.02,0.03,0.01,0.01,78823.5,1776894544000
1776894546.187,246.187,0.97,0.98,0.02,0.03,0.01,0.01,78825.03,1776894545000
1776894546.546,246.546,0.97,0.98,0.02,0.03,0.01,0.01,78825.03,1776894545000
1776894546.938,246.938,0.97,0.98,0.02,0.03,0.01,0.01,78825.03,1776894545000
1776894547.377,247.377,0.97,0.98,0.02,0.03,0.01,0.01,78825.03,1776894545000
1776894547.814,247.814,0.97,0.98,0.02,0.03,0.01,0.01,78825.61,1776894546000
1776894548.174,248.174,0.97,0.98,0.02,0.03,0.01,0.01,78825.52,1776894547000
1776894548.693,248.693,0.98,0.99,0.01,0.02,0.01,0.01,78825.52,1776894547000
1776894549.103,249.103,0.98,0.99,0.01,0.02,0.01,0.01,78825.52,1776894548000
1776894549.458,249.458,0.98,0.99,0.01,0.02,0.01,0.01,78825.52,1776894548000
1776894550.072,250.072,0.98,0.99,0.01,0.02,0.01,0.01,78825.52,1776894548000
1776894550.494,250.494,0.98,0.99,0.01,0.02,0.01,0.01,78825.56,1776894549000
1776894550.87,250.87,0.98,0.99,0.01,0.02,0.01,0.01,78825.56,1776894549000
1776894551.297,251.297,0.98,0.99,0.01,0.02,0.01,0.01,78825.56,1776894549000
1776894551.659,251.659,0.98,0.99,0.01,0.02,0.01,0.01,78827.04,1776894550000
1776894552.121,252.121,0.98,0.99,0.01,0.02,0.01,0.01,78828.39,1776894551000
1776894552.459,252.459,0.98,0.99,0.01,0.02,0.01,0.01,78828.39,1776894551000
1776894552.891,252.891,0.98,0.99,0.01,0.02,0.01,0.01,78828.39,1776894551000
1776894553.359,253.359,0.98,0.99,0.01,0.02,0.01,0.01,78828.39,1776894551000
1776894553.804,253.804,0.98,0.99,0.01,0.02,0.01,0.01,78829.24,1776894552000
1776894554.261,254.261,0.98,0.99,0.01,0.02,0.01,0.01,78829.24,1776894552000
1776894554.681,254.681,0.98,0.99,0.01,0.02,0.01,0.01,78829.98,1776894553000
1776894555.152,255.152,0.98,0.99,0.01,0.02,0.01,0.01,78829.98,1776894553000
1776894555.521,255.521,0.98,0.99,0.01,0.02,0.01,0.01,78829.98,1776894553000
1776894556.139,256.139,0.98,0.99,0.01,0.02,0.01,0.01,78830.1,1776894554000
1776894556.476,256.476,0.98,0.99,0.01,0.02,0.01,0.01,78830.9,1776894555000
1776894556.873,256.873,0.98,0.99,0.01,0.02,0.01,0.01,78830.9,1776894555000
1776894557.212,257.212,0.98,0.99,0.01,0.02,0.01,0.01,78830.9,1776894555000
1776894557.587,257.587,0.99,0.99,0.01,0.02,0.0,0.01,78830.9,1776894555000
1776894558.325,258.325,0.99,0.99,0.01,0.01,0.0,0.0,78830.83,1776894557000
1776894558.729,258.729,0.99,0.99,0.01,0.01,0.0,0.0,78830.83,1776894557000
1776894559.28,259.28,0.99,0.99,0.01,0.01,0.0,0.0,78830.83,1776894557000
1776894559.643,259.643,0.99,0.99,0.01,0.01,0.0,0.0,78830.83,1776894557000
1776894560.406,260.406,0.99,0.99,0.01,0.01,0.0,0.0,78831.24,1776894559000
1776894560.789,260.789,0.99,0.99,0.01,0.01,0.0,0.0,78831.24,1776894559000
1776894561.137,261.137,0.99,0.99,0.01,0.01,0.0,0.0,78831.24,1776894560000
1776894561.956,261.956,0.99,0.99,0.01,0.01,0.0,0.0,78831.24,1776894560000
1776894562.516,262.516,0.99,0.99,0.01,0.01,0.0,0.0,78831.33,1776894561000
1776894563.129,263.129,0.99,0.99,0.01,0.01,0.0,0.0,78831.53,1776894562000
1776894563.621,263.621,0.99,0.99,0.01,0.01,0.0,0.0,78831.53,1776894562000
1776894564.0,264.0,0.99,0.99,0.01,0.01,0.0,0.0,78831.53,1776894562000
1776894564.399,264.399,0.99,0.99,0.01,0.01,0.0,0.0,78831.53,1776894562000
1776894564.868,264.868,0.99,0.99,0.01,0.01,0.0,0.0,78831.53,1776894563000
1776894565.211,265.211,0.99,0.99,0.01,0.01,0.0,0.0,78831.53,1776894564000
1776894566.536,266.536,0.99,0.99,0.01,0.01,0.0,0.0,78831.53,1776894564000
1776894567.361,267.361,0.99,0.99,0.01,0.01,0.0,0.0,78832.32,1776894565000
1776894567.899,267.899,0.99,0.99,0.01,0.01,0.0,0.0,78832.24,1776894567000
1776894568.846,268.846,0.99,0.99,0.01,0.01,0.0,0.0,78832.55,1776894568000
1776894569.375,269.375,0.99,0.99,0.01,0.01,0.0,0.0,78832.55,1776894568000
1776894569.783,269.783,0.99,0.99,0.01,0.01,0.0,0.0,78832.55,1776894568000
1776894570.402,270.402,0.99,0.99,0.01,0.01,0.0,0.0,78832.53,1776894569000
1776894570.962,270.962,0.99,0.99,0.01,0.01,0.0,0.0,78832.53,1776894570000
1776894571.968,271.968,0.99,0.99,0.01,0.01,0.0,0.0,78833.54,1776894571000
1776894573.023,273.023,0.99,0.99,0.01,0.01,0.0,0.0,78833.79,1776894572000
1776894573.71,273.71,0.99,0.99,0.01,0.01,0.0,0.0,78833.79,1776894572000
1776894574.106,274.106,0.99,0.99,0.01,0.01,0.0,0.0,78833.8,1776894573000
1776894575.165,275.165,0.99,0.99,0.01,0.01,0.0,0.0,78833.82,1776894574000
1776894575.774,275.774,0.99,0.99,0.01,0.01,0.0,0.0,78833.82,1776894574000
1776894576.171,276.171,0.99,0.99,0.01,0.01,0.0,0.0,78833.86,1776894575000
1776894577.278,277.278,0.99,0.99,0.01,0.01,0.0,0.0,78833.86,1776894576000
1776894578.204,278.204,0.99,0.99,0.01,0.01,0.0,0.0,78833.87,1776894577000
1776894579.236,279.236,0.99,0.99,0.01,0.01,0.0,0.0,78833.88,1776894578000
1776894579.632,279.632,0.99,0.99,0.01,0.01,0.0,0.0,78833.88,1776894578000
1776894580.192,280.192,0.99,0.99,0.01,0.01,0.0,0.0,78833.88,1776894578000
1776894581.265,281.265,0.99,0.99,0.01,0.01,0.0,0.0,78833.82,1776894580000
1776894582.507,282.507,0.99,0.99,0.01,0.01,0.0,0.0,78833.89,1776894581000
1776894583.026,283.026,0.99,0.99,0.01,0.01,0.0,0.0,78831.4,1776894582000
1776894584.171,284.171,0.99,0.99,0.01,0.01,0.0,0.0,78828.09,1776894583000
1776894584.63,284.63,0.99,0.99,0.01,0.01,0.0,0.0,78828.09,1776894583000
1776894585.066,285.066,0.99,0.99,0.01,0.01,0.0,0.0,78828.09,1776894583000
1776894585.567,285.567,0.99,0.99,0.01,0.01,0.0,0.0,78826.78,1776894584000
1776894586.396,286.396,0.99,0.99,0.01,0.01,0.0,0.0,78824.05,1776894585000
1776894587.077,287.077,0.99,0.99,0.01,0.01,0.0,0.0,78821.01,1776894586000
1776894587.44,287.44,0.99,0.99,0.01,0.01,0.0,0.0,78821.01,1776894586000
1776894587.991,287.991,0.99,0.99,0.01,0.01,0.0,0.0,78821.01,1776894586000
1776894589.117,289.117,0.99,0.99,0.01,0.01,0.0,0.0,78818.67,1776894588000
1776894589.578,289.578,0.99,0.99,0.01,0.01,0.0,0.0,78818.67,1776894588000
1776894590.34,290.34,0.99,0.99,0.01,0.01,0.0,0.0,78817.46,1776894589000
1776894591.291,291.291,0.99,0.99,0.01,0.01,0.0,0.0,78815.7,1776894590000
1776894592.329,292.329,0.99,0.99,0.01,0.01,0.0,0.0,78815.71,1776894591000
1776894592.91,292.91,0.99,0.99,0.01,0.01,0.0,0.0,78815.66,1776894592000
1776894594.247,294.247,0.99,0.99,0.01,0.01,0.0,0.0,78815.66,1776894592000
1776894594.591,294.591,0.99,0.99,0.01,0.01,0.0,0.0,78815.24,1776894593000
1776894595.075,295.075,0.99,0.99,0.01,0.01,0.0,0.0,78815.17,1776894594000
1776894596.176,296.176,0.99,0.99,0.01,0.01,0.0,0.0,78815.09,1776894595000
1776894597.068,297.068,0.99,0.99,0.01,0.01,0.0,0.0,78814.26,1776894596000
1776894598.185,298.185,0.99,0.99,0.01,0.01,0.0,0.0,78814.14,1776894597000
1776894599.3,299.3,0.99,0.99,0.01,0.01,0.0,0.0,78812.88,1776894598000
1776894600.025,300.025,0.99,0.99,0.01,0.01,0.0,0.0,78812.88,1776894598000
1776894600.374,300.374,0.99,0.99,0.01,0.01,0.0,0.0,78812.88,1776894599000
1776894600.714,300.714,0.99,0.99,0.01,0.01,0.0,0.0,78812.88,1776894599000

# RESULT,winner=Up,slug=btc-updown-5m-1776894300,ticks=639
