timestamp,elapsed_sec,up_bid,up_ask,down_bid,down_ask,up_spread,down_spread,btc_price,btc_oracle_ts
1777034700.521,0.521,0.51,0.52,0.49,0.5,0.01,0.01,78209.15,1777034699000
1777034700.929,0.929,0.51,0.53,0.48,0.5,0.02,0.02,78209.15,1777034699000
1777034701.332,1.332,0.52,0.58,0.42,0.48,0.06,0.06,78208.8,1777034700000
1777034702.302,2.302,0.52,0.58,0.42,0.48,0.06,0.06,78210.44,1777034701000
1777034702.722,2.722,0.54,0.57,0.43,0.46,0.03,0.03,78210.44,1777034701000
1777034703.059,3.059,0.53,0.58,0.42,0.48,0.05,0.06,78210.44,1777034701000
1777034703.401,3.401,0.53,0.54,0.43,0.46,0.01,0.03,78210.44,1777034701000
1777034703.792,3.792,0.51,0.52,0.48,0.49,0.01,0.01,78216.93,1777034702000
1777034704.169,4.169,0.51,0.52,0.48,0.49,0.01,0.01,78216.93,1777034702000
1777034704.799,4.799,0.51,0.52,0.48,0.49,0.01,0.01,78214.07,1777034703000
1777034705.146,5.146,0.51,0.52,0.48,0.49,0.01,0.01,78214.01,1777034704000
1777034705.631,5.631,0.51,0.52,0.48,0.49,0.01,0.01,78214.01,1777034704000
1777034705.979,5.979,0.51,0.52,0.48,0.49,0.01,0.01,78214.01,1777034704000
1777034706.642,6.642,0.51,0.52,0.48,0.49,0.01,0.01,78214.12,1777034705000
1777034707.326,7.326,0.51,0.52,0.48,0.49,0.01,0.01,78214.26,1777034706000
1777034707.67,7.67,0.51,0.52,0.48,0.49,0.01,0.01,78214.26,1777034706000
1777034708.011,8.011,0.51,0.52,0.48,0.49,0.01,0.01,78215.05,1777034707000
1777034708.785,8.785,0.51,0.52,0.48,0.49,0.01,0.01,78215.05,1777034707000
1777034709.228,9.228,0.51,0.52,0.48,0.49,0.01,0.01,78215.05,1777034707000
1777034709.692,9.692,0.51,0.53,0.47,0.49,0.02,0.02,78211.78,1777034708000
1777034710.026,10.026,0.51,0.53,0.47,0.48,0.02,0.01,78211.78,1777034708000
1777034710.389,10.389,0.5,0.51,0.49,0.5,0.01,0.01,78211.21,1777034709000
1777034710.735,10.735,0.49,0.5,0.5,0.51,0.01,0.01,78211.21,1777034709000
1777034711.152,11.152,0.49,0.5,0.5,0.51,0.01,0.01,78211.21,1777034709000
1777034711.536,11.536,0.49,0.5,0.5,0.51,0.01,0.01,78211.21,1777034709000
1777034712.135,12.135,0.49,0.5,0.5,0.51,0.01,0.01,78211.21,1777034710000
1777034712.549,12.549,0.49,0.5,0.5,0.51,0.01,0.01,78208.28,1777034711000
1777034712.882,12.882,0.49,0.5,0.5,0.51,0.01,0.01,78208.28,1777034711000
1777034713.371,13.371,0.49,0.5,0.5,0.51,0.01,0.01,78207.04,1777034712000
1777034714.209,14.209,0.49,0.51,0.5,0.51,0.02,0.01,78207.04,1777034712000
1777034714.662,14.662,0.52,0.53,0.47,0.48,0.01,0.01,78207.41,1777034713000
1777034715.114,15.114,0.52,0.53,0.47,0.48,0.01,0.01,78207.41,1777034714000
1777034715.905,15.905,0.52,0.53,0.47,0.48,0.01,0.01,78207.41,1777034714000
1777034716.265,16.265,0.51,0.52,0.47,0.49,0.01,0.02,78207.41,1777034714000
1777034716.61,16.61,0.51,0.52,0.48,0.49,0.01,0.01,78209.28,1777034715000
1777034717.019,17.019,0.51,0.52,0.48,0.49,0.01,0.01,78209.28,1777034715000
1777034717.473,17.473,0.51,0.52,0.48,0.49,0.01,0.01,78209.33,1777034716000
1777034717.839,17.839,0.51,0.52,0.48,0.49,0.01,0.01,78209.33,1777034716000
1777034718.212,18.212,0.51,0.52,0.48,0.49,0.01,0.01,78208.34,1777034717000
1777034718.617,18.617,0.51,0.52,0.48,0.49,0.01,0.01,78208.34,1777034717000
1777034719.035,19.035,0.52,0.54,0.48,0.49,0.02,0.01,78208.34,1777034717000
1777034719.417,19.417,0.53,0.55,0.44,0.48,0.02,0.04,78207.42,1777034718000
1777034719.774,19.774,0.55,0.56,0.44,0.45,0.01,0.01,78207.42,1777034718000
1777034720.119,20.119,0.55,0.56,0.44,0.45,0.01,0.01,78207.42,1777034718000
1777034720.595,20.595,0.54,0.55,0.45,0.46,0.01,0.01,78207.42,1777034718000
1777034721.156,21.156,0.54,0.55,0.45,0.46,0.01,0.01,78211.08,1777034719000
1777034721.527,21.527,0.54,0.55,0.45,0.46,0.01,0.01,78216.41,1777034720000
1777034722.035,22.035,0.54,0.55,0.45,0.46,0.01,0.01,78216.41,1777034720000
1777034722.393,22.393,0.54,0.55,0.45,0.46,0.01,0.01,78212.15,1777034721000
1777034722.763,22.763,0.54,0.55,0.45,0.46,0.01,0.01,78212.15,1777034721000
1777034723.133,23.133,0.54,0.55,0.45,0.46,0.01,0.01,78211.87,1777034722000
1777034723.815,23.815,0.54,0.55,0.45,0.46,0.01,0.01,78211.87,1777034722000
1777034724.232,24.232,0.54,0.55,0.45,0.46,0.01,0.01,78211.87,1777034722000
1777034724.758,24.758,0.53,0.54,0.45,0.46,0.01,0.01,78212.31,1777034723000
1777034725.344,25.344,0.53,0.54,0.46,0.47,0.01,0.01,78213.95,1777034724000
1777034725.722,25.722,0.53,0.54,0.46,0.47,0.01,0.01,78213.95,1777034724000
1777034726.409,26.409,0.53,0.55,0.45,0.47,0.02,0.02,78212.31,1777034725000
1777034726.88,26.88,0.53,0.55,0.45,0.46,0.02,0.01,78212.31,1777034725000
1777034727.273,27.273,0.53,0.54,0.46,0.47,0.01,0.01,78212.31,1777034725000
1777034727.939,27.939,0.53,0.57,0.46,0.47,0.04,0.01,78212.83,1777034726000
1777034728.372,28.372,0.53,0.54,0.46,0.47,0.01,0.01,78212.83,1777034727000
1777034728.999,28.999,0.53,0.54,0.46,0.47,0.01,0.01,78212.83,1777034727000
1777034729.754,29.754,0.53,0.54,0.46,0.47,0.01,0.01,78213.21,1777034728000
1777034730.153,30.153,0.54,0.55,0.45,0.46,0.01,0.01,78213.21,1777034728000
1777034730.527,30.527,0.54,0.55,0.45,0.46,0.01,0.01,78213.21,1777034728000
1777034730.922,30.922,0.54,0.55,0.45,0.46,0.01,0.01,78213.21,1777034729000
1777034731.387,31.387,0.54,0.55,0.45,0.46,0.01,0.01,78213.21,1777034730000
1777034732.088,32.088,0.54,0.55,0.45,0.46,0.01,0.01,78213.21,1777034730000
1777034732.722,32.722,0.54,0.55,0.45,0.46,0.01,0.01,78213.21,1777034730000
1777034733.202,33.202,0.54,0.55,0.45,0.46,0.01,0.01,78213.4,1777034731000
1777034733.545,33.545,0.54,0.55,0.45,0.46,0.01,0.01,78213.1,1777034732000
1777034734.044,34.044,0.54,0.55,0.45,0.46,0.01,0.01,78212.29,1777034733000
1777034734.803,34.803,0.54,0.55,0.45,0.46,0.01,0.01,78212.29,1777034733000
1777034735.252,35.252,0.54,0.55,0.45,0.46,0.01,0.01,78212.36,1777034734000
1777034735.746,35.746,0.54,0.55,0.45,0.46,0.01,0.01,78212.36,1777034734000
1777034736.079,36.079,0.54,0.6,0.4,0.46,0.06,0.06,78212.36,1777034734000
1777034736.435,36.435,0.59,0.6,0.4,0.41,0.01,0.01,78212.36,1777034734000
1777034737.023,37.023,0.61,0.62,0.39,0.41,0.01,0.02,78213.27,1777034735000
1777034737.371,37.371,0.62,0.63,0.37,0.38,0.01,0.01,78219.43,1777034736000
1777034737.765,37.765,0.62,0.64,0.37,0.38,0.02,0.01,78219.43,1777034736000
1777034738.122,38.122,0.64,0.65,0.35,0.36,0.01,0.01,78225.58,1777034737000
1777034738.458,38.458,0.64,0.65,0.35,0.36,0.01,0.01,78225.58,1777034737000
1777034738.899,38.899,0.64,0.65,0.35,0.36,0.01,0.01,78225.58,1777034737000
1777034739.254,39.254,0.66,0.67,0.33,0.36,0.01,0.03,78225.58,1777034737000
1777034739.605,39.605,0.66,0.68,0.32,0.34,0.02,0.02,78226.75,1777034738000
1777034739.953,39.953,0.66,0.68,0.32,0.34,0.02,0.02,78226.75,1777034738000
1777034740.344,40.344,0.67,0.68,0.32,0.33,0.01,0.01,78227.0,1777034739000
1777034741.121,41.121,0.67,0.69,0.32,0.33,0.02,0.01,78227.0,1777034739000
1777034741.595,41.595,0.67,0.69,0.31,0.33,0.02,0.02,78230.32,1777034740000
1777034742.469,42.469,0.67,0.69,0.31,0.33,0.02,0.02,78230.32,1777034740000
1777034743.364,43.364,0.67,0.68,0.32,0.33,0.01,0.01,78233.7,1777034741000
1777034743.698,43.698,0.67,0.68,0.32,0.33,0.01,0.01,78227.37,1777034742000
1777034744.095,44.095,0.67,0.68,0.32,0.33,0.01,0.01,78227.37,1777034742000
1777034744.467,44.467,0.67,0.68,0.32,0.33,0.01,0.01,78226.58,1777034743000
1777034744.831,44.831,0.67,0.68,0.32,0.33,0.01,0.01,78226.58,1777034743000
1777034745.164,45.164,0.62,0.64,0.36,0.38,0.02,0.02,78226.58,1777034743000
1777034745.499,45.499,0.63,0.66,0.34,0.37,0.03,0.03,78224.29,1777034744000
1777034745.919,45.919,0.62,0.63,0.37,0.38,0.01,0.01,78224.29,1777034744000
1777034746.26,46.26,0.62,0.63,0.37,0.38,0.01,0.01,78224.92,1777034745000
1777034746.6,46.6,0.62,0.63,0.37,0.39,0.01,0.02,78224.92,1777034745000
1777034746.934,46.934,0.62,0.63,0.37,0.38,0.01,0.01,78224.92,1777034745000
1777034747.293,47.293,0.62,0.63,0.37,0.38,0.01,0.01,78224.92,1777034745000
1777034747.742,47.742,0.62,0.63,0.37,0.38,0.01,0.01,78225.13,1777034746000
1777034748.092,48.092,0.62,0.63,0.37,0.38,0.01,0.01,78225.13,1777034746000
1777034748.521,48.521,0.62,0.63,0.37,0.38,0.01,0.01,78225.23,1777034747000
1777034748.866,48.866,0.62,0.63,0.37,0.38,0.01,0.01,78225.23,1777034747000
1777034749.328,49.328,0.62,0.63,0.37,0.38,0.01,0.01,78225.23,1777034747000
1777034749.704,49.704,0.62,0.63,0.37,0.38,0.01,0.01,78227.14,1777034748000
1777034750.05,50.05,0.62,0.63,0.37,0.38,0.01,0.01,78227.14,1777034748000
1777034750.949,50.949,0.62,0.63,0.37,0.38,0.01,0.01,78225.5,1777034749000
1777034751.41,51.41,0.62,0.63,0.37,0.38,0.01,0.01,78225.5,1777034750000
1777034751.768,51.768,0.62,0.63,0.37,0.38,0.01,0.01,78225.5,1777034750000
1777034752.118,52.118,0.62,0.63,0.37,0.38,0.01,0.01,78224.81,1777034751000
1777034752.467,52.467,0.62,0.63,0.37,0.38,0.01,0.01,78224.81,1777034751000
1777034753.016,53.016,0.62,0.63,0.37,0.38,0.01,0.01,78224.81,1777034751000
1777034753.583,53.583,0.62,0.63,0.37,0.38,0.01,0.01,78225.09,1777034752000
1777034754.004,54.004,0.62,0.63,0.37,0.38,0.01,0.01,78225.09,1777034752000
1777034754.59,54.59,0.62,0.63,0.37,0.38,0.01,0.01,78225.09,1777034753000
1777034755.05,55.05,0.63,0.64,0.36,0.37,0.01,0.01,78225.09,1777034753000
1777034755.561,55.561,0.64,0.65,0.36,0.37,0.01,0.01,78225.08,1777034754000
1777034755.941,55.941,0.64,0.65,0.35,0.36,0.01,0.01,78225.08,1777034754000
1777034756.288,56.288,0.64,0.65,0.35,0.36,0.01,0.01,78226.44,1777034755000
1777034756.909,56.909,0.64,0.65,0.35,0.36,0.01,0.01,78226.44,1777034755000
1777034757.515,57.515,0.64,0.65,0.35,0.36,0.01,0.01,78226.77,1777034756000
1777034757.86,57.86,0.64,0.65,0.35,0.36,0.01,0.01,78226.77,1777034756000
1777034759.122,59.122,0.64,0.65,0.35,0.36,0.01,0.01,78226.57,1777034758000
1777034759.907,59.907,0.65,0.66,0.34,0.35,0.01,0.01,78226.57,1777034758000
1777034760.375,60.375,0.65,0.66,0.34,0.35,0.01,0.01,78226.71,1777034759000
1777034760.983,60.983,0.66,0.67,0.33,0.34,0.01,0.01,78226.71,1777034759000
1777034761.61,61.61,0.66,0.67,0.33,0.34,0.01,0.01,78226.76,1777034760000
1777034761.947,61.947,0.68,0.7,0.3,0.32,0.02,0.02,78226.76,1777034760000
1777034762.292,62.292,0.69,0.7,0.3,0.31,0.01,0.01,78228.48,1777034761000
1777034762.652,62.652,0.7,0.71,0.29,0.3,0.01,0.01,78228.48,1777034761000
1777034763.103,63.103,0.67,0.68,0.32,0.33,0.01,0.01,78228.48,1777034761000
1777034763.442,63.442,0.67,0.68,0.32,0.33,0.01,0.01,78228.82,1777034762000
1777034763.798,63.798,0.68,0.69,0.31,0.32,0.01,0.01,78228.82,1777034762000
1777034764.135,64.135,0.68,0.69,0.31,0.32,0.01,0.01,78228.82,1777034762000
1777034764.554,64.554,0.67,0.68,0.32,0.33,0.01,0.01,78228.82,1777034762000
1777034764.896,64.896,0.67,0.68,0.32,0.33,0.01,0.01,78236.23,1777034763000
1777034765.241,65.241,0.67,0.68,0.32,0.33,0.01,0.01,78234.95,1777034764000
1777034765.603,65.603,0.67,0.68,0.32,0.33,0.01,0.01,78234.95,1777034764000
1777034765.944,65.944,0.67,0.68,0.32,0.33,0.01,0.01,78234.95,1777034764000
1777034766.388,66.388,0.67,0.68,0.32,0.33,0.01,0.01,78234.9,1777034765000
1777034767.006,67.006,0.67,0.68,0.32,0.33,0.01,0.01,78234.9,1777034765000
1777034767.371,67.371,0.67,0.68,0.32,0.33,0.01,0.01,78234.9,1777034765000
1777034767.963,67.963,0.69,0.7,0.3,0.31,0.01,0.01,78235.53,1777034766000
1777034768.45,68.45,0.69,0.7,0.3,0.31,0.01,0.01,78235.53,1777034767000
1777034768.796,68.796,0.69,0.7,0.3,0.31,0.01,0.01,78235.53,1777034767000
1777034769.141,69.141,0.69,0.71,0.29,0.31,0.02,0.02,78235.95,1777034768000
1777034769.557,69.557,0.69,0.71,0.29,0.3,0.02,0.01,78235.95,1777034768000
1777034770.086,70.086,0.69,0.7,0.3,0.31,0.01,0.01,78235.95,1777034768000
1777034770.461,70.461,0.69,0.7,0.3,0.31,0.01,0.01,78237.33,1777034769000
1777034770.929,70.929,0.69,0.71,0.3,0.31,0.02,0.01,78237.33,1777034769000
1777034771.691,71.691,0.7,0.71,0.29,0.3,0.01,0.01,78240.1,1777034770000
1777034772.159,72.159,0.7,0.71,0.29,0.3,0.01,0.01,78240.1,1777034770000
1777034772.536,72.536,0.7,0.71,0.29,0.3,0.01,0.01,78240.1,1777034771000
1777034772.886,72.886,0.7,0.71,0.29,0.3,0.01,0.01,78240.1,1777034771000
1777034773.299,73.299,0.7,0.71,0.29,0.3,0.01,0.01,78239.44,1777034772000
1777034773.847,73.847,0.7,0.71,0.29,0.3,0.01,0.01,78239.44,1777034772000
1777034774.213,74.213,0.7,0.71,0.29,0.3,0.01,0.01,78239.44,1777034772000
1777034774.613,74.613,0.71,0.72,0.28,0.29,0.01,0.01,78239.41,1777034773000
1777034775.554,75.554,0.71,0.72,0.28,0.29,0.01,0.01,78239.41,1777034773000
1777034775.944,75.944,0.71,0.73,0.28,0.29,0.02,0.01,78239.67,1777034774000
1777034776.715,76.715,0.73,0.74,0.27,0.29,0.01,0.02,78239.67,1777034775000
1777034777.056,77.056,0.75,0.76,0.24,0.25,0.01,0.01,78239.67,1777034775000
1777034777.583,77.583,0.75,0.76,0.24,0.25,0.01,0.01,78241.77,1777034776000
1777034777.964,77.964,0.75,0.76,0.24,0.27,0.01,0.03,78241.77,1777034776000
1777034778.348,78.348,0.75,0.76,0.24,0.25,0.01,0.01,78249.62,1777034777000
1777034779.065,79.065,0.76,0.77,0.23,0.24,0.01,0.01,78249.62,1777034778000
1777034779.521,79.521,0.77,0.78,0.22,0.23,0.01,0.01,78249.62,1777034778000
1777034779.992,79.992,0.77,0.78,0.22,0.23,0.01,0.01,78249.62,1777034778000
1777034780.363,80.363,0.77,0.78,0.22,0.23,0.01,0.01,78248.81,1777034779000
1777034780.696,80.696,0.77,0.78,0.22,0.23,0.01,0.01,78248.81,1777034779000
1777034781.265,81.265,0.77,0.78,0.22,0.23,0.01,0.01,78250.41,1777034780000
1777034781.84,81.84,0.75,0.76,0.24,0.25,0.01,0.01,78250.41,1777034780000
1777034782.413,82.413,0.75,0.76,0.24,0.25,0.01,0.01,78251.16,1777034781000
1777034783.558,83.558,0.72,0.76,0.24,0.28,0.04,0.04,78250.23,1777034782000
1777034783.891,83.891,0.73,0.74,0.26,0.27,0.01,0.01,78250.23,1777034782000
1777034784.282,84.282,0.73,0.74,0.26,0.27,0.01,0.01,78251.6,1777034783000
1777034784.63,84.63,0.73,0.74,0.26,0.27,0.01,0.01,78251.6,1777034783000
1777034784.986,84.986,0.73,0.75,0.25,0.27,0.02,0.02,78251.6,1777034784000
1777034785.749,85.749,0.77,0.78,0.22,0.25,0.01,0.03,78251.6,1777034784000
1777034786.128,86.128,0.77,0.78,0.22,0.23,0.01,0.01,78252.24,1777034785000
1777034786.552,86.552,0.77,0.78,0.22,0.23,0.01,0.01,78252.24,1777034785000
1777034786.902,86.902,0.77,0.79,0.22,0.23,0.02,0.01,78252.24,1777034785000
1777034787.314,87.314,0.78,0.79,0.21,0.22,0.01,0.01,78252.24,1777034785000
1777034787.695,87.695,0.78,0.79,0.21,0.22,0.01,0.01,78252.36,1777034786000
1777034788.128,88.128,0.78,0.79,0.21,0.22,0.01,0.01,78254.18,1777034787000
1777034788.54,88.54,0.78,0.79,0.21,0.22,0.01,0.01,78254.18,1777034787000
1777034788.937,88.937,0.78,0.79,0.21,0.22,0.01,0.01,78254.18,1777034787000
1777034789.461,89.461,0.78,0.79,0.21,0.22,0.01,0.01,78254.62,1777034788000
1777034789.944,89.944,0.78,0.79,0.21,0.22,0.01,0.01,78254.62,1777034788000
1777034790.525,90.525,0.78,0.79,0.21,0.22,0.01,0.01,78254.79,1777034789000
1777034791.27,91.27,0.78,0.79,0.21,0.22,0.01,0.01,78254.85,1777034790000
1777034791.706,91.706,0.78,0.79,0.21,0.22,0.01,0.01,78254.85,1777034790000
1777034792.055,92.055,0.78,0.79,0.21,0.22,0.01,0.01,78254.85,1777034790000
1777034792.457,92.457,0.78,0.79,0.21,0.22,0.01,0.01,78255.8,1777034791000
1777034793.042,93.042,0.78,0.79,0.21,0.22,0.01,0.01,78255.8,1777034791000
1777034793.38,93.38,0.78,0.79,0.21,0.22,0.01,0.01,78255.8,1777034792000
1777034793.875,93.875,0.78,0.79,0.21,0.22,0.01,0.01,78255.8,1777034792000
1777034794.223,94.223,0.78,0.79,0.21,0.22,0.01,0.01,78255.8,1777034792000
1777034794.613,94.613,0.73,0.77,0.23,0.24,0.04,0.01,78255.44,1777034793000
1777034795.124,95.124,0.76,0.77,0.23,0.24,0.01,0.01,78255.44,1777034793000
1777034795.548,95.548,0.76,0.77,0.23,0.24,0.01,0.01,78255.99,1777034794000
1777034795.912,95.912,0.74,0.75,0.23,0.26,0.01,0.03,78255.99,1777034794000
1777034796.357,96.357,0.74,0.75,0.25,0.26,0.01,0.01,78255.99,1777034795000
1777034796.842,96.842,0.76,0.77,0.23,0.24,0.01,0.01,78255.99,1777034795000
1777034797.215,97.215,0.76,0.77,0.23,0.24,0.01,0.01,78255.99,1777034795000
1777034797.555,97.555,0.76,0.77,0.23,0.24,0.01,0.01,78255.99,1777034795000
1777034798.012,98.012,0.76,0.78,0.22,0.24,0.02,0.02,78257.38,1777034797000
1777034798.383,98.383,0.77,0.78,0.22,0.23,0.01,0.01,78257.38,1777034797000
1777034798.729,98.729,0.77,0.78,0.22,0.23,0.01,0.01,78257.38,1777034797000
1777034799.456,99.456,0.77,0.78,0.22,0.23,0.01,0.01,78255.96,1777034798000
1777034799.828,99.828,0.77,0.78,0.22,0.23,0.01,0.01,78255.96,1777034798000
1777034800.494,100.494,0.78,0.79,0.21,0.23,0.01,0.02,78259.86,1777034799000
1777034801.077,101.077,0.78,0.79,0.21,0.22,0.01,0.01,78259.86,1777034799000
1777034801.445,101.445,0.78,0.79,0.21,0.22,0.01,0.01,78259.19,1777034800000
1777034801.781,101.781,0.78,0.79,0.21,0.22,0.01,0.01,78259.19,1777034800000
1777034802.221,102.221,0.78,0.79,0.21,0.22,0.01,0.01,78259.19,1777034800000
1777034802.816,102.816,0.78,0.79,0.21,0.22,0.01,0.01,78259.39,1777034801000
1777034803.381,103.381,0.78,0.79,0.21,0.22,0.01,0.01,78259.39,1777034801000
1777034803.725,103.725,0.78,0.79,0.21,0.22,0.01,0.01,78258.59,1777034802000
1777034804.126,104.126,0.78,0.79,0.21,0.22,0.01,0.01,78259.07,1777034803000
1777034805.331,105.331,0.78,0.79,0.21,0.22,0.01,0.01,78259.07,1777034804000
1777034805.856,105.856,0.78,0.79,0.21,0.22,0.01,0.01,78259.07,1777034804000
1777034806.215,106.215,0.78,0.79,0.21,0.22,0.01,0.01,78259.16,1777034805000
1777034806.692,106.692,0.78,0.8,0.21,0.22,0.02,0.01,78259.16,1777034805000
1777034807.034,107.034,0.78,0.8,0.2,0.22,0.02,0.02,78259.18,1777034806000
1777034807.638,107.638,0.79,0.8,0.2,0.21,0.01,0.01,78259.18,1777034806000
1777034808.162,108.162,0.79,0.8,0.2,0.21,0.01,0.01,78259.18,1777034806000
1777034808.581,108.581,0.79,0.8,0.2,0.21,0.01,0.01,78259.18,1777034807000
1777034808.999,108.999,0.79,0.8,0.2,0.21,0.01,0.01,78259.18,1777034807000
1777034809.413,109.413,0.79,0.8,0.2,0.21,0.01,0.01,78259.13,1777034808000
1777034809.752,109.752,0.81,0.82,0.18,0.19,0.01,0.01,78259.13,1777034808000
1777034810.182,110.182,0.81,0.83,0.18,0.19,0.02,0.01,78259.13,1777034808000
1777034810.641,110.641,0.81,0.82,0.18,0.19,0.01,0.01,78260.02,1777034809000
1777034811.05,111.05,0.81,0.83,0.18,0.19,0.02,0.01,78260.02,1777034809000
1777034811.389,111.389,0.82,0.83,0.17,0.18,0.01,0.01,78260.02,1777034810000
1777034812.306,112.306,0.82,0.83,0.17,0.18,0.01,0.01,78260.02,1777034810000
1777034813.019,113.019,0.81,0.83,0.17,0.18,0.02,0.01,78264.59,1777034811000
1777034813.374,113.374,0.81,0.83,0.17,0.18,0.02,0.01,78264.59,1777034811000
1777034813.802,113.802,0.81,0.83,0.17,0.19,0.02,0.02,78265.44,1777034812000
1777034814.157,114.157,0.81,0.83,0.17,0.19,0.02,0.02,78266.4,1777034813000
1777034814.584,114.584,0.82,0.83,0.17,0.18,0.01,0.01,78266.4,1777034813000
1777034815.119,115.119,0.82,0.83,0.17,0.18,0.01,0.01,78266.4,1777034813000
1777034815.503,115.503,0.82,0.83,0.17,0.18,0.01,0.01,78266.15,1777034814000
1777034816.413,116.413,0.82,0.83,0.17,0.18,0.01,0.01,78267.18,1777034815000
1777034816.747,116.747,0.83,0.84,0.16,0.17,0.01,0.01,78267.18,1777034815000
1777034817.431,117.431,0.82,0.83,0.16,0.18,0.01,0.02,78267.21,1777034816000
1777034818.007,118.007,0.82,0.83,0.17,0.18,0.01,0.01,78267.21,1777034816000
1777034818.724,118.724,0.82,0.83,0.16,0.17,0.01,0.01,78267.25,1777034817000
1777034819.088,119.088,0.82,0.83,0.17,0.18,0.01,0.01,78266.66,1777034818000
1777034819.426,119.426,0.82,0.83,0.17,0.18,0.01,0.01,78266.66,1777034818000
1777034820.013,120.013,0.83,0.84,0.16,0.18,0.01,0.02,78266.66,1777034818000
1777034820.407,120.407,0.83,0.84,0.16,0.17,0.01,0.01,78266.66,1777034819000
1777034821.048,121.048,0.84,0.85,0.16,0.17,0.01,0.01,78266.66,1777034819000
1777034821.4,121.4,0.84,0.85,0.15,0.16,0.01,0.01,78266.66,1777034819000
1777034821.737,121.737,0.85,0.86,0.14,0.15,0.01,0.01,78266.66,1777034820000
1777034822.084,122.084,0.85,0.86,0.14,0.15,0.01,0.01,78266.66,1777034820000
1777034822.422,122.422,0.85,0.86,0.14,0.15,0.01,0.01,78266.66,1777034821000
1777034822.773,122.773,0.85,0.86,0.14,0.15,0.01,0.01,78266.66,1777034821000
1777034823.228,123.228,0.85,0.86,0.14,0.15,0.01,0.01,78266.23,1777034822000
1777034823.772,123.772,0.85,0.86,0.14,0.15,0.01,0.01,78266.23,1777034822000
1777034824.236,124.236,0.85,0.86,0.14,0.15,0.01,0.01,78266.23,1777034822000
1777034824.62,124.62,0.85,0.86,0.14,0.15,0.01,0.01,78272.64,1777034823000
1777034825.002,125.002,0.85,0.86,0.14,0.15,0.01,0.01,78272.64,1777034823000
1777034825.404,125.404,0.86,0.87,0.13,0.14,0.01,0.01,78272.25,1777034824000
1777034825.818,125.818,0.86,0.87,0.13,0.14,0.01,0.01,78272.25,1777034824000
1777034826.346,126.346,0.86,0.87,0.13,0.14,0.01,0.01,78270.5,1777034825000
1777034826.779,126.779,0.86,0.87,0.13,0.14,0.01,0.01,78270.5,1777034825000
1777034827.535,127.535,0.86,0.87,0.13,0.14,0.01,0.01,78270.53,1777034826000
1777034828.124,128.124,0.86,0.87,0.13,0.14,0.01,0.01,78270.53,1777034826000
1777034828.689,128.689,0.85,0.87,0.13,0.14,0.02,0.01,78272.15,1777034827000
1777034829.079,129.079,0.81,0.82,0.18,0.19,0.01,0.01,78272.15,1777034827000
1777034829.687,129.687,0.81,0.82,0.18,0.19,0.01,0.01,78272.01,1777034828000
1777034830.132,130.132,0.81,0.82,0.18,0.19,0.01,0.01,78272.01,1777034828000
1777034830.524,130.524,0.81,0.82,0.18,0.19,0.01,0.01,78272.01,1777034828000
1777034831.039,131.039,0.81,0.82,0.18,0.19,0.01,0.01,78268.41,1777034829000
1777034831.372,131.372,0.81,0.82,0.18,0.19,0.01,0.01,78265.38,1777034830000
1777034831.734,131.734,0.81,0.82,0.18,0.2,0.01,0.02,78265.38,1777034830000
1777034832.192,132.192,0.8,0.81,0.19,0.2,0.01,0.01,78264.91,1777034831000
1777034832.553,132.553,0.8,0.81,0.19,0.2,0.01,0.01,78264.91,1777034831000
1777034832.94,132.94,0.8,0.81,0.19,0.2,0.01,0.01,78264.91,1777034831000
1777034833.321,133.321,0.8,0.81,0.19,0.2,0.01,0.01,78266.9,1777034832000
1777034833.656,133.656,0.8,0.81,0.19,0.2,0.01,0.01,78266.9,1777034832000
1777034834.043,134.043,0.8,0.81,0.19,0.2,0.01,0.01,78266.9,1777034832000
1777034834.485,134.485,0.8,0.81,0.19,0.2,0.01,0.01,78264.49,1777034833000
1777034834.853,134.853,0.8,0.81,0.19,0.2,0.01,0.01,78264.49,1777034833000
1777034835.263,135.263,0.8,0.81,0.19,0.2,0.01,0.01,78264.4,1777034834000
1777034836.056,136.056,0.8,0.81,0.19,0.2,0.01,0.01,78264.4,1777034834000
1777034836.398,136.398,0.8,0.81,0.19,0.2,0.01,0.01,78264.4,1777034835000
1777034836.783,136.783,0.8,0.81,0.19,0.2,0.01,0.01,78264.4,1777034835000
1777034837.213,137.213,0.8,0.81,0.19,0.2,0.01,0.01,78264.4,1777034835000
1777034837.647,137.647,0.8,0.81,0.19,0.2,0.01,0.01,78263.57,1777034836000
1777034838.037,138.037,0.8,0.81,0.19,0.2,0.01,0.01,78263.57,1777034836000
1777034838.442,138.442,0.8,0.81,0.19,0.2,0.01,0.01,78263.16,1777034837000
1777034838.836,138.836,0.8,0.81,0.19,0.2,0.01,0.01,78263.16,1777034837000
1777034839.376,139.376,0.8,0.81,0.19,0.2,0.01,0.01,78263.09,1777034838000
1777034839.909,139.909,0.8,0.81,0.19,0.2,0.01,0.01,78264.35,1777034839000
1777034840.374,140.374,0.8,0.81,0.19,0.2,0.01,0.01,78264.35,1777034839000
1777034841.031,141.031,0.8,0.81,0.19,0.2,0.01,0.01,78262.57,1777034840000
1777034841.399,141.399,0.85,0.86,0.14,0.19,0.01,0.05,78262.57,1777034840000
1777034841.919,141.919,0.85,0.86,0.14,0.15,0.01,0.01,78262.57,1777034840000
1777034842.456,142.456,0.85,0.86,0.14,0.15,0.01,0.01,78262.57,1777034841000
1777034842.959,142.959,0.85,0.86,0.14,0.15,0.01,0.01,78262.57,1777034841000
1777034843.407,143.407,0.85,0.86,0.14,0.15,0.01,0.01,78262.57,1777034841000
1777034843.945,143.945,0.85,0.86,0.14,0.15,0.01,0.01,78266.64,1777034842000
1777034844.463,144.463,0.86,0.87,0.14,0.15,0.01,0.01,78266.64,1777034842000
1777034844.813,144.813,0.86,0.87,0.13,0.14,0.01,0.01,78266.64,1777034842000
1777034845.177,145.177,0.86,0.87,0.13,0.14,0.01,0.01,78268.27,1777034843000
1777034845.606,145.606,0.86,0.87,0.13,0.14,0.01,0.01,78268.27,1777034843000
1777034846.153,146.153,0.86,0.87,0.13,0.14,0.01,0.01,78268.27,1777034843000
1777034846.607,146.607,0.86,0.87,0.13,0.14,0.01,0.01,78269.29,1777034844000
1777034847.149,147.149,0.86,0.87,0.13,0.14,0.01,0.01,78270.36,1777034845000
1777034847.599,147.599,0.86,0.87,0.13,0.14,0.01,0.01,78270.36,1777034845000
1777034848.042,148.042,0.86,0.87,0.13,0.14,0.01,0.01,78271.03,1777034846000
1777034848.431,148.431,0.86,0.87,0.13,0.14,0.01,0.01,78270.73,1777034847000
1777034848.778,148.778,0.87,0.88,0.12,0.14,0.01,0.02,78270.73,1777034847000
1777034849.114,149.114,0.87,0.88,0.12,0.13,0.01,0.01,78270.58,1777034848000
1777034849.494,149.494,0.87,0.88,0.12,0.13,0.01,0.01,78270.58,1777034848000
1777034849.915,149.915,0.87,0.88,0.12,0.13,0.01,0.01,78270.58,1777034848000
1777034850.373,150.373,0.87,0.88,0.12,0.13,0.01,0.01,78270.58,1777034848000
1777034850.911,150.911,0.87,0.88,0.12,0.13,0.01,0.01,78270.83,1777034849000
1777034851.279,151.279,0.87,0.88,0.12,0.13,0.01,0.01,78271.33,1777034850000
1777034851.625,151.625,0.87,0.88,0.12,0.13,0.01,0.01,78271.33,1777034850000
1777034851.962,151.962,0.87,0.88,0.12,0.13,0.01,0.01,78271.33,1777034850000
1777034852.54,152.54,0.87,0.88,0.12,0.13,0.01,0.01,78271.33,1777034850000
1777034852.919,152.919,0.87,0.88,0.12,0.13,0.01,0.01,78275.26,1777034851000
1777034853.343,153.343,0.87,0.88,0.12,0.13,0.01,0.01,78275.26,1777034851000
1777034853.717,153.717,0.87,0.88,0.12,0.13,0.01,0.01,78274.84,1777034852000
1777034854.311,154.311,0.87,0.88,0.12,0.13,0.01,0.01,78274.84,1777034852000
1777034854.696,154.696,0.87,0.88,0.12,0.13,0.01,0.01,78274.84,1777034852000
1777034855.082,155.082,0.88,0.89,0.11,0.12,0.01,0.01,78272.62,1777034853000
1777034855.62,155.62,0.88,0.89,0.11,0.12,0.01,0.01,78272.95,1777034854000
1777034856.272,156.272,0.88,0.89,0.11,0.12,0.01,0.01,78272.95,1777034854000
1777034856.796,156.796,0.88,0.89,0.11,0.12,0.01,0.01,78272.95,1777034855000
1777034857.13,157.13,0.88,0.89,0.11,0.12,0.01,0.01,78274.04,1777034856000
1777034857.496,157.496,0.88,0.89,0.11,0.12,0.01,0.01,78274.04,1777034856000
1777034857.894,157.894,0.88,0.89,0.11,0.12,0.01,0.01,78274.04,1777034856000
1777034858.28,158.28,0.88,0.89,0.11,0.12,0.01,0.01,78274.04,1777034856000
1777034858.633,158.633,0.88,0.89,0.11,0.12,0.01,0.01,78272.94,1777034857000
1777034859.396,159.396,0.88,0.89,0.11,0.12,0.01,0.01,78273.85,1777034858000
1777034860.018,160.018,0.89,0.9,0.11,0.12,0.01,0.01,78273.85,1777034858000
1777034860.458,160.458,0.89,0.9,0.1,0.11,0.01,0.01,78274.27,1777034859000
1777034861.228,161.228,0.9,0.91,0.09,0.11,0.01,0.02,78274.27,1777034859000
1777034861.658,161.658,0.9,0.91,0.09,0.1,0.01,0.01,78274.27,1777034859000
1777034861.991,161.991,0.9,0.91,0.09,0.1,0.01,0.01,78276.4,1777034860000
1777034862.346,162.346,0.9,0.91,0.09,0.1,0.01,0.01,78276.4,1777034860000
1777034862.832,162.832,0.9,0.91,0.09,0.1,0.01,0.01,78276.5,1777034861000
1777034863.221,163.221,0.9,0.91,0.09,0.1,0.01,0.01,78276.5,1777034861000
1777034863.793,163.793,0.91,0.92,0.08,0.1,0.01,0.02,78277.09,1777034862000
1777034864.134,164.134,0.91,0.92,0.08,0.09,0.01,0.01,78278.15,1777034863000
1777034864.471,164.471,0.91,0.92,0.08,0.09,0.01,0.01,78278.15,1777034863000
1777034864.829,164.829,0.91,0.92,0.08,0.09,0.01,0.01,78278.15,1777034863000
1777034865.196,165.196,0.91,0.92,0.08,0.09,0.01,0.01,78280.93,1777034864000
1777034865.984,165.984,0.91,0.92,0.08,0.09,0.01,0.01,78280.93,1777034864000
1777034866.763,166.763,0.88,0.89,0.08,0.12,0.01,0.04,78280.95,1777034865000
1777034867.123,167.123,0.88,0.89,0.11,0.12,0.01,0.01,78280.95,1777034865000
1777034867.808,167.808,0.88,0.89,0.11,0.12,0.01,0.01,78281.24,1777034866000
1777034868.307,168.307,0.88,0.89,0.11,0.12,0.01,0.01,78281.24,1777034866000
1777034868.723,168.723,0.88,0.89,0.11,0.12,0.01,0.01,78277.68,1777034867000
1777034869.082,169.082,0.88,0.89,0.11,0.12,0.01,0.01,78277.68,1777034868000
1777034869.541,169.541,0.88,0.89,0.11,0.12,0.01,0.01,78277.68,1777034868000
1777034870.162,170.162,0.88,0.89,0.11,0.12,0.01,0.01,78276.86,1777034869000
1777034870.567,170.567,0.88,0.89,0.11,0.12,0.01,0.01,78276.86,1777034869000
1777034871.137,171.137,0.88,0.89,0.11,0.12,0.01,0.01,78276.86,1777034869000
1777034871.605,171.605,0.89,0.91,0.1,0.12,0.02,0.02,78279.35,1777034870000
1777034871.94,171.94,0.9,0.92,0.08,0.1,0.02,0.02,78278.5,1777034871000
1777034872.475,172.475,0.92,0.93,0.07,0.08,0.01,0.01,78278.5,1777034871000
1777034872.967,172.967,0.92,0.93,0.07,0.08,0.01,0.01,78278.5,1777034871000
1777034873.445,173.445,0.92,0.93,0.07,0.08,0.01,0.01,78283.01,1777034872000
1777034874.256,174.256,0.92,0.93,0.07,0.08,0.01,0.01,78283.01,1777034872000
1777034874.626,174.626,0.92,0.93,0.07,0.08,0.01,0.01,78292.36,1777034873000
1777034875.07,175.07,0.92,0.93,0.07,0.08,0.01,0.01,78292.36,1777034873000
1777034875.432,175.432,0.92,0.93,0.07,0.08,0.01,0.01,78294.72,1777034874000
1777034875.952,175.952,0.92,0.93,0.07,0.08,0.01,0.01,78294.72,1777034875000
1777034876.426,176.426,0.92,0.93,0.07,0.08,0.01,0.01,78294.72,1777034875000
1777034877.148,177.148,0.92,0.93,0.07,0.08,0.01,0.01,78294.72,1777034875000
1777034877.727,177.727,0.92,0.93,0.07,0.08,0.01,0.01,78291.72,1777034876000
1777034878.394,178.394,0.92,0.93,0.07,0.08,0.01,0.01,78291.65,1777034877000
1777034878.899,178.899,0.92,0.93,0.07,0.08,0.01,0.01,78291.65,1777034877000
1777034879.239,179.239,0.92,0.93,0.07,0.08,0.01,0.01,78291.35,1777034878000
1777034879.683,179.683,0.92,0.93,0.07,0.08,0.01,0.01,78291.35,1777034878000
1777034880.123,180.123,0.88,0.91,0.09,0.12,0.03,0.03,78282.38,1777034879000
1777034880.528,180.528,0.88,0.89,0.11,0.12,0.01,0.01,78282.38,1777034879000
1777034880.875,180.875,0.88,0.89,0.11,0.12,0.01,0.01,78282.38,1777034879000
1777034881.213,181.213,0.88,0.89,0.11,0.12,0.01,0.01,78282.79,1777034880000
1777034881.563,181.563,0.9,0.91,0.09,0.1,0.01,0.01,78282.79,1777034880000
1777034881.961,181.961,0.9,0.91,0.09,0.1,0.01,0.01,78283.42,1777034881000
1777034882.516,182.516,0.89,0.9,0.09,0.1,0.01,0.01,78283.42,1777034881000
1777034883.005,183.005,0.89,0.9,0.1,0.11,0.01,0.01,78281.17,1777034882000
1777034883.409,183.409,0.89,0.9,0.1,0.11,0.01,0.01,78281.17,1777034882000
1777034883.829,183.829,0.85,0.89,0.11,0.13,0.04,0.02,78281.17,1777034882000
1777034884.211,184.211,0.86,0.88,0.12,0.15,0.02,0.03,78279.97,1777034883000
1777034885.047,185.047,0.86,0.88,0.12,0.14,0.02,0.02,78279.97,1777034883000
1777034885.408,185.408,0.86,0.87,0.13,0.14,0.01,0.01,78275.29,1777034884000
1777034885.766,185.766,0.86,0.87,0.13,0.15,0.01,0.02,78275.29,1777034884000
1777034886.119,186.119,0.86,0.87,0.13,0.14,0.01,0.01,78272.76,1777034885000
1777034886.581,186.581,0.86,0.87,0.13,0.14,0.01,0.01,78272.76,1777034885000
1777034886.972,186.972,0.85,0.86,0.13,0.15,0.01,0.02,78272.76,1777034885000
1777034887.428,187.428,0.85,0.86,0.14,0.15,0.01,0.01,78272.19,1777034886000
1777034887.777,187.777,0.85,0.86,0.14,0.15,0.01,0.01,78272.19,1777034886000
1777034888.116,188.116,0.85,0.86,0.14,0.15,0.01,0.01,78272.19,1777034886000
1777034888.474,188.474,0.85,0.86,0.14,0.15,0.01,0.01,78272.2,1777034887000
1777034889.028,189.028,0.85,0.86,0.14,0.15,0.01,0.01,78272.2,1777034887000
1777034889.395,189.395,0.85,0.86,0.14,0.15,0.01,0.01,78272.5,1777034888000
1777034889.752,189.752,0.85,0.86,0.14,0.15,0.01,0.01,78272.5,1777034888000
1777034890.19,190.19,0.85,0.86,0.14,0.15,0.01,0.01,78272.5,1777034888000
1777034890.576,190.576,0.85,0.86,0.14,0.15,0.01,0.01,78270.42,1777034889000
1777034890.929,190.929,0.84,0.85,0.15,0.16,0.01,0.01,78270.42,1777034889000
1777034891.384,191.384,0.83,0.84,0.16,0.17,0.01,0.01,78270.42,1777034889000
1777034891.76,191.76,0.81,0.83,0.16,0.18,0.02,0.02,78270.42,1777034889000
1777034892.137,192.137,0.8,0.82,0.18,0.2,0.02,0.02,78266.06,1777034890000
1777034892.57,192.57,0.79,0.82,0.18,0.21,0.03,0.03,78266.21,1777034891000
1777034893.441,193.441,0.79,0.82,0.19,0.21,0.03,0.02,78261.39,1777034892000
1777034893.805,193.805,0.75,0.81,0.19,0.25,0.06,0.06,78261.39,1777034892000
1777034894.258,194.258,0.75,0.77,0.23,0.25,0.02,0.02,78261.39,1777034892000
1777034894.71,194.71,0.74,0.77,0.23,0.26,0.03,0.03,78250.36,1777034893000
1777034895.045,195.045,0.75,0.8,0.22,0.25,0.05,0.03,78247.85,1777034894000
1777034895.402,195.402,0.76,0.78,0.22,0.24,0.02,0.02,78247.85,1777034894000
1777034895.775,195.775,0.76,0.77,0.23,0.24,0.01,0.01,78247.85,1777034894000
1777034896.157,196.157,0.76,0.77,0.23,0.24,0.01,0.01,78253.38,1777034895000
1777034896.901,196.901,0.76,0.77,0.23,0.24,0.01,0.01,78253.38,1777034895000
1777034897.342,197.342,0.76,0.77,0.23,0.24,0.01,0.01,78250.78,1777034896000
1777034897.737,197.737,0.77,0.78,0.22,0.23,0.01,0.01,78250.78,1777034896000
1777034898.126,198.126,0.77,0.78,0.22,0.23,0.01,0.01,78253.01,1777034897000
1777034898.499,198.499,0.77,0.78,0.22,0.23,0.01,0.01,78253.01,1777034897000
1777034898.907,198.907,0.79,0.8,0.2,0.23,0.01,0.03,78253.01,1777034897000
1777034899.292,199.292,0.79,0.8,0.2,0.21,0.01,0.01,78250.94,1777034898000
1777034899.813,199.813,0.79,0.8,0.2,0.21,0.01,0.01,78250.94,1777034898000
1777034900.181,200.181,0.79,0.8,0.2,0.21,0.01,0.01,78250.94,1777034898000
1777034900.565,200.565,0.79,0.8,0.2,0.21,0.01,0.01,78250.94,1777034898000
1777034900.964,200.964,0.79,0.8,0.19,0.21,0.01,0.02,78250.97,1777034899000
1777034901.306,201.306,0.8,0.81,0.19,0.2,0.01,0.01,78250.97,1777034900000
1777034901.797,201.797,0.8,0.81,0.19,0.2,0.01,0.01,78250.97,1777034900000
1777034902.221,202.221,0.8,0.81,0.19,0.2,0.01,0.01,78250.84,1777034901000
1777034902.623,202.623,0.8,0.81,0.19,0.2,0.01,0.01,78250.84,1777034901000
1777034902.971,202.971,0.84,0.85,0.15,0.17,0.01,0.02,78250.84,1777034901000
1777034903.482,203.482,0.84,0.85,0.15,0.16,0.01,0.01,78251.16,1777034902000
1777034903.987,203.987,0.84,0.85,0.15,0.16,0.01,0.01,78251.16,1777034902000
1777034904.332,204.332,0.84,0.85,0.15,0.16,0.01,0.01,78252.0,1777034903000
1777034904.708,204.708,0.83,0.84,0.15,0.17,0.01,0.02,78252.0,1777034903000
1777034905.085,205.085,0.83,0.84,0.16,0.17,0.01,0.01,78252.0,1777034903000
1777034905.591,205.591,0.83,0.84,0.16,0.17,0.01,0.01,78252.0,1777034903000
1777034905.94,205.94,0.84,0.85,0.15,0.16,0.01,0.01,78252.72,1777034904000
1777034906.279,206.279,0.85,0.86,0.14,0.16,0.01,0.02,78252.72,1777034904000
1777034907.187,207.187,0.85,0.86,0.14,0.15,0.01,0.01,78252.61,1777034905000
1777034907.736,207.736,0.85,0.86,0.14,0.15,0.01,0.01,78252.58,1777034906000
1777034908.108,208.108,0.85,0.86,0.14,0.15,0.01,0.01,78255.57,1777034907000
1777034908.562,208.562,0.85,0.86,0.14,0.15,0.01,0.01,78255.57,1777034907000
1777034909.366,209.366,0.85,0.86,0.14,0.15,0.01,0.01,78254.6,1777034908000
1777034909.964,209.964,0.85,0.86,0.14,0.15,0.01,0.01,78254.79,1777034909000
1777034910.975,210.975,0.85,0.86,0.14,0.15,0.01,0.01,78254.79,1777034909000
1777034911.383,211.383,0.85,0.86,0.14,0.15,0.01,0.01,78254.79,1777034910000
1777034911.815,211.815,0.85,0.86,0.14,0.15,0.01,0.01,78254.79,1777034910000
1777034912.234,212.234,0.85,0.86,0.14,0.15,0.01,0.01,78254.79,1777034910000
1777034912.66,212.66,0.85,0.86,0.14,0.15,0.01,0.01,78254.79,1777034911000
1777034913.06,213.06,0.85,0.86,0.14,0.15,0.01,0.01,78254.79,1777034911000
1777034913.427,213.427,0.85,0.86,0.14,0.15,0.01,0.01,78254.82,1777034912000
1777034913.76,213.76,0.85,0.86,0.14,0.15,0.01,0.01,78254.82,1777034912000
1777034914.236,214.236,0.85,0.86,0.14,0.15,0.01,0.01,78254.82,1777034912000
1777034914.953,214.953,0.84,0.85,0.14,0.15,0.01,0.01,78254.82,1777034913000
1777034915.418,215.418,0.84,0.86,0.15,0.16,0.02,0.01,78254.82,1777034913000
1777034915.811,215.811,0.85,0.86,0.14,0.15,0.01,0.01,78254.11,1777034914000
1777034916.492,216.492,0.85,0.86,0.14,0.15,0.01,0.01,78254.11,1777034915000
1777034917.265,217.265,0.85,0.86,0.14,0.15,0.01,0.01,78254.11,1777034915000
1777034917.648,217.648,0.85,0.86,0.14,0.15,0.01,0.01,78254.11,1777034916000
1777034918.117,218.117,0.85,0.86,0.14,0.15,0.01,0.01,78254.11,1777034916000
1777034919.326,219.326,0.85,0.86,0.14,0.15,0.01,0.01,78254.11,1777034917000
1777034919.674,219.674,0.85,0.87,0.13,0.15,0.02,0.02,78253.73,1777034918000
1777034920.044,220.044,0.85,0.87,0.13,0.15,0.02,0.02,78253.73,1777034918000
1777034921.13,221.13,0.85,0.87,0.13,0.15,0.02,0.02,78254.19,1777034919000
1777034922.213,222.213,0.85,0.87,0.13,0.15,0.02,0.02,78257.45,1777034921000
1777034922.579,222.579,0.85,0.86,0.13,0.15,0.01,0.02,78257.45,1777034921000
1777034922.919,222.919,0.85,0.87,0.13,0.15,0.02,0.02,78257.45,1777034921000
1777034923.278,223.278,0.86,0.87,0.13,0.14,0.01,0.01,78255.0,1777034922000
1777034923.999,223.999,0.86,0.87,0.13,0.14,0.01,0.01,78255.0,1777034922000
1777034924.369,224.369,0.86,0.89,0.11,0.14,0.03,0.03,78255.82,1777034923000
1777034924.72,224.72,0.88,0.89,0.11,0.12,0.01,0.01,78255.82,1777034923000
1777034925.098,225.098,0.88,0.89,0.11,0.12,0.01,0.01,78255.82,1777034923000
1777034926.006,226.006,0.88,0.89,0.11,0.12,0.01,0.01,78258.81,1777034924000
1777034926.559,226.559,0.88,0.89,0.11,0.12,0.01,0.01,78262.37,1777034925000
1777034927.137,227.137,0.88,0.89,0.11,0.12,0.01,0.01,78262.37,1777034925000
1777034927.577,227.577,0.88,0.89,0.11,0.12,0.01,0.01,78262.37,1777034926000
1777034928.006,228.006,0.88,0.89,0.11,0.12,0.01,0.01,78262.37,1777034926000
1777034928.414,228.414,0.88,0.89,0.11,0.12,0.01,0.01,78265.01,1777034927000
1777034928.844,228.844,0.89,0.9,0.1,0.11,0.01,0.01,78265.01,1777034927000
1777034929.18,229.18,0.89,0.9,0.1,0.11,0.01,0.01,78265.01,1777034927000
1777034929.56,229.56,0.89,0.9,0.1,0.11,0.01,0.01,78262.26,1777034928000
1777034930.04,230.04,0.89,0.9,0.1,0.11,0.01,0.01,78262.26,1777034929000
1777034930.607,230.607,0.89,0.9,0.1,0.11,0.01,0.01,78262.26,1777034929000
1777034931.889,231.889,0.89,0.9,0.1,0.11,0.01,0.01,78261.93,1777034931000
1777034933.009,233.009,0.89,0.9,0.1,0.11,0.01,0.01,78263.84,1777034932000
1777034933.914,233.914,0.89,0.9,0.1,0.11,0.01,0.01,78262.69,1777034933000
1777034935.52,235.52,0.89,0.9,0.1,0.11,0.01,0.01,78262.79,1777034934000
1777034936.27,236.27,0.89,0.9,0.1,0.11,0.01,0.01,78263.23,1777034935000
1777034937.772,237.772,0.89,0.9,0.1,0.11,0.01,0.01,78269.32,1777034936000
1777034938.308,238.308,0.89,0.9,0.1,0.11,0.01,0.01,78271.67,1777034937000
1777034939.711,239.711,0.89,0.9,0.1,0.11,0.01,0.01,78275.76,1777034938000
1777034940.438,240.438,0.89,0.9,0.1,0.11,0.01,0.01,78273.22,1777034939000
1777034941.618,241.618,0.89,0.9,0.1,0.11,0.01,0.01,78269.77,1777034940000
1777034942.216,242.216,0.89,0.9,0.1,0.11,0.01,0.01,78268.8,1777034941000
1777034943.549,243.549,0.89,0.9,0.1,0.11,0.01,0.01,78266.45,1777034942000
1777034944.403,244.403,0.89,0.9,0.1,0.11,0.01,0.01,78263.82,1777034943000
1777034945.665,245.665,0.89,0.9,0.1,0.11,0.01,0.01,78261.91,1777034944000
1777034946.34,246.34,0.89,0.9,0.1,0.11,0.01,0.01,78261.49,1777034945000
1777034947.731,247.731,0.89,0.9,0.1,0.11,0.01,0.01,78259.25,1777034946000
1777034948.469,248.469,0.89,0.9,0.1,0.11,0.01,0.01,78258.21,1777034947000
1777034949.154,249.154,0.89,0.9,0.1,0.11,0.01,0.01,78258.12,1777034948000
1777034950.519,250.519,0.89,0.9,0.1,0.11,0.01,0.01,78256.84,1777034949000
1777034951.138,251.138,0.89,0.9,0.1,0.11,0.01,0.01,78256.78,1777034950000
1777034953.043,253.043,0.89,0.9,0.1,0.11,0.01,0.01,78257.36,1777034952000
1777034954.082,254.082,0.89,0.9,0.1,0.11,0.01,0.01,78251.15,1777034953000
1777034955.259,255.259,0.89,0.9,0.1,0.11,0.01,0.01,78246.89,1777034954000
1777034956.297,256.297,0.89,0.9,0.1,0.11,0.01,0.01,78241.08,1777034955000
1777034957.443,257.443,0.89,0.9,0.1,0.11,0.01,0.01,78233.12,1777034956000
1777034957.965,257.965,0.89,0.9,0.1,0.11,0.01,0.01,78232.08,1777034957000
1777034959.085,259.085,0.89,0.9,0.1,0.11,0.01,0.01,78230.42,1777034958000
1777034960.198,260.198,0.89,0.9,0.1,0.11,0.01,0.01,78230.58,1777034959000
1777034961.336,261.336,0.89,0.9,0.1,0.11,0.01,0.01,78218.33,1777034960000
1777034962.39,262.39,0.89,0.9,0.1,0.11,0.01,0.01,78209.07,1777034961000
1777034963.466,263.466,0.89,0.9,0.1,0.11,0.01,0.01,78207.01,1777034962000
1777034964.032,264.032,0.89,0.9,0.1,0.11,0.01,0.01,78206.7,1777034963000
1777034965.257,265.257,0.89,0.9,0.1,0.11,0.01,0.01,78206.7,1777034964000
1777034966.273,266.273,0.89,0.9,0.1,0.11,0.01,0.01,78206.72,1777034965000
1777034967.196,267.196,0.89,0.9,0.1,0.11,0.01,0.01,78206.73,1777034966000
1777034968.528,268.528,0.89,0.9,0.1,0.11,0.01,0.01,78193.76,1777034967000
1777034969.152,269.152,0.89,0.9,0.1,0.11,0.01,0.01,78191.48,1777034968000
1777034970.208,270.208,0.89,0.9,0.1,0.11,0.01,0.01,78188.09,1777034969000
1777034971.318,271.318,0.89,0.9,0.1,0.11,0.01,0.01,78191.01,1777034970000
1777034972.428,272.428,0.89,0.9,0.1,0.11,0.01,0.01,78195.56,1777034971000
1777034973.014,273.014,0.89,0.9,0.1,0.11,0.01,0.01,78194.09,1777034972000
1777034974.147,274.147,0.89,0.9,0.1,0.11,0.01,0.01,78191.6,1777034973000
1777034975.238,275.238,0.89,0.9,0.1,0.11,0.01,0.01,78191.6,1777034974000
1777034976.463,276.463,0.89,0.9,0.1,0.11,0.01,0.01,78189.94,1777034975000
1777034977.01,277.01,0.89,0.9,0.1,0.11,0.01,0.01,78180.46,1777034976000
1777034978.169,278.169,0.89,0.9,0.1,0.11,0.01,0.01,78173.2,1777034977000
1777034979.225,279.225,0.89,0.9,0.1,0.11,0.01,0.01,78172.37,1777034978000
1777034980.335,280.335,0.89,0.9,0.1,0.11,0.01,0.01,78173.49,1777034979000
1777034980.96,280.96,0.89,0.9,0.1,0.11,0.01,0.01,78172.7,1777034980000
1777034982.704,282.704,0.89,0.9,0.1,0.11,0.01,0.01,78156.11,1777034981000
1777034983.423,283.423,0.89,0.9,0.1,0.11,0.01,0.01,78158.98,1777034982000
1777034984.394,284.394,0.89,0.9,0.1,0.11,0.01,0.01,78162.22,1777034983000
1777034984.961,284.961,0.89,0.9,0.1,0.11,0.01,0.01,78162.38,1777034984000
1777034986.236,286.236,0.89,0.9,0.1,0.11,0.01,0.01,78161.57,1777034985000
1777034987.347,287.347,0.89,0.9,0.1,0.11,0.01,0.01,78159.95,1777034986000
1777034987.88,287.88,0.89,0.9,0.1,0.11,0.01,0.01,78159.55,1777034987000
1777034989.118,289.118,0.89,0.9,0.1,0.11,0.01,0.01,78160.9,1777034988000
1777034990.332,290.332,0.89,0.9,0.1,0.11,0.01,0.01,78159.36,1777034989000
1777034991.323,291.323,0.89,0.9,0.1,0.11,0.01,0.01,78159.66,1777034990000
1777034992.481,292.481,0.89,0.9,0.1,0.11,0.01,0.01,78159.47,1777034991000
1777034993.122,293.122,0.89,0.9,0.1,0.11,0.01,0.01,78159.67,1777034992000
1777034994.231,294.231,0.89,0.9,0.1,0.11,0.01,0.01,78159.7,1777034993000
1777034995.347,295.347,0.89,0.9,0.1,0.11,0.01,0.01,78159.71,1777034994000
1777034995.995,295.995,0.89,0.9,0.1,0.11,0.01,0.01,78158.11,1777034995000
1777034997.477,297.477,0.89,0.9,0.1,0.11,0.01,0.01,78148.86,1777034996000
1777034997.895,297.895,0.89,0.9,0.1,0.11,0.01,0.01,78147.27,1777034997000
1777034998.908,298.908,0.89,0.9,0.1,0.11,0.01,0.01,78147.59,1777034998000
1777035000.077,300.077,0.89,0.9,0.1,0.11,0.01,0.01,78149.81,1777034999000

# RESULT,winner=Down,slug=btc-updown-5m-1777034700,ticks=559
