timestamp,elapsed_sec,up_bid,up_ask,down_bid,down_ask,up_spread,down_spread,btc_price,btc_oracle_ts
1775984400.504,0.504,0.53,0.54,0.46,0.47,0.01,0.01,71654.62,1775984399000
1775984400.917,0.917,0.52,0.53,0.47,0.48,0.01,0.01,71654.62,1775984399000
1775984401.441,1.441,0.52,0.53,0.47,0.48,0.01,0.01,71654.62,1775984400000
1775984401.914,1.914,0.52,0.53,0.47,0.48,0.01,0.01,71654.62,1775984400000
1775984402.253,2.253,0.52,0.53,0.47,0.48,0.01,0.01,71654.62,1775984401000
1775984402.64,2.64,0.52,0.53,0.47,0.48,0.01,0.01,71654.62,1775984401000
1775984403.24,3.24,0.52,0.53,0.47,0.49,0.01,0.02,71654.62,1775984401000
1775984403.667,3.667,0.51,0.52,0.48,0.49,0.01,0.01,71654.58,1775984402000
1775984404.056,4.056,0.51,0.52,0.48,0.49,0.01,0.01,71654.58,1775984402000
1775984404.462,4.462,0.51,0.52,0.48,0.49,0.01,0.01,71654.58,1775984402000
1775984404.945,4.945,0.5,0.51,0.48,0.5,0.01,0.02,71654.51,1775984403000
1775984405.368,5.368,0.5,0.51,0.49,0.5,0.01,0.01,71654.34,1775984404000
1775984405.73,5.73,0.49,0.51,0.49,0.5,0.02,0.01,71654.34,1775984404000
1775984406.086,6.086,0.49,0.5,0.5,0.51,0.01,0.01,71651.68,1775984405000
1775984406.465,6.465,0.49,0.5,0.5,0.51,0.01,0.01,71651.68,1775984405000
1775984406.838,6.838,0.49,0.5,0.5,0.51,0.01,0.01,71651.68,1775984405000
1775984407.246,7.246,0.48,0.49,0.51,0.52,0.01,0.01,71651.93,1775984406000
1775984407.591,7.591,0.48,0.49,0.51,0.52,0.01,0.01,71651.93,1775984406000
1775984407.999,7.999,0.48,0.49,0.51,0.52,0.01,0.01,71651.93,1775984406000
1775984408.356,8.356,0.48,0.49,0.51,0.52,0.01,0.01,71652.15,1775984407000
1775984408.705,8.705,0.48,0.49,0.51,0.52,0.01,0.01,71652.15,1775984407000
1775984409.344,9.344,0.48,0.49,0.51,0.52,0.01,0.01,71652.15,1775984407000
1775984409.695,9.695,0.48,0.49,0.51,0.52,0.01,0.01,71652.19,1775984408000
1775984410.03,10.03,0.48,0.49,0.51,0.52,0.01,0.01,71652.19,1775984408000
1775984410.475,10.475,0.48,0.49,0.51,0.52,0.01,0.01,71652.19,1775984409000
1775984410.91,10.91,0.48,0.49,0.51,0.52,0.01,0.01,71652.19,1775984409000
1775984411.285,11.285,0.47,0.49,0.51,0.52,0.02,0.01,71652.19,1775984409000
1775984411.642,11.642,0.48,0.5,0.51,0.52,0.02,0.01,71652.16,1775984410000
1775984412.25,12.25,0.49,0.5,0.5,0.51,0.01,0.01,71652.16,1775984410000
1775984412.792,12.792,0.55,0.56,0.44,0.45,0.01,0.01,71652.16,1775984411000
1775984413.126,13.126,0.55,0.56,0.44,0.45,0.01,0.01,71652.16,1775984411000
1775984413.463,13.463,0.55,0.56,0.44,0.45,0.01,0.01,71652.61,1775984412000
1775984413.867,13.867,0.55,0.56,0.44,0.45,0.01,0.01,71652.61,1775984412000
1775984414.204,14.204,0.54,0.55,0.45,0.46,0.01,0.01,71652.61,1775984413000
1775984414.624,14.624,0.53,0.55,0.45,0.46,0.02,0.01,71652.61,1775984413000
1775984414.997,14.997,0.53,0.54,0.46,0.47,0.01,0.01,71652.61,1775984413000
1775984415.357,15.357,0.54,0.55,0.45,0.46,0.01,0.01,71652.61,1775984413000
1775984415.691,15.691,0.53,0.54,0.46,0.47,0.01,0.01,71652.61,1775984413000
1775984416.071,16.071,0.53,0.54,0.46,0.47,0.01,0.01,71652.64,1775984414000
1775984416.405,16.405,0.53,0.54,0.46,0.47,0.01,0.01,71656.27,1775984415000
1775984416.79,16.79,0.53,0.54,0.46,0.47,0.01,0.01,71656.27,1775984415000
1775984417.207,17.207,0.53,0.54,0.46,0.47,0.01,0.01,71656.27,1775984415000
1775984417.573,17.573,0.53,0.54,0.46,0.47,0.01,0.01,71656.27,1775984415000
1775984418.066,18.066,0.53,0.54,0.46,0.47,0.01,0.01,71656.25,1775984416000
1775984418.469,18.469,0.53,0.54,0.46,0.47,0.01,0.01,71656.25,1775984417000
1775984419.001,19.001,0.53,0.54,0.46,0.47,0.01,0.01,71656.25,1775984417000
1775984419.46,19.46,0.49,0.53,0.46,0.48,0.04,0.02,71656.25,1775984418000
1775984419.852,19.852,0.48,0.49,0.5,0.52,0.01,0.02,71656.25,1775984418000
1775984420.219,20.219,0.48,0.5,0.5,0.52,0.02,0.02,71656.25,1775984419000
1775984420.628,20.628,0.48,0.5,0.5,0.52,0.02,0.02,71656.25,1775984419000
1775984421.161,21.161,0.49,0.5,0.5,0.51,0.01,0.01,71656.25,1775984419000
1775984421.643,21.643,0.48,0.49,0.51,0.52,0.01,0.01,71656.25,1775984420000
1775984422.077,22.077,0.48,0.49,0.51,0.52,0.01,0.01,71656.25,1775984420000
1775984422.521,22.521,0.47,0.48,0.52,0.53,0.01,0.01,71655.44,1775984421000
1775984422.882,22.882,0.47,0.48,0.52,0.53,0.01,0.01,71655.44,1775984421000
1775984423.302,23.302,0.48,0.49,0.52,0.53,0.01,0.01,71655.44,1775984421000
1775984423.686,23.686,0.48,0.49,0.51,0.52,0.01,0.01,71655.35,1775984422000
1775984424.026,24.026,0.48,0.49,0.51,0.52,0.01,0.01,71655.37,1775984423000
1775984424.474,24.474,0.48,0.49,0.51,0.52,0.01,0.01,71655.37,1775984423000
1775984424.898,24.898,0.46,0.47,0.52,0.54,0.01,0.02,71655.37,1775984423000
1775984425.362,25.362,0.48,0.49,0.51,0.52,0.01,0.01,71655.37,1775984424000
1775984425.75,25.75,0.45,0.47,0.51,0.56,0.02,0.05,71655.37,1775984424000
1775984426.198,26.198,0.47,0.48,0.53,0.54,0.01,0.01,71655.37,1775984424000
1775984426.78,26.78,0.47,0.48,0.52,0.53,0.01,0.01,71654.36,1775984425000
1775984427.143,27.143,0.5,0.51,0.49,0.5,0.01,0.01,71654.36,1775984426000
1775984427.548,27.548,0.5,0.51,0.49,0.5,0.01,0.01,71654.36,1775984426000
1775984427.89,27.89,0.5,0.51,0.49,0.5,0.01,0.01,71654.36,1775984426000
1775984428.406,28.406,0.5,0.51,0.49,0.5,0.01,0.01,71654.36,1775984427000
1775984428.739,28.739,0.5,0.51,0.49,0.5,0.01,0.01,71654.36,1775984427000
1775984429.335,29.335,0.5,0.51,0.49,0.5,0.01,0.01,71654.36,1775984427000
1775984429.791,29.791,0.5,0.51,0.49,0.5,0.01,0.01,71654.33,1775984428000
1775984430.13,30.13,0.5,0.51,0.49,0.5,0.01,0.01,71654.33,1775984428000
1775984430.481,30.481,0.5,0.51,0.49,0.5,0.01,0.01,71654.33,1775984429000
1775984430.865,30.865,0.5,0.51,0.49,0.5,0.01,0.01,71654.33,1775984429000
1775984431.228,31.228,0.5,0.51,0.49,0.5,0.01,0.01,71654.33,1775984429000
1775984431.883,31.883,0.5,0.51,0.49,0.5,0.01,0.01,71654.07,1775984430000
1775984432.566,32.566,0.51,0.52,0.48,0.5,0.01,0.02,71654.07,1775984430000
1775984433.15,33.15,0.51,0.52,0.48,0.49,0.01,0.01,71654.43,1775984432000
1775984433.508,33.508,0.51,0.52,0.48,0.49,0.01,0.01,71654.43,1775984432000
1775984434.333,34.333,0.51,0.52,0.48,0.49,0.01,0.01,71654.34,1775984433000
1775984434.974,34.974,0.51,0.52,0.48,0.49,0.01,0.01,71654.34,1775984433000
1775984435.424,35.424,0.5,0.52,0.48,0.49,0.02,0.01,71654.34,1775984433000
1775984436.095,36.095,0.51,0.52,0.48,0.49,0.01,0.01,71654.41,1775984435000
1775984436.594,36.594,0.51,0.52,0.49,0.5,0.01,0.01,71654.41,1775984435000
1775984437.375,37.375,0.51,0.52,0.48,0.49,0.01,0.01,71654.32,1775984436000
1775984437.885,37.885,0.51,0.52,0.48,0.49,0.01,0.01,71654.32,1775984436000
1775984438.226,38.226,0.51,0.52,0.48,0.49,0.01,0.01,71654.32,1775984436000
1775984438.973,38.973,0.51,0.52,0.48,0.49,0.01,0.01,71654.32,1775984437000
1775984439.541,39.541,0.51,0.52,0.48,0.49,0.01,0.01,71654.32,1775984437000
1775984439.952,39.952,0.51,0.52,0.48,0.49,0.01,0.01,71654.37,1775984438000
1775984440.452,40.452,0.51,0.52,0.48,0.49,0.01,0.01,71654.37,1775984439000
1775984440.858,40.858,0.51,0.52,0.48,0.49,0.01,0.01,71654.37,1775984439000
1775984441.637,41.637,0.51,0.52,0.48,0.49,0.01,0.01,71654.21,1775984440000
1775984442.073,42.073,0.51,0.52,0.48,0.49,0.01,0.01,71654.21,1775984440000
1775984442.431,42.431,0.51,0.52,0.48,0.49,0.01,0.01,71654.18,1775984441000
1775984442.828,42.828,0.51,0.52,0.48,0.49,0.01,0.01,71654.18,1775984441000
1775984443.349,43.349,0.51,0.52,0.48,0.49,0.01,0.01,71654.18,1775984441000
1775984444.257,44.257,0.51,0.52,0.48,0.49,0.01,0.01,71654.15,1775984443000
1775984445.595,45.595,0.51,0.52,0.48,0.49,0.01,0.01,71654.17,1775984444000
1775984446.279,46.279,0.51,0.52,0.48,0.49,0.01,0.01,71654.17,1775984444000
1775984446.813,46.813,0.51,0.52,0.48,0.49,0.01,0.01,71654.17,1775984445000
1775984447.256,47.256,0.51,0.52,0.48,0.49,0.01,0.01,71654.17,1775984445000
1775984447.83,47.83,0.51,0.52,0.48,0.49,0.01,0.01,71654.17,1775984445000
1775984448.318,48.318,0.51,0.52,0.48,0.49,0.01,0.01,71654.17,1775984445000
1775984448.77,48.77,0.51,0.52,0.48,0.49,0.01,0.01,71654.14,1775984447000
1775984449.218,49.218,0.51,0.55,0.48,0.49,0.04,0.01,71654.14,1775984447000
1775984449.597,49.597,0.52,0.53,0.46,0.47,0.01,0.01,71654.15,1775984448000
1775984450.195,50.195,0.52,0.53,0.47,0.48,0.01,0.01,71654.15,1775984448000
1775984450.609,50.609,0.52,0.53,0.47,0.48,0.01,0.01,71654.17,1775984449000
1775984451.029,51.029,0.52,0.53,0.47,0.48,0.01,0.01,71654.18,1775984450000
1775984452.021,52.021,0.52,0.53,0.47,0.48,0.01,0.01,71654.18,1775984450000
1775984452.813,52.813,0.52,0.53,0.47,0.48,0.01,0.01,71654.18,1775984451000
1775984453.239,53.239,0.52,0.53,0.47,0.48,0.01,0.01,71654.18,1775984452000
1775984453.753,53.753,0.52,0.53,0.47,0.48,0.01,0.01,71654.18,1775984452000
1775984454.126,54.126,0.52,0.53,0.47,0.48,0.01,0.01,71654.18,1775984452000
1775984454.487,54.487,0.52,0.53,0.47,0.48,0.01,0.01,71654.18,1775984452000
1775984454.995,54.995,0.52,0.53,0.47,0.48,0.01,0.01,71654.27,1775984454000
1775984456.008,56.008,0.52,0.53,0.47,0.48,0.01,0.01,71654.27,1775984454000
1775984456.558,56.558,0.52,0.53,0.47,0.48,0.01,0.01,71654.28,1775984455000
1775984457.17,57.17,0.52,0.53,0.47,0.48,0.01,0.01,71654.28,1775984455000
1775984457.578,57.578,0.51,0.52,0.47,0.49,0.01,0.02,71654.31,1775984456000
1775984457.946,57.946,0.51,0.52,0.48,0.49,0.01,0.01,71654.31,1775984456000
1775984458.304,58.304,0.51,0.52,0.48,0.49,0.01,0.01,71654.31,1775984456000
1775984458.663,58.663,0.5,0.52,0.48,0.49,0.02,0.01,71654.33,1775984457000
1775984459.125,59.125,0.5,0.51,0.48,0.5,0.01,0.02,71654.33,1775984457000
1775984459.726,59.726,0.5,0.51,0.49,0.5,0.01,0.01,71654.11,1775984458000
1775984460.115,60.115,0.5,0.51,0.49,0.5,0.01,0.01,71654.11,1775984458000
1775984460.53,60.53,0.5,0.51,0.49,0.5,0.01,0.01,71654.02,1775984459000
1775984460.933,60.933,0.5,0.51,0.49,0.5,0.01,0.01,71654.02,1775984459000
1775984461.328,61.328,0.48,0.5,0.5,0.51,0.02,0.01,71654.02,1775984459000
1775984461.774,61.774,0.46,0.47,0.53,0.54,0.01,0.01,71653.84,1775984460000
1775984462.136,62.136,0.46,0.48,0.51,0.54,0.02,0.03,71652.76,1775984461000
1775984462.474,62.474,0.46,0.47,0.53,0.54,0.01,0.01,71652.76,1775984461000
1775984462.841,62.841,0.45,0.46,0.54,0.55,0.01,0.01,71652.76,1775984461000
1775984463.216,63.216,0.45,0.46,0.54,0.55,0.01,0.01,71652.76,1775984461000
1775984463.562,63.562,0.43,0.44,0.56,0.57,0.01,0.01,71652.76,1775984461000
1775984463.937,63.937,0.39,0.41,0.58,0.6,0.02,0.02,71647.66,1775984462000
1775984464.271,64.271,0.39,0.4,0.6,0.61,0.01,0.01,71647.64,1775984463000
1775984464.607,64.607,0.38,0.4,0.6,0.62,0.02,0.02,71647.64,1775984463000
1775984464.959,64.959,0.38,0.39,0.61,0.62,0.01,0.01,71647.64,1775984463000
1775984465.321,65.321,0.38,0.39,0.61,0.62,0.01,0.01,71647.64,1775984463000
1775984465.68,65.68,0.39,0.4,0.6,0.62,0.01,0.02,71643.69,1775984464000
1775984466.321,66.321,0.4,0.41,0.59,0.6,0.01,0.01,71642.69,1775984465000
1775984466.676,66.676,0.3,0.41,0.59,0.6,0.11,0.01,71642.69,1775984465000
1775984467.049,67.049,0.33,0.34,0.65,0.67,0.01,0.02,71642.69,1775984465000
1775984467.4,67.4,0.33,0.34,0.66,0.67,0.01,0.01,71642.69,1775984465000
1775984467.756,67.756,0.32,0.34,0.66,0.68,0.02,0.02,71643.05,1775984466000
1775984468.111,68.111,0.31,0.32,0.68,0.69,0.01,0.01,71643.05,1775984466000
1775984468.456,68.456,0.31,0.32,0.68,0.69,0.01,0.01,71643.98,1775984467000
1775984468.939,68.939,0.32,0.33,0.67,0.68,0.01,0.01,71643.98,1775984467000
1775984469.273,69.273,0.31,0.32,0.67,0.68,0.01,0.01,71643.98,1775984467000
1775984469.609,69.609,0.3,0.31,0.69,0.7,0.01,0.01,71643.98,1775984467000
1775984469.958,69.958,0.29,0.3,0.69,0.7,0.01,0.01,71643.68,1775984468000
1775984470.293,70.293,0.3,0.32,0.68,0.7,0.02,0.02,71641.99,1775984469000
1775984470.668,70.668,0.31,0.32,0.68,0.69,0.01,0.01,71641.99,1775984469000
1775984471.045,71.045,0.3,0.31,0.68,0.69,0.01,0.01,71641.99,1775984469000
1775984471.379,71.379,0.3,0.31,0.69,0.7,0.01,0.01,71640.31,1775984470000
1775984471.832,71.832,0.3,0.31,0.69,0.7,0.01,0.01,71640.31,1775984470000
1775984472.176,72.176,0.26,0.27,0.73,0.74,0.01,0.01,71639.31,1775984471000
1775984472.57,72.57,0.23,0.24,0.76,0.77,0.01,0.01,71639.31,1775984471000
1775984472.938,72.938,0.24,0.25,0.75,0.76,0.01,0.01,71639.31,1775984471000
1775984473.289,73.289,0.24,0.26,0.75,0.76,0.02,0.01,71638.74,1775984472000
1775984473.794,73.794,0.27,0.28,0.72,0.73,0.01,0.01,71638.74,1775984472000
1775984474.146,74.146,0.27,0.28,0.72,0.73,0.01,0.01,71638.74,1775984472000
1775984474.481,74.481,0.25,0.26,0.74,0.75,0.01,0.01,71634.06,1775984473000
1775984474.873,74.873,0.26,0.27,0.73,0.75,0.01,0.02,71634.06,1775984473000
1775984475.215,75.215,0.27,0.28,0.72,0.73,0.01,0.01,71634.06,1775984473000
1775984475.626,75.626,0.26,0.27,0.73,0.74,0.01,0.01,71633.22,1775984474000
1775984475.967,75.967,0.27,0.29,0.71,0.73,0.02,0.02,71633.22,1775984475000
1775984476.313,76.313,0.28,0.3,0.71,0.73,0.02,0.02,71633.22,1775984475000
1775984476.683,76.683,0.29,0.31,0.7,0.71,0.02,0.01,71633.22,1775984475000
1775984477.097,77.097,0.27,0.28,0.71,0.73,0.01,0.02,71633.22,1775984475000
1775984477.461,77.461,0.28,0.3,0.71,0.72,0.02,0.01,71633.22,1775984475000
1775984477.844,77.844,0.29,0.3,0.7,0.71,0.01,0.01,71632.67,1775984476000
1775984478.185,78.185,0.29,0.3,0.7,0.71,0.01,0.01,71632.67,1775984476000
1775984478.729,78.729,0.29,0.33,0.67,0.71,0.04,0.04,71632.29,1775984477000
1775984479.153,79.153,0.31,0.32,0.68,0.7,0.01,0.02,71632.29,1775984477000
1775984479.576,79.576,0.29,0.3,0.7,0.71,0.01,0.01,71632.29,1775984478000
1775984480.065,80.065,0.31,0.32,0.68,0.69,0.01,0.01,71632.29,1775984478000
1775984480.527,80.527,0.28,0.29,0.71,0.72,0.01,0.01,71632.29,1775984478000
1775984480.878,80.878,0.28,0.29,0.71,0.72,0.01,0.01,71632.29,1775984478000
1775984481.302,81.302,0.28,0.3,0.7,0.71,0.02,0.01,71632.29,1775984478000
1775984481.723,81.723,0.27,0.28,0.72,0.73,0.01,0.01,71632.29,1775984478000
1775984482.113,82.113,0.27,0.28,0.72,0.73,0.01,0.01,71632.29,1775984478000
1775984482.452,82.452,0.28,0.29,0.71,0.72,0.01,0.01,71632.29,1775984478000
1775984482.79,82.79,0.3,0.31,0.69,0.7,0.01,0.01,71632.29,1775984478000
1775984483.135,83.135,0.3,0.31,0.69,0.7,0.01,0.01,71632.29,1775984478000
1775984483.682,83.682,0.3,0.31,0.69,0.7,0.01,0.01,71632.29,1775984478000
1775984484.219,84.219,0.3,0.31,0.68,0.69,0.01,0.01,71632.29,1775984478000
1775984484.708,84.708,0.3,0.32,0.69,0.7,0.02,0.01,71632.29,1775984478000
1775984485.062,85.062,0.31,0.32,0.68,0.69,0.01,0.01,71632.29,1775984478000
1775984485.423,85.423,0.3,0.31,0.69,0.7,0.01,0.01,71632.29,1775984478000
1775984485.79,85.79,0.29,0.3,0.7,0.71,0.01,0.01,71632.29,1775984478000
1775984486.131,86.131,0.29,0.3,0.7,0.71,0.01,0.01,71632.29,1775984478000
1775984486.618,86.618,0.29,0.3,0.7,0.71,0.01,0.01,71632.29,1775984478000
1775984487.229,87.229,0.29,0.3,0.7,0.71,0.01,0.01,71632.45,1775984486000
1775984487.563,87.563,0.29,0.3,0.7,0.71,0.01,0.01,71632.45,1775984486000
1775984488.098,88.098,0.29,0.3,0.7,0.71,0.01,0.01,71632.45,1775984486000
1775984488.522,88.522,0.27,0.28,0.72,0.73,0.01,0.01,71632.68,1775984487000
1775984488.901,88.901,0.27,0.28,0.72,0.73,0.01,0.01,71632.68,1775984487000
1775984489.243,89.243,0.27,0.28,0.72,0.73,0.01,0.01,71632.68,1775984487000
1775984489.671,89.671,0.27,0.32,0.72,0.73,0.05,0.01,71632.68,1775984488000
1775984490.057,90.057,0.29,0.3,0.7,0.71,0.01,0.01,71632.68,1775984488000
1775984490.398,90.398,0.29,0.3,0.7,0.71,0.01,0.01,71632.35,1775984489000
1775984490.732,90.732,0.29,0.3,0.7,0.71,0.01,0.01,71632.35,1775984489000
1775984491.071,91.071,0.29,0.3,0.7,0.71,0.01,0.01,71632.35,1775984489000
1775984491.412,91.412,0.29,0.3,0.7,0.71,0.01,0.01,71632.35,1775984489000
1775984491.924,91.924,0.29,0.3,0.71,0.72,0.01,0.01,71631.97,1775984490000
1775984492.267,92.267,0.3,0.31,0.69,0.7,0.01,0.01,71631.97,1775984491000
1775984492.948,92.948,0.29,0.3,0.7,0.71,0.01,0.01,71631.97,1775984491000
1775984493.341,93.341,0.29,0.3,0.7,0.71,0.01,0.01,71631.97,1775984491000
1775984493.741,93.741,0.29,0.3,0.7,0.71,0.01,0.01,71632.05,1775984492000
1775984494.087,94.087,0.29,0.3,0.7,0.71,0.01,0.01,71632.05,1775984492000
1775984494.513,94.513,0.29,0.3,0.7,0.71,0.01,0.01,71631.97,1775984493000
1775984494.86,94.86,0.28,0.29,0.7,0.85,0.01,0.15,71631.97,1775984493000
1775984495.196,95.196,0.27,0.28,0.72,0.73,0.01,0.01,71631.97,1775984493000
1775984495.821,95.821,0.28,0.29,0.71,0.72,0.01,0.01,71631.98,1775984494000
1775984496.185,96.185,0.29,0.3,0.7,0.72,0.01,0.02,71631.98,1775984494000
1775984496.741,96.741,0.28,0.29,0.69,0.7,0.01,0.01,71631.98,1775984494000
1775984497.077,97.077,0.3,0.31,0.71,0.72,0.01,0.01,71631.98,1775984494000
1775984497.535,97.535,0.3,0.31,0.69,0.71,0.01,0.02,71631.98,1775984494000
1775984497.905,97.905,0.3,0.31,0.69,0.7,0.01,0.01,71632.11,1775984496000
1775984498.526,98.526,0.3,0.31,0.69,0.7,0.01,0.01,71632.11,1775984497000
1775984498.998,98.998,0.29,0.31,0.69,0.7,0.02,0.01,71632.11,1775984497000
1775984499.338,99.338,0.29,0.3,0.7,0.71,0.01,0.01,71632.15,1775984498000
1775984499.683,99.683,0.28,0.29,0.71,0.72,0.01,0.01,71632.15,1775984498000
1775984500.022,100.022,0.29,0.3,0.71,0.72,0.01,0.01,71632.15,1775984498000
1775984500.357,100.357,0.29,0.3,0.7,0.71,0.01,0.01,71632.15,1775984498000
1775984500.69,100.69,0.29,0.3,0.7,0.71,0.01,0.01,71632.15,1775984498000
1775984501.385,101.385,0.3,0.31,0.7,0.71,0.01,0.01,71632.15,1775984499000
1775984501.726,101.726,0.3,0.31,0.69,0.7,0.01,0.01,71632.16,1775984500000
1775984502.138,102.138,0.3,0.31,0.69,0.7,0.01,0.01,71632.16,1775984500000
1775984502.481,102.481,0.28,0.29,0.71,0.72,0.01,0.01,71632.16,1775984501000
1775984502.825,102.825,0.27,0.28,0.72,0.73,0.01,0.01,71632.16,1775984501000
1775984503.194,103.194,0.27,0.28,0.71,0.72,0.01,0.01,71632.16,1775984501000
1775984503.531,103.531,0.27,0.28,0.72,0.73,0.01,0.01,71632.3,1775984502000
1775984503.882,103.882,0.28,0.29,0.71,0.73,0.01,0.02,71632.3,1775984502000
1775984504.326,104.326,0.28,0.3,0.71,0.72,0.02,0.01,71632.25,1775984503000
1775984504.861,104.861,0.28,0.29,0.71,0.72,0.01,0.01,71632.25,1775984503000
1775984505.271,105.271,0.28,0.29,0.71,0.72,0.01,0.01,71632.25,1775984503000
1775984505.732,105.732,0.28,0.29,0.71,0.72,0.01,0.01,71632.25,1775984504000
1775984506.1,106.1,0.28,0.29,0.71,0.72,0.01,0.01,71632.27,1775984505000
1775984506.842,106.842,0.28,0.29,0.71,0.72,0.01,0.01,71632.27,1775984505000
1775984507.341,107.341,0.28,0.29,0.71,0.72,0.01,0.01,71632.26,1775984506000
1775984507.681,107.681,0.28,0.29,0.71,0.72,0.01,0.01,71632.26,1775984506000
1775984508.07,108.07,0.22,0.23,0.77,0.78,0.01,0.01,71632.26,1775984506000
1775984508.403,108.403,0.23,0.24,0.76,0.77,0.01,0.01,71632.27,1775984507000
1775984508.768,108.768,0.25,0.26,0.75,0.76,0.01,0.01,71632.27,1775984507000
1775984509.101,109.101,0.18,0.26,0.74,0.75,0.08,0.01,71632.27,1775984507000
1775984509.494,109.494,0.21,0.22,0.78,0.79,0.01,0.01,71632.27,1775984508000
1775984509.96,109.96,0.22,0.23,0.76,0.78,0.01,0.02,71632.27,1775984508000
1775984510.32,110.32,0.23,0.24,0.77,0.78,0.01,0.01,71632.27,1775984508000
1775984510.912,110.912,0.23,0.24,0.76,0.77,0.01,0.01,71632.27,1775984509000
1775984511.259,111.259,0.11,0.25,0.75,0.89,0.14,0.14,71632.27,1775984510000
1775984511.599,111.599,0.25,0.26,0.74,0.75,0.01,0.01,71632.27,1775984510000
1775984512.06,112.06,0.25,0.26,0.74,0.75,0.01,0.01,71632.27,1775984510000
1775984512.518,112.518,0.25,0.26,0.74,0.75,0.01,0.01,71632.27,1775984511000
1775984512.996,112.996,0.25,0.26,0.74,0.75,0.01,0.01,71632.27,1775984511000
1775984513.455,113.455,0.26,0.27,0.73,0.74,0.01,0.01,71632.28,1775984512000
1775984513.912,113.912,0.25,0.26,0.73,0.74,0.01,0.01,71632.28,1775984512000
1775984514.346,114.346,0.25,0.26,0.74,0.75,0.01,0.01,71632.27,1775984513000
1775984515.077,115.077,0.25,0.26,0.74,0.75,0.01,0.01,71632.27,1775984513000
1775984515.451,115.451,0.25,0.26,0.74,0.75,0.01,0.01,71632.33,1775984514000
1775984515.829,115.829,0.25,0.26,0.74,0.75,0.01,0.01,71632.33,1775984514000
1775984516.394,116.394,0.24,0.25,0.74,0.76,0.01,0.02,71632.33,1775984514000
1775984516.734,116.734,0.24,0.25,0.75,0.76,0.01,0.01,71632.18,1775984515000
1775984517.349,117.349,0.24,0.25,0.75,0.76,0.01,0.01,71632.18,1775984516000
1775984517.841,117.841,0.25,0.26,0.74,0.75,0.01,0.01,71632.18,1775984516000
1775984518.327,118.327,0.24,0.25,0.74,0.75,0.01,0.01,71632.16,1775984517000
1775984518.875,118.875,0.22,0.23,0.75,0.88,0.01,0.13,71632.16,1775984517000
1775984519.342,119.342,0.22,0.23,0.77,0.78,0.01,0.01,71632.08,1775984518000
1775984519.794,119.794,0.22,0.23,0.77,0.78,0.01,0.01,71632.08,1775984518000
1775984520.22,120.22,0.22,0.23,0.77,0.78,0.01,0.01,71631.87,1775984519000
1775984520.595,120.595,0.22,0.23,0.77,0.78,0.01,0.01,71631.87,1775984519000
1775984521.155,121.155,0.22,0.23,0.77,0.78,0.01,0.01,71631.87,1775984519000
1775984521.635,121.635,0.22,0.23,0.77,0.78,0.01,0.01,71631.97,1775984520000
1775984522.036,122.036,0.22,0.23,0.77,0.78,0.01,0.01,71631.97,1775984520000
1775984522.377,122.377,0.22,0.23,0.77,0.78,0.01,0.01,71631.97,1775984520000
1775984522.832,122.832,0.22,0.23,0.77,0.78,0.01,0.01,71631.38,1775984521000
1775984523.474,123.474,0.23,0.24,0.76,0.78,0.01,0.02,71631.38,1775984522000
1775984524.016,124.016,0.23,0.24,0.76,0.77,0.01,0.01,71631.18,1775984523000
1775984524.638,124.638,0.23,0.24,0.76,0.77,0.01,0.01,71631.18,1775984523000
1775984525.005,125.005,0.24,0.25,0.75,0.76,0.01,0.01,71631.18,1775984524000
1775984525.563,125.563,0.22,0.23,0.75,0.88,0.01,0.13,71631.18,1775984524000
1775984525.984,125.984,0.22,0.23,0.77,0.78,0.01,0.01,71631.18,1775984524000
1775984526.354,126.354,0.22,0.23,0.77,0.78,0.01,0.01,71631.17,1775984525000
1775984526.865,126.865,0.22,0.25,0.77,0.78,0.03,0.01,71631.17,1775984525000
1775984527.342,127.342,0.24,0.25,0.75,0.78,0.01,0.03,71631.17,1775984526000
1775984527.75,127.75,0.24,0.25,0.75,0.76,0.01,0.01,71631.17,1775984526000
1775984528.136,128.136,0.25,0.26,0.74,0.76,0.01,0.02,71631.29,1775984527000
1775984528.616,128.616,0.1,0.26,0.74,0.75,0.16,0.01,71631.29,1775984527000
1775984528.965,128.965,0.23,0.24,0.76,0.77,0.01,0.01,71631.29,1775984527000
1775984529.375,129.375,0.23,0.24,0.76,0.77,0.01,0.01,71631.29,1775984528000
1775984529.875,129.875,0.23,0.25,0.76,0.77,0.02,0.01,71631.29,1775984528000
1775984530.226,130.226,0.24,0.25,0.75,0.76,0.01,0.01,71631.55,1775984529000
1775984530.581,130.581,0.24,0.26,0.74,0.76,0.02,0.02,71631.55,1775984529000
1775984531.07,131.07,0.24,0.26,0.74,0.76,0.02,0.02,71631.58,1775984530000
1775984531.813,131.813,0.24,0.25,0.75,0.76,0.01,0.01,71631.58,1775984530000
1775984532.217,132.217,0.24,0.25,0.75,0.76,0.01,0.01,71631.58,1775984531000
1775984532.559,132.559,0.24,0.25,0.75,0.76,0.01,0.01,71631.58,1775984531000
1775984532.974,132.974,0.24,0.25,0.75,0.76,0.01,0.01,71631.58,1775984531000
1775984533.513,133.513,0.24,0.25,0.75,0.76,0.01,0.01,71631.58,1775984532000
1775984533.869,133.869,0.25,0.26,0.74,0.75,0.01,0.01,71631.58,1775984533000
1775984534.838,134.838,0.25,0.26,0.74,0.75,0.01,0.01,71631.59,1775984534000
1775984535.221,135.221,0.24,0.26,0.74,0.78,0.02,0.04,71631.59,1775984534000
1775984535.886,135.886,0.24,0.26,0.74,0.76,0.02,0.02,71631.59,1775984535000
1775984536.376,136.376,0.24,0.25,0.74,0.76,0.01,0.02,71631.59,1775984535000
1775984536.844,136.844,0.24,0.25,0.75,0.76,0.01,0.01,71631.57,1775984536000
1775984537.331,137.331,0.24,0.25,0.75,0.76,0.01,0.01,71631.57,1775984536000
1775984537.71,137.71,0.24,0.25,0.75,0.76,0.01,0.01,71631.57,1775984536000
1775984538.319,138.319,0.24,0.25,0.75,0.76,0.01,0.01,71631.57,1775984536000
1775984539.299,139.299,0.22,0.25,0.75,0.78,0.03,0.03,71631.58,1775984538000
1775984539.734,139.734,0.23,0.24,0.75,0.78,0.01,0.03,71631.58,1775984538000
1775984540.366,140.366,0.23,0.24,0.76,0.77,0.01,0.01,71631.57,1775984539000
1775984541.185,141.185,0.23,0.24,0.76,0.77,0.01,0.01,71631.57,1775984539000
1775984541.529,141.529,0.23,0.24,0.76,0.77,0.01,0.01,71631.58,1775984540000
1775984542.471,142.471,0.23,0.24,0.76,0.77,0.01,0.01,71631.58,1775984540000
1775984542.809,142.809,0.22,0.24,0.76,0.77,0.02,0.01,71631.58,1775984541000
1775984543.183,143.183,0.23,0.24,0.76,0.77,0.01,0.01,71631.58,1775984542000
1775984543.922,143.922,0.23,0.24,0.76,0.77,0.01,0.01,71631.58,1775984542000
1775984544.485,144.485,0.23,0.24,0.76,0.77,0.01,0.01,71631.58,1775984542000
1775984544.937,144.937,0.23,0.24,0.76,0.77,0.01,0.01,71631.57,1775984543000
1775984545.312,145.312,0.23,0.24,0.76,0.77,0.01,0.01,71631.57,1775984543000
1775984545.921,145.921,0.23,0.24,0.76,0.78,0.01,0.02,71631.57,1775984544000
1775984546.467,146.467,0.23,0.24,0.76,0.77,0.01,0.01,71631.58,1775984545000
1775984547.065,147.065,0.22,0.24,0.76,0.77,0.02,0.01,71631.58,1775984545000
1775984547.943,147.943,0.22,0.23,0.77,0.78,0.01,0.01,71631.56,1775984546000
1775984548.557,148.557,0.17,0.18,0.77,0.83,0.01,0.06,71631.56,1775984547000
1775984548.897,148.897,0.17,0.18,0.82,0.83,0.01,0.01,71631.56,1775984547000
1775984549.254,149.254,0.17,0.18,0.82,0.83,0.01,0.01,71631.56,1775984547000
1775984549.764,149.764,0.17,0.18,0.82,0.83,0.01,0.01,71631.35,1775984548000
1775984550.196,150.196,0.17,0.18,0.82,0.83,0.01,0.01,71631.35,1775984549000
1775984550.743,150.743,0.17,0.18,0.82,0.83,0.01,0.01,71631.35,1775984549000
1775984551.118,151.118,0.17,0.18,0.82,0.83,0.01,0.01,71631.35,1775984549000
1775984551.573,151.573,0.12,0.18,0.82,0.83,0.06,0.01,71630.9,1775984550000
1775984551.908,151.908,0.13,0.14,0.86,0.87,0.01,0.01,71630.9,1775984550000
1775984552.275,152.275,0.15,0.16,0.84,0.85,0.01,0.01,71631.17,1775984551000
1775984552.799,152.799,0.16,0.17,0.84,0.85,0.01,0.01,71631.17,1775984551000
1775984553.143,153.143,0.14,0.15,0.85,0.86,0.01,0.01,71631.17,1775984551000
1775984553.484,153.484,0.14,0.15,0.85,0.86,0.01,0.01,71631.28,1775984552000
1775984553.857,153.857,0.14,0.15,0.85,0.86,0.01,0.01,71631.28,1775984552000
1775984554.193,154.193,0.13,0.15,0.85,0.87,0.02,0.02,71631.28,1775984552000
1775984554.585,154.585,0.14,0.15,0.85,0.86,0.01,0.01,71631.3,1775984553000
1775984554.993,154.993,0.14,0.15,0.85,0.86,0.01,0.01,71631.3,1775984553000
1775984555.341,155.341,0.14,0.15,0.85,0.86,0.01,0.01,71629.41,1775984554000
1775984555.679,155.679,0.14,0.15,0.85,0.86,0.01,0.01,71629.41,1775984554000
1775984556.032,156.032,0.14,0.15,0.84,0.86,0.01,0.02,71629.41,1775984554000
1775984556.37,156.37,0.15,0.16,0.84,0.85,0.01,0.01,71629.04,1775984555000
1775984556.792,156.792,0.15,0.16,0.84,0.85,0.01,0.01,71629.04,1775984555000
1775984557.168,157.168,0.15,0.16,0.84,0.85,0.01,0.01,71629.04,1775984555000
1775984557.664,157.664,0.15,0.16,0.84,0.85,0.01,0.01,71629.15,1775984556000
1775984558.093,158.093,0.16,0.17,0.83,0.85,0.01,0.02,71629.15,1775984556000
1775984558.67,158.67,0.17,0.18,0.82,0.83,0.01,0.01,71629.15,1775984556000
1775984559.013,159.013,0.17,0.18,0.82,0.83,0.01,0.01,71628.96,1775984557000
1775984559.385,159.385,0.17,0.18,0.82,0.83,0.01,0.01,71628.96,1775984557000
1775984560.203,160.203,0.17,0.18,0.82,0.83,0.01,0.01,71628.77,1775984558000
1775984560.545,160.545,0.17,0.18,0.82,0.83,0.01,0.01,71628.77,1775984559000
1775984561.054,161.054,0.16,0.17,0.83,0.84,0.01,0.01,71628.77,1775984559000
1775984561.388,161.388,0.17,0.18,0.82,0.83,0.01,0.01,71628.77,1775984559000
1775984561.768,161.768,0.17,0.18,0.82,0.83,0.01,0.01,71628.68,1775984560000
1775984563.038,163.038,0.17,0.18,0.82,0.83,0.01,0.01,71628.68,1775984561000
1775984563.387,163.387,0.17,0.18,0.82,0.83,0.01,0.01,71628.68,1775984561000
1775984563.733,163.733,0.17,0.18,0.82,0.83,0.01,0.01,71627.92,1775984562000
1775984564.117,164.117,0.17,0.18,0.82,0.83,0.01,0.01,71627.92,1775984562000
1775984564.849,164.849,0.17,0.18,0.82,0.83,0.01,0.01,71627.39,1775984563000
1775984565.189,165.189,0.17,0.18,0.82,0.83,0.01,0.01,71627.39,1775984563000
1775984565.548,165.548,0.17,0.18,0.82,0.83,0.01,0.01,71627.39,1775984563000
1775984565.883,165.883,0.17,0.18,0.82,0.83,0.01,0.01,71626.99,1775984564000
1775984566.504,166.504,0.17,0.18,0.82,0.83,0.01,0.01,71626.99,1775984564000
1775984566.842,166.842,0.16,0.17,0.83,0.84,0.01,0.01,71626.36,1775984565000
1775984567.25,167.25,0.16,0.17,0.83,0.84,0.01,0.01,71626.36,1775984565000
1775984567.588,167.588,0.15,0.16,0.83,0.85,0.01,0.02,71626.19,1775984566000
1775984567.965,167.965,0.15,0.16,0.84,0.85,0.01,0.01,71626.19,1775984566000
1775984568.308,168.308,0.14,0.15,0.85,0.86,0.01,0.01,71626.19,1775984566000
1775984568.652,168.652,0.12,0.13,0.87,0.88,0.01,0.01,71626.19,1775984566000
1775984568.991,168.991,0.12,0.13,0.87,0.88,0.01,0.01,71624.22,1775984567000
1775984569.341,169.341,0.05,0.13,0.87,0.88,0.08,0.01,71624.22,1775984567000
1775984569.677,169.677,0.05,0.08,0.92,0.93,0.03,0.01,71623.49,1775984568000
1775984570.231,170.231,0.05,0.06,0.94,0.95,0.01,0.01,71620.93,1775984569000
1775984570.603,170.603,0.05,0.06,0.94,0.95,0.01,0.01,71620.93,1775984569000
1775984570.94,170.94,0.05,0.06,0.94,0.95,0.01,0.01,71620.93,1775984569000
1775984571.281,171.281,0.05,0.06,0.94,0.95,0.01,0.01,71620.93,1775984569000
1775984571.617,171.617,0.05,0.06,0.94,0.95,0.01,0.01,71620.93,1775984569000
1775984571.951,171.951,0.05,0.06,0.94,0.95,0.01,0.01,71609.36,1775984570000
1775984572.3,172.3,0.05,0.06,0.94,0.95,0.01,0.01,71604.7,1775984571000
1775984572.729,172.729,0.05,0.06,0.94,0.95,0.01,0.01,71604.7,1775984571000
1775984573.066,173.066,0.05,0.06,0.94,0.95,0.01,0.01,71604.7,1775984571000
1775984573.399,173.399,0.05,0.06,0.94,0.95,0.01,0.01,71604.7,1775984571000
1775984573.739,173.739,0.05,0.06,0.94,0.95,0.01,0.01,71604.7,1775984571000
1775984574.083,174.083,0.05,0.06,0.94,0.95,0.01,0.01,71597.98,1775984572000
1775984574.518,174.518,0.04,0.05,0.95,0.96,0.01,0.01,71597.98,1775984572000
1775984574.908,174.908,0.04,0.05,0.95,0.96,0.01,0.01,71595.24,1775984573000
1775984575.313,175.313,0.04,0.05,0.95,0.96,0.01,0.01,71595.24,1775984573000
1775984575.669,175.669,0.04,0.05,0.95,0.96,0.01,0.01,71592.68,1775984574000
1775984576.151,176.151,0.04,0.05,0.95,0.96,0.01,0.01,71592.68,1775984574000
1775984576.504,176.504,0.03,0.04,0.95,0.97,0.01,0.02,71592.68,1775984574000
1775984576.844,176.844,0.03,0.04,0.96,0.98,0.01,0.02,71592.68,1775984574000
1775984577.194,177.194,0.02,0.03,0.97,0.98,0.01,0.01,71587.13,1775984576000
1775984577.62,177.62,0.02,0.03,0.97,0.98,0.01,0.01,71587.13,1775984576000
1775984578.024,178.024,0.02,0.03,0.97,0.98,0.01,0.01,71587.13,1775984576000
1775984578.359,178.359,0.02,0.03,0.97,0.98,0.01,0.01,71586.13,1775984577000
1775984578.692,178.692,0.01,0.02,0.98,0.99,0.01,0.01,71586.13,1775984577000
1775984579.027,179.027,0.01,0.02,0.98,0.99,0.01,0.01,71586.13,1775984577000
1775984579.381,179.381,0.01,0.02,0.98,0.99,0.01,0.01,71586.13,1775984577000
1775984579.722,179.722,0.01,0.02,0.98,0.99,0.01,0.01,71586.27,1775984578000
1775984580.085,180.085,0.01,0.02,0.98,0.99,0.01,0.01,71586.27,1775984578000
1775984580.443,180.443,0.01,0.02,0.98,0.99,0.01,0.01,71585.66,1775984579000
1775984580.827,180.827,0.01,0.02,0.98,0.99,0.01,0.01,71585.66,1775984579000
1775984581.228,181.228,0.01,0.02,0.98,0.99,0.01,0.01,71585.66,1775984579000
1775984581.567,181.567,0.01,0.02,0.98,0.99,0.01,0.01,71584.98,1775984580000
1775984581.963,181.963,0.01,0.02,0.98,0.99,0.01,0.01,71584.98,1775984580000
1775984582.34,182.34,0.01,0.02,0.98,0.99,0.01,0.01,71584.98,1775984581000
1775984582.682,182.682,0.01,0.03,0.97,0.99,0.02,0.02,71584.98,1775984581000
1775984583.028,183.028,0.02,0.03,0.97,0.98,0.01,0.01,71584.98,1775984581000
1775984583.367,183.367,0.01,0.02,0.98,0.99,0.01,0.01,71585.29,1775984582000
1775984583.931,183.931,0.01,0.02,0.98,0.99,0.01,0.01,71585.29,1775984582000
1775984584.266,184.266,0.03,0.04,0.97,0.99,0.01,0.02,71585.29,1775984582000
1775984584.705,184.705,0.01,0.04,0.98,0.99,0.03,0.01,71585.29,1775984583000
1775984585.081,185.081,0.01,0.03,0.97,0.98,0.02,0.01,71585.29,1775984583000
1775984585.517,185.517,0.02,0.03,0.97,0.98,0.01,0.01,71584.38,1775984584000
1775984585.901,185.901,0.02,0.03,0.97,0.98,0.01,0.01,71584.38,1775984584000
1775984586.327,186.327,0.02,0.03,0.97,0.98,0.01,0.01,71584.38,1775984584000
1775984586.981,186.981,0.02,0.03,0.97,0.98,0.01,0.01,71584.72,1775984585000
1775984587.319,187.319,0.02,0.03,0.97,0.98,0.01,0.01,71583.44,1775984586000
1775984587.699,187.699,0.02,0.03,0.97,0.98,0.01,0.01,71583.44,1775984586000
1775984588.271,188.271,0.02,0.03,0.97,0.98,0.01,0.01,71583.08,1775984587000
1775984588.775,188.775,0.02,0.03,0.97,0.98,0.01,0.01,71583.08,1775984587000
1775984589.178,189.178,0.02,0.03,0.97,0.98,0.01,0.01,71583.08,1775984587000
1775984589.559,189.559,0.02,0.03,0.97,0.98,0.01,0.01,71583.19,1775984588000
1775984590.095,190.095,0.02,0.03,0.97,0.98,0.01,0.01,71583.19,1775984588000
1775984590.654,190.654,0.02,0.03,0.97,0.98,0.01,0.01,71583.19,1775984589000
1775984591.347,191.347,0.02,0.03,0.97,0.98,0.01,0.01,71583.19,1775984589000
1775984591.718,191.718,0.02,0.03,0.97,0.98,0.01,0.01,71583.74,1775984590000
1775984592.069,192.069,0.02,0.03,0.97,0.98,0.01,0.01,71583.74,1775984590000
1775984592.415,192.415,0.02,0.03,0.97,0.98,0.01,0.01,71583.74,1775984591000
1775984592.763,192.763,0.02,0.03,0.97,0.98,0.01,0.01,71583.74,1775984591000
1775984593.126,193.126,0.02,0.03,0.97,0.98,0.01,0.01,71583.74,1775984591000
1775984593.487,193.487,0.02,0.03,0.97,0.98,0.01,0.01,71582.69,1775984592000
1775984593.869,193.869,0.02,0.03,0.97,0.98,0.01,0.01,71582.69,1775984592000
1775984594.205,194.205,0.02,0.03,0.97,0.98,0.01,0.01,71583.02,1775984593000
1775984594.576,194.576,0.02,0.03,0.97,0.98,0.01,0.01,71583.02,1775984593000
1775984594.973,194.973,0.02,0.03,0.97,0.98,0.01,0.01,71583.02,1775984593000
1775984595.606,195.606,0.01,0.02,0.98,0.99,0.01,0.01,71583.02,1775984594000
1775984595.948,195.948,0.02,0.03,0.97,0.99,0.01,0.02,71583.02,1775984594000
1775984596.365,196.365,0.01,0.03,0.97,0.99,0.02,0.02,71582.73,1775984595000
1775984596.704,196.704,0.01,0.03,0.97,0.99,0.02,0.02,71582.73,1775984595000
1775984597.076,197.076,0.02,0.03,0.97,0.98,0.01,0.01,71582.73,1775984595000
1775984597.412,197.412,0.01,0.02,0.98,0.99,0.01,0.01,71582.5,1775984596000
1775984597.778,197.778,0.02,0.03,0.97,0.98,0.01,0.01,71582.5,1775984596000
1775984598.142,198.142,0.02,0.03,0.97,0.98,0.01,0.01,71582.28,1775984597000
1775984598.798,198.798,0.02,0.03,0.97,0.98,0.01,0.01,71582.28,1775984597000
1775984599.218,199.218,0.02,0.03,0.97,0.98,0.01,0.01,71582.28,1775984597000
1775984599.713,199.713,0.01,0.03,0.97,0.99,0.02,0.02,71581.99,1775984598000
1775984600.055,200.055,0.02,0.03,0.97,0.98,0.01,0.01,71581.99,1775984598000
1775984600.584,200.584,0.02,0.03,0.97,0.98,0.01,0.01,71581.99,1775984599000
1775984600.936,200.936,0.02,0.03,0.97,0.98,0.01,0.01,71581.99,1775984599000
1775984601.295,201.295,0.01,0.02,0.97,0.99,0.01,0.02,71581.57,1775984600000
1775984601.74,201.74,0.01,0.02,0.98,0.99,0.01,0.01,71581.57,1775984600000
1775984602.133,202.133,0.01,0.03,0.97,0.99,0.02,0.02,71581.57,1775984600000
1775984602.469,202.469,0.01,0.02,0.98,0.99,0.01,0.01,71581.57,1775984600000
1775984602.841,202.841,0.01,0.02,0.98,0.99,0.01,0.01,71580.11,1775984601000
1775984603.243,203.243,0.01,0.02,0.98,0.99,0.01,0.01,71580.11,1775984602000
1775984604.015,204.015,0.01,0.02,0.98,0.99,0.01,0.01,71580.11,1775984602000
1775984604.399,204.399,0.01,0.02,0.98,0.99,0.01,0.01,71579.03,1775984603000
1775984604.861,204.861,0.01,0.02,0.98,0.99,0.01,0.01,71579.03,1775984603000
1775984605.315,205.315,0.01,0.02,0.98,0.99,0.01,0.01,71579.35,1775984604000
1775984605.843,205.843,0.01,0.02,0.98,0.99,0.01,0.01,71579.35,1775984604000
1775984606.186,206.186,0.01,0.02,0.98,0.99,0.01,0.01,71579.35,1775984604000
1775984606.52,206.52,0.01,0.02,0.98,0.99,0.01,0.01,71579.6,1775984605000
1775984606.886,206.886,0.01,0.02,0.98,0.99,0.01,0.01,71579.6,1775984605000
1775984607.579,207.579,0.01,0.02,0.98,0.99,0.01,0.01,71579.03,1775984606000
1775984608.084,208.084,0.01,0.02,0.98,0.99,0.01,0.01,71579,1775984607000
1775984608.652,208.652,0.01,0.02,0.98,0.99,0.01,0.01,71579,1775984607000
1775984609.042,209.042,0.01,0.02,0.98,0.99,0.01,0.01,71577.22,1775984608000
1775984609.641,209.641,0.01,0.02,0.98,0.99,0.01,0.01,71577.22,1775984608000
1775984610.04,210.04,0.01,0.02,0.98,0.99,0.01,0.01,71577.22,1775984608000
1775984610.402,210.402,0.01,0.02,0.98,0.99,0.01,0.01,71576.71,1775984609000
1775984610.764,210.764,0.01,0.02,0.98,0.99,0.01,0.01,71576.71,1775984609000
1775984611.105,211.105,0.01,0.02,0.98,0.99,0.01,0.01,71576.71,1775984610000
1775984611.626,211.626,0.01,0.02,0.98,0.99,0.01,0.01,71576.71,1775984610000
1775984611.97,211.97,0.01,0.02,0.98,0.99,0.01,0.01,71576.71,1775984610000
1775984612.311,212.311,0.01,0.02,0.98,0.99,0.01,0.01,71578.79,1775984611000
1775984612.693,212.693,0.01,0.02,0.98,0.99,0.01,0.01,71578.79,1775984611000
1775984613.081,213.081,0.01,0.02,0.98,0.99,0.01,0.01,71578.79,1775984611000
1775984613.627,213.627,0.01,0.02,0.97,0.99,0.01,0.02,71586.21,1775984612000
1775984614.136,214.136,0.01,0.02,0.98,0.99,0.01,0.01,71586.21,1775984612000
1775984614.696,214.696,0.01,0.02,0.98,0.99,0.01,0.01,71588.58,1775984613000
1775984615.038,215.038,0.01,0.02,0.98,0.99,0.01,0.01,71588.58,1775984613000
1775984615.43,215.43,0.01,0.02,0.98,0.99,0.01,0.01,71587.13,1775984614000
1775984615.884,215.884,0.01,0.02,0.98,0.99,0.01,0.01,71587.13,1775984614000
1775984616.264,216.264,0.01,0.02,0.98,0.99,0.01,0.01,71585.07,1775984615000
1775984616.702,216.702,0.01,0.02,0.98,0.99,0.01,0.01,71585.07,1775984615000
1775984617.074,217.074,0.01,0.02,0.98,0.99,0.01,0.01,71585.07,1775984615000
1775984618.182,218.182,0.01,0.02,0.98,0.99,0.01,0.01,71581.66,1775984617000
1775984618.623,218.623,0.01,0.02,0.98,0.99,0.01,0.01,71581.66,1775984617000
1775984618.973,218.973,0.01,0.03,0.98,0.99,0.02,0.01,71581.66,1775984617000
1775984619.327,219.327,0.01,0.02,0.97,0.99,0.01,0.02,71580.91,1775984618000
1775984619.68,219.68,0.01,0.02,0.98,0.99,0.01,0.01,71580.91,1775984618000
1775984620.035,220.035,0.01,0.02,0.98,0.99,0.01,0.01,71580.91,1775984618000
1775984620.444,220.444,0.01,0.02,0.98,0.99,0.01,0.01,71581.2,1775984619000
1775984620.793,220.793,0.01,0.02,0.98,0.99,0.01,0.01,71581.2,1775984619000
1775984621.142,221.142,0.01,0.02,0.98,0.99,0.01,0.01,71581.2,1775984619000
1775984621.585,221.585,0.01,0.02,0.98,0.99,0.01,0.01,71578.85,1775984620000
1775984622.121,222.121,0.01,0.02,0.98,0.99,0.01,0.01,71575.06,1775984621000
1775984622.681,222.681,0.01,0.02,0.98,0.99,0.01,0.01,71575.06,1775984621000
1775984623.05,223.05,0.01,0.02,0.98,0.99,0.01,0.01,71575.06,1775984621000
1775984623.39,223.39,0.01,0.02,0.98,0.99,0.01,0.01,71574.08,1775984622000
1775984623.771,223.771,0.01,0.02,0.98,0.99,0.01,0.01,71574.08,1775984622000
1775984624.106,224.106,0.01,0.03,0.97,0.99,0.02,0.02,71571.98,1775984623000
1775984624.445,224.445,0.02,0.03,0.97,0.98,0.01,0.01,71571.98,1775984623000
1775984624.85,224.85,0.01,0.02,0.98,0.99,0.01,0.01,71571.98,1775984623000
1775984625.208,225.208,0.01,0.02,0.98,0.99,0.01,0.01,71572.65,1775984624000
1775984625.545,225.545,0.01,0.02,0.98,0.99,0.01,0.01,71572.65,1775984624000
1775984625.889,225.889,0.01,0.02,0.98,0.99,0.01,0.01,71572.65,1775984624000
1775984626.363,226.363,0.01,0.02,0.98,0.99,0.01,0.01,71575.47,1775984625000
1775984626.849,226.849,0.01,0.02,0.98,0.99,0.01,0.01,71575.47,1775984625000
1775984627.217,227.217,0.01,0.02,0.98,0.99,0.01,0.01,71575.47,1775984625000
1775984627.579,227.579,0.01,0.02,0.98,0.99,0.01,0.01,71575.47,1775984625000
1775984627.928,227.928,0.01,0.02,0.98,0.99,0.01,0.01,71576.02,1775984626000
1775984628.267,228.267,0.01,0.02,0.98,0.99,0.01,0.01,71576.02,1775984626000
1775984628.642,228.642,0.01,0.01,0.99,0.99,0.0,0.0,71576.59,1775984627000
1775984628.977,228.977,0.01,0.01,0.99,0.99,0.0,0.0,71576.59,1775984627000
1775984629.409,229.409,0.01,0.01,0.99,0.99,0.0,0.0,71576.59,1775984628000
1775984629.809,229.809,0.01,0.01,0.99,0.99,0.0,0.0,71576.59,1775984628000
1775984630.359,230.359,0.01,0.01,0.99,0.99,0.0,0.0,71576.59,1775984628000
1775984630.706,230.706,0.01,0.01,0.99,0.99,0.0,0.0,71578.71,1775984629000
1775984631.084,231.084,0.01,0.02,0.98,0.99,0.01,0.01,71578.71,1775984630000
1775984631.478,231.478,0.01,0.01,0.99,0.99,0.0,0.0,71578.71,1775984630000
1775984632.1,232.1,0.01,0.01,0.99,0.99,0.0,0.0,71578.71,1775984630000
1775984632.676,232.676,0.01,0.01,0.99,0.99,0.0,0.0,71579.96,1775984631000
1775984633.118,233.118,0.01,0.01,0.99,0.99,0.0,0.0,71579.96,1775984631000
1775984633.455,233.455,0.01,0.01,0.99,0.99,0.0,0.0,71579.96,1775984631000
1775984633.992,233.992,0.01,0.01,0.99,0.99,0.0,0.0,71582.04,1775984632000
1775984635.237,235.237,0.01,0.01,0.99,0.99,0.0,0.0,71581.95,1775984634000
1775984635.842,235.842,0.01,0.02,0.98,0.99,0.01,0.01,71581.95,1775984634000
1775984636.228,236.228,0.01,0.02,0.98,0.99,0.01,0.01,71581.95,1775984634000
1775984636.727,236.727,0.01,0.02,0.98,0.99,0.01,0.01,71581.95,1775984634000
1775984637.161,237.161,0.01,0.02,0.98,0.99,0.01,0.01,71581.94,1775984635000
1775984637.558,237.558,0.01,0.02,0.98,0.99,0.01,0.01,71582.0,1775984636000
1775984638.002,238.002,0.01,0.02,0.98,0.99,0.01,0.01,71582.0,1775984636000
1775984638.905,238.905,0.01,0.02,0.98,0.99,0.01,0.01,71582.08,1775984637000
1775984639.258,239.258,0.01,0.02,0.98,0.99,0.01,0.01,71581.91,1775984638000
1775984639.642,239.642,0.01,0.01,0.99,0.99,0.0,0.0,71581.91,1775984638000
1775984640.193,240.193,0.01,0.01,0.99,0.99,0.0,0.0,71581.77,1775984639000
1775984640.532,240.532,0.01,0.01,0.99,0.99,0.0,0.0,71581.77,1775984639000
1775984640.947,240.947,0.01,0.01,0.99,0.99,0.0,0.0,71581.77,1775984639000
1775984642.151,242.151,0.01,0.01,0.99,0.99,0.0,0.0,71581.77,1775984640000
1775984642.822,242.822,0.01,0.01,0.99,0.99,0.0,0.0,71581.77,1775984641000
1775984643.301,243.301,0.01,0.01,0.99,0.99,0.0,0.0,71581.7,1775984642000
1775984643.768,243.768,0.01,0.01,0.99,0.99,0.0,0.0,71581.7,1775984642000
1775984644.285,244.285,0.01,0.01,0.99,0.99,0.0,0.0,71577.27,1775984643000
1775984645.302,245.302,0.01,0.01,0.99,0.99,0.0,0.0,71573.75,1775984644000
1775984646.105,246.105,0.01,0.01,0.99,0.99,0.0,0.0,71573.75,1775984644000
1775984647.005,247.005,0.01,0.01,0.99,0.99,0.0,0.0,71573.75,1775984645000
1775984647.812,247.812,0.01,0.01,0.99,0.99,0.0,0.0,71572.81,1775984646000
1775984648.233,248.233,0.01,0.01,0.99,0.99,0.0,0.0,71574.36,1775984647000
1775984649.324,249.324,0.01,0.01,0.99,0.99,0.0,0.0,71574.36,1775984647000
1775984649.852,249.852,0.01,0.01,0.99,0.99,0.0,0.0,71573.34,1775984648000
1775984650.506,250.506,0.01,0.01,0.99,0.99,0.0,0.0,71572.96,1775984649000
1775984651.247,251.247,0.01,0.01,0.99,0.99,0.0,0.0,71570.81,1775984650000
1775984652.53,252.53,0.01,0.01,0.99,0.99,0.0,0.0,71572.87,1775984651000
1775984653.128,253.128,0.01,0.01,0.99,0.99,0.0,0.0,71572.54,1775984652000
1775984654.364,254.364,0.01,0.01,0.99,0.99,0.0,0.0,71569.41,1775984653000
1775984654.992,254.992,0.01,0.01,0.99,0.99,0.0,0.0,71569.41,1775984654000
1775984656.107,256.107,0.01,0.01,0.99,0.99,0.0,0.0,71568.33,1775984655000
1775984657.253,257.253,0.01,0.01,0.99,0.99,0.0,0.0,71568.34,1775984656000
1775984657.798,257.798,0.01,0.01,0.99,0.99,0.0,0.0,71568.34,1775984656000
1775984658.43,258.43,0.01,0.01,0.99,0.99,0.0,0.0,71568.34,1775984657000
1775984659.061,259.061,0.01,0.01,0.99,0.99,0.0,0.0,71568.56,1775984658000
1775984659.578,259.578,0.01,0.01,0.99,0.99,0.0,0.0,71568.56,1775984658000
1775984660.245,260.245,0.01,0.01,0.99,0.99,0.0,0.0,71568.88,1775984659000
1775984661.024,261.024,0.01,0.01,0.99,0.99,0.0,0.0,71568.88,1775984659000
1775984661.429,261.429,0.01,0.01,0.99,0.99,0.0,0.0,71573.78,1775984660000
1775984662.029,262.029,0.01,0.01,0.99,0.99,0.0,0.0,71578.61,1775984661000
1775984663.125,263.125,0.01,0.01,0.99,0.99,0.0,0.0,71578.18,1775984662000
1775984664.204,264.204,0.01,0.01,0.99,0.99,0.0,0.0,71578.18,1775984663000
1775984665.064,265.064,0.01,0.01,0.99,0.99,0.0,0.0,71578.18,1775984663000
1775984666.187,266.187,0.01,0.01,0.99,0.99,0.0,0.0,71580.38,1775984665000
1775984667.258,267.258,0.01,0.01,0.99,0.99,0.0,0.0,71586.13,1775984666000
1775984668.172,268.172,0.01,0.01,0.99,0.99,0.0,0.0,71586.3,1775984667000
1775984668.575,268.575,0.01,0.01,0.99,0.99,0.0,0.0,71586.3,1775984667000
1775984669.11,269.11,0.01,0.01,0.99,0.99,0.0,0.0,71586.3,1775984667000
1775984670.178,270.178,0.01,0.01,0.99,0.99,0.0,0.0,71586.32,1775984669000
1775984671.108,271.108,0.01,0.01,0.99,0.99,0.0,0.0,71586.32,1775984670000
1775984672.198,272.198,0.01,0.01,0.99,0.99,0.0,0.0,71586.57,1775984671000
1775984672.701,272.701,0.01,0.01,0.99,0.99,0.0,0.0,71586.57,1775984671000
1775984673.177,273.177,0.01,0.01,0.99,0.99,0.0,0.0,71586.56,1775984672000
1775984673.605,273.605,0.01,0.01,0.99,0.99,0.0,0.0,71586.56,1775984672000
1775984674.201,274.201,0.01,0.01,0.99,0.99,0.0,0.0,71586.56,1775984673000
1775984674.679,274.679,0.01,0.01,0.99,0.99,0.0,0.0,71586.56,1775984673000
1775984675.091,275.091,0.01,0.01,0.99,0.99,0.0,0.0,71586.57,1775984674000
1775984676.183,276.183,0.01,0.01,0.99,0.99,0.0,0.0,71587.09,1775984675000
1775984677.127,277.127,0.01,0.01,0.99,0.99,0.0,0.0,71586.97,1775984676000
1775984678.198,278.198,0.01,0.01,0.99,0.99,0.0,0.0,71586.97,1775984677000
1775984678.613,278.613,0.01,0.01,0.99,0.99,0.0,0.0,71586.97,1775984677000
1775984678.988,278.988,0.01,0.01,0.99,0.99,0.0,0.0,71586.97,1775984677000
1775984679.793,279.793,0.01,0.01,0.99,0.99,0.0,0.0,71586.97,1775984678000
1775984680.652,280.652,0.01,0.01,0.99,0.99,0.0,0.0,71586.98,1775984679000
1775984681.056,281.056,0.01,0.01,0.99,0.99,0.0,0.0,71592.02,1775984680000
1775984682.182,282.182,0.01,0.01,0.99,0.99,0.0,0.0,71595.91,1775984681000
1775984682.892,282.892,0.01,0.01,0.99,0.99,0.0,0.0,71595.91,1775984681000
1775984684.231,284.231,0.01,0.01,0.99,0.99,0.0,0.0,71596.05,1775984683000
1775984685.4,285.4,0.01,0.01,0.99,0.99,0.0,0.0,71596.05,1775984683000
1775984685.809,285.809,0.01,0.01,0.99,0.99,0.0,0.0,71596.26,1775984684000
1775984686.337,286.337,0.01,0.01,0.99,0.99,0.0,0.0,71596.27,1775984685000
1775984687.039,287.039,0.01,0.01,0.99,0.99,0.0,0.0,71596.28,1775984686000
1775984687.573,287.573,0.01,0.01,0.99,0.99,0.0,0.0,71596.28,1775984686000
1775984688.094,288.094,0.01,0.01,0.99,0.99,0.0,0.0,71596.3,1775984687000
1775984689.291,289.291,0.01,0.01,0.99,0.99,0.0,0.0,71596.3,1775984688000
1775984690.833,290.833,0.01,0.01,0.99,0.99,0.0,0.0,71596.26,1775984689000
1775984692.866,292.866,0.01,0.01,0.99,0.99,0.0,0.0,71593.69,1775984691000
1775984693.34,293.34,0.01,0.01,0.99,0.99,0.0,0.0,71593.69,1775984692000
1775984694.046,294.046,0.01,0.01,0.99,0.99,0.0,0.0,71593.67,1775984693000
1775984695.109,295.109,0.01,0.01,0.99,0.99,0.0,0.0,71593.98,1775984694000
1775984696.004,296.004,0.01,0.01,0.99,0.99,0.0,0.0,71593.98,1775984694000
1775984697.19,297.19,0.01,0.01,0.99,0.99,0.0,0.0,71592.8,1775984696000
1775984698.452,298.452,0.01,0.01,0.99,0.99,0.0,0.0,71592.58,1775984697000
1775984698.95,298.95,0.01,0.01,0.99,0.99,0.0,0.0,71592.58,1775984698000
1775984699.811,299.811,0.01,0.01,0.99,0.99,0.0,0.0,71592.58,1775984698000
1775984700.227,300.227,0.01,0.01,0.99,0.99,0.0,0.0,71592.87,1775984699000
1775984701.191,301.191,0.01,0.01,0.99,0.99,0.0,0.0,71592.89,1775984700000
1775984702.272,302.272,0.01,0.01,0.99,0.99,0.0,0.0,71592.87,1775984701000

# RESULT,winner=Down,slug=btc-updown-5m-1775984400,ticks=622
