timestamp,elapsed_sec,up_bid,up_ask,down_bid,down_ask,up_spread,down_spread,btc_price,btc_oracle_ts
1776815700.611,0.611,0.46,0.47,0.53,0.54,0.01,0.01,76361.15,1776815699000
1776815701.185,1.185,0.45,0.46,0.54,0.55,0.01,0.01,76361.15,1776815699000
1776815701.7,1.7,0.45,0.46,0.54,0.55,0.01,0.01,76361.15,1776815699000
1776815702.163,2.163,0.45,0.46,0.54,0.55,0.01,0.01,76361.17,1776815700000
1776815702.575,2.575,0.45,0.46,0.54,0.55,0.01,0.01,76361.17,1776815700000
1776815702.95,2.95,0.45,0.47,0.54,0.55,0.02,0.01,76361.28,1776815701000
1776815703.306,3.306,0.46,0.47,0.53,0.54,0.01,0.01,76361.28,1776815701000
1776815703.771,3.771,0.46,0.47,0.53,0.54,0.01,0.01,76361.32,1776815702000
1776815704.153,4.153,0.46,0.47,0.53,0.54,0.01,0.01,76361.32,1776815702000
1776815704.491,4.491,0.47,0.48,0.52,0.53,0.01,0.01,76361.32,1776815702000
1776815704.835,4.835,0.47,0.48,0.52,0.53,0.01,0.01,76361.33,1776815703000
1776815705.226,5.226,0.48,0.49,0.52,0.53,0.01,0.01,76361.33,1776815703000
1776815705.591,5.591,0.48,0.49,0.51,0.52,0.01,0.01,76361.32,1776815704000
1776815706.283,6.283,0.49,0.5,0.5,0.51,0.01,0.01,76361.32,1776815704000
1776815706.617,6.617,0.41,0.42,0.58,0.59,0.01,0.01,76361.32,1776815704000
1776815706.966,6.966,0.41,0.42,0.58,0.59,0.01,0.01,76361.31,1776815705000
1776815707.313,7.313,0.41,0.42,0.58,0.59,0.01,0.01,76361.31,1776815705000
1776815707.665,7.665,0.41,0.42,0.58,0.59,0.01,0.01,76361.31,1776815705000
1776815708.02,8.02,0.41,0.42,0.58,0.59,0.01,0.01,76361.31,1776815705000
1776815708.362,8.362,0.41,0.42,0.58,0.59,0.01,0.01,76358.77,1776815706000
1776815708.761,8.761,0.41,0.42,0.58,0.59,0.01,0.01,76358.77,1776815706000
1776815709.328,9.328,0.41,0.42,0.58,0.59,0.01,0.01,76350.13,1776815708000
1776815709.828,9.828,0.41,0.42,0.58,0.59,0.01,0.01,76350.13,1776815708000
1776815710.312,10.312,0.41,0.42,0.58,0.59,0.01,0.01,76350.13,1776815708000
1776815710.776,10.776,0.41,0.42,0.58,0.59,0.01,0.01,76350.19,1776815709000
1776815711.253,11.253,0.41,0.42,0.58,0.59,0.01,0.01,76350.13,1776815710000
1776815711.72,11.72,0.41,0.42,0.58,0.59,0.01,0.01,76350.13,1776815710000
1776815712.122,12.122,0.41,0.42,0.58,0.59,0.01,0.01,76350.13,1776815710000
1776815712.698,12.698,0.41,0.42,0.58,0.59,0.01,0.01,76350.16,1776815711000
1776815713.11,13.11,0.41,0.42,0.58,0.59,0.01,0.01,76348.22,1776815712000
1776815713.466,13.466,0.4,0.42,0.58,0.59,0.02,0.01,76348.22,1776815712000
1776815713.933,13.933,0.4,0.41,0.59,0.6,0.01,0.01,76348.22,1776815712000
1776815714.291,14.291,0.4,0.41,0.59,0.6,0.01,0.01,76347.46,1776815713000
1776815714.632,14.632,0.4,0.41,0.59,0.6,0.01,0.01,76347.46,1776815713000
1776815715.07,15.07,0.4,0.41,0.59,0.6,0.01,0.01,76347.23,1776815714000
1776815715.478,15.478,0.4,0.41,0.59,0.6,0.01,0.01,76347.23,1776815714000
1776815715.924,15.924,0.4,0.41,0.59,0.6,0.01,0.01,76347.23,1776815714000
1776815716.269,16.269,0.4,0.41,0.59,0.6,0.01,0.01,76347.41,1776815715000
1776815716.878,16.878,0.4,0.41,0.59,0.6,0.01,0.01,76343.56,1776815716000
1776815717.294,17.294,0.4,0.41,0.59,0.6,0.01,0.01,76343.56,1776815716000
1776815717.705,17.705,0.4,0.41,0.59,0.6,0.01,0.01,76343.56,1776815716000
1776815718.474,18.474,0.4,0.41,0.59,0.6,0.01,0.01,76341.63,1776815717000
1776815718.898,18.898,0.4,0.41,0.59,0.6,0.01,0.01,76340.18,1776815718000
1776815719.246,19.246,0.4,0.41,0.59,0.6,0.01,0.01,76340.18,1776815718000
1776815719.639,19.639,0.4,0.41,0.59,0.6,0.01,0.01,76340.18,1776815718000
1776815720.019,20.019,0.4,0.41,0.59,0.6,0.01,0.01,76341.0,1776815719000
1776815720.65,20.65,0.4,0.41,0.59,0.6,0.01,0.01,76341.0,1776815719000
1776815721.074,21.074,0.4,0.41,0.59,0.6,0.01,0.01,76341.0,1776815719000
1776815721.441,21.441,0.4,0.41,0.59,0.6,0.01,0.01,76341.0,1776815719000
1776815721.907,21.907,0.4,0.41,0.59,0.6,0.01,0.01,76341.33,1776815720000
1776815722.304,22.304,0.4,0.41,0.59,0.6,0.01,0.01,76340.55,1776815721000
1776815722.707,22.707,0.4,0.41,0.59,0.6,0.01,0.01,76340.55,1776815721000
1776815723.089,23.089,0.4,0.41,0.59,0.6,0.01,0.01,76340.55,1776815721000
1776815723.516,23.516,0.4,0.41,0.59,0.6,0.01,0.01,76341.2,1776815722000
1776815723.954,23.954,0.4,0.41,0.59,0.6,0.01,0.01,76342.02,1776815723000
1776815724.543,24.543,0.4,0.41,0.59,0.6,0.01,0.01,76342.02,1776815723000
1776815724.904,24.904,0.4,0.41,0.59,0.6,0.01,0.01,76340.85,1776815724000
1776815725.435,25.435,0.4,0.41,0.59,0.6,0.01,0.01,76340.85,1776815724000
1776815725.831,25.831,0.4,0.41,0.59,0.6,0.01,0.01,76340.6,1776815725000
1776815726.424,26.424,0.4,0.41,0.59,0.6,0.01,0.01,76340.6,1776815725000
1776815726.831,26.831,0.4,0.41,0.59,0.6,0.01,0.01,76340.06,1776815726000
1776815727.561,27.561,0.4,0.41,0.59,0.6,0.01,0.01,76340.06,1776815726000
1776815728.227,28.227,0.4,0.41,0.59,0.6,0.01,0.01,76340.06,1776815726000
1776815728.573,28.573,0.4,0.41,0.59,0.6,0.01,0.01,76342.22,1776815727000
1776815729.064,29.064,0.4,0.41,0.59,0.6,0.01,0.01,76342.22,1776815727000
1776815729.56,29.56,0.4,0.41,0.59,0.6,0.01,0.01,76342.37,1776815728000
1776815729.978,29.978,0.4,0.41,0.59,0.6,0.01,0.01,76342.37,1776815728000
1776815730.429,30.429,0.4,0.41,0.59,0.6,0.01,0.01,76342.37,1776815729000
1776815730.786,30.786,0.4,0.41,0.59,0.6,0.01,0.01,76342.37,1776815729000
1776815731.128,31.128,0.4,0.41,0.59,0.6,0.01,0.01,76342.41,1776815730000
1776815731.462,31.462,0.4,0.41,0.59,0.6,0.01,0.01,76342.41,1776815730000
1776815731.952,31.952,0.4,0.41,0.59,0.6,0.01,0.01,76342.41,1776815730000
1776815732.518,32.518,0.4,0.41,0.59,0.6,0.01,0.01,76342.2,1776815731000
1776815732.855,32.855,0.4,0.41,0.59,0.6,0.01,0.01,76342.2,1776815731000
1776815733.225,33.225,0.4,0.41,0.59,0.6,0.01,0.01,76342.2,1776815731000
1776815733.651,33.651,0.4,0.41,0.59,0.6,0.01,0.01,76342.2,1776815731000
1776815734.126,34.126,0.4,0.41,0.59,0.6,0.01,0.01,76342.42,1776815733000
1776815734.531,34.531,0.4,0.41,0.59,0.6,0.01,0.01,76342.42,1776815733000
1776815735.557,35.557,0.39,0.4,0.6,0.61,0.01,0.01,76340.49,1776815734000
1776815736.022,36.022,0.39,0.4,0.6,0.61,0.01,0.01,76340.49,1776815735000
1776815737.086,37.086,0.39,0.4,0.6,0.61,0.01,0.01,76337.04,1776815736000
1776815737.476,37.476,0.39,0.4,0.6,0.61,0.01,0.01,76337.04,1776815736000
1776815737.809,37.809,0.37,0.39,0.61,0.63,0.02,0.02,76337.04,1776815736000
1776815738.203,38.203,0.36,0.37,0.61,0.63,0.01,0.02,76337.04,1776815736000
1776815738.574,38.574,0.35,0.37,0.63,0.65,0.02,0.02,76333.96,1776815737000
1776815738.952,38.952,0.36,0.37,0.63,0.64,0.01,0.01,76333.96,1776815737000
1776815739.288,39.288,0.36,0.37,0.63,0.64,0.01,0.01,76333.96,1776815737000
1776815739.991,39.991,0.36,0.37,0.63,0.64,0.01,0.01,76333.03,1776815738000
1776815740.469,40.469,0.36,0.37,0.63,0.64,0.01,0.01,76333.05,1776815739000
1776815740.897,40.897,0.36,0.37,0.63,0.64,0.01,0.01,76333.05,1776815739000
1776815741.284,41.284,0.35,0.36,0.64,0.65,0.01,0.01,76333.35,1776815740000
1776815741.691,41.691,0.35,0.36,0.64,0.65,0.01,0.01,76333.35,1776815740000
1776815742.281,42.281,0.35,0.36,0.64,0.65,0.01,0.01,76332.63,1776815741000
1776815742.707,42.707,0.35,0.36,0.64,0.65,0.01,0.01,76332.63,1776815741000
1776815743.212,43.212,0.35,0.36,0.64,0.65,0.01,0.01,76332.63,1776815741000
1776815743.958,43.958,0.35,0.36,0.64,0.65,0.01,0.01,76332.63,1776815743000
1776815744.42,44.42,0.35,0.36,0.64,0.65,0.01,0.01,76332.63,1776815743000
1776815744.893,44.893,0.35,0.36,0.64,0.65,0.01,0.01,76332.63,1776815743000
1776815745.434,45.434,0.35,0.36,0.64,0.65,0.01,0.01,76332.46,1776815744000
1776815745.971,45.971,0.35,0.36,0.64,0.65,0.01,0.01,76332.46,1776815744000
1776815746.537,46.537,0.34,0.35,0.65,0.66,0.01,0.01,76331.63,1776815745000
1776815747.156,47.156,0.34,0.35,0.65,0.66,0.01,0.01,76331.63,1776815745000
1776815748.002,48.002,0.34,0.35,0.65,0.66,0.01,0.01,76331.66,1776815746000
1776815748.352,48.352,0.41,0.42,0.58,0.59,0.01,0.01,76331.71,1776815747000
1776815748.725,48.725,0.46,0.49,0.51,0.55,0.03,0.04,76331.71,1776815747000
1776815749.115,49.115,0.48,0.49,0.51,0.52,0.01,0.01,76331.71,1776815747000
1776815749.451,49.451,0.48,0.49,0.51,0.52,0.01,0.01,76331.71,1776815747000
1776815749.83,49.83,0.48,0.49,0.51,0.52,0.01,0.01,76340.61,1776815748000
1776815750.176,50.176,0.48,0.49,0.51,0.52,0.01,0.01,76352.56,1776815749000
1776815750.574,50.574,0.48,0.49,0.51,0.52,0.01,0.01,76352.56,1776815749000
1776815751.032,51.032,0.48,0.49,0.51,0.52,0.01,0.01,76352.56,1776815749000
1776815751.37,51.37,0.48,0.5,0.5,0.52,0.02,0.02,76355.49,1776815750000
1776815752.081,52.081,0.48,0.5,0.5,0.52,0.02,0.02,76359.4,1776815751000
1776815752.553,52.553,0.48,0.5,0.5,0.52,0.02,0.02,76359.4,1776815751000
1776815752.897,52.897,0.49,0.5,0.5,0.51,0.01,0.01,76359.4,1776815751000
1776815753.371,53.371,0.49,0.5,0.5,0.51,0.01,0.01,76360.0,1776815752000
1776815753.807,53.807,0.47,0.48,0.52,0.53,0.01,0.01,76360.0,1776815752000
1776815754.144,54.144,0.47,0.48,0.52,0.53,0.01,0.01,76355.98,1776815753000
1776815754.525,54.525,0.46,0.47,0.52,0.54,0.01,0.02,76355.98,1776815753000
1776815754.873,54.873,0.45,0.46,0.53,0.55,0.01,0.02,76355.98,1776815753000
1776815755.209,55.209,0.45,0.46,0.54,0.55,0.01,0.01,76355.98,1776815753000
1776815755.772,55.772,0.45,0.46,0.54,0.55,0.01,0.01,76354.71,1776815754000
1776815756.21,56.21,0.45,0.46,0.54,0.55,0.01,0.01,76354.71,1776815754000
1776815756.654,56.654,0.44,0.45,0.54,0.55,0.01,0.01,76354.71,1776815755000
1776815756.997,56.997,0.44,0.45,0.55,0.56,0.01,0.01,76354.65,1776815756000
1776815757.376,57.376,0.44,0.45,0.55,0.56,0.01,0.01,76354.65,1776815756000
1776815757.828,57.828,0.44,0.45,0.55,0.56,0.01,0.01,76354.65,1776815756000
1776815758.263,58.263,0.44,0.45,0.55,0.56,0.01,0.01,76354.65,1776815756000
1776815758.648,58.648,0.44,0.45,0.55,0.56,0.01,0.01,76354.65,1776815756000
1776815759.049,59.049,0.44,0.45,0.55,0.56,0.01,0.01,76354.65,1776815756000
1776815759.407,59.407,0.44,0.45,0.55,0.56,0.01,0.01,76355.76,1776815757000
1776815759.838,59.838,0.44,0.46,0.55,0.56,0.02,0.01,76355.49,1776815758000
1776815760.284,60.284,0.45,0.46,0.54,0.56,0.01,0.02,76355.48,1776815759000
1776815761.149,61.149,0.45,0.46,0.54,0.55,0.01,0.01,76354.33,1776815760000
1776815761.508,61.508,0.45,0.46,0.54,0.55,0.01,0.01,76354.33,1776815760000
1776815761.897,61.897,0.45,0.46,0.54,0.55,0.01,0.01,76354.33,1776815760000
1776815762.391,62.391,0.45,0.46,0.54,0.55,0.01,0.01,76355.54,1776815761000
1776815763.117,63.117,0.45,0.46,0.54,0.55,0.01,0.01,76355.54,1776815761000
1776815763.552,63.552,0.45,0.46,0.54,0.55,0.01,0.01,76355.46,1776815762000
1776815764.016,64.016,0.45,0.46,0.54,0.55,0.01,0.01,76355.46,1776815763000
1776815764.353,64.353,0.45,0.46,0.54,0.55,0.01,0.01,76355.46,1776815763000
1776815764.85,64.85,0.44,0.45,0.55,0.56,0.01,0.01,76355.46,1776815763000
1776815765.185,65.185,0.44,0.45,0.55,0.56,0.01,0.01,76354.79,1776815764000
1776815765.527,65.527,0.44,0.45,0.55,0.56,0.01,0.01,76354.79,1776815764000
1776815765.867,65.867,0.43,0.45,0.55,0.57,0.02,0.02,76354.79,1776815764000
1776815766.227,66.227,0.43,0.44,0.56,0.57,0.01,0.01,76355.52,1776815765000
1776815766.635,66.635,0.43,0.44,0.56,0.57,0.01,0.01,76355.52,1776815765000
1776815767.159,67.159,0.43,0.44,0.56,0.57,0.01,0.01,76355.52,1776815765000
1776815767.494,67.494,0.43,0.44,0.56,0.57,0.01,0.01,76355.28,1776815766000
1776815767.957,67.957,0.43,0.44,0.56,0.57,0.01,0.01,76355.28,1776815766000
1776815768.299,68.299,0.42,0.43,0.56,0.6,0.01,0.04,76355.42,1776815767000
1776815768.634,68.634,0.4,0.41,0.59,0.6,0.01,0.01,76355.42,1776815767000
1776815769.173,69.173,0.4,0.41,0.59,0.6,0.01,0.01,76355.42,1776815767000
1776815769.517,69.517,0.4,0.41,0.59,0.6,0.01,0.01,76354.63,1776815768000
1776815769.85,69.85,0.4,0.41,0.59,0.6,0.01,0.01,76354.63,1776815768000
1776815770.535,70.535,0.42,0.43,0.57,0.58,0.01,0.01,76352.15,1776815769000
1776815770.888,70.888,0.42,0.43,0.57,0.58,0.01,0.01,76352.15,1776815769000
1776815771.249,71.249,0.42,0.43,0.57,0.58,0.01,0.01,76348.33,1776815770000
1776815771.653,71.653,0.43,0.44,0.56,0.57,0.01,0.01,76348.33,1776815770000
1776815772.134,72.134,0.43,0.44,0.56,0.57,0.01,0.01,76350.87,1776815771000
1776815772.865,72.865,0.43,0.44,0.56,0.57,0.01,0.01,76350.87,1776815771000
1776815773.275,73.275,0.43,0.44,0.56,0.57,0.01,0.01,76352.25,1776815772000
1776815773.626,73.626,0.43,0.44,0.56,0.57,0.01,0.01,76352.25,1776815772000
1776815773.98,73.98,0.43,0.44,0.56,0.57,0.01,0.01,76352.01,1776815773000
1776815774.327,74.327,0.43,0.44,0.56,0.57,0.01,0.01,76352.01,1776815773000
1776815774.723,74.723,0.43,0.44,0.56,0.57,0.01,0.01,76352.01,1776815773000
1776815775.316,75.316,0.43,0.44,0.56,0.57,0.01,0.01,76351.27,1776815774000
1776815775.712,75.712,0.43,0.44,0.56,0.57,0.01,0.01,76351.27,1776815774000
1776815776.149,76.149,0.43,0.44,0.56,0.57,0.01,0.01,76351.27,1776815774000
1776815776.574,76.574,0.43,0.44,0.56,0.57,0.01,0.01,76351.27,1776815774000
1776815776.916,76.916,0.43,0.44,0.56,0.57,0.01,0.01,76351.09,1776815775000
1776815777.339,77.339,0.43,0.44,0.56,0.57,0.01,0.01,76348.79,1776815776000
1776815777.75,77.75,0.42,0.43,0.56,0.58,0.01,0.02,76348.79,1776815776000
1776815778.352,78.352,0.42,0.43,0.57,0.58,0.01,0.01,76348.79,1776815776000
1776815778.686,78.686,0.42,0.43,0.57,0.58,0.01,0.01,76348.79,1776815776000
1776815779.062,79.062,0.42,0.43,0.57,0.58,0.01,0.01,76349.6,1776815777000
1776815779.554,79.554,0.42,0.43,0.57,0.58,0.01,0.01,76349.6,1776815777000
1776815780.093,80.093,0.42,0.43,0.57,0.58,0.01,0.01,76348.8,1776815778000
1776815780.75,80.75,0.42,0.43,0.57,0.58,0.01,0.01,76348.8,1776815779000
1776815781.133,81.133,0.42,0.43,0.57,0.58,0.01,0.01,76348.83,1776815780000
1776815781.691,81.691,0.42,0.43,0.57,0.58,0.01,0.01,76348.83,1776815780000
1776815782.103,82.103,0.42,0.44,0.56,0.58,0.02,0.02,76348.83,1776815780000
1776815782.485,82.485,0.43,0.44,0.56,0.57,0.01,0.01,76348.88,1776815781000
1776815783.092,83.092,0.43,0.44,0.56,0.57,0.01,0.01,76348.88,1776815782000
1776815783.75,83.75,0.43,0.44,0.56,0.57,0.01,0.01,76348.88,1776815782000
1776815784.09,84.09,0.43,0.44,0.56,0.57,0.01,0.01,76348.88,1776815782000
1776815784.428,84.428,0.42,0.44,0.56,0.57,0.02,0.01,76348.88,1776815783000
1776815784.783,84.783,0.42,0.43,0.57,0.58,0.01,0.01,76348.88,1776815783000
1776815785.677,85.677,0.42,0.43,0.57,0.58,0.01,0.01,76349.09,1776815784000
1776815786.186,86.186,0.42,0.43,0.57,0.58,0.01,0.01,76348.84,1776815785000
1776815786.524,86.524,0.39,0.41,0.59,0.61,0.02,0.02,76348.84,1776815785000
1776815786.936,86.936,0.39,0.41,0.59,0.61,0.02,0.02,76348.84,1776815785000
1776815787.469,87.469,0.4,0.41,0.59,0.6,0.01,0.01,76348.84,1776815785000
1776815787.937,87.937,0.4,0.41,0.59,0.6,0.01,0.01,76344.93,1776815786000
1776815788.319,88.319,0.4,0.41,0.59,0.6,0.01,0.01,76347.17,1776815787000
1776815788.892,88.892,0.4,0.41,0.59,0.61,0.01,0.02,76347.17,1776815787000
1776815789.342,89.342,0.4,0.41,0.59,0.6,0.01,0.01,76347.17,1776815787000
1776815789.687,89.687,0.4,0.41,0.59,0.6,0.01,0.01,76347.17,1776815787000
1776815790.275,90.275,0.4,0.41,0.59,0.6,0.01,0.01,76347.35,1776815788000
1776815790.621,90.621,0.4,0.42,0.59,0.6,0.02,0.01,76347.34,1776815789000
1776815790.998,90.998,0.41,0.42,0.58,0.6,0.01,0.02,76347.34,1776815789000
1776815791.655,91.655,0.41,0.42,0.58,0.59,0.01,0.01,76347.34,1776815790000
1776815792.127,92.127,0.41,0.42,0.58,0.59,0.01,0.01,76347.34,1776815790000
1776815792.961,92.961,0.41,0.42,0.58,0.59,0.01,0.01,76349.61,1776815792000
1776815793.34,93.34,0.41,0.42,0.58,0.59,0.01,0.01,76349.61,1776815792000
1776815793.967,93.967,0.41,0.42,0.58,0.59,0.01,0.01,76349.61,1776815792000
1776815794.412,94.412,0.41,0.42,0.58,0.59,0.01,0.01,76349.72,1776815793000
1776815794.81,94.81,0.45,0.46,0.54,0.55,0.01,0.01,76349.72,1776815793000
1776815795.389,95.389,0.45,0.46,0.54,0.55,0.01,0.01,76349.72,1776815793000
1776815795.784,95.784,0.45,0.46,0.54,0.55,0.01,0.01,76349.72,1776815794000
1776815796.362,96.362,0.45,0.47,0.54,0.55,0.02,0.01,76349.72,1776815794000
1776815796.79,96.79,0.46,0.48,0.52,0.54,0.02,0.02,76349.72,1776815794000
1776815797.142,97.142,0.47,0.48,0.52,0.53,0.01,0.01,76352.7,1776815795000
1776815797.726,97.726,0.47,0.48,0.52,0.53,0.01,0.01,76355.5,1776815796000
1776815798.127,98.127,0.47,0.48,0.52,0.53,0.01,0.01,76355.5,1776815796000
1776815798.476,98.476,0.47,0.48,0.52,0.53,0.01,0.01,76356.34,1776815797000
1776815799.023,99.023,0.47,0.48,0.52,0.53,0.01,0.01,76356.34,1776815797000
1776815799.357,99.357,0.44,0.45,0.52,0.54,0.01,0.02,76357.91,1776815798000
1776815799.719,99.719,0.44,0.45,0.55,0.56,0.01,0.01,76357.91,1776815798000
1776815800.189,100.189,0.43,0.45,0.55,0.57,0.02,0.02,76357.91,1776815798000
1776815800.631,100.631,0.43,0.44,0.56,0.57,0.01,0.01,76360.67,1776815799000
1776815800.996,100.996,0.43,0.44,0.56,0.57,0.01,0.01,76360.67,1776815799000
1776815801.375,101.375,0.43,0.44,0.56,0.57,0.01,0.01,76358.0,1776815800000
1776815802.035,102.035,0.43,0.44,0.56,0.57,0.01,0.01,76358.0,1776815800000
1776815802.448,102.448,0.43,0.44,0.56,0.57,0.01,0.01,76354.59,1776815801000
1776815802.853,102.853,0.43,0.44,0.56,0.57,0.01,0.01,76354.59,1776815801000
1776815803.25,103.25,0.43,0.44,0.56,0.57,0.01,0.01,76354.59,1776815802000
1776815803.732,103.732,0.43,0.44,0.56,0.57,0.01,0.01,76354.59,1776815802000
1776815804.343,104.343,0.43,0.44,0.56,0.57,0.01,0.01,76354.59,1776815803000
1776815804.892,104.892,0.43,0.44,0.56,0.57,0.01,0.01,76354.59,1776815803000
1776815805.228,105.228,0.43,0.44,0.56,0.57,0.01,0.01,76354.59,1776815804000
1776815805.572,105.572,0.43,0.44,0.56,0.57,0.01,0.01,76354.59,1776815804000
1776815805.924,105.924,0.43,0.44,0.56,0.57,0.01,0.01,76354.59,1776815804000
1776815806.29,106.29,0.43,0.44,0.56,0.57,0.01,0.01,76354.59,1776815804000
1776815806.897,106.897,0.42,0.44,0.56,0.57,0.02,0.01,76354.59,1776815805000
1776815807.442,107.442,0.4,0.41,0.57,0.6,0.01,0.03,76354.42,1776815806000
1776815807.963,107.963,0.37,0.38,0.62,0.63,0.01,0.01,76354.42,1776815806000
1776815808.331,108.331,0.37,0.38,0.62,0.63,0.01,0.01,76353.75,1776815807000
1776815809.11,109.11,0.38,0.4,0.61,0.63,0.02,0.02,76353.75,1776815807000
1776815809.505,109.505,0.38,0.4,0.6,0.62,0.02,0.02,76349.04,1776815808000
1776815809.947,109.947,0.4,0.42,0.6,0.62,0.02,0.02,76349.04,1776815808000
1776815810.291,110.291,0.4,0.42,0.58,0.6,0.02,0.02,76350.61,1776815809000
1776815810.697,110.697,0.41,0.42,0.58,0.59,0.01,0.01,76350.61,1776815809000
1776815811.109,111.109,0.41,0.42,0.58,0.59,0.01,0.01,76350.61,1776815809000
1776815811.586,111.586,0.41,0.42,0.58,0.59,0.01,0.01,76350.61,1776815810000
1776815812.076,112.076,0.41,0.42,0.58,0.59,0.01,0.01,76350.61,1776815810000
1776815812.589,112.589,0.41,0.42,0.58,0.59,0.01,0.01,76351.75,1776815811000
1776815812.941,112.941,0.37,0.38,0.62,0.63,0.01,0.01,76352.06,1776815812000
1776815813.312,113.312,0.37,0.38,0.62,0.63,0.01,0.01,76352.06,1776815812000
1776815813.664,113.664,0.37,0.38,0.62,0.63,0.01,0.01,76352.06,1776815812000
1776815814.006,114.006,0.37,0.38,0.62,0.63,0.01,0.01,76352.06,1776815812000
1776815814.354,114.354,0.37,0.38,0.62,0.63,0.01,0.01,76350.53,1776815813000
1776815814.902,114.902,0.36,0.38,0.62,0.63,0.02,0.01,76350.53,1776815813000
1776815815.407,115.407,0.35,0.36,0.62,0.65,0.01,0.03,76345.28,1776815814000
1776815815.991,115.991,0.35,0.36,0.64,0.65,0.01,0.01,76345.28,1776815814000
1776815816.356,116.356,0.34,0.36,0.64,0.66,0.02,0.02,76344.35,1776815815000
1776815816.769,116.769,0.34,0.35,0.65,0.66,0.01,0.01,76344.35,1776815815000
1776815817.225,117.225,0.34,0.35,0.65,0.66,0.01,0.01,76344.35,1776815815000
1776815817.569,117.569,0.34,0.35,0.65,0.66,0.01,0.01,76343.35,1776815816000
1776815817.96,117.96,0.34,0.35,0.65,0.66,0.01,0.01,76343.35,1776815816000
1776815818.438,118.438,0.34,0.35,0.65,0.66,0.01,0.01,76343.15,1776815817000
1776815818.951,118.951,0.34,0.35,0.65,0.66,0.01,0.01,76343.15,1776815817000
1776815819.435,119.435,0.34,0.35,0.65,0.66,0.01,0.01,76343.74,1776815818000
1776815820.201,120.201,0.34,0.35,0.65,0.66,0.01,0.01,76342.5,1776815819000
1776815820.537,120.537,0.34,0.35,0.65,0.66,0.01,0.01,76342.5,1776815819000
1776815820.871,120.871,0.34,0.35,0.65,0.66,0.01,0.01,76342.5,1776815819000
1776815821.318,121.318,0.34,0.35,0.65,0.66,0.01,0.01,76341.71,1776815820000
1776815822.153,122.153,0.34,0.35,0.65,0.66,0.01,0.01,76341.71,1776815820000
1776815822.571,122.571,0.34,0.35,0.65,0.66,0.01,0.01,76342.06,1776815821000
1776815822.965,122.965,0.34,0.35,0.65,0.66,0.01,0.01,76342.92,1776815822000
1776815823.533,123.533,0.33,0.34,0.66,0.67,0.01,0.01,76342.92,1776815822000
1776815823.983,123.983,0.33,0.34,0.66,0.67,0.01,0.01,76342.92,1776815822000
1776815824.483,124.483,0.33,0.34,0.66,0.67,0.01,0.01,76343.93,1776815823000
1776815824.83,124.83,0.32,0.33,0.67,0.68,0.01,0.01,76343.93,1776815823000
1776815825.172,125.172,0.32,0.33,0.67,0.68,0.01,0.01,76343.93,1776815823000
1776815825.507,125.507,0.32,0.33,0.67,0.68,0.01,0.01,76343.93,1776815823000
1776815825.868,125.868,0.32,0.33,0.67,0.68,0.01,0.01,76343.93,1776815823000
1776815826.376,126.376,0.32,0.33,0.67,0.68,0.01,0.01,76341.4,1776815824000
1776815826.814,126.814,0.32,0.33,0.67,0.68,0.01,0.01,76341.4,1776815825000
1776815827.152,127.152,0.32,0.33,0.67,0.68,0.01,0.01,76341.83,1776815826000
1776815827.525,127.525,0.32,0.33,0.67,0.68,0.01,0.01,76341.83,1776815826000
1776815828.034,128.034,0.32,0.33,0.67,0.68,0.01,0.01,76341.83,1776815826000
1776815828.409,128.409,0.32,0.33,0.67,0.68,0.01,0.01,76343.07,1776815827000
1776815828.921,128.921,0.32,0.33,0.67,0.68,0.01,0.01,76343.07,1776815827000
1776815829.291,129.291,0.32,0.33,0.67,0.68,0.01,0.01,76341.79,1776815828000
1776815829.8,129.8,0.32,0.33,0.67,0.68,0.01,0.01,76341.79,1776815828000
1776815830.286,130.286,0.32,0.33,0.67,0.68,0.01,0.01,76341.79,1776815828000
1776815830.848,130.848,0.32,0.33,0.67,0.68,0.01,0.01,76341.79,1776815829000
1776815831.215,131.215,0.32,0.33,0.67,0.68,0.01,0.01,76341.79,1776815829000
1776815831.671,131.671,0.32,0.33,0.67,0.68,0.01,0.01,76340.63,1776815830000
1776815832.065,132.065,0.32,0.33,0.67,0.68,0.01,0.01,76340.63,1776815830000
1776815832.519,132.519,0.32,0.33,0.67,0.68,0.01,0.01,76340.54,1776815831000
1776815833.034,133.034,0.32,0.33,0.67,0.68,0.01,0.01,76340.54,1776815831000
1776815833.55,133.55,0.32,0.33,0.67,0.68,0.01,0.01,76341.89,1776815832000
1776815833.93,133.93,0.32,0.33,0.67,0.68,0.01,0.01,76341.89,1776815832000
1776815834.282,134.282,0.32,0.33,0.67,0.68,0.01,0.01,76342.52,1776815833000
1776815834.763,134.763,0.32,0.33,0.67,0.68,0.01,0.01,76342.52,1776815833000
1776815835.11,135.11,0.32,0.33,0.67,0.68,0.01,0.01,76342.52,1776815833000
1776815835.603,135.603,0.32,0.33,0.67,0.68,0.01,0.01,76342.59,1776815834000
1776815836.223,136.223,0.32,0.33,0.67,0.68,0.01,0.01,76342.59,1776815834000
1776815836.83,136.83,0.32,0.33,0.67,0.68,0.01,0.01,76342.49,1776815835000
1776815837.291,137.291,0.32,0.33,0.67,0.68,0.01,0.01,76342.49,1776815835000
1776815838.428,138.428,0.32,0.33,0.67,0.68,0.01,0.01,76341.7,1776815837000
1776815838.796,138.796,0.32,0.33,0.67,0.68,0.01,0.01,76341.7,1776815837000
1776815839.783,139.783,0.32,0.33,0.67,0.68,0.01,0.01,76342.41,1776815838000
1776815840.294,140.294,0.32,0.33,0.67,0.68,0.01,0.01,76343.0,1776815839000
1776815840.688,140.688,0.32,0.33,0.67,0.68,0.01,0.01,76343.0,1776815839000
1776815841.022,141.022,0.32,0.33,0.67,0.68,0.01,0.01,76343.0,1776815839000
1776815841.445,141.445,0.32,0.33,0.67,0.68,0.01,0.01,76343.0,1776815839000
1776815842.116,142.116,0.32,0.33,0.67,0.68,0.01,0.01,76343.0,1776815839000
1776815842.932,142.932,0.32,0.33,0.67,0.68,0.01,0.01,76342.43,1776815841000
1776815843.614,143.614,0.32,0.33,0.67,0.68,0.01,0.01,76342.43,1776815842000
1776815843.966,143.966,0.32,0.33,0.67,0.68,0.01,0.01,76342.43,1776815842000
1776815844.623,144.623,0.32,0.33,0.67,0.68,0.01,0.01,76342.44,1776815843000
1776815845.122,145.122,0.32,0.33,0.67,0.68,0.01,0.01,76342.44,1776815843000
1776815845.741,145.741,0.32,0.33,0.67,0.68,0.01,0.01,76342.45,1776815844000
1776815846.173,146.173,0.31,0.32,0.67,0.69,0.01,0.02,76342.45,1776815844000
1776815847.108,147.108,0.31,0.32,0.68,0.69,0.01,0.01,76342.45,1776815845000
1776815847.597,147.597,0.31,0.32,0.68,0.69,0.01,0.01,76342.33,1776815846000
1776815848.012,148.012,0.31,0.32,0.68,0.69,0.01,0.01,76342.33,1776815846000
1776815848.587,148.587,0.31,0.32,0.68,0.69,0.01,0.01,76342.31,1776815847000
1776815848.942,148.942,0.3,0.32,0.68,0.69,0.02,0.01,76342.31,1776815847000
1776815849.335,149.335,0.3,0.31,0.69,0.7,0.01,0.01,76341.74,1776815848000
1776815849.899,149.899,0.3,0.31,0.69,0.7,0.01,0.01,76341.74,1776815848000
1776815850.382,150.382,0.33,0.34,0.69,0.7,0.01,0.01,76341.74,1776815848000
1776815850.725,150.725,0.33,0.34,0.66,0.67,0.01,0.01,76341.76,1776815849000
1776815851.113,151.113,0.33,0.34,0.66,0.67,0.01,0.01,76341.76,1776815849000
1776815851.456,151.456,0.33,0.34,0.66,0.67,0.01,0.01,76341.54,1776815850000
1776815851.818,151.818,0.33,0.34,0.66,0.67,0.01,0.01,76341.54,1776815850000
1776815852.667,152.667,0.33,0.34,0.66,0.67,0.01,0.01,76341.54,1776815851000
1776815853.634,153.634,0.33,0.34,0.66,0.67,0.01,0.01,76342.38,1776815852000
1776815853.982,153.982,0.33,0.34,0.66,0.67,0.01,0.01,76342.38,1776815852000
1776815854.751,154.751,0.33,0.34,0.66,0.67,0.01,0.01,76343.2,1776815853000
1776815855.085,155.085,0.33,0.34,0.66,0.67,0.01,0.01,76343.2,1776815853000
1776815855.586,155.586,0.33,0.34,0.66,0.67,0.01,0.01,76343.2,1776815853000
1776815856.143,156.143,0.33,0.34,0.66,0.67,0.01,0.01,76343.33,1776815854000
1776815856.583,156.583,0.33,0.34,0.66,0.67,0.01,0.01,76343.3,1776815855000
1776815857.269,157.269,0.33,0.34,0.66,0.67,0.01,0.01,76343.3,1776815855000
1776815858.004,158.004,0.33,0.34,0.66,0.67,0.01,0.01,76343.3,1776815856000
1776815858.504,158.504,0.33,0.34,0.66,0.67,0.01,0.01,76343.3,1776815857000
1776815859.1,159.1,0.33,0.34,0.66,0.67,0.01,0.01,76343.3,1776815857000
1776815859.485,159.485,0.33,0.34,0.66,0.67,0.01,0.01,76343.14,1776815858000
1776815859.849,159.849,0.33,0.34,0.66,0.67,0.01,0.01,76343.14,1776815858000
1776815860.189,160.189,0.33,0.34,0.66,0.67,0.01,0.01,76343.14,1776815858000
1776815860.692,160.692,0.33,0.34,0.66,0.67,0.01,0.01,76342.38,1776815859000
1776815861.083,161.083,0.33,0.34,0.66,0.67,0.01,0.01,76342.38,1776815859000
1776815861.482,161.482,0.33,0.34,0.66,0.67,0.01,0.01,76342.38,1776815859000
1776815861.874,161.874,0.33,0.34,0.66,0.67,0.01,0.01,76342.35,1776815860000
1776815862.43,162.43,0.33,0.34,0.66,0.67,0.01,0.01,76340.57,1776815861000
1776815862.769,162.769,0.33,0.34,0.66,0.67,0.01,0.01,76340.57,1776815861000
1776815863.331,163.331,0.33,0.34,0.66,0.67,0.01,0.01,76340.14,1776815862000
1776815863.964,163.964,0.33,0.34,0.66,0.67,0.01,0.01,76338.2,1776815863000
1776815864.298,164.298,0.33,0.34,0.66,0.67,0.01,0.01,76338.2,1776815863000
1776815864.814,164.814,0.33,0.34,0.66,0.67,0.01,0.01,76338.2,1776815863000
1776815865.644,165.644,0.33,0.34,0.66,0.67,0.01,0.01,76338.18,1776815864000
1776815866.087,166.087,0.31,0.32,0.67,0.69,0.01,0.02,76338.18,1776815864000
1776815866.518,166.518,0.31,0.32,0.68,0.69,0.01,0.01,76338.04,1776815865000
1776815867.139,167.139,0.31,0.32,0.68,0.69,0.01,0.01,76338.04,1776815866000
1776815867.474,167.474,0.31,0.32,0.68,0.69,0.01,0.01,76338.04,1776815866000
1776815868.057,168.057,0.3,0.31,0.68,0.7,0.01,0.02,76338.04,1776815866000
1776815868.702,168.702,0.3,0.31,0.69,0.7,0.01,0.01,76338.05,1776815867000
1776815869.037,169.037,0.3,0.31,0.69,0.7,0.01,0.01,76340.9,1776815868000
1776815869.396,169.396,0.3,0.31,0.69,0.7,0.01,0.01,76340.9,1776815868000
1776815869.76,169.76,0.3,0.31,0.69,0.7,0.01,0.01,76340.9,1776815868000
1776815870.251,170.251,0.3,0.31,0.69,0.7,0.01,0.01,76338.04,1776815869000
1776815870.661,170.661,0.3,0.31,0.69,0.7,0.01,0.01,76338.04,1776815869000
1776815871.144,171.144,0.3,0.31,0.69,0.7,0.01,0.01,76338.04,1776815870000
1776815871.555,171.555,0.3,0.31,0.69,0.7,0.01,0.01,76338.04,1776815870000
1776815871.894,171.894,0.3,0.31,0.69,0.7,0.01,0.01,76338.04,1776815870000
1776815872.244,172.244,0.3,0.31,0.69,0.7,0.01,0.01,76338.04,1776815870000
1776815872.705,172.705,0.3,0.31,0.69,0.7,0.01,0.01,76336.96,1776815871000
1776815873.163,173.163,0.3,0.31,0.69,0.7,0.01,0.01,76338.33,1776815872000
1776815873.525,173.525,0.3,0.31,0.69,0.7,0.01,0.01,76338.33,1776815872000
1776815874.023,174.023,0.3,0.31,0.69,0.7,0.01,0.01,76338.33,1776815872000
1776815874.456,174.456,0.3,0.31,0.69,0.7,0.01,0.01,76339.12,1776815873000
1776815874.806,174.806,0.3,0.31,0.69,0.7,0.01,0.01,76339.12,1776815873000
1776815875.63,175.63,0.3,0.31,0.69,0.7,0.01,0.01,76339.14,1776815874000
1776815876.085,176.085,0.47,0.49,0.52,0.53,0.02,0.01,76340.49,1776815875000
1776815876.426,176.426,0.46,0.48,0.52,0.53,0.02,0.01,76340.49,1776815875000
1776815876.772,176.772,0.47,0.48,0.52,0.53,0.01,0.01,76340.49,1776815875000
1776815877.835,177.835,0.47,0.48,0.52,0.53,0.01,0.01,76341.44,1776815876000
1776815878.188,178.188,0.47,0.48,0.52,0.53,0.01,0.01,76354.43,1776815877000
1776815878.651,178.651,0.47,0.48,0.52,0.53,0.01,0.01,76354.43,1776815877000
1776815878.988,178.988,0.47,0.48,0.52,0.53,0.01,0.01,76354.43,1776815877000
1776815879.49,179.49,0.47,0.48,0.52,0.53,0.01,0.01,76357.51,1776815878000
1776815880.019,180.019,0.47,0.48,0.52,0.53,0.01,0.01,76358.17,1776815879000
1776815880.797,180.797,0.47,0.49,0.52,0.53,0.02,0.01,76358.17,1776815879000
1776815881.257,181.257,0.48,0.49,0.51,0.52,0.01,0.01,76359.41,1776815880000
1776815881.631,181.631,0.48,0.49,0.51,0.52,0.01,0.01,76359.41,1776815880000
1776815882.053,182.053,0.48,0.49,0.51,0.52,0.01,0.01,76359.41,1776815881000
1776815882.549,182.549,0.48,0.49,0.51,0.52,0.01,0.01,76359.41,1776815881000
1776815882.965,182.965,0.48,0.49,0.51,0.52,0.01,0.01,76359.6,1776815882000
1776815883.399,183.399,0.48,0.49,0.51,0.52,0.01,0.01,76359.6,1776815882000
1776815883.733,183.733,0.48,0.49,0.51,0.52,0.01,0.01,76359.6,1776815882000
1776815885.103,185.103,0.47,0.49,0.51,0.52,0.02,0.01,76359.51,1776815883000
1776815885.713,185.713,0.47,0.49,0.51,0.53,0.02,0.02,76359.51,1776815883000
1776815886.428,186.428,0.47,0.48,0.51,0.53,0.01,0.02,76359.48,1776815884000
1776815886.94,186.94,0.46,0.48,0.52,0.53,0.02,0.01,76358.4,1776815885000
1776815887.324,187.324,0.47,0.48,0.52,0.53,0.01,0.01,76358.4,1776815885000
1776815887.709,187.709,0.46,0.47,0.52,0.54,0.01,0.02,76357.46,1776815886000
1776815888.346,188.346,0.45,0.46,0.53,0.56,0.01,0.03,76357.46,1776815886000
1776815888.805,188.805,0.45,0.46,0.54,0.55,0.01,0.01,76357.36,1776815887000
1776815889.453,189.453,0.45,0.46,0.54,0.55,0.01,0.01,76356.11,1776815888000
1776815889.925,189.925,0.45,0.46,0.54,0.55,0.01,0.01,76356.11,1776815888000
1776815890.318,190.318,0.45,0.46,0.54,0.55,0.01,0.01,76356.11,1776815889000
1776815890.687,190.687,0.45,0.46,0.54,0.55,0.01,0.01,76356.11,1776815889000
1776815891.075,191.075,0.45,0.46,0.54,0.55,0.01,0.01,76356.11,1776815889000
1776815891.512,191.512,0.44,0.46,0.54,0.56,0.02,0.02,76356.63,1776815890000
1776815891.998,191.998,0.4,0.45,0.54,0.56,0.05,0.02,76356.63,1776815890000
1776815892.331,192.331,0.44,0.45,0.55,0.56,0.01,0.01,76357.75,1776815891000
1776815892.744,192.744,0.5,0.51,0.49,0.5,0.01,0.01,76357.75,1776815891000
1776815893.161,193.161,0.5,0.51,0.49,0.5,0.01,0.01,76357.75,1776815891000
1776815893.597,193.597,0.5,0.51,0.49,0.5,0.01,0.01,76357.79,1776815892000
1776815894.071,194.071,0.49,0.5,0.49,0.51,0.01,0.02,76357.79,1776815892000
1776815894.505,194.505,0.48,0.5,0.5,0.52,0.02,0.02,76358.65,1776815893000
1776815894.856,194.856,0.43,0.47,0.53,0.54,0.04,0.01,76358.65,1776815893000
1776815895.435,195.435,0.44,0.45,0.55,0.56,0.01,0.01,76359.67,1776815894000
1776815896.356,196.356,0.44,0.45,0.55,0.56,0.01,0.01,76359.67,1776815894000
1776815896.762,196.762,0.44,0.45,0.55,0.56,0.01,0.01,76359.68,1776815895000
1776815897.154,197.154,0.43,0.44,0.56,0.57,0.01,0.01,76359.68,1776815895000
1776815897.497,197.497,0.43,0.44,0.56,0.57,0.01,0.01,76359.68,1776815895000
1776815897.876,197.876,0.43,0.44,0.56,0.57,0.01,0.01,76356.33,1776815896000
1776815898.245,198.245,0.43,0.44,0.56,0.57,0.01,0.01,76356.33,1776815897000
1776815898.749,198.749,0.44,0.45,0.55,0.57,0.01,0.02,76356.33,1776815897000
1776815899.199,199.199,0.44,0.45,0.55,0.56,0.01,0.01,76356.44,1776815898000
1776815899.576,199.576,0.44,0.45,0.55,0.56,0.01,0.01,76356.44,1776815898000
1776815899.922,199.922,0.33,0.36,0.64,0.67,0.03,0.03,76356.44,1776815898000
1776815900.277,200.277,0.33,0.34,0.66,0.67,0.01,0.01,76356.44,1776815898000
1776815900.615,200.615,0.33,0.34,0.66,0.67,0.01,0.01,76356.28,1776815899000
1776815901.003,201.003,0.33,0.34,0.66,0.67,0.01,0.01,76356.28,1776815899000
1776815901.355,201.355,0.33,0.34,0.66,0.67,0.01,0.01,76349.07,1776815900000
1776815901.779,201.779,0.33,0.34,0.66,0.67,0.01,0.01,76349.07,1776815900000
1776815902.197,202.197,0.33,0.34,0.66,0.67,0.01,0.01,76349.07,1776815900000
1776815902.562,202.562,0.33,0.34,0.66,0.67,0.01,0.01,76348.24,1776815901000
1776815903.033,203.033,0.33,0.34,0.66,0.67,0.01,0.01,76348.24,1776815901000
1776815903.387,203.387,0.34,0.35,0.65,0.66,0.01,0.01,76348.24,1776815902000
1776815903.955,203.955,0.37,0.38,0.62,0.63,0.01,0.01,76348.24,1776815902000
1776815904.492,204.492,0.37,0.38,0.62,0.63,0.01,0.01,76348.12,1776815903000
1776815905.119,205.119,0.37,0.38,0.62,0.63,0.01,0.01,76348.12,1776815903000
1776815905.523,205.523,0.37,0.38,0.62,0.63,0.01,0.01,76348.24,1776815904000
1776815906.336,206.336,0.37,0.38,0.62,0.63,0.01,0.01,76349.93,1776815905000
1776815906.714,206.714,0.37,0.38,0.62,0.63,0.01,0.01,76349.93,1776815905000
1776815907.247,207.247,0.37,0.38,0.62,0.63,0.01,0.01,76349.93,1776815905000
1776815907.623,207.623,0.37,0.38,0.62,0.63,0.01,0.01,76350.48,1776815906000
1776815908.111,208.111,0.37,0.39,0.62,0.63,0.02,0.01,76350.53,1776815907000
1776815908.455,208.455,0.39,0.49,0.51,0.52,0.1,0.01,76350.53,1776815907000
1776815908.802,208.802,0.48,0.49,0.51,0.52,0.01,0.01,76350.53,1776815907000
1776815909.148,209.148,0.45,0.46,0.53,0.55,0.01,0.02,76351.08,1776815908000
1776815909.638,209.638,0.45,0.46,0.54,0.55,0.01,0.01,76351.08,1776815908000
1776815910.017,210.017,0.45,0.46,0.54,0.55,0.01,0.01,76351.08,1776815908000
1776815910.39,210.39,0.45,0.46,0.54,0.55,0.01,0.01,76355.12,1776815909000
1776815910.824,210.824,0.45,0.46,0.54,0.55,0.01,0.01,76355.12,1776815909000
1776815911.237,211.237,0.4,0.41,0.59,0.6,0.01,0.01,76356.43,1776815910000
1776815911.601,211.601,0.37,0.38,0.62,0.63,0.01,0.01,76356.43,1776815910000
1776815912.054,212.054,0.37,0.38,0.62,0.63,0.01,0.01,76356.43,1776815910000
1776815912.488,212.488,0.35,0.38,0.62,0.65,0.03,0.03,76354.92,1776815911000
1776815912.919,212.919,0.35,0.36,0.64,0.65,0.01,0.01,76354.92,1776815911000
1776815913.295,213.295,0.34,0.35,0.65,0.66,0.01,0.01,76353.08,1776815912000
1776815913.675,213.675,0.34,0.35,0.65,0.66,0.01,0.01,76353.08,1776815912000
1776815914.012,214.012,0.33,0.34,0.66,0.67,0.01,0.01,76353.08,1776815912000
1776815914.453,214.453,0.33,0.34,0.66,0.67,0.01,0.01,76349.84,1776815913000
1776815914.863,214.863,0.33,0.34,0.66,0.67,0.01,0.01,76349.84,1776815913000
1776815915.212,215.212,0.32,0.34,0.66,0.67,0.02,0.01,76349.84,1776815913000
1776815915.679,215.679,0.32,0.33,0.67,0.68,0.01,0.01,76349.84,1776815913000
1776815916.083,216.083,0.26,0.3,0.7,0.74,0.04,0.04,76348.86,1776815915000
1776815916.521,216.521,0.27,0.28,0.72,0.73,0.01,0.01,76348.86,1776815915000
1776815916.872,216.872,0.27,0.28,0.72,0.73,0.01,0.01,76348.86,1776815915000
1776815917.223,217.223,0.27,0.28,0.72,0.73,0.01,0.01,76348.3,1776815916000
1776815917.594,217.594,0.27,0.28,0.72,0.73,0.01,0.01,76348.3,1776815916000
1776815917.96,217.96,0.26,0.27,0.73,0.74,0.01,0.01,76348.3,1776815916000
1776815918.427,218.427,0.26,0.27,0.73,0.74,0.01,0.01,76348.3,1776815917000
1776815918.779,218.779,0.27,0.28,0.72,0.73,0.01,0.01,76348.3,1776815917000
1776815919.308,219.308,0.27,0.28,0.72,0.73,0.01,0.01,76347.1,1776815918000
1776815919.708,219.708,0.27,0.28,0.72,0.73,0.01,0.01,76347.1,1776815918000
1776815920.299,220.299,0.27,0.28,0.72,0.73,0.01,0.01,76347.1,1776815919000
1776815920.65,220.65,0.27,0.28,0.72,0.73,0.01,0.01,76347.1,1776815919000
1776815920.984,220.984,0.39,0.4,0.6,0.69,0.01,0.09,76347.1,1776815919000
1776815921.586,221.586,0.41,0.42,0.57,0.59,0.01,0.02,76347.38,1776815920000
1776815921.92,221.92,0.41,0.42,0.58,0.59,0.01,0.01,76347.38,1776815920000
1776815922.285,222.285,0.41,0.42,0.58,0.59,0.01,0.01,76347.7,1776815921000
1776815922.693,222.693,0.41,0.42,0.58,0.59,0.01,0.01,76347.7,1776815921000
1776815923.042,223.042,0.41,0.42,0.58,0.59,0.01,0.01,76347.7,1776815921000
1776815923.679,223.679,0.41,0.42,0.58,0.59,0.01,0.01,76353.99,1776815922000
1776815924.012,224.012,0.42,0.52,0.48,0.58,0.1,0.1,76353.99,1776815922000
1776815924.355,224.355,0.58,0.6,0.4,0.42,0.02,0.02,76354.61,1776815923000
1776815924.694,224.694,0.59,0.6,0.4,0.41,0.01,0.01,76354.61,1776815923000
1776815925.029,225.029,0.6,0.61,0.39,0.4,0.01,0.01,76354.61,1776815923000
1776815925.374,225.374,0.6,0.61,0.39,0.4,0.01,0.01,76354.62,1776815924000
1776815925.726,225.726,0.6,0.61,0.39,0.4,0.01,0.01,76354.62,1776815924000
1776815926.094,226.094,0.6,0.61,0.39,0.4,0.01,0.01,76354.62,1776815924000
1776815926.442,226.442,0.6,0.61,0.39,0.4,0.01,0.01,76366.82,1776815925000
1776815926.853,226.853,0.6,0.61,0.39,0.4,0.01,0.01,76366.82,1776815925000
1776815927.243,227.243,0.6,0.61,0.39,0.4,0.01,0.01,76366.82,1776815925000
1776815927.602,227.602,0.61,0.62,0.38,0.39,0.01,0.01,76369.42,1776815926000
1776815928.133,228.133,0.61,0.62,0.38,0.39,0.01,0.01,76369.42,1776815926000
1776815928.541,228.541,0.61,0.62,0.38,0.39,0.01,0.01,76369.42,1776815926000
1776815928.907,228.907,0.63,0.64,0.36,0.37,0.01,0.01,76369.53,1776815927000
1776815929.362,229.362,0.63,0.66,0.34,0.37,0.03,0.03,76369.53,1776815928000
1776815929.76,229.76,0.65,0.66,0.34,0.35,0.01,0.01,76369.53,1776815928000
1776815930.17,230.17,0.65,0.66,0.34,0.35,0.01,0.01,76369.53,1776815928000
1776815930.556,230.556,0.64,0.65,0.35,0.36,0.01,0.01,76370.16,1776815929000
1776815930.907,230.907,0.63,0.64,0.36,0.37,0.01,0.01,76370.16,1776815929000
1776815931.284,231.284,0.63,0.64,0.36,0.37,0.01,0.01,76370.16,1776815930000
1776815931.671,231.671,0.64,0.65,0.35,0.37,0.01,0.02,76370.16,1776815930000
1776815932.021,232.021,0.64,0.65,0.35,0.36,0.01,0.01,76370.16,1776815930000
1776815932.475,232.475,0.63,0.65,0.35,0.37,0.02,0.02,76370.28,1776815931000
1776815932.82,232.82,0.63,0.64,0.36,0.37,0.01,0.01,76370.28,1776815931000
1776815933.221,233.221,0.63,0.64,0.36,0.37,0.01,0.01,76370.25,1776815932000
1776815933.57,233.57,0.63,0.64,0.36,0.37,0.01,0.01,76370.25,1776815932000
1776815934.135,234.135,0.63,0.65,0.35,0.37,0.02,0.02,76370.31,1776815933000
1776815934.591,234.591,0.64,0.65,0.35,0.36,0.01,0.01,76370.31,1776815933000
1776815934.99,234.99,0.63,0.64,0.36,0.37,0.01,0.01,76370.31,1776815933000
1776815935.343,235.343,0.53,0.55,0.45,0.47,0.02,0.02,76370.67,1776815934000
1776815935.686,235.686,0.53,0.54,0.46,0.47,0.01,0.01,76370.67,1776815934000
1776815936.025,236.025,0.53,0.54,0.46,0.47,0.01,0.01,76370.67,1776815935000
1776815936.362,236.362,0.53,0.55,0.45,0.47,0.02,0.02,76370.67,1776815935000
1776815936.767,236.767,0.54,0.55,0.45,0.46,0.01,0.01,76370.67,1776815935000
1776815937.242,237.242,0.54,0.55,0.45,0.46,0.01,0.01,76367.41,1776815936000
1776815937.673,237.673,0.54,0.55,0.45,0.46,0.01,0.01,76367.41,1776815936000
1776815938.042,238.042,0.54,0.57,0.43,0.46,0.03,0.03,76367.04,1776815937000
1776815938.389,238.389,0.56,0.57,0.43,0.44,0.01,0.01,76367.04,1776815937000
1776815938.826,238.826,0.53,0.54,0.45,0.47,0.01,0.02,76367.04,1776815937000
1776815939.193,239.193,0.51,0.52,0.48,0.49,0.01,0.01,76366.83,1776815938000
1776815939.527,239.527,0.52,0.53,0.47,0.48,0.01,0.01,76366.83,1776815938000
1776815939.968,239.968,0.52,0.54,0.46,0.48,0.02,0.02,76366.83,1776815939000
1776815940.416,240.416,0.54,0.55,0.46,0.47,0.01,0.01,76366.83,1776815939000
1776815940.808,240.808,0.54,0.55,0.45,0.46,0.01,0.01,76366.83,1776815939000
1776815941.394,241.394,0.54,0.55,0.45,0.46,0.01,0.01,76366.57,1776815940000
1776815941.807,241.807,0.53,0.54,0.46,0.47,0.01,0.01,76366.57,1776815940000
1776815942.152,242.152,0.53,0.54,0.46,0.47,0.01,0.01,76366.91,1776815941000
1776815942.52,242.52,0.55,0.56,0.44,0.45,0.01,0.01,76366.91,1776815941000
1776815942.893,242.893,0.55,0.56,0.44,0.45,0.01,0.01,76366.91,1776815942000
1776815943.249,243.249,0.55,0.56,0.44,0.45,0.01,0.01,76366.91,1776815942000
1776815943.598,243.598,0.55,0.56,0.44,0.45,0.01,0.01,76366.91,1776815942000
1776815944.029,244.029,0.55,0.56,0.44,0.45,0.01,0.01,76366.91,1776815943000
1776815944.71,244.71,0.54,0.55,0.45,0.46,0.01,0.01,76366.91,1776815943000
1776815945.054,245.054,0.46,0.48,0.52,0.54,0.02,0.02,76366.91,1776815943000
1776815945.404,245.404,0.39,0.4,0.58,0.62,0.01,0.04,76366.91,1776815943000
1776815945.776,245.776,0.39,0.4,0.6,0.61,0.01,0.01,76367.22,1776815944000
1776815946.11,246.11,0.39,0.4,0.6,0.61,0.01,0.01,76365.95,1776815945000
1776815946.472,246.472,0.32,0.33,0.67,0.68,0.01,0.01,76365.95,1776815945000
1776815946.811,246.811,0.28,0.3,0.7,0.72,0.02,0.02,76365.95,1776815945000
1776815947.147,247.147,0.28,0.29,0.71,0.72,0.01,0.01,76360.73,1776815946000
1776815947.484,247.484,0.29,0.3,0.7,0.71,0.01,0.01,76360.73,1776815946000
1776815947.907,247.907,0.29,0.3,0.7,0.71,0.01,0.01,76360.73,1776815946000
1776815948.242,248.242,0.29,0.3,0.7,0.71,0.01,0.01,76360.73,1776815946000
1776815948.59,248.59,0.29,0.3,0.7,0.71,0.01,0.01,76355.92,1776815947000
1776815949.104,249.104,0.29,0.3,0.7,0.71,0.01,0.01,76355.92,1776815947000
1776815949.517,249.517,0.29,0.3,0.7,0.71,0.01,0.01,76353.29,1776815948000
1776815949.908,249.908,0.29,0.3,0.7,0.71,0.01,0.01,76353.29,1776815948000
1776815950.411,250.411,0.29,0.3,0.7,0.71,0.01,0.01,76353.18,1776815949000
1776815950.901,250.901,0.29,0.3,0.7,0.71,0.01,0.01,76353.18,1776815949000
1776815951.394,251.394,0.29,0.3,0.7,0.71,0.01,0.01,76352.9,1776815950000
1776815951.841,251.841,0.29,0.3,0.7,0.71,0.01,0.01,76352.9,1776815950000
1776815952.177,252.177,0.29,0.3,0.7,0.71,0.01,0.01,76352.46,1776815951000
1776815952.53,252.53,0.3,0.31,0.69,0.7,0.01,0.01,76352.46,1776815951000
1776815952.881,252.881,0.3,0.31,0.69,0.7,0.01,0.01,76352.46,1776815951000
1776815953.225,253.225,0.3,0.31,0.69,0.7,0.01,0.01,76352.74,1776815952000
1776815953.607,253.607,0.3,0.31,0.69,0.7,0.01,0.01,76352.74,1776815952000
1776815954.003,254.003,0.27,0.28,0.71,0.73,0.01,0.02,76352.74,1776815952000
1776815954.698,254.698,0.26,0.27,0.72,0.73,0.01,0.01,76352.42,1776815953000
1776815955.032,255.032,0.26,0.27,0.73,0.74,0.01,0.01,76352.42,1776815953000
1776815955.371,255.371,0.26,0.27,0.73,0.74,0.01,0.01,76352.42,1776815953000
1776815955.751,255.751,0.26,0.27,0.73,0.74,0.01,0.01,76352.42,1776815953000
1776815956.085,256.085,0.26,0.27,0.73,0.74,0.01,0.01,76352.42,1776815953000
1776815956.512,256.512,0.26,0.27,0.73,0.74,0.01,0.01,76350.13,1776815954000
1776815956.907,256.907,0.25,0.26,0.73,0.74,0.01,0.01,76350.02,1776815955000
1776815957.242,257.242,0.25,0.26,0.74,0.75,0.01,0.01,76349.77,1776815956000
1776815957.58,257.58,0.2,0.21,0.79,0.8,0.01,0.01,76349.77,1776815956000
1776815957.949,257.949,0.19,0.2,0.8,0.81,0.01,0.01,76349.77,1776815956000
1776815958.282,258.282,0.18,0.19,0.81,0.82,0.01,0.01,76349.96,1776815957000
1776815958.709,258.709,0.17,0.18,0.81,0.83,0.01,0.02,76349.96,1776815957000
1776815959.066,259.066,0.17,0.18,0.82,0.83,0.01,0.01,76349.63,1776815958000
1776815959.46,259.46,0.16,0.17,0.82,0.83,0.01,0.01,76349.63,1776815958000
1776815959.795,259.795,0.15,0.16,0.84,0.85,0.01,0.01,76349.63,1776815958000
1776815960.169,260.169,0.14,0.15,0.85,0.87,0.01,0.02,76348.54,1776815959000
1776815960.529,260.529,0.12,0.13,0.87,0.88,0.01,0.01,76348.54,1776815959000
1776815960.891,260.891,0.11,0.12,0.87,0.89,0.01,0.02,76348.54,1776815959000
1776815961.226,261.226,0.11,0.12,0.88,0.89,0.01,0.01,76346.07,1776815960000
1776815961.561,261.561,0.11,0.12,0.88,0.89,0.01,0.01,76346.07,1776815960000
1776815961.93,261.93,0.11,0.12,0.88,0.89,0.01,0.01,76346.07,1776815960000
1776815962.303,262.303,0.11,0.12,0.88,0.89,0.01,0.01,76343.21,1776815961000
1776815962.713,262.713,0.1,0.12,0.88,0.89,0.02,0.01,76343.21,1776815961000
1776815963.077,263.077,0.1,0.11,0.89,0.9,0.01,0.01,76343.21,1776815961000
1776815963.41,263.41,0.1,0.11,0.89,0.9,0.01,0.01,76343.21,1776815961000
1776815963.747,263.747,0.1,0.11,0.89,0.9,0.01,0.01,76342.44,1776815962000
1776815964.106,264.106,0.1,0.11,0.89,0.9,0.01,0.01,76342.44,1776815962000
1776815964.594,264.594,0.1,0.11,0.89,0.9,0.01,0.01,76343.41,1776815963000
1776815965.054,265.054,0.1,0.11,0.89,0.9,0.01,0.01,76343.41,1776815963000
1776815965.405,265.405,0.1,0.11,0.89,0.9,0.01,0.01,76342.43,1776815964000
1776815965.787,265.787,0.1,0.11,0.89,0.9,0.01,0.01,76342.43,1776815964000
1776815966.131,266.131,0.1,0.11,0.89,0.9,0.01,0.01,76342.43,1776815964000
1776815966.633,266.633,0.13,0.14,0.86,0.87,0.01,0.01,76342.48,1776815965000
1776815967.103,267.103,0.13,0.14,0.86,0.87,0.01,0.01,76343.5,1776815966000
1776815967.585,267.585,0.13,0.14,0.86,0.87,0.01,0.01,76343.5,1776815966000
1776815968.106,268.106,0.13,0.16,0.86,0.87,0.03,0.01,76343.5,1776815966000
1776815968.453,268.453,0.14,0.15,0.84,0.86,0.01,0.02,76343.49,1776815967000
1776815968.869,268.869,0.14,0.15,0.85,0.86,0.01,0.01,76343.49,1776815967000
1776815969.216,269.216,0.19,0.2,0.77,0.85,0.01,0.08,76343.49,1776815967000
1776815969.567,269.567,0.31,0.32,0.68,0.7,0.01,0.02,76342.48,1776815968000
1776815969.9,269.9,0.31,0.32,0.68,0.69,0.01,0.01,76342.48,1776815968000
1776815970.247,270.247,0.31,0.32,0.68,0.69,0.01,0.01,76342.48,1776815968000
1776815970.595,270.595,0.31,0.35,0.68,0.69,0.04,0.01,76342.48,1776815968000
1776815970.952,270.952,0.43,0.44,0.56,0.57,0.01,0.01,76344.23,1776815969000
1776815971.311,271.311,0.37,0.38,0.62,0.63,0.01,0.01,76344.23,1776815969000
1776815971.706,271.706,0.34,0.35,0.65,0.66,0.01,0.01,76344.23,1776815969000
1776815972.055,272.055,0.34,0.35,0.65,0.66,0.01,0.01,76344.23,1776815969000
1776815972.403,272.403,0.35,0.36,0.64,0.65,0.01,0.01,76347.91,1776815970000
1776815972.826,272.826,0.34,0.35,0.65,0.66,0.01,0.01,76352.32,1776815971000
1776815973.242,273.242,0.34,0.35,0.65,0.66,0.01,0.01,76352.32,1776815971000
1776815973.577,273.577,0.32,0.33,0.67,0.68,0.01,0.01,76352.72,1776815972000
1776815974.112,274.112,0.3,0.31,0.67,0.68,0.01,0.01,76352.72,1776815972000
1776815974.463,274.463,0.16,0.17,0.83,0.84,0.01,0.01,76353.33,1776815973000
1776815974.822,274.822,0.16,0.17,0.83,0.84,0.01,0.01,76353.33,1776815973000
1776815975.172,275.172,0.16,0.17,0.83,0.84,0.01,0.01,76353.33,1776815973000
1776815975.518,275.518,0.19,0.24,0.8,0.81,0.05,0.01,76352.28,1776815974000
1776815975.873,275.873,0.22,0.23,0.77,0.78,0.01,0.01,76352.28,1776815974000
1776815976.259,276.259,0.13,0.14,0.85,0.86,0.01,0.01,76352.28,1776815974000
1776815976.663,276.663,0.09,0.1,0.89,0.91,0.01,0.02,76351.14,1776815975000
1776815977.042,277.042,0.08,0.1,0.91,0.92,0.02,0.01,76351.14,1776815975000
1776815977.385,277.385,0.1,0.11,0.89,0.9,0.01,0.01,76350.03,1776815976000
1776815977.774,277.774,0.1,0.11,0.89,0.9,0.01,0.01,76350.03,1776815976000
1776815978.125,278.125,0.1,0.11,0.89,0.9,0.01,0.01,76350.03,1776815976000
1776815978.594,278.594,0.1,0.11,0.89,0.9,0.01,0.01,76343.02,1776815977000
1776815979.133,279.133,0.1,0.11,0.89,0.9,0.01,0.01,76343.02,1776815978000
1776815979.518,279.518,0.1,0.11,0.89,0.9,0.01,0.01,76343.02,1776815978000
1776815979.937,279.937,0.1,0.11,0.89,0.9,0.01,0.01,76343.02,1776815978000
1776815980.414,280.414,0.09,0.1,0.89,0.91,0.01,0.02,76343.02,1776815978000
1776815980.865,280.865,0.08,0.09,0.9,0.92,0.01,0.02,76342.47,1776815979000
1776815981.232,281.232,0.08,0.09,0.91,0.92,0.01,0.01,76342.47,1776815979000
1776815981.605,281.605,0.07,0.08,0.92,0.93,0.01,0.01,76342.03,1776815980000
1776815981.964,281.964,0.07,0.08,0.92,0.93,0.01,0.01,76342.03,1776815981000
1776815982.3,282.3,0.07,0.08,0.92,0.93,0.01,0.01,76342.03,1776815981000
1776815982.671,282.671,0.07,0.08,0.92,0.93,0.01,0.01,76342.03,1776815981000
1776815983.007,283.007,0.07,0.08,0.92,0.93,0.01,0.01,76342.03,1776815981000
1776815983.341,283.341,0.07,0.08,0.92,0.93,0.01,0.01,76343.49,1776815982000
1776815983.814,283.814,0.07,0.08,0.92,0.93,0.01,0.01,76343.49,1776815982000
1776815984.156,284.156,0.06,0.07,0.92,0.93,0.01,0.01,76343.49,1776815982000
1776815984.534,284.534,0.07,0.08,0.92,0.93,0.01,0.01,76343.49,1776815982000
1776815984.899,284.899,0.06,0.07,0.92,0.94,0.01,0.02,76343.51,1776815983000
1776815985.246,285.246,0.06,0.07,0.93,0.94,0.01,0.01,76343.51,1776815983000
1776815985.582,285.582,0.06,0.07,0.93,0.94,0.01,0.01,76343.51,1776815984000
1776815985.996,285.996,0.06,0.07,0.93,0.94,0.01,0.01,76343.51,1776815984000
1776815986.364,286.364,0.05,0.06,0.94,0.95,0.01,0.01,76343.51,1776815984000
1776815986.768,286.768,0.08,0.1,0.91,0.92,0.02,0.01,76343.67,1776815985000
1776815987.355,287.355,0.09,0.1,0.9,0.91,0.01,0.01,76343.67,1776815985000
1776815987.71,287.71,0.09,0.1,0.9,0.91,0.01,0.01,76343.67,1776815985000
1776815988.189,288.189,0.09,0.1,0.9,0.91,0.01,0.01,76343.58,1776815986000
1776815988.608,288.608,0.09,0.1,0.9,0.91,0.01,0.01,76343.58,1776815986000
1776815988.991,288.991,0.09,0.1,0.9,0.91,0.01,0.01,76343.58,1776815986000
1776815989.34,289.34,0.08,0.09,0.91,0.92,0.01,0.01,76343.57,1776815987000
1776815989.706,289.706,0.07,0.09,0.91,0.92,0.02,0.01,76343.57,1776815987000
1776815990.355,290.355,0.06,0.08,0.92,0.94,0.02,0.02,76343.64,1776815989000
1776815990.701,290.701,0.05,0.06,0.94,0.95,0.01,0.01,76343.64,1776815989000
1776815991.034,291.034,0.04,0.05,0.95,0.96,0.01,0.01,76343.64,1776815989000
1776815991.51,291.51,0.03,0.04,0.96,0.97,0.01,0.01,76344.06,1776815990000
1776815991.881,291.881,0.03,0.04,0.96,0.97,0.01,0.01,76344.06,1776815990000
1776815992.224,292.224,0.03,0.04,0.96,0.97,0.01,0.01,76344.06,1776815990000
1776815992.567,292.567,0.04,0.05,0.95,0.96,0.01,0.01,76343.81,1776815991000
1776815993.042,293.042,0.04,0.05,0.95,0.96,0.01,0.01,76343.81,1776815991000
1776815993.379,293.379,0.09,0.1,0.9,0.91,0.01,0.01,76341.31,1776815992000
1776815993.751,293.751,0.08,0.09,0.91,0.92,0.01,0.01,76341.31,1776815992000
1776815994.094,294.094,0.03,0.06,0.94,0.97,0.03,0.03,76341.31,1776815992000
1776815994.442,294.442,0.05,0.06,0.94,0.95,0.01,0.01,76339.79,1776815993000
1776815994.79,294.79,0.07,0.08,0.92,0.93,0.01,0.01,76339.79,1776815993000
1776815995.16,295.16,0.08,0.09,0.91,0.92,0.01,0.01,76339.79,1776815993000
1776815995.505,295.505,0.06,0.08,0.92,0.94,0.02,0.02,76344.59,1776815994000
1776815995.965,295.965,0.06,0.07,0.93,0.94,0.01,0.01,76344.59,1776815994000
1776815996.337,296.337,0.04,0.06,0.93,0.97,0.02,0.04,76344.59,1776815994000
1776815996.707,296.707,0.03,0.04,0.94,0.98,0.01,0.04,76346.3,1776815995000
1776815997.054,297.054,0.02,0.03,0.97,0.98,0.01,0.01,76346.3,1776815995000
1776815997.399,297.399,0.01,0.02,0.98,0.99,0.01,0.01,76346.3,1776815995000
1776815997.756,297.756,0.01,0.02,0.98,0.99,0.01,0.01,76347.12,1776815996000
1776815998.222,298.222,0.01,0.01,0.98,0.99,0.0,0.01,76347.01,1776815997000
1776815998.556,298.556,0.02,0.08,0.92,0.98,0.06,0.06,76347.01,1776815997000
1776815998.928,298.928,0.02,0.01,0.99,0.98,-0.01,-0.01,76347.01,1776815997000
1776815999.286,299.286,0.02,0.01,0.99,0.98,-0.01,-0.01,76347.09,1776815998000
1776815999.994,299.994,0.02,0.01,0.99,0.98,-0.01,-0.01,76347.09,1776815998000
1776816000.848,300.848,0.02,0.01,0.99,0.98,-0.01,-0.01,76349.64,1776815999000

# RESULT,winner=Down,slug=btc-updown-5m-1776815700,ticks=679
