timestamp,elapsed_sec,up_bid,up_ask,down_bid,down_ask,up_spread,down_spread,btc_price,btc_oracle_ts
1777243500.519,0.519,0.51,0.52,0.48,0.49,0.01,0.01,78301.87,1777243499000
1777243501.039,1.039,0.47,0.51,0.51,0.52,0.04,0.01,78301.87,1777243499000
1777243501.389,1.389,0.47,0.48,0.52,0.53,0.01,0.01,78301.26,1777243500000
1777243501.75,1.75,0.46,0.48,0.52,0.53,0.02,0.01,78301.26,1777243500000
1777243502.17,2.17,0.44,0.47,0.52,0.54,0.03,0.02,78301.26,1777243500000
1777243502.525,2.525,0.46,0.47,0.53,0.54,0.01,0.01,78299.35,1777243501000
1777243502.897,2.897,0.46,0.49,0.53,0.54,0.03,0.01,78299.35,1777243501000
1777243503.236,3.236,0.48,0.49,0.51,0.52,0.01,0.01,78299.35,1777243501000
1777243503.689,3.689,0.48,0.49,0.5,0.52,0.01,0.02,78296.83,1777243502000
1777243504.023,4.023,0.48,0.49,0.51,0.52,0.01,0.01,78296.83,1777243502000
1777243504.37,4.37,0.45,0.49,0.51,0.55,0.04,0.04,78296.83,1777243503000
1777243504.735,4.735,0.44,0.45,0.55,0.56,0.01,0.01,78296.83,1777243503000
1777243505.148,5.148,0.44,0.49,0.55,0.56,0.05,0.01,78295.72,1777243504000
1777243505.59,5.59,0.46,0.47,0.52,0.54,0.01,0.02,78295.72,1777243504000
1777243506.018,6.018,0.45,0.46,0.53,0.55,0.01,0.02,78295.72,1777243504000
1777243506.375,6.375,0.45,0.46,0.54,0.55,0.01,0.01,78295.52,1777243505000
1777243506.934,6.934,0.45,0.46,0.54,0.55,0.01,0.01,78295.52,1777243505000
1777243507.328,7.328,0.45,0.46,0.54,0.55,0.01,0.01,78294.29,1777243506000
1777243507.691,7.691,0.45,0.46,0.54,0.55,0.01,0.01,78294.29,1777243506000
1777243508.027,8.027,0.4,0.42,0.58,0.6,0.02,0.02,78294.29,1777243507000
1777243508.385,8.385,0.4,0.41,0.59,0.6,0.01,0.01,78294.29,1777243507000
1777243508.763,8.763,0.41,0.42,0.58,0.59,0.01,0.01,78294.29,1777243507000
1777243509.273,9.273,0.41,0.42,0.58,0.59,0.01,0.01,78294.29,1777243507000
1777243509.631,9.631,0.43,0.44,0.56,0.59,0.01,0.03,78290.41,1777243508000
1777243510.001,10.001,0.43,0.44,0.56,0.57,0.01,0.01,78288.76,1777243509000
1777243510.361,10.361,0.43,0.44,0.56,0.57,0.01,0.01,78288.76,1777243509000
1777243510.722,10.722,0.43,0.44,0.56,0.57,0.01,0.01,78288.76,1777243509000
1777243511.205,11.205,0.43,0.44,0.56,0.57,0.01,0.01,78288.38,1777243510000
1777243511.646,11.646,0.41,0.43,0.57,0.58,0.02,0.01,78288.38,1777243510000
1777243511.999,11.999,0.41,0.42,0.58,0.59,0.01,0.01,78288.38,1777243510000
1777243512.388,12.388,0.44,0.46,0.55,0.57,0.02,0.02,78286.57,1777243511000
1777243512.726,12.726,0.48,0.5,0.5,0.52,0.02,0.02,78286.57,1777243511000
1777243513.15,13.15,0.49,0.51,0.49,0.51,0.02,0.02,78282.92,1777243512000
1777243513.594,13.594,0.49,0.51,0.49,0.51,0.02,0.02,78282.92,1777243512000
1777243513.931,13.931,0.5,0.52,0.48,0.5,0.02,0.02,78282.92,1777243512000
1777243514.267,14.267,0.52,0.53,0.47,0.48,0.01,0.01,78285.43,1777243513000
1777243514.695,14.695,0.52,0.53,0.47,0.48,0.01,0.01,78285.43,1777243513000
1777243515.058,15.058,0.56,0.57,0.43,0.44,0.01,0.01,78285.43,1777243513000
1777243515.402,15.402,0.56,0.57,0.43,0.44,0.01,0.01,78290.78,1777243514000
1777243515.739,15.739,0.56,0.57,0.43,0.44,0.01,0.01,78290.78,1777243514000
1777243516.105,16.105,0.56,0.57,0.43,0.44,0.01,0.01,78296.63,1777243515000
1777243516.443,16.443,0.56,0.57,0.43,0.44,0.01,0.01,78296.63,1777243515000
1777243516.807,16.807,0.56,0.57,0.43,0.44,0.01,0.01,78296.63,1777243515000
1777243517.158,17.158,0.56,0.59,0.41,0.44,0.03,0.03,78304.94,1777243516000
1777243517.544,17.544,0.58,0.6,0.4,0.41,0.02,0.01,78304.94,1777243516000
1777243517.882,17.882,0.64,0.65,0.35,0.36,0.01,0.01,78304.94,1777243516000
1777243518.241,18.241,0.65,0.66,0.31,0.35,0.01,0.04,78309.68,1777243517000
1777243518.581,18.581,0.65,0.66,0.34,0.35,0.01,0.01,78309.68,1777243517000
1777243518.936,18.936,0.65,0.66,0.34,0.35,0.01,0.01,78309.68,1777243517000
1777243519.28,19.28,0.65,0.66,0.34,0.35,0.01,0.01,78316.02,1777243518000
1777243519.666,19.666,0.65,0.66,0.34,0.35,0.01,0.01,78316.02,1777243518000
1777243520.034,20.034,0.65,0.66,0.34,0.35,0.01,0.01,78329.78,1777243519000
1777243520.38,20.38,0.61,0.62,0.38,0.39,0.01,0.01,78329.78,1777243519000
1777243520.754,20.754,0.61,0.62,0.38,0.39,0.01,0.01,78329.78,1777243519000
1777243521.088,21.088,0.61,0.62,0.38,0.39,0.01,0.01,78331.24,1777243520000
1777243521.488,21.488,0.61,0.62,0.38,0.39,0.01,0.01,78331.24,1777243520000
1777243521.886,21.886,0.61,0.62,0.38,0.39,0.01,0.01,78331.24,1777243520000
1777243522.23,22.23,0.64,0.65,0.35,0.36,0.01,0.01,78331.24,1777243520000
1777243522.565,22.565,0.66,0.67,0.32,0.35,0.01,0.03,78332.63,1777243521000
1777243522.97,22.97,0.68,0.69,0.32,0.33,0.01,0.01,78332.63,1777243521000
1777243523.397,23.397,0.68,0.69,0.31,0.32,0.01,0.01,78332.63,1777243521000
1777243523.797,23.797,0.69,0.7,0.3,0.32,0.01,0.02,78332.72,1777243522000
1777243524.213,24.213,0.71,0.73,0.28,0.29,0.02,0.01,78339.84,1777243523000
1777243524.598,24.598,0.72,0.73,0.27,0.28,0.01,0.01,78339.84,1777243523000
1777243524.98,24.98,0.72,0.73,0.27,0.28,0.01,0.01,78339.84,1777243523000
1777243525.325,25.325,0.72,0.73,0.27,0.28,0.01,0.01,78345.29,1777243524000
1777243526.286,26.286,0.72,0.73,0.27,0.28,0.01,0.01,78345.29,1777243524000
1777243526.774,26.774,0.72,0.73,0.27,0.28,0.01,0.01,78355.92,1777243525000
1777243527.178,27.178,0.64,0.65,0.32,0.35,0.01,0.03,78356.85,1777243526000
1777243527.729,27.729,0.63,0.65,0.35,0.36,0.02,0.01,78356.85,1777243526000
1777243528.113,28.113,0.63,0.65,0.35,0.37,0.02,0.02,78356.85,1777243526000
1777243528.638,28.638,0.63,0.65,0.35,0.39,0.02,0.04,78359.5,1777243527000
1777243528.974,28.974,0.61,0.64,0.36,0.39,0.03,0.03,78359.5,1777243527000
1777243529.326,29.326,0.66,0.67,0.33,0.34,0.01,0.01,78359.5,1777243527000
1777243529.672,29.672,0.66,0.67,0.33,0.36,0.01,0.03,78355.27,1777243528000
1777243530.006,30.006,0.66,0.67,0.33,0.34,0.01,0.01,78355.27,1777243528000
1777243530.358,30.358,0.66,0.67,0.33,0.34,0.01,0.01,78357.39,1777243529000
1777243530.742,30.742,0.66,0.67,0.33,0.34,0.01,0.01,78357.39,1777243529000
1777243531.115,31.115,0.67,0.68,0.32,0.34,0.01,0.02,78357.39,1777243529000
1777243531.458,31.458,0.63,0.64,0.33,0.37,0.01,0.04,78356.43,1777243530000
1777243531.841,31.841,0.63,0.65,0.35,0.37,0.02,0.02,78356.43,1777243530000
1777243532.245,32.245,0.66,0.7,0.32,0.35,0.04,0.03,78357.01,1777243531000
1777243532.665,32.665,0.7,0.71,0.29,0.3,0.01,0.01,78357.01,1777243531000
1777243533.026,33.026,0.7,0.71,0.29,0.3,0.01,0.01,78357.01,1777243531000
1777243533.371,33.371,0.73,0.74,0.26,0.27,0.01,0.01,78354.16,1777243532000
1777243533.81,33.81,0.73,0.74,0.26,0.27,0.01,0.01,78354.16,1777243532000
1777243534.339,34.339,0.73,0.74,0.26,0.27,0.01,0.01,78354.16,1777243532000
1777243534.676,34.676,0.74,0.75,0.26,0.27,0.01,0.01,78360.74,1777243533000
1777243535.023,35.023,0.74,0.75,0.25,0.26,0.01,0.01,78360.74,1777243533000
1777243535.434,35.434,0.74,0.75,0.25,0.26,0.01,0.01,78362.82,1777243534000
1777243535.909,35.909,0.74,0.75,0.25,0.26,0.01,0.01,78362.82,1777243534000
1777243536.245,36.245,0.74,0.75,0.25,0.26,0.01,0.01,78362.82,1777243534000
1777243536.65,36.65,0.74,0.75,0.25,0.26,0.01,0.01,78365.56,1777243535000
1777243537.443,37.443,0.73,0.74,0.25,0.28,0.01,0.03,78365.56,1777243535000
1777243537.837,37.837,0.75,0.76,0.24,0.26,0.01,0.02,78365.56,1777243535000
1777243538.187,38.187,0.75,0.76,0.24,0.25,0.01,0.01,78365.56,1777243535000
1777243539.233,39.233,0.75,0.76,0.24,0.25,0.01,0.01,78368.94,1777243537000
1777243539.742,39.742,0.75,0.76,0.24,0.25,0.01,0.01,78371.17,1777243538000
1777243540.088,40.088,0.75,0.76,0.24,0.25,0.01,0.01,78371.17,1777243538000
1777243540.69,40.69,0.74,0.75,0.25,0.26,0.01,0.01,78371.17,1777243538000
1777243541.031,41.031,0.71,0.73,0.27,0.28,0.02,0.01,78371.4,1777243539000
1777243541.748,41.748,0.71,0.72,0.28,0.29,0.01,0.01,78370.27,1777243540000
1777243542.13,42.13,0.71,0.72,0.28,0.29,0.01,0.01,78370.27,1777243540000
1777243542.632,42.632,0.71,0.72,0.28,0.29,0.01,0.01,78368.45,1777243541000
1777243543.233,43.233,0.71,0.72,0.28,0.29,0.01,0.01,78368.45,1777243541000
1777243543.577,43.577,0.71,0.72,0.28,0.29,0.01,0.01,78367.09,1777243542000
1777243543.998,43.998,0.71,0.72,0.28,0.29,0.01,0.01,78367.09,1777243542000
1777243544.36,44.36,0.71,0.72,0.28,0.29,0.01,0.01,78367.09,1777243542000
1777243544.731,44.731,0.71,0.72,0.28,0.29,0.01,0.01,78366.73,1777243543000
1777243545.152,45.152,0.71,0.72,0.28,0.29,0.01,0.01,78366.73,1777243543000
1777243545.605,45.605,0.69,0.7,0.28,0.38,0.01,0.1,78367.51,1777243544000
1777243545.948,45.948,0.69,0.7,0.3,0.31,0.01,0.01,78367.51,1777243544000
1777243546.359,46.359,0.65,0.66,0.3,0.35,0.01,0.05,78367.51,1777243544000
1777243546.73,46.73,0.65,0.66,0.34,0.35,0.01,0.01,78364.17,1777243545000
1777243547.219,47.219,0.66,0.67,0.33,0.34,0.01,0.01,78362.81,1777243546000
1777243547.559,47.559,0.66,0.67,0.33,0.34,0.01,0.01,78362.81,1777243546000
1777243548.001,48.001,0.66,0.67,0.33,0.34,0.01,0.01,78362.81,1777243546000
1777243548.535,48.535,0.66,0.67,0.33,0.34,0.01,0.01,78362.81,1777243546000
1777243548.87,48.87,0.66,0.68,0.32,0.34,0.02,0.02,78362.43,1777243547000
1777243549.229,49.229,0.67,0.68,0.32,0.34,0.01,0.02,78362.43,1777243547000
1777243549.636,49.636,0.67,0.68,0.32,0.33,0.01,0.01,78362.48,1777243548000
1777243550.024,50.024,0.67,0.68,0.32,0.33,0.01,0.01,78362.48,1777243548000
1777243550.368,50.368,0.67,0.68,0.32,0.33,0.01,0.01,78362.48,1777243548000
1777243550.765,50.765,0.67,0.68,0.32,0.33,0.01,0.01,78362.48,1777243548000
1777243551.148,51.148,0.67,0.68,0.32,0.33,0.01,0.01,78362.54,1777243549000
1777243551.638,51.638,0.68,0.69,0.31,0.33,0.01,0.02,78362.54,1777243549000
1777243552.121,52.121,0.68,0.69,0.31,0.32,0.01,0.01,78366.51,1777243550000
1777243552.527,52.527,0.68,0.69,0.31,0.32,0.01,0.01,78366.51,1777243550000
1777243552.885,52.885,0.67,0.68,0.32,0.33,0.01,0.01,78366.51,1777243551000
1777243553.229,53.229,0.67,0.68,0.32,0.33,0.01,0.01,78366.51,1777243551000
1777243553.597,53.597,0.67,0.68,0.32,0.33,0.01,0.01,78366.51,1777243552000
1777243553.942,53.942,0.67,0.68,0.32,0.33,0.01,0.01,78366.51,1777243552000
1777243554.336,54.336,0.66,0.68,0.32,0.33,0.02,0.01,78362.98,1777243553000
1777243555.087,55.087,0.66,0.67,0.33,0.34,0.01,0.01,78362.98,1777243553000
1777243555.422,55.422,0.66,0.67,0.33,0.34,0.01,0.01,78362.98,1777243553000
1777243555.797,55.797,0.66,0.67,0.33,0.34,0.01,0.01,78360.03,1777243554000
1777243556.275,56.275,0.66,0.67,0.33,0.34,0.01,0.01,78360.03,1777243554000
1777243556.726,56.726,0.66,0.67,0.33,0.34,0.01,0.01,78359.74,1777243555000
1777243557.52,57.52,0.66,0.67,0.33,0.34,0.01,0.01,78359.74,1777243555000
1777243557.907,57.907,0.66,0.67,0.33,0.34,0.01,0.01,78359.63,1777243556000
1777243558.263,58.263,0.66,0.7,0.3,0.34,0.04,0.04,78359.63,1777243556000
1777243558.742,58.742,0.68,0.69,0.29,0.33,0.01,0.04,78358.8,1777243557000
1777243559.461,59.461,0.69,0.71,0.3,0.32,0.02,0.02,78359.65,1777243558000
1777243559.847,59.847,0.7,0.71,0.29,0.3,0.01,0.01,78359.65,1777243558000
1777243560.184,60.184,0.7,0.71,0.29,0.3,0.01,0.01,78364.09,1777243559000
1777243560.537,60.537,0.71,0.72,0.28,0.29,0.01,0.01,78364.09,1777243559000
1777243560.897,60.897,0.72,0.73,0.27,0.28,0.01,0.01,78364.09,1777243559000
1777243561.308,61.308,0.72,0.73,0.27,0.28,0.01,0.01,78364.91,1777243560000
1777243561.697,61.697,0.72,0.73,0.27,0.28,0.01,0.01,78364.91,1777243560000
1777243562.253,62.253,0.72,0.73,0.27,0.28,0.01,0.01,78364.91,1777243560000
1777243562.754,62.754,0.66,0.69,0.28,0.34,0.03,0.06,78365.74,1777243561000
1777243563.148,63.148,0.68,0.7,0.31,0.32,0.02,0.01,78365.73,1777243562000
1777243563.481,63.481,0.65,0.68,0.32,0.35,0.03,0.03,78365.73,1777243562000
1777243563.953,63.953,0.67,0.68,0.32,0.33,0.01,0.01,78365.73,1777243562000
1777243564.466,64.466,0.66,0.67,0.33,0.34,0.01,0.01,78356.58,1777243563000
1777243564.956,64.956,0.66,0.67,0.33,0.34,0.01,0.01,78356.58,1777243563000
1777243565.346,65.346,0.66,0.67,0.33,0.34,0.01,0.01,78356.29,1777243564000
1777243565.857,65.857,0.69,0.7,0.32,0.34,0.01,0.02,78356.29,1777243564000
1777243566.193,66.193,0.73,0.74,0.26,0.27,0.01,0.01,78354.54,1777243565000
1777243566.612,66.612,0.73,0.74,0.26,0.27,0.01,0.01,78354.54,1777243565000
1777243567.028,67.028,0.75,0.77,0.24,0.25,0.02,0.01,78354.54,1777243565000
1777243567.438,67.438,0.76,0.77,0.23,0.24,0.01,0.01,78356.14,1777243566000
1777243567.774,67.774,0.78,0.79,0.21,0.22,0.01,0.01,78356.14,1777243566000
1777243568.154,68.154,0.78,0.79,0.21,0.22,0.01,0.01,78356.14,1777243566000
1777243568.494,68.494,0.79,0.8,0.2,0.21,0.01,0.01,78367.33,1777243567000
1777243568.837,68.837,0.79,0.83,0.17,0.21,0.04,0.04,78367.33,1777243567000
1777243569.202,69.202,0.82,0.83,0.17,0.18,0.01,0.01,78367.33,1777243567000
1777243569.723,69.723,0.83,0.84,0.16,0.18,0.01,0.02,78378.57,1777243568000
1777243570.141,70.141,0.83,0.84,0.16,0.17,0.01,0.01,78385.56,1777243569000
1777243570.701,70.701,0.83,0.84,0.16,0.17,0.01,0.01,78385.56,1777243569000
1777243571.046,71.046,0.82,0.84,0.16,0.18,0.02,0.02,78399.32,1777243570000
1777243571.476,71.476,0.82,0.84,0.16,0.18,0.02,0.02,78399.32,1777243570000
1777243571.875,71.875,0.82,0.84,0.16,0.18,0.02,0.02,78399.32,1777243570000
1777243572.241,72.241,0.82,0.84,0.16,0.18,0.02,0.02,78393.25,1777243571000
1777243572.633,72.633,0.79,0.8,0.2,0.21,0.01,0.01,78393.25,1777243571000
1777243572.979,72.979,0.76,0.82,0.18,0.24,0.06,0.06,78393.25,1777243571000
1777243573.378,73.378,0.79,0.8,0.2,0.21,0.01,0.01,78390.83,1777243572000
1777243573.833,73.833,0.79,0.8,0.2,0.21,0.01,0.01,78390.83,1777243572000
1777243574.185,74.185,0.79,0.8,0.2,0.21,0.01,0.01,78390.83,1777243572000
1777243574.551,74.551,0.79,0.8,0.2,0.21,0.01,0.01,78390.83,1777243572000
1777243575.042,75.042,0.79,0.82,0.2,0.21,0.03,0.01,78390.09,1777243573000
1777243575.396,75.396,0.81,0.82,0.18,0.19,0.01,0.01,78390.09,1777243573000
1777243575.803,75.803,0.8,0.81,0.19,0.2,0.01,0.01,78388.7,1777243574000
1777243576.172,76.172,0.8,0.81,0.19,0.2,0.01,0.01,78388.7,1777243574000
1777243576.524,76.524,0.78,0.79,0.21,0.22,0.01,0.01,78390.53,1777243575000
1777243577.032,77.032,0.77,0.79,0.21,0.22,0.02,0.01,78390.53,1777243575000
1777243577.411,77.411,0.74,0.77,0.22,0.26,0.03,0.04,78390.53,1777243575000
1777243577.768,77.768,0.75,0.76,0.24,0.25,0.01,0.01,78391.41,1777243576000
1777243578.116,78.116,0.75,0.76,0.24,0.25,0.01,0.01,78390.32,1777243577000
1777243578.598,78.598,0.75,0.76,0.24,0.25,0.01,0.01,78390.32,1777243577000
1777243579.027,79.027,0.75,0.76,0.24,0.25,0.01,0.01,78390.32,1777243577000
1777243579.591,79.591,0.75,0.76,0.24,0.25,0.01,0.01,78385.65,1777243578000
1777243579.998,79.998,0.75,0.76,0.24,0.25,0.01,0.01,78385.65,1777243578000
1777243580.396,80.396,0.75,0.76,0.24,0.25,0.01,0.01,78385.65,1777243578000
1777243580.756,80.756,0.75,0.76,0.24,0.25,0.01,0.01,78381.63,1777243579000
1777243581.113,81.113,0.75,0.76,0.24,0.25,0.01,0.01,78382.71,1777243580000
1777243581.462,81.462,0.75,0.76,0.24,0.25,0.01,0.01,78382.71,1777243580000
1777243581.817,81.817,0.75,0.76,0.24,0.25,0.01,0.01,78382.71,1777243580000
1777243582.223,82.223,0.76,0.77,0.23,0.24,0.01,0.01,78382.98,1777243581000
1777243582.683,82.683,0.76,0.77,0.23,0.24,0.01,0.01,78382.98,1777243581000
1777243583.078,83.078,0.75,0.77,0.23,0.24,0.02,0.01,78382.98,1777243581000
1777243583.459,83.459,0.75,0.76,0.24,0.25,0.01,0.01,78380.79,1777243582000
1777243583.802,83.802,0.75,0.76,0.24,0.25,0.01,0.01,78380.79,1777243582000
1777243584.208,84.208,0.75,0.76,0.24,0.25,0.01,0.01,78380.79,1777243582000
1777243584.636,84.636,0.75,0.76,0.24,0.25,0.01,0.01,78377.94,1777243583000
1777243585.679,85.679,0.75,0.76,0.24,0.25,0.01,0.01,78377.94,1777243583000
1777243586.089,86.089,0.75,0.76,0.24,0.25,0.01,0.01,78376.38,1777243585000
1777243587.052,87.052,0.75,0.76,0.24,0.25,0.01,0.01,78375.99,1777243586000
1777243587.671,87.671,0.75,0.76,0.24,0.25,0.01,0.01,78375.99,1777243586000
1777243588.062,88.062,0.77,0.78,0.22,0.23,0.01,0.01,78375.99,1777243586000
1777243588.836,88.836,0.77,0.78,0.22,0.23,0.01,0.01,78375.28,1777243587000
1777243589.251,89.251,0.77,0.78,0.22,0.23,0.01,0.01,78375.28,1777243587000
1777243589.926,89.926,0.77,0.78,0.22,0.23,0.01,0.01,78375.28,1777243588000
1777243590.302,90.302,0.77,0.78,0.22,0.23,0.01,0.01,78375.28,1777243589000
1777243590.652,90.652,0.78,0.79,0.21,0.22,0.01,0.01,78375.28,1777243589000
1777243591.032,91.032,0.78,0.79,0.21,0.22,0.01,0.01,78375.28,1777243589000
1777243591.384,91.384,0.78,0.79,0.21,0.22,0.01,0.01,78375.28,1777243590000
1777243591.791,91.791,0.78,0.79,0.21,0.22,0.01,0.01,78375.28,1777243590000
1777243592.232,92.232,0.8,0.81,0.19,0.2,0.01,0.01,78376.99,1777243591000
1777243592.716,92.716,0.8,0.81,0.19,0.2,0.01,0.01,78376.99,1777243591000
1777243593.385,93.385,0.8,0.81,0.19,0.2,0.01,0.01,78378.39,1777243592000
1777243594.095,94.095,0.8,0.81,0.19,0.2,0.01,0.01,78381.53,1777243593000
1777243594.452,94.452,0.8,0.81,0.19,0.2,0.01,0.01,78381.53,1777243593000
1777243595.178,95.178,0.8,0.81,0.19,0.2,0.01,0.01,78382.14,1777243594000
1777243595.533,95.533,0.8,0.81,0.19,0.2,0.01,0.01,78382.14,1777243594000
1777243595.901,95.901,0.8,0.81,0.19,0.2,0.01,0.01,78382.14,1777243594000
1777243596.295,96.295,0.8,0.81,0.19,0.2,0.01,0.01,78382.14,1777243594000
1777243596.757,96.757,0.8,0.81,0.19,0.2,0.01,0.01,78382.04,1777243595000
1777243597.12,97.12,0.8,0.81,0.19,0.2,0.01,0.01,78381.96,1777243596000
1777243597.465,97.465,0.8,0.81,0.19,0.2,0.01,0.01,78381.96,1777243596000
1777243597.973,97.973,0.8,0.81,0.19,0.2,0.01,0.01,78380.97,1777243597000
1777243598.378,98.378,0.8,0.81,0.19,0.2,0.01,0.01,78380.97,1777243597000
1777243599.196,99.196,0.8,0.81,0.19,0.2,0.01,0.01,78380.35,1777243598000
1777243599.7,99.7,0.81,0.82,0.18,0.19,0.01,0.01,78380.35,1777243598000
1777243600.318,100.318,0.81,0.82,0.18,0.19,0.01,0.01,78380.47,1777243599000
1777243600.935,100.935,0.81,0.82,0.18,0.19,0.01,0.01,78380.47,1777243599000
1777243601.276,101.276,0.81,0.82,0.18,0.19,0.01,0.01,78380.47,1777243599000
1777243601.86,101.86,0.81,0.82,0.18,0.19,0.01,0.01,78380.82,1777243601000
1777243602.244,102.244,0.8,0.82,0.18,0.2,0.02,0.02,78380.82,1777243601000
1777243602.611,102.611,0.8,0.81,0.18,0.22,0.01,0.04,78380.82,1777243601000
1777243603.039,103.039,0.79,0.8,0.19,0.22,0.01,0.03,78380.82,1777243601000
1777243603.385,103.385,0.79,0.8,0.2,0.21,0.01,0.01,78380.82,1777243601000
1777243603.768,103.768,0.79,0.8,0.2,0.21,0.01,0.01,78379.79,1777243602000
1777243604.19,104.19,0.79,0.8,0.2,0.21,0.01,0.01,78379.79,1777243602000
1777243604.805,104.805,0.79,0.8,0.2,0.21,0.01,0.01,78377.06,1777243603000
1777243605.191,105.191,0.79,0.8,0.2,0.21,0.01,0.01,78377.06,1777243603000
1777243605.707,105.707,0.8,0.81,0.19,0.21,0.01,0.02,78376.6,1777243604000
1777243606.466,106.466,0.8,0.81,0.19,0.2,0.01,0.01,78376.6,1777243604000
1777243606.898,106.898,0.81,0.82,0.19,0.2,0.01,0.01,78375.99,1777243605000
1777243607.243,107.243,0.81,0.82,0.18,0.19,0.01,0.01,78376.02,1777243606000
1777243607.72,107.72,0.81,0.82,0.18,0.19,0.01,0.01,78376.02,1777243606000
1777243608.411,108.411,0.81,0.82,0.18,0.19,0.01,0.01,78378.35,1777243607000
1777243608.98,108.98,0.81,0.82,0.18,0.19,0.01,0.01,78379.18,1777243608000
1777243609.877,109.877,0.81,0.82,0.18,0.19,0.01,0.01,78379.18,1777243608000
1777243610.212,110.212,0.81,0.82,0.18,0.19,0.01,0.01,78379.25,1777243609000
1777243610.959,110.959,0.81,0.82,0.18,0.19,0.01,0.01,78379.25,1777243609000
1777243611.418,111.418,0.81,0.82,0.18,0.19,0.01,0.01,78378.38,1777243610000
1777243611.787,111.787,0.81,0.82,0.18,0.19,0.01,0.01,78378.38,1777243610000
1777243612.192,112.192,0.81,0.82,0.18,0.19,0.01,0.01,78378.38,1777243611000
1777243612.714,112.714,0.82,0.83,0.18,0.19,0.01,0.01,78378.38,1777243611000
1777243613.054,113.054,0.82,0.83,0.17,0.18,0.01,0.01,78379.26,1777243612000
1777243613.476,113.476,0.82,0.83,0.17,0.18,0.01,0.01,78379.26,1777243612000
1777243613.89,113.89,0.81,0.82,0.17,0.19,0.01,0.02,78379.26,1777243612000
1777243614.226,114.226,0.81,0.82,0.18,0.19,0.01,0.01,78379.26,1777243612000
1777243614.582,114.582,0.81,0.82,0.18,0.19,0.01,0.01,78379.23,1777243613000
1777243615.091,115.091,0.81,0.82,0.18,0.19,0.01,0.01,78379.23,1777243613000
1777243615.781,115.781,0.81,0.82,0.18,0.19,0.01,0.01,78377.53,1777243614000
1777243616.357,116.357,0.81,0.82,0.18,0.19,0.01,0.01,78377.16,1777243615000
1777243617.199,117.199,0.81,0.82,0.18,0.19,0.01,0.01,78375.77,1777243616000
1777243617.546,117.546,0.78,0.79,0.21,0.22,0.01,0.01,78375.77,1777243616000
1777243618.067,118.067,0.77,0.78,0.21,0.23,0.01,0.02,78375.77,1777243616000
1777243618.716,118.716,0.77,0.78,0.22,0.23,0.01,0.01,78375.69,1777243617000
1777243619.246,119.246,0.77,0.78,0.22,0.23,0.01,0.01,78370.53,1777243618000
1777243619.796,119.796,0.77,0.78,0.22,0.23,0.01,0.01,78370.53,1777243618000
1777243620.282,120.282,0.77,0.78,0.22,0.23,0.01,0.01,78369.21,1777243619000
1777243620.617,120.617,0.77,0.78,0.22,0.23,0.01,0.01,78369.21,1777243619000
1777243621.037,121.037,0.77,0.78,0.22,0.23,0.01,0.01,78369.21,1777243619000
1777243621.383,121.383,0.75,0.76,0.24,0.25,0.01,0.01,78365.38,1777243620000
1777243621.846,121.846,0.75,0.76,0.24,0.25,0.01,0.01,78365.38,1777243620000
1777243622.231,122.231,0.75,0.76,0.24,0.25,0.01,0.01,78365.38,1777243620000
1777243622.629,122.629,0.75,0.76,0.24,0.25,0.01,0.01,78363.35,1777243621000
1777243623.072,123.072,0.75,0.76,0.24,0.25,0.01,0.01,78361.68,1777243622000
1777243623.545,123.545,0.75,0.76,0.24,0.25,0.01,0.01,78361.68,1777243622000
1777243623.922,123.922,0.75,0.76,0.24,0.25,0.01,0.01,78359.35,1777243623000
1777243624.442,124.442,0.75,0.76,0.24,0.25,0.01,0.01,78359.35,1777243623000
1777243624.906,124.906,0.75,0.76,0.24,0.25,0.01,0.01,78359.36,1777243624000
1777243625.488,125.488,0.72,0.73,0.27,0.28,0.01,0.01,78359.36,1777243624000
1777243625.826,125.826,0.7,0.73,0.27,0.28,0.03,0.01,78359.36,1777243624000
1777243626.368,126.368,0.69,0.7,0.3,0.33,0.01,0.03,78358.36,1777243625000
1777243626.717,126.717,0.69,0.7,0.3,0.31,0.01,0.01,78358.36,1777243625000
1777243627.096,127.096,0.69,0.7,0.3,0.31,0.01,0.01,78355.03,1777243626000
1777243627.441,127.441,0.63,0.65,0.31,0.38,0.02,0.07,78355.03,1777243626000
1777243627.783,127.783,0.63,0.64,0.36,0.37,0.01,0.01,78355.03,1777243626000
1777243628.122,128.122,0.63,0.64,0.36,0.37,0.01,0.01,78348.13,1777243627000
1777243628.541,128.541,0.63,0.64,0.36,0.37,0.01,0.01,78348.13,1777243627000
1777243628.898,128.898,0.63,0.64,0.36,0.37,0.01,0.01,78348.13,1777243627000
1777243629.239,129.239,0.74,0.77,0.23,0.26,0.03,0.03,78339.28,1777243628000
1777243629.59,129.59,0.77,0.78,0.22,0.23,0.01,0.01,78339.28,1777243628000
1777243629.934,129.934,0.8,0.82,0.18,0.2,0.02,0.02,78333.31,1777243629000
1777243630.338,130.338,0.81,0.82,0.18,0.19,0.01,0.01,78333.31,1777243629000
1777243630.794,130.794,0.81,0.82,0.18,0.19,0.01,0.01,78333.31,1777243629000
1777243631.232,131.232,0.81,0.82,0.18,0.19,0.01,0.01,78346.02,1777243630000
1777243631.707,131.707,0.81,0.82,0.18,0.19,0.01,0.01,78346.02,1777243630000
1777243632.066,132.066,0.78,0.81,0.19,0.2,0.03,0.01,78346.02,1777243630000
1777243632.402,132.402,0.78,0.79,0.21,0.22,0.01,0.01,78363.26,1777243631000
1777243632.91,132.91,0.78,0.79,0.21,0.22,0.01,0.01,78363.26,1777243631000
1777243633.248,133.248,0.78,0.79,0.21,0.22,0.01,0.01,78363.26,1777243631000
1777243633.604,133.604,0.78,0.79,0.21,0.22,0.01,0.01,78363.44,1777243632000
1777243633.979,133.979,0.77,0.79,0.21,0.22,0.02,0.01,78363.44,1777243632000
1777243634.368,134.368,0.74,0.75,0.25,0.26,0.01,0.01,78363.44,1777243633000
1777243634.704,134.704,0.74,0.75,0.25,0.26,0.01,0.01,78363.44,1777243633000
1777243635.181,135.181,0.74,0.75,0.25,0.26,0.01,0.01,78363.26,1777243634000
1777243635.687,135.687,0.75,0.76,0.24,0.25,0.01,0.01,78363.26,1777243634000
1777243636.238,136.238,0.75,0.76,0.24,0.25,0.01,0.01,78361.43,1777243635000
1777243636.681,136.681,0.75,0.76,0.24,0.25,0.01,0.01,78361.43,1777243635000
1777243637.028,137.028,0.75,0.76,0.24,0.25,0.01,0.01,78355.26,1777243636000
1777243637.454,137.454,0.74,0.75,0.25,0.26,0.01,0.01,78355.26,1777243636000
1777243637.907,137.907,0.74,0.75,0.25,0.26,0.01,0.01,78355.26,1777243636000
1777243638.253,138.253,0.7,0.71,0.29,0.3,0.01,0.01,78356.09,1777243637000
1777243638.696,138.696,0.7,0.71,0.29,0.3,0.01,0.01,78356.09,1777243637000
1777243639.107,139.107,0.7,0.71,0.29,0.3,0.01,0.01,78355.85,1777243638000
1777243639.494,139.494,0.7,0.71,0.29,0.3,0.01,0.01,78355.85,1777243638000
1777243639.901,139.901,0.7,0.71,0.29,0.3,0.01,0.01,78355.85,1777243638000
1777243640.325,140.325,0.7,0.71,0.29,0.3,0.01,0.01,78355.97,1777243639000
1777243640.723,140.723,0.7,0.71,0.29,0.3,0.01,0.01,78355.97,1777243639000
1777243641.07,141.07,0.7,0.71,0.29,0.3,0.01,0.01,78355.98,1777243640000
1777243641.429,141.429,0.7,0.71,0.29,0.3,0.01,0.01,78355.98,1777243640000
1777243642.002,142.002,0.7,0.71,0.29,0.3,0.01,0.01,78352.98,1777243641000
1777243642.347,142.347,0.7,0.71,0.29,0.3,0.01,0.01,78352.98,1777243641000
1777243642.771,142.771,0.71,0.72,0.28,0.29,0.01,0.01,78352.98,1777243641000
1777243643.267,143.267,0.71,0.72,0.28,0.29,0.01,0.01,78351.51,1777243642000
1777243643.639,143.639,0.71,0.72,0.28,0.29,0.01,0.01,78351.51,1777243642000
1777243644.141,144.141,0.71,0.72,0.28,0.29,0.01,0.01,78349.08,1777243643000
1777243644.77,144.77,0.71,0.74,0.28,0.29,0.03,0.01,78349.08,1777243643000
1777243645.249,145.249,0.72,0.73,0.27,0.28,0.01,0.01,78351.66,1777243644000
1777243645.618,145.618,0.72,0.73,0.27,0.28,0.01,0.01,78351.66,1777243644000
1777243646.04,146.04,0.72,0.73,0.27,0.28,0.01,0.01,78351.66,1777243644000
1777243646.681,146.681,0.72,0.73,0.27,0.28,0.01,0.01,78348.63,1777243645000
1777243647.108,147.108,0.72,0.73,0.27,0.28,0.01,0.01,78348.63,1777243645000
1777243647.455,147.455,0.73,0.75,0.26,0.28,0.02,0.02,78349.89,1777243646000
1777243647.907,147.907,0.73,0.74,0.25,0.27,0.01,0.02,78349.89,1777243646000
1777243648.327,148.327,0.73,0.74,0.26,0.27,0.01,0.01,78349.41,1777243647000
1777243649.12,149.12,0.73,0.74,0.26,0.27,0.01,0.01,78349.41,1777243647000
1777243649.969,149.969,0.74,0.75,0.25,0.26,0.01,0.01,78351.67,1777243648000
1777243650.307,150.307,0.74,0.76,0.24,0.26,0.02,0.02,78352.26,1777243649000
1777243650.684,150.684,0.75,0.76,0.24,0.25,0.01,0.01,78352.26,1777243649000
1777243651.109,151.109,0.83,0.84,0.16,0.17,0.01,0.01,78352.26,1777243649000
1777243651.478,151.478,0.83,0.84,0.16,0.17,0.01,0.01,78351.82,1777243650000
1777243651.826,151.826,0.83,0.84,0.16,0.17,0.01,0.01,78351.82,1777243650000
1777243652.168,152.168,0.83,0.84,0.16,0.17,0.01,0.01,78351.82,1777243650000
1777243652.52,152.52,0.83,0.84,0.16,0.17,0.01,0.01,78354.72,1777243651000
1777243652.999,152.999,0.83,0.85,0.16,0.17,0.02,0.01,78354.72,1777243651000
1777243653.378,153.378,0.83,0.85,0.15,0.17,0.02,0.02,78369.86,1777243652000
1777243653.853,153.853,0.84,0.85,0.15,0.16,0.01,0.01,78369.86,1777243652000
1777243654.287,154.287,0.84,0.86,0.14,0.16,0.02,0.02,78369.86,1777243652000
1777243654.643,154.643,0.85,0.86,0.14,0.16,0.01,0.02,78373.24,1777243653000
1777243654.978,154.978,0.85,0.86,0.14,0.15,0.01,0.01,78373.24,1777243653000
1777243655.543,155.543,0.85,0.86,0.14,0.15,0.01,0.01,78375.27,1777243654000
1777243655.938,155.938,0.85,0.86,0.14,0.15,0.01,0.01,78375.27,1777243654000
1777243656.387,156.387,0.85,0.86,0.14,0.15,0.01,0.01,78375.36,1777243655000
1777243656.821,156.821,0.85,0.87,0.14,0.15,0.02,0.01,78375.36,1777243655000
1777243657.414,157.414,0.86,0.87,0.13,0.14,0.01,0.01,78375.36,1777243655000
1777243658.21,158.21,0.85,0.86,0.14,0.15,0.01,0.01,78378.47,1777243656000
1777243658.622,158.622,0.85,0.86,0.14,0.15,0.01,0.01,78378.46,1777243657000
1777243659.029,159.029,0.85,0.87,0.14,0.15,0.02,0.01,78378.46,1777243657000
1777243659.43,159.43,0.86,0.87,0.13,0.14,0.01,0.01,78378.46,1777243657000
1777243659.79,159.79,0.85,0.87,0.13,0.15,0.02,0.02,78378.46,1777243658000
1777243660.592,160.592,0.85,0.86,0.14,0.15,0.01,0.01,78378.46,1777243658000
1777243661.031,161.031,0.86,0.87,0.13,0.14,0.01,0.01,78378.46,1777243659000
1777243661.574,161.574,0.86,0.87,0.13,0.14,0.01,0.01,78378.35,1777243660000
1777243662.162,162.162,0.86,0.87,0.13,0.14,0.01,0.01,78378.35,1777243660000
1777243663.12,163.12,0.86,0.87,0.13,0.14,0.01,0.01,78378.27,1777243661000
1777243663.615,163.615,0.86,0.87,0.13,0.14,0.01,0.01,78378.27,1777243662000
1777243664.26,164.26,0.86,0.87,0.13,0.14,0.01,0.01,78378.42,1777243663000
1777243664.723,164.723,0.86,0.87,0.13,0.14,0.01,0.01,78378.42,1777243663000
1777243665.094,165.094,0.87,0.88,0.12,0.13,0.01,0.01,78378.42,1777243663000
1777243665.449,165.449,0.87,0.88,0.12,0.13,0.01,0.01,78378.42,1777243663000
1777243665.806,165.806,0.87,0.88,0.12,0.13,0.01,0.01,78378.43,1777243664000
1777243666.287,166.287,0.87,0.88,0.12,0.13,0.01,0.01,78378.43,1777243664000
1777243666.641,166.641,0.87,0.88,0.12,0.13,0.01,0.01,78378.72,1777243665000
1777243666.993,166.993,0.87,0.89,0.12,0.13,0.02,0.01,78378.72,1777243665000
1777243667.407,167.407,0.88,0.89,0.11,0.12,0.01,0.01,78378.42,1777243666000
1777243667.764,167.764,0.88,0.89,0.11,0.12,0.01,0.01,78378.42,1777243666000
1777243668.129,168.129,0.88,0.89,0.11,0.12,0.01,0.01,78378.42,1777243666000
1777243668.901,168.901,0.88,0.89,0.11,0.12,0.01,0.01,78378.5,1777243667000
1777243669.427,169.427,0.86,0.87,0.13,0.14,0.01,0.01,78378.5,1777243667000
1777243669.908,169.908,0.86,0.87,0.13,0.14,0.01,0.01,78378.66,1777243668000
1777243670.406,170.406,0.87,0.88,0.12,0.13,0.01,0.01,78378.58,1777243669000
1777243670.79,170.79,0.87,0.88,0.12,0.13,0.01,0.01,78378.58,1777243669000
1777243671.142,171.142,0.87,0.88,0.12,0.13,0.01,0.01,78378.29,1777243670000
1777243671.748,171.748,0.87,0.88,0.12,0.13,0.01,0.01,78378.29,1777243670000
1777243672.291,172.291,0.87,0.88,0.12,0.13,0.01,0.01,78378.29,1777243670000
1777243672.779,172.779,0.87,0.88,0.12,0.13,0.01,0.01,78379.19,1777243671000
1777243673.646,173.646,0.87,0.88,0.12,0.13,0.01,0.01,78379.44,1777243672000
1777243674.53,174.53,0.87,0.88,0.12,0.13,0.01,0.01,78379.97,1777243673000
1777243674.988,174.988,0.88,0.89,0.11,0.13,0.01,0.02,78379.97,1777243673000
1777243675.394,175.394,0.88,0.89,0.11,0.12,0.01,0.01,78380.08,1777243674000
1777243675.818,175.818,0.88,0.89,0.11,0.12,0.01,0.01,78380.08,1777243674000
1777243676.218,176.218,0.88,0.89,0.11,0.12,0.01,0.01,78379.98,1777243675000
1777243676.682,176.682,0.88,0.89,0.11,0.12,0.01,0.01,78379.98,1777243675000
1777243677.282,177.282,0.87,0.88,0.11,0.12,0.01,0.01,78379.98,1777243675000
1777243677.87,177.87,0.87,0.88,0.12,0.13,0.01,0.01,78379.69,1777243676000
1777243679.209,179.209,0.87,0.88,0.12,0.13,0.01,0.01,78379.85,1777243677000
1777243679.573,179.573,0.87,0.88,0.12,0.13,0.01,0.01,78379.55,1777243678000
1777243680.145,180.145,0.87,0.88,0.12,0.13,0.01,0.01,78379.44,1777243679000
1777243680.502,180.502,0.87,0.88,0.12,0.13,0.01,0.01,78379.44,1777243679000
1777243680.898,180.898,0.87,0.88,0.12,0.13,0.01,0.01,78379.44,1777243679000
1777243681.479,181.479,0.89,0.9,0.1,0.13,0.01,0.03,78379.25,1777243680000
1777243681.86,181.86,0.89,0.9,0.1,0.11,0.01,0.01,78379.25,1777243680000
1777243682.304,182.304,0.9,0.91,0.09,0.11,0.01,0.02,78379.25,1777243680000
1777243682.69,182.69,0.9,0.91,0.09,0.1,0.01,0.01,78379.25,1777243680000
1777243683.04,183.04,0.9,0.91,0.09,0.1,0.01,0.01,78379.25,1777243681000
1777243683.517,183.517,0.89,0.9,0.09,0.13,0.01,0.04,78379.25,1777243681000
1777243683.937,183.937,0.89,0.9,0.1,0.11,0.01,0.01,78379.38,1777243682000
1777243684.295,184.295,0.89,0.9,0.1,0.11,0.01,0.01,78379.38,1777243683000
1777243684.689,184.689,0.89,0.9,0.1,0.11,0.01,0.01,78379.38,1777243683000
1777243685.078,185.078,0.89,0.9,0.1,0.11,0.01,0.01,78379.38,1777243683000
1777243685.573,185.573,0.89,0.9,0.1,0.11,0.01,0.01,78379.38,1777243683000
1777243685.956,185.956,0.9,0.91,0.09,0.1,0.01,0.01,78379.06,1777243684000
1777243686.53,186.53,0.9,0.91,0.09,0.1,0.01,0.01,78379.06,1777243684000
1777243686.923,186.923,0.9,0.91,0.09,0.1,0.01,0.01,78379.21,1777243685000
1777243687.325,187.325,0.9,0.91,0.09,0.1,0.01,0.01,78379.21,1777243686000
1777243687.672,187.672,0.9,0.91,0.09,0.1,0.01,0.01,78379.21,1777243686000
1777243688.032,188.032,0.91,0.92,0.08,0.1,0.01,0.02,78379.21,1777243686000
1777243688.642,188.642,0.9,0.91,0.08,0.1,0.01,0.02,78379.21,1777243686000
1777243689.397,189.397,0.9,0.92,0.08,0.1,0.02,0.02,78379.26,1777243688000
1777243690.018,190.018,0.91,0.92,0.08,0.09,0.01,0.01,78379.26,1777243688000
1777243690.693,190.693,0.91,0.92,0.08,0.09,0.01,0.01,78379.21,1777243689000
1777243691.104,191.104,0.91,0.92,0.08,0.09,0.01,0.01,78379.21,1777243689000
1777243691.453,191.453,0.91,0.92,0.08,0.09,0.01,0.01,78379.21,1777243690000
1777243691.977,191.977,0.91,0.92,0.08,0.09,0.01,0.01,78379.21,1777243690000
1777243692.37,192.37,0.91,0.92,0.08,0.09,0.01,0.01,78379.21,1777243691000
1777243692.943,192.943,0.91,0.92,0.08,0.09,0.01,0.01,78379.21,1777243691000
1777243693.705,193.705,0.91,0.92,0.08,0.09,0.01,0.01,78379.21,1777243691000
1777243694.056,194.056,0.91,0.92,0.08,0.09,0.01,0.01,78379.21,1777243692000
1777243694.474,194.474,0.91,0.92,0.08,0.09,0.01,0.01,78379.21,1777243693000
1777243694.82,194.82,0.89,0.9,0.1,0.11,0.01,0.01,78379.21,1777243693000
1777243695.19,195.19,0.87,0.88,0.12,0.13,0.01,0.01,78379.25,1777243694000
1777243695.554,195.554,0.87,0.88,0.12,0.13,0.01,0.01,78379.25,1777243694000
1777243696.166,196.166,0.87,0.88,0.12,0.13,0.01,0.01,78376.49,1777243695000
1777243696.811,196.811,0.86,0.87,0.13,0.14,0.01,0.01,78376.49,1777243695000
1777243697.18,197.18,0.86,0.87,0.13,0.14,0.01,0.01,78372.51,1777243696000
1777243697.801,197.801,0.86,0.87,0.13,0.14,0.01,0.01,78372.51,1777243696000
1777243698.297,198.297,0.86,0.87,0.13,0.14,0.01,0.01,78369.43,1777243697000
1777243698.718,198.718,0.86,0.87,0.13,0.14,0.01,0.01,78369.43,1777243697000
1777243699.14,199.14,0.86,0.87,0.13,0.14,0.01,0.01,78369.43,1777243697000
1777243699.529,199.529,0.86,0.87,0.13,0.14,0.01,0.01,78369.37,1777243698000
1777243699.875,199.875,0.86,0.87,0.13,0.14,0.01,0.01,78369.38,1777243699000
1777243700.293,200.293,0.86,0.87,0.13,0.14,0.01,0.01,78369.38,1777243699000
1777243700.665,200.665,0.86,0.87,0.13,0.14,0.01,0.01,78369.38,1777243699000
1777243701.033,201.033,0.86,0.87,0.13,0.14,0.01,0.01,78369.38,1777243699000
1777243701.452,201.452,0.85,0.87,0.14,0.15,0.02,0.01,78369.44,1777243700000
1777243701.843,201.843,0.86,0.87,0.13,0.14,0.01,0.01,78369.44,1777243700000
1777243702.271,202.271,0.86,0.87,0.13,0.14,0.01,0.01,78369.38,1777243701000
1777243702.842,202.842,0.86,0.87,0.13,0.14,0.01,0.01,78369.38,1777243701000
1777243703.438,203.438,0.86,0.87,0.13,0.14,0.01,0.01,78369.38,1777243702000
1777243703.839,203.839,0.86,0.87,0.13,0.14,0.01,0.01,78369.38,1777243702000
1777243704.317,204.317,0.87,0.88,0.13,0.14,0.01,0.01,78369.4,1777243703000
1777243704.67,204.67,0.87,0.88,0.12,0.13,0.01,0.01,78369.4,1777243703000
1777243705.144,205.144,0.87,0.88,0.12,0.13,0.01,0.01,78369.37,1777243704000
1777243705.754,205.754,0.87,0.88,0.12,0.13,0.01,0.01,78369.37,1777243704000
1777243706.274,206.274,0.87,0.88,0.12,0.13,0.01,0.01,78368.88,1777243705000
1777243707.099,207.099,0.87,0.88,0.12,0.13,0.01,0.01,78368.88,1777243705000
1777243707.941,207.941,0.87,0.88,0.12,0.13,0.01,0.01,78368.91,1777243706000
1777243708.309,208.309,0.83,0.86,0.13,0.15,0.03,0.02,78368.91,1777243706000
1777243708.687,208.687,0.83,0.84,0.16,0.17,0.01,0.01,78369.05,1777243707000
1777243709.326,209.326,0.84,0.85,0.15,0.17,0.01,0.02,78369.05,1777243707000
1777243709.745,209.745,0.84,0.85,0.15,0.16,0.01,0.01,78369.05,1777243708000
1777243710.08,210.08,0.84,0.85,0.15,0.16,0.01,0.01,78361.46,1777243709000
1777243710.439,210.439,0.84,0.85,0.15,0.16,0.01,0.01,78361.46,1777243709000
1777243710.799,210.799,0.89,0.9,0.1,0.11,0.01,0.01,78361.46,1777243709000
1777243711.153,211.153,0.92,0.93,0.07,0.08,0.01,0.01,78359.15,1777243710000
1777243711.529,211.529,0.93,0.94,0.06,0.07,0.01,0.01,78359.15,1777243710000
1777243711.932,211.932,0.93,0.94,0.06,0.07,0.01,0.01,78359.15,1777243710000
1777243712.311,212.311,0.93,0.94,0.06,0.07,0.01,0.01,78358.73,1777243711000
1777243712.654,212.654,0.93,0.94,0.06,0.07,0.01,0.01,78358.73,1777243711000
1777243713.346,213.346,0.93,0.94,0.06,0.07,0.01,0.01,78358.73,1777243711000
1777243713.697,213.697,0.93,0.94,0.06,0.07,0.01,0.01,78373.65,1777243712000
1777243714.067,214.067,0.93,0.94,0.06,0.07,0.01,0.01,78374.75,1777243713000
1777243714.475,214.475,0.92,0.93,0.07,0.08,0.01,0.01,78374.75,1777243713000
1777243714.849,214.849,0.92,0.93,0.07,0.08,0.01,0.01,78374.75,1777243713000
1777243715.185,215.185,0.92,0.93,0.07,0.08,0.01,0.01,78375.71,1777243714000
1777243715.576,215.576,0.92,0.93,0.07,0.08,0.01,0.01,78375.71,1777243714000
1777243715.96,215.96,0.92,0.93,0.07,0.08,0.01,0.01,78375.71,1777243714000
1777243716.307,216.307,0.92,0.93,0.07,0.08,0.01,0.01,78375.71,1777243714000
1777243716.655,216.655,0.92,0.93,0.07,0.08,0.01,0.01,78375.1,1777243715000
1777243717.002,217.002,0.92,0.93,0.07,0.08,0.01,0.01,78375.1,1777243715000
1777243717.352,217.352,0.92,0.93,0.07,0.08,0.01,0.01,78374.73,1777243716000
1777243717.719,217.719,0.91,0.93,0.07,0.08,0.02,0.01,78374.73,1777243716000
1777243718.069,218.069,0.91,0.93,0.07,0.09,0.02,0.02,78375.27,1777243717000
1777243718.477,218.477,0.91,0.92,0.08,0.09,0.01,0.01,78375.27,1777243717000
1777243719.038,219.038,0.91,0.92,0.08,0.09,0.01,0.01,78375.27,1777243717000
1777243719.376,219.376,0.91,0.92,0.08,0.09,0.01,0.01,78375.86,1777243718000
1777243719.985,219.985,0.93,0.94,0.05,0.07,0.01,0.02,78375.86,1777243718000
1777243720.324,220.324,0.93,0.94,0.06,0.07,0.01,0.01,78375.86,1777243718000
1777243720.689,220.689,0.93,0.94,0.06,0.07,0.01,0.01,78375.0,1777243719000
1777243721.549,221.549,0.93,0.94,0.06,0.07,0.01,0.01,78375.33,1777243720000
1777243722.128,222.128,0.93,0.94,0.06,0.07,0.01,0.01,78375.52,1777243721000
1777243722.471,222.471,0.93,0.94,0.06,0.07,0.01,0.01,78375.52,1777243721000
1777243723.082,223.082,0.93,0.94,0.06,0.07,0.01,0.01,78375.52,1777243721000
1777243723.485,223.485,0.93,0.94,0.06,0.07,0.01,0.01,78375.52,1777243721000
1777243723.847,223.847,0.93,0.94,0.06,0.07,0.01,0.01,78374.62,1777243722000
1777243724.451,224.451,0.93,0.94,0.06,0.07,0.01,0.01,78374.61,1777243723000
1777243725.076,225.076,0.93,0.95,0.06,0.07,0.02,0.01,78374.61,1777243723000
1777243725.426,225.426,0.94,0.95,0.05,0.06,0.01,0.01,78375.51,1777243724000
1777243725.986,225.986,0.94,0.95,0.05,0.06,0.01,0.01,78375.51,1777243724000
1777243726.359,226.359,0.94,0.95,0.05,0.06,0.01,0.01,78376.08,1777243725000
1777243726.802,226.802,0.94,0.95,0.05,0.06,0.01,0.01,78376.08,1777243725000
1777243727.326,227.326,0.94,0.95,0.05,0.06,0.01,0.01,78376.08,1777243725000
1777243727.799,227.799,0.94,0.95,0.05,0.06,0.01,0.01,78376.08,1777243725000
1777243728.187,228.187,0.92,0.93,0.05,0.08,0.01,0.03,78376.01,1777243726000
1777243728.59,228.59,0.92,0.93,0.07,0.08,0.01,0.01,78376.01,1777243726000
1777243729.129,229.129,0.92,0.93,0.07,0.08,0.01,0.01,78375.89,1777243728000
1777243729.556,229.556,0.93,0.94,0.06,0.08,0.01,0.02,78375.89,1777243728000
1777243729.998,229.998,0.93,0.94,0.06,0.07,0.01,0.01,78375.89,1777243728000
1777243730.379,230.379,0.93,0.94,0.06,0.07,0.01,0.01,78375.89,1777243728000
1777243730.973,230.973,0.93,0.94,0.06,0.07,0.01,0.01,78369.37,1777243729000
1777243731.592,231.592,0.93,0.94,0.06,0.07,0.01,0.01,78368.98,1777243730000
1777243732.425,232.425,0.93,0.94,0.06,0.07,0.01,0.01,78368.98,1777243731000
1777243732.89,232.89,0.94,0.95,0.05,0.06,0.01,0.01,78368.98,1777243731000
1777243733.359,233.359,0.94,0.95,0.05,0.06,0.01,0.01,78368.94,1777243732000
1777243734.134,234.134,0.94,0.95,0.05,0.06,0.01,0.01,78369.17,1777243733000
1777243734.846,234.846,0.94,0.95,0.05,0.06,0.01,0.01,78369.17,1777243733000
1777243735.223,235.223,0.94,0.95,0.05,0.06,0.01,0.01,78369.17,1777243733000
1777243735.556,235.556,0.94,0.95,0.05,0.06,0.01,0.01,78369.17,1777243733000
1777243736.025,236.025,0.94,0.95,0.05,0.06,0.01,0.01,78373.03,1777243734000
1777243736.381,236.381,0.93,0.94,0.06,0.07,0.01,0.01,78371.69,1777243735000
1777243736.784,236.784,0.93,0.94,0.06,0.07,0.01,0.01,78371.69,1777243735000
1777243737.29,237.29,0.93,0.94,0.06,0.07,0.01,0.01,78371.69,1777243735000
1777243737.85,237.85,0.93,0.94,0.06,0.07,0.01,0.01,78371.7,1777243736000
1777243738.191,238.191,0.93,0.94,0.06,0.07,0.01,0.01,78371.7,1777243736000
1777243738.702,238.702,0.93,0.94,0.06,0.07,0.01,0.01,78371.69,1777243737000
1777243739.111,239.111,0.94,0.95,0.05,0.07,0.01,0.02,78371.69,1777243737000
1777243739.88,239.88,0.93,0.95,0.05,0.06,0.02,0.01,78371.46,1777243738000
1777243740.231,240.231,0.94,0.95,0.05,0.06,0.01,0.01,78371.46,1777243738000
1777243740.582,240.582,0.94,0.95,0.05,0.06,0.01,0.01,78371.7,1777243739000
1777243740.918,240.918,0.94,0.95,0.05,0.06,0.01,0.01,78371.7,1777243739000
1777243741.277,241.277,0.94,0.95,0.05,0.06,0.01,0.01,78372.36,1777243740000
1777243741.653,241.653,0.94,0.95,0.05,0.06,0.01,0.01,78372.36,1777243740000
1777243742.016,242.016,0.95,0.96,0.04,0.05,0.01,0.01,78372.36,1777243740000
1777243742.47,242.47,0.95,0.96,0.04,0.05,0.01,0.01,78382.79,1777243741000
1777243742.888,242.888,0.95,0.96,0.04,0.05,0.01,0.01,78382.79,1777243741000
1777243743.23,243.23,0.95,0.96,0.04,0.05,0.01,0.01,78382.79,1777243741000
1777243743.593,243.593,0.96,0.97,0.03,0.04,0.01,0.01,78388.01,1777243742000
1777243743.984,243.984,0.96,0.97,0.03,0.04,0.01,0.01,78388.01,1777243742000
1777243744.389,244.389,0.96,0.97,0.03,0.04,0.01,0.01,78390.4,1777243743000
1777243744.76,244.76,0.96,0.97,0.03,0.04,0.01,0.01,78390.4,1777243743000
1777243745.103,245.103,0.97,0.98,0.02,0.04,0.01,0.02,78390.65,1777243744000
1777243745.6,245.6,0.97,0.98,0.02,0.03,0.01,0.01,78390.65,1777243744000
1777243745.976,245.976,0.97,0.98,0.02,0.03,0.01,0.01,78390.65,1777243744000
1777243746.38,246.38,0.97,0.98,0.02,0.03,0.01,0.01,78392.18,1777243745000
1777243746.714,246.714,0.97,0.98,0.02,0.03,0.01,0.01,78392.18,1777243745000
1777243747.07,247.07,0.97,0.98,0.02,0.03,0.01,0.01,78392.18,1777243745000
1777243747.417,247.417,0.97,0.98,0.02,0.03,0.01,0.01,78399.28,1777243746000
1777243747.97,247.97,0.98,0.99,0.01,0.03,0.01,0.02,78399.28,1777243746000
1777243748.413,248.413,0.98,0.99,0.01,0.02,0.01,0.01,78399.28,1777243746000
1777243748.815,248.815,0.98,0.99,0.01,0.02,0.01,0.01,78402.91,1777243747000
1777243749.216,249.216,0.98,0.99,0.01,0.02,0.01,0.01,78402.02,1777243748000
1777243749.591,249.591,0.98,0.99,0.01,0.02,0.01,0.01,78402.02,1777243748000
1777243749.955,249.955,0.98,0.99,0.01,0.02,0.01,0.01,78402.02,1777243748000
1777243750.304,250.304,0.98,0.99,0.01,0.02,0.01,0.01,78401.95,1777243749000
1777243750.692,250.692,0.98,0.99,0.01,0.02,0.01,0.01,78401.95,1777243749000
1777243751.105,251.105,0.98,0.99,0.01,0.02,0.01,0.01,78401.95,1777243749000
1777243751.474,251.474,0.98,0.99,0.01,0.02,0.01,0.01,78402.66,1777243750000
1777243751.943,251.943,0.98,0.99,0.01,0.02,0.01,0.01,78402.66,1777243750000
1777243752.282,252.282,0.98,0.99,0.01,0.02,0.01,0.01,78402.66,1777243750000
1777243752.625,252.625,0.98,0.99,0.01,0.02,0.01,0.01,78403.56,1777243751000
1777243753.36,253.36,0.98,0.99,0.01,0.02,0.01,0.01,78404.24,1777243752000
1777243753.722,253.722,0.98,0.99,0.01,0.02,0.01,0.01,78404.24,1777243752000
1777243754.079,254.079,0.98,0.99,0.01,0.02,0.01,0.01,78404.79,1777243753000
1777243754.451,254.451,0.98,0.99,0.01,0.02,0.01,0.01,78404.79,1777243753000
1777243754.895,254.895,0.98,0.99,0.01,0.02,0.01,0.01,78404.79,1777243753000
1777243755.278,255.278,0.98,0.99,0.01,0.02,0.01,0.01,78408.17,1777243754000
1777243755.656,255.656,0.98,0.99,0.01,0.02,0.01,0.01,78408.17,1777243754000
1777243756.153,256.153,0.98,0.99,0.01,0.02,0.01,0.01,78411.93,1777243755000
1777243756.605,256.605,0.98,0.99,0.01,0.02,0.01,0.01,78411.93,1777243755000
1777243757.014,257.014,0.98,0.99,0.01,0.02,0.01,0.01,78411.93,1777243755000
1777243757.447,257.447,0.99,0.99,0.01,0.01,0.0,0.0,78410.77,1777243756000
1777243757.786,257.786,0.99,0.99,0.01,0.01,0.0,0.0,78410.77,1777243756000
1777243758.213,258.213,0.99,0.99,0.01,0.01,0.0,0.0,78410.68,1777243757000
1777243758.887,258.887,0.99,0.99,0.01,0.01,0.0,0.0,78410.68,1777243757000
1777243759.293,259.293,0.99,0.99,0.01,0.01,0.0,0.0,78411.61,1777243758000
1777243759.801,259.801,0.99,0.99,0.01,0.01,0.0,0.0,78411.61,1777243758000
1777243760.276,260.276,0.99,0.99,0.01,0.01,0.0,0.0,78411.3,1777243759000
1777243761.038,261.038,0.99,0.99,0.01,0.01,0.0,0.0,78411.3,1777243759000
1777243761.437,261.437,0.99,0.99,0.01,0.01,0.0,0.0,78411.3,1777243759000
1777243762.15,262.15,0.99,0.99,0.01,0.01,0.0,0.0,78409.81,1777243761000
1777243762.997,262.997,0.99,0.99,0.01,0.01,0.0,0.0,78409.81,1777243761000
1777243764.046,264.046,0.99,0.99,0.01,0.01,0.0,0.0,78409.81,1777243762000
1777243764.557,264.557,0.99,0.99,0.01,0.01,0.0,0.0,78410.65,1777243763000
1777243765.103,265.103,0.99,0.99,0.01,0.01,0.0,0.0,78410.65,1777243763000
1777243765.881,265.881,0.99,0.99,0.01,0.01,0.0,0.0,78409.77,1777243765000
1777243766.98,266.98,0.99,0.99,0.01,0.01,0.0,0.0,78409.69,1777243766000
1777243767.754,267.754,0.99,0.99,0.01,0.01,0.0,0.0,78409.69,1777243766000
1777243769.428,269.428,0.99,0.99,0.01,0.01,0.0,0.0,78409.95,1777243767000
1777243770.15,270.15,0.99,0.99,0.01,0.01,0.0,0.0,78412.13,1777243769000
1777243771.17,271.17,0.99,0.99,0.01,0.01,0.0,0.0,78412.92,1777243770000
1777243771.568,271.568,0.99,0.99,0.01,0.01,0.0,0.0,78412.92,1777243770000
1777243772.062,272.062,0.99,0.99,0.01,0.01,0.0,0.0,78412.92,1777243770000
1777243773.372,273.372,0.99,0.99,0.01,0.01,0.0,0.0,78417.77,1777243772000
1777243774.015,274.015,0.99,0.99,0.01,0.01,0.0,0.0,78417.44,1777243773000
1777243774.358,274.358,0.99,0.99,0.01,0.01,0.0,0.0,78417.44,1777243773000
1777243774.955,274.955,0.99,0.99,0.01,0.01,0.0,0.0,78417.96,1777243774000
1777243776.025,276.025,0.99,0.99,0.01,0.01,0.0,0.0,78418.37,1777243775000
1777243776.809,276.809,0.99,0.99,0.01,0.01,0.0,0.0,78418.37,1777243775000
1777243778.05,278.05,0.99,0.99,0.01,0.01,0.0,0.0,78421.41,1777243777000
1777243779.102,279.102,0.99,0.99,0.01,0.01,0.0,0.0,78423.09,1777243778000
1777243780.215,280.215,0.99,0.99,0.01,0.01,0.0,0.0,78425.88,1777243779000
1777243781.301,281.301,0.99,0.99,0.01,0.01,0.0,0.0,78431.77,1777243780000
1777243781.963,281.963,0.99,0.99,0.01,0.01,0.0,0.0,78431.77,1777243780000
1777243782.388,282.388,0.99,0.99,0.01,0.01,0.0,0.0,78435.71,1777243781000
1777243783.354,283.354,0.99,0.99,0.01,0.01,0.0,0.0,78439.57,1777243782000
1777243783.827,283.827,0.99,0.99,0.01,0.01,0.0,0.0,78439.57,1777243782000
1777243784.361,284.361,0.99,0.99,0.01,0.01,0.0,0.0,78439.38,1777243783000
1777243784.826,284.826,0.99,0.99,0.01,0.01,0.0,0.0,78439.67,1777243784000
1777243785.345,285.345,0.99,0.99,0.01,0.01,0.0,0.0,78439.67,1777243784000
1777243785.833,285.833,0.99,0.99,0.01,0.01,0.0,0.0,78439.67,1777243784000
1777243786.308,286.308,0.99,0.99,0.01,0.01,0.0,0.0,78439.67,1777243785000
1777243786.754,286.754,0.99,0.99,0.01,0.01,0.0,0.0,78439.67,1777243785000
1777243787.348,287.348,0.99,0.99,0.01,0.01,0.0,0.0,78439.67,1777243786000
1777243788.245,288.245,0.99,0.99,0.01,0.01,0.0,0.0,78439.67,1777243787000
1777243789.243,289.243,0.99,0.99,0.01,0.01,0.0,0.0,78439.74,1777243788000
1777243790.266,290.266,0.99,0.99,0.01,0.01,0.0,0.0,78441.17,1777243789000
1777243791.004,291.004,0.99,0.99,0.01,0.01,0.0,0.0,78441.17,1777243789000
1777243792.131,292.131,0.99,0.99,0.01,0.01,0.0,0.0,78445.74,1777243791000
1777243792.935,292.935,0.99,0.99,0.01,0.01,0.0,0.0,78445.74,1777243791000
1777243794.06,294.06,0.99,0.99,0.01,0.01,0.0,0.0,78452.62,1777243793000
1777243795.077,295.077,0.99,0.99,0.01,0.01,0.0,0.0,78457.96,1777243794000
1777243796.059,296.059,0.99,0.99,0.01,0.01,0.0,0.0,78457.96,1777243794000
1777243796.408,296.408,0.99,0.99,0.01,0.01,0.0,0.0,78457.83,1777243795000
1777243796.978,296.978,0.99,0.99,0.01,0.01,0.0,0.0,78457.83,1777243795000
1777243797.444,297.444,0.99,0.99,0.01,0.01,0.0,0.0,78452.61,1777243796000
1777243798.055,298.055,0.99,0.99,0.01,0.01,0.0,0.0,78437.99,1777243797000
1777243798.75,298.75,0.99,0.99,0.01,0.01,0.0,0.0,78437.99,1777243797000
1777243799.35,299.35,0.99,0.99,0.01,0.01,0.0,0.0,78437.99,1777243797000
1777243799.798,299.798,0.99,0.99,0.01,0.01,0.0,0.0,78419.4,1777243798000
1777243800.281,300.281,0.99,0.99,0.01,0.01,0.0,0.0,78419.4,1777243798000
1777243800.941,300.941,0.99,0.99,0.01,0.01,0.0,0.0,78418.58,1777243800000
1777243802.357,302.357,0.99,0.99,0.01,0.01,0.0,0.0,78418.03,1777243801000

# RESULT,winner=Up,slug=btc-updown-5m-1777243500,ticks=639
