timestamp,elapsed_sec,up_bid,up_ask,down_bid,down_ask,up_spread,down_spread,btc_price,btc_oracle_ts
1777274400.568,0.568,0.49,0.5,0.47,0.48,0.01,0.01,77692.78,1777274399000
1777274400.989,0.989,0.49,0.53,0.5,0.51,0.04,0.01,77692.78,1777274399000
1777274401.339,1.339,0.51,0.52,0.47,0.49,0.01,0.02,77692.78,1777274399000
1777274401.699,1.699,0.51,0.52,0.48,0.49,0.01,0.01,77696.15,1777274400000
1777274402.191,2.191,0.51,0.52,0.48,0.49,0.01,0.01,77696.15,1777274400000
1777274402.568,2.568,0.5,0.52,0.48,0.49,0.02,0.01,77695.88,1777274401000
1777274402.924,2.924,0.5,0.51,0.48,0.5,0.01,0.02,77695.88,1777274401000
1777274403.473,3.473,0.5,0.51,0.49,0.5,0.01,0.01,77695.88,1777274401000
1777274403.829,3.829,0.5,0.51,0.49,0.5,0.01,0.01,77695.52,1777274402000
1777274404.509,4.509,0.49,0.5,0.5,0.51,0.01,0.01,77695.41,1777274403000
1777274405.125,5.125,0.49,0.5,0.5,0.51,0.01,0.01,77695.41,1777274404000
1777274405.56,5.56,0.49,0.5,0.5,0.51,0.01,0.01,77695.41,1777274404000
1777274405.983,5.983,0.49,0.5,0.5,0.51,0.01,0.01,77695.41,1777274404000
1777274406.556,6.556,0.49,0.5,0.5,0.51,0.01,0.01,77694.81,1777274405000
1777274407.039,7.039,0.47,0.49,0.51,0.52,0.02,0.01,77694.81,1777274405000
1777274407.512,7.512,0.47,0.48,0.52,0.53,0.01,0.01,77694.81,1777274406000
1777274407.902,7.902,0.47,0.48,0.52,0.53,0.01,0.01,77694.81,1777274406000
1777274408.274,8.274,0.47,0.5,0.52,0.53,0.03,0.01,77694.81,1777274406000
1777274408.75,8.75,0.49,0.5,0.5,0.53,0.01,0.03,77690.83,1777274407000
1777274409.331,9.331,0.49,0.5,0.5,0.51,0.01,0.01,77695.15,1777274408000
1777274409.857,9.857,0.49,0.5,0.5,0.51,0.01,0.01,77695.15,1777274408000
1777274410.274,10.274,0.49,0.5,0.5,0.51,0.01,0.01,77695.15,1777274408000
1777274410.635,10.635,0.49,0.5,0.5,0.51,0.01,0.01,77695.19,1777274409000
1777274411.07,11.07,0.49,0.5,0.5,0.51,0.01,0.01,77695.19,1777274409000
1777274411.565,11.565,0.49,0.5,0.5,0.51,0.01,0.01,77695.19,1777274409000
1777274411.917,11.917,0.49,0.5,0.5,0.51,0.01,0.01,77695.07,1777274410000
1777274412.319,12.319,0.48,0.49,0.51,0.52,0.01,0.01,77695.07,1777274411000
1777274412.958,12.958,0.48,0.49,0.51,0.52,0.01,0.01,77695.07,1777274411000
1777274413.498,13.498,0.48,0.49,0.51,0.52,0.01,0.01,77695.17,1777274412000
1777274414.117,14.117,0.48,0.49,0.51,0.52,0.01,0.01,77695.17,1777274413000
1777274414.552,14.552,0.48,0.49,0.51,0.52,0.01,0.01,77695.17,1777274413000
1777274415.128,15.128,0.42,0.43,0.57,0.58,0.01,0.01,77695.17,1777274413000
1777274415.463,15.463,0.42,0.43,0.57,0.58,0.01,0.01,77695.57,1777274414000
1777274415.827,15.827,0.4,0.42,0.58,0.59,0.02,0.01,77695.57,1777274414000
1777274416.45,16.45,0.39,0.4,0.59,0.6,0.01,0.01,77695.57,1777274414000
1777274416.793,16.793,0.39,0.4,0.6,0.63,0.01,0.03,77685.4,1777274415000
1777274417.133,17.133,0.37,0.38,0.62,0.63,0.01,0.01,77682.75,1777274416000
1777274417.61,17.61,0.37,0.38,0.62,0.63,0.01,0.01,77682.75,1777274416000
1777274417.996,17.996,0.37,0.38,0.62,0.63,0.01,0.01,77682.75,1777274416000
1777274418.333,18.333,0.37,0.38,0.62,0.63,0.01,0.01,77677.09,1777274417000
1777274418.698,18.698,0.37,0.38,0.62,0.63,0.01,0.01,77677.09,1777274417000
1777274419.216,19.216,0.36,0.37,0.62,0.64,0.01,0.02,77677.09,1777274417000
1777274419.674,19.674,0.36,0.37,0.63,0.64,0.01,0.01,77673.94,1777274418000
1777274420.012,20.012,0.36,0.37,0.63,0.64,0.01,0.01,77671.93,1777274419000
1777274420.409,20.409,0.36,0.37,0.63,0.64,0.01,0.01,77671.93,1777274419000
1777274420.916,20.916,0.35,0.37,0.63,0.64,0.02,0.01,77671.93,1777274419000
1777274421.27,21.27,0.35,0.36,0.64,0.65,0.01,0.01,77670.75,1777274420000
1777274421.614,21.614,0.35,0.36,0.64,0.65,0.01,0.01,77670.75,1777274420000
1777274422.043,22.043,0.35,0.36,0.64,0.65,0.01,0.01,77670.75,1777274420000
1777274422.442,22.442,0.32,0.33,0.67,0.68,0.01,0.01,77670.77,1777274421000
1777274422.889,22.889,0.29,0.3,0.7,0.71,0.01,0.01,77670.77,1777274421000
1777274423.309,23.309,0.28,0.29,0.71,0.72,0.01,0.01,77671.3,1777274422000
1777274423.679,23.679,0.28,0.29,0.71,0.72,0.01,0.01,77671.3,1777274422000
1777274424.025,24.025,0.28,0.29,0.71,0.72,0.01,0.01,77671.3,1777274422000
1777274424.446,24.446,0.28,0.29,0.71,0.72,0.01,0.01,77661.37,1777274423000
1777274424.894,24.894,0.28,0.29,0.71,0.72,0.01,0.01,77661.37,1777274423000
1777274425.31,25.31,0.28,0.29,0.71,0.72,0.01,0.01,77664.08,1777274424000
1777274425.851,25.851,0.28,0.29,0.71,0.72,0.01,0.01,77664.08,1777274424000
1777274426.34,26.34,0.28,0.29,0.71,0.72,0.01,0.01,77664.08,1777274424000
1777274426.781,26.781,0.28,0.29,0.71,0.72,0.01,0.01,77664.08,1777274424000
1777274427.291,27.291,0.28,0.29,0.71,0.72,0.01,0.01,77658.37,1777274425000
1777274427.885,27.885,0.28,0.29,0.71,0.72,0.01,0.01,77658.37,1777274426000
1777274428.401,28.401,0.28,0.29,0.71,0.72,0.01,0.01,77658.31,1777274427000
1777274428.743,28.743,0.27,0.29,0.71,0.73,0.02,0.02,77658.31,1777274427000
1777274429.476,29.476,0.28,0.29,0.71,0.72,0.01,0.01,77657.85,1777274428000
1777274429.913,29.913,0.28,0.29,0.71,0.72,0.01,0.01,77657.85,1777274428000
1777274430.334,30.334,0.27,0.28,0.71,0.73,0.01,0.02,77660.24,1777274429000
1777274430.774,30.774,0.27,0.28,0.72,0.73,0.01,0.01,77660.24,1777274429000
1777274431.157,31.157,0.26,0.27,0.73,0.74,0.01,0.01,77660.24,1777274429000
1777274431.498,31.498,0.26,0.28,0.73,0.74,0.02,0.01,77659.76,1777274430000
1777274432.21,32.21,0.26,0.27,0.73,0.74,0.01,0.01,77660.54,1777274431000
1777274432.58,32.58,0.28,0.3,0.7,0.74,0.02,0.04,77660.54,1777274431000
1777274432.933,32.933,0.28,0.29,0.7,0.72,0.01,0.02,77660.54,1777274431000
1777274433.3,33.3,0.28,0.29,0.71,0.72,0.01,0.01,77660.59,1777274432000
1777274433.651,33.651,0.28,0.29,0.71,0.72,0.01,0.01,77660.59,1777274432000
1777274434.078,34.078,0.28,0.29,0.71,0.72,0.01,0.01,77660.59,1777274432000
1777274434.574,34.574,0.29,0.3,0.7,0.71,0.01,0.01,77659.51,1777274433000
1777274434.912,34.912,0.28,0.29,0.71,0.72,0.01,0.01,77659.51,1777274433000
1777274435.332,35.332,0.28,0.29,0.71,0.72,0.01,0.01,77659.45,1777274434000
1777274435.739,35.739,0.28,0.29,0.71,0.72,0.01,0.01,77659.45,1777274434000
1777274436.079,36.079,0.28,0.29,0.71,0.72,0.01,0.01,77659.45,1777274435000
1777274436.482,36.482,0.28,0.29,0.71,0.72,0.01,0.01,77659.45,1777274435000
1777274436.825,36.825,0.28,0.29,0.71,0.72,0.01,0.01,77659.45,1777274435000
1777274437.194,37.194,0.28,0.29,0.71,0.72,0.01,0.01,77659.71,1777274436000
1777274437.573,37.573,0.28,0.29,0.71,0.72,0.01,0.01,77659.71,1777274436000
1777274437.916,37.916,0.28,0.29,0.71,0.72,0.01,0.01,77659.71,1777274436000
1777274438.268,38.268,0.28,0.29,0.71,0.72,0.01,0.01,77659.09,1777274437000
1777274438.62,38.62,0.28,0.29,0.71,0.72,0.01,0.01,77659.09,1777274437000
1777274438.965,38.965,0.28,0.29,0.71,0.72,0.01,0.01,77659.09,1777274437000
1777274439.334,39.334,0.28,0.29,0.71,0.72,0.01,0.01,77658.66,1777274438000
1777274439.74,39.74,0.28,0.29,0.71,0.72,0.01,0.01,77658.66,1777274438000
1777274440.192,40.192,0.28,0.29,0.71,0.72,0.01,0.01,77658.66,1777274438000
1777274440.595,40.595,0.27,0.29,0.71,0.72,0.02,0.01,77658.66,1777274438000
1777274440.952,40.952,0.27,0.28,0.72,0.73,0.01,0.01,77659.41,1777274439000
1777274441.295,41.295,0.27,0.28,0.72,0.73,0.01,0.01,77659.41,1777274439000
1777274441.68,41.68,0.27,0.28,0.72,0.73,0.01,0.01,77660.33,1777274440000
1777274442.077,42.077,0.27,0.28,0.72,0.73,0.01,0.01,77660.33,1777274440000
1777274442.587,42.587,0.27,0.28,0.72,0.73,0.01,0.01,77659.37,1777274441000
1777274443.536,43.536,0.27,0.28,0.72,0.73,0.01,0.01,77658.95,1777274442000
1777274443.914,43.914,0.27,0.31,0.69,0.73,0.04,0.04,77658.95,1777274442000
1777274444.332,44.332,0.29,0.3,0.7,0.71,0.01,0.01,77658.92,1777274443000
1777274444.783,44.783,0.29,0.3,0.7,0.71,0.01,0.01,77658.92,1777274443000
1777274445.263,45.263,0.29,0.3,0.7,0.71,0.01,0.01,77661.56,1777274444000
1777274445.668,45.668,0.29,0.3,0.7,0.71,0.01,0.01,77661.56,1777274444000
1777274446.043,46.043,0.29,0.3,0.7,0.71,0.01,0.01,77661.56,1777274444000
1777274446.404,46.404,0.29,0.3,0.7,0.71,0.01,0.01,77661.56,1777274444000
1777274446.858,46.858,0.29,0.3,0.7,0.71,0.01,0.01,77662.71,1777274445000
1777274447.218,47.218,0.29,0.3,0.7,0.71,0.01,0.01,77665.55,1777274446000
1777274447.567,47.567,0.29,0.3,0.7,0.71,0.01,0.01,77665.55,1777274446000
1777274447.919,47.919,0.29,0.3,0.7,0.71,0.01,0.01,77665.55,1777274446000
1777274448.287,48.287,0.29,0.3,0.7,0.71,0.01,0.01,77665.55,1777274446000
1777274448.628,48.628,0.29,0.3,0.7,0.71,0.01,0.01,77662.92,1777274447000
1777274448.997,48.997,0.29,0.3,0.7,0.71,0.01,0.01,77662.92,1777274447000
1777274449.486,49.486,0.29,0.3,0.7,0.71,0.01,0.01,77664.24,1777274448000
1777274449.849,49.849,0.29,0.3,0.7,0.71,0.01,0.01,77664.24,1777274448000
1777274450.24,50.24,0.29,0.3,0.7,0.71,0.01,0.01,77661.51,1777274449000
1777274450.613,50.613,0.28,0.29,0.7,0.72,0.01,0.02,77661.51,1777274449000
1777274450.964,50.964,0.28,0.29,0.71,0.72,0.01,0.01,77661.51,1777274449000
1777274451.503,51.503,0.28,0.29,0.71,0.72,0.01,0.01,77664.69,1777274450000
1777274451.927,51.927,0.25,0.26,0.73,0.74,0.01,0.01,77664.69,1777274450000
1777274452.517,52.517,0.25,0.26,0.74,0.75,0.01,0.01,77664.69,1777274450000
1777274452.952,52.952,0.32,0.33,0.67,0.68,0.01,0.01,77659.98,1777274451000
1777274453.402,53.402,0.32,0.33,0.67,0.68,0.01,0.01,77659.72,1777274452000
1777274453.805,53.805,0.32,0.33,0.67,0.68,0.01,0.01,77659.72,1777274452000
1777274454.166,54.166,0.32,0.33,0.67,0.68,0.01,0.01,77659.72,1777274452000
1777274454.758,54.758,0.32,0.33,0.67,0.68,0.01,0.01,77657.64,1777274453000
1777274455.148,55.148,0.32,0.33,0.67,0.69,0.01,0.02,77658.9,1777274454000
1777274455.598,55.598,0.31,0.32,0.67,0.68,0.01,0.01,77658.9,1777274454000
1777274456.051,56.051,0.31,0.32,0.68,0.69,0.01,0.01,77658.9,1777274454000
1777274456.97,56.97,0.31,0.33,0.67,0.69,0.02,0.02,77660.2,1777274455000
1777274457.581,57.581,0.31,0.33,0.67,0.69,0.02,0.02,77660.2,1777274455000
1777274457.937,57.937,0.31,0.32,0.68,0.69,0.01,0.01,77664.27,1777274456000
1777274458.283,58.283,0.33,0.34,0.66,0.67,0.01,0.01,77664.27,1777274456000
1777274458.626,58.626,0.34,0.35,0.66,0.67,0.01,0.01,77664.43,1777274457000
1777274459.012,59.012,0.36,0.37,0.63,0.65,0.01,0.02,77664.43,1777274457000
1777274459.355,59.355,0.36,0.37,0.63,0.64,0.01,0.01,77665.05,1777274458000
1777274459.715,59.715,0.36,0.37,0.63,0.64,0.01,0.01,77665.05,1777274458000
1777274460.097,60.097,0.36,0.37,0.63,0.64,0.01,0.01,77665.05,1777274458000
1777274460.526,60.526,0.36,0.37,0.63,0.64,0.01,0.01,77665.05,1777274458000
1777274460.947,60.947,0.36,0.37,0.63,0.64,0.01,0.01,77666.64,1777274459000
1777274461.431,61.431,0.34,0.36,0.64,0.65,0.02,0.01,77667.69,1777274460000
1777274461.838,61.838,0.33,0.34,0.65,0.67,0.01,0.02,77667.69,1777274460000
1777274462.35,62.35,0.33,0.34,0.66,0.67,0.01,0.01,77667.69,1777274460000
1777274462.778,62.778,0.33,0.34,0.66,0.67,0.01,0.01,77670.78,1777274461000
1777274463.288,63.288,0.33,0.34,0.66,0.67,0.01,0.01,77668.44,1777274462000
1777274463.629,63.629,0.33,0.34,0.66,0.67,0.01,0.01,77668.44,1777274462000
1777274464.015,64.015,0.34,0.35,0.65,0.66,0.01,0.01,77668.44,1777274462000
1777274464.434,64.434,0.33,0.35,0.65,0.66,0.02,0.01,77667.28,1777274463000
1777274465.204,65.204,0.33,0.34,0.65,0.67,0.01,0.02,77667.28,1777274463000
1777274465.693,65.693,0.33,0.34,0.66,0.67,0.01,0.01,77666.18,1777274464000
1777274466.054,66.054,0.32,0.33,0.67,0.68,0.01,0.01,77666.18,1777274464000
1777274466.42,66.42,0.32,0.33,0.67,0.68,0.01,0.01,77666.18,1777274464000
1777274466.868,66.868,0.32,0.33,0.67,0.68,0.01,0.01,77666.18,1777274464000
1777274467.206,67.206,0.31,0.32,0.68,0.69,0.01,0.01,77664.57,1777274465000
1777274467.815,67.815,0.31,0.32,0.68,0.69,0.01,0.01,77664.97,1777274466000
1777274468.191,68.191,0.31,0.32,0.68,0.69,0.01,0.01,77664.97,1777274466000
1777274468.769,68.769,0.31,0.32,0.68,0.69,0.01,0.01,77670.62,1777274467000
1777274469.261,69.261,0.31,0.32,0.68,0.69,0.01,0.01,77667.41,1777274468000
1777274469.76,69.76,0.3,0.32,0.68,0.69,0.02,0.01,77667.41,1777274468000
1777274470.136,70.136,0.29,0.3,0.7,0.71,0.01,0.01,77670.59,1777274469000
1777274470.548,70.548,0.31,0.32,0.68,0.7,0.01,0.02,77670.59,1777274469000
1777274471.01,71.01,0.31,0.32,0.68,0.69,0.01,0.01,77670.59,1777274469000
1777274471.453,71.453,0.31,0.32,0.68,0.69,0.01,0.01,77667.07,1777274470000
1777274471.926,71.926,0.31,0.32,0.68,0.69,0.01,0.01,77667.07,1777274470000
1777274472.326,72.326,0.31,0.32,0.68,0.69,0.01,0.01,77667.07,1777274470000
1777274472.732,72.732,0.36,0.37,0.63,0.64,0.01,0.01,77667.07,1777274470000
1777274473.675,73.675,0.36,0.37,0.63,0.64,0.01,0.01,77668.61,1777274471000
1777274474.027,74.027,0.37,0.38,0.62,0.63,0.01,0.01,77671.38,1777274472000
1777274474.579,74.579,0.4,0.41,0.59,0.6,0.01,0.01,77674.83,1777274473000
1777274474.93,74.93,0.4,0.41,0.59,0.6,0.01,0.01,77674.83,1777274473000
1777274475.376,75.376,0.4,0.41,0.59,0.6,0.01,0.01,77686.72,1777274474000
1777274476.133,76.133,0.4,0.41,0.59,0.6,0.01,0.01,77687.54,1777274475000
1777274476.487,76.487,0.4,0.41,0.59,0.6,0.01,0.01,77687.54,1777274475000
1777274477.055,77.055,0.4,0.44,0.59,0.6,0.04,0.01,77687.54,1777274475000
1777274477.655,77.655,0.43,0.44,0.56,0.57,0.01,0.01,77687.54,1777274476000
1777274478.14,78.14,0.43,0.44,0.56,0.57,0.01,0.01,77687.54,1777274476000
1777274478.488,78.488,0.43,0.44,0.56,0.57,0.01,0.01,77687.51,1777274477000
1777274478.891,78.891,0.43,0.44,0.56,0.57,0.01,0.01,77687.51,1777274477000
1777274479.329,79.329,0.43,0.44,0.56,0.57,0.01,0.01,77687.56,1777274478000
1777274479.743,79.743,0.43,0.44,0.56,0.57,0.01,0.01,77687.56,1777274478000
1777274480.077,80.077,0.43,0.44,0.56,0.57,0.01,0.01,77687.56,1777274478000
1777274480.732,80.732,0.48,0.5,0.51,0.57,0.02,0.06,77690.31,1777274479000
1777274481.135,81.135,0.48,0.51,0.49,0.52,0.03,0.03,77690.31,1777274479000
1777274481.48,81.48,0.47,0.52,0.5,0.53,0.05,0.03,77702.63,1777274480000
1777274481.814,81.814,0.49,0.59,0.41,0.51,0.1,0.1,77702.63,1777274480000
1777274482.157,82.157,0.55,0.59,0.41,0.45,0.04,0.04,77702.63,1777274480000
1777274482.494,82.494,0.58,0.59,0.4,0.44,0.01,0.04,77707.3,1777274481000
1777274482.828,82.828,0.59,0.61,0.39,0.41,0.02,0.02,77707.3,1777274481000
1777274483.165,83.165,0.59,0.6,0.4,0.41,0.01,0.01,77710.48,1777274482000
1777274483.661,83.661,0.61,0.62,0.38,0.39,0.01,0.01,77710.48,1777274482000
1777274484.122,84.122,0.62,0.63,0.36,0.38,0.01,0.02,77714.46,1777274483000
1777274484.641,84.641,0.63,0.64,0.36,0.37,0.01,0.01,77714.46,1777274483000
1777274485.033,85.033,0.62,0.65,0.35,0.37,0.03,0.02,77716.22,1777274484000
1777274485.55,85.55,0.64,0.65,0.35,0.36,0.01,0.01,77716.22,1777274484000
1777274485.921,85.921,0.64,0.65,0.35,0.36,0.01,0.01,77716.22,1777274484000
1777274486.282,86.282,0.64,0.65,0.35,0.36,0.01,0.01,77716.22,1777274484000
1777274486.648,86.648,0.63,0.65,0.35,0.36,0.02,0.01,77717.41,1777274485000
1777274486.996,86.996,0.63,0.64,0.35,0.37,0.01,0.02,77717.41,1777274485000
1777274487.366,87.366,0.63,0.64,0.36,0.37,0.01,0.01,77717.41,1777274485000
1777274488.036,88.036,0.63,0.64,0.36,0.37,0.01,0.01,77718.68,1777274487000
1777274488.921,88.921,0.63,0.64,0.36,0.37,0.01,0.01,77718.68,1777274487000
1777274489.271,89.271,0.63,0.64,0.36,0.37,0.01,0.01,77718.68,1777274487000
1777274489.616,89.616,0.63,0.64,0.34,0.37,0.01,0.03,77715.58,1777274488000
1777274490.151,90.151,0.63,0.66,0.34,0.37,0.03,0.03,77715.58,1777274488000
1777274490.495,90.495,0.63,0.66,0.34,0.36,0.03,0.02,77718.77,1777274489000
1777274490.846,90.846,0.64,0.66,0.34,0.36,0.02,0.02,77718.77,1777274489000
1777274491.179,91.179,0.65,0.68,0.33,0.36,0.03,0.03,77718.17,1777274490000
1777274491.537,91.537,0.65,0.66,0.34,0.35,0.01,0.01,77718.17,1777274490000
1777274491.888,91.888,0.65,0.66,0.34,0.35,0.01,0.01,77718.17,1777274490000
1777274492.234,92.234,0.66,0.67,0.33,0.35,0.01,0.02,77719.71,1777274491000
1777274492.711,92.711,0.67,0.68,0.32,0.33,0.01,0.01,77719.71,1777274491000
1777274493.173,93.173,0.65,0.66,0.34,0.35,0.01,0.01,77719.71,1777274491000
1777274493.558,93.558,0.65,0.66,0.34,0.35,0.01,0.01,77721.24,1777274492000
1777274494.343,94.343,0.65,0.66,0.34,0.35,0.01,0.01,77721.24,1777274492000
1777274494.683,94.683,0.6,0.62,0.38,0.4,0.02,0.02,77719.16,1777274493000
1777274495.183,95.183,0.57,0.58,0.42,0.43,0.01,0.01,77719.16,1777274493000
1777274495.525,95.525,0.57,0.58,0.42,0.43,0.01,0.01,77719.15,1777274494000
1777274495.867,95.867,0.57,0.58,0.42,0.43,0.01,0.01,77719.15,1777274494000
1777274496.233,96.233,0.57,0.58,0.42,0.43,0.01,0.01,77719.15,1777274495000
1777274496.835,96.835,0.58,0.59,0.41,0.42,0.01,0.01,77719.15,1777274495000
1777274497.241,97.241,0.58,0.6,0.41,0.42,0.02,0.01,77719.15,1777274495000
1777274497.813,97.813,0.59,0.6,0.4,0.41,0.01,0.01,77715.38,1777274496000
1777274498.394,98.394,0.59,0.6,0.4,0.41,0.01,0.01,77714.29,1777274497000
1777274498.982,98.982,0.59,0.6,0.4,0.41,0.01,0.01,77714.29,1777274498000
1777274499.563,99.563,0.59,0.6,0.4,0.41,0.01,0.01,77714.29,1777274498000
1777274500.061,100.061,0.64,0.65,0.34,0.37,0.01,0.03,77714.29,1777274498000
1777274500.503,100.503,0.64,0.65,0.35,0.36,0.01,0.01,77714.56,1777274499000
1777274500.846,100.846,0.64,0.66,0.34,0.36,0.02,0.02,77714.56,1777274499000
1777274501.289,101.289,0.64,0.65,0.35,0.36,0.01,0.01,77714.56,1777274499000
1777274501.935,101.935,0.64,0.65,0.35,0.36,0.01,0.01,77714.56,1777274499000
1777274502.379,102.379,0.64,0.65,0.35,0.36,0.01,0.01,77714.56,1777274499000
1777274502.782,102.782,0.64,0.65,0.35,0.36,0.01,0.01,77714.56,1777274499000
1777274503.196,103.196,0.64,0.65,0.35,0.36,0.01,0.01,77715.06,1777274501000
1777274503.734,103.734,0.64,0.65,0.35,0.36,0.01,0.01,77715.06,1777274501000
1777274504.08,104.08,0.64,0.65,0.35,0.36,0.01,0.01,77718.0,1777274502000
1777274504.535,104.535,0.64,0.66,0.34,0.36,0.02,0.02,77718.0,1777274502000
1777274504.879,104.879,0.69,0.7,0.3,0.32,0.01,0.02,77718.59,1777274503000
1777274505.227,105.227,0.72,0.74,0.27,0.29,0.02,0.02,77718.59,1777274503000
1777274505.614,105.614,0.73,0.74,0.26,0.27,0.01,0.01,77718.36,1777274504000
1777274506.076,106.076,0.73,0.74,0.26,0.27,0.01,0.01,77718.36,1777274504000
1777274506.445,106.445,0.71,0.72,0.28,0.29,0.01,0.01,77718.36,1777274504000
1777274506.888,106.888,0.71,0.72,0.28,0.29,0.01,0.01,77718.36,1777274504000
1777274507.224,107.224,0.71,0.72,0.28,0.29,0.01,0.01,77728.16,1777274505000
1777274507.585,107.585,0.71,0.72,0.28,0.29,0.01,0.01,77728.16,1777274505000
1777274508.07,108.07,0.71,0.72,0.28,0.29,0.01,0.01,77730.41,1777274506000
1777274508.624,108.624,0.71,0.72,0.28,0.29,0.01,0.01,77730.18,1777274507000
1777274509.201,109.201,0.71,0.72,0.28,0.29,0.01,0.01,77730.18,1777274507000
1777274509.572,109.572,0.71,0.72,0.28,0.29,0.01,0.01,77730.18,1777274507000
1777274509.914,109.914,0.71,0.72,0.28,0.29,0.01,0.01,77732.97,1777274508000
1777274510.429,110.429,0.72,0.73,0.27,0.28,0.01,0.01,77731.81,1777274509000
1777274511.032,111.032,0.72,0.73,0.27,0.28,0.01,0.01,77731.81,1777274509000
1777274511.367,111.367,0.72,0.73,0.27,0.28,0.01,0.01,77731.81,1777274509000
1777274511.818,111.818,0.72,0.73,0.27,0.28,0.01,0.01,77731.34,1777274510000
1777274512.213,112.213,0.72,0.73,0.27,0.28,0.01,0.01,77731.34,1777274510000
1777274512.565,112.565,0.72,0.73,0.27,0.28,0.01,0.01,77735.43,1777274511000
1777274512.968,112.968,0.74,0.75,0.25,0.26,0.01,0.01,77735.43,1777274511000
1777274513.453,113.453,0.74,0.75,0.25,0.26,0.01,0.01,77735.43,1777274512000
1777274513.792,113.792,0.74,0.8,0.2,0.26,0.06,0.06,77735.43,1777274512000
1777274514.174,114.174,0.77,0.78,0.22,0.23,0.01,0.01,77735.43,1777274512000
1777274514.589,114.589,0.77,0.78,0.22,0.23,0.01,0.01,77734.58,1777274513000
1777274514.931,114.931,0.77,0.78,0.22,0.23,0.01,0.01,77734.58,1777274513000
1777274515.295,115.295,0.77,0.78,0.22,0.23,0.01,0.01,77735.44,1777274514000
1777274515.638,115.638,0.77,0.78,0.22,0.23,0.01,0.01,77735.44,1777274514000
1777274516.143,116.143,0.77,0.78,0.22,0.23,0.01,0.01,77735.44,1777274514000
1777274516.622,116.622,0.77,0.78,0.22,0.23,0.01,0.01,77732.45,1777274515000
1777274516.99,116.99,0.77,0.78,0.22,0.23,0.01,0.01,77732.45,1777274515000
1777274517.393,117.393,0.77,0.78,0.22,0.23,0.01,0.01,77735.15,1777274516000
1777274517.956,117.956,0.79,0.8,0.2,0.23,0.01,0.03,77735.15,1777274516000
1777274518.32,118.32,0.79,0.8,0.2,0.21,0.01,0.01,77735.15,1777274516000
1777274518.663,118.663,0.79,0.8,0.2,0.21,0.01,0.01,77735.23,1777274517000
1777274519.004,119.004,0.79,0.8,0.2,0.21,0.01,0.01,77735.23,1777274517000
1777274519.346,119.346,0.79,0.8,0.2,0.21,0.01,0.01,77736.16,1777274518000
1777274519.813,119.813,0.79,0.8,0.2,0.21,0.01,0.01,77736.16,1777274518000
1777274520.15,120.15,0.79,0.8,0.2,0.21,0.01,0.01,77736.16,1777274518000
1777274520.501,120.501,0.79,0.8,0.2,0.21,0.01,0.01,77736.16,1777274518000
1777274520.839,120.839,0.79,0.81,0.2,0.21,0.02,0.01,77736.25,1777274519000
1777274521.185,121.185,0.8,0.81,0.19,0.2,0.01,0.01,77736.25,1777274519000
1777274521.546,121.546,0.8,0.81,0.19,0.2,0.01,0.01,77740.3,1777274520000
1777274521.889,121.889,0.8,0.81,0.19,0.2,0.01,0.01,77740.3,1777274520000
1777274522.361,122.361,0.8,0.81,0.19,0.2,0.01,0.01,77740.3,1777274520000
1777274522.728,122.728,0.8,0.81,0.19,0.2,0.01,0.01,77738.89,1777274521000
1777274523.394,123.394,0.8,0.81,0.19,0.2,0.01,0.01,77737.06,1777274522000
1777274523.735,123.735,0.81,0.83,0.17,0.18,0.02,0.01,77737.06,1777274522000
1777274524.08,124.08,0.81,0.82,0.17,0.19,0.01,0.02,77737.06,1777274522000
1777274524.424,124.424,0.81,0.82,0.18,0.19,0.01,0.01,77738.8,1777274523000
1777274524.766,124.766,0.81,0.82,0.18,0.19,0.01,0.01,77738.8,1777274523000
1777274525.314,125.314,0.8,0.81,0.19,0.2,0.01,0.01,77738.8,1777274523000
1777274525.66,125.66,0.8,0.81,0.19,0.2,0.01,0.01,77743.14,1777274524000
1777274526.144,126.144,0.8,0.81,0.19,0.2,0.01,0.01,77741.9,1777274525000
1777274526.486,126.486,0.78,0.81,0.19,0.2,0.03,0.01,77741.9,1777274525000
1777274526.819,126.819,0.77,0.79,0.21,0.22,0.02,0.01,77741.9,1777274525000
1777274527.162,127.162,0.77,0.78,0.22,0.23,0.01,0.01,77742.0,1777274526000
1777274527.582,127.582,0.77,0.78,0.22,0.23,0.01,0.01,77742.0,1777274526000
1777274528.035,128.035,0.77,0.78,0.22,0.23,0.01,0.01,77742.0,1777274526000
1777274528.442,128.442,0.77,0.78,0.22,0.23,0.01,0.01,77741.95,1777274527000
1777274528.799,128.799,0.77,0.78,0.22,0.23,0.01,0.01,77741.95,1777274527000
1777274529.206,129.206,0.76,0.77,0.22,0.24,0.01,0.02,77741.95,1777274527000
1777274529.65,129.65,0.76,0.77,0.23,0.24,0.01,0.01,77740.01,1777274528000
1777274530.008,130.008,0.76,0.77,0.23,0.24,0.01,0.01,77740.01,1777274528000
1777274530.362,130.362,0.76,0.77,0.23,0.24,0.01,0.01,77736.0,1777274529000
1777274530.705,130.705,0.76,0.77,0.23,0.24,0.01,0.01,77736.0,1777274529000
1777274531.054,131.054,0.76,0.77,0.23,0.24,0.01,0.01,77736.0,1777274529000
1777274531.395,131.395,0.76,0.77,0.23,0.24,0.01,0.01,77736.0,1777274529000
1777274531.78,131.78,0.76,0.77,0.23,0.24,0.01,0.01,77736.86,1777274530000
1777274532.141,132.141,0.76,0.77,0.23,0.24,0.01,0.01,77736.86,1777274531000
1777274532.487,132.487,0.76,0.77,0.23,0.24,0.01,0.01,77736.86,1777274531000
1777274532.861,132.861,0.76,0.77,0.23,0.24,0.01,0.01,77736.86,1777274531000
1777274533.243,133.243,0.76,0.77,0.23,0.24,0.01,0.01,77736.05,1777274532000
1777274533.712,133.712,0.76,0.77,0.23,0.24,0.01,0.01,77736.05,1777274532000
1777274534.072,134.072,0.77,0.78,0.22,0.23,0.01,0.01,77736.05,1777274532000
1777274534.419,134.419,0.77,0.78,0.22,0.23,0.01,0.01,77737.6,1777274533000
1777274534.809,134.809,0.77,0.78,0.22,0.23,0.01,0.01,77737.6,1777274533000
1777274535.161,135.161,0.81,0.82,0.18,0.19,0.01,0.01,77737.6,1777274533000
1777274535.6,135.6,0.81,0.82,0.18,0.19,0.01,0.01,77737.6,1777274533000
1777274536.172,136.172,0.81,0.82,0.18,0.19,0.01,0.01,77737.6,1777274533000
1777274536.809,136.809,0.81,0.82,0.18,0.19,0.01,0.01,77735.9,1777274534000
1777274537.246,137.246,0.81,0.82,0.18,0.19,0.01,0.01,77735.93,1777274535000
1777274537.912,137.912,0.81,0.82,0.18,0.19,0.01,0.01,77735.95,1777274536000
1777274538.25,138.25,0.82,0.83,0.17,0.18,0.01,0.01,77738.5,1777274537000
1777274539.02,139.02,0.82,0.83,0.17,0.18,0.01,0.01,77738.5,1777274537000
1777274539.499,139.499,0.82,0.83,0.17,0.18,0.01,0.01,77738.83,1777274538000
1777274539.844,139.844,0.82,0.83,0.17,0.18,0.01,0.01,77738.83,1777274538000
1777274540.31,140.31,0.82,0.83,0.17,0.18,0.01,0.01,77738.83,1777274538000
1777274540.664,140.664,0.82,0.83,0.17,0.18,0.01,0.01,77738.83,1777274538000
1777274541.022,141.022,0.81,0.83,0.17,0.18,0.02,0.01,77738.83,1777274538000
1777274541.392,141.392,0.81,0.83,0.17,0.19,0.02,0.02,77739.13,1777274540000
1777274541.751,141.751,0.81,0.82,0.18,0.2,0.01,0.02,77739.13,1777274540000
1777274542.185,142.185,0.8,0.81,0.19,0.2,0.01,0.01,77739.13,1777274540000
1777274542.614,142.614,0.8,0.81,0.19,0.2,0.01,0.01,77741.71,1777274541000
1777274543.308,143.308,0.8,0.81,0.19,0.2,0.01,0.01,77743.28,1777274542000
1777274543.814,143.814,0.8,0.81,0.19,0.2,0.01,0.01,77743.28,1777274542000
1777274544.148,144.148,0.8,0.82,0.18,0.2,0.02,0.02,77743.28,1777274542000
1777274544.787,144.787,0.81,0.82,0.18,0.19,0.01,0.01,77743.28,1777274542000
1777274545.197,145.197,0.81,0.82,0.18,0.19,0.01,0.01,77738.6,1777274543000
1777274545.658,145.658,0.81,0.82,0.18,0.19,0.01,0.01,77738.8,1777274544000
1777274546.035,146.035,0.81,0.82,0.18,0.19,0.01,0.01,77738.8,1777274544000
1777274546.375,146.375,0.81,0.82,0.18,0.19,0.01,0.01,77738.88,1777274545000
1777274546.826,146.826,0.81,0.82,0.18,0.19,0.01,0.01,77738.88,1777274545000
1777274547.173,147.173,0.81,0.82,0.18,0.19,0.01,0.01,77738.88,1777274545000
1777274547.713,147.713,0.81,0.82,0.18,0.19,0.01,0.01,77738.88,1777274545000
1777274548.06,148.06,0.81,0.82,0.18,0.19,0.01,0.01,77739.15,1777274546000
1777274548.414,148.414,0.81,0.82,0.18,0.19,0.01,0.01,77739.15,1777274546000
1777274548.801,148.801,0.81,0.82,0.18,0.19,0.01,0.01,77739.2,1777274547000
1777274549.267,149.267,0.81,0.82,0.18,0.19,0.01,0.01,77739.25,1777274548000
1777274549.71,149.71,0.81,0.82,0.18,0.19,0.01,0.01,77739.25,1777274548000
1777274550.058,150.058,0.81,0.82,0.18,0.19,0.01,0.01,77739.25,1777274548000
1777274550.476,150.476,0.81,0.82,0.18,0.19,0.01,0.01,77739.25,1777274548000
1777274550.849,150.849,0.81,0.82,0.18,0.19,0.01,0.01,77739.42,1777274549000
1777274551.374,151.374,0.81,0.82,0.18,0.19,0.01,0.01,77738.83,1777274550000
1777274551.828,151.828,0.81,0.82,0.18,0.19,0.01,0.01,77738.83,1777274550000
1777274552.191,152.191,0.81,0.82,0.18,0.19,0.01,0.01,77738.83,1777274550000
1777274552.54,152.54,0.81,0.82,0.18,0.19,0.01,0.01,77738.83,1777274550000
1777274553.033,153.033,0.82,0.83,0.17,0.18,0.01,0.01,77741.81,1777274551000
1777274553.645,153.645,0.82,0.83,0.17,0.18,0.01,0.01,77740.22,1777274552000
1777274554.504,154.504,0.82,0.83,0.17,0.18,0.01,0.01,77743.45,1777274553000
1777274554.914,154.914,0.82,0.83,0.17,0.18,0.01,0.01,77743.45,1777274553000
1777274555.418,155.418,0.82,0.83,0.17,0.18,0.01,0.01,77738.63,1777274554000
1777274555.868,155.868,0.82,0.83,0.17,0.18,0.01,0.01,77738.63,1777274554000
1777274556.214,156.214,0.83,0.84,0.17,0.18,0.01,0.01,77738.63,1777274554000
1777274556.556,156.556,0.85,0.86,0.14,0.15,0.01,0.01,77741.48,1777274555000
1777274556.893,156.893,0.86,0.87,0.13,0.14,0.01,0.01,77741.48,1777274555000
1777274557.506,157.506,0.86,0.87,0.13,0.14,0.01,0.01,77741.6,1777274556000
1777274557.925,157.925,0.86,0.88,0.13,0.14,0.02,0.01,77741.6,1777274556000
1777274558.817,158.817,0.87,0.88,0.12,0.13,0.01,0.01,77742.24,1777274557000
1777274559.154,159.154,0.87,0.88,0.12,0.13,0.01,0.01,77742.24,1777274557000
1777274559.896,159.896,0.87,0.88,0.12,0.13,0.01,0.01,77745.38,1777274558000
1777274560.299,160.299,0.78,0.81,0.19,0.22,0.03,0.03,77745.38,1777274558000
1777274560.656,160.656,0.78,0.79,0.21,0.22,0.01,0.01,77745.89,1777274559000
1777274561.025,161.025,0.77,0.78,0.22,0.23,0.01,0.01,77745.89,1777274559000
1777274561.365,161.365,0.76,0.78,0.22,0.23,0.02,0.01,77743.64,1777274560000
1777274561.711,161.711,0.75,0.77,0.23,0.25,0.02,0.02,77743.64,1777274560000
1777274562.171,162.171,0.73,0.75,0.25,0.26,0.02,0.01,77743.64,1777274560000
1777274562.669,162.669,0.74,0.75,0.25,0.27,0.01,0.02,77738.53,1777274561000
1777274563.058,163.058,0.73,0.74,0.25,0.27,0.01,0.02,77738.53,1777274561000
1777274563.736,163.736,0.73,0.74,0.26,0.27,0.01,0.01,77738.53,1777274561000
1777274564.269,164.269,0.73,0.74,0.26,0.27,0.01,0.01,77731.65,1777274563000
1777274564.626,164.626,0.73,0.74,0.26,0.27,0.01,0.01,77731.65,1777274563000
1777274565.277,165.277,0.73,0.74,0.26,0.27,0.01,0.01,77731.65,1777274563000
1777274565.689,165.689,0.73,0.74,0.26,0.27,0.01,0.01,77731.29,1777274564000
1777274566.027,166.027,0.72,0.73,0.27,0.28,0.01,0.01,77731.29,1777274564000
1777274566.478,166.478,0.71,0.72,0.27,0.29,0.01,0.02,77731.43,1777274565000
1777274566.846,166.846,0.7,0.72,0.28,0.3,0.02,0.02,77731.43,1777274565000
1777274567.218,167.218,0.7,0.72,0.28,0.29,0.02,0.01,77731.43,1777274565000
1777274567.562,167.562,0.71,0.72,0.28,0.29,0.01,0.01,77731.29,1777274566000
1777274567.922,167.922,0.7,0.71,0.29,0.3,0.01,0.01,77731.29,1777274566000
1777274568.351,168.351,0.7,0.71,0.29,0.3,0.01,0.01,77731.29,1777274567000
1777274568.745,168.745,0.7,0.71,0.29,0.3,0.01,0.01,77731.29,1777274567000
1777274569.287,169.287,0.71,0.72,0.28,0.29,0.01,0.01,77731.29,1777274567000
1777274569.724,169.724,0.71,0.72,0.28,0.29,0.01,0.01,77731.29,1777274567000
1777274570.339,170.339,0.71,0.72,0.28,0.29,0.01,0.01,77731.29,1777274567000
1777274570.733,170.733,0.71,0.72,0.28,0.29,0.01,0.01,77731.29,1777274567000
1777274571.171,171.171,0.71,0.72,0.28,0.29,0.01,0.01,77731.29,1777274569000
1777274571.639,171.639,0.71,0.72,0.28,0.29,0.01,0.01,77731.29,1777274569000
1777274572.201,172.201,0.71,0.76,0.28,0.29,0.05,0.01,77731.29,1777274570000
1777274572.613,172.613,0.77,0.79,0.22,0.24,0.02,0.02,77731.29,1777274571000
1777274572.948,172.948,0.78,0.79,0.21,0.22,0.01,0.01,77731.29,1777274571000
1777274573.326,173.326,0.8,0.81,0.19,0.2,0.01,0.01,77731.29,1777274571000
1777274573.694,173.694,0.78,0.79,0.2,0.22,0.01,0.02,77731.01,1777274572000
1777274574.044,174.044,0.76,0.78,0.21,0.24,0.02,0.03,77731.01,1777274572000
1777274574.475,174.475,0.73,0.75,0.24,0.26,0.02,0.02,77731.42,1777274573000
1777274574.815,174.815,0.76,0.77,0.23,0.24,0.01,0.01,77731.42,1777274573000
1777274575.156,175.156,0.75,0.76,0.24,0.25,0.01,0.01,77731.42,1777274573000
1777274575.548,175.548,0.75,0.76,0.24,0.25,0.01,0.01,77734.81,1777274574000
1777274575.979,175.979,0.76,0.77,0.23,0.24,0.01,0.01,77734.81,1777274574000
1777274576.371,176.371,0.75,0.76,0.24,0.25,0.01,0.01,77734.81,1777274574000
1777274576.707,176.707,0.74,0.76,0.24,0.26,0.02,0.02,77737.72,1777274575000
1777274577.118,177.118,0.7,0.72,0.28,0.3,0.02,0.02,77737.72,1777274575000
1777274577.551,177.551,0.7,0.71,0.29,0.3,0.01,0.01,77738.54,1777274576000
1777274577.964,177.964,0.7,0.71,0.29,0.3,0.01,0.01,77738.54,1777274576000
1777274578.995,178.995,0.7,0.71,0.29,0.3,0.01,0.01,77735.9,1777274577000
1777274579.333,179.333,0.69,0.7,0.3,0.31,0.01,0.01,77735.9,1777274577000
1777274579.672,179.672,0.69,0.7,0.3,0.31,0.01,0.01,77731.41,1777274578000
1777274580.036,180.036,0.65,0.66,0.3,0.35,0.01,0.05,77731.41,1777274578000
1777274580.458,180.458,0.65,0.66,0.34,0.35,0.01,0.01,77728.89,1777274579000
1777274580.899,180.899,0.6,0.61,0.39,0.4,0.01,0.01,77728.89,1777274579000
1777274581.284,181.284,0.6,0.61,0.39,0.4,0.01,0.01,77728.89,1777274579000
1777274581.619,181.619,0.61,0.63,0.38,0.4,0.02,0.02,77728.73,1777274580000
1777274581.963,181.963,0.62,0.63,0.37,0.39,0.01,0.02,77728.73,1777274580000
1777274582.297,182.297,0.61,0.62,0.38,0.39,0.01,0.01,77728.73,1777274580000
1777274582.745,182.745,0.63,0.64,0.34,0.37,0.01,0.03,77724.46,1777274581000
1777274583.085,183.085,0.6,0.61,0.39,0.4,0.01,0.01,77721.08,1777274582000
1777274583.427,183.427,0.6,0.61,0.39,0.4,0.01,0.01,77721.08,1777274582000
1777274583.77,183.77,0.6,0.61,0.39,0.4,0.01,0.01,77721.08,1777274582000
1777274584.164,184.164,0.6,0.61,0.39,0.4,0.01,0.01,77720.89,1777274583000
1777274584.874,184.874,0.6,0.62,0.39,0.4,0.02,0.01,77720.89,1777274583000
1777274585.246,185.246,0.61,0.62,0.38,0.39,0.01,0.01,77720.89,1777274583000
1777274585.866,185.866,0.61,0.62,0.38,0.39,0.01,0.01,77720.05,1777274584000
1777274586.451,186.451,0.59,0.62,0.38,0.39,0.03,0.01,77720.05,1777274584000
1777274586.847,186.847,0.63,0.64,0.38,0.39,0.01,0.01,77719.25,1777274585000
1777274587.218,187.218,0.63,0.64,0.36,0.37,0.01,0.01,77719.51,1777274586000
1777274587.579,187.579,0.63,0.64,0.36,0.37,0.01,0.01,77719.51,1777274586000
1777274588.004,188.004,0.62,0.63,0.37,0.38,0.01,0.01,77719.51,1777274586000
1777274588.375,188.375,0.62,0.63,0.37,0.38,0.01,0.01,77718.93,1777274587000
1777274588.733,188.733,0.62,0.63,0.37,0.38,0.01,0.01,77718.93,1777274587000
1777274589.072,189.072,0.61,0.63,0.37,0.38,0.02,0.01,77718.93,1777274587000
1777274589.429,189.429,0.61,0.62,0.38,0.39,0.01,0.01,77718.85,1777274588000
1777274589.805,189.805,0.61,0.62,0.38,0.39,0.01,0.01,77718.85,1777274588000
1777274590.234,190.234,0.61,0.62,0.38,0.39,0.01,0.01,77718.16,1777274589000
1777274590.668,190.668,0.61,0.62,0.38,0.39,0.01,0.01,77718.16,1777274589000
1777274591.024,191.024,0.61,0.62,0.38,0.39,0.01,0.01,77718.16,1777274589000
1777274591.395,191.395,0.6,0.61,0.39,0.4,0.01,0.01,77718.16,1777274589000
1777274591.881,191.881,0.6,0.61,0.39,0.4,0.01,0.01,77718.73,1777274590000
1777274592.27,192.27,0.6,0.61,0.39,0.4,0.01,0.01,77718.95,1777274591000
1777274592.681,192.681,0.6,0.61,0.39,0.4,0.01,0.01,77718.95,1777274591000
1777274593.018,193.018,0.62,0.63,0.37,0.38,0.01,0.01,77717.49,1777274592000
1777274593.369,193.369,0.62,0.63,0.37,0.38,0.01,0.01,77717.49,1777274592000
1777274593.811,193.811,0.62,0.63,0.37,0.38,0.01,0.01,77717.49,1777274592000
1777274594.156,194.156,0.66,0.67,0.33,0.34,0.01,0.01,77718.48,1777274593000
1777274594.526,194.526,0.67,0.68,0.32,0.33,0.01,0.01,77718.48,1777274593000
1777274594.896,194.896,0.67,0.68,0.32,0.33,0.01,0.01,77718.48,1777274593000
1777274595.351,195.351,0.66,0.67,0.33,0.34,0.01,0.01,77720.3,1777274594000
1777274595.943,195.943,0.66,0.67,0.33,0.34,0.01,0.01,77720.3,1777274594000
1777274596.318,196.318,0.66,0.67,0.33,0.34,0.01,0.01,77724.32,1777274595000
1777274596.674,196.674,0.66,0.67,0.33,0.34,0.01,0.01,77724.32,1777274595000
1777274597.243,197.243,0.66,0.67,0.33,0.34,0.01,0.01,77728.21,1777274596000
1777274597.827,197.827,0.66,0.67,0.33,0.34,0.01,0.01,77728.21,1777274596000
1777274598.233,198.233,0.66,0.67,0.33,0.34,0.01,0.01,77728.84,1777274597000
1777274598.57,198.57,0.66,0.67,0.33,0.34,0.01,0.01,77728.84,1777274597000
1777274599.031,199.031,0.67,0.68,0.32,0.34,0.01,0.02,77728.84,1777274597000
1777274599.417,199.417,0.68,0.7,0.32,0.33,0.02,0.01,77729.6,1777274598000
1777274599.786,199.786,0.69,0.7,0.3,0.31,0.01,0.01,77729.6,1777274598000
1777274600.136,200.136,0.66,0.68,0.32,0.34,0.02,0.02,77729.6,1777274598000
1777274600.568,200.568,0.66,0.67,0.33,0.34,0.01,0.01,77729.6,1777274598000
1777274601.065,201.065,0.7,0.71,0.29,0.3,0.01,0.01,77728.43,1777274599000
1777274601.78,201.78,0.7,0.71,0.29,0.3,0.01,0.01,77728.96,1777274600000
1777274602.13,202.13,0.68,0.7,0.3,0.31,0.02,0.01,77728.96,1777274600000
1777274602.646,202.646,0.68,0.69,0.3,0.32,0.01,0.02,77729.09,1777274601000
1777274602.985,202.985,0.68,0.69,0.31,0.32,0.01,0.01,77729.09,1777274601000
1777274603.361,203.361,0.68,0.69,0.31,0.32,0.01,0.01,77729.09,1777274601000
1777274603.942,203.942,0.68,0.69,0.31,0.32,0.01,0.01,77728.24,1777274603000
1777274604.631,204.631,0.68,0.69,0.31,0.32,0.01,0.01,77728.24,1777274603000
1777274605.25,205.25,0.67,0.68,0.31,0.33,0.01,0.02,77727.7,1777274604000
1777274605.682,205.682,0.67,0.68,0.32,0.33,0.01,0.01,77727.7,1777274604000
1777274606.04,206.04,0.67,0.68,0.32,0.33,0.01,0.01,77728.57,1777274605000
1777274606.461,206.461,0.67,0.69,0.32,0.33,0.02,0.01,77728.57,1777274605000
1777274607.057,207.057,0.69,0.7,0.3,0.31,0.01,0.01,77730.73,1777274606000
1777274607.42,207.42,0.67,0.68,0.32,0.33,0.01,0.01,77730.73,1777274606000
1777274607.8,207.8,0.67,0.68,0.32,0.33,0.01,0.01,77730.73,1777274606000
1777274608.22,208.22,0.68,0.69,0.31,0.32,0.01,0.01,77729.43,1777274607000
1777274609.338,209.338,0.68,0.7,0.3,0.32,0.02,0.02,77729.37,1777274608000
1777274609.934,209.934,0.68,0.7,0.3,0.32,0.02,0.02,77729.64,1777274609000
1777274610.295,210.295,0.66,0.7,0.3,0.33,0.04,0.03,77729.64,1777274609000
1777274610.728,210.728,0.62,0.67,0.31,0.36,0.05,0.05,77729.64,1777274609000
1777274611.184,211.184,0.65,0.66,0.34,0.35,0.01,0.01,77728.26,1777274610000
1777274611.555,211.555,0.66,0.67,0.34,0.35,0.01,0.01,77728.26,1777274610000
1777274611.891,211.891,0.65,0.66,0.34,0.35,0.01,0.01,77728.26,1777274610000
1777274612.24,212.24,0.64,0.66,0.34,0.35,0.02,0.01,77728.26,1777274611000
1777274612.791,212.791,0.64,0.65,0.35,0.36,0.01,0.01,77728.26,1777274611000
1777274613.167,213.167,0.64,0.65,0.35,0.36,0.01,0.01,77728.26,1777274611000
1777274613.515,213.515,0.64,0.65,0.35,0.36,0.01,0.01,77724.08,1777274612000
1777274614.065,214.065,0.65,0.66,0.35,0.36,0.01,0.01,77724.08,1777274612000
1777274614.419,214.419,0.65,0.66,0.34,0.35,0.01,0.01,77724.08,1777274612000
1777274615.066,215.066,0.65,0.67,0.33,0.35,0.02,0.02,77727.98,1777274613000
1777274615.421,215.421,0.65,0.66,0.34,0.35,0.01,0.01,77727.98,1777274613000
1777274615.902,215.902,0.65,0.66,0.34,0.35,0.01,0.01,77726.85,1777274614000
1777274616.832,216.832,0.65,0.67,0.34,0.35,0.02,0.01,77727.42,1777274615000
1777274617.177,217.177,0.65,0.66,0.34,0.35,0.01,0.01,77727.42,1777274615000
1777274617.634,217.634,0.61,0.63,0.34,0.39,0.02,0.05,77725.06,1777274616000
1777274617.982,217.982,0.62,0.63,0.37,0.38,0.01,0.01,77725.06,1777274616000
1777274618.334,218.334,0.62,0.63,0.37,0.38,0.01,0.01,77725.06,1777274616000
1777274618.948,218.948,0.62,0.63,0.37,0.38,0.01,0.01,77725.16,1777274617000
1777274619.332,219.332,0.63,0.64,0.36,0.37,0.01,0.01,77720.56,1777274618000
1777274619.716,219.716,0.63,0.65,0.35,0.37,0.02,0.02,77720.56,1777274618000
1777274620.089,220.089,0.63,0.64,0.36,0.37,0.01,0.01,77720.56,1777274618000
1777274620.427,220.427,0.64,0.65,0.35,0.36,0.01,0.01,77720.55,1777274619000
1777274620.857,220.857,0.64,0.66,0.35,0.36,0.02,0.01,77720.55,1777274619000
1777274621.318,221.318,0.65,0.66,0.34,0.36,0.01,0.02,77720.58,1777274620000
1777274621.651,221.651,0.65,0.66,0.34,0.35,0.01,0.01,77720.58,1777274620000
1777274622.094,222.094,0.65,0.67,0.34,0.35,0.02,0.01,77720.58,1777274620000
1777274622.446,222.446,0.66,0.67,0.33,0.34,0.01,0.01,77723.78,1777274621000
1777274622.86,222.86,0.66,0.67,0.33,0.34,0.01,0.01,77723.78,1777274621000
1777274623.255,223.255,0.66,0.67,0.33,0.34,0.01,0.01,77723.78,1777274621000
1777274623.921,223.921,0.66,0.67,0.33,0.34,0.01,0.01,77721.54,1777274622000
1777274624.298,224.298,0.66,0.67,0.33,0.34,0.01,0.01,77721.54,1777274622000
1777274624.726,224.726,0.66,0.67,0.33,0.34,0.01,0.01,77720.12,1777274623000
1777274625.06,225.06,0.66,0.67,0.33,0.34,0.01,0.01,77720.12,1777274623000
1777274625.594,225.594,0.66,0.67,0.33,0.34,0.01,0.01,77720.72,1777274624000
1777274626.007,226.007,0.66,0.67,0.33,0.34,0.01,0.01,77720.72,1777274624000
1777274626.622,226.622,0.68,0.7,0.31,0.32,0.02,0.01,77719.51,1777274625000
1777274627.162,227.162,0.69,0.7,0.3,0.31,0.01,0.01,77719.51,1777274625000
1777274627.58,227.58,0.69,0.7,0.3,0.31,0.01,0.01,77720.5,1777274626000
1777274628.072,228.072,0.69,0.7,0.3,0.31,0.01,0.01,77722.52,1777274627000
1777274628.541,228.541,0.69,0.7,0.3,0.31,0.01,0.01,77722.52,1777274627000
1777274628.878,228.878,0.69,0.7,0.3,0.31,0.01,0.01,77722.52,1777274627000
1777274629.221,229.221,0.66,0.67,0.3,0.35,0.01,0.05,77722.54,1777274628000
1777274629.848,229.848,0.66,0.67,0.33,0.34,0.01,0.01,77722.54,1777274628000
1777274630.182,230.182,0.66,0.67,0.33,0.34,0.01,0.01,77722.84,1777274629000
1777274630.667,230.667,0.66,0.67,0.33,0.34,0.01,0.01,77722.84,1777274629000
1777274631.044,231.044,0.66,0.68,0.32,0.34,0.02,0.02,77722.96,1777274630000
1777274631.419,231.419,0.67,0.68,0.32,0.33,0.01,0.01,77722.96,1777274630000
1777274631.778,231.778,0.68,0.69,0.31,0.33,0.01,0.02,77722.96,1777274630000
1777274632.225,232.225,0.68,0.69,0.31,0.32,0.01,0.01,77722.89,1777274631000
1777274632.607,232.607,0.68,0.69,0.31,0.32,0.01,0.01,77722.89,1777274631000
1777274633.032,233.032,0.69,0.7,0.3,0.32,0.01,0.02,77722.94,1777274632000
1777274633.45,233.45,0.7,0.71,0.29,0.3,0.01,0.01,77722.94,1777274632000
1777274634.334,234.334,0.7,0.71,0.29,0.3,0.01,0.01,77723.46,1777274633000
1777274634.703,234.703,0.71,0.72,0.28,0.29,0.01,0.01,77723.46,1777274633000
1777274635.211,235.211,0.72,0.73,0.27,0.28,0.01,0.01,77723.46,1777274633000
1777274635.582,235.582,0.72,0.73,0.27,0.28,0.01,0.01,77723.45,1777274634000
1777274636.202,236.202,0.72,0.73,0.27,0.28,0.01,0.01,77723.45,1777274634000
1777274636.722,236.722,0.73,0.74,0.26,0.27,0.01,0.01,77723.47,1777274635000
1777274637.191,237.191,0.72,0.74,0.26,0.28,0.02,0.02,77723.48,1777274636000
1777274638.109,238.109,0.72,0.74,0.26,0.28,0.02,0.02,77723.3,1777274637000
1777274638.895,238.895,0.74,0.75,0.26,0.28,0.01,0.02,77723.3,1777274637000
1777274639.246,239.246,0.73,0.74,0.25,0.27,0.01,0.02,77723.27,1777274638000
1777274639.612,239.612,0.73,0.74,0.25,0.26,0.01,0.01,77723.27,1777274638000
1777274639.993,239.993,0.72,0.73,0.27,0.28,0.01,0.01,77723.78,1777274639000
1777274640.375,240.375,0.67,0.68,0.32,0.33,0.01,0.01,77723.78,1777274639000
1777274640.723,240.723,0.6,0.64,0.34,0.39,0.04,0.05,77723.78,1777274639000
1777274641.157,241.157,0.6,0.61,0.39,0.4,0.01,0.01,77721.88,1777274640000
1777274641.522,241.522,0.6,0.61,0.39,0.4,0.01,0.01,77721.88,1777274640000
1777274641.902,241.902,0.6,0.61,0.39,0.4,0.01,0.01,77721.88,1777274640000
1777274642.331,242.331,0.61,0.62,0.39,0.4,0.01,0.01,77721.88,1777274640000
1777274642.801,242.801,0.61,0.62,0.38,0.39,0.01,0.01,77719.68,1777274641000
1777274643.171,243.171,0.61,0.62,0.38,0.39,0.01,0.01,77717.16,1777274642000
1777274643.57,243.57,0.61,0.63,0.38,0.39,0.02,0.01,77717.16,1777274642000
1777274643.979,243.979,0.66,0.67,0.32,0.38,0.01,0.06,77717.16,1777274642000
1777274644.77,244.77,0.68,0.69,0.33,0.34,0.01,0.01,77716.89,1777274643000
1777274645.562,245.562,0.68,0.69,0.31,0.32,0.01,0.01,77717.05,1777274644000
1777274645.926,245.926,0.69,0.7,0.3,0.31,0.01,0.01,77717.42,1777274645000
1777274646.355,246.355,0.7,0.71,0.29,0.3,0.01,0.01,77717.42,1777274645000
1777274646.751,246.751,0.71,0.72,0.28,0.3,0.01,0.02,77717.42,1777274645000
1777274647.089,247.089,0.71,0.72,0.28,0.29,0.01,0.01,77716.73,1777274646000
1777274647.987,247.987,0.71,0.72,0.28,0.29,0.01,0.01,77717.65,1777274647000
1777274648.738,248.738,0.57,0.72,0.28,0.29,0.15,0.01,77717.65,1777274647000
1777274649.198,249.198,0.69,0.71,0.3,0.32,0.02,0.02,77717.58,1777274648000
1777274649.602,249.602,0.66,0.7,0.28,0.29,0.04,0.01,77717.58,1777274648000
1777274649.997,249.997,0.64,0.65,0.31,0.4,0.01,0.09,77717.58,1777274648000
1777274650.373,250.373,0.64,0.65,0.35,0.36,0.01,0.01,77716.71,1777274649000
1777274650.876,250.876,0.64,0.66,0.35,0.36,0.02,0.01,77716.71,1777274649000
1777274651.634,251.634,0.65,0.66,0.34,0.35,0.01,0.01,77718.44,1777274650000
1777274652.121,252.121,0.67,0.7,0.3,0.33,0.03,0.03,77717.43,1777274651000
1777274652.506,252.506,0.64,0.65,0.35,0.36,0.01,0.01,77717.43,1777274651000
1777274653.053,253.053,0.68,0.69,0.31,0.32,0.01,0.01,77717.43,1777274651000
1777274653.662,253.662,0.68,0.69,0.31,0.32,0.01,0.01,77717.04,1777274652000
1777274654.142,254.142,0.68,0.72,0.31,0.32,0.04,0.01,77717.04,1777274652000
1777274654.481,254.481,0.7,0.71,0.29,0.3,0.01,0.01,77717.0,1777274653000
1777274654.843,254.843,0.71,0.74,0.25,0.3,0.03,0.05,77717.0,1777274653000
1777274655.214,255.214,0.72,0.73,0.27,0.28,0.01,0.01,77717.0,1777274653000
1777274655.671,255.671,0.71,0.73,0.27,0.28,0.02,0.01,77717.0,1777274653000
1777274656.464,256.464,0.71,0.72,0.28,0.29,0.01,0.01,77716.5,1777274655000
1777274656.82,256.82,0.73,0.74,0.28,0.29,0.01,0.01,77716.5,1777274655000
1777274657.17,257.17,0.73,0.74,0.26,0.27,0.01,0.01,77719.1,1777274656000
1777274657.532,257.532,0.72,0.73,0.27,0.28,0.01,0.01,77719.1,1777274656000
1777274658.148,258.148,0.72,0.73,0.27,0.28,0.01,0.01,77720.32,1777274657000
1777274658.789,258.789,0.72,0.73,0.27,0.28,0.01,0.01,77720.32,1777274657000
1777274659.276,259.276,0.72,0.75,0.25,0.28,0.03,0.03,77716.69,1777274658000
1777274659.7,259.7,0.72,0.75,0.25,0.26,0.03,0.01,77716.69,1777274658000
1777274660.073,260.073,0.73,0.75,0.27,0.28,0.02,0.01,77716.69,1777274658000
1777274660.538,260.538,0.79,0.8,0.2,0.22,0.01,0.02,77716.55,1777274659000
1777274660.909,260.909,0.79,0.8,0.2,0.21,0.01,0.01,77716.75,1777274660000
1777274661.26,261.26,0.79,0.8,0.2,0.21,0.01,0.01,77716.75,1777274660000
1777274661.674,261.674,0.73,0.74,0.25,0.28,0.01,0.03,77716.75,1777274660000
1777274662.104,262.104,0.72,0.74,0.26,0.28,0.02,0.02,77718.22,1777274661000
1777274662.5,262.5,0.79,0.8,0.18,0.25,0.01,0.07,77718.22,1777274661000
1777274662.921,262.921,0.8,0.82,0.18,0.19,0.02,0.01,77718.22,1777274661000
1777274663.387,263.387,0.76,0.77,0.23,0.24,0.01,0.01,77718.22,1777274661000
1777274663.808,263.808,0.81,0.82,0.21,0.22,0.01,0.01,77718.05,1777274662000
1777274664.339,264.339,0.81,0.82,0.18,0.19,0.01,0.01,77718.05,1777274662000
1777274664.689,264.689,0.82,0.83,0.17,0.18,0.01,0.01,77718.28,1777274663000
1777274665.042,265.042,0.82,0.85,0.17,0.18,0.03,0.01,77718.28,1777274663000
1777274665.406,265.406,0.82,0.83,0.17,0.18,0.01,0.01,77719.96,1777274664000
1777274665.76,265.76,0.82,0.84,0.17,0.18,0.02,0.01,77719.96,1777274664000
1777274666.136,266.136,0.83,0.84,0.16,0.17,0.01,0.01,77719.96,1777274665000
1777274666.47,266.47,0.83,0.84,0.16,0.17,0.01,0.01,77719.96,1777274665000
1777274666.805,266.805,0.84,0.85,0.15,0.16,0.01,0.01,77719.96,1777274665000
1777274667.205,267.205,0.84,0.85,0.15,0.16,0.01,0.01,77720.33,1777274666000
1777274667.566,267.566,0.84,0.85,0.15,0.16,0.01,0.01,77720.33,1777274666000
1777274667.983,267.983,0.84,0.85,0.15,0.16,0.01,0.01,77720.33,1777274666000
1777274668.391,268.391,0.84,0.85,0.15,0.16,0.01,0.01,77718.54,1777274667000
1777274668.739,268.739,0.84,0.85,0.15,0.16,0.01,0.01,77718.54,1777274667000
1777274669.151,269.151,0.83,0.84,0.15,0.17,0.01,0.02,77718.54,1777274667000
1777274669.59,269.59,0.83,0.84,0.16,0.17,0.01,0.01,77718.54,1777274668000
1777274669.943,269.943,0.83,0.84,0.16,0.17,0.01,0.01,77718.54,1777274668000
1777274670.287,270.287,0.84,0.85,0.15,0.16,0.01,0.01,77718.54,1777274668000
1777274670.652,270.652,0.82,0.84,0.17,0.18,0.02,0.01,77726.54,1777274669000
1777274670.988,270.988,0.82,0.83,0.17,0.18,0.01,0.01,77726.54,1777274669000
1777274671.581,271.581,0.82,0.83,0.17,0.18,0.01,0.01,77723.65,1777274670000
1777274672.041,272.041,0.77,0.84,0.22,0.23,0.07,0.01,77723.65,1777274670000
1777274672.42,272.42,0.83,0.84,0.17,0.22,0.01,0.05,77719.74,1777274671000
1777274672.901,272.901,0.81,0.82,0.17,0.2,0.01,0.03,77719.74,1777274671000
1777274673.383,273.383,0.81,0.82,0.16,0.19,0.01,0.03,77720.89,1777274672000
1777274673.863,273.863,0.8,0.81,0.19,0.2,0.01,0.01,77720.89,1777274672000
1777274674.452,274.452,0.77,0.79,0.21,0.22,0.02,0.01,77721.55,1777274673000
1777274675.072,275.072,0.8,0.81,0.16,0.2,0.01,0.04,77721.55,1777274673000
1777274675.647,275.647,0.8,0.83,0.19,0.2,0.03,0.01,77718.06,1777274674000
1777274676.074,276.074,0.84,0.85,0.15,0.16,0.01,0.01,77718.06,1777274674000
1777274676.58,276.58,0.84,0.85,0.15,0.16,0.01,0.01,77717.8,1777274675000
1777274676.917,276.917,0.84,0.86,0.15,0.16,0.02,0.01,77717.8,1777274675000
1777274677.282,277.282,0.81,0.82,0.16,0.18,0.01,0.02,77717.81,1777274676000
1777274677.935,277.935,0.81,0.82,0.18,0.19,0.01,0.01,77717.81,1777274676000
1777274678.37,278.37,0.85,0.86,0.13,0.15,0.01,0.02,77717.81,1777274676000
1777274678.734,278.734,0.84,0.85,0.14,0.16,0.01,0.02,77717.67,1777274677000
1777274679.17,279.17,0.84,0.85,0.15,0.16,0.01,0.01,77720.33,1777274678000
1777274679.63,279.63,0.84,0.85,0.15,0.16,0.01,0.01,77720.33,1777274678000
1777274679.979,279.979,0.84,0.85,0.15,0.16,0.01,0.01,77720.33,1777274678000
1777274680.409,280.409,0.84,0.85,0.15,0.16,0.01,0.01,77718.52,1777274679000
1777274680.742,280.742,0.8,0.81,0.19,0.2,0.01,0.01,77718.52,1777274679000
1777274681.399,281.399,0.86,0.87,0.12,0.19,0.01,0.07,77718.52,1777274680000
1777274681.833,281.833,0.8,0.81,0.19,0.2,0.01,0.01,77718.52,1777274680000
1777274682.202,282.202,0.79,0.81,0.19,0.21,0.02,0.02,77716.39,1777274681000
1777274682.718,282.718,0.81,0.82,0.17,0.18,0.01,0.01,77716.39,1777274681000
1777274683.112,283.112,0.65,0.66,0.34,0.35,0.01,0.01,77716.39,1777274681000
1777274683.483,283.483,0.71,0.72,0.28,0.29,0.01,0.01,77718.99,1777274682000
1777274683.83,283.83,0.71,0.72,0.28,0.29,0.01,0.01,77718.99,1777274682000
1777274684.26,284.26,0.71,0.72,0.28,0.29,0.01,0.01,77718.99,1777274682000
1777274684.821,284.821,0.76,0.9,0.23,0.24,0.14,0.01,77718.99,1777274682000
1777274685.268,285.268,0.89,0.9,0.1,0.15,0.01,0.05,77718.25,1777274683000
1777274685.657,285.657,0.89,0.9,0.11,0.12,0.01,0.01,77718.25,1777274684000
1777274686.018,286.018,0.85,0.9,0.11,0.14,0.05,0.03,77718.25,1777274684000
1777274686.373,286.373,0.88,0.9,0.1,0.12,0.02,0.02,77715.23,1777274685000
1777274686.722,286.722,0.86,0.87,0.13,0.15,0.01,0.02,77715.23,1777274685000
1777274687.14,287.14,0.87,0.88,0.11,0.23,0.01,0.12,77716.12,1777274686000
1777274687.521,287.521,0.87,0.88,0.12,0.13,0.01,0.01,77716.12,1777274686000
1777274687.913,287.913,0.8,0.82,0.18,0.2,0.02,0.02,77714.52,1777274687000
1777274688.471,288.471,0.83,0.85,0.18,0.19,0.02,0.01,77714.52,1777274687000
1777274688.919,288.919,0.77,0.78,0.22,0.23,0.01,0.01,77713.31,1777274688000
1777274689.292,289.292,0.86,0.9,0.1,0.17,0.04,0.07,77713.31,1777274688000
1777274689.828,289.828,0.89,0.9,0.11,0.12,0.01,0.01,77713.31,1777274688000
1777274690.288,290.288,0.89,0.9,0.1,0.11,0.01,0.01,77714.5,1777274689000
1777274690.661,290.661,0.89,0.9,0.1,0.11,0.01,0.01,77714.5,1777274689000
1777274691.034,291.034,0.89,0.9,0.1,0.11,0.01,0.01,77713.68,1777274690000
1777274691.386,291.386,0.86,0.87,0.13,0.14,0.01,0.01,77713.68,1777274690000
1777274691.81,291.81,0.53,0.85,0.13,0.16,0.32,0.03,77713.68,1777274690000
1777274692.152,292.152,0.76,0.87,0.23,0.24,0.11,0.01,77717.03,1777274691000
1777274692.534,292.534,0.82,0.83,0.1,0.24,0.01,0.14,77717.03,1777274691000
1777274692.928,292.928,0.75,0.76,0.24,0.25,0.01,0.01,77717.03,1777274692000
1777274693.289,293.289,0.81,0.83,0.17,0.19,0.02,0.02,77717.03,1777274692000
1777274693.67,293.67,0.96,0.83,0.17,0.18,-0.13,0.01,77717.03,1777274692000
1777274694.015,294.015,0.98,0.99,0.01,0.02,0.01,0.01,77717.63,1777274693000
1777274694.379,294.379,0.98,0.99,0.01,0.02,0.01,0.01,77717.63,1777274693000
1777274694.923,294.923,0.99,0.99,0.01,0.01,0.0,0.0,77717.63,1777274693000
1777274695.3,295.3,0.99,0.99,0.01,0.01,0.0,0.0,77718.22,1777274694000
1777274695.757,295.757,0.99,0.99,0.01,0.01,0.0,0.0,77718.22,1777274694000
1777274696.266,296.266,0.99,0.99,0.01,0.01,0.0,0.0,77719.91,1777274695000
1777274696.636,296.636,0.97,0.99,0.01,0.01,0.02,0.0,77719.91,1777274695000
1777274696.979,296.979,0.98,0.99,0.01,0.02,0.01,0.01,77719.91,1777274695000
1777274697.345,297.345,0.97,0.98,0.02,0.01,0.01,-0.01,77719.91,1777274695000
1777274697.753,297.753,0.99,0.98,0.02,0.01,-0.01,-0.01,77719.91,1777274695000
1777274698.144,298.144,0.99,0.98,0.02,0.01,-0.01,-0.01,77718.33,1777274696000
1777274698.521,298.521,0.99,0.98,0.02,0.01,-0.01,-0.01,77717.87,1777274697000
1777274699.004,299.004,0.99,0.98,0.02,0.01,-0.01,-0.01,77717.87,1777274698000
1777274699.786,299.786,0.99,0.98,0.02,0.01,-0.01,-0.01,77717.87,1777274698000
1777274700.183,300.183,0.99,0.98,0.02,0.01,-0.01,-0.01,77718.12,1777274699000
1777274700.713,300.713,0.99,0.98,0.02,0.01,-0.01,-0.01,77718.12,1777274699000

# RESULT,winner=Up,slug=btc-updown-5m-1777274400,ticks=685
