timestamp,elapsed_sec,up_bid,up_ask,down_bid,down_ask,up_spread,down_spread,btc_price
1775892600.561,0.561,0.47,0.5,0.5,0.51,0.03,0.01,72826.92
1775892601.024,1.024,0.46,0.47,0.5,0.53,0.01,0.03,72826.98
1775892601.489,1.489,0.46,0.47,0.53,0.54,0.01,0.01,72826.98
1775892601.899,1.899,0.43,0.44,0.56,0.57,0.01,0.01,72826.98
1775892602.438,2.438,0.42,0.43,0.57,0.58,0.01,0.01,72826.99
1775892602.799,2.799,0.42,0.43,0.57,0.58,0.01,0.01,72826.99
1775892603.305,3.305,0.42,0.43,0.57,0.58,0.01,0.01,72826.99
1775892603.656,3.656,0.43,0.44,0.56,0.58,0.01,0.02,72824.85
1775892604.324,4.324,0.43,0.44,0.56,0.57,0.01,0.01,72824.46
1775892604.695,4.695,0.42,0.44,0.56,0.57,0.02,0.01,72824.46
1775892605.462,5.462,0.4,0.42,0.58,0.59,0.02,0.01,72824.45
1775892605.799,5.799,0.41,0.42,0.58,0.59,0.01,0.01,72824.45
1775892606.154,6.154,0.4,0.41,0.59,0.6,0.01,0.01,72824.45
1775892606.703,6.703,0.4,0.41,0.59,0.6,0.01,0.01,72824.46
1775892607.04,7.04,0.4,0.41,0.59,0.6,0.01,0.01,72824.46
1775892607.393,7.393,0.39,0.4,0.59,0.6,0.01,0.01,72824.52
1775892608.135,8.135,0.39,0.4,0.6,0.61,0.01,0.01,72824.52
1775892608.484,8.484,0.39,0.4,0.6,0.61,0.01,0.01,72824.52
1775892609.207,9.207,0.39,0.4,0.6,0.61,0.01,0.01,72824.52
1775892609.791,9.791,0.39,0.4,0.6,0.61,0.01,0.01,72824.3
1775892610.159,10.159,0.39,0.41,0.59,0.6,0.02,0.01,72824.3
1775892610.61,10.61,0.39,0.4,0.59,0.61,0.01,0.02,72824.3
1775892611.194,11.194,0.41,0.42,0.58,0.6,0.01,0.02,72824.24
1775892611.579,11.579,0.41,0.42,0.58,0.59,0.01,0.01,72824.24
1775892612.675,12.675,0.41,0.42,0.58,0.59,0.01,0.01,72824.24
1775892613.556,13.556,0.41,0.42,0.58,0.59,0.01,0.01,72824.24
1775892613.903,13.903,0.41,0.43,0.57,0.59,0.02,0.02,72822.91
1775892614.728,14.728,0.41,0.43,0.58,0.59,0.02,0.01,72824.24
1775892615.47,15.47,0.39,0.43,0.57,0.58,0.04,0.01,72824.24
1775892616.024,16.024,0.4,0.43,0.59,0.6,0.03,0.01,72824.24
1775892616.393,16.393,0.41,0.42,0.57,0.58,0.01,0.01,72824.24
1775892616.769,16.769,0.41,0.42,0.58,0.59,0.01,0.01,72824.24
1775892617.207,17.207,0.43,0.51,0.47,0.59,0.08,0.12,72824.24
1775892617.658,17.658,0.47,0.48,0.47,0.56,0.01,0.09,72824.24
1775892618.065,18.065,0.47,0.48,0.52,0.53,0.01,0.01,72824.24
1775892618.444,18.444,0.46,0.47,0.53,0.54,0.01,0.01,72824.24
1775892618.995,18.995,0.46,0.47,0.53,0.54,0.01,0.01,72824.29
1775892620.288,20.288,0.46,0.48,0.53,0.54,0.02,0.01,72824.27
1775892621.445,21.445,0.47,0.48,0.52,0.53,0.01,0.01,72824.27
1775892621.861,21.861,0.47,0.48,0.52,0.53,0.01,0.01,72824.27
1775892622.201,22.201,0.46,0.47,0.52,0.54,0.01,0.02,72824.27
1775892622.88,22.88,0.46,0.47,0.53,0.54,0.01,0.01,72824.28
1775892624.518,24.518,0.46,0.47,0.53,0.54,0.01,0.01,72824.29
1775892625.024,25.024,0.46,0.48,0.53,0.54,0.02,0.01,72824.29
1775892625.595,25.595,0.46,0.97,0.52,0.54,0.51,0.02,72824.29
1775892626.024,26.024,0.47,0.48,0.52,0.53,0.01,0.01,72824.29
1775892626.459,26.459,0.54,0.55,0.41,0.47,0.01,0.06,72824.29
1775892626.817,26.817,0.54,0.55,0.45,0.46,0.01,0.01,72824.29
1775892627.274,27.274,0.55,0.56,0.45,0.46,0.01,0.01,72824.29
1775892627.702,27.702,0.55,0.56,0.44,0.45,0.01,0.01,72824.29
1775892628.161,28.161,0.54,0.55,0.44,0.45,0.01,0.01,72824.25
1775892628.553,28.553,0.51,0.52,0.48,0.49,0.01,0.01,72824.25
1775892629.212,29.212,0.52,0.53,0.47,0.49,0.01,0.02,72824.3
1775892629.831,29.831,0.5,0.51,0.47,0.48,0.01,0.01,72824.3
1775892630.387,30.387,0.5,0.51,0.49,0.5,0.01,0.01,72824.33
1775892631.259,31.259,0.49,0.5,0.49,0.5,0.01,0.01,72824.32
1775892631.599,31.599,0.49,0.5,0.5,0.51,0.01,0.01,72824.32
1775892631.997,31.997,0.46,0.47,0.53,0.54,0.01,0.01,72824.32
1775892632.437,32.437,0.45,0.46,0.53,0.55,0.01,0.02,72824.32
1775892633.357,33.357,0.45,0.46,0.54,0.55,0.01,0.01,72824.25
1775892633.795,33.795,0.45,0.46,0.54,0.55,0.01,0.01,72824.25
1775892634.287,34.287,0.45,0.46,0.54,0.55,0.01,0.01,72823.14
1775892634.659,34.659,0.45,0.46,0.54,0.55,0.01,0.01,72823.14
1775892635.445,35.445,0.06,0.46,0.54,0.55,0.4,0.01,72823.16
1775892635.859,35.859,0.43,0.44,0.56,0.57,0.01,0.01,72823.16
1775892636.211,36.211,0.36,0.37,0.63,0.64,0.01,0.01,72823.21
1775892636.555,36.555,0.36,0.37,0.63,0.64,0.01,0.01,72823.21
1775892636.951,36.951,0.36,0.38,0.62,0.64,0.02,0.02,72823.21
1775892637.309,37.309,0.36,0.37,0.63,0.64,0.01,0.01,72823.21
1775892638.091,38.091,0.36,0.37,0.63,0.64,0.01,0.01,72823.2
1775892638.563,38.563,0.38,0.39,0.61,0.64,0.01,0.03,72823.2
1775892638.947,38.947,0.38,0.39,0.61,0.62,0.01,0.01,72823.2
1775892639.358,39.358,0.37,0.38,0.62,0.63,0.01,0.01,72823.19
1775892639.912,39.912,0.38,0.39,0.62,0.63,0.01,0.01,72823.19
1775892640.619,40.619,0.38,0.39,0.61,0.62,0.01,0.01,72823.19
1775892641.32,41.32,0.38,0.39,0.61,0.62,0.01,0.01,72823.19
1775892641.85,41.85,0.37,0.39,0.61,0.62,0.02,0.01,72823.19
1775892642.342,42.342,0.38,0.39,0.61,0.62,0.01,0.01,72823.19
1775892642.932,42.932,0.38,0.39,0.61,0.62,0.01,0.01,72823.26
1775892643.373,43.373,0.38,0.39,0.61,0.62,0.01,0.01,72823.26
1775892643.719,43.719,0.38,0.39,0.61,0.62,0.01,0.01,72823.26
1775892644.274,44.274,0.39,0.4,0.6,0.62,0.01,0.02,72823.2
1775892644.79,44.79,0.39,0.4,0.6,0.61,0.01,0.01,72823.2
1775892645.142,45.142,0.39,0.4,0.6,0.61,0.01,0.01,72823.2
1775892645.52,45.52,0.39,0.4,0.6,0.61,0.01,0.01,72823.2
1775892645.966,45.966,0.39,0.4,0.6,0.61,0.01,0.01,72823.2
1775892646.379,46.379,0.39,0.4,0.6,0.61,0.01,0.01,72823.2
1775892646.772,46.772,0.39,0.4,0.6,0.61,0.01,0.01,72823.2
1775892647.322,47.322,0.4,0.41,0.59,0.6,0.01,0.01,72823.26
1775892647.719,47.719,0.03,0.04,0.96,0.97,0.01,0.01,72823.26
1775892648.537,48.537,0.29,0.3,0.7,0.71,0.01,0.01,72823.07
1775892648.872,48.872,0.3,0.31,0.69,0.7,0.01,0.01,72823.07
1775892649.295,49.295,0.32,0.33,0.68,0.69,0.01,0.01,72822.73
1775892649.656,49.656,0.34,0.35,0.65,0.66,0.01,0.01,72822.73
1775892649.991,49.991,0.33,0.34,0.66,0.67,0.01,0.01,72822.73
1775892650.381,50.381,0.34,0.35,0.65,0.68,0.01,0.03,72822.73
1775892650.833,50.833,0.32,0.34,0.64,0.65,0.02,0.01,72822.73
1775892651.197,51.197,0.33,0.34,0.66,0.68,0.01,0.02,72822.73
1775892651.552,51.552,0.33,0.34,0.66,0.67,0.01,0.01,72822.86
1775892652.075,52.075,0.36,0.37,0.66,0.67,0.01,0.01,72822.86
1775892652.584,52.584,0.38,0.39,0.61,0.62,0.01,0.01,72822.86
1775892653.201,53.201,0.38,0.39,0.61,0.62,0.01,0.01,72822.81
1775892653.554,53.554,0.39,0.4,0.6,0.61,0.01,0.01,72822.81
1775892653.899,53.899,0.4,0.41,0.58,0.61,0.01,0.03,72822.81
1775892654.379,54.379,0.4,0.41,0.59,0.6,0.01,0.01,72822.81
1775892654.835,54.835,0.43,0.44,0.55,0.59,0.01,0.04,72822.81
1775892655.17,55.17,0.43,0.44,0.56,0.57,0.01,0.01,72823.38
1775892655.713,55.713,0.43,0.44,0.56,0.57,0.01,0.01,72823.38
1775892656.054,56.054,0.44,0.45,0.55,0.57,0.01,0.02,72823.38
1775892656.499,56.499,0.44,0.45,0.55,0.56,0.01,0.01,72823.38
1775892657.059,57.059,0.45,0.46,0.55,0.56,0.01,0.01,72823.38
1775892657.529,57.529,0.45,0.46,0.54,0.55,0.01,0.01,72823.38
1775892658.092,58.092,0.45,0.46,0.54,0.55,0.01,0.01,72823.38
1775892658.496,58.496,0.45,0.46,0.54,0.55,0.01,0.01,72823.47
1775892659.265,59.265,0.45,0.46,0.54,0.55,0.01,0.01,72823.47
1775892659.864,59.864,0.45,0.46,0.54,0.55,0.01,0.01,72823.47
1775892660.495,60.495,0.45,0.46,0.54,0.55,0.01,0.01,72823.53
1775892661.345,61.345,0.45,0.46,0.54,0.55,0.01,0.01,72823.54
1775892661.685,61.685,0.45,0.46,0.54,0.55,0.01,0.01,72823.54
1775892662.036,62.036,0.45,0.46,0.54,0.55,0.01,0.01,72823.54
1775892662.438,62.438,0.45,0.46,0.54,0.55,0.01,0.01,72823.58
1775892663.235,63.235,0.45,0.46,0.54,0.55,0.01,0.01,72823.5
1775892663.863,63.863,0.45,0.46,0.54,0.55,0.01,0.01,72823.5
1775892664.253,64.253,0.45,0.46,0.54,0.55,0.01,0.01,72823.5
1775892664.66,64.66,0.45,0.46,0.54,0.55,0.01,0.01,72823.5
1775892665.114,65.114,0.45,0.46,0.54,0.55,0.01,0.01,72823.5
1775892665.637,65.637,0.44,0.46,0.54,0.55,0.02,0.01,72823.48
1775892666.145,66.145,0.44,0.5,0.55,0.56,0.06,0.01,72823.48
1775892666.603,66.603,0.45,0.46,0.53,0.54,0.01,0.01,72823.48
1775892668.58,68.58,0.45,0.46,0.54,0.55,0.01,0.01,72823.51
1775892668.984,68.984,0.45,0.49,0.54,0.55,0.04,0.01,72823.51
1775892669.348,69.348,0.46,0.5,0.52,0.53,0.04,0.01,72823.46
1775892669.74,69.74,0.45,0.47,0.53,0.54,0.02,0.01,72823.46
1775892670.406,70.406,0.44,0.45,0.55,0.56,0.01,0.01,72823.51
1775892671.038,71.038,0.43,0.44,0.55,0.57,0.01,0.02,72823.51
1775892671.527,71.527,0.43,0.44,0.56,0.57,0.01,0.01,72823.46
1775892672.044,72.044,0.43,0.44,0.56,0.57,0.01,0.01,72823.26
1775892672.752,72.752,0.43,0.44,0.56,0.57,0.01,0.01,72823.26
1775892673.599,73.599,0.42,0.44,0.56,0.57,0.02,0.01,72823.1
1775892674.015,74.015,0.37,0.41,0.57,0.6,0.04,0.03,72823.1
1775892674.358,74.358,0.35,0.36,0.64,0.65,0.01,0.01,72823.06
1775892674.713,74.713,0.34,0.35,0.65,0.66,0.01,0.01,72823.06
1775892675.362,75.362,0.34,0.35,0.65,0.66,0.01,0.01,72823.06
1775892675.851,75.851,0.34,0.35,0.65,0.66,0.01,0.01,72822.37
1775892676.255,76.255,0.34,0.36,0.65,0.66,0.02,0.01,72822.37
1775892676.588,76.588,0.33,0.36,0.64,0.67,0.03,0.03,72821.8
1775892677.299,77.299,0.33,0.34,0.66,0.67,0.01,0.01,72821.8
1775892677.871,77.871,0.33,0.34,0.66,0.67,0.01,0.01,72821.44
1775892678.531,78.531,0.36,0.37,0.66,0.67,0.01,0.01,72821.05
1775892678.901,78.901,0.36,0.37,0.63,0.64,0.01,0.01,72821.05
1775892679.284,79.284,0.36,0.37,0.63,0.65,0.01,0.02,72821.05
1775892679.731,79.731,0.36,0.37,0.62,0.63,0.01,0.01,72821.05
1775892680.135,80.135,0.36,0.37,0.63,0.65,0.01,0.02,72820.85
1775892680.895,80.895,0.37,0.39,0.59,0.62,0.02,0.03,72820.85
1775892681.26,81.26,0.39,0.4,0.6,0.61,0.01,0.01,72820.78
1775892681.807,81.807,0.37,0.38,0.6,0.63,0.01,0.03,72820.78
1775892682.282,82.282,0.37,0.41,0.62,0.63,0.04,0.01,72820.78
1775892682.985,82.985,0.39,0.41,0.61,0.62,0.02,0.01,72820.61
1775892683.373,83.373,0.4,0.41,0.6,0.61,0.01,0.01,72820.61
1775892683.784,83.784,0.39,0.41,0.6,0.61,0.02,0.01,72820.61
1775892684.417,84.417,0.4,0.41,0.59,0.62,0.01,0.03,72820.45
1775892684.789,84.789,0.39,0.4,0.59,0.61,0.01,0.02,72820.45
1775892685.15,85.15,0.4,0.41,0.6,0.61,0.01,0.01,72820.45
1775892685.483,85.483,0.39,0.4,0.59,0.6,0.01,0.01,72820.52
1775892685.855,85.855,0.4,0.41,0.59,0.6,0.01,0.01,72820.52
1775892686.232,86.232,0.41,0.42,0.58,0.6,0.01,0.02,72820.52
1775892686.862,86.862,0.38,0.4,0.59,0.61,0.02,0.02,72820.53
1775892687.298,87.298,0.39,0.4,0.6,0.61,0.01,0.01,72820.54
1775892687.661,87.661,0.36,0.37,0.6,0.64,0.01,0.04,72820.54
1775892688.08,88.08,0.38,0.39,0.61,0.62,0.01,0.01,72820.52
1775892688.572,88.572,0.48,0.49,0.51,0.53,0.01,0.02,72820.52
1775892688.92,88.92,0.47,0.48,0.52,0.53,0.01,0.01,72820.52
1775892689.279,89.279,0.5,0.51,0.49,0.5,0.01,0.01,72820.47
1775892689.665,89.665,0.47,0.5,0.5,0.51,0.03,0.01,72820.47
1775892690.101,90.101,0.43,0.47,0.53,0.54,0.04,0.01,72820.53
1775892690.488,90.488,0.44,0.45,0.54,0.57,0.01,0.03,72820.53
1775892691.092,91.092,0.42,0.43,0.56,0.57,0.01,0.01,72820.53
1775892691.498,91.498,0.42,0.43,0.57,0.58,0.01,0.01,72820.53
1775892692.095,92.095,0.41,0.43,0.57,0.58,0.02,0.01,72820.47
1775892692.432,92.432,0.41,0.42,0.58,0.98,0.01,0.4,72820.47
1775892692.785,92.785,0.34,0.37,0.62,0.66,0.03,0.04,72820.47
1775892693.164,93.164,0.32,0.33,0.67,0.69,0.01,0.02,72820.47
1775892693.661,93.661,0.33,0.34,0.66,0.67,0.01,0.01,72820.47
1775892694.089,94.089,0.31,0.34,0.66,0.67,0.03,0.01,72820.47
1775892694.49,94.49,0.32,0.34,0.66,0.69,0.02,0.03,72820.47
1775892694.893,94.893,0.32,0.33,0.67,0.68,0.01,0.01,72820.47
1775892695.4,95.4,0.32,0.33,0.67,0.68,0.01,0.01,72820.47
1775892696.007,96.007,0.32,0.33,0.67,0.68,0.01,0.01,72820.54
1775892696.349,96.349,0.32,0.33,0.67,0.68,0.01,0.01,72820.54
1775892696.766,96.766,0.34,0.35,0.65,0.66,0.01,0.01,72820.54
1775892697.142,97.142,0.33,0.34,0.66,0.67,0.01,0.01,72820.56
1775892697.74,97.74,0.33,0.34,0.66,0.67,0.01,0.01,72820.56
1775892698.108,98.108,0.33,0.34,0.66,0.67,0.01,0.01,72820.56
1775892698.48,98.48,0.33,0.34,0.66,0.67,0.01,0.01,72820.56
1775892698.922,98.922,0.33,0.34,0.66,0.67,0.01,0.01,72820.56
1775892699.68,99.68,0.34,0.35,0.64,0.65,0.01,0.01,72820.56
1775892700.479,100.479,0.33,0.35,0.65,0.66,0.02,0.01,72820.5
1775892701.013,101.013,0.34,0.35,0.65,0.66,0.01,0.01,72820.5
1775892701.751,101.751,0.34,0.36,0.65,0.66,0.02,0.01,72820.5
1775892702.345,102.345,0.35,0.36,0.64,0.66,0.01,0.02,72820.57
1775892702.815,102.815,0.34,0.35,0.63,0.65,0.01,0.02,72820.57
1775892703.219,103.219,0.34,0.35,0.65,0.66,0.01,0.01,72820.57
1775892703.562,103.562,0.35,0.36,0.63,0.66,0.01,0.03,72820.57
1775892703.904,103.904,0.37,0.38,0.64,0.65,0.01,0.01,72820.57
1775892704.242,104.242,0.36,0.37,0.62,0.63,0.01,0.01,72820.55
1775892704.577,104.577,0.24,0.3,0.68,0.8,0.06,0.12,72820.55
1775892705.413,105.413,0.29,0.3,0.7,0.71,0.01,0.01,72820.55
1775892705.857,105.857,0.29,0.3,0.7,0.71,0.01,0.01,72820.55
1775892706.351,106.351,0.3,0.31,0.68,0.69,0.01,0.01,72820.65
1775892706.822,106.822,0.3,0.31,0.69,0.7,0.01,0.01,72820.65
1775892707.272,107.272,0.3,0.31,0.69,0.7,0.01,0.01,72820.76
1775892707.638,107.638,0.3,0.31,0.68,0.69,0.01,0.01,72820.76
1775892707.984,107.984,0.32,0.33,0.69,0.7,0.01,0.01,72820.65
1775892708.377,108.377,0.32,0.33,0.68,0.69,0.01,0.01,72820.65
1775892708.798,108.798,0.32,0.33,0.68,0.69,0.01,0.01,72820.65
1775892709.435,109.435,0.31,0.32,0.68,0.69,0.01,0.01,72820.65
1775892709.806,109.806,0.31,0.34,0.67,0.69,0.03,0.02,72820.65
1775892710.777,110.777,0.32,0.33,0.66,0.69,0.01,0.03,72820.65
1775892711.142,111.142,0.34,0.35,0.65,0.67,0.01,0.02,72820.65
1775892711.634,111.634,0.34,0.35,0.65,0.67,0.01,0.02,72820.68
1775892712.064,112.064,0.34,0.35,0.66,0.67,0.01,0.01,72820.68
1775892712.405,112.405,0.35,0.36,0.64,0.66,0.01,0.02,72820.68
1775892713.754,113.754,0.35,0.36,0.64,0.66,0.01,0.02,72820.63
1775892714.343,114.343,0.34,0.36,0.65,0.66,0.02,0.01,72820.63
1775892715.189,115.189,0.34,0.35,0.64,0.66,0.01,0.02,72820.67
1775892716.31,116.31,0.35,0.36,0.65,0.66,0.01,0.01,72820.67
1775892717.114,117.114,0.35,0.36,0.64,0.65,0.01,0.01,72820.67
1775892717.871,117.871,0.36,0.37,0.63,0.65,0.01,0.02,72820.65
1775892718.355,118.355,0.36,0.37,0.63,0.64,0.01,0.01,72820.65
1775892718.709,118.709,0.36,0.38,0.63,0.64,0.02,0.01,72820.65
1775892719.085,119.085,0.37,0.39,0.61,0.63,0.02,0.02,72820.65
1775892719.763,119.763,0.38,0.39,0.61,0.62,0.01,0.01,72820.72
1775892720.102,120.102,0.37,0.39,0.61,0.63,0.02,0.02,72820.72
1775892720.609,120.609,0.37,0.39,0.61,0.62,0.02,0.01,72820.72
1775892720.963,120.963,0.38,0.39,0.62,0.63,0.01,0.01,72820.72
1775892721.504,121.504,0.36,0.37,0.61,0.65,0.01,0.04,72820.66
1775892721.909,121.909,0.36,0.38,0.63,0.64,0.02,0.01,72820.66
1775892722.305,122.305,0.36,0.38,0.62,0.64,0.02,0.02,72820.68
1775892722.928,122.928,0.37,0.38,0.62,0.64,0.01,0.02,72820.68
1775892723.378,123.378,0.36,0.38,0.61,0.64,0.02,0.03,72820.68
1775892723.847,123.847,0.37,0.39,0.62,0.64,0.02,0.02,72820.68
1775892724.376,124.376,0.38,0.4,0.6,0.61,0.02,0.01,72820.74
1775892724.735,124.735,0.39,0.4,0.6,0.62,0.01,0.02,72820.74
1775892725.375,125.375,0.39,0.4,0.6,0.66,0.01,0.06,72820.68
1775892725.789,125.789,0.39,0.4,0.6,0.62,0.01,0.02,72820.68
1775892726.125,126.125,0.38,0.4,0.6,0.61,0.02,0.01,72820.68
1775892726.771,126.771,0.38,0.39,0.6,0.62,0.01,0.02,72820.74
1775892727.221,127.221,0.38,0.39,0.61,0.62,0.01,0.01,72820.74
1775892727.632,127.632,0.38,0.39,0.61,0.62,0.01,0.01,72820.74
1775892728.001,128.001,0.38,0.39,0.61,0.62,0.01,0.01,72820.65
1775892728.352,128.352,0.38,0.4,0.6,0.62,0.02,0.02,72820.65
1775892728.977,128.977,0.38,0.4,0.6,0.61,0.02,0.01,72820.65
1775892729.336,129.336,0.39,0.4,0.6,0.61,0.01,0.01,72820.65
1775892729.724,129.724,0.39,0.4,0.6,0.61,0.01,0.01,72820.65
1775892730.076,130.076,0.39,0.41,0.59,0.61,0.02,0.02,72820.65
1775892730.717,130.717,0.39,0.4,0.59,0.61,0.01,0.02,72820.65
1775892731.261,131.261,0.39,0.99,0.6,0.61,0.6,0.01,72820.65
1775892731.68,131.68,0.39,0.45,0.6,0.61,0.06,0.01,72820.65
1775892732.209,132.209,0.43,0.44,0.56,0.57,0.01,0.01,72820.65
1775892732.915,132.915,0.43,0.44,0.56,0.57,0.01,0.01,72820.72
1775892733.306,133.306,0.43,0.44,0.55,0.58,0.01,0.03,72820.74
1775892733.744,133.744,0.43,0.44,0.56,0.57,0.01,0.01,72820.74
1775892734.136,134.136,0.43,0.44,0.56,0.57,0.01,0.01,72820.74
1775892734.615,134.615,0.43,0.44,0.56,0.57,0.01,0.01,72820.67
1775892735.006,135.006,0.43,0.44,0.55,0.57,0.01,0.02,72820.67
1775892735.592,135.592,0.43,0.44,0.56,0.57,0.01,0.01,72820.61
1775892736.021,136.021,0.43,0.44,0.56,0.57,0.01,0.01,72820.61
1775892736.552,136.552,0.41,0.42,0.56,0.57,0.01,0.01,72820.61
1775892737.273,137.273,0.41,0.42,0.58,0.59,0.01,0.01,72820.65
1775892737.751,137.751,0.41,0.42,0.58,0.59,0.01,0.01,72820.65
1775892738.102,138.102,0.41,0.42,0.58,0.59,0.01,0.01,72820.69
1775892738.452,138.452,0.43,0.44,0.55,0.57,0.01,0.02,72820.69
1775892738.793,138.793,0.45,0.47,0.55,0.58,0.02,0.03,72820.69
1775892739.135,139.135,0.47,0.48,0.52,0.53,0.01,0.01,72820.63
1775892739.704,139.704,0.46,0.47,0.53,0.54,0.01,0.01,72820.63
1775892740.079,140.079,0.46,0.47,0.53,0.54,0.01,0.01,72820.63
1775892741.101,141.101,0.45,0.46,0.54,0.55,0.01,0.01,72820.63
1775892741.544,141.544,0.45,0.46,0.54,0.55,0.01,0.01,72820.63
1775892742.249,142.249,0.45,0.46,0.54,0.55,0.01,0.01,72820.63
1775892742.769,142.769,0.45,0.46,0.54,0.55,0.01,0.01,72820.63
1775892743.153,143.153,0.45,0.46,0.54,0.55,0.01,0.01,72820.63
1775892743.826,143.826,0.45,0.46,0.54,0.55,0.01,0.01,72820.63
1775892744.208,144.208,0.45,0.46,0.54,0.55,0.01,0.01,72820.63
1775892744.604,144.604,0.44,0.45,0.54,0.56,0.01,0.02,72820.63
1775892745.814,145.814,0.44,0.45,0.55,0.56,0.01,0.01,72820.63
1775892746.401,146.401,0.44,0.45,0.55,0.56,0.01,0.01,72820.63
1775892747.987,147.987,0.44,0.45,0.55,0.56,0.01,0.01,72820.69
1775892748.376,148.376,0.44,0.45,0.55,0.56,0.01,0.01,72820.69
1775892748.956,148.956,0.44,0.47,0.55,0.56,0.03,0.01,72820.63
1775892750.103,150.103,0.45,0.46,0.53,0.55,0.01,0.02,72820.63
1775892750.464,150.464,0.45,0.46,0.54,0.55,0.01,0.01,72820.63
1775892750.87,150.87,0.42,0.43,0.55,0.99,0.01,0.44,72820.63
1775892751.215,151.215,0.35,0.36,0.64,0.65,0.01,0.01,72820.63
1775892751.595,151.595,0.27,0.37,0.72,0.73,0.1,0.01,72820.71
1775892752.373,152.373,0.33,0.34,0.66,0.67,0.01,0.01,72820.71
1775892752.872,152.872,0.31,0.34,0.65,0.67,0.03,0.02,72820.71
1775892753.528,153.528,0.33,0.34,0.66,0.67,0.01,0.01,72820.71
1775892753.988,153.988,0.31,0.32,0.67,0.68,0.01,0.01,72820.71
1775892754.508,154.508,0.31,0.32,0.68,0.7,0.01,0.02,72820.65
1775892755.794,155.794,0.3,0.32,0.68,0.69,0.02,0.01,72820.67
1775892756.175,156.175,0.31,0.6,0.69,0.7,0.29,0.01,72820.67
1775892756.578,156.578,0.32,0.4,0.67,0.68,0.08,0.01,72820.69
1775892757.085,157.085,0.37,0.38,0.58,0.61,0.01,0.03,72820.69
1775892757.421,157.421,0.37,0.38,0.62,0.63,0.01,0.01,72817.44
1775892757.769,157.769,0.41,0.44,0.55,0.63,0.03,0.08,72817.44
1775892758.105,158.105,0.42,0.43,0.57,0.58,0.01,0.01,72817.44
1775892758.568,158.568,0.41,0.44,0.57,0.58,0.03,0.01,72817.43
1775892758.951,158.951,0.42,0.43,0.57,0.58,0.01,0.01,72817.43
1775892759.382,159.382,0.43,0.44,0.57,0.58,0.01,0.01,72817.43
1775892759.872,159.872,0.42,0.44,0.57,0.58,0.02,0.01,72820.59
1775892760.321,160.321,0.41,0.42,0.58,0.59,0.01,0.01,72820.57
1775892760.674,160.674,0.44,0.45,0.33,0.58,0.01,0.25,72820.57
1775892761.053,161.053,0.45,0.46,0.54,0.55,0.01,0.01,72820.57
1775892761.429,161.429,0.45,0.46,0.53,0.56,0.01,0.03,72820.57
1775892761.8,161.8,0.52,0.58,0.45,0.49,0.06,0.04,72820.57
1775892762.184,162.184,0.48,0.49,0.5,0.51,0.01,0.01,72820.57
1775892762.522,162.522,0.46,0.47,0.52,0.53,0.01,0.01,72820.57
1775892762.974,162.974,0.46,0.47,0.53,0.54,0.01,0.01,72820.57
1775892763.427,163.427,0.45,0.48,0.52,0.53,0.03,0.01,72820.6
1775892763.783,163.783,0.45,0.46,0.53,0.54,0.01,0.01,72820.6
1775892764.34,164.34,0.48,0.49,0.53,0.54,0.01,0.01,72820.63
1775892764.72,164.72,0.46,0.47,0.52,0.53,0.01,0.01,72820.63
1775892765.064,165.064,0.48,0.49,0.51,0.52,0.01,0.01,72820.63
1775892765.665,165.665,0.47,0.48,0.52,0.53,0.01,0.01,72820.57
1775892766.15,166.15,0.47,0.48,0.52,0.53,0.01,0.01,72820.57
1775892766.6,166.6,0.48,0.5,0.51,0.53,0.02,0.02,72820.57
1775892767.029,167.029,0.47,0.48,0.4,0.53,0.01,0.13,72820.57
1775892767.374,167.374,0.52,0.55,0.43,0.45,0.03,0.02,72820.67
1775892767.855,167.855,0.51,0.52,0.47,0.49,0.01,0.02,72820.67
1775892768.205,168.205,0.49,0.5,0.5,0.51,0.01,0.01,72820.5
1775892768.663,168.663,0.47,0.5,0.52,0.53,0.03,0.01,72820.5
1775892769.1,169.1,0.48,0.49,0.51,0.52,0.01,0.01,72820.5
1775892769.55,169.55,0.48,0.49,0.51,0.52,0.01,0.01,72817.17
1775892770.049,170.049,0.48,0.49,0.51,0.52,0.01,0.01,72817.17
1775892770.418,170.418,0.48,0.49,0.51,0.52,0.01,0.01,72817.17
1775892771.044,171.044,0.48,0.5,0.51,0.52,0.02,0.01,72820.44
1775892771.442,171.442,0.46,0.47,0.51,0.53,0.01,0.02,72820.44
1775892772.0,172.0,0.45,0.47,0.53,0.55,0.02,0.02,72820.46
1775892772.404,172.404,0.45,0.48,0.54,0.55,0.03,0.01,72820.47
1775892772.961,172.961,0.59,0.6,0.33,0.49,0.01,0.16,72820.47
1775892773.525,173.525,0.52,0.56,0.44,0.46,0.04,0.02,72820.47
1775892773.863,173.863,0.57,0.58,0.42,0.43,0.01,0.01,72820.47
1775892774.208,174.208,0.57,0.65,0.43,0.44,0.08,0.01,72820.22
1775892774.574,174.574,0.6,0.62,0.38,0.39,0.02,0.01,72820.22
1775892774.96,174.96,0.58,0.59,0.4,0.43,0.01,0.03,72820.22
1775892775.347,175.347,0.57,0.59,0.42,0.43,0.02,0.01,72820.22
1775892775.732,175.732,0.57,0.61,0.41,0.42,0.04,0.01,72820.06
1775892776.175,176.175,0.56,0.57,0.42,0.43,0.01,0.01,72820.06
1775892776.524,176.524,0.56,0.57,0.43,0.44,0.01,0.01,72820.06
1775892776.992,176.992,0.58,0.59,0.43,0.44,0.01,0.01,72820.06
1775892777.399,177.399,0.57,0.58,0.41,0.43,0.01,0.02,72820.06
1775892777.742,177.742,0.57,0.58,0.41,0.42,0.01,0.01,72820.06
1775892778.118,178.118,0.57,0.58,0.42,0.99,0.01,0.57,72820.06
1775892778.531,178.531,0.48,0.51,0.49,0.52,0.03,0.03,72819.92
1775892778.867,178.867,0.48,0.5,0.5,0.52,0.02,0.02,72819.92
1775892779.215,179.215,0.48,0.49,0.51,0.52,0.01,0.01,72819.92
1775892779.587,179.587,0.48,0.65,0.51,0.52,0.17,0.01,72819.92
1775892779.975,179.975,0.51,0.52,0.49,0.5,0.01,0.01,72819.92
1775892780.413,180.413,0.51,0.52,0.48,0.49,0.01,0.01,72819.92
1775892780.808,180.808,0.52,0.53,0.35,0.49,0.01,0.14,72819.92
1775892781.19,181.19,0.5,0.51,0.48,0.5,0.01,0.02,72819.92
1775892781.583,181.583,0.5,0.51,0.49,0.5,0.01,0.01,72819.92
1775892781.968,181.968,0.51,0.52,0.49,0.5,0.01,0.01,72819.92
1775892782.32,182.32,0.53,0.59,0.41,0.48,0.06,0.07,72819.86
1775892782.68,182.68,0.49,0.5,0.5,0.53,0.01,0.03,72819.86
1775892783.058,183.058,0.35,0.41,0.59,0.64,0.06,0.05,72819.86
1775892783.43,183.43,0.29,0.31,0.65,0.7,0.02,0.05,72819.86
1775892783.863,183.863,0.25,0.26,0.71,0.73,0.01,0.02,72819.94
1775892784.492,184.492,0.24,0.25,0.75,0.76,0.01,0.01,72819.89
1775892784.871,184.871,0.2,0.21,0.79,0.8,0.01,0.01,72819.89
1775892785.227,185.227,0.22,0.23,0.77,0.78,0.01,0.01,72813.16
1775892785.59,185.59,0.21,0.22,0.79,0.8,0.01,0.01,72813.16
1775892786.034,186.034,0.23,0.26,0.75,0.79,0.03,0.04,72813.16
1775892786.376,186.376,0.22,0.26,0.73,0.78,0.04,0.05,72813.16
1775892786.715,186.715,0.24,0.25,0.75,0.76,0.01,0.01,72809.59
1775892787.192,187.192,0.28,0.29,0.73,0.74,0.01,0.01,72809.59
1775892787.57,187.57,0.29,0.3,0.71,0.72,0.01,0.01,72809.14
1775892787.914,187.914,0.27,0.28,0.72,0.73,0.01,0.01,72809.14
1775892788.275,188.275,0.27,0.28,0.72,0.73,0.01,0.01,72809.14
1775892788.619,188.619,0.27,0.28,0.72,0.73,0.01,0.01,72809.12
1775892789.063,189.063,0.26,0.27,0.72,0.74,0.01,0.02,72809.12
1775892789.507,189.507,0.26,0.99,0.73,0.74,0.73,0.01,72809.12
1775892789.873,189.873,0.3,0.31,0.69,0.7,0.01,0.01,72809.16
1775892790.255,190.255,0.31,0.33,0.67,0.68,0.02,0.01,72809.18
1775892790.642,190.642,0.28,0.3,0.68,0.74,0.02,0.06,72809.18
1775892791.165,191.165,0.27,0.28,0.71,0.72,0.01,0.01,72809.18
1775892791.681,191.681,0.27,0.28,0.72,0.73,0.01,0.01,72809.0
1775892792.048,192.048,0.26,0.28,0.72,0.73,0.02,0.01,72809.0
1775892792.42,192.42,0.27,0.28,0.72,0.73,0.01,0.01,72808.96
1775892792.833,192.833,0.26,0.27,0.73,0.74,0.01,0.01,72808.96
1775892793.51,193.51,0.26,0.27,0.73,0.74,0.01,0.01,72808.95
1775892793.905,193.905,0.28,0.34,0.7,0.74,0.06,0.04,72808.95
1775892794.294,194.294,0.3,0.31,0.69,0.7,0.01,0.01,72808.95
1775892794.75,194.75,0.34,0.35,0.62,0.63,0.01,0.01,72808.99
1775892795.226,195.226,0.33,0.34,0.66,0.67,0.01,0.01,72808.99
1775892795.564,195.564,0.38,0.39,0.61,0.63,0.01,0.02,72808.99
1775892795.905,195.905,0.43,0.44,0.56,0.57,0.01,0.01,72808.99
1775892796.282,196.282,0.39,0.42,0.6,0.61,0.03,0.01,72808.93
1775892796.69,196.69,0.38,0.39,0.6,0.61,0.01,0.01,72808.93
1775892797.13,197.13,0.42,0.43,0.57,0.58,0.01,0.01,72808.93
1775892797.602,197.602,0.38,0.41,0.59,0.6,0.03,0.01,72808.96
1775892797.959,197.959,0.38,0.39,0.61,0.62,0.01,0.01,72808.96
1775892798.293,198.293,0.38,0.39,0.61,0.62,0.01,0.01,72808.94
1775892798.635,198.635,0.36,0.37,0.63,0.64,0.01,0.01,72808.94
1775892799.066,199.066,0.35,0.36,0.64,0.65,0.01,0.01,72808.94
1775892799.689,199.689,0.33,0.36,0.65,0.66,0.03,0.01,72808.94
1775892800.032,200.032,0.35,0.67,0.64,0.65,0.32,0.01,72808.94
1775892800.38,200.38,0.27,0.47,0.53,0.57,0.2,0.04,72808.94
1775892800.727,200.727,0.35,0.53,0.5,0.67,0.18,0.17,72808.94
1775892801.083,201.083,0.38,0.41,0.59,0.6,0.03,0.01,72808.94
1775892801.485,201.485,0.38,0.41,0.61,0.62,0.03,0.01,72809.0
1775892801.925,201.925,0.37,0.38,0.62,0.63,0.01,0.01,72809.0
1775892802.376,202.376,0.37,0.38,0.01,0.63,0.01,0.62,72809.0
1775892802.714,202.714,0.33,0.34,0.66,0.67,0.01,0.01,72808.87
1775892803.132,203.132,0.39,0.4,0.59,0.63,0.01,0.04,72808.87
1775892803.56,203.56,0.35,0.36,0.64,0.65,0.01,0.01,72808.78
1775892803.906,203.906,0.37,0.38,0.62,0.63,0.01,0.01,72808.78
1775892804.255,204.255,0.37,0.39,0.61,0.62,0.02,0.01,72808.78
1775892804.599,204.599,0.35,0.36,0.64,0.65,0.01,0.01,72808.78
1775892804.934,204.934,0.34,0.35,0.65,0.66,0.01,0.01,72808.78
1775892805.323,205.323,0.3,0.32,0.68,0.69,0.02,0.01,72808.79
1775892805.665,205.665,0.3,0.33,0.69,0.7,0.03,0.01,72808.79
1775892806.063,206.063,0.36,0.38,0.61,0.63,0.02,0.02,72808.78
1775892806.522,206.522,0.34,0.35,0.64,0.65,0.01,0.01,72808.78
1775892806.87,206.87,0.37,0.38,0.58,0.66,0.01,0.08,72808.78
1775892807.449,207.449,0.39,0.4,0.59,0.62,0.01,0.03,72808.26
1775892807.811,207.811,0.4,0.41,0.59,0.6,0.01,0.01,72808.26
1775892808.228,208.228,0.42,0.43,0.53,0.6,0.01,0.07,72807.98
1775892808.765,208.765,0.41,0.42,0.57,0.59,0.01,0.02,72807.98
1775892809.138,209.138,0.41,0.42,0.58,0.59,0.01,0.01,72807.93
1775892809.489,209.489,0.4,0.55,0.59,0.6,0.15,0.01,72807.93
1775892809.832,209.832,0.4,0.46,0.54,0.55,0.06,0.01,72807.93
1775892810.189,210.189,0.46,0.47,0.53,0.54,0.01,0.01,72807.89
1775892810.594,210.594,0.45,0.47,0.53,0.54,0.02,0.01,72807.89
1775892810.929,210.929,0.44,0.45,0.53,0.56,0.01,0.03,72807.89
1775892811.31,211.31,0.44,0.45,0.55,0.56,0.01,0.01,72807.89
1775892811.663,211.663,0.42,0.43,0.57,0.58,0.01,0.01,72807.89
1775892812.014,212.014,0.42,0.43,0.57,0.58,0.01,0.01,72807.48
1775892812.656,212.656,0.41,0.43,0.57,0.58,0.02,0.01,72807.48
1775892813.052,213.052,0.4,0.41,0.57,0.6,0.01,0.03,72807.57
1775892813.631,213.631,0.39,0.4,0.58,0.64,0.01,0.06,72807.57
1775892814.015,214.015,0.4,0.41,0.59,0.61,0.01,0.02,72807.57
1775892814.37,214.37,0.44,0.45,0.55,0.56,0.01,0.01,72807.56
1775892814.803,214.803,0.5,0.64,0.49,0.56,0.14,0.07,72807.56
1775892815.142,215.142,0.5,0.51,0.49,0.5,0.01,0.01,72807.56
1775892815.51,215.51,0.44,0.45,0.55,0.56,0.01,0.01,72807.56
1775892815.991,215.991,0.44,0.45,0.55,0.56,0.01,0.01,72807.56
1775892816.385,216.385,0.44,0.45,0.55,0.57,0.01,0.02,72807.56
1775892816.885,216.885,0.4,0.41,0.59,0.6,0.01,0.01,72807.56
1775892817.338,217.338,0.4,0.41,0.59,0.6,0.01,0.01,72807.52
1775892817.844,217.844,0.4,0.41,0.59,0.6,0.01,0.01,72807.53
1775892818.326,218.326,0.43,0.44,0.56,0.57,0.01,0.01,72807.53
1775892818.669,218.669,0.43,0.44,0.56,0.57,0.01,0.01,72807.52
1775892819.025,219.025,0.43,0.44,0.56,0.57,0.01,0.01,72807.52
1775892819.453,219.453,0.43,0.44,0.56,0.57,0.01,0.01,72807.49
1775892819.833,219.833,0.43,0.44,0.56,0.57,0.01,0.01,72807.49
1775892820.362,220.362,0.44,0.45,0.56,0.57,0.01,0.01,72807.49
1775892820.731,220.731,0.45,0.63,0.55,0.56,0.18,0.01,72807.52
1775892821.397,221.397,0.5,0.51,0.47,0.49,0.01,0.02,72807.48
1775892821.76,221.76,0.5,0.62,0.49,0.5,0.12,0.01,72807.48
1775892822.116,222.116,0.49,0.51,0.45,0.48,0.02,0.03,72807.48
1775892822.486,222.486,0.45,0.47,0.54,0.56,0.02,0.02,72807.48
1775892823.081,223.081,0.5,0.52,0.47,0.48,0.02,0.01,72807.53
1775892823.505,223.505,0.5,0.51,0.49,0.5,0.01,0.01,72807.53
1775892823.886,223.886,0.48,0.49,0.49,0.5,0.01,0.01,72807.53
1775892824.22,224.22,0.48,0.5,0.5,0.51,0.02,0.01,72807.53
1775892824.726,224.726,0.49,0.5,0.51,0.52,0.01,0.01,72807.48
1775892825.264,225.264,0.47,0.49,0.51,0.52,0.02,0.01,72807.48
1775892825.726,225.726,0.47,0.48,0.52,0.53,0.01,0.01,72807.48
1775892826.061,226.061,0.45,0.46,0.53,0.55,0.01,0.02,72807.48
1775892826.431,226.431,0.47,0.48,0.51,0.52,0.01,0.01,72807.47
1775892827.103,227.103,0.45,0.46,0.53,0.55,0.01,0.02,72807.47
1775892827.491,227.491,0.46,0.48,0.54,0.55,0.02,0.01,72807.47
1775892828.025,228.025,0.52,0.53,0.43,0.51,0.01,0.08,72807.47
1775892828.535,228.535,0.51,0.52,0.47,0.49,0.01,0.02,72807.47
1775892828.887,228.887,0.54,0.61,0.4,0.46,0.07,0.06,72807.47
1775892829.258,229.258,0.54,0.55,0.39,0.46,0.01,0.07,72807.47
1775892829.624,229.624,0.52,0.53,0.45,0.46,0.01,0.01,72807.5
1775892829.975,229.975,0.51,0.52,0.48,0.49,0.01,0.01,72807.5
1775892830.423,230.423,0.52,0.53,0.47,0.48,0.01,0.01,72807.5
1775892830.895,230.895,0.55,0.56,0.44,0.45,0.01,0.01,72807.5
1775892831.239,231.239,0.57,0.58,0.42,0.43,0.01,0.01,72807.5
1775892831.712,231.712,0.57,0.59,0.42,0.43,0.02,0.01,72807.46
1775892832.081,232.081,0.58,0.63,0.36,0.42,0.05,0.06,72807.46
1775892832.547,232.547,0.58,0.59,0.37,0.42,0.01,0.05,72807.46
1775892832.942,232.942,0.55,0.56,0.46,0.48,0.01,0.02,72807.46
1775892833.394,233.394,0.52,0.53,0.47,0.48,0.01,0.01,72807.46
1775892833.835,233.835,0.5,0.53,0.47,0.48,0.03,0.01,72807.46
1775892834.193,234.193,0.49,0.5,0.5,0.51,0.01,0.01,72807.46
1775892834.603,234.603,0.51,0.52,0.52,0.53,0.01,0.01,72807.5
1775892835.073,235.073,0.51,0.52,0.48,0.49,0.01,0.01,72807.5
1775892835.424,235.424,0.42,0.52,0.48,0.49,0.1,0.01,72807.5
1775892835.836,235.836,0.51,0.52,0.48,0.49,0.01,0.01,72807.5
1775892836.288,236.288,0.43,0.44,0.55,0.58,0.01,0.03,72807.46
1775892836.698,236.698,0.44,0.45,0.48,0.57,0.01,0.09,72807.46
1775892837.244,237.244,0.44,0.45,0.55,0.56,0.01,0.01,72807.46
1775892837.663,237.663,0.51,0.52,0.49,0.52,0.01,0.03,72807.46
1775892838.024,238.024,0.53,0.54,0.46,0.47,0.01,0.01,72807.46
1775892838.36,238.36,0.53,0.54,0.46,0.47,0.01,0.01,72807.46
1775892838.829,238.829,0.51,0.52,0.46,0.47,0.01,0.01,72807.49
1775892839.564,239.564,0.51,0.52,0.48,0.49,0.01,0.01,72807.46
1775892840.05,240.05,0.43,0.44,0.49,0.58,0.01,0.09,72807.5
1775892840.43,240.43,0.44,0.45,0.54,0.56,0.01,0.02,72807.5
1775892840.787,240.787,0.42,0.43,0.57,0.58,0.01,0.01,72807.5
1775892841.129,241.129,0.41,0.43,0.57,0.59,0.02,0.02,72807.5
1775892841.628,241.628,0.42,0.43,0.56,0.57,0.01,0.01,72807.46
1775892842.131,242.131,0.45,0.46,0.57,0.58,0.01,0.01,72807.46
1775892842.609,242.609,0.45,0.46,0.54,0.55,0.01,0.01,72807.23
1775892843.018,243.018,0.45,0.46,0.54,0.55,0.01,0.01,72807.23
1775892843.545,243.545,0.45,0.46,0.54,0.55,0.01,0.01,72807.29
1775892843.885,243.885,0.45,0.46,0.54,0.55,0.01,0.01,72807.29
1775892844.268,244.268,0.45,0.46,0.54,0.55,0.01,0.01,72807.29
1775892844.674,244.674,0.45,0.46,0.54,0.55,0.01,0.01,72807.29
1775892845.225,245.225,0.45,0.46,0.54,0.55,0.01,0.01,72807.29
1775892845.631,245.631,0.45,0.46,0.54,0.55,0.01,0.01,72807.29
1775892845.974,245.974,0.46,0.47,0.53,0.54,0.01,0.01,72807.29
1775892846.421,246.421,0.46,0.47,0.53,0.54,0.01,0.01,72807.0
1775892846.937,246.937,0.48,0.49,0.48,0.54,0.01,0.06,72806.64
1775892847.291,247.291,0.46,0.47,0.51,0.52,0.01,0.01,72806.64
1775892847.726,247.726,0.47,0.48,0.53,0.54,0.01,0.01,72806.64
1775892848.067,248.067,0.45,0.47,0.52,0.55,0.02,0.03,72806.64
1775892848.444,248.444,0.45,0.47,0.54,0.55,0.02,0.01,72806.64
1775892848.851,248.851,0.46,0.47,0.53,0.54,0.01,0.01,72806.64
1775892849.189,249.189,0.47,0.49,0.51,0.55,0.02,0.04,72806.64
1775892849.585,249.585,0.47,0.48,0.52,0.53,0.01,0.01,72806.64
1775892849.967,249.967,0.47,0.48,0.52,0.53,0.01,0.01,72806.64
1775892850.333,250.333,0.46,0.47,0.53,0.54,0.01,0.01,72806.29
1775892850.698,250.698,0.49,0.5,0.49,0.52,0.01,0.03,72806.29
1775892851.063,251.063,0.5,0.51,0.49,0.5,0.01,0.01,72806.29
1775892851.565,251.565,0.48,0.49,0.49,0.52,0.01,0.03,72806.29
1775892851.9,251.9,0.48,0.49,0.51,0.52,0.01,0.01,72806.29
1775892852.309,252.309,0.48,0.49,0.51,0.52,0.01,0.01,72806.3
1775892852.786,252.786,0.47,0.48,0.51,0.53,0.01,0.02,72806.3
1775892853.13,253.13,0.51,0.52,0.48,0.5,0.01,0.02,72806.3
1775892853.471,253.471,0.54,0.55,0.45,0.47,0.01,0.02,72806.31
1775892854.009,254.009,0.53,0.54,0.46,0.47,0.01,0.01,72806.31
1775892854.497,254.497,0.53,0.54,0.46,0.47,0.01,0.01,72806.31
1775892854.905,254.905,0.52,0.53,0.47,0.48,0.01,0.01,72806.31
1775892855.243,255.243,0.54,0.55,0.45,0.46,0.01,0.01,72806.82
1775892855.706,255.706,0.52,0.53,0.47,0.48,0.01,0.01,72806.82
1775892856.047,256.047,0.51,0.52,0.48,0.5,0.01,0.02,72806.82
1775892856.554,256.554,0.51,0.52,0.48,0.49,0.01,0.01,72808.33
1775892856.89,256.89,0.47,0.48,0.52,0.53,0.01,0.01,72808.33
1775892857.228,257.228,0.52,0.53,0.47,0.48,0.01,0.01,72808.33
1775892857.666,257.666,0.52,0.53,0.47,0.48,0.01,0.01,72808.45
1775892858.036,258.036,0.53,0.55,0.45,0.46,0.02,0.01,72808.45
1775892858.391,258.391,0.53,0.54,0.45,0.47,0.01,0.02,72808.33
1775892858.756,258.756,0.53,0.54,0.45,0.46,0.01,0.01,72808.33
1775892859.231,259.231,0.53,0.54,0.46,0.47,0.01,0.01,72808.33
1775892859.607,259.607,0.54,0.55,0.45,0.46,0.01,0.01,72808.33
1775892860.073,260.073,0.54,0.6,0.45,0.47,0.06,0.02,72808.33
1775892860.507,260.507,0.56,0.57,0.43,0.44,0.01,0.01,72808.39
1775892860.976,260.976,0.56,0.57,0.43,0.44,0.01,0.01,72808.39
1775892861.654,261.654,0.56,0.57,0.4,0.44,0.01,0.04,72808.4
1775892862.212,262.212,0.59,0.6,0.39,0.42,0.01,0.03,72808.4
1775892862.673,262.673,0.58,0.59,0.4,0.41,0.01,0.01,72808.4
1775892863.081,263.081,0.59,0.6,0.4,0.41,0.01,0.01,72808.4
1775892863.503,263.503,0.59,0.62,0.4,0.41,0.03,0.01,72808.31
1775892863.867,263.867,0.6,0.61,0.39,0.4,0.01,0.01,72808.31
1775892864.413,264.413,0.61,0.62,0.39,0.4,0.01,0.01,72808.31
1775892864.757,264.757,0.61,0.62,0.38,0.39,0.01,0.01,72808.31
1775892865.332,265.332,0.6,0.62,0.38,0.39,0.02,0.01,72808.28
1775892865.667,265.667,0.58,0.6,0.39,0.4,0.02,0.01,72808.28
1775892866.206,266.206,0.6,0.61,0.39,0.41,0.01,0.02,72808.28
1775892866.715,266.715,0.58,0.59,0.4,0.41,0.01,0.01,72808.27
1775892867.07,267.07,0.56,0.59,0.41,0.42,0.03,0.01,72808.27
1775892867.414,267.414,0.55,0.56,0.43,0.46,0.01,0.03,72808.27
1775892867.931,267.931,0.56,0.57,0.43,0.44,0.01,0.01,72808.32
1775892868.477,268.477,0.57,0.58,0.42,0.43,0.01,0.01,72808.32
1775892868.914,268.914,0.58,0.59,0.43,0.44,0.01,0.01,72808.3
1775892869.295,269.295,0.57,0.58,0.42,0.43,0.01,0.01,72808.3
1775892869.629,269.629,0.55,0.56,0.43,0.48,0.01,0.05,72808.3
1775892870.327,270.327,0.54,0.6,0.45,0.5,0.06,0.05,72808.27
1775892870.711,270.711,0.57,0.58,0.4,0.46,0.01,0.06,72808.27
1775892871.241,271.241,0.56,0.57,0.42,0.44,0.01,0.02,72808.27
1775892871.632,271.632,0.62,0.63,0.35,0.43,0.01,0.08,72808.27
1775892872.387,272.387,0.58,0.59,0.39,0.4,0.01,0.01,72808.27
1775892872.781,272.781,0.57,0.58,0.41,0.42,0.01,0.01,72808.27
1775892873.154,273.154,0.6,0.61,0.39,0.43,0.01,0.04,72808.36
1775892873.51,273.51,0.56,0.58,0.41,0.43,0.02,0.02,72808.36
1775892873.935,273.935,0.55,0.57,0.43,0.44,0.02,0.01,72808.27
1775892874.322,274.322,0.53,0.54,0.47,0.48,0.01,0.01,72808.27
1775892874.952,274.952,0.59,0.6,0.41,0.45,0.01,0.04,72808.27
1775892875.373,275.373,0.69,0.7,0.3,0.31,0.01,0.01,72808.27
1775892875.757,275.757,0.69,0.72,0.28,0.31,0.03,0.03,72808.27
1775892876.132,276.132,0.7,0.72,0.28,0.29,0.02,0.01,72808.34
1775892876.512,276.512,0.67,0.68,0.32,0.33,0.01,0.01,72808.34
1775892876.881,276.881,0.65,0.66,0.34,0.35,0.01,0.01,72808.34
1775892877.23,277.23,0.66,0.69,0.33,0.35,0.03,0.02,72811.5
1775892877.719,277.719,0.64,0.68,0.31,0.32,0.04,0.01,72811.5
1775892878.198,278.198,0.64,0.69,0.34,0.35,0.05,0.01,72814.52
1775892878.549,278.549,0.66,0.67,0.32,0.34,0.01,0.02,72814.52
1775892878.945,278.945,0.64,0.65,0.34,0.37,0.01,0.03,72814.52
1775892879.323,279.323,0.62,0.72,0.37,0.39,0.1,0.02,72814.25
1775892879.667,279.667,0.64,0.66,0.3,0.46,0.02,0.16,72814.25
1775892880.027,280.027,0.67,0.68,0.31,0.33,0.01,0.02,72814.25
1775892880.507,280.507,0.62,0.63,0.32,0.39,0.01,0.07,72814.25
1775892880.882,280.882,0.55,0.56,0.43,0.45,0.01,0.02,72814.25
1775892881.247,281.247,0.55,0.56,0.44,0.45,0.01,0.01,72814.24
1775892881.609,281.609,0.55,0.57,0.43,0.46,0.02,0.03,72814.24
1775892882.079,282.079,0.55,0.63,0.43,0.44,0.08,0.01,72814.24
1775892882.425,282.425,0.62,0.63,0.37,0.39,0.01,0.02,72814.27
1775892882.981,282.981,0.62,0.63,0.37,0.38,0.01,0.01,72814.27
1775892883.405,283.405,0.6,0.62,0.38,0.41,0.02,0.03,72814.27
1775892883.789,283.789,0.6,0.61,0.38,0.39,0.01,0.01,72814.27
1775892884.2,284.2,0.57,0.58,0.44,0.45,0.01,0.01,72814.28
1775892885.002,285.002,0.61,0.63,0.39,0.41,0.02,0.02,72814.28
1775892885.441,285.441,0.61,0.63,0.37,0.38,0.02,0.01,72814.31
1775892885.84,285.84,0.63,0.64,0.36,0.37,0.01,0.01,72814.31
1775892886.258,286.258,0.58,0.59,0.39,0.51,0.01,0.12,72814.32
1775892886.633,286.633,0.6,0.64,0.4,0.41,0.04,0.01,72814.32
1775892886.966,286.966,0.84,0.89,0.11,0.16,0.05,0.05,72814.32
1775892887.301,287.301,0.95,0.96,0.04,0.06,0.01,0.02,72814.32
1775892887.641,287.641,0.95,0.96,0.04,0.06,0.01,0.02,72814.32
1775892888.011,288.011,0.93,0.94,0.04,0.05,0.01,0.01,72814.32
1775892888.373,288.373,0.94,0.95,0.05,0.07,0.01,0.02,72822.72
1775892888.722,288.722,0.94,0.95,0.05,0.1,0.01,0.05,72822.72
1775892889.093,289.093,0.94,0.95,0.05,0.06,0.01,0.01,72837.31
1775892889.445,289.445,0.94,0.95,0.05,0.06,0.01,0.01,72837.31
1775892889.809,289.809,0.93,0.94,0.06,0.07,0.01,0.01,72837.31
1775892890.155,290.155,0.91,0.92,0.08,0.09,0.01,0.01,72837.31
1775892890.5,290.5,0.91,0.92,0.08,0.09,0.01,0.01,72840.81
1775892890.887,290.887,0.91,0.92,0.08,0.09,0.01,0.01,72840.81
1775892891.227,291.227,0.92,0.93,0.07,0.08,0.01,0.01,72840.81
1775892891.572,291.572,0.91,0.92,0.07,0.09,0.01,0.02,72840.81
1775892891.93,291.93,0.95,0.97,0.03,0.09,0.02,0.06,72841.86
1775892892.365,292.365,0.84,0.85,0.13,0.16,0.01,0.03,72842.14
1775892892.699,292.699,0.88,0.89,0.11,0.12,0.01,0.01,72842.14
1775892893.065,293.065,0.95,0.96,0.04,0.05,0.01,0.01,72842.14
1775892893.417,293.417,0.96,0.97,0.02,0.05,0.01,0.03,72842.14
1775892893.751,293.751,0.91,0.92,0.08,0.1,0.01,0.02,72842.14
1775892894.123,294.123,0.91,0.97,0.08,0.09,0.06,0.01,72842.11
1775892894.608,294.608,0.96,0.98,0.03,0.05,0.02,0.02,72842.11
1775892894.947,294.947,0.97,0.98,0.02,0.03,0.01,0.01,72842.11
1775892895.283,295.283,0.98,0.99,0.01,0.02,0.01,0.01,72842.11
1775892895.627,295.627,0.84,0.85,0.15,0.16,0.01,0.01,72842.11
1775892895.981,295.981,0.84,0.85,0.15,0.16,0.01,0.01,72842.11
1775892896.389,296.389,0.91,0.94,0.01,0.16,0.03,0.15,72842.1
1775892896.736,296.736,0.99,0.96,0.04,0.01,-0.03,-0.03,72842.1
1775892897.081,297.081,0.99,0.96,0.04,0.01,-0.03,-0.03,72842.1
1775892897.58,297.58,0.99,0.96,0.04,0.01,-0.03,-0.03,72842.24
1775892897.971,297.971,0.99,0.96,0.04,0.01,-0.03,-0.03,72842.24
1775892898.362,298.362,0.99,0.96,0.04,0.01,-0.03,-0.03,72842.24
1775892898.698,298.698,0.99,0.96,0.04,0.01,-0.03,-0.03,72842.24
1775892899.363,299.363,0.99,0.96,0.04,0.01,-0.03,-0.03,72842.25
1775892900.021,300.021,0.99,0.96,0.04,0.01,-0.03,-0.03,72842.25
1775892900.361,300.361,0.99,0.96,0.04,0.01,-0.03,-0.03,72842.26
1775892900.732,300.732,0.99,0.96,0.04,0.01,-0.03,-0.03,72842.26

# RESULT,winner=Up,slug=btc-updown-5m-1775892600,ticks=648
