timestamp,elapsed_sec,up_bid,up_ask,down_bid,down_ask,up_spread,down_spread,btc_price,btc_oracle_ts
1776273600.531,0.531,0.51,0.52,0.48,0.49,0.01,0.01,74034.63,1776273599000
1776273600.937,0.937,0.51,0.52,0.48,0.49,0.01,0.01,74034.63,1776273599000
1776273601.409,1.409,0.51,0.52,0.48,0.49,0.01,0.01,74034.63,1776273599000
1776273601.998,1.998,0.51,0.52,0.48,0.49,0.01,0.01,74034.3,1776273600000
1776273602.382,2.382,0.54,0.55,0.45,0.46,0.01,0.01,74036.1,1776273601000
1776273602.789,2.789,0.54,0.55,0.45,0.46,0.01,0.01,74036.1,1776273601000
1776273603.16,3.16,0.54,0.55,0.45,0.46,0.01,0.01,74036.1,1776273601000
1776273603.751,3.751,0.54,0.55,0.45,0.46,0.01,0.01,74037.46,1776273602000
1776273604.112,4.112,0.54,0.55,0.45,0.46,0.01,0.01,74040.03,1776273603000
1776273604.451,4.451,0.53,0.55,0.45,0.47,0.02,0.02,74040.03,1776273603000
1776273604.79,4.79,0.53,0.54,0.46,0.47,0.01,0.01,74040.03,1776273603000
1776273605.161,5.161,0.51,0.52,0.48,0.49,0.01,0.01,74040.03,1776273603000
1776273605.53,5.53,0.51,0.52,0.48,0.49,0.01,0.01,74038.17,1776273604000
1776273605.925,5.925,0.51,0.52,0.48,0.49,0.01,0.01,74038.17,1776273604000
1776273606.347,6.347,0.5,0.51,0.48,0.5,0.01,0.02,74036.03,1776273605000
1776273606.738,6.738,0.5,0.51,0.49,0.5,0.01,0.01,74036.03,1776273605000
1776273607.149,7.149,0.5,0.51,0.49,0.5,0.01,0.01,74036.03,1776273605000
1776273607.516,7.516,0.51,0.52,0.48,0.49,0.01,0.01,74035.25,1776273606000
1776273607.968,7.968,0.51,0.52,0.48,0.49,0.01,0.01,74034.73,1776273607000
1776273608.38,8.38,0.51,0.52,0.48,0.49,0.01,0.01,74034.73,1776273607000
1776273608.794,8.794,0.51,0.52,0.48,0.49,0.01,0.01,74034.73,1776273607000
1776273609.15,9.15,0.51,0.52,0.48,0.49,0.01,0.01,74034.73,1776273607000
1776273609.857,9.857,0.51,0.52,0.48,0.49,0.01,0.01,74035.98,1776273608000
1776273610.253,10.253,0.51,0.52,0.48,0.49,0.01,0.01,74035.98,1776273608000
1776273610.909,10.909,0.51,0.52,0.48,0.49,0.01,0.01,74035.98,1776273608000
1776273611.257,11.257,0.51,0.52,0.48,0.49,0.01,0.01,74036.04,1776273610000
1776273611.895,11.895,0.51,0.52,0.48,0.49,0.01,0.01,74036.04,1776273610000
1776273612.26,12.26,0.51,0.52,0.48,0.49,0.01,0.01,74036.04,1776273610000
1776273612.628,12.628,0.51,0.52,0.48,0.49,0.01,0.01,74035.76,1776273611000
1776273613.008,13.008,0.51,0.52,0.48,0.49,0.01,0.01,74035.72,1776273612000
1776273613.421,13.421,0.5,0.52,0.48,0.49,0.02,0.01,74035.72,1776273612000
1776273613.882,13.882,0.5,0.51,0.49,0.5,0.01,0.01,74035.72,1776273612000
1776273614.444,14.444,0.5,0.51,0.49,0.5,0.01,0.01,74034.03,1776273613000
1776273614.792,14.792,0.48,0.49,0.51,0.52,0.01,0.01,74034.03,1776273613000
1776273615.135,15.135,0.47,0.48,0.52,0.53,0.01,0.01,74034.03,1776273613000
1776273615.587,15.587,0.47,0.48,0.52,0.53,0.01,0.01,74034.03,1776273613000
1776273616.06,16.06,0.47,0.48,0.52,0.53,0.01,0.01,74033.74,1776273614000
1776273617.47,17.47,0.47,0.48,0.52,0.53,0.01,0.01,74028.38,1776273616000
1776273618.005,18.005,0.47,0.49,0.51,0.53,0.02,0.02,74030.06,1776273617000
1776273618.342,18.342,0.48,0.49,0.51,0.52,0.01,0.01,74030.06,1776273617000
1776273618.767,18.767,0.48,0.49,0.51,0.52,0.01,0.01,74030.06,1776273617000
1776273619.148,19.148,0.47,0.49,0.51,0.52,0.02,0.01,74030.06,1776273617000
1776273619.666,19.666,0.47,0.48,0.52,0.53,0.01,0.01,74032.53,1776273618000
1776273620.15,20.15,0.47,0.48,0.52,0.53,0.01,0.01,74032.53,1776273618000
1776273620.656,20.656,0.47,0.48,0.52,0.53,0.01,0.01,74032.86,1776273619000
1776273621.036,21.036,0.47,0.48,0.52,0.53,0.01,0.01,74032.86,1776273619000
1776273621.371,21.371,0.47,0.48,0.52,0.53,0.01,0.01,74031.31,1776273620000
1776273621.775,21.775,0.47,0.48,0.52,0.53,0.01,0.01,74031.31,1776273620000
1776273622.167,22.167,0.47,0.48,0.52,0.53,0.01,0.01,74031.31,1776273621000
1776273622.658,22.658,0.47,0.48,0.52,0.53,0.01,0.01,74031.31,1776273621000
1776273623.067,23.067,0.47,0.48,0.52,0.53,0.01,0.01,74031.31,1776273621000
1776273623.456,23.456,0.47,0.48,0.52,0.53,0.01,0.01,74030.79,1776273622000
1776273623.889,23.889,0.46,0.47,0.53,0.54,0.01,0.01,74030.79,1776273622000
1776273624.278,24.278,0.45,0.46,0.54,0.55,0.01,0.01,74030.52,1776273623000
1776273624.679,24.679,0.45,0.46,0.54,0.55,0.01,0.01,74030.52,1776273623000
1776273625.088,25.088,0.45,0.46,0.54,0.55,0.01,0.01,74030.52,1776273623000
1776273625.607,25.607,0.45,0.46,0.54,0.55,0.01,0.01,74030.18,1776273624000
1776273626.039,26.039,0.45,0.46,0.54,0.55,0.01,0.01,74030.18,1776273624000
1776273626.77,26.77,0.45,0.46,0.54,0.55,0.01,0.01,74029.99,1776273625000
1776273627.24,27.24,0.45,0.46,0.54,0.55,0.01,0.01,74029.99,1776273625000
1776273627.753,27.753,0.45,0.46,0.54,0.55,0.01,0.01,74029.99,1776273625000
1776273628.166,28.166,0.45,0.46,0.54,0.55,0.01,0.01,74030.19,1776273626000
1776273628.814,28.814,0.45,0.46,0.54,0.55,0.01,0.01,74030.19,1776273626000
1776273629.35,29.35,0.45,0.46,0.54,0.55,0.01,0.01,74029.4,1776273627000
1776273629.688,29.688,0.45,0.46,0.54,0.55,0.01,0.01,74029.4,1776273627000
1776273630.251,30.251,0.45,0.46,0.54,0.55,0.01,0.01,74028.61,1776273628000
1776273630.602,30.602,0.45,0.46,0.54,0.55,0.01,0.01,74028.61,1776273628000
1776273631.018,31.018,0.46,0.47,0.53,0.55,0.01,0.02,74028.75,1776273629000
1776273631.364,31.364,0.46,0.48,0.53,0.54,0.02,0.01,74028.75,1776273629000
1776273631.827,31.827,0.48,0.49,0.51,0.53,0.01,0.02,74029.0,1776273630000
1776273632.329,32.329,0.48,0.49,0.51,0.52,0.01,0.01,74029.0,1776273630000
1776273632.663,32.663,0.48,0.49,0.51,0.52,0.01,0.01,74028.58,1776273631000
1776273633.025,33.025,0.48,0.49,0.51,0.52,0.01,0.01,74028.58,1776273631000
1776273633.39,33.39,0.48,0.49,0.51,0.52,0.01,0.01,74029.79,1776273632000
1776273634.092,34.092,0.48,0.49,0.51,0.52,0.01,0.01,74029.79,1776273632000
1776273634.428,34.428,0.48,0.49,0.51,0.52,0.01,0.01,74029.79,1776273632000
1776273634.837,34.837,0.49,0.5,0.5,0.51,0.01,0.01,74029.79,1776273632000
1776273635.195,35.195,0.49,0.5,0.5,0.51,0.01,0.01,74032.25,1776273633000
1776273635.628,35.628,0.49,0.5,0.5,0.51,0.01,0.01,74032.25,1776273633000
1776273636.029,36.029,0.49,0.5,0.5,0.51,0.01,0.01,74032.43,1776273634000
1776273636.446,36.446,0.49,0.5,0.5,0.51,0.01,0.01,74032.43,1776273635000
1776273636.838,36.838,0.49,0.51,0.5,0.51,0.02,0.01,74032.43,1776273635000
1776273637.41,37.41,0.49,0.5,0.5,0.51,0.01,0.01,74032.27,1776273636000
1776273638.537,38.537,0.5,0.51,0.49,0.51,0.01,0.02,74032.27,1776273636000
1776273638.986,38.986,0.53,0.54,0.46,0.48,0.01,0.02,74031.98,1776273637000
1776273639.357,39.357,0.53,0.54,0.46,0.47,0.01,0.01,74031.98,1776273637000
1776273639.691,39.691,0.53,0.54,0.46,0.47,0.01,0.01,74032.37,1776273638000
1776273640.181,40.181,0.53,0.54,0.46,0.47,0.01,0.01,74032.37,1776273638000
1776273640.539,40.539,0.53,0.54,0.46,0.47,0.01,0.01,74033.22,1776273639000
1776273641.44,41.44,0.53,0.54,0.46,0.47,0.01,0.01,74033.22,1776273639000
1776273641.804,41.804,0.53,0.54,0.46,0.47,0.01,0.01,74039.0,1776273640000
1776273642.241,42.241,0.53,0.54,0.46,0.47,0.01,0.01,74039.0,1776273640000
1776273642.636,42.636,0.53,0.54,0.46,0.47,0.01,0.01,74039.02,1776273641000
1776273643.059,43.059,0.53,0.54,0.46,0.47,0.01,0.01,74039.02,1776273641000
1776273643.536,43.536,0.53,0.54,0.46,0.47,0.01,0.01,74038.91,1776273642000
1776273643.941,43.941,0.53,0.54,0.46,0.47,0.01,0.01,74038.91,1776273642000
1776273644.286,44.286,0.56,0.58,0.42,0.46,0.02,0.04,74038.91,1776273642000
1776273644.787,44.787,0.58,0.59,0.41,0.42,0.01,0.01,74038.93,1776273643000
1776273645.125,45.125,0.58,0.59,0.41,0.42,0.01,0.01,74038.93,1776273643000
1776273645.461,45.461,0.58,0.59,0.41,0.42,0.01,0.01,74038.93,1776273643000
1776273645.814,45.814,0.58,0.59,0.41,0.42,0.01,0.01,74038.91,1776273644000
1776273646.328,46.328,0.58,0.59,0.41,0.42,0.01,0.01,74039.22,1776273645000
1776273646.688,46.688,0.58,0.59,0.41,0.42,0.01,0.01,74039.22,1776273645000
1776273647.042,47.042,0.58,0.59,0.41,0.42,0.01,0.01,74039.22,1776273645000
1776273647.413,47.413,0.58,0.59,0.41,0.42,0.01,0.01,74047.33,1776273646000
1776273647.86,47.86,0.58,0.59,0.41,0.42,0.01,0.01,74047.33,1776273647000
1776273648.215,48.215,0.59,0.6,0.4,0.41,0.01,0.01,74047.33,1776273647000
1776273648.588,48.588,0.59,0.6,0.4,0.41,0.01,0.01,74047.33,1776273647000
1776273648.935,48.935,0.59,0.6,0.4,0.41,0.01,0.01,74047.46,1776273648000
1776273649.286,49.286,0.59,0.6,0.4,0.41,0.01,0.01,74047.46,1776273648000
1776273649.694,49.694,0.59,0.6,0.4,0.41,0.01,0.01,74047.46,1776273648000
1776273650.392,50.392,0.59,0.6,0.4,0.41,0.01,0.01,74047.91,1776273649000
1776273650.883,50.883,0.59,0.6,0.4,0.41,0.01,0.01,74047.91,1776273649000
1776273651.474,51.474,0.59,0.6,0.4,0.41,0.01,0.01,74048.0,1776273650000
1776273651.899,51.899,0.59,0.6,0.4,0.41,0.01,0.01,74048.0,1776273650000
1776273652.239,52.239,0.59,0.6,0.4,0.41,0.01,0.01,74048.01,1776273651000
1776273652.623,52.623,0.59,0.6,0.4,0.41,0.01,0.01,74048.01,1776273651000
1776273652.968,52.968,0.59,0.6,0.4,0.41,0.01,0.01,74048.03,1776273652000
1776273653.378,53.378,0.59,0.6,0.4,0.41,0.01,0.01,74048.03,1776273652000
1776273653.979,53.979,0.59,0.6,0.4,0.41,0.01,0.01,74048.19,1776273653000
1776273654.54,54.54,0.59,0.6,0.4,0.41,0.01,0.01,74048.19,1776273653000
1776273655.03,55.03,0.59,0.6,0.4,0.41,0.01,0.01,74047.69,1776273654000
1776273655.389,55.389,0.59,0.6,0.4,0.41,0.01,0.01,74047.69,1776273654000
1776273655.755,55.755,0.57,0.58,0.42,0.43,0.01,0.01,74047.69,1776273654000
1776273656.16,56.16,0.57,0.58,0.42,0.43,0.01,0.01,74047.8,1776273655000
1776273656.686,56.686,0.57,0.58,0.42,0.43,0.01,0.01,74047.8,1776273655000
1776273657.075,57.075,0.57,0.58,0.42,0.43,0.01,0.01,74047.23,1776273656000
1776273657.692,57.692,0.57,0.58,0.42,0.43,0.01,0.01,74047.23,1776273656000
1776273658.1,58.1,0.57,0.58,0.42,0.43,0.01,0.01,74046.19,1776273657000
1776273658.453,58.453,0.57,0.58,0.42,0.43,0.01,0.01,74046.19,1776273657000
1776273659.138,59.138,0.56,0.58,0.42,0.44,0.02,0.02,74046.19,1776273658000
1776273659.574,59.574,0.56,0.57,0.43,0.44,0.01,0.01,74046.19,1776273658000
1776273659.945,59.945,0.54,0.55,0.45,0.46,0.01,0.01,74046.19,1776273658000
1776273660.393,60.393,0.54,0.55,0.45,0.46,0.01,0.01,74046.19,1776273658000
1776273660.749,60.749,0.49,0.53,0.45,0.5,0.04,0.05,74043.31,1776273659000
1776273661.11,61.11,0.49,0.5,0.49,0.51,0.01,0.02,74043.31,1776273659000
1776273661.482,61.482,0.49,0.5,0.5,0.51,0.01,0.01,74043.31,1776273659000
1776273661.82,61.82,0.47,0.48,0.52,0.53,0.01,0.01,74043.33,1776273660000
1776273662.155,62.155,0.43,0.44,0.56,0.57,0.01,0.01,74043.33,1776273660000
1776273662.503,62.503,0.43,0.44,0.56,0.57,0.01,0.01,74043.33,1776273660000
1776273662.852,62.852,0.43,0.44,0.56,0.57,0.01,0.01,74033.05,1776273661000
1776273663.203,63.203,0.4,0.43,0.57,0.58,0.03,0.01,74033.05,1776273661000
1776273663.62,63.62,0.4,0.42,0.57,0.6,0.02,0.03,74021.57,1776273662000
1776273663.971,63.971,0.4,0.41,0.59,0.6,0.01,0.01,74019.82,1776273663000
1776273664.441,64.441,0.4,0.41,0.59,0.6,0.01,0.01,74019.82,1776273663000
1776273664.945,64.945,0.4,0.41,0.59,0.6,0.01,0.01,74019.82,1776273663000
1776273665.287,65.287,0.4,0.41,0.59,0.6,0.01,0.01,74019.82,1776273663000
1776273665.644,65.644,0.4,0.41,0.59,0.6,0.01,0.01,74019.29,1776273664000
1776273666.276,66.276,0.4,0.41,0.59,0.6,0.01,0.01,74019.29,1776273664000
1776273666.639,66.639,0.4,0.41,0.59,0.6,0.01,0.01,74017.8,1776273665000
1776273667.105,67.105,0.4,0.41,0.59,0.6,0.01,0.01,74017.8,1776273665000
1776273667.444,67.444,0.34,0.4,0.6,0.66,0.06,0.06,74019.3,1776273666000
1776273667.787,67.787,0.34,0.35,0.65,0.66,0.01,0.01,74019.3,1776273666000
1776273668.264,68.264,0.33,0.35,0.65,0.66,0.02,0.01,74019.3,1776273666000
1776273668.599,68.599,0.33,0.34,0.66,0.67,0.01,0.01,74019.3,1776273666000
1776273669.031,69.031,0.33,0.34,0.66,0.67,0.01,0.01,74017.7,1776273667000
1776273669.38,69.38,0.33,0.34,0.66,0.67,0.01,0.01,74013.98,1776273668000
1776273669.777,69.777,0.33,0.34,0.66,0.67,0.01,0.01,74013.98,1776273668000
1776273670.209,70.209,0.33,0.34,0.66,0.67,0.01,0.01,74013.98,1776273668000
1776273670.764,70.764,0.32,0.33,0.66,0.68,0.01,0.02,74009.28,1776273669000
1776273671.134,71.134,0.32,0.33,0.67,0.68,0.01,0.01,74009.05,1776273670000
1776273671.553,71.553,0.32,0.33,0.67,0.68,0.01,0.01,74009.05,1776273670000
1776273672.031,72.031,0.32,0.33,0.67,0.68,0.01,0.01,74009.05,1776273670000
1776273672.376,72.376,0.32,0.33,0.67,0.68,0.01,0.01,74009.05,1776273670000
1776273672.864,72.864,0.32,0.33,0.67,0.68,0.01,0.01,74007.76,1776273671000
1776273673.242,73.242,0.3,0.33,0.67,0.7,0.03,0.03,74007.76,1776273671000
1776273673.631,73.631,0.28,0.31,0.69,0.71,0.03,0.02,74007.76,1776273672000
1776273673.969,73.969,0.27,0.28,0.72,0.73,0.01,0.01,74007.76,1776273672000
1776273674.334,74.334,0.27,0.28,0.72,0.73,0.01,0.01,74007.76,1776273672000
1776273674.679,74.679,0.27,0.28,0.72,0.73,0.01,0.01,74007.29,1776273673000
1776273675.036,75.036,0.25,0.26,0.74,0.75,0.01,0.01,74007.29,1776273673000
1776273675.482,75.482,0.23,0.25,0.75,0.77,0.02,0.02,73999.74,1776273674000
1776273675.828,75.828,0.22,0.23,0.76,0.78,0.01,0.02,73999.74,1776273674000
1776273676.199,76.199,0.21,0.23,0.77,0.8,0.02,0.03,73999.74,1776273674000
1776273676.543,76.543,0.2,0.22,0.78,0.8,0.02,0.02,73999.74,1776273674000
1776273676.878,76.878,0.18,0.21,0.79,0.82,0.03,0.03,73995.59,1776273675000
1776273677.215,77.215,0.16,0.19,0.81,0.82,0.03,0.01,73995.59,1776273675000
1776273677.621,77.621,0.16,0.17,0.81,0.85,0.01,0.04,73989.88,1776273676000
1776273677.992,77.992,0.16,0.17,0.83,0.84,0.01,0.01,73989.88,1776273676000
1776273678.385,78.385,0.16,0.17,0.83,0.86,0.01,0.03,73989.88,1776273676000
1776273678.735,78.735,0.15,0.16,0.84,0.85,0.01,0.01,73989.88,1776273676000
1776273679.127,79.127,0.15,0.16,0.84,0.85,0.01,0.01,73976.76,1776273677000
1776273679.493,79.493,0.17,0.18,0.82,0.83,0.01,0.01,73976.76,1776273677000
1776273679.877,79.877,0.17,0.18,0.82,0.83,0.01,0.01,73976.76,1776273677000
1776273680.554,80.554,0.17,0.18,0.82,0.83,0.01,0.01,73971.51,1776273678000
1776273680.891,80.891,0.17,0.18,0.82,0.83,0.01,0.01,73970.59,1776273679000
1776273681.229,81.229,0.17,0.18,0.82,0.83,0.01,0.01,73970.59,1776273679000
1776273681.573,81.573,0.17,0.18,0.8,0.83,0.01,0.03,73974.48,1776273680000
1776273681.915,81.915,0.18,0.2,0.81,0.82,0.02,0.01,73974.48,1776273680000
1776273682.315,82.315,0.18,0.19,0.81,0.82,0.01,0.01,73974.48,1776273680000
1776273682.704,82.704,0.19,0.2,0.8,0.82,0.01,0.02,73978.56,1776273681000
1776273683.041,83.041,0.19,0.21,0.8,0.81,0.02,0.01,73978.56,1776273681000
1776273683.381,83.381,0.21,0.22,0.78,0.8,0.01,0.02,73980.68,1776273682000
1776273683.746,83.746,0.22,0.23,0.77,0.78,0.01,0.01,73980.68,1776273682000
1776273684.158,84.158,0.22,0.23,0.77,0.78,0.01,0.01,73980.68,1776273682000
1776273684.492,84.492,0.22,0.23,0.77,0.78,0.01,0.01,73980.68,1776273682000
1776273685.176,85.176,0.22,0.23,0.77,0.78,0.01,0.01,73982.29,1776273683000
1776273685.524,85.524,0.21,0.22,0.78,0.79,0.01,0.01,73985.32,1776273684000
1776273686.011,86.011,0.2,0.21,0.78,0.79,0.01,0.01,73985.32,1776273684000
1776273686.382,86.382,0.18,0.19,0.81,0.82,0.01,0.01,73988.09,1776273685000
1776273687.019,87.019,0.18,0.2,0.81,0.82,0.02,0.01,73988.09,1776273685000
1776273687.396,87.396,0.19,0.2,0.8,0.81,0.01,0.01,73983.37,1776273686000
1776273687.952,87.952,0.19,0.2,0.8,0.81,0.01,0.01,73983.37,1776273686000
1776273688.314,88.314,0.19,0.2,0.8,0.81,0.01,0.01,73983.37,1776273686000
1776273688.767,88.767,0.19,0.2,0.8,0.81,0.01,0.01,73983.37,1776273686000
1776273689.138,89.138,0.19,0.2,0.8,0.81,0.01,0.01,73983.37,1776273686000
1776273689.624,89.624,0.2,0.21,0.79,0.81,0.01,0.02,73979.81,1776273687000
1776273689.988,89.988,0.2,0.22,0.78,0.8,0.02,0.02,73980.11,1776273688000
1776273690.351,90.351,0.23,0.24,0.76,0.77,0.01,0.01,73980.11,1776273688000
1776273690.686,90.686,0.23,0.24,0.76,0.77,0.01,0.01,73980.11,1776273688000
1776273691.051,91.051,0.23,0.24,0.76,0.77,0.01,0.01,73980.11,1776273688000
1776273691.391,91.391,0.21,0.22,0.78,0.79,0.01,0.01,73978.94,1776273689000
1776273691.758,91.758,0.21,0.22,0.78,0.79,0.01,0.01,73978.94,1776273689000
1776273692.096,92.096,0.21,0.23,0.77,0.79,0.02,0.02,73987.18,1776273690000
1776273692.531,92.531,0.22,0.23,0.77,0.78,0.01,0.01,73987.18,1776273690000
1776273692.881,92.881,0.23,0.24,0.76,0.77,0.01,0.01,73989.26,1776273691000
1776273693.321,93.321,0.23,0.24,0.76,0.77,0.01,0.01,73989.26,1776273691000
1776273693.726,93.726,0.23,0.24,0.76,0.77,0.01,0.01,73987.4,1776273692000
1776273694.232,94.232,0.24,0.25,0.75,0.77,0.01,0.02,73987.4,1776273692000
1776273694.76,94.76,0.24,0.25,0.75,0.76,0.01,0.01,73988.4,1776273693000
1776273695.126,95.126,0.24,0.25,0.75,0.76,0.01,0.01,73988.4,1776273693000
1776273695.788,95.788,0.24,0.25,0.75,0.76,0.01,0.01,73991.04,1776273694000
1776273696.39,96.39,0.24,0.25,0.75,0.76,0.01,0.01,73991.04,1776273694000
1776273696.82,96.82,0.26,0.29,0.72,0.74,0.03,0.02,73991.04,1776273694000
1776273697.173,97.173,0.28,0.29,0.71,0.72,0.01,0.01,73991.04,1776273694000
1776273697.636,97.636,0.3,0.31,0.69,0.71,0.01,0.02,73994.22,1776273696000
1776273698.086,98.086,0.31,0.32,0.69,0.7,0.01,0.01,73994.22,1776273696000
1776273698.462,98.462,0.32,0.33,0.67,0.69,0.01,0.02,73994.22,1776273696000
1776273698.879,98.879,0.32,0.33,0.67,0.68,0.01,0.01,73994.22,1776273696000
1776273699.23,99.23,0.32,0.33,0.67,0.68,0.01,0.01,74000.42,1776273697000
1776273699.722,99.722,0.33,0.34,0.66,0.67,0.01,0.01,74000.42,1776273697000
1776273700.189,100.189,0.33,0.34,0.66,0.67,0.01,0.01,74003.05,1776273698000
1776273700.527,100.527,0.33,0.35,0.65,0.67,0.02,0.02,74003.05,1776273698000
1776273701.127,101.127,0.34,0.35,0.65,0.66,0.01,0.01,74006.83,1776273700000
1776273701.48,101.48,0.34,0.36,0.65,0.66,0.02,0.01,74006.83,1776273700000
1776273701.845,101.845,0.35,0.36,0.64,0.65,0.01,0.01,74006.83,1776273700000
1776273702.184,102.184,0.35,0.36,0.64,0.65,0.01,0.01,74006.83,1776273700000
1776273702.549,102.549,0.35,0.36,0.64,0.65,0.01,0.01,74008.24,1776273701000
1776273703.09,103.09,0.35,0.36,0.64,0.65,0.01,0.01,74008.24,1776273701000
1776273704.086,104.086,0.35,0.36,0.64,0.65,0.01,0.01,74010.16,1776273702000
1776273704.85,104.85,0.38,0.39,0.61,0.62,0.01,0.01,74012.39,1776273703000
1776273705.205,105.205,0.38,0.39,0.61,0.62,0.01,0.01,74012.62,1776273704000
1776273705.629,105.629,0.38,0.39,0.61,0.62,0.01,0.01,74012.62,1776273704000
1776273706.042,106.042,0.38,0.39,0.61,0.62,0.01,0.01,74012.8,1776273705000
1776273706.444,106.444,0.39,0.4,0.59,0.62,0.01,0.03,74012.8,1776273705000
1776273706.799,106.799,0.39,0.4,0.6,0.61,0.01,0.01,74012.8,1776273705000
1776273707.209,107.209,0.39,0.4,0.6,0.61,0.01,0.01,74015.93,1776273706000
1776273707.668,107.668,0.39,0.4,0.6,0.61,0.01,0.01,74015.93,1776273706000
1776273708.092,108.092,0.4,0.41,0.59,0.6,0.01,0.01,74015.99,1776273707000
1776273708.468,108.468,0.4,0.41,0.59,0.6,0.01,0.01,74015.99,1776273707000
1776273708.814,108.814,0.4,0.41,0.59,0.6,0.01,0.01,74015.99,1776273707000
1776273709.235,109.235,0.4,0.41,0.59,0.6,0.01,0.01,74018.24,1776273708000
1776273709.685,109.685,0.4,0.41,0.59,0.6,0.01,0.01,74018.24,1776273708000
1776273710.064,110.064,0.4,0.41,0.59,0.6,0.01,0.01,74016.84,1776273709000
1776273710.539,110.539,0.41,0.42,0.58,0.59,0.01,0.01,74016.84,1776273709000
1776273710.931,110.931,0.41,0.42,0.58,0.59,0.01,0.01,74016.84,1776273709000
1776273711.325,111.325,0.42,0.44,0.57,0.59,0.02,0.02,74017.1,1776273710000
1776273711.689,111.689,0.46,0.47,0.53,0.54,0.01,0.01,74017.1,1776273710000
1776273712.07,112.07,0.46,0.47,0.53,0.54,0.01,0.01,74019.47,1776273711000
1776273712.437,112.437,0.46,0.47,0.53,0.54,0.01,0.01,74019.47,1776273711000
1776273712.776,112.776,0.46,0.47,0.52,0.54,0.01,0.02,74019.47,1776273711000
1776273713.14,113.14,0.45,0.47,0.53,0.54,0.02,0.01,74019.47,1776273711000
1776273713.492,113.492,0.45,0.46,0.53,0.55,0.01,0.02,74025.33,1776273712000
1776273713.885,113.885,0.44,0.46,0.54,0.55,0.02,0.01,74025.33,1776273712000
1776273714.297,114.297,0.42,0.43,0.55,0.58,0.01,0.03,74025.33,1776273712000
1776273714.783,114.783,0.42,0.43,0.57,0.58,0.01,0.01,74025.33,1776273712000
1776273715.135,115.135,0.45,0.46,0.54,0.55,0.01,0.01,74028.89,1776273713000
1776273715.739,115.739,0.45,0.46,0.54,0.55,0.01,0.01,74026.42,1776273714000
1776273716.086,116.086,0.47,0.49,0.51,0.52,0.02,0.01,74026.42,1776273714000
1776273716.528,116.528,0.47,0.48,0.51,0.53,0.01,0.02,74024.55,1776273715000
1776273716.912,116.912,0.47,0.48,0.52,0.53,0.01,0.01,74024.55,1776273716000
1776273717.283,117.283,0.47,0.48,0.52,0.53,0.01,0.01,74024.55,1776273716000
1776273717.725,117.725,0.47,0.48,0.52,0.53,0.01,0.01,74024.55,1776273716000
1776273718.158,118.158,0.47,0.48,0.52,0.53,0.01,0.01,74024.55,1776273716000
1776273719.105,119.105,0.47,0.48,0.52,0.53,0.01,0.01,74029.34,1776273717000
1776273719.439,119.439,0.47,0.48,0.52,0.53,0.01,0.01,74030.59,1776273718000
1776273719.928,119.928,0.47,0.48,0.52,0.53,0.01,0.01,74030.59,1776273718000
1776273720.321,120.321,0.47,0.48,0.52,0.53,0.01,0.01,74030.59,1776273719000
1776273720.887,120.887,0.47,0.48,0.52,0.53,0.01,0.01,74030.59,1776273719000
1776273721.335,121.335,0.47,0.48,0.52,0.53,0.01,0.01,74030.65,1776273720000
1776273721.676,121.676,0.47,0.48,0.52,0.53,0.01,0.01,74030.65,1776273720000
1776273722.023,122.023,0.46,0.47,0.53,0.54,0.01,0.01,74030.65,1776273720000
1776273722.751,122.751,0.46,0.47,0.53,0.54,0.01,0.01,74030.65,1776273721000
1776273723.092,123.092,0.46,0.47,0.53,0.54,0.01,0.01,74030.65,1776273721000
1776273723.427,123.427,0.46,0.47,0.53,0.54,0.01,0.01,74030.11,1776273722000
1776273723.823,123.823,0.46,0.47,0.53,0.54,0.01,0.01,74030.11,1776273722000
1776273724.202,124.202,0.46,0.47,0.53,0.54,0.01,0.01,74030.11,1776273722000
1776273724.594,124.594,0.43,0.45,0.54,0.56,0.02,0.02,74030.11,1776273723000
1776273724.952,124.952,0.44,0.45,0.55,0.56,0.01,0.01,74030.11,1776273723000
1776273725.307,125.307,0.43,0.45,0.55,0.56,0.02,0.01,74030.07,1776273724000
1776273725.779,125.779,0.43,0.44,0.56,0.57,0.01,0.01,74030.07,1776273724000
1776273726.132,126.132,0.43,0.44,0.56,0.57,0.01,0.01,74030.07,1776273724000
1776273726.53,126.53,0.43,0.44,0.56,0.57,0.01,0.01,74028.35,1776273725000
1776273726.871,126.871,0.43,0.44,0.56,0.57,0.01,0.01,74028.35,1776273725000
1776273727.26,127.26,0.43,0.44,0.56,0.57,0.01,0.01,74028.35,1776273725000
1776273728.193,128.193,0.42,0.43,0.57,0.58,0.01,0.01,74028.35,1776273726000
1776273728.551,128.551,0.42,0.43,0.57,0.58,0.01,0.01,74026.41,1776273727000
1776273729.103,129.103,0.42,0.43,0.57,0.58,0.01,0.01,74026.49,1776273728000
1776273729.481,129.481,0.42,0.43,0.57,0.58,0.01,0.01,74026.49,1776273728000
1776273729.833,129.833,0.42,0.43,0.57,0.58,0.01,0.01,74026.49,1776273728000
1776273730.233,130.233,0.42,0.43,0.57,0.58,0.01,0.01,74028.62,1776273729000
1776273730.989,130.989,0.42,0.43,0.57,0.58,0.01,0.01,74028.62,1776273729000
1776273731.5,131.5,0.43,0.44,0.57,0.58,0.01,0.01,74027.09,1776273730000
1776273732.208,132.208,0.43,0.44,0.56,0.57,0.01,0.01,74027.09,1776273730000
1776273732.65,132.65,0.42,0.43,0.56,0.58,0.01,0.02,74028.42,1776273731000
1776273733.291,133.291,0.42,0.43,0.57,0.58,0.01,0.01,74028.56,1776273732000
1776273733.777,133.777,0.42,0.43,0.57,0.58,0.01,0.01,74028.56,1776273732000
1776273734.231,134.231,0.42,0.43,0.57,0.58,0.01,0.01,74028.45,1776273733000
1776273734.759,134.759,0.42,0.43,0.57,0.58,0.01,0.01,74028.45,1776273733000
1776273735.329,135.329,0.42,0.43,0.57,0.58,0.01,0.01,74028.45,1776273734000
1776273735.765,135.765,0.42,0.43,0.57,0.58,0.01,0.01,74028.45,1776273734000
1776273736.119,136.119,0.42,0.43,0.57,0.58,0.01,0.01,74028.99,1776273735000
1776273737.087,137.087,0.42,0.43,0.57,0.58,0.01,0.01,74029.18,1776273736000
1776273737.459,137.459,0.42,0.43,0.57,0.58,0.01,0.01,74029.18,1776273736000
1776273738.209,138.209,0.41,0.43,0.57,0.58,0.02,0.01,74029.18,1776273736000
1776273738.811,138.811,0.41,0.42,0.58,0.59,0.01,0.01,74029.39,1776273737000
1776273739.186,139.186,0.41,0.42,0.58,0.59,0.01,0.01,74028.58,1776273738000
1776273739.815,139.815,0.41,0.42,0.58,0.59,0.01,0.01,74028.58,1776273738000
1776273740.245,140.245,0.41,0.42,0.58,0.59,0.01,0.01,74026.65,1776273739000
1776273740.6,140.6,0.41,0.42,0.58,0.59,0.01,0.01,74026.65,1776273739000
1776273741.03,141.03,0.41,0.42,0.58,0.59,0.01,0.01,74026.65,1776273739000
1776273741.599,141.599,0.41,0.42,0.58,0.59,0.01,0.01,74026.03,1776273740000
1776273742.104,142.104,0.35,0.37,0.63,0.65,0.02,0.02,74026.03,1776273740000
1776273742.516,142.516,0.35,0.36,0.64,0.65,0.01,0.01,74026.66,1776273741000
1776273742.903,142.903,0.35,0.36,0.64,0.65,0.01,0.01,74026.66,1776273741000
1776273743.266,143.266,0.35,0.36,0.64,0.65,0.01,0.01,74026.66,1776273741000
1776273743.616,143.616,0.35,0.36,0.64,0.65,0.01,0.01,74026.31,1776273742000
1776273744.283,144.283,0.35,0.36,0.64,0.65,0.01,0.01,74026.31,1776273742000
1776273744.788,144.788,0.35,0.36,0.64,0.65,0.01,0.01,74018.03,1776273743000
1776273745.294,145.294,0.34,0.36,0.64,0.65,0.02,0.01,74018.03,1776273743000
1776273745.643,145.643,0.33,0.35,0.65,0.66,0.02,0.01,74018.03,1776273744000
1776273745.985,145.985,0.33,0.34,0.66,0.67,0.01,0.01,74018.03,1776273744000
1776273746.399,146.399,0.32,0.33,0.67,0.68,0.01,0.01,74018.26,1776273745000
1776273746.755,146.755,0.28,0.3,0.68,0.72,0.02,0.04,74018.26,1776273745000
1776273747.088,147.088,0.27,0.28,0.72,0.73,0.01,0.01,74018.26,1776273745000
1776273747.529,147.529,0.25,0.26,0.72,0.75,0.01,0.03,74018.26,1776273746000
1776273748.045,148.045,0.25,0.26,0.74,0.75,0.01,0.01,74018.26,1776273746000
1776273748.419,148.419,0.25,0.26,0.74,0.75,0.01,0.01,74014.74,1776273747000
1776273748.771,148.771,0.25,0.26,0.74,0.75,0.01,0.01,74014.74,1776273747000
1776273749.352,149.352,0.25,0.26,0.74,0.75,0.01,0.01,74009.08,1776273748000
1776273750.067,150.067,0.25,0.26,0.74,0.75,0.01,0.01,74008.92,1776273749000
1776273750.467,150.467,0.25,0.26,0.74,0.75,0.01,0.01,74008.92,1776273749000
1776273750.941,150.941,0.25,0.26,0.74,0.75,0.01,0.01,74008.92,1776273749000
1776273751.396,151.396,0.25,0.26,0.74,0.75,0.01,0.01,74007.3,1776273750000
1776273751.749,151.749,0.27,0.29,0.72,0.73,0.02,0.01,74007.3,1776273750000
1776273752.089,152.089,0.28,0.29,0.71,0.72,0.01,0.01,74007.3,1776273750000
1776273752.494,152.494,0.28,0.29,0.71,0.72,0.01,0.01,74007.05,1776273751000
1776273752.852,152.852,0.29,0.3,0.7,0.72,0.01,0.02,74007.05,1776273751000
1776273753.383,153.383,0.29,0.3,0.7,0.71,0.01,0.01,74008.67,1776273752000
1776273753.721,153.721,0.29,0.3,0.7,0.71,0.01,0.01,74008.67,1776273752000
1776273754.072,154.072,0.25,0.26,0.73,0.78,0.01,0.05,74009.67,1776273753000
1776273754.407,154.407,0.25,0.26,0.74,0.75,0.01,0.01,74009.67,1776273753000
1776273754.898,154.898,0.26,0.27,0.73,0.74,0.01,0.01,74009.67,1776273753000
1776273755.338,155.338,0.27,0.28,0.72,0.73,0.01,0.01,74010.11,1776273754000
1776273755.945,155.945,0.27,0.28,0.72,0.73,0.01,0.01,74010.11,1776273754000
1776273756.342,156.342,0.27,0.28,0.72,0.73,0.01,0.01,74005.74,1776273755000
1776273756.854,156.854,0.27,0.28,0.72,0.73,0.01,0.01,74005.74,1776273755000
1776273757.224,157.224,0.27,0.29,0.72,0.73,0.02,0.01,74005.74,1776273755000
1776273757.763,157.763,0.28,0.29,0.71,0.72,0.01,0.01,74008.41,1776273756000
1776273758.127,158.127,0.28,0.29,0.71,0.72,0.01,0.01,74008.67,1776273757000
1776273758.513,158.513,0.28,0.29,0.71,0.72,0.01,0.01,74008.67,1776273757000
1776273758.924,158.924,0.28,0.29,0.71,0.72,0.01,0.01,74008.67,1776273757000
1776273759.408,159.408,0.27,0.29,0.71,0.72,0.02,0.01,74008.67,1776273757000
1776273759.916,159.916,0.26,0.27,0.72,0.74,0.01,0.02,74009.27,1776273758000
1776273760.471,160.471,0.26,0.27,0.73,0.74,0.01,0.01,74009.27,1776273759000
1776273760.91,160.91,0.26,0.27,0.73,0.74,0.01,0.01,74009.27,1776273759000
1776273761.512,161.512,0.26,0.27,0.73,0.74,0.01,0.01,74007.3,1776273760000
1776273762.0,162.0,0.26,0.27,0.73,0.74,0.01,0.01,74007.3,1776273760000
1776273762.438,162.438,0.26,0.27,0.73,0.74,0.01,0.01,74007.01,1776273761000
1776273763.027,163.027,0.25,0.26,0.73,0.74,0.01,0.01,74007.01,1776273761000
1776273763.416,163.416,0.25,0.26,0.74,0.75,0.01,0.01,74006.73,1776273762000
1776273763.775,163.775,0.17,0.2,0.8,0.83,0.03,0.03,74006.73,1776273762000
1776273764.137,164.137,0.17,0.18,0.82,0.83,0.01,0.01,74006.17,1776273763000
1776273764.525,164.525,0.17,0.18,0.82,0.83,0.01,0.01,74006.17,1776273763000
1776273764.994,164.994,0.16,0.18,0.82,0.84,0.02,0.02,73994.26,1776273764000
1776273765.349,165.349,0.16,0.17,0.83,0.84,0.01,0.01,73994.26,1776273764000
1776273765.721,165.721,0.16,0.17,0.83,0.84,0.01,0.01,73994.26,1776273764000
1776273766.062,166.062,0.16,0.17,0.83,0.84,0.01,0.01,73986.89,1776273765000
1776273766.423,166.423,0.16,0.17,0.83,0.84,0.01,0.01,73986.89,1776273765000
1776273766.935,166.935,0.16,0.17,0.83,0.84,0.01,0.01,73987.06,1776273766000
1776273767.397,167.397,0.16,0.17,0.83,0.84,0.01,0.01,73987.06,1776273766000
1776273767.744,167.744,0.16,0.17,0.83,0.84,0.01,0.01,73987.06,1776273766000
1776273768.18,168.18,0.16,0.17,0.83,0.84,0.01,0.01,73987.05,1776273767000
1776273768.549,168.549,0.15,0.16,0.83,0.84,0.01,0.01,73987.05,1776273767000
1776273768.891,168.891,0.15,0.16,0.84,0.85,0.01,0.01,73987.05,1776273767000
1776273769.415,169.415,0.15,0.16,0.84,0.85,0.01,0.01,73987.63,1776273768000
1776273769.75,169.75,0.14,0.15,0.85,0.86,0.01,0.01,73987.63,1776273768000
1776273770.135,170.135,0.13,0.14,0.86,0.87,0.01,0.01,73987.64,1776273769000
1776273770.583,170.583,0.12,0.13,0.86,0.88,0.01,0.02,73987.64,1776273769000
1776273770.941,170.941,0.12,0.13,0.87,0.88,0.01,0.01,73987.64,1776273769000
1776273771.295,171.295,0.11,0.12,0.87,0.88,0.01,0.01,73987.64,1776273769000
1776273771.804,171.804,0.11,0.12,0.88,0.89,0.01,0.01,73984.07,1776273770000
1776273772.137,172.137,0.11,0.12,0.88,0.89,0.01,0.01,73984.07,1776273770000
1776273772.473,172.473,0.11,0.12,0.88,0.89,0.01,0.01,73984.07,1776273770000
1776273772.94,172.94,0.11,0.12,0.88,0.89,0.01,0.01,73984.07,1776273770000
1776273773.275,173.275,0.1,0.11,0.89,0.9,0.01,0.01,73979.26,1776273771000
1776273773.772,173.772,0.09,0.1,0.9,0.91,0.01,0.01,73978.67,1776273772000
1776273774.179,174.179,0.08,0.09,0.91,0.92,0.01,0.01,73978.67,1776273772000
1776273774.544,174.544,0.08,0.09,0.91,0.92,0.01,0.01,73977.97,1776273773000
1776273774.988,174.988,0.07,0.08,0.92,0.93,0.01,0.01,73977.97,1776273773000
1776273775.385,175.385,0.07,0.08,0.92,0.93,0.01,0.01,73977.97,1776273773000
1776273775.746,175.746,0.07,0.08,0.92,0.93,0.01,0.01,73977.97,1776273773000
1776273776.133,176.133,0.07,0.08,0.92,0.93,0.01,0.01,73969.13,1776273774000
1776273776.468,176.468,0.07,0.08,0.92,0.93,0.01,0.01,73969.13,1776273774000
1776273776.81,176.81,0.07,0.08,0.92,0.93,0.01,0.01,73968.03,1776273775000
1776273777.201,177.201,0.07,0.08,0.92,0.93,0.01,0.01,73968.03,1776273775000
1776273777.64,177.64,0.07,0.08,0.92,0.93,0.01,0.01,73968.03,1776273776000
1776273778.005,178.005,0.08,0.09,0.91,0.92,0.01,0.01,73968.03,1776273776000
1776273778.341,178.341,0.08,0.1,0.91,0.92,0.02,0.01,73967,1776273777000
1776273778.775,178.775,0.1,0.11,0.89,0.9,0.01,0.01,73967,1776273777000
1776273779.212,179.212,0.11,0.12,0.88,0.89,0.01,0.01,73973.02,1776273778000
1776273779.546,179.546,0.11,0.12,0.88,0.89,0.01,0.01,73973.02,1776273778000
1776273779.913,179.913,0.11,0.12,0.88,0.89,0.01,0.01,73973.02,1776273778000
1776273780.371,180.371,0.11,0.12,0.88,0.89,0.01,0.01,73973.02,1776273778000
1776273780.789,180.789,0.11,0.12,0.88,0.89,0.01,0.01,73978.14,1776273779000
1776273781.179,181.179,0.1,0.12,0.88,0.89,0.02,0.01,73978.14,1776273780000
1776273781.516,181.516,0.09,0.11,0.89,0.9,0.02,0.01,73978.14,1776273780000
1776273781.904,181.904,0.09,0.1,0.9,0.92,0.01,0.02,73978.14,1776273780000
1776273782.316,182.316,0.08,0.1,0.9,0.91,0.02,0.01,73978.14,1776273780000
1776273782.698,182.698,0.08,0.09,0.91,0.92,0.01,0.01,73980.84,1776273781000
1776273783.112,183.112,0.08,0.09,0.91,0.92,0.01,0.01,73980.84,1776273781000
1776273783.543,183.543,0.08,0.09,0.91,0.92,0.01,0.01,73980.84,1776273781000
1776273783.879,183.879,0.08,0.09,0.91,0.92,0.01,0.01,73976.29,1776273782000
1776273784.435,184.435,0.08,0.09,0.91,0.92,0.01,0.01,73973.09,1776273783000
1776273784.77,184.77,0.1,0.11,0.89,0.91,0.01,0.02,73973.09,1776273783000
1776273785.186,185.186,0.12,0.15,0.87,0.88,0.03,0.01,73973.09,1776273783000
1776273785.53,185.53,0.14,0.15,0.85,0.86,0.01,0.01,73973.09,1776273783000
1776273785.911,185.911,0.14,0.15,0.85,0.86,0.01,0.01,73972.56,1776273784000
1776273786.418,186.418,0.14,0.15,0.85,0.86,0.01,0.01,73972.56,1776273784000
1776273786.757,186.757,0.16,0.17,0.83,0.84,0.01,0.01,73981.86,1776273785000
1776273787.122,187.122,0.16,0.17,0.83,0.84,0.01,0.01,73985.58,1776273786000
1776273787.455,187.455,0.14,0.15,0.84,0.85,0.01,0.01,73985.58,1776273786000
1776273787.798,187.798,0.12,0.13,0.87,0.9,0.01,0.03,73985.58,1776273786000
1776273788.186,188.186,0.11,0.12,0.88,0.89,0.01,0.01,73985.99,1776273787000
1776273788.546,188.546,0.1,0.12,0.88,0.89,0.02,0.01,73985.99,1776273787000
1776273788.977,188.977,0.1,0.11,0.89,0.9,0.01,0.01,73985.99,1776273787000
1776273789.316,189.316,0.1,0.11,0.89,0.9,0.01,0.01,73980.23,1776273788000
1776273789.686,189.686,0.1,0.11,0.89,0.9,0.01,0.01,73980.23,1776273788000
1776273790.137,190.137,0.1,0.11,0.89,0.9,0.01,0.01,73980.23,1776273789000
1776273790.487,190.487,0.1,0.11,0.89,0.9,0.01,0.01,73980.23,1776273789000
1776273790.822,190.822,0.1,0.11,0.89,0.9,0.01,0.01,73980.23,1776273789000
1776273791.161,191.161,0.11,0.12,0.88,0.89,0.01,0.01,73980.24,1776273790000
1776273791.554,191.554,0.11,0.12,0.88,0.89,0.01,0.01,73980.24,1776273790000
1776273791.954,191.954,0.12,0.13,0.87,0.89,0.01,0.02,73980.24,1776273790000
1776273792.29,192.29,0.11,0.12,0.87,0.89,0.01,0.02,73980.24,1776273790000
1776273792.69,192.69,0.1,0.11,0.88,0.89,0.01,0.01,73980.2,1776273791000
1776273793.028,193.028,0.1,0.11,0.89,0.9,0.01,0.01,73980.2,1776273791000
1776273793.395,193.395,0.1,0.11,0.89,0.9,0.01,0.01,73980.2,1776273791000
1776273793.745,193.745,0.09,0.1,0.9,0.91,0.01,0.01,73980.37,1776273792000
1776273794.124,194.124,0.09,0.1,0.9,0.91,0.01,0.01,73980.37,1776273792000
1776273794.486,194.486,0.09,0.1,0.9,0.91,0.01,0.01,73979.39,1776273793000
1776273794.838,194.838,0.09,0.1,0.9,0.91,0.01,0.01,73979.39,1776273793000
1776273795.235,195.235,0.09,0.1,0.9,0.91,0.01,0.01,73978.18,1776273794000
1776273795.576,195.576,0.09,0.1,0.9,0.91,0.01,0.01,73978.18,1776273794000
1776273796.274,196.274,0.09,0.1,0.9,0.91,0.01,0.01,73978.18,1776273794000
1776273796.716,196.716,0.09,0.1,0.9,0.91,0.01,0.01,73978.49,1776273795000
1776273797.188,197.188,0.09,0.1,0.9,0.91,0.01,0.01,73979.24,1776273796000
1776273797.547,197.547,0.09,0.1,0.9,0.91,0.01,0.01,73979.24,1776273796000
1776273797.881,197.881,0.09,0.1,0.9,0.91,0.01,0.01,73979.24,1776273796000
1776273798.51,198.51,0.09,0.1,0.9,0.91,0.01,0.01,73978.43,1776273797000
1776273799.076,199.076,0.1,0.11,0.89,0.9,0.01,0.01,73978.43,1776273797000
1776273799.488,199.488,0.12,0.13,0.87,0.88,0.01,0.01,73978.12,1776273798000
1776273800.071,200.071,0.12,0.13,0.87,0.88,0.01,0.01,73978.12,1776273798000
1776273800.799,200.799,0.12,0.13,0.87,0.88,0.01,0.01,73980.01,1776273799000
1776273801.395,201.395,0.12,0.13,0.87,0.88,0.01,0.01,73980.01,1776273799000
1776273801.74,201.74,0.12,0.13,0.87,0.88,0.01,0.01,73984.87,1776273800000
1776273802.151,202.151,0.12,0.13,0.87,0.88,0.01,0.01,73984.87,1776273801000
1776273802.768,202.768,0.12,0.13,0.87,0.88,0.01,0.01,73984.87,1776273801000
1776273803.161,203.161,0.12,0.13,0.87,0.88,0.01,0.01,73986.19,1776273802000
1776273803.627,203.627,0.12,0.13,0.87,0.88,0.01,0.01,73986.19,1776273802000
1776273804.084,204.084,0.12,0.13,0.87,0.88,0.01,0.01,73986.19,1776273802000
1776273804.449,204.449,0.12,0.13,0.87,0.88,0.01,0.01,73985.48,1776273803000
1776273804.996,204.996,0.12,0.13,0.87,0.88,0.01,0.01,73985.48,1776273803000
1776273805.35,205.35,0.12,0.13,0.87,0.88,0.01,0.01,73985.48,1776273803000
1776273805.795,205.795,0.12,0.13,0.87,0.88,0.01,0.01,73984.81,1776273804000
1776273806.142,206.142,0.11,0.12,0.88,0.89,0.01,0.01,73984.81,1776273804000
1776273806.615,206.615,0.11,0.12,0.88,0.89,0.01,0.01,73984.58,1776273805000
1776273807.086,207.086,0.11,0.12,0.88,0.89,0.01,0.01,73984.58,1776273805000
1776273807.508,207.508,0.11,0.12,0.88,0.89,0.01,0.01,73984.58,1776273806000
1776273807.98,207.98,0.11,0.12,0.88,0.89,0.01,0.01,73984.58,1776273806000
1776273808.402,208.402,0.11,0.12,0.88,0.89,0.01,0.01,73984.59,1776273807000
1776273808.779,208.779,0.11,0.12,0.88,0.89,0.01,0.01,73984.59,1776273807000
1776273809.547,209.547,0.13,0.14,0.87,0.89,0.01,0.02,73984.59,1776273808000
1776273809.919,209.919,0.14,0.15,0.85,0.86,0.01,0.01,73984.59,1776273808000
1776273810.313,210.313,0.15,0.16,0.84,0.86,0.01,0.02,73984.63,1776273809000
1776273810.685,210.685,0.16,0.17,0.83,0.85,0.01,0.02,73984.63,1776273809000
1776273811.075,211.075,0.16,0.17,0.83,0.84,0.01,0.01,73984.63,1776273809000
1776273811.428,211.428,0.16,0.17,0.83,0.84,0.01,0.01,73990.22,1776273810000
1776273811.77,211.77,0.16,0.17,0.83,0.84,0.01,0.01,73990.22,1776273810000
1776273812.253,212.253,0.16,0.17,0.83,0.84,0.01,0.01,73991.23,1776273811000
1776273812.598,212.598,0.16,0.17,0.83,0.84,0.01,0.01,73991.23,1776273811000
1776273813.05,213.05,0.16,0.17,0.83,0.84,0.01,0.01,73991.23,1776273812000
1776273813.432,213.432,0.16,0.17,0.83,0.84,0.01,0.01,73991.23,1776273812000
1776273813.78,213.78,0.16,0.19,0.82,0.84,0.03,0.02,73991.23,1776273812000
1776273814.514,214.514,0.18,0.19,0.81,0.82,0.01,0.01,73992.67,1776273813000
1776273814.884,214.884,0.2,0.23,0.77,0.8,0.03,0.03,73992.67,1776273813000
1776273815.402,215.402,0.18,0.23,0.77,0.82,0.05,0.05,73995.87,1776273814000
1776273815.792,215.792,0.18,0.19,0.81,0.82,0.01,0.01,73995.87,1776273814000
1776273816.165,216.165,0.19,0.21,0.77,0.81,0.02,0.04,74001.46,1776273815000
1776273816.677,216.677,0.2,0.21,0.79,0.8,0.01,0.01,74001.46,1776273815000
1776273817.021,217.021,0.2,0.22,0.78,0.8,0.02,0.02,74003.37,1776273816000
1776273817.516,217.516,0.22,0.25,0.75,0.78,0.03,0.03,74003.37,1776273816000
1776273817.858,217.858,0.24,0.26,0.74,0.76,0.02,0.02,74003.37,1776273816000
1776273818.229,218.229,0.25,0.26,0.74,0.75,0.01,0.01,74003.37,1776273816000
1776273818.574,218.574,0.26,0.27,0.73,0.75,0.01,0.02,74003.4,1776273817000
1776273819.144,219.144,0.26,0.27,0.73,0.74,0.01,0.01,74004.78,1776273818000
1776273819.602,219.602,0.27,0.28,0.72,0.73,0.01,0.01,74004.78,1776273818000
1776273819.961,219.961,0.27,0.28,0.72,0.73,0.01,0.01,74004.78,1776273818000
1776273820.299,220.299,0.22,0.23,0.75,0.77,0.01,0.02,74007.9,1776273819000
1776273820.672,220.672,0.22,0.23,0.77,0.78,0.01,0.01,74007.9,1776273819000
1776273821.08,221.08,0.22,0.23,0.77,0.78,0.01,0.01,74007.9,1776273819000
1776273821.455,221.455,0.22,0.23,0.77,0.78,0.01,0.01,74007.87,1776273820000
1776273821.818,221.818,0.22,0.23,0.77,0.78,0.01,0.01,74007.87,1776273820000
1776273822.326,222.326,0.22,0.23,0.77,0.78,0.01,0.01,74004.38,1776273821000
1776273822.967,222.967,0.22,0.23,0.77,0.78,0.01,0.01,74004.13,1776273822000
1776273823.697,223.697,0.22,0.23,0.77,0.78,0.01,0.01,74004.13,1776273822000
1776273824.045,224.045,0.22,0.23,0.77,0.78,0.01,0.01,74004.13,1776273822000
1776273824.412,224.412,0.22,0.23,0.77,0.78,0.01,0.01,74004.3,1776273823000
1776273825.009,225.009,0.21,0.23,0.77,0.79,0.02,0.02,74004.3,1776273823000
1776273825.359,225.359,0.22,0.23,0.77,0.78,0.01,0.01,74004.21,1776273824000
1776273826.022,226.022,0.22,0.23,0.77,0.78,0.01,0.01,74004.21,1776273824000
1776273826.411,226.411,0.2,0.22,0.78,0.8,0.02,0.02,74003.47,1776273825000
1776273826.768,226.768,0.19,0.2,0.8,0.81,0.01,0.01,74003.47,1776273825000
1776273827.318,227.318,0.19,0.2,0.8,0.81,0.01,0.01,74002.43,1776273826000
1776273827.79,227.79,0.14,0.16,0.82,0.83,0.02,0.01,74002.43,1776273826000
1776273828.143,228.143,0.13,0.15,0.86,0.87,0.02,0.01,74002.43,1776273826000
1776273828.48,228.48,0.13,0.14,0.86,0.87,0.01,0.01,73999.37,1776273827000
1776273828.909,228.909,0.13,0.14,0.86,0.87,0.01,0.01,73999.37,1776273827000
1776273829.286,229.286,0.13,0.14,0.86,0.87,0.01,0.01,73994.21,1776273828000
1776273829.868,229.868,0.13,0.14,0.86,0.87,0.01,0.01,73994.21,1776273829000
1776273830.543,230.543,0.13,0.14,0.86,0.87,0.01,0.01,73994.21,1776273829000
1776273830.98,230.98,0.13,0.14,0.86,0.87,0.01,0.01,73995.43,1776273830000
1776273831.432,231.432,0.13,0.14,0.86,0.87,0.01,0.01,73995.43,1776273830000
1776273831.775,231.775,0.13,0.14,0.86,0.87,0.01,0.01,73995.43,1776273830000
1776273832.242,232.242,0.13,0.14,0.86,0.87,0.01,0.01,73995.43,1776273830000
1776273832.592,232.592,0.13,0.14,0.86,0.87,0.01,0.01,73995.43,1776273830000
1776273832.984,232.984,0.13,0.14,0.86,0.88,0.01,0.02,73997.63,1776273831000
1776273833.582,233.582,0.13,0.14,0.86,0.87,0.01,0.01,73995.78,1776273832000
1776273833.928,233.928,0.13,0.14,0.86,0.87,0.01,0.01,73995.78,1776273832000
1776273834.401,234.401,0.14,0.15,0.85,0.86,0.01,0.01,73994.96,1776273833000
1776273834.789,234.789,0.14,0.15,0.85,0.86,0.01,0.01,73994.96,1776273833000
1776273835.124,235.124,0.14,0.15,0.84,0.86,0.01,0.02,73994.96,1776273833000
1776273835.554,235.554,0.14,0.15,0.85,0.86,0.01,0.01,73997.38,1776273834000
1776273835.896,235.896,0.14,0.15,0.85,0.86,0.01,0.01,73997.38,1776273834000
1776273837.181,237.181,0.14,0.15,0.85,0.86,0.01,0.01,74000.82,1776273836000
1776273837.871,237.871,0.14,0.15,0.85,0.86,0.01,0.01,74000.82,1776273836000
1776273838.228,238.228,0.14,0.15,0.85,0.86,0.01,0.01,73995.55,1776273837000
1776273838.825,238.825,0.13,0.15,0.85,0.86,0.02,0.01,73995.55,1776273837000
1776273839.21,239.21,0.13,0.15,0.85,0.87,0.02,0.02,73995.06,1776273838000
1776273839.718,239.718,0.13,0.15,0.85,0.87,0.02,0.02,73995.06,1776273838000
1776273840.261,240.261,0.13,0.15,0.85,0.87,0.02,0.02,73994.28,1776273839000
1776273840.715,240.715,0.13,0.15,0.85,0.86,0.02,0.01,73994.28,1776273839000
1776273841.095,241.095,0.13,0.15,0.85,0.87,0.02,0.02,73994.28,1776273839000
1776273841.492,241.492,0.13,0.15,0.85,0.87,0.02,0.02,73992.84,1776273840000
1776273841.921,241.921,0.12,0.13,0.87,0.88,0.01,0.01,73992.84,1776273840000
1776273842.337,242.337,0.12,0.13,0.87,0.88,0.01,0.01,73993,1776273841000
1776273842.677,242.677,0.13,0.14,0.86,0.87,0.01,0.01,73993,1776273841000
1776273843.043,243.043,0.13,0.14,0.86,0.87,0.01,0.01,73999.54,1776273842000
1776273843.408,243.408,0.13,0.17,0.83,0.87,0.04,0.04,73999.54,1776273842000
1776273843.829,243.829,0.13,0.17,0.83,0.87,0.04,0.04,74001.74,1776273843000
1776273844.557,244.557,0.14,0.18,0.83,0.84,0.04,0.01,74001.74,1776273843000
1776273846.02,246.02,0.14,0.18,0.82,0.86,0.04,0.04,74014.59,1776273844000
1776273847.512,247.512,0.14,0.18,0.82,0.86,0.04,0.04,74019.42,1776273845000
1776273847.951,247.951,0.14,0.18,0.82,0.86,0.04,0.04,74020.11,1776273846000
1776273848.347,248.347,0.17,0.18,0.82,0.83,0.01,0.01,74020.11,1776273846000
1776273848.734,248.734,0.17,0.2,0.8,0.83,0.03,0.03,74020.11,1776273846000
1776273849.194,249.194,0.17,0.2,0.8,0.83,0.03,0.03,74020.17,1776273847000
1776273849.53,249.53,0.18,0.25,0.75,0.82,0.07,0.07,74020.17,1776273847000
1776273849.87,249.87,0.21,0.22,0.78,0.79,0.01,0.01,74020.85,1776273848000
1776273850.212,250.212,0.23,0.25,0.76,0.77,0.02,0.01,74020.85,1776273848000
1776273850.558,250.558,0.25,0.26,0.74,0.75,0.01,0.01,74020.85,1776273849000
1776273850.894,250.894,0.25,0.26,0.74,0.75,0.01,0.01,74020.85,1776273849000
1776273851.235,251.235,0.25,0.26,0.74,0.75,0.01,0.01,74020.89,1776273850000
1776273851.861,251.861,0.26,0.27,0.73,0.74,0.01,0.01,74020.89,1776273850000
1776273852.367,252.367,0.29,0.3,0.7,0.71,0.01,0.01,74020.89,1776273850000
1776273853.265,253.265,0.29,0.3,0.7,0.71,0.01,0.01,74020.5,1776273852000
1776273853.792,253.792,0.29,0.3,0.7,0.71,0.01,0.01,74020.5,1776273852000
1776273854.242,254.242,0.29,0.3,0.7,0.71,0.01,0.01,74020.5,1776273853000
1776273855.213,255.213,0.29,0.3,0.7,0.71,0.01,0.01,74020.5,1776273853000
1776273855.671,255.671,0.29,0.3,0.7,0.71,0.01,0.01,74020.66,1776273854000
1776273856.082,256.082,0.29,0.3,0.7,0.71,0.01,0.01,74020.66,1776273854000
1776273856.449,256.449,0.29,0.3,0.7,0.71,0.01,0.01,74020.66,1776273854000
1776273857.173,257.173,0.29,0.3,0.7,0.71,0.01,0.01,74025.59,1776273855000
1776273857.506,257.506,0.29,0.32,0.68,0.71,0.03,0.03,74027.6,1776273856000
1776273857.864,257.864,0.34,0.35,0.65,0.66,0.01,0.01,74027.6,1776273856000
1776273858.23,258.23,0.34,0.35,0.65,0.66,0.01,0.01,74027.6,1776273856000
1776273858.62,258.62,0.35,0.37,0.64,0.65,0.02,0.01,74027.6,1776273856000
1776273859.031,259.031,0.39,0.4,0.6,0.63,0.01,0.03,74030.0,1776273857000
1776273859.382,259.382,0.39,0.41,0.6,0.61,0.02,0.01,74030.0,1776273857000
1776273859.742,259.742,0.41,0.42,0.58,0.59,0.01,0.01,74031.8,1776273858000
1776273860.417,260.417,0.42,0.43,0.58,0.59,0.01,0.01,74031.8,1776273858000
1776273860.907,260.907,0.42,0.43,0.57,0.58,0.01,0.01,74032.24,1776273859000
1776273861.374,261.374,0.42,0.43,0.57,0.58,0.01,0.01,74032.24,1776273860000
1776273862.166,262.166,0.42,0.44,0.56,0.58,0.02,0.02,74032.69,1776273861000
1776273862.918,262.918,0.42,0.44,0.56,0.58,0.02,0.02,74032.69,1776273861000
1776273863.64,263.64,0.42,0.44,0.56,0.58,0.02,0.02,74034.82,1776273862000
1776273864.012,264.012,0.42,0.44,0.56,0.58,0.02,0.02,74034.82,1776273862000
1776273864.386,264.386,0.43,0.46,0.55,0.58,0.03,0.03,74034.82,1776273862000
1776273864.92,264.92,0.43,0.46,0.54,0.57,0.03,0.03,74036.24,1776273863000
1776273865.285,265.285,0.44,0.45,0.51,0.56,0.01,0.05,74036.29,1776273864000
1776273865.666,265.666,0.45,0.47,0.54,0.55,0.02,0.01,74036.29,1776273864000
1776273866.0,266.0,0.45,0.47,0.54,0.55,0.02,0.01,74036.29,1776273864000
1776273866.349,266.349,0.45,0.46,0.54,0.55,0.01,0.01,74036.29,1776273864000
1776273866.694,266.694,0.41,0.42,0.58,0.6,0.01,0.02,74036.38,1776273865000
1776273867.034,267.034,0.41,0.42,0.58,0.59,0.01,0.01,74036.38,1776273865000
1776273867.419,267.419,0.4,0.41,0.59,0.6,0.01,0.01,74036.38,1776273865000
1776273867.76,267.76,0.39,0.4,0.6,0.61,0.01,0.01,74034.02,1776273866000
1776273868.227,268.227,0.39,0.4,0.6,0.61,0.01,0.01,74031.37,1776273867000
1776273868.663,268.663,0.39,0.4,0.6,0.61,0.01,0.01,74031.37,1776273867000
1776273869.202,269.202,0.38,0.4,0.6,0.62,0.02,0.02,74029.96,1776273868000
1776273870.229,270.229,0.38,0.39,0.6,0.62,0.01,0.02,74029.96,1776273868000
1776273870.632,270.632,0.38,0.39,0.61,0.62,0.01,0.01,74029.02,1776273869000
1776273871.127,271.127,0.38,0.39,0.61,0.62,0.01,0.01,74029.02,1776273870000
1776273871.489,271.489,0.38,0.39,0.61,0.62,0.01,0.01,74029.02,1776273870000
1776273871.833,271.833,0.36,0.37,0.63,0.64,0.01,0.01,74029.02,1776273870000
1776273872.218,272.218,0.35,0.36,0.64,0.65,0.01,0.01,74028.95,1776273871000
1776273872.657,272.657,0.34,0.35,0.65,0.66,0.01,0.01,74028.95,1776273871000
1776273873.066,273.066,0.33,0.34,0.66,0.67,0.01,0.01,74028.95,1776273871000
1776273873.404,273.404,0.33,0.34,0.66,0.67,0.01,0.01,74027.32,1776273872000
1776273873.773,273.773,0.33,0.34,0.66,0.67,0.01,0.01,74027.32,1776273872000
1776273874.107,274.107,0.32,0.33,0.67,0.68,0.01,0.01,74027.32,1776273872000
1776273874.463,274.463,0.32,0.35,0.67,0.68,0.03,0.01,74025.68,1776273873000
1776273874.799,274.799,0.38,0.51,0.49,0.56,0.13,0.07,74025.68,1776273873000
1776273875.166,275.166,0.5,0.51,0.49,0.5,0.01,0.01,74025.62,1776273874000
1776273875.516,275.516,0.52,0.53,0.48,0.49,0.01,0.01,74025.62,1776273874000
1776273875.868,275.868,0.53,0.54,0.46,0.47,0.01,0.01,74025.62,1776273874000
1776273876.232,276.232,0.54,0.55,0.45,0.46,0.01,0.01,74025.62,1776273874000
1776273876.608,276.608,0.54,0.55,0.45,0.46,0.01,0.01,74025.75,1776273875000
1776273877.075,277.075,0.54,0.55,0.45,0.46,0.01,0.01,74025.75,1776273875000
1776273877.469,277.469,0.54,0.55,0.45,0.46,0.01,0.01,74025.75,1776273875000
1776273877.891,277.891,0.54,0.55,0.45,0.46,0.01,0.01,74032.98,1776273876000
1776273878.379,278.379,0.54,0.55,0.45,0.46,0.01,0.01,74032.98,1776273877000
1776273878.887,278.887,0.54,0.55,0.45,0.46,0.01,0.01,74032.98,1776273877000
1776273879.501,279.501,0.54,0.55,0.45,0.46,0.01,0.01,74034.22,1776273878000
1776273879.86,279.86,0.54,0.55,0.45,0.46,0.01,0.01,74034.22,1776273878000
1776273880.315,280.315,0.54,0.55,0.45,0.46,0.01,0.01,74034.22,1776273878000
1776273880.777,280.777,0.54,0.55,0.45,0.46,0.01,0.01,74034.27,1776273879000
1776273881.404,281.404,0.51,0.54,0.45,0.46,0.03,0.01,74034.27,1776273879000
1776273881.916,281.916,0.44,0.45,0.55,0.56,0.01,0.01,74034.39,1776273881000
1776273882.307,282.307,0.42,0.43,0.57,0.58,0.01,0.01,74034.39,1776273881000
1776273882.861,282.861,0.42,0.43,0.57,0.58,0.01,0.01,74034.39,1776273881000
1776273883.222,283.222,0.41,0.42,0.57,0.59,0.01,0.02,74034.41,1776273882000
1776273883.647,283.647,0.41,0.43,0.58,0.59,0.02,0.01,74034.41,1776273882000
1776273884.22,284.22,0.41,0.42,0.58,0.59,0.01,0.01,74032.99,1776273883000
1776273884.558,284.558,0.41,0.42,0.58,0.59,0.01,0.01,74032.99,1776273883000
1776273884.965,284.965,0.41,0.42,0.58,0.59,0.01,0.01,74032.99,1776273883000
1776273885.338,285.338,0.41,0.42,0.58,0.59,0.01,0.01,74032.99,1776273883000
1776273885.72,285.72,0.4,0.42,0.58,0.59,0.02,0.01,74033.13,1776273884000
1776273886.249,286.249,0.38,0.39,0.61,0.62,0.01,0.01,74033.13,1776273884000
1776273886.721,286.721,0.38,0.39,0.61,0.62,0.01,0.01,74032.24,1776273885000
1776273887.244,287.244,0.38,0.39,0.61,0.62,0.01,0.01,74032.24,1776273885000
1776273887.615,287.615,0.38,0.41,0.61,0.62,0.03,0.01,74032.21,1776273886000
1776273887.974,287.974,0.38,0.39,0.59,0.62,0.01,0.03,74032.21,1776273887000
1776273888.807,288.807,0.38,0.39,0.61,0.62,0.01,0.01,74032.21,1776273887000
1776273889.235,289.235,0.38,0.39,0.61,0.62,0.01,0.01,74031.8,1776273888000
1776273889.692,289.692,0.36,0.37,0.63,0.64,0.01,0.01,74031.8,1776273888000
1776273890.26,290.26,0.36,0.37,0.63,0.64,0.01,0.01,74031.8,1776273889000
1776273890.614,290.614,0.38,0.39,0.61,0.62,0.01,0.01,74031.8,1776273889000
1776273890.971,290.971,0.38,0.39,0.61,0.62,0.01,0.01,74031.8,1776273889000
1776273891.335,291.335,0.38,0.39,0.61,0.62,0.01,0.01,74032.65,1776273890000
1776273891.722,291.722,0.37,0.38,0.62,0.64,0.01,0.02,74032.65,1776273890000
1776273892.173,292.173,0.38,0.4,0.6,0.62,0.02,0.02,74032.68,1776273891000
1776273892.542,292.542,0.37,0.39,0.6,0.62,0.02,0.02,74032.68,1776273891000
1776273892.927,292.927,0.36,0.37,0.62,0.63,0.01,0.01,74032.68,1776273891000
1776273893.329,293.329,0.36,0.37,0.63,0.64,0.01,0.01,74032.68,1776273892000
1776273893.716,293.716,0.32,0.34,0.66,0.67,0.02,0.01,74032.68,1776273892000
1776273894.241,294.241,0.31,0.32,0.68,0.69,0.01,0.01,74032.68,1776273892000
1776273894.614,294.614,0.31,0.32,0.68,0.69,0.01,0.01,74032.65,1776273893000
1776273894.962,294.962,0.31,0.32,0.68,0.69,0.01,0.01,74032.65,1776273893000
1776273895.317,295.317,0.22,0.24,0.7,0.77,0.02,0.07,74030.25,1776273894000
1776273895.758,295.758,0.19,0.2,0.8,0.81,0.01,0.01,74030.25,1776273894000
1776273896.126,296.126,0.18,0.19,0.81,0.82,0.01,0.01,74030.25,1776273894000
1776273896.468,296.468,0.16,0.18,0.82,0.83,0.02,0.01,74030.06,1776273895000
1776273897.054,297.054,0.14,0.15,0.85,0.86,0.01,0.01,74030.06,1776273895000
1776273897.486,297.486,0.14,0.15,0.85,0.86,0.01,0.01,74029.05,1776273896000
1776273897.898,297.898,0.1,0.11,0.87,0.9,0.01,0.03,74029.05,1776273896000
1776273898.294,298.294,0.1,0.11,0.89,0.9,0.01,0.01,74026.9,1776273897000
1776273898.627,298.627,0.07,0.08,0.92,0.93,0.01,0.01,74026.9,1776273897000
1776273898.961,298.961,0.04,0.06,0.94,0.95,0.02,0.01,74026.9,1776273897000
1776273899.314,299.314,0.02,0.03,0.97,0.98,0.01,0.01,74026.9,1776273897000
1776273899.656,299.656,0.01,0.02,0.98,0.99,0.01,0.01,74026.63,1776273898000
1776273899.991,299.991,0.01,0.02,0.98,0.99,0.01,0.01,74026.63,1776273898000
1776273900.391,300.391,0.01,0.01,0.99,0.99,0.0,0.0,74026.62,1776273899000
1776273900.831,300.831,0.01,0.01,0.99,0.99,0.0,0.0,74026.62,1776273899000
1776273902.257,302.257,0.01,0.01,0.99,0.99,0.0,0.0,74026.7,1776273901000

# RESULT,winner=Down,slug=btc-updown-5m-1776273600,ticks=685
