timestamp,elapsed_sec,up_bid,up_ask,down_bid,down_ask,up_spread,down_spread,btc_price,btc_oracle_ts
1776473700.704,0.704,0.5,0.51,0.49,0.5,0.01,0.01,77209.16,1776473699000
1776473701.048,1.048,0.5,0.52,0.49,0.5,0.02,0.01,77209.16,1776473699000
1776473701.441,1.441,0.51,0.52,0.48,0.49,0.01,0.01,77208.7,1776473700000
1776473701.786,1.786,0.51,0.52,0.48,0.49,0.01,0.01,77208.7,1776473700000
1776473702.145,2.145,0.51,0.52,0.48,0.49,0.01,0.01,77208.68,1776473701000
1776473702.531,2.531,0.51,0.52,0.48,0.49,0.01,0.01,77208.68,1776473701000
1776473703.099,3.099,0.51,0.52,0.48,0.49,0.01,0.01,77208.74,1776473702000
1776473703.44,3.44,0.51,0.52,0.48,0.49,0.01,0.01,77208.74,1776473702000
1776473704.069,4.069,0.51,0.52,0.47,0.49,0.01,0.02,77208.74,1776473702000
1776473704.667,4.667,0.51,0.52,0.48,0.49,0.01,0.01,77211.91,1776473703000
1776473705.03,5.03,0.5,0.52,0.48,0.49,0.02,0.01,77211.91,1776473703000
1776473705.603,5.603,0.51,0.52,0.48,0.49,0.01,0.01,77211.35,1776473704000
1776473705.94,5.94,0.51,0.52,0.48,0.49,0.01,0.01,77211.35,1776473704000
1776473706.276,6.276,0.51,0.52,0.48,0.49,0.01,0.01,77211.35,1776473704000
1776473706.725,6.725,0.51,0.52,0.48,0.49,0.01,0.01,77211.35,1776473704000
1776473707.346,7.346,0.51,0.52,0.48,0.49,0.01,0.01,77211.35,1776473704000
1776473707.883,7.883,0.51,0.52,0.48,0.49,0.01,0.01,77211.35,1776473704000
1776473708.466,8.466,0.51,0.52,0.48,0.49,0.01,0.01,77214.32,1776473707000
1776473708.807,8.807,0.51,0.52,0.48,0.49,0.01,0.01,77214.32,1776473707000
1776473709.158,9.158,0.51,0.52,0.48,0.49,0.01,0.01,77214.32,1776473707000
1776473709.758,9.758,0.51,0.52,0.48,0.49,0.01,0.01,77214.49,1776473708000
1776473710.12,10.12,0.51,0.52,0.48,0.49,0.01,0.01,77214.49,1776473708000
1776473710.726,10.726,0.51,0.52,0.48,0.49,0.01,0.01,77214.49,1776473708000
1776473711.162,11.162,0.52,0.53,0.47,0.49,0.01,0.02,77214.49,1776473709000
1776473711.691,11.691,0.52,0.53,0.47,0.48,0.01,0.01,77214.49,1776473710000
1776473712.104,12.104,0.52,0.53,0.47,0.48,0.01,0.01,77214.49,1776473710000
1776473712.506,12.506,0.52,0.53,0.47,0.48,0.01,0.01,77214.46,1776473711000
1776473712.871,12.871,0.46,0.48,0.51,0.54,0.02,0.03,77214.46,1776473711000
1776473713.242,13.242,0.46,0.47,0.53,0.54,0.01,0.01,77215.54,1776473712000
1776473713.586,13.586,0.46,0.47,0.53,0.54,0.01,0.01,77215.54,1776473712000
1776473714.177,14.177,0.46,0.47,0.53,0.54,0.01,0.01,77215.54,1776473712000
1776473714.515,14.515,0.46,0.47,0.53,0.54,0.01,0.01,77215.54,1776473712000
1776473714.85,14.85,0.46,0.47,0.53,0.54,0.01,0.01,77210.58,1776473713000
1776473715.242,15.242,0.46,0.47,0.53,0.54,0.01,0.01,77210.58,1776473713000
1776473715.599,15.599,0.46,0.47,0.53,0.54,0.01,0.01,77208.66,1776473714000
1776473715.956,15.956,0.47,0.48,0.52,0.54,0.01,0.02,77208.66,1776473714000
1776473716.398,16.398,0.47,0.48,0.52,0.53,0.01,0.01,77208.66,1776473714000
1776473716.776,16.776,0.47,0.48,0.52,0.53,0.01,0.01,77208.66,1776473714000
1776473717.172,17.172,0.47,0.48,0.52,0.53,0.01,0.01,77208.94,1776473715000
1776473717.61,17.61,0.47,0.48,0.52,0.53,0.01,0.01,77208.94,1776473715000
1776473718.001,18.001,0.47,0.5,0.52,0.53,0.03,0.01,77209.64,1776473716000
1776473718.334,18.334,0.52,0.53,0.47,0.48,0.01,0.01,77209.64,1776473716000
1776473718.688,18.688,0.52,0.53,0.47,0.48,0.01,0.01,77209.83,1776473717000
1776473719.144,19.144,0.53,0.54,0.46,0.48,0.01,0.02,77209.83,1776473717000
1776473719.491,19.491,0.53,0.54,0.46,0.47,0.01,0.01,77209.83,1776473718000
1776473719.961,19.961,0.53,0.54,0.46,0.47,0.01,0.01,77209.83,1776473718000
1776473720.501,20.501,0.53,0.54,0.46,0.47,0.01,0.01,77209.83,1776473718000
1776473721.158,21.158,0.53,0.54,0.46,0.47,0.01,0.01,77209.85,1776473719000
1776473721.919,21.919,0.53,0.54,0.46,0.47,0.01,0.01,77212.46,1776473720000
1776473722.55,22.55,0.53,0.54,0.46,0.47,0.01,0.01,77212.46,1776473721000
1776473722.915,22.915,0.53,0.54,0.46,0.47,0.01,0.01,77212.46,1776473721000
1776473723.491,23.491,0.53,0.54,0.46,0.47,0.01,0.01,77212.46,1776473721000
1776473723.94,23.94,0.53,0.54,0.46,0.47,0.01,0.01,77212.87,1776473722000
1776473724.37,24.37,0.53,0.54,0.46,0.47,0.01,0.01,77212.86,1776473723000
1776473724.708,24.708,0.53,0.54,0.46,0.47,0.01,0.01,77212.86,1776473723000
1776473725.301,25.301,0.53,0.54,0.46,0.47,0.01,0.01,77212.86,1776473723000
1776473725.792,25.792,0.53,0.54,0.46,0.47,0.01,0.01,77212.86,1776473724000
1776473726.401,26.401,0.54,0.55,0.45,0.47,0.01,0.02,77212.86,1776473724000
1776473726.781,26.781,0.54,0.55,0.45,0.46,0.01,0.01,77212.86,1776473724000
1776473727.406,27.406,0.54,0.55,0.45,0.46,0.01,0.01,77212.86,1776473725000
1776473727.846,27.846,0.54,0.55,0.45,0.46,0.01,0.01,77213.0,1776473726000
1776473728.244,28.244,0.54,0.55,0.45,0.46,0.01,0.01,77213.0,1776473726000
1776473728.597,28.597,0.54,0.55,0.45,0.46,0.01,0.01,77213.35,1776473727000
1776473728.971,28.971,0.55,0.56,0.44,0.46,0.01,0.02,77213.35,1776473727000
1776473729.472,29.472,0.55,0.56,0.44,0.45,0.01,0.01,77213.39,1776473728000
1776473730.245,30.245,0.56,0.58,0.42,0.44,0.02,0.02,77213.39,1776473729000
1776473730.72,30.72,0.57,0.58,0.42,0.43,0.01,0.01,77213.39,1776473729000
1776473731.107,31.107,0.57,0.59,0.42,0.43,0.02,0.01,77213.39,1776473729000
1776473731.556,31.556,0.57,0.58,0.42,0.43,0.01,0.01,77215.6,1776473730000
1776473732.382,32.382,0.57,0.58,0.42,0.43,0.01,0.01,77215.6,1776473730000
1776473732.92,32.92,0.57,0.58,0.42,0.43,0.01,0.01,77216.28,1776473731000
1776473733.354,33.354,0.57,0.58,0.42,0.43,0.01,0.01,77216.71,1776473732000
1776473734.055,34.055,0.57,0.58,0.42,0.43,0.01,0.01,77216.95,1776473733000
1776473734.475,34.475,0.57,0.58,0.42,0.43,0.01,0.01,77216.95,1776473733000
1776473734.848,34.848,0.57,0.58,0.42,0.43,0.01,0.01,77216.95,1776473733000
1776473735.249,35.249,0.56,0.58,0.42,0.44,0.02,0.02,77216.97,1776473734000
1776473735.673,35.673,0.57,0.58,0.42,0.43,0.01,0.01,77216.97,1776473734000
1776473736.08,36.08,0.57,0.58,0.42,0.43,0.01,0.01,77216.97,1776473734000
1776473736.877,36.877,0.56,0.58,0.42,0.44,0.02,0.02,77216.67,1776473736000
1776473738.044,38.044,0.57,0.58,0.42,0.43,0.01,0.01,77216.63,1776473737000
1776473738.6,38.6,0.57,0.58,0.42,0.43,0.01,0.01,77216.63,1776473737000
1776473738.941,38.941,0.57,0.58,0.42,0.43,0.01,0.01,77216.63,1776473737000
1776473739.443,39.443,0.57,0.58,0.42,0.43,0.01,0.01,77216.64,1776473738000
1776473739.801,39.801,0.62,0.63,0.36,0.38,0.01,0.02,77216.64,1776473738000
1776473740.161,40.161,0.63,0.65,0.36,0.37,0.02,0.01,77216.64,1776473738000
1776473740.524,40.524,0.63,0.64,0.36,0.37,0.01,0.01,77216.64,1776473739000
1776473740.892,40.892,0.63,0.64,0.36,0.37,0.01,0.01,77216.64,1776473739000
1776473741.306,41.306,0.64,0.65,0.35,0.37,0.01,0.02,77216.74,1776473740000
1776473741.728,41.728,0.64,0.65,0.35,0.36,0.01,0.01,77216.74,1776473740000
1776473742.264,42.264,0.63,0.65,0.35,0.36,0.02,0.01,77216.74,1776473740000
1776473742.713,42.713,0.63,0.65,0.35,0.36,0.02,0.01,77216.74,1776473740000
1776473743.24,43.24,0.63,0.64,0.36,0.37,0.01,0.01,77221.53,1776473741000
1776473743.812,43.812,0.62,0.63,0.37,0.38,0.01,0.01,77222.86,1776473742000
1776473744.148,44.148,0.62,0.65,0.35,0.38,0.03,0.03,77224.27,1776473743000
1776473744.553,44.553,0.69,0.7,0.3,0.31,0.01,0.01,77224.27,1776473743000
1776473744.952,44.952,0.69,0.7,0.3,0.31,0.01,0.01,77224.27,1776473743000
1776473745.294,45.294,0.69,0.7,0.3,0.31,0.01,0.01,77226.18,1776473744000
1776473745.654,45.654,0.69,0.71,0.3,0.31,0.02,0.01,77226.18,1776473744000
1776473745.995,45.995,0.71,0.72,0.28,0.29,0.01,0.01,77226.18,1776473744000
1776473746.377,46.377,0.71,0.72,0.28,0.29,0.01,0.01,77229.73,1776473745000
1776473746.779,46.779,0.71,0.72,0.28,0.29,0.01,0.01,77229.73,1776473745000
1776473747.174,47.174,0.71,0.72,0.28,0.29,0.01,0.01,77233.25,1776473746000
1776473747.834,47.834,0.7,0.71,0.28,0.3,0.01,0.02,77233.25,1776473746000
1776473748.204,48.204,0.69,0.71,0.29,0.31,0.02,0.02,77234.81,1776473747000
1776473748.588,48.588,0.69,0.7,0.29,0.31,0.01,0.02,77234.81,1776473747000
1776473749.038,49.038,0.67,0.69,0.3,0.33,0.02,0.03,77234.81,1776473747000
1776473749.459,49.459,0.67,0.68,0.32,0.33,0.01,0.01,77234.81,1776473747000
1776473749.809,49.809,0.67,0.68,0.32,0.33,0.01,0.01,77235.99,1776473748000
1776473750.151,50.151,0.67,0.68,0.32,0.33,0.01,0.01,77235.9,1776473749000
1776473750.66,50.66,0.67,0.68,0.32,0.33,0.01,0.01,77235.9,1776473749000
1776473751.14,51.14,0.67,0.68,0.32,0.33,0.01,0.01,77235.9,1776473749000
1776473751.704,51.704,0.67,0.68,0.32,0.34,0.01,0.02,77235.93,1776473750000
1776473752.316,52.316,0.67,0.68,0.32,0.33,0.01,0.01,77235.93,1776473750000
1776473752.778,52.778,0.67,0.68,0.32,0.33,0.01,0.01,77235.92,1776473751000
1776473753.522,53.522,0.66,0.67,0.32,0.33,0.01,0.01,77235.95,1776473752000
1776473753.928,53.928,0.66,0.67,0.33,0.34,0.01,0.01,77235.95,1776473752000
1776473754.341,54.341,0.66,0.67,0.33,0.34,0.01,0.01,77235.95,1776473752000
1776473754.85,54.85,0.66,0.67,0.33,0.34,0.01,0.01,77235.97,1776473753000
1776473755.202,55.202,0.66,0.67,0.33,0.34,0.01,0.01,77235.97,1776473753000
1776473756.219,56.219,0.66,0.67,0.33,0.34,0.01,0.01,77236.67,1776473755000
1776473756.582,56.582,0.66,0.67,0.33,0.34,0.01,0.01,77236.67,1776473755000
1776473756.961,56.961,0.66,0.67,0.33,0.34,0.01,0.01,77236.67,1776473755000
1776473758.113,58.113,0.66,0.67,0.33,0.34,0.01,0.01,77236.72,1776473756000
1776473758.509,58.509,0.65,0.66,0.34,0.35,0.01,0.01,77236.72,1776473757000
1776473758.89,58.89,0.65,0.66,0.34,0.35,0.01,0.01,77236.72,1776473757000
1776473759.598,59.598,0.65,0.66,0.34,0.35,0.01,0.01,77236.72,1776473758000
1776473759.964,59.964,0.65,0.66,0.34,0.35,0.01,0.01,77236.72,1776473758000
1776473760.462,60.462,0.65,0.66,0.34,0.35,0.01,0.01,77235.39,1776473759000
1776473760.902,60.902,0.65,0.66,0.34,0.35,0.01,0.01,77235.39,1776473759000
1776473761.276,61.276,0.65,0.67,0.34,0.35,0.02,0.01,77235.4,1776473760000
1776473761.9,61.9,0.66,0.67,0.33,0.34,0.01,0.01,77235.4,1776473760000
1776473762.271,62.271,0.66,0.67,0.33,0.34,0.01,0.01,77233.85,1776473761000
1776473762.716,62.716,0.66,0.67,0.33,0.34,0.01,0.01,77233.85,1776473761000
1776473763.1,63.1,0.66,0.67,0.33,0.34,0.01,0.01,77233.85,1776473761000
1776473763.461,63.461,0.62,0.65,0.35,0.38,0.03,0.03,77235.41,1776473762000
1776473763.806,63.806,0.63,0.64,0.36,0.37,0.01,0.01,77235.41,1776473762000
1776473764.228,64.228,0.62,0.63,0.36,0.38,0.01,0.02,77235.91,1776473763000
1776473764.588,64.588,0.62,0.63,0.37,0.38,0.01,0.01,77235.91,1776473763000
1776473764.966,64.966,0.62,0.63,0.37,0.38,0.01,0.01,77235.39,1776473764000
1776473765.341,65.341,0.62,0.63,0.37,0.38,0.01,0.01,77235.39,1776473764000
1776473765.716,65.716,0.62,0.63,0.37,0.38,0.01,0.01,77235.39,1776473764000
1776473766.09,66.09,0.62,0.63,0.37,0.38,0.01,0.01,77235.39,1776473765000
1776473766.498,66.498,0.61,0.63,0.37,0.38,0.02,0.01,77235.39,1776473765000
1776473766.874,66.874,0.61,0.62,0.38,0.39,0.01,0.01,77235.39,1776473765000
1776473767.376,67.376,0.61,0.62,0.38,0.39,0.01,0.01,77235.35,1776473766000
1776473767.713,67.713,0.63,0.7,0.36,0.39,0.07,0.03,77235.35,1776473766000
1776473768.062,68.062,0.68,0.71,0.29,0.34,0.03,0.05,77235.35,1776473766000
1776473768.496,68.496,0.68,0.69,0.31,0.32,0.01,0.01,77234.36,1776473767000
1776473769.02,69.02,0.68,0.69,0.31,0.32,0.01,0.01,77234.36,1776473767000
1776473770.005,70.005,0.67,0.69,0.31,0.32,0.02,0.01,77234.17,1776473768000
1776473770.439,70.439,0.65,0.66,0.33,0.34,0.01,0.01,77235.32,1776473769000
1776473770.993,70.993,0.65,0.66,0.34,0.35,0.01,0.01,77235.32,1776473769000
1776473771.395,71.395,0.65,0.66,0.34,0.35,0.01,0.01,77237.8,1776473770000
1776473771.744,71.744,0.65,0.66,0.34,0.35,0.01,0.01,77237.8,1776473770000
1776473772.141,72.141,0.65,0.66,0.34,0.35,0.01,0.01,77237.8,1776473770000
1776473772.524,72.524,0.65,0.66,0.34,0.35,0.01,0.01,77236.97,1776473771000
1776473772.989,72.989,0.65,0.66,0.34,0.35,0.01,0.01,77236.97,1776473771000
1776473773.326,73.326,0.65,0.66,0.34,0.35,0.01,0.01,77236.97,1776473771000
1776473773.877,73.877,0.65,0.66,0.34,0.35,0.01,0.01,77236.96,1776473773000
1776473774.461,74.461,0.65,0.66,0.34,0.35,0.01,0.01,77236.96,1776473773000
1776473774.892,74.892,0.65,0.66,0.34,0.35,0.01,0.01,77237.0,1776473774000
1776473775.247,75.247,0.65,0.66,0.34,0.35,0.01,0.01,77237.0,1776473774000
1776473775.786,75.786,0.65,0.66,0.34,0.35,0.01,0.01,77237.0,1776473774000
1776473776.146,76.146,0.65,0.66,0.34,0.35,0.01,0.01,77237.0,1776473774000
1776473776.684,76.684,0.65,0.66,0.34,0.35,0.01,0.01,77236.97,1776473775000
1776473777.02,77.02,0.65,0.66,0.34,0.35,0.01,0.01,77236.97,1776473775000
1776473777.59,77.59,0.65,0.66,0.34,0.35,0.01,0.01,77236.8,1776473776000
1776473778.354,78.354,0.65,0.66,0.34,0.35,0.01,0.01,77236.8,1776473776000
1776473778.829,78.829,0.65,0.66,0.34,0.35,0.01,0.01,77235.9,1776473777000
1776473779.405,79.405,0.65,0.66,0.34,0.35,0.01,0.01,77235.9,1776473777000
1776473779.876,79.876,0.65,0.66,0.34,0.35,0.01,0.01,77235.85,1776473778000
1776473780.601,80.601,0.67,0.68,0.29,0.35,0.01,0.06,77235.85,1776473779000
1776473781.045,81.045,0.67,0.68,0.32,0.33,0.01,0.01,77235.85,1776473779000
1776473781.525,81.525,0.67,0.68,0.32,0.33,0.01,0.01,77235.84,1776473780000
1776473781.944,81.944,0.67,0.68,0.32,0.33,0.01,0.01,77235.84,1776473780000
1776473782.449,82.449,0.67,0.68,0.32,0.33,0.01,0.01,77235.84,1776473781000
1776473782.803,82.803,0.67,0.68,0.32,0.33,0.01,0.01,77235.84,1776473781000
1776473783.274,83.274,0.67,0.68,0.32,0.33,0.01,0.01,77235.83,1776473782000
1776473783.696,83.696,0.67,0.69,0.31,0.33,0.02,0.02,77235.83,1776473782000
1776473784.201,84.201,0.68,0.69,0.31,0.32,0.01,0.01,77235.82,1776473783000
1776473784.552,84.552,0.68,0.69,0.31,0.32,0.01,0.01,77235.82,1776473783000
1776473784.895,84.895,0.68,0.69,0.31,0.32,0.01,0.01,77235.82,1776473783000
1776473785.241,85.241,0.68,0.69,0.31,0.32,0.01,0.01,77235.84,1776473784000
1776473785.596,85.596,0.68,0.69,0.31,0.32,0.01,0.01,77235.84,1776473784000
1776473786.376,86.376,0.68,0.69,0.31,0.32,0.01,0.01,77235.81,1776473785000
1776473786.892,86.892,0.68,0.69,0.31,0.32,0.01,0.01,77235.81,1776473785000
1776473787.291,87.291,0.68,0.7,0.31,0.32,0.02,0.01,77235.81,1776473786000
1776473787.679,87.679,0.71,0.72,0.28,0.29,0.01,0.01,77235.81,1776473786000
1776473788.053,88.053,0.71,0.72,0.28,0.29,0.01,0.01,77235.84,1776473787000
1776473788.57,88.57,0.71,0.72,0.28,0.29,0.01,0.01,77235.84,1776473787000
1776473788.937,88.937,0.71,0.72,0.28,0.29,0.01,0.01,77235.84,1776473787000
1776473789.679,89.679,0.71,0.72,0.28,0.29,0.01,0.01,77235.84,1776473788000
1776473790.095,90.095,0.71,0.72,0.28,0.29,0.01,0.01,77235.84,1776473788000
1776473790.982,90.982,0.71,0.72,0.28,0.29,0.01,0.01,77235.91,1776473789000
1776473791.358,91.358,0.7,0.71,0.29,0.3,0.01,0.01,77235.9,1776473790000
1776473791.89,91.89,0.69,0.7,0.3,0.31,0.01,0.01,77235.9,1776473791000
1776473792.91,92.91,0.69,0.7,0.3,0.31,0.01,0.01,77235.9,1776473791000
1776473793.278,93.278,0.69,0.7,0.3,0.31,0.01,0.01,77234.93,1776473792000
1776473794.073,94.073,0.69,0.7,0.3,0.31,0.01,0.01,77234.93,1776473792000
1776473794.935,94.935,0.69,0.7,0.3,0.31,0.01,0.01,77234.94,1776473793000
1776473795.27,95.27,0.69,0.7,0.3,0.31,0.01,0.01,77235.93,1776473794000
1776473796.304,96.304,0.69,0.7,0.3,0.31,0.01,0.01,77235.96,1776473795000
1776473796.948,96.948,0.69,0.7,0.3,0.31,0.01,0.01,77235.96,1776473795000
1776473797.386,97.386,0.69,0.7,0.3,0.31,0.01,0.01,77235.95,1776473796000
1776473797.869,97.869,0.69,0.7,0.3,0.31,0.01,0.01,77236.02,1776473797000
1776473798.243,98.243,0.66,0.7,0.3,0.34,0.04,0.04,77236.02,1776473797000
1776473798.743,98.743,0.49,0.5,0.5,0.53,0.01,0.03,77236.02,1776473797000
1776473799.083,99.083,0.47,0.5,0.5,0.53,0.03,0.03,77231.27,1776473798000
1776473799.496,99.496,0.48,0.5,0.5,0.51,0.02,0.01,77231.27,1776473798000
1776473799.839,99.839,0.49,0.5,0.5,0.51,0.01,0.01,77231.27,1776473798000
1776473800.233,100.233,0.49,0.5,0.5,0.51,0.01,0.01,77219.71,1776473799000
1776473800.573,100.573,0.49,0.5,0.5,0.51,0.01,0.01,77219.71,1776473799000
1776473800.916,100.916,0.49,0.51,0.5,0.51,0.02,0.01,77219.71,1776473799000
1776473801.3,101.3,0.5,0.54,0.49,0.51,0.04,0.02,77213.61,1776473800000
1776473801.732,101.732,0.58,0.59,0.41,0.42,0.01,0.01,77213.61,1776473800000
1776473802.178,102.178,0.58,0.59,0.41,0.42,0.01,0.01,77213.61,1776473800000
1776473802.584,102.584,0.6,0.62,0.39,0.4,0.02,0.01,77214.68,1776473801000
1776473802.947,102.947,0.62,0.63,0.37,0.38,0.01,0.01,77214.68,1776473801000
1776473803.337,103.337,0.62,0.63,0.37,0.38,0.01,0.01,77220.33,1776473802000
1776473803.837,103.837,0.62,0.63,0.37,0.38,0.01,0.01,77220.33,1776473802000
1776473804.207,104.207,0.61,0.62,0.38,0.39,0.01,0.01,77226.95,1776473803000
1776473804.934,104.934,0.61,0.62,0.38,0.39,0.01,0.01,77226.95,1776473803000
1776473805.404,105.404,0.61,0.62,0.38,0.39,0.01,0.01,77227.19,1776473804000
1776473805.857,105.857,0.61,0.62,0.38,0.39,0.01,0.01,77227.19,1776473804000
1776473806.614,106.614,0.61,0.62,0.38,0.39,0.01,0.01,77225.46,1776473805000
1776473807.22,107.22,0.61,0.62,0.38,0.39,0.01,0.01,77225.45,1776473806000
1776473808.199,108.199,0.61,0.62,0.38,0.39,0.01,0.01,77225.45,1776473806000
1776473808.544,108.544,0.61,0.62,0.38,0.39,0.01,0.01,77225.45,1776473807000
1776473808.961,108.961,0.61,0.62,0.38,0.39,0.01,0.01,77225.45,1776473808000
1776473809.858,109.858,0.61,0.62,0.38,0.39,0.01,0.01,77225.45,1776473808000
1776473810.235,110.235,0.54,0.56,0.44,0.46,0.02,0.02,77225.46,1776473809000
1776473810.643,110.643,0.54,0.55,0.45,0.47,0.01,0.02,77225.46,1776473809000
1776473811.139,111.139,0.53,0.54,0.46,0.47,0.01,0.01,77225.46,1776473809000
1776473811.483,111.483,0.52,0.53,0.47,0.48,0.01,0.01,77225.41,1776473810000
1776473811.914,111.914,0.52,0.53,0.47,0.48,0.01,0.01,77225.41,1776473810000
1776473812.433,112.433,0.52,0.53,0.47,0.48,0.01,0.01,77222.3,1776473811000
1776473812.873,112.873,0.52,0.53,0.47,0.48,0.01,0.01,77222.3,1776473811000
1776473813.299,113.299,0.52,0.53,0.47,0.48,0.01,0.01,77217.45,1776473812000
1776473814.062,114.062,0.52,0.53,0.47,0.48,0.01,0.01,77216.11,1776473813000
1776473814.471,114.471,0.52,0.53,0.47,0.48,0.01,0.01,77216.11,1776473813000
1776473815.038,115.038,0.52,0.53,0.47,0.48,0.01,0.01,77217.35,1776473814000
1776473815.954,115.954,0.54,0.55,0.45,0.46,0.01,0.01,77217.35,1776473814000
1776473816.291,116.291,0.54,0.55,0.45,0.46,0.01,0.01,77217.35,1776473814000
1776473816.641,116.641,0.54,0.56,0.45,0.46,0.02,0.01,77217.26,1776473815000
1776473817.119,117.119,0.57,0.58,0.42,0.43,0.01,0.01,77217.26,1776473815000
1776473817.524,117.524,0.57,0.58,0.42,0.43,0.01,0.01,77217.26,1776473815000
1776473817.888,117.888,0.57,0.58,0.42,0.43,0.01,0.01,77217.26,1776473815000
1776473818.273,118.273,0.57,0.58,0.42,0.43,0.01,0.01,77217.26,1776473815000
1776473818.655,118.655,0.57,0.58,0.42,0.43,0.01,0.01,77217.26,1776473815000
1776473819.127,119.127,0.57,0.58,0.42,0.43,0.01,0.01,77217.26,1776473815000
1776473819.478,119.478,0.57,0.58,0.42,0.43,0.01,0.01,77219.5,1776473818000
1776473820.547,120.547,0.58,0.59,0.41,0.43,0.01,0.02,77219.5,1776473818000
1776473821.149,121.149,0.58,0.59,0.41,0.42,0.01,0.01,77220.4,1776473820000
1776473821.708,121.708,0.58,0.59,0.41,0.42,0.01,0.01,77220.4,1776473820000
1776473822.064,122.064,0.59,0.6,0.4,0.42,0.01,0.02,77220.4,1776473820000
1776473822.471,122.471,0.6,0.61,0.38,0.4,0.01,0.02,77220.94,1776473821000
1776473822.895,122.895,0.62,0.63,0.38,0.4,0.01,0.02,77220.94,1776473821000
1776473823.23,123.23,0.55,0.63,0.37,0.45,0.08,0.08,77220.91,1776473822000
1776473823.601,123.601,0.56,0.57,0.43,0.44,0.01,0.01,77220.91,1776473822000
1776473823.96,123.96,0.53,0.57,0.43,0.44,0.04,0.01,77220.91,1776473822000
1776473824.293,124.293,0.52,0.53,0.47,0.48,0.01,0.01,77220.91,1776473823000
1776473825.141,125.141,0.52,0.53,0.47,0.48,0.01,0.01,77220.91,1776473823000
1776473825.479,125.479,0.52,0.53,0.47,0.48,0.01,0.01,77217.42,1776473824000
1776473825.863,125.863,0.52,0.53,0.47,0.48,0.01,0.01,77216.9,1776473825000
1776473826.252,126.252,0.52,0.53,0.47,0.48,0.01,0.01,77216.9,1776473825000
1776473826.816,126.816,0.52,0.53,0.47,0.48,0.01,0.01,77216.9,1776473825000
1776473827.383,127.383,0.52,0.53,0.47,0.48,0.01,0.01,77215.17,1776473826000
1776473827.717,127.717,0.5,0.51,0.49,0.5,0.01,0.01,77215.17,1776473826000
1776473828.15,128.15,0.49,0.5,0.5,0.51,0.01,0.01,77215.17,1776473826000
1776473828.502,128.502,0.49,0.5,0.5,0.51,0.01,0.01,77214.33,1776473827000
1776473828.922,128.922,0.49,0.5,0.5,0.51,0.01,0.01,77214.33,1776473827000
1776473829.406,129.406,0.49,0.5,0.5,0.51,0.01,0.01,77213.72,1776473828000
1776473829.919,129.919,0.49,0.5,0.5,0.51,0.01,0.01,77213.72,1776473828000
1776473830.906,130.906,0.49,0.5,0.5,0.51,0.01,0.01,77211.27,1776473829000
1776473831.528,131.528,0.49,0.5,0.5,0.51,0.01,0.01,77210.83,1776473830000
1776473832.132,132.132,0.48,0.49,0.5,0.52,0.01,0.02,77210.83,1776473830000
1776473832.514,132.514,0.48,0.49,0.51,0.52,0.01,0.01,77210.83,1776473831000
1776473832.895,132.895,0.48,0.49,0.51,0.52,0.01,0.01,77210.83,1776473831000
1776473833.458,133.458,0.48,0.49,0.51,0.52,0.01,0.01,77210.83,1776473831000
1776473834.016,134.016,0.48,0.49,0.51,0.52,0.01,0.01,77211.44,1776473832000
1776473834.52,134.52,0.48,0.49,0.51,0.52,0.01,0.01,77211.44,1776473832000
1776473834.971,134.971,0.48,0.49,0.51,0.52,0.01,0.01,77211.44,1776473832000
1776473835.502,135.502,0.48,0.49,0.51,0.52,0.01,0.01,77211.44,1776473832000
1776473836.245,136.245,0.48,0.49,0.51,0.52,0.01,0.01,77210.35,1776473833000
1776473836.908,136.908,0.47,0.48,0.52,0.53,0.01,0.01,77210,1776473835000
1776473837.288,137.288,0.48,0.5,0.51,0.53,0.02,0.02,77210,1776473835000
1776473837.688,137.688,0.48,0.49,0.5,0.52,0.01,0.02,77210,1776473835000
1776473838.023,138.023,0.48,0.5,0.51,0.52,0.02,0.01,77210,1776473835000
1776473838.364,138.364,0.49,0.5,0.5,0.51,0.01,0.01,77209.88,1776473836000
1776473838.904,138.904,0.49,0.5,0.5,0.51,0.01,0.01,77209.88,1776473836000
1776473839.336,139.336,0.44,0.46,0.54,0.55,0.02,0.01,77209.86,1776473837000
1776473839.727,139.727,0.41,0.43,0.57,0.58,0.02,0.01,77209.86,1776473837000
1776473840.072,140.072,0.4,0.41,0.59,0.61,0.01,0.02,77209.86,1776473837000
1776473840.475,140.475,0.38,0.4,0.6,0.62,0.02,0.02,77209.66,1776473838000
1776473840.837,140.837,0.38,0.4,0.6,0.62,0.02,0.02,77209.66,1776473838000
1776473841.229,141.229,0.37,0.39,0.61,0.63,0.02,0.02,77201.63,1776473839000
1776473841.776,141.776,0.37,0.38,0.62,0.63,0.01,0.01,77201.63,1776473839000
1776473842.145,142.145,0.36,0.37,0.63,0.64,0.01,0.01,77198.92,1776473840000
1776473842.585,142.585,0.35,0.37,0.63,0.64,0.02,0.01,77198.92,1776473840000
1776473843.01,143.01,0.35,0.36,0.64,0.65,0.01,0.01,77198.71,1776473841000
1776473843.364,143.364,0.35,0.36,0.64,0.65,0.01,0.01,77198.71,1776473841000
1776473843.699,143.699,0.35,0.36,0.64,0.65,0.01,0.01,77198.71,1776473841000
1776473844.194,144.194,0.35,0.36,0.64,0.65,0.01,0.01,77197.8,1776473842000
1776473844.536,144.536,0.35,0.36,0.64,0.66,0.01,0.02,77197.8,1776473842000
1776473844.927,144.927,0.34,0.35,0.64,0.66,0.01,0.02,77196.68,1776473843000
1776473845.623,145.623,0.34,0.35,0.65,0.66,0.01,0.01,77196.57,1776473844000
1776473846.155,146.155,0.34,0.35,0.65,0.66,0.01,0.01,77196.57,1776473844000
1776473846.494,146.494,0.33,0.34,0.66,0.67,0.01,0.01,77196.17,1776473845000
1776473846.973,146.973,0.33,0.34,0.66,0.67,0.01,0.01,77196.17,1776473845000
1776473847.396,147.396,0.33,0.34,0.66,0.67,0.01,0.01,77196.17,1776473845000
1776473847.907,147.907,0.33,0.34,0.66,0.67,0.01,0.01,77195.72,1776473846000
1776473848.436,148.436,0.33,0.34,0.66,0.67,0.01,0.01,77195.72,1776473846000
1776473849.223,149.223,0.33,0.34,0.66,0.67,0.01,0.01,77195.66,1776473847000
1776473849.657,149.657,0.33,0.34,0.66,0.67,0.01,0.01,77195.52,1776473848000
1776473849.997,149.997,0.32,0.34,0.66,0.67,0.02,0.01,77195.52,1776473848000
1776473850.379,150.379,0.32,0.33,0.67,0.68,0.01,0.01,77195.52,1776473849000
1776473850.741,150.741,0.31,0.32,0.68,0.69,0.01,0.01,77195.52,1776473849000
1776473851.115,151.115,0.31,0.32,0.68,0.69,0.01,0.01,77195.52,1776473849000
1776473851.66,151.66,0.31,0.32,0.68,0.69,0.01,0.01,77195.52,1776473849000
1776473852.029,152.029,0.31,0.32,0.68,0.69,0.01,0.01,77195.52,1776473850000
1776473852.404,152.404,0.3,0.31,0.69,0.7,0.01,0.01,77191.36,1776473851000
1776473853.12,153.12,0.3,0.31,0.69,0.7,0.01,0.01,77191.36,1776473851000
1776473853.463,153.463,0.3,0.31,0.69,0.7,0.01,0.01,77193.13,1776473852000
1776473853.89,153.89,0.3,0.31,0.69,0.7,0.01,0.01,77193.13,1776473852000
1776473854.257,154.257,0.3,0.31,0.69,0.7,0.01,0.01,77193.13,1776473852000
1776473854.693,154.693,0.3,0.31,0.69,0.7,0.01,0.01,77191.34,1776473853000
1776473855.061,155.061,0.32,0.34,0.67,0.68,0.02,0.01,77191.34,1776473853000
1776473855.415,155.415,0.38,0.39,0.61,0.62,0.01,0.01,77190.45,1776473854000
1776473856.008,156.008,0.38,0.39,0.61,0.62,0.01,0.01,77190.45,1776473854000
1776473856.439,156.439,0.38,0.39,0.61,0.62,0.01,0.01,77190.45,1776473855000
1776473856.801,156.801,0.36,0.38,0.61,0.63,0.02,0.02,77190.45,1776473855000
1776473857.177,157.177,0.36,0.37,0.63,0.64,0.01,0.01,77190.45,1776473855000
1776473857.518,157.518,0.36,0.37,0.63,0.64,0.01,0.01,77192.51,1776473856000
1776473857.888,157.888,0.36,0.37,0.63,0.64,0.01,0.01,77192.51,1776473856000
1776473858.426,158.426,0.38,0.39,0.61,0.62,0.01,0.01,77192.51,1776473856000
1776473858.846,158.846,0.38,0.39,0.61,0.62,0.01,0.01,77196.11,1776473857000
1776473859.351,159.351,0.38,0.39,0.61,0.62,0.01,0.01,77196.17,1776473858000
1776473860.002,160.002,0.38,0.39,0.61,0.62,0.01,0.01,77196.17,1776473858000
1776473860.866,160.866,0.38,0.39,0.61,0.62,0.01,0.01,77195.62,1776473859000
1776473861.289,161.289,0.38,0.39,0.61,0.62,0.01,0.01,77197.46,1776473860000
1776473861.634,161.634,0.38,0.39,0.61,0.62,0.01,0.01,77197.46,1776473860000
1776473862.104,162.104,0.38,0.39,0.61,0.62,0.01,0.01,77197.42,1776473861000
1776473862.446,162.446,0.38,0.39,0.61,0.62,0.01,0.01,77197.42,1776473861000
1776473863.049,163.049,0.38,0.39,0.61,0.62,0.01,0.01,77197.42,1776473861000
1776473863.492,163.492,0.38,0.39,0.61,0.62,0.01,0.01,77197.42,1776473862000
1776473863.83,163.83,0.38,0.39,0.61,0.62,0.01,0.01,77197.42,1776473862000
1776473864.179,164.179,0.38,0.39,0.61,0.62,0.01,0.01,77197.43,1776473863000
1776473864.907,164.907,0.38,0.39,0.61,0.62,0.01,0.01,77197.43,1776473863000
1776473865.379,165.379,0.38,0.39,0.61,0.62,0.01,0.01,77197.43,1776473864000
1776473865.801,165.801,0.37,0.39,0.61,0.62,0.02,0.01,77197.43,1776473864000
1776473866.136,166.136,0.36,0.37,0.63,0.64,0.01,0.01,77197.43,1776473864000
1776473866.805,166.805,0.35,0.36,0.64,0.65,0.01,0.01,77197.44,1776473865000
1776473867.177,167.177,0.35,0.36,0.64,0.65,0.01,0.01,77196.36,1776473866000
1776473867.997,167.997,0.32,0.34,0.64,0.65,0.02,0.01,77196.36,1776473866000
1776473868.417,168.417,0.29,0.3,0.68,0.69,0.01,0.01,77196.07,1776473867000
1776473868.801,168.801,0.29,0.3,0.7,0.72,0.01,0.02,77196.07,1776473867000
1776473869.26,169.26,0.27,0.28,0.72,0.73,0.01,0.01,77194.8,1776473868000
1776473869.652,169.652,0.25,0.27,0.73,0.74,0.02,0.01,77194.8,1776473868000
1776473870.071,170.071,0.24,0.25,0.74,0.76,0.01,0.02,77194.8,1776473868000
1776473870.466,170.466,0.24,0.25,0.75,0.76,0.01,0.01,77194.8,1776473868000
1776473871.083,171.083,0.24,0.25,0.75,0.76,0.01,0.01,77191.43,1776473869000
1776473871.461,171.461,0.24,0.25,0.75,0.76,0.01,0.01,77189.35,1776473870000
1776473871.861,171.861,0.24,0.25,0.75,0.76,0.01,0.01,77189.35,1776473870000
1776473872.251,172.251,0.24,0.25,0.75,0.76,0.01,0.01,77187.24,1776473871000
1776473872.592,172.592,0.24,0.25,0.75,0.76,0.01,0.01,77187.24,1776473871000
1776473872.93,172.93,0.24,0.25,0.75,0.76,0.01,0.01,77187.24,1776473871000
1776473873.284,173.284,0.24,0.25,0.75,0.76,0.01,0.01,77185.69,1776473872000
1776473873.645,173.645,0.24,0.25,0.75,0.76,0.01,0.01,77185.69,1776473872000
1776473874.137,174.137,0.24,0.25,0.75,0.76,0.01,0.01,77185.69,1776473872000
1776473874.613,174.613,0.24,0.25,0.75,0.76,0.01,0.01,77186.06,1776473873000
1776473875.414,175.414,0.24,0.25,0.75,0.76,0.01,0.01,77186.06,1776473874000
1776473875.885,175.885,0.24,0.25,0.75,0.76,0.01,0.01,77185.92,1776473875000
1776473876.314,176.314,0.24,0.25,0.75,0.76,0.01,0.01,77185.92,1776473875000
1776473876.749,176.749,0.21,0.23,0.77,0.8,0.02,0.03,77185.92,1776473875000
1776473877.084,177.084,0.22,0.23,0.77,0.78,0.01,0.01,77185.68,1776473876000
1776473877.522,177.522,0.22,0.23,0.77,0.78,0.01,0.01,77185.68,1776473876000
1776473877.921,177.921,0.22,0.23,0.77,0.78,0.01,0.01,77185.68,1776473876000
1776473878.332,178.332,0.22,0.23,0.77,0.78,0.01,0.01,77184.28,1776473877000
1776473878.903,178.903,0.22,0.23,0.77,0.78,0.01,0.01,77182.5,1776473878000
1776473879.248,179.248,0.21,0.22,0.78,0.79,0.01,0.01,77182.5,1776473878000
1776473879.927,179.927,0.2,0.22,0.78,0.8,0.02,0.02,77181.62,1776473879000
1776473880.486,180.486,0.2,0.21,0.78,0.8,0.01,0.02,77181.62,1776473879000
1776473880.832,180.832,0.2,0.21,0.79,0.8,0.01,0.01,77181.62,1776473879000
1776473881.315,181.315,0.19,0.21,0.79,0.8,0.02,0.01,77181.59,1776473880000
1776473881.749,181.749,0.19,0.2,0.8,0.81,0.01,0.01,77181.59,1776473880000
1776473882.187,182.187,0.19,0.2,0.8,0.81,0.01,0.01,77180.79,1776473881000
1776473882.566,182.566,0.2,0.21,0.79,0.81,0.01,0.02,77180.79,1776473881000
1776473883.041,183.041,0.22,0.23,0.77,0.8,0.01,0.03,77180.79,1776473881000
1776473883.4,183.4,0.22,0.23,0.77,0.78,0.01,0.01,77180.79,1776473882000
1776473883.738,183.738,0.21,0.23,0.77,0.79,0.02,0.02,77180.79,1776473882000
1776473884.081,184.081,0.21,0.22,0.78,0.79,0.01,0.01,77180.4,1776473883000
1776473884.693,184.693,0.21,0.22,0.78,0.79,0.01,0.01,77180.4,1776473883000
1776473885.027,185.027,0.21,0.22,0.78,0.79,0.01,0.01,77180.4,1776473883000
1776473885.376,185.376,0.21,0.22,0.78,0.79,0.01,0.01,77180.4,1776473883000
1776473885.781,185.781,0.2,0.21,0.78,0.8,0.01,0.02,77180.4,1776473884000
1776473886.245,186.245,0.2,0.21,0.79,0.8,0.01,0.01,77180.4,1776473884000
1776473886.81,186.81,0.2,0.21,0.79,0.8,0.01,0.01,77183.0,1776473885000
1776473887.264,187.264,0.2,0.21,0.79,0.8,0.01,0.01,77182.98,1776473886000
1776473887.77,187.77,0.2,0.21,0.79,0.8,0.01,0.01,77182.98,1776473886000
1776473888.33,188.33,0.2,0.21,0.79,0.8,0.01,0.01,77182.6,1776473887000
1776473888.735,188.735,0.2,0.21,0.79,0.8,0.01,0.01,77182.6,1776473887000
1776473889.089,189.089,0.2,0.21,0.79,0.8,0.01,0.01,77182.6,1776473887000
1776473889.658,189.658,0.19,0.2,0.8,0.81,0.01,0.01,77182.12,1776473888000
1776473890.0,190.0,0.14,0.15,0.85,0.86,0.01,0.01,77180.47,1776473889000
1776473890.408,190.408,0.14,0.15,0.85,0.86,0.01,0.01,77180.47,1776473889000
1776473890.746,190.746,0.13,0.14,0.85,0.87,0.01,0.02,77180.47,1776473889000
1776473891.108,191.108,0.13,0.14,0.86,0.87,0.01,0.01,77178.35,1776473890000
1776473891.496,191.496,0.13,0.14,0.86,0.87,0.01,0.01,77178.35,1776473890000
1776473891.976,191.976,0.14,0.15,0.85,0.87,0.01,0.02,77178.35,1776473890000
1776473892.321,192.321,0.14,0.15,0.85,0.86,0.01,0.01,77174.94,1776473891000
1776473892.738,192.738,0.14,0.15,0.85,0.86,0.01,0.01,77174.94,1776473891000
1776473893.098,193.098,0.13,0.14,0.86,0.87,0.01,0.01,77174.94,1776473891000
1776473893.614,193.614,0.13,0.14,0.86,0.87,0.01,0.01,77172.3,1776473892000
1776473894.308,194.308,0.13,0.14,0.86,0.87,0.01,0.01,77172.44,1776473893000
1776473894.65,194.65,0.13,0.14,0.86,0.87,0.01,0.01,77172.44,1776473893000
1776473895.473,195.473,0.13,0.14,0.86,0.87,0.01,0.01,77172.69,1776473894000
1776473895.897,195.897,0.13,0.14,0.86,0.87,0.01,0.01,77172.69,1776473895000
1776473896.428,196.428,0.13,0.14,0.86,0.87,0.01,0.01,77172.69,1776473895000
1776473896.787,196.787,0.14,0.15,0.85,0.86,0.01,0.01,77172.69,1776473895000
1776473897.148,197.148,0.14,0.15,0.85,0.86,0.01,0.01,77172.42,1776473896000
1776473897.75,197.75,0.14,0.15,0.85,0.86,0.01,0.01,77172.42,1776473896000
1776473898.126,198.126,0.14,0.15,0.85,0.86,0.01,0.01,77172.42,1776473896000
1776473898.473,198.473,0.15,0.16,0.85,0.86,0.01,0.01,77172.42,1776473896000
1776473898.938,198.938,0.15,0.16,0.84,0.85,0.01,0.01,77172.42,1776473896000
1776473899.271,199.271,0.15,0.16,0.84,0.85,0.01,0.01,77174.21,1776473897000
1776473899.869,199.869,0.14,0.15,0.85,0.86,0.01,0.01,77175.12,1776473898000
1776473900.246,200.246,0.12,0.13,0.87,0.88,0.01,0.01,77175.12,1776473898000
1776473900.684,200.684,0.11,0.12,0.88,0.89,0.01,0.01,77175.12,1776473899000
1776473901.135,201.135,0.11,0.12,0.88,0.89,0.01,0.01,77175.12,1776473899000
1776473901.473,201.473,0.11,0.12,0.88,0.89,0.01,0.01,77175.12,1776473899000
1776473901.945,201.945,0.11,0.12,0.88,0.89,0.01,0.01,77173.76,1776473900000
1776473902.49,202.49,0.11,0.12,0.88,0.89,0.01,0.01,77171.07,1776473901000
1776473903.089,203.089,0.11,0.12,0.88,0.89,0.01,0.01,77169.94,1776473902000
1776473903.455,203.455,0.11,0.12,0.88,0.89,0.01,0.01,77169.94,1776473902000
1776473903.858,203.858,0.11,0.12,0.88,0.89,0.01,0.01,77169.94,1776473902000
1776473904.316,204.316,0.11,0.12,0.88,0.89,0.01,0.01,77168.58,1776473903000
1776473904.698,204.698,0.11,0.12,0.88,0.89,0.01,0.01,77168.58,1776473903000
1776473905.66,205.66,0.11,0.12,0.88,0.89,0.01,0.01,77168.58,1776473904000
1776473906.294,206.294,0.1,0.11,0.89,0.9,0.01,0.01,77168.58,1776473905000
1776473906.65,206.65,0.1,0.11,0.89,0.9,0.01,0.01,77168.58,1776473905000
1776473907.262,207.262,0.09,0.11,0.89,0.9,0.02,0.01,77168.58,1776473905000
1776473907.691,207.691,0.09,0.1,0.9,0.91,0.01,0.01,77165.24,1776473906000
1776473908.16,208.16,0.09,0.1,0.9,0.91,0.01,0.01,77165.24,1776473906000
1776473908.52,208.52,0.08,0.09,0.9,0.92,0.01,0.02,77165.14,1776473907000
1776473908.969,208.969,0.08,0.09,0.91,0.92,0.01,0.01,77165.14,1776473907000
1776473909.439,209.439,0.07,0.09,0.91,0.93,0.02,0.02,77164.24,1776473908000
1776473909.99,209.99,0.07,0.08,0.91,0.93,0.01,0.02,77164.24,1776473908000
1776473910.44,210.44,0.07,0.08,0.92,0.93,0.01,0.01,77164.24,1776473909000
1776473911.249,211.249,0.07,0.08,0.92,0.93,0.01,0.01,77162.74,1776473910000
1776473911.628,211.628,0.07,0.08,0.92,0.93,0.01,0.01,77162.74,1776473910000
1776473912.308,212.308,0.07,0.08,0.92,0.93,0.01,0.01,77162.74,1776473911000
1776473913.029,213.029,0.07,0.08,0.92,0.93,0.01,0.01,77162.74,1776473911000
1776473913.418,213.418,0.07,0.08,0.92,0.93,0.01,0.01,77162.74,1776473911000
1776473913.785,213.785,0.07,0.08,0.92,0.93,0.01,0.01,77162.38,1776473912000
1776473914.173,214.173,0.07,0.08,0.92,0.93,0.01,0.01,77162.38,1776473913000
1776473914.562,214.562,0.07,0.08,0.92,0.93,0.01,0.01,77162.38,1776473913000
1776473914.898,214.898,0.07,0.08,0.92,0.93,0.01,0.01,77162.38,1776473913000
1776473915.464,215.464,0.07,0.08,0.92,0.93,0.01,0.01,77162.22,1776473914000
1776473916.183,216.183,0.07,0.08,0.92,0.93,0.01,0.01,77162.22,1776473914000
1776473916.845,216.845,0.07,0.08,0.92,0.93,0.01,0.01,77162.22,1776473914000
1776473917.255,217.255,0.07,0.08,0.92,0.93,0.01,0.01,77160.5,1776473915000
1776473918.279,218.279,0.07,0.08,0.92,0.93,0.01,0.01,77161.92,1776473917000
1776473919.159,219.159,0.07,0.08,0.92,0.93,0.01,0.01,77161.92,1776473917000
1776473919.588,219.588,0.06,0.08,0.92,0.94,0.02,0.02,77161.92,1776473917000
1776473919.935,219.935,0.06,0.08,0.92,0.94,0.02,0.02,77160.43,1776473918000
1776473920.549,220.549,0.06,0.08,0.92,0.94,0.02,0.02,77161.08,1776473919000
1776473920.979,220.979,0.07,0.08,0.92,0.93,0.01,0.01,77161.08,1776473919000
1776473921.365,221.365,0.07,0.08,0.92,0.93,0.01,0.01,77160.43,1776473920000
1776473921.76,221.76,0.06,0.07,0.92,0.93,0.01,0.01,77160.43,1776473920000
1776473922.182,222.182,0.06,0.07,0.93,0.94,0.01,0.01,77160.43,1776473920000
1776473922.714,222.714,0.07,0.08,0.92,0.93,0.01,0.01,77160.07,1776473921000
1776473923.436,223.436,0.07,0.08,0.92,0.93,0.01,0.01,77160.07,1776473921000
1776473923.874,223.874,0.07,0.08,0.92,0.93,0.01,0.01,77160.05,1776473922000
1776473924.24,224.24,0.07,0.08,0.92,0.93,0.01,0.01,77163.1,1776473923000
1776473924.935,224.935,0.07,0.08,0.92,0.93,0.01,0.01,77163.1,1776473923000
1776473925.57,225.57,0.07,0.08,0.92,0.93,0.01,0.01,77163.1,1776473923000
1776473926.017,226.017,0.07,0.08,0.92,0.93,0.01,0.01,77164.51,1776473924000
1776473926.457,226.457,0.07,0.08,0.92,0.93,0.01,0.01,77166.46,1776473925000
1776473927.189,227.189,0.08,0.09,0.9,0.93,0.01,0.03,77166.46,1776473925000
1776473927.536,227.536,0.08,0.09,0.91,0.92,0.01,0.01,77166.51,1776473926000
1776473928.385,228.385,0.08,0.1,0.91,0.92,0.02,0.01,77166.51,1776473926000
1776473928.825,228.825,0.1,0.11,0.89,0.9,0.01,0.01,77166.6,1776473927000
1776473929.201,229.201,0.1,0.11,0.89,0.9,0.01,0.01,77166.54,1776473928000
1776473929.546,229.546,0.1,0.11,0.89,0.9,0.01,0.01,77166.54,1776473928000
1776473929.895,229.895,0.1,0.11,0.89,0.9,0.01,0.01,77166.54,1776473928000
1776473930.472,230.472,0.1,0.11,0.89,0.9,0.01,0.01,77166.54,1776473928000
1776473930.818,230.818,0.1,0.11,0.89,0.9,0.01,0.01,77166.73,1776473929000
1776473931.268,231.268,0.1,0.11,0.89,0.9,0.01,0.01,77166.73,1776473929000
1776473931.852,231.852,0.1,0.11,0.89,0.9,0.01,0.01,77167.1,1776473930000
1776473932.236,232.236,0.1,0.11,0.89,0.9,0.01,0.01,77167.1,1776473930000
1776473932.692,232.692,0.1,0.11,0.89,0.9,0.01,0.01,77167.03,1776473931000
1776473933.027,233.027,0.1,0.11,0.89,0.9,0.01,0.01,77167.03,1776473931000
1776473933.73,233.73,0.1,0.11,0.89,0.9,0.01,0.01,77167.03,1776473932000
1776473934.441,234.441,0.09,0.1,0.9,0.91,0.01,0.01,77167.04,1776473933000
1776473934.818,234.818,0.09,0.1,0.9,0.91,0.01,0.01,77167.04,1776473933000
1776473935.257,235.257,0.09,0.1,0.9,0.91,0.01,0.01,77167.11,1776473934000
1776473936.095,236.095,0.09,0.1,0.9,0.91,0.01,0.01,77167.1,1776473935000
1776473936.53,236.53,0.09,0.1,0.9,0.91,0.01,0.01,77167.1,1776473935000
1776473937.005,237.005,0.09,0.1,0.9,0.91,0.01,0.01,77167.1,1776473935000
1776473937.624,237.624,0.09,0.1,0.9,0.91,0.01,0.01,77167.12,1776473936000
1776473937.994,237.994,0.09,0.1,0.9,0.91,0.01,0.01,77167.12,1776473936000
1776473938.437,238.437,0.09,0.1,0.9,0.91,0.01,0.01,77166.98,1776473937000
1776473938.807,238.807,0.09,0.1,0.9,0.91,0.01,0.01,77166.98,1776473937000
1776473939.354,239.354,0.09,0.1,0.9,0.91,0.01,0.01,77166.98,1776473938000
1776473940.019,240.019,0.09,0.1,0.9,0.91,0.01,0.01,77167.05,1776473939000
1776473940.413,240.413,0.08,0.1,0.9,0.91,0.02,0.01,77167.05,1776473939000
1776473940.879,240.879,0.07,0.08,0.92,0.93,0.01,0.01,77167.05,1776473939000
1776473941.316,241.316,0.07,0.09,0.92,0.93,0.02,0.01,77166.78,1776473940000
1776473941.652,241.652,0.11,0.12,0.88,0.89,0.01,0.01,77166.78,1776473940000
1776473942.003,242.003,0.11,0.12,0.88,0.89,0.01,0.01,77166.78,1776473940000
1776473942.396,242.396,0.09,0.11,0.89,0.9,0.02,0.01,77166.48,1776473941000
1776473942.972,242.972,0.09,0.1,0.9,0.91,0.01,0.01,77166.48,1776473941000
1776473943.372,243.372,0.08,0.09,0.9,0.91,0.01,0.01,77166.56,1776473942000
1776473943.738,243.738,0.08,0.09,0.91,0.92,0.01,0.01,77166.56,1776473942000
1776473944.337,244.337,0.07,0.08,0.91,0.92,0.01,0.01,77166.56,1776473942000
1776473944.71,244.71,0.07,0.08,0.92,0.93,0.01,0.01,77170.18,1776473943000
1776473945.347,245.347,0.08,0.12,0.92,0.93,0.04,0.01,77170.18,1776473943000
1776473945.706,245.706,0.14,0.15,0.85,0.86,0.01,0.01,77170.18,1776473944000
1776473946.084,246.084,0.14,0.15,0.85,0.86,0.01,0.01,77170.18,1776473945000
1776473946.547,246.547,0.14,0.15,0.85,0.86,0.01,0.01,77170.18,1776473945000
1776473946.976,246.976,0.14,0.15,0.85,0.86,0.01,0.01,77170.18,1776473945000
1776473947.393,247.393,0.14,0.15,0.85,0.86,0.01,0.01,77170.19,1776473946000
1776473947.772,247.772,0.15,0.16,0.84,0.85,0.01,0.01,77170.19,1776473946000
1776473948.167,248.167,0.15,0.16,0.84,0.85,0.01,0.01,77170.19,1776473946000
1776473948.754,248.754,0.15,0.16,0.84,0.85,0.01,0.01,77177.66,1776473947000
1776473949.24,249.24,0.15,0.16,0.84,0.85,0.01,0.01,77180.19,1776473948000
1776473949.771,249.771,0.15,0.16,0.84,0.85,0.01,0.01,77180.19,1776473948000
1776473950.142,250.142,0.15,0.16,0.84,0.85,0.01,0.01,77180.19,1776473948000
1776473950.665,250.665,0.15,0.16,0.84,0.85,0.01,0.01,77180.4,1776473949000
1776473951.044,251.044,0.15,0.16,0.84,0.85,0.01,0.01,77180.4,1776473950000
1776473951.427,251.427,0.15,0.16,0.84,0.85,0.01,0.01,77180.4,1776473950000
1776473951.859,251.859,0.15,0.16,0.84,0.85,0.01,0.01,77180.4,1776473950000
1776473952.227,252.227,0.12,0.16,0.84,0.85,0.04,0.01,77180.61,1776473951000
1776473952.722,252.722,0.12,0.13,0.86,0.87,0.01,0.01,77180.61,1776473951000
1776473953.121,253.121,0.12,0.13,0.87,0.88,0.01,0.01,77180.64,1776473952000
1776473953.633,253.633,0.12,0.13,0.87,0.88,0.01,0.01,77180.64,1776473952000
1776473954.114,254.114,0.12,0.13,0.87,0.88,0.01,0.01,77180.67,1776473953000
1776473954.539,254.539,0.12,0.13,0.87,0.88,0.01,0.01,77180.67,1776473953000
1776473955.178,255.178,0.12,0.13,0.87,0.88,0.01,0.01,77180.67,1776473953000
1776473955.532,255.532,0.12,0.13,0.87,0.88,0.01,0.01,77180.79,1776473954000
1776473955.877,255.877,0.11,0.12,0.88,0.89,0.01,0.01,77180.79,1776473954000
1776473956.332,256.332,0.11,0.12,0.88,0.89,0.01,0.01,77180.79,1776473954000
1776473956.929,256.929,0.11,0.12,0.88,0.89,0.01,0.01,77180.78,1776473955000
1776473957.277,257.277,0.11,0.12,0.88,0.89,0.01,0.01,77180.78,1776473955000
1776473957.701,257.701,0.15,0.17,0.84,0.86,0.02,0.02,77180.78,1776473955000
1776473958.063,258.063,0.17,0.19,0.81,0.83,0.02,0.02,77180.79,1776473957000
1776473958.491,258.491,0.18,0.19,0.81,0.82,0.01,0.01,77180.79,1776473957000
1776473958.858,258.858,0.17,0.18,0.82,0.83,0.01,0.01,77180.79,1776473957000
1776473959.225,259.225,0.17,0.18,0.82,0.83,0.01,0.01,77180.79,1776473958000
1776473959.567,259.567,0.17,0.18,0.82,0.83,0.01,0.01,77180.79,1776473958000
1776473960.138,260.138,0.17,0.18,0.82,0.83,0.01,0.01,77180.79,1776473958000
1776473960.646,260.646,0.17,0.18,0.82,0.83,0.01,0.01,77185.71,1776473959000
1776473961.065,261.065,0.17,0.18,0.82,0.83,0.01,0.01,77185.71,1776473959000
1776473961.858,261.858,0.17,0.18,0.82,0.83,0.01,0.01,77186.15,1776473961000
1776473962.255,262.255,0.16,0.17,0.83,0.84,0.01,0.01,77186.15,1776473961000
1776473962.828,262.828,0.16,0.17,0.83,0.84,0.01,0.01,77186.15,1776473961000
1776473963.273,263.273,0.16,0.17,0.83,0.84,0.01,0.01,77186.15,1776473961000
1776473963.634,263.634,0.14,0.16,0.84,0.85,0.02,0.01,77186.17,1776473962000
1776473964.069,264.069,0.14,0.15,0.85,0.86,0.01,0.01,77186.17,1776473962000
1776473964.438,264.438,0.13,0.15,0.85,0.86,0.02,0.01,77186.1,1776473963000
1776473964.876,264.876,0.13,0.14,0.86,0.87,0.01,0.01,77186.1,1776473963000
1776473965.286,265.286,0.13,0.14,0.86,0.87,0.01,0.01,77186.1,1776473963000
1776473965.797,265.797,0.12,0.13,0.87,0.88,0.01,0.01,77186.15,1776473964000
1776473966.225,266.225,0.08,0.09,0.91,0.92,0.01,0.01,77186.15,1776473965000
1776473966.614,266.614,0.08,0.09,0.91,0.92,0.01,0.01,77186.15,1776473965000
1776473966.974,266.974,0.1,0.11,0.89,0.91,0.01,0.02,77186.15,1776473965000
1776473967.635,267.635,0.1,0.11,0.89,0.9,0.01,0.01,77186.15,1776473966000
1776473968.322,268.322,0.1,0.11,0.89,0.9,0.01,0.01,77186.72,1776473967000
1776473968.864,268.864,0.09,0.1,0.89,0.9,0.01,0.01,77186.72,1776473967000
1776473969.207,269.207,0.08,0.09,0.91,0.92,0.01,0.01,77186.72,1776473967000
1776473969.909,269.909,0.08,0.09,0.91,0.92,0.01,0.01,77186.94,1776473968000
1776473970.372,270.372,0.06,0.09,0.91,0.92,0.03,0.01,77186.96,1776473969000
1776473970.789,270.789,0.1,0.11,0.89,0.9,0.01,0.01,77186.96,1776473969000
1776473971.188,271.188,0.09,0.1,0.9,0.91,0.01,0.01,77186.8,1776473970000
1776473971.675,271.675,0.09,0.1,0.9,0.91,0.01,0.01,77186.8,1776473970000
1776473972.112,272.112,0.08,0.09,0.91,0.92,0.01,0.01,77186.87,1776473971000
1776473972.547,272.547,0.06,0.09,0.91,0.92,0.03,0.01,77186.87,1776473971000
1776473972.886,272.886,0.08,0.09,0.88,0.94,0.01,0.06,77186.87,1776473971000
1776473973.245,273.245,0.08,0.09,0.91,0.92,0.01,0.01,77186.97,1776473972000
1776473973.718,273.718,0.05,0.06,0.91,0.95,0.01,0.04,77186.97,1776473972000
1776473974.396,274.396,0.05,0.06,0.94,0.95,0.01,0.01,77186.97,1776473972000
1776473974.781,274.781,0.05,0.06,0.94,0.95,0.01,0.01,77186.83,1776473973000
1776473975.137,275.137,0.05,0.06,0.94,0.95,0.01,0.01,77186.83,1776473974000
1776473976.103,276.103,0.05,0.06,0.94,0.95,0.01,0.01,77186.19,1776473975000
1776473976.664,276.664,0.05,0.06,0.94,0.95,0.01,0.01,77186.19,1776473975000
1776473977.007,277.007,0.05,0.06,0.94,0.95,0.01,0.01,77186.19,1776473975000
1776473977.523,277.523,0.05,0.06,0.94,0.95,0.01,0.01,77186.19,1776473975000
1776473977.966,277.966,0.05,0.06,0.94,0.95,0.01,0.01,77186.19,1776473975000
1776473978.529,278.529,0.05,0.07,0.93,0.95,0.02,0.02,77186.45,1776473977000
1776473979.069,279.069,0.09,0.1,0.9,0.91,0.01,0.01,77186.45,1776473977000
1776473979.436,279.436,0.09,0.1,0.9,0.91,0.01,0.01,77186.45,1776473978000
1776473979.937,279.937,0.09,0.1,0.9,0.91,0.01,0.01,77186.45,1776473978000
1776473980.298,280.298,0.07,0.09,0.91,0.92,0.02,0.01,77186.45,1776473978000
1776473981.053,281.053,0.07,0.08,0.92,0.93,0.01,0.01,77187.0,1776473979000
1776473981.436,281.436,0.07,0.08,0.92,0.93,0.01,0.01,77186.99,1776473980000
1776473982.16,282.16,0.07,0.08,0.92,0.93,0.01,0.01,77186.99,1776473981000
1776473982.526,282.526,0.07,0.08,0.92,0.93,0.01,0.01,77186.99,1776473981000
1776473982.883,282.883,0.05,0.06,0.92,0.95,0.01,0.03,77186.99,1776473981000
1776473983.242,283.242,0.05,0.06,0.94,0.95,0.01,0.01,77186.99,1776473981000
1776473983.611,283.611,0.05,0.06,0.94,0.95,0.01,0.01,77185.34,1776473982000
1776473984.025,284.025,0.05,0.06,0.94,0.95,0.01,0.01,77185.34,1776473982000
1776473984.476,284.476,0.05,0.06,0.94,0.95,0.01,0.01,77185.16,1776473983000
1776473984.975,284.975,0.05,0.06,0.94,0.95,0.01,0.01,77185.16,1776473983000
1776473985.375,285.375,0.05,0.06,0.94,0.95,0.01,0.01,77185.16,1776473984000
1776473985.731,285.731,0.05,0.06,0.94,0.95,0.01,0.01,77185.16,1776473984000
1776473986.13,286.13,0.05,0.06,0.94,0.95,0.01,0.01,77185.16,1776473984000
1776473986.846,286.846,0.04,0.05,0.94,0.95,0.01,0.01,77184.88,1776473985000
1776473987.217,287.217,0.04,0.05,0.95,0.96,0.01,0.01,77184.88,1776473985000
1776473987.656,287.656,0.04,0.05,0.95,0.96,0.01,0.01,77184.99,1776473986000
1776473988.262,288.262,0.04,0.05,0.95,0.96,0.01,0.01,77184.99,1776473986000
1776473988.697,288.697,0.04,0.05,0.95,0.96,0.01,0.01,77184.9,1776473987000
1776473989.2,289.2,0.02,0.05,0.95,0.96,0.03,0.01,77184.9,1776473987000
1776473989.545,289.545,0.02,0.04,0.95,0.96,0.02,0.01,77184.98,1776473988000
1776473989.879,289.879,0.02,0.03,0.97,0.98,0.01,0.01,77184.98,1776473988000
1776473990.325,290.325,0.02,0.03,0.97,0.98,0.01,0.01,77184.98,1776473988000
1776473990.663,290.663,0.02,0.03,0.97,0.98,0.01,0.01,77184.99,1776473989000
1776473990.997,290.997,0.02,0.03,0.97,0.98,0.01,0.01,77185.01,1776473990000
1776473991.447,291.447,0.02,0.03,0.97,0.98,0.01,0.01,77185.01,1776473990000
1776473991.81,291.81,0.02,0.03,0.97,0.98,0.01,0.01,77185.01,1776473990000
1776473992.24,292.24,0.02,0.03,0.97,0.98,0.01,0.01,77185.46,1776473991000
1776473992.584,292.584,0.02,0.03,0.97,0.98,0.01,0.01,77185.46,1776473991000
1776473993.007,293.007,0.02,0.03,0.97,0.98,0.01,0.01,77185.46,1776473991000
1776473993.563,293.563,0.02,0.03,0.97,0.98,0.01,0.01,77185.57,1776473992000
1776473994.184,294.184,0.02,0.03,0.97,0.98,0.01,0.01,77185.57,1776473992000
1776473994.521,294.521,0.02,0.03,0.97,0.98,0.01,0.01,77185.57,1776473992000
1776473995.109,295.109,0.02,0.03,0.97,0.98,0.01,0.01,77185.57,1776473992000
1776473995.443,295.443,0.02,0.03,0.97,0.98,0.01,0.01,77185.48,1776473993000
1776473995.786,295.786,0.02,0.03,0.97,0.98,0.01,0.01,77185.48,1776473993000
1776473996.158,296.158,0.02,0.03,0.97,0.98,0.01,0.01,77185.58,1776473994000
1776473996.533,296.533,0.01,0.02,0.98,0.99,0.01,0.01,77185.58,1776473994000
1776473996.916,296.916,0.01,0.02,0.98,0.99,0.01,0.01,77185.58,1776473995000
1776473997.333,297.333,0.01,0.02,0.98,0.99,0.01,0.01,77185.58,1776473995000
1776473997.697,297.697,0.01,0.02,0.98,0.99,0.01,0.01,77186.52,1776473996000
1776473998.034,298.034,0.01,0.02,0.98,0.99,0.01,0.01,77186.52,1776473996000
1776473998.594,298.594,0.01,0.01,0.99,0.99,0.0,0.0,77186.65,1776473997000
1776473999.125,299.125,0.01,0.01,0.99,0.99,0.0,0.0,77186.65,1776473997000
1776473999.48,299.48,0.01,0.01,0.99,0.99,0.0,0.0,77186.65,1776473997000
1776474000.006,300.006,0.01,0.01,0.99,0.99,0.0,0.0,77187.39,1776473998000
1776474000.366,300.366,0.01,0.01,0.99,0.99,0.0,0.0,77187.4,1776473999000
1776474000.871,300.871,0.01,0.01,0.99,0.99,0.0,0.0,77187.4,1776473999000

# RESULT,winner=Down,slug=btc-updown-5m-1776473700,ticks=640
