timestamp,elapsed_sec,up_bid,up_ask,down_bid,down_ask,up_spread,down_spread,btc_price,btc_oracle_ts
1777098900.628,0.628,0.5,0.51,0.49,0.51,0.01,0.02,77546.97,1777098899000
1777098901.032,1.032,0.5,0.51,0.49,0.5,0.01,0.01,77546.97,1777098899000
1777098901.467,1.467,0.5,0.51,0.49,0.5,0.01,0.01,77550.43,1777098900000
1777098901.863,1.863,0.51,0.52,0.48,0.5,0.01,0.02,77550.43,1777098900000
1777098902.341,2.341,0.51,0.52,0.48,0.49,0.01,0.01,77551.0,1777098901000
1777098902.868,2.868,0.51,0.52,0.48,0.49,0.01,0.01,77551.0,1777098901000
1777098903.231,3.231,0.51,0.52,0.48,0.49,0.01,0.01,77551.0,1777098901000
1777098903.598,3.598,0.51,0.52,0.48,0.49,0.01,0.01,77553.58,1777098902000
1777098903.949,3.949,0.51,0.52,0.48,0.49,0.01,0.01,77554.12,1777098903000
1777098904.332,4.332,0.51,0.52,0.48,0.49,0.01,0.01,77554.12,1777098903000
1777098904.687,4.687,0.51,0.52,0.48,0.49,0.01,0.01,77554.12,1777098903000
1777098905.026,5.026,0.51,0.52,0.48,0.49,0.01,0.01,77552.77,1777098904000
1777098905.39,5.39,0.52,0.53,0.47,0.49,0.01,0.02,77552.77,1777098904000
1777098905.752,5.752,0.52,0.53,0.47,0.48,0.01,0.01,77552.77,1777098904000
1777098906.175,6.175,0.52,0.53,0.47,0.48,0.01,0.01,77554.26,1777098905000
1777098906.614,6.614,0.53,0.54,0.46,0.47,0.01,0.01,77554.26,1777098905000
1777098906.975,6.975,0.53,0.54,0.46,0.47,0.01,0.01,77554.26,1777098905000
1777098907.564,7.564,0.53,0.54,0.46,0.47,0.01,0.01,77551.05,1777098906000
1777098908.268,8.268,0.53,0.54,0.46,0.47,0.01,0.01,77552.75,1777098907000
1777098908.607,8.607,0.47,0.48,0.5,0.53,0.01,0.03,77552.75,1777098907000
1777098908.942,8.942,0.45,0.47,0.53,0.54,0.02,0.01,77552.75,1777098907000
1777098909.331,9.331,0.45,0.46,0.54,0.55,0.01,0.01,77552.75,1777098907000
1777098910.139,10.139,0.45,0.46,0.54,0.55,0.01,0.01,77552.39,1777098909000
1777098910.563,10.563,0.45,0.46,0.54,0.55,0.01,0.01,77552.39,1777098909000
1777098911.016,11.016,0.45,0.46,0.54,0.55,0.01,0.01,77551.63,1777098910000
1777098911.353,11.353,0.44,0.46,0.54,0.55,0.02,0.01,77551.63,1777098910000
1777098911.906,11.906,0.43,0.44,0.56,0.57,0.01,0.01,77551.63,1777098910000
1777098912.258,12.258,0.43,0.44,0.56,0.57,0.01,0.01,77550.61,1777098911000
1777098912.593,12.593,0.43,0.44,0.56,0.57,0.01,0.01,77550.61,1777098911000
1777098913.102,13.102,0.43,0.44,0.56,0.57,0.01,0.01,77550.03,1777098912000
1777098913.462,13.462,0.43,0.44,0.56,0.57,0.01,0.01,77550.03,1777098912000
1777098913.801,13.801,0.43,0.44,0.56,0.57,0.01,0.01,77550.03,1777098912000
1777098914.203,14.203,0.43,0.44,0.56,0.57,0.01,0.01,77549.72,1777098913000
1777098914.66,14.66,0.43,0.44,0.56,0.57,0.01,0.01,77549.72,1777098913000
1777098915.699,15.699,0.43,0.44,0.56,0.57,0.01,0.01,77550.02,1777098914000
1777098916.287,16.287,0.43,0.44,0.56,0.57,0.01,0.01,77550.02,1777098915000
1777098916.932,16.932,0.43,0.44,0.56,0.57,0.01,0.01,77550.02,1777098915000
1777098917.398,17.398,0.43,0.44,0.56,0.57,0.01,0.01,77550.02,1777098915000
1777098917.937,17.937,0.43,0.44,0.56,0.57,0.01,0.01,77546.92,1777098917000
1777098918.797,18.797,0.43,0.44,0.56,0.57,0.01,0.01,77546.92,1777098917000
1777098919.138,19.138,0.43,0.44,0.56,0.57,0.01,0.01,77550.0,1777098918000
1777098919.506,19.506,0.43,0.44,0.56,0.57,0.01,0.01,77550.0,1777098918000
1777098920.123,20.123,0.43,0.44,0.56,0.57,0.01,0.01,77550.0,1777098918000
1777098920.515,20.515,0.43,0.44,0.56,0.57,0.01,0.01,77549.69,1777098919000
1777098920.913,20.913,0.42,0.43,0.57,0.58,0.01,0.01,77549.69,1777098919000
1777098921.647,21.647,0.43,0.44,0.56,0.57,0.01,0.01,77549.69,1777098919000
1777098922.135,22.135,0.43,0.44,0.56,0.57,0.01,0.01,77548.01,1777098920000
1777098922.633,22.633,0.43,0.44,0.56,0.57,0.01,0.01,77548.17,1777098921000
1777098923.027,23.027,0.43,0.44,0.56,0.57,0.01,0.01,77548.17,1777098921000
1777098924.222,24.222,0.43,0.44,0.56,0.57,0.01,0.01,77549.64,1777098922000
1777098924.995,24.995,0.43,0.44,0.56,0.57,0.01,0.01,77548.27,1777098923000
1777098925.472,25.472,0.43,0.44,0.56,0.57,0.01,0.01,77548.27,1777098924000
1777098925.891,25.891,0.43,0.44,0.56,0.57,0.01,0.01,77548.27,1777098924000
1777098926.538,26.538,0.43,0.44,0.56,0.57,0.01,0.01,77546.84,1777098925000
1777098927.023,27.023,0.43,0.44,0.56,0.57,0.01,0.01,77546.84,1777098925000
1777098927.88,27.88,0.43,0.44,0.56,0.57,0.01,0.01,77549.72,1777098926000
1777098928.216,28.216,0.43,0.44,0.56,0.57,0.01,0.01,77549.5,1777098927000
1777098929.307,29.307,0.43,0.44,0.56,0.57,0.01,0.01,77549.5,1777098928000
1777098929.789,29.789,0.43,0.44,0.56,0.57,0.01,0.01,77549.5,1777098928000
1777098930.307,30.307,0.43,0.44,0.56,0.57,0.01,0.01,77549.58,1777098929000
1777098931.349,31.349,0.43,0.44,0.56,0.57,0.01,0.01,77549.58,1777098929000
1777098931.761,31.761,0.43,0.44,0.56,0.57,0.01,0.01,77549.72,1777098930000
1777098932.393,32.393,0.43,0.44,0.56,0.57,0.01,0.01,77548.04,1777098931000
1777098933.027,33.027,0.43,0.44,0.56,0.57,0.01,0.01,77548.04,1777098932000
1777098933.853,33.853,0.43,0.44,0.56,0.57,0.01,0.01,77548.04,1777098932000
1777098935.046,35.046,0.43,0.44,0.56,0.57,0.01,0.01,77549.81,1777098934000
1777098935.407,35.407,0.43,0.44,0.56,0.57,0.01,0.01,77549.81,1777098934000
1777098935.871,35.871,0.43,0.44,0.56,0.57,0.01,0.01,77549.81,1777098934000
1777098936.62,36.62,0.43,0.44,0.56,0.57,0.01,0.01,77549.69,1777098935000
1777098937.088,37.088,0.43,0.44,0.56,0.58,0.01,0.02,77549.69,1777098935000
1777098937.633,37.633,0.42,0.44,0.56,0.58,0.02,0.02,77547.66,1777098936000
1777098937.973,37.973,0.42,0.43,0.56,0.58,0.01,0.02,77547.66,1777098936000
1777098938.31,38.31,0.42,0.43,0.57,0.58,0.01,0.01,77547.66,1777098937000
1777098938.758,38.758,0.42,0.43,0.57,0.58,0.01,0.01,77547.66,1777098937000
1777098939.622,39.622,0.41,0.42,0.57,0.58,0.01,0.01,77546.32,1777098938000
1777098939.997,39.997,0.41,0.42,0.58,0.59,0.01,0.01,77548,1777098939000
1777098940.403,40.403,0.41,0.42,0.58,0.59,0.01,0.01,77548,1777098939000
1777098940.855,40.855,0.41,0.42,0.58,0.59,0.01,0.01,77548,1777098939000
1777098941.412,41.412,0.41,0.42,0.58,0.59,0.01,0.01,77547.96,1777098940000
1777098942.073,42.073,0.41,0.42,0.58,0.59,0.01,0.01,77545.48,1777098941000
1777098942.936,42.936,0.41,0.42,0.58,0.59,0.01,0.01,77545.48,1777098941000
1777098943.418,43.418,0.41,0.42,0.58,0.59,0.01,0.01,77547.95,1777098942000
1777098944.0,44.0,0.39,0.4,0.59,0.61,0.01,0.02,77547.95,1777098942000
1777098944.409,44.409,0.38,0.39,0.61,0.62,0.01,0.01,77545.16,1777098943000
1777098944.885,44.885,0.38,0.39,0.61,0.62,0.01,0.01,77545.16,1777098943000
1777098945.221,45.221,0.38,0.39,0.61,0.62,0.01,0.01,77546.5,1777098944000
1777098945.582,45.582,0.38,0.39,0.61,0.62,0.01,0.01,77546.5,1777098944000
1777098945.918,45.918,0.32,0.33,0.67,0.68,0.01,0.01,77546.5,1777098944000
1777098946.275,46.275,0.32,0.33,0.66,0.68,0.01,0.02,77546.5,1777098945000
1777098946.669,46.669,0.32,0.33,0.67,0.68,0.01,0.01,77546.5,1777098945000
1777098947.025,47.025,0.32,0.33,0.67,0.68,0.01,0.01,77546.5,1777098945000
1777098947.383,47.383,0.34,0.35,0.65,0.67,0.01,0.02,77544.48,1777098946000
1777098947.727,47.727,0.35,0.36,0.64,0.65,0.01,0.01,77544.48,1777098946000
1777098948.287,48.287,0.35,0.36,0.64,0.65,0.01,0.01,77544.48,1777098946000
1777098948.99,48.99,0.35,0.36,0.64,0.65,0.01,0.01,77544.46,1777098947000
1777098949.673,49.673,0.35,0.36,0.64,0.65,0.01,0.01,77544.41,1777098948000
1777098950.166,50.166,0.35,0.36,0.64,0.65,0.01,0.01,77544.41,1777098948000
1777098951.05,51.05,0.35,0.36,0.64,0.65,0.01,0.01,77545.83,1777098949000
1777098951.526,51.526,0.35,0.36,0.64,0.65,0.01,0.01,77544.62,1777098950000
1777098952.029,52.029,0.35,0.36,0.64,0.65,0.01,0.01,77544.62,1777098951000
1777098952.513,52.513,0.35,0.36,0.64,0.65,0.01,0.01,77544.62,1777098951000
1777098952.875,52.875,0.35,0.36,0.64,0.65,0.01,0.01,77544.62,1777098951000
1777098953.299,53.299,0.35,0.36,0.64,0.65,0.01,0.01,77544.63,1777098952000
1777098954.229,54.229,0.35,0.37,0.63,0.65,0.02,0.02,77544.6,1777098953000
1777098955.073,55.073,0.36,0.37,0.63,0.65,0.01,0.02,77544.6,1777098953000
1777098955.507,55.507,0.36,0.37,0.63,0.64,0.01,0.01,77544.59,1777098954000
1777098956.505,56.505,0.36,0.37,0.63,0.64,0.01,0.01,77544.66,1777098955000
1777098956.966,56.966,0.36,0.37,0.63,0.64,0.01,0.01,77544.66,1777098955000
1777098957.323,57.323,0.36,0.37,0.63,0.64,0.01,0.01,77545.58,1777098956000
1777098957.713,57.713,0.36,0.37,0.63,0.64,0.01,0.01,77545.58,1777098956000
1777098958.087,58.087,0.36,0.39,0.63,0.64,0.03,0.01,77545.58,1777098956000
1777098958.43,58.43,0.38,0.39,0.61,0.62,0.01,0.01,77545.57,1777098957000
1777098959.058,59.058,0.38,0.39,0.61,0.62,0.01,0.01,77545.57,1777098957000
1777098959.445,59.445,0.39,0.4,0.6,0.62,0.01,0.02,77545.57,1777098958000
1777098960.115,60.115,0.39,0.4,0.6,0.61,0.01,0.01,77545.57,1777098958000
1777098960.471,60.471,0.39,0.4,0.6,0.61,0.01,0.01,77547.96,1777098959000
1777098960.939,60.939,0.38,0.39,0.61,0.62,0.01,0.01,77547.96,1777098959000
1777098961.323,61.323,0.38,0.39,0.61,0.62,0.01,0.01,77547.96,1777098959000
1777098962.034,62.034,0.38,0.39,0.61,0.62,0.01,0.01,77547.71,1777098960000
1777098962.54,62.54,0.38,0.39,0.61,0.62,0.01,0.01,77548.3,1777098961000
1777098962.942,62.942,0.38,0.39,0.61,0.62,0.01,0.01,77548.3,1777098961000
1777098963.342,63.342,0.38,0.39,0.61,0.62,0.01,0.01,77545.71,1777098962000
1777098963.697,63.697,0.37,0.38,0.61,0.63,0.01,0.02,77545.71,1777098962000
1777098964.138,64.138,0.37,0.38,0.62,0.63,0.01,0.01,77545.71,1777098962000
1777098964.505,64.505,0.37,0.38,0.62,0.63,0.01,0.01,77548.38,1777098963000
1777098965.133,65.133,0.38,0.39,0.61,0.62,0.01,0.01,77548.38,1777098963000
1777098966.052,66.052,0.39,0.4,0.6,0.61,0.01,0.01,77548.51,1777098964000
1777098966.479,66.479,0.39,0.4,0.6,0.61,0.01,0.01,77545.77,1777098965000
1777098967.099,67.099,0.39,0.4,0.6,0.61,0.01,0.01,77545.77,1777098965000
1777098967.906,67.906,0.38,0.39,0.61,0.62,0.01,0.01,77548.77,1777098966000
1777098968.442,68.442,0.38,0.39,0.61,0.62,0.01,0.01,77545.79,1777098967000
1777098968.99,68.99,0.38,0.4,0.61,0.62,0.02,0.01,77545.79,1777098967000
1777098970.189,70.189,0.38,0.4,0.6,0.62,0.02,0.02,77547.03,1777098969000
1777098970.704,70.704,0.39,0.4,0.6,0.62,0.01,0.02,77547.03,1777098969000
1777098971.323,71.323,0.39,0.4,0.6,0.61,0.01,0.01,77548.68,1777098970000
1777098971.996,71.996,0.39,0.4,0.6,0.61,0.01,0.01,77548.68,1777098970000
1777098972.359,72.359,0.39,0.4,0.6,0.61,0.01,0.01,77548.67,1777098971000
1777098972.776,72.776,0.39,0.4,0.6,0.61,0.01,0.01,77548.67,1777098971000
1777098973.191,73.191,0.39,0.4,0.6,0.61,0.01,0.01,77548.63,1777098972000
1777098973.631,73.631,0.39,0.4,0.6,0.61,0.01,0.01,77548.63,1777098972000
1777098974.193,74.193,0.39,0.4,0.6,0.61,0.01,0.01,77547.01,1777098973000
1777098974.813,74.813,0.38,0.39,0.6,0.62,0.01,0.02,77547.01,1777098973000
1777098975.206,75.206,0.38,0.39,0.61,0.62,0.01,0.01,77547.01,1777098973000
1777098975.805,75.805,0.36,0.37,0.63,0.64,0.01,0.01,77546.69,1777098974000
1777098976.381,76.381,0.36,0.37,0.63,0.64,0.01,0.01,77546.69,1777098975000
1777098977.108,77.108,0.36,0.37,0.63,0.64,0.01,0.01,77546.76,1777098976000
1777098978.23,78.23,0.35,0.36,0.64,0.65,0.01,0.01,77546.76,1777098976000
1777098978.587,78.587,0.35,0.36,0.64,0.65,0.01,0.01,77544.8,1777098977000
1777098979.409,79.409,0.35,0.36,0.64,0.65,0.01,0.01,77542.81,1777098978000
1777098979.743,79.743,0.33,0.36,0.64,0.66,0.03,0.02,77542.81,1777098978000
1777098980.081,80.081,0.26,0.3,0.7,0.74,0.04,0.04,77542.81,1777098978000
1777098980.519,80.519,0.21,0.27,0.73,0.74,0.06,0.01,77539.57,1777098979000
1777098980.892,80.892,0.2,0.21,0.79,0.8,0.01,0.01,77539.57,1777098979000
1777098981.261,81.261,0.19,0.2,0.79,0.81,0.01,0.02,77539.57,1777098979000
1777098981.643,81.643,0.18,0.19,0.81,0.82,0.01,0.01,77539.57,1777098979000
1777098981.978,81.978,0.18,0.19,0.81,0.82,0.01,0.01,77533.91,1777098980000
1777098982.341,82.341,0.18,0.19,0.81,0.82,0.01,0.01,77533.91,1777098980000
1777098982.678,82.678,0.17,0.18,0.81,0.82,0.01,0.01,77532.42,1777098981000
1777098983.059,83.059,0.17,0.18,0.82,0.83,0.01,0.01,77532.42,1777098981000
1777098983.607,83.607,0.17,0.18,0.82,0.83,0.01,0.01,77532.61,1777098982000
1777098983.97,83.97,0.17,0.2,0.8,0.83,0.03,0.03,77532.61,1777098982000
1777098984.574,84.574,0.17,0.2,0.8,0.83,0.03,0.03,77531.98,1777098983000
1777098985.028,85.028,0.19,0.2,0.8,0.81,0.01,0.01,77531.98,1777098983000
1777098985.461,85.461,0.19,0.2,0.8,0.81,0.01,0.01,77532.1,1777098984000
1777098985.885,85.885,0.19,0.2,0.8,0.81,0.01,0.01,77532.1,1777098984000
1777098986.282,86.282,0.19,0.2,0.8,0.81,0.01,0.01,77532.1,1777098984000
1777098986.694,86.694,0.19,0.2,0.8,0.81,0.01,0.01,77531.96,1777098985000
1777098987.172,87.172,0.19,0.2,0.8,0.81,0.01,0.01,77531.96,1777098986000
1777098987.833,87.833,0.18,0.2,0.8,0.81,0.02,0.01,77531.96,1777098986000
1777098988.317,88.317,0.17,0.18,0.82,0.83,0.01,0.01,77531.96,1777098986000
1777098988.716,88.716,0.16,0.17,0.83,0.84,0.01,0.01,77531.96,1777098986000
1777098989.294,89.294,0.16,0.17,0.83,0.84,0.01,0.01,77531.51,1777098987000
1777098989.812,89.812,0.16,0.17,0.83,0.84,0.01,0.01,77531.56,1777098988000
1777098990.287,90.287,0.16,0.17,0.83,0.84,0.01,0.01,77531.56,1777098989000
1777098990.648,90.648,0.16,0.17,0.83,0.84,0.01,0.01,77531.56,1777098989000
1777098990.996,90.996,0.16,0.17,0.83,0.84,0.01,0.01,77531.56,1777098989000
1777098991.528,91.528,0.16,0.17,0.83,0.84,0.01,0.01,77531.56,1777098989000
1777098991.948,91.948,0.18,0.19,0.81,0.82,0.01,0.01,77527.91,1777098990000
1777098993.048,93.048,0.18,0.19,0.81,0.82,0.01,0.01,77527.91,1777098991000
1777098993.382,93.382,0.18,0.19,0.81,0.82,0.01,0.01,77527.91,1777098991000
1777098993.816,93.816,0.18,0.19,0.81,0.82,0.01,0.01,77529.8,1777098992000
1777098994.216,94.216,0.18,0.19,0.81,0.82,0.01,0.01,77529.8,1777098992000
1777098994.791,94.791,0.18,0.19,0.81,0.82,0.01,0.01,77529.8,1777098993000
1777098995.154,95.154,0.18,0.19,0.81,0.82,0.01,0.01,77529.8,1777098993000
1777098995.498,95.498,0.18,0.19,0.81,0.82,0.01,0.01,77529.68,1777098994000
1777098995.839,95.839,0.18,0.19,0.81,0.82,0.01,0.01,77529.68,1777098994000
1777098996.177,96.177,0.18,0.2,0.8,0.82,0.02,0.02,77529.68,1777098994000
1777098997.235,97.235,0.19,0.2,0.8,0.81,0.01,0.01,77529.68,1777098995000
1777098998.167,98.167,0.19,0.2,0.8,0.81,0.01,0.01,77529.69,1777098996000
1777098998.506,98.506,0.19,0.2,0.8,0.81,0.01,0.01,77529.17,1777098997000
1777098998.854,98.854,0.19,0.2,0.8,0.81,0.01,0.01,77529.17,1777098997000
1777098999.248,99.248,0.19,0.2,0.8,0.81,0.01,0.01,77529.41,1777098998000
1777098999.718,99.718,0.19,0.2,0.8,0.81,0.01,0.01,77529.41,1777098998000
1777099000.168,100.168,0.19,0.2,0.8,0.81,0.01,0.01,77529.84,1777098999000
1777099000.831,100.831,0.18,0.2,0.8,0.81,0.02,0.01,77529.84,1777098999000
1777099001.466,101.466,0.18,0.19,0.81,0.82,0.01,0.01,77529.32,1777099000000
1777099002.239,102.239,0.18,0.19,0.81,0.82,0.01,0.01,77529.32,1777099000000
1777099002.591,102.591,0.18,0.19,0.81,0.82,0.01,0.01,77529.32,1777099000000
1777099002.96,102.96,0.18,0.19,0.81,0.82,0.01,0.01,77529.29,1777099001000
1777099003.382,103.382,0.18,0.19,0.81,0.82,0.01,0.01,77529.29,1777099001000
1777099004.108,104.108,0.18,0.19,0.81,0.82,0.01,0.01,77529.28,1777099003000
1777099004.777,104.777,0.18,0.19,0.81,0.82,0.01,0.01,77529.28,1777099003000
1777099005.259,105.259,0.18,0.19,0.81,0.82,0.01,0.01,77529.29,1777099004000
1777099006.193,106.193,0.18,0.19,0.81,0.82,0.01,0.01,77529.29,1777099004000
1777099006.621,106.621,0.17,0.19,0.81,0.83,0.02,0.02,77529.29,1777099005000
1777099007.136,107.136,0.17,0.19,0.81,0.83,0.02,0.02,77529.29,1777099006000
1777099008.279,108.279,0.17,0.19,0.81,0.83,0.02,0.02,77528.98,1777099007000
1777099009.053,109.053,0.17,0.18,0.82,0.83,0.01,0.01,77528.98,1777099007000
1777099009.449,109.449,0.17,0.18,0.82,0.83,0.01,0.01,77528.75,1777099008000
1777099009.831,109.831,0.17,0.18,0.82,0.83,0.01,0.01,77528.75,1777099008000
1777099011.258,111.258,0.17,0.18,0.82,0.83,0.01,0.01,77528.82,1777099009000
1777099012.016,112.016,0.17,0.18,0.82,0.83,0.01,0.01,77528.82,1777099010000
1777099012.736,112.736,0.17,0.18,0.82,0.83,0.01,0.01,77528.86,1777099011000
1777099013.172,113.172,0.17,0.18,0.82,0.83,0.01,0.01,77528.86,1777099011000
1777099014.277,114.277,0.17,0.18,0.82,0.83,0.01,0.01,77528.87,1777099013000
1777099014.906,114.906,0.17,0.18,0.82,0.83,0.01,0.01,77528.87,1777099013000
1777099015.381,115.381,0.17,0.18,0.82,0.83,0.01,0.01,77529.31,1777099014000
1777099015.987,115.987,0.17,0.18,0.82,0.83,0.01,0.01,77529.31,1777099014000
1777099016.352,116.352,0.17,0.18,0.82,0.83,0.01,0.01,77529.42,1777099015000
1777099016.706,116.706,0.17,0.18,0.82,0.83,0.01,0.01,77529.42,1777099015000
1777099017.328,117.328,0.17,0.18,0.82,0.83,0.01,0.01,77529.42,1777099016000
1777099017.944,117.944,0.17,0.18,0.82,0.83,0.01,0.01,77529.5,1777099017000
1777099018.309,118.309,0.17,0.18,0.82,0.83,0.01,0.01,77529.5,1777099017000
1777099018.696,118.696,0.17,0.18,0.82,0.83,0.01,0.01,77529.5,1777099017000
1777099019.029,119.029,0.17,0.18,0.82,0.83,0.01,0.01,77529.55,1777099018000
1777099019.479,119.479,0.17,0.18,0.82,0.83,0.01,0.01,77529.55,1777099018000
1777099019.831,119.831,0.2,0.23,0.78,0.8,0.03,0.02,77529.55,1777099018000
1777099020.284,120.284,0.22,0.25,0.75,0.8,0.03,0.05,77529.78,1777099019000
1777099020.651,120.651,0.22,0.23,0.73,0.78,0.01,0.05,77529.78,1777099019000
1777099021.066,121.066,0.22,0.27,0.73,0.78,0.05,0.05,77529.94,1777099020000
1777099021.77,121.77,0.24,0.27,0.73,0.77,0.03,0.04,77529.94,1777099020000
1777099022.107,122.107,0.22,0.26,0.74,0.78,0.04,0.04,77533.37,1777099021000
1777099022.474,122.474,0.23,0.24,0.76,0.77,0.01,0.01,77533.37,1777099021000
1777099022.902,122.902,0.23,0.24,0.76,0.77,0.01,0.01,77533.37,1777099021000
1777099023.293,123.293,0.23,0.24,0.76,0.77,0.01,0.01,77534.78,1777099022000
1777099023.764,123.764,0.23,0.24,0.76,0.77,0.01,0.01,77534.78,1777099022000
1777099024.123,124.123,0.23,0.24,0.76,0.77,0.01,0.01,77536.07,1777099023000
1777099024.559,124.559,0.23,0.24,0.76,0.77,0.01,0.01,77536.07,1777099023000
1777099025.072,125.072,0.23,0.24,0.76,0.77,0.01,0.01,77536.07,1777099023000
1777099025.414,125.414,0.23,0.24,0.76,0.77,0.01,0.01,77535.67,1777099024000
1777099025.777,125.777,0.22,0.23,0.76,0.78,0.01,0.02,77535.67,1777099024000
1777099026.175,126.175,0.22,0.23,0.77,0.78,0.01,0.01,77536.07,1777099025000
1777099026.604,126.604,0.22,0.23,0.77,0.78,0.01,0.01,77536.07,1777099025000
1777099026.975,126.975,0.22,0.23,0.77,0.78,0.01,0.01,77536.07,1777099025000
1777099027.348,127.348,0.22,0.23,0.77,0.78,0.01,0.01,77536.07,1777099025000
1777099027.753,127.753,0.22,0.23,0.77,0.78,0.01,0.01,77535.71,1777099026000
1777099028.161,128.161,0.22,0.23,0.77,0.78,0.01,0.01,77535.71,1777099026000
1777099028.685,128.685,0.22,0.23,0.77,0.78,0.01,0.01,77535.95,1777099027000
1777099029.053,129.053,0.22,0.23,0.77,0.78,0.01,0.01,77535.95,1777099028000
1777099029.492,129.492,0.22,0.24,0.76,0.78,0.02,0.02,77535.95,1777099028000
1777099029.832,129.832,0.24,0.25,0.75,0.77,0.01,0.02,77535.95,1777099028000
1777099030.19,130.19,0.24,0.25,0.75,0.76,0.01,0.01,77536.0,1777099029000
1777099030.853,130.853,0.24,0.25,0.75,0.76,0.01,0.01,77536.0,1777099029000
1777099031.329,131.329,0.24,0.25,0.75,0.76,0.01,0.01,77536.15,1777099030000
1777099031.699,131.699,0.24,0.25,0.75,0.76,0.01,0.01,77536.15,1777099030000
1777099032.372,132.372,0.24,0.25,0.75,0.76,0.01,0.01,77536.15,1777099030000
1777099032.867,132.867,0.24,0.25,0.75,0.76,0.01,0.01,77536.12,1777099031000
1777099033.361,133.361,0.24,0.25,0.75,0.76,0.01,0.01,77536.12,1777099032000
1777099033.71,133.71,0.24,0.25,0.75,0.76,0.01,0.01,77536.12,1777099032000
1777099034.069,134.069,0.24,0.25,0.75,0.76,0.01,0.01,77536.12,1777099032000
1777099035.259,135.259,0.24,0.25,0.75,0.76,0.01,0.01,77536.09,1777099034000
1777099036.36,136.36,0.24,0.25,0.75,0.76,0.01,0.01,77536.12,1777099035000
1777099036.828,136.828,0.24,0.26,0.75,0.76,0.02,0.01,77536.12,1777099035000
1777099037.175,137.175,0.31,0.34,0.66,0.69,0.03,0.03,77536.12,1777099035000
1777099037.62,137.62,0.34,0.39,0.61,0.66,0.05,0.05,77536.12,1777099035000
1777099037.967,137.967,0.34,0.37,0.63,0.65,0.03,0.02,77543.76,1777099036000
1777099038.41,138.41,0.38,0.4,0.6,0.62,0.02,0.02,77543.91,1777099037000
1777099038.746,138.746,0.39,0.4,0.6,0.61,0.01,0.01,77543.91,1777099037000
1777099039.104,139.104,0.39,0.4,0.6,0.61,0.01,0.01,77543.91,1777099037000
1777099039.566,139.566,0.39,0.4,0.6,0.61,0.01,0.01,77544.77,1777099038000
1777099040.087,140.087,0.39,0.4,0.6,0.61,0.01,0.01,77544.77,1777099038000
1777099040.735,140.735,0.39,0.4,0.6,0.61,0.01,0.01,77544.77,1777099038000
1777099041.38,141.38,0.39,0.4,0.6,0.61,0.01,0.01,77545.7,1777099039000
1777099041.817,141.817,0.39,0.41,0.6,0.61,0.02,0.01,77543.68,1777099040000
1777099043.008,143.008,0.39,0.41,0.59,0.61,0.02,0.02,77545.7,1777099042000
1777099043.532,143.532,0.4,0.42,0.59,0.61,0.02,0.02,77545.7,1777099042000
1777099043.879,143.879,0.4,0.45,0.55,0.6,0.05,0.05,77545.7,1777099042000
1777099044.302,144.302,0.43,0.44,0.56,0.57,0.01,0.01,77547.72,1777099043000
1777099044.666,144.666,0.43,0.44,0.56,0.57,0.01,0.01,77547.72,1777099043000
1777099045.032,145.032,0.43,0.44,0.56,0.57,0.01,0.01,77548.33,1777099044000
1777099045.447,145.447,0.43,0.44,0.56,0.57,0.01,0.01,77548.33,1777099044000
1777099045.859,145.859,0.43,0.44,0.56,0.57,0.01,0.01,77548.33,1777099044000
1777099047.007,147.007,0.43,0.44,0.56,0.57,0.01,0.01,77548.42,1777099045000
1777099047.657,147.657,0.43,0.44,0.56,0.57,0.01,0.01,77548.43,1777099046000
1777099048.003,148.003,0.43,0.44,0.56,0.57,0.01,0.01,77548.43,1777099047000
1777099048.41,148.41,0.43,0.44,0.56,0.57,0.01,0.01,77548.43,1777099047000
1777099048.876,148.876,0.44,0.45,0.56,0.57,0.01,0.01,77548.43,1777099047000
1777099049.262,149.262,0.44,0.45,0.55,0.56,0.01,0.01,77548.43,1777099048000
1777099049.73,149.73,0.43,0.44,0.56,0.57,0.01,0.01,77548.43,1777099048000
1777099050.116,150.116,0.44,0.45,0.55,0.56,0.01,0.01,77548.58,1777099049000
1777099050.546,150.546,0.44,0.45,0.55,0.56,0.01,0.01,77548.58,1777099049000
1777099050.954,150.954,0.44,0.45,0.55,0.56,0.01,0.01,77548.58,1777099049000
1777099051.298,151.298,0.44,0.45,0.55,0.56,0.01,0.01,77548.58,1777099050000
1777099051.877,151.877,0.44,0.45,0.55,0.56,0.01,0.01,77548.58,1777099050000
1777099052.395,152.395,0.44,0.45,0.55,0.56,0.01,0.01,77548.57,1777099051000
1777099053.155,153.155,0.44,0.45,0.55,0.56,0.01,0.01,77548.57,1777099052000
1777099053.759,153.759,0.44,0.45,0.55,0.56,0.01,0.01,77548.57,1777099052000
1777099054.344,154.344,0.44,0.45,0.55,0.56,0.01,0.01,77548.7,1777099053000
1777099054.944,154.944,0.44,0.45,0.55,0.56,0.01,0.01,77548.72,1777099054000
1777099055.37,155.37,0.44,0.45,0.55,0.56,0.01,0.01,77548.72,1777099054000
1777099055.747,155.747,0.44,0.45,0.55,0.56,0.01,0.01,77548.72,1777099054000
1777099056.245,156.245,0.44,0.45,0.55,0.56,0.01,0.01,77548.69,1777099055000
1777099056.672,156.672,0.44,0.45,0.55,0.56,0.01,0.01,77548.69,1777099055000
1777099057.176,157.176,0.44,0.45,0.55,0.56,0.01,0.01,77548.69,1777099055000
1777099057.758,157.758,0.44,0.45,0.55,0.56,0.01,0.01,77549.64,1777099056000
1777099059.228,159.228,0.44,0.45,0.55,0.56,0.01,0.01,77549.64,1777099057000
1777099060.15,160.15,0.44,0.45,0.55,0.56,0.01,0.01,77549.65,1777099058000
1777099061.05,161.05,0.44,0.45,0.55,0.56,0.01,0.01,77549.67,1777099060000
1777099061.722,161.722,0.44,0.45,0.55,0.56,0.01,0.01,77549.67,1777099060000
1777099062.247,162.247,0.44,0.45,0.55,0.56,0.01,0.01,77549.65,1777099061000
1777099063.024,163.024,0.44,0.45,0.55,0.56,0.01,0.01,77549.65,1777099061000
1777099063.408,163.408,0.44,0.45,0.55,0.56,0.01,0.01,77549.63,1777099062000
1777099064.112,164.112,0.44,0.45,0.55,0.56,0.01,0.01,77549.56,1777099063000
1777099064.768,164.768,0.44,0.45,0.55,0.56,0.01,0.01,77549.56,1777099063000
1777099065.434,165.434,0.45,0.46,0.54,0.55,0.01,0.01,77549.56,1777099064000
1777099065.827,165.827,0.45,0.46,0.54,0.55,0.01,0.01,77549.56,1777099064000
1777099066.2,166.2,0.45,0.46,0.54,0.55,0.01,0.01,77549.56,1777099065000
1777099066.885,166.885,0.45,0.46,0.54,0.55,0.01,0.01,77549.56,1777099065000
1777099067.258,167.258,0.45,0.46,0.54,0.55,0.01,0.01,77549.56,1777099065000
1777099067.959,167.959,0.45,0.46,0.54,0.55,0.01,0.01,77549.56,1777099067000
1777099068.301,168.301,0.47,0.49,0.52,0.54,0.02,0.02,77549.56,1777099067000
1777099068.64,168.64,0.54,0.55,0.45,0.46,0.01,0.01,77549.56,1777099067000
1777099069.035,169.035,0.54,0.55,0.45,0.46,0.01,0.01,77549.56,1777099067000
1777099069.377,169.377,0.54,0.55,0.45,0.46,0.01,0.01,77549.63,1777099068000
1777099069.851,169.851,0.54,0.55,0.45,0.46,0.01,0.01,77549.63,1777099068000
1777099070.2,170.2,0.54,0.55,0.45,0.46,0.01,0.01,77549.65,1777099069000
1777099070.615,170.615,0.53,0.55,0.45,0.46,0.02,0.01,77549.65,1777099069000
1777099071.024,171.024,0.53,0.54,0.45,0.47,0.01,0.02,77549.65,1777099069000
1777099071.436,171.436,0.53,0.54,0.46,0.47,0.01,0.01,77550.7,1777099070000
1777099071.975,171.975,0.52,0.53,0.47,0.48,0.01,0.01,77550.7,1777099070000
1777099072.355,172.355,0.52,0.53,0.47,0.48,0.01,0.01,77550.78,1777099071000
1777099073.34,173.34,0.51,0.52,0.47,0.49,0.01,0.02,77550.78,1777099071000
1777099073.856,173.856,0.5,0.52,0.48,0.49,0.02,0.01,77550.71,1777099072000
1777099074.312,174.312,0.5,0.51,0.48,0.5,0.01,0.02,77550.7,1777099073000
1777099074.723,174.723,0.5,0.51,0.49,0.5,0.01,0.01,77550.7,1777099073000
1777099075.077,175.077,0.46,0.47,0.52,0.54,0.01,0.02,77550.7,1777099073000
1777099075.477,175.477,0.46,0.47,0.53,0.54,0.01,0.01,77550.65,1777099074000
1777099075.811,175.811,0.4,0.43,0.57,0.59,0.03,0.02,77550.65,1777099074000
1777099076.236,176.236,0.4,0.41,0.59,0.6,0.01,0.01,77550.65,1777099074000
1777099076.896,176.896,0.39,0.4,0.6,0.61,0.01,0.01,77550.39,1777099075000
1777099077.267,177.267,0.39,0.4,0.6,0.61,0.01,0.01,77550.39,1777099075000
1777099077.723,177.723,0.38,0.39,0.61,0.62,0.01,0.01,77550.23,1777099076000
1777099078.063,178.063,0.35,0.39,0.61,0.65,0.04,0.04,77550.23,1777099076000
1777099078.455,178.455,0.35,0.36,0.64,0.65,0.01,0.01,77548.04,1777099077000
1777099079.223,179.223,0.33,0.34,0.66,0.67,0.01,0.01,77546.24,1777099078000
1777099079.582,179.582,0.33,0.34,0.66,0.67,0.01,0.01,77546.24,1777099078000
1777099080.349,180.349,0.33,0.34,0.66,0.67,0.01,0.01,77546.24,1777099079000
1777099080.942,180.942,0.33,0.34,0.66,0.67,0.01,0.01,77546.24,1777099079000
1777099081.295,181.295,0.33,0.34,0.66,0.67,0.01,0.01,77546.24,1777099080000
1777099081.631,181.631,0.33,0.34,0.66,0.67,0.01,0.01,77546.24,1777099080000
1777099082.15,182.15,0.33,0.34,0.66,0.67,0.01,0.01,77546.24,1777099081000
1777099082.753,182.753,0.33,0.34,0.66,0.67,0.01,0.01,77546.24,1777099081000
1777099083.12,183.12,0.33,0.34,0.66,0.67,0.01,0.01,77546.24,1777099081000
1777099084.088,184.088,0.33,0.34,0.66,0.67,0.01,0.01,77546.24,1777099082000
1777099084.435,184.435,0.33,0.34,0.66,0.67,0.01,0.01,77546.24,1777099082000
1777099084.781,184.781,0.33,0.35,0.65,0.67,0.02,0.02,77546.24,1777099082000
1777099085.586,185.586,0.34,0.35,0.65,0.66,0.01,0.01,77545.82,1777099084000
1777099086.042,186.042,0.34,0.35,0.65,0.66,0.01,0.01,77545.82,1777099084000
1777099086.404,186.404,0.34,0.35,0.65,0.66,0.01,0.01,77545.95,1777099085000
1777099087.191,187.191,0.32,0.35,0.65,0.66,0.03,0.01,77545.95,1777099085000
1777099087.649,187.649,0.25,0.29,0.71,0.74,0.04,0.03,77545.92,1777099086000
1777099088.119,188.119,0.27,0.28,0.72,0.73,0.01,0.01,77545.92,1777099086000
1777099088.647,188.647,0.27,0.28,0.72,0.73,0.01,0.01,77543.67,1777099087000
1777099088.983,188.983,0.27,0.28,0.72,0.73,0.01,0.01,77543.67,1777099087000
1777099089.824,189.824,0.27,0.28,0.72,0.73,0.01,0.01,77543.42,1777099088000
1777099090.331,190.331,0.27,0.28,0.72,0.73,0.01,0.01,77543.93,1777099089000
1777099091.242,191.242,0.27,0.28,0.72,0.73,0.01,0.01,77543.52,1777099090000
1777099092.031,192.031,0.27,0.28,0.72,0.73,0.01,0.01,77543.52,1777099090000
1777099092.516,192.516,0.27,0.28,0.72,0.73,0.01,0.01,77543.52,1777099091000
1777099093.141,193.141,0.27,0.28,0.72,0.73,0.01,0.01,77543.65,1777099092000
1777099093.583,193.583,0.27,0.28,0.72,0.73,0.01,0.01,77543.65,1777099092000
1777099094.003,194.003,0.27,0.28,0.72,0.73,0.01,0.01,77543.65,1777099092000
1777099094.663,194.663,0.27,0.28,0.72,0.73,0.01,0.01,77543.13,1777099093000
1777099095.341,195.341,0.27,0.28,0.72,0.73,0.01,0.01,77542.9,1777099094000
1777099095.755,195.755,0.27,0.28,0.72,0.73,0.01,0.01,77542.9,1777099094000
1777099096.632,196.632,0.27,0.28,0.72,0.73,0.01,0.01,77542.9,1777099095000
1777099097.147,197.147,0.27,0.28,0.72,0.73,0.01,0.01,77542.95,1777099096000
1777099098.374,198.374,0.27,0.28,0.72,0.73,0.01,0.01,77542.87,1777099097000
1777099099.056,199.056,0.27,0.28,0.72,0.73,0.01,0.01,77542.99,1777099098000
1777099100.148,200.148,0.27,0.28,0.72,0.73,0.01,0.01,77542.99,1777099098000
1777099100.557,200.557,0.27,0.28,0.72,0.73,0.01,0.01,77542.99,1777099098000
1777099101.13,201.13,0.27,0.28,0.72,0.73,0.01,0.01,77543.03,1777099100000
1777099101.909,201.909,0.27,0.28,0.72,0.73,0.01,0.01,77543.03,1777099100000
1777099102.425,202.425,0.27,0.28,0.72,0.73,0.01,0.01,77543.07,1777099101000
1777099103.071,203.071,0.27,0.28,0.72,0.73,0.01,0.01,77543.07,1777099101000
1777099104.12,204.12,0.27,0.28,0.72,0.73,0.01,0.01,77543.1,1777099102000
1777099104.511,204.511,0.27,0.28,0.72,0.73,0.01,0.01,77543.07,1777099103000
1777099105.487,205.487,0.27,0.28,0.72,0.73,0.01,0.01,77543.12,1777099104000
1777099105.875,205.875,0.27,0.28,0.72,0.73,0.01,0.01,77543.12,1777099104000
1777099107.067,207.067,0.27,0.28,0.72,0.73,0.01,0.01,77543.17,1777099106000
1777099107.523,207.523,0.27,0.28,0.72,0.73,0.01,0.01,77543.17,1777099106000
1777099107.889,207.889,0.27,0.28,0.72,0.73,0.01,0.01,77543.17,1777099106000
1777099108.24,208.24,0.27,0.28,0.72,0.73,0.01,0.01,77543.17,1777099107000
1777099109.087,209.087,0.27,0.28,0.72,0.73,0.01,0.01,77543.27,1777099108000
1777099109.843,209.843,0.27,0.28,0.72,0.73,0.01,0.01,77543.27,1777099108000
1777099110.435,210.435,0.27,0.28,0.72,0.73,0.01,0.01,77543.51,1777099109000
1777099110.829,210.829,0.27,0.28,0.72,0.73,0.01,0.01,77543.51,1777099109000
1777099111.168,211.168,0.27,0.28,0.72,0.73,0.01,0.01,77543.51,1777099109000
1777099111.774,211.774,0.27,0.28,0.72,0.73,0.01,0.01,77543.56,1777099110000
1777099112.362,212.362,0.26,0.28,0.72,0.74,0.02,0.02,77543.67,1777099111000
1777099112.966,212.966,0.26,0.28,0.72,0.74,0.02,0.02,77543.56,1777099112000
1777099113.905,213.905,0.26,0.27,0.73,0.74,0.01,0.01,77543.56,1777099112000
1777099114.532,214.532,0.26,0.27,0.73,0.74,0.01,0.01,77543.56,1777099112000
1777099114.912,214.912,0.26,0.27,0.72,0.74,0.01,0.02,77543.56,1777099113000
1777099116.153,216.153,0.26,0.27,0.73,0.74,0.01,0.01,77543.56,1777099115000
1777099116.536,216.536,0.26,0.28,0.72,0.74,0.02,0.02,77543.56,1777099115000
1777099117.208,217.208,0.26,0.27,0.72,0.73,0.01,0.01,77543.56,1777099115000
1777099117.654,217.654,0.26,0.27,0.73,0.74,0.01,0.01,77543.79,1777099116000
1777099118.145,218.145,0.25,0.26,0.73,0.75,0.01,0.02,77543.79,1777099116000
1777099118.694,218.694,0.25,0.26,0.74,0.75,0.01,0.01,77543.88,1777099117000
1777099119.037,219.037,0.25,0.26,0.74,0.75,0.01,0.01,77543.88,1777099118000
1777099119.499,219.499,0.25,0.26,0.74,0.75,0.01,0.01,77543.88,1777099118000
1777099120.022,220.022,0.25,0.26,0.74,0.75,0.01,0.01,77544.02,1777099119000
1777099121.177,221.177,0.25,0.26,0.74,0.75,0.01,0.01,77543.84,1777099120000
1777099121.626,221.626,0.25,0.26,0.74,0.75,0.01,0.01,77543.84,1777099120000
1777099122.22,222.22,0.25,0.26,0.74,0.75,0.01,0.01,77543.84,1777099121000
1777099123.117,223.117,0.26,0.27,0.74,0.75,0.01,0.01,77543.84,1777099121000
1777099123.548,223.548,0.26,0.27,0.73,0.74,0.01,0.01,77544.04,1777099122000
1777099124.001,224.001,0.26,0.27,0.73,0.74,0.01,0.01,77544.01,1777099123000
1777099124.421,224.421,0.27,0.28,0.72,0.73,0.01,0.01,77544.01,1777099123000
1777099125.129,225.129,0.28,0.29,0.71,0.72,0.01,0.01,77544.01,1777099123000
1777099125.551,225.551,0.28,0.29,0.71,0.72,0.01,0.01,77544.01,1777099124000
1777099126.137,226.137,0.28,0.29,0.71,0.72,0.01,0.01,77544.01,1777099124000
1777099126.586,226.586,0.28,0.29,0.71,0.72,0.01,0.01,77544.91,1777099125000
1777099127.276,227.276,0.28,0.29,0.71,0.72,0.01,0.01,77545.02,1777099126000
1777099127.76,227.76,0.28,0.29,0.71,0.72,0.01,0.01,77545.02,1777099126000
1777099128.127,228.127,0.27,0.28,0.71,0.72,0.01,0.01,77545.02,1777099126000
1777099128.534,228.534,0.26,0.27,0.72,0.73,0.01,0.01,77545.02,1777099126000
1777099128.987,228.987,0.26,0.27,0.73,0.74,0.01,0.01,77545.02,1777099127000
1777099129.462,229.462,0.26,0.28,0.73,0.74,0.02,0.01,77545.04,1777099128000
1777099130.226,230.226,0.27,0.28,0.72,0.73,0.01,0.01,77545.04,1777099128000
1777099131.154,231.154,0.27,0.28,0.72,0.73,0.01,0.01,77545,1777099130000
1777099131.914,231.914,0.27,0.28,0.72,0.73,0.01,0.01,77545,1777099130000
1777099132.289,232.289,0.27,0.28,0.72,0.73,0.01,0.01,77545,1777099130000
1777099133.077,233.077,0.27,0.28,0.72,0.73,0.01,0.01,77545.01,1777099132000
1777099133.729,233.729,0.27,0.28,0.72,0.73,0.01,0.01,77545.01,1777099132000
1777099134.101,234.101,0.27,0.28,0.72,0.73,0.01,0.01,77545.1,1777099133000
1777099134.98,234.98,0.27,0.29,0.72,0.73,0.02,0.01,77545.1,1777099133000
1777099135.405,235.405,0.35,0.36,0.64,0.67,0.01,0.03,77545.1,1777099134000
1777099135.953,235.953,0.35,0.36,0.64,0.65,0.01,0.01,77545.1,1777099134000
1777099136.308,236.308,0.39,0.4,0.6,0.61,0.01,0.01,77545.1,1777099134000
1777099136.838,236.838,0.39,0.4,0.6,0.61,0.01,0.01,77545.13,1777099135000
1777099137.466,237.466,0.39,0.4,0.6,0.61,0.01,0.01,77545.2,1777099136000
1777099137.873,237.873,0.39,0.4,0.6,0.61,0.01,0.01,77545.2,1777099136000
1777099138.378,238.378,0.39,0.4,0.6,0.61,0.01,0.01,77545.97,1777099137000
1777099139.101,239.101,0.39,0.4,0.6,0.61,0.01,0.01,77546.22,1777099138000
1777099139.536,239.536,0.39,0.4,0.6,0.61,0.01,0.01,77546.22,1777099138000
1777099140.065,240.065,0.44,0.45,0.55,0.61,0.01,0.06,77546.22,1777099138000
1777099140.493,240.493,0.44,0.45,0.55,0.56,0.01,0.01,77546.22,1777099139000
1777099141.051,241.051,0.43,0.44,0.55,0.57,0.01,0.02,77546.22,1777099139000
1777099141.393,241.393,0.42,0.43,0.57,0.58,0.01,0.01,77546.22,1777099140000
1777099141.774,241.774,0.42,0.43,0.57,0.58,0.01,0.01,77546.22,1777099140000
1777099143.123,243.123,0.41,0.42,0.58,0.59,0.01,0.01,77546.22,1777099141000
1777099143.626,243.626,0.41,0.42,0.58,0.59,0.01,0.01,77546.22,1777099142000
1777099144.41,244.41,0.41,0.42,0.58,0.59,0.01,0.01,77546.22,1777099143000
1777099144.805,244.805,0.41,0.42,0.58,0.59,0.01,0.01,77546.22,1777099143000
1777099145.139,245.139,0.41,0.42,0.58,0.59,0.01,0.01,77546.22,1777099144000
1777099145.791,245.791,0.4,0.41,0.59,0.6,0.01,0.01,77546.22,1777099144000
1777099146.185,246.185,0.4,0.41,0.59,0.6,0.01,0.01,77546.22,1777099144000
1777099146.967,246.967,0.35,0.36,0.59,0.64,0.01,0.05,77546.22,1777099145000
1777099147.353,247.353,0.35,0.36,0.64,0.65,0.01,0.01,77546.22,1777099145000
1777099147.801,247.801,0.34,0.36,0.64,0.65,0.02,0.01,77546.22,1777099146000
1777099148.201,248.201,0.35,0.37,0.64,0.65,0.02,0.01,77546.22,1777099146000
1777099148.634,248.634,0.34,0.36,0.64,0.66,0.02,0.02,77546.22,1777099147000
1777099149.106,249.106,0.36,0.37,0.64,0.66,0.01,0.02,77546.22,1777099147000
1777099149.441,249.441,0.36,0.37,0.63,0.64,0.01,0.01,77546.22,1777099148000
1777099149.79,249.79,0.36,0.37,0.63,0.64,0.01,0.01,77546.22,1777099148000
1777099150.258,250.258,0.36,0.37,0.63,0.64,0.01,0.01,77546.22,1777099148000
1777099150.673,250.673,0.35,0.37,0.63,0.64,0.02,0.01,77546.22,1777099148000
1777099151.381,251.381,0.35,0.36,0.64,0.65,0.01,0.01,77546.22,1777099150000
1777099151.905,251.905,0.35,0.36,0.64,0.65,0.01,0.01,77546.22,1777099150000
1777099152.41,252.41,0.34,0.36,0.64,0.65,0.02,0.01,77546.23,1777099151000
1777099153.154,253.154,0.34,0.35,0.65,0.66,0.01,0.01,77546.23,1777099151000
1777099153.548,253.548,0.34,0.35,0.65,0.66,0.01,0.01,77546.23,1777099152000
1777099154.207,254.207,0.34,0.35,0.65,0.66,0.01,0.01,77546.23,1777099153000
1777099154.792,254.792,0.3,0.35,0.65,0.66,0.05,0.01,77546.23,1777099153000
1777099155.195,255.195,0.31,0.34,0.65,0.7,0.03,0.05,77546.23,1777099153000
1777099155.536,255.536,0.34,0.37,0.63,0.66,0.03,0.03,77546.23,1777099153000
1777099155.933,255.933,0.45,0.46,0.54,0.55,0.01,0.01,77546.22,1777099154000
1777099156.3,256.3,0.45,0.46,0.54,0.55,0.01,0.01,77546.22,1777099154000
1777099156.838,256.838,0.44,0.45,0.54,0.56,0.01,0.02,77546.22,1777099155000
1777099157.635,257.635,0.44,0.45,0.55,0.56,0.01,0.01,77546.22,1777099156000
1777099158.317,258.317,0.44,0.45,0.55,0.56,0.01,0.01,77545.17,1777099157000
1777099158.864,258.864,0.44,0.45,0.55,0.56,0.01,0.01,77545.17,1777099157000
1777099159.325,259.325,0.4,0.41,0.55,0.6,0.01,0.05,77545.17,1777099157000
1777099159.697,259.697,0.4,0.41,0.59,0.6,0.01,0.01,77546.24,1777099158000
1777099160.171,260.171,0.4,0.41,0.59,0.6,0.01,0.01,77546.24,1777099158000
1777099160.591,260.591,0.44,0.45,0.59,0.6,0.01,0.01,77546.24,1777099159000
1777099160.927,260.927,0.62,0.72,0.28,0.38,0.1,0.1,77546.24,1777099159000
1777099161.279,261.279,0.72,0.73,0.27,0.28,0.01,0.01,77546.24,1777099159000
1777099161.651,261.651,0.75,0.79,0.23,0.27,0.04,0.04,77546.24,1777099160000
1777099161.991,261.991,0.77,0.78,0.22,0.24,0.01,0.02,77546.24,1777099160000
1777099162.438,262.438,0.76,0.79,0.22,0.24,0.03,0.02,77546.24,1777099161000
1777099162.828,262.828,0.71,0.77,0.23,0.24,0.06,0.01,77546.24,1777099161000
1777099163.18,263.18,0.71,0.78,0.23,0.29,0.07,0.06,77546.24,1777099161000
1777099163.629,263.629,0.67,0.78,0.22,0.33,0.11,0.11,77558.46,1777099162000
1777099164.069,264.069,0.78,0.79,0.21,0.22,0.01,0.01,77558.46,1777099162000
1777099164.409,264.409,0.78,0.79,0.21,0.23,0.01,0.02,77558.46,1777099163000
1777099164.749,264.749,0.77,0.79,0.21,0.23,0.02,0.02,77558.46,1777099163000
1777099165.255,265.255,0.67,0.79,0.21,0.22,0.12,0.01,77558.46,1777099163000
1777099165.645,265.645,0.78,0.79,0.21,0.22,0.01,0.01,77559.39,1777099164000
1777099165.983,265.983,0.78,0.79,0.21,0.22,0.01,0.01,77559.39,1777099164000
1777099166.336,266.336,0.8,0.82,0.18,0.2,0.02,0.02,77558.14,1777099165000
1777099166.681,266.681,0.88,0.89,0.11,0.12,0.01,0.01,77558.14,1777099165000
1777099167.048,267.048,0.88,0.89,0.11,0.12,0.01,0.01,77558.14,1777099165000
1777099167.401,267.401,0.89,0.91,0.1,0.12,0.02,0.02,77558.75,1777099166000
1777099167.874,267.874,0.9,0.91,0.09,0.1,0.01,0.01,77558.75,1777099166000
1777099168.257,268.257,0.9,0.91,0.09,0.1,0.01,0.01,77558.75,1777099166000
1777099168.658,268.658,0.9,0.91,0.09,0.1,0.01,0.01,77558.84,1777099167000
1777099169.11,269.11,0.9,0.91,0.09,0.1,0.01,0.01,77559.16,1777099168000
1777099169.514,269.514,0.9,0.91,0.09,0.1,0.01,0.01,77559.16,1777099168000
1777099170.539,270.539,0.92,0.96,0.04,0.08,0.04,0.04,77559.55,1777099169000
1777099170.956,270.956,0.92,0.93,0.04,0.08,0.01,0.04,77559.55,1777099169000
1777099171.381,271.381,0.92,0.96,0.04,0.08,0.04,0.04,77560.09,1777099170000
1777099171.743,271.743,0.92,0.93,0.07,0.08,0.01,0.01,77560.09,1777099170000
1777099172.155,272.155,0.92,0.93,0.04,0.08,0.01,0.04,77560.09,1777099170000
1777099172.587,272.587,0.92,0.93,0.07,0.08,0.01,0.01,77559.36,1777099171000
1777099172.957,272.957,0.92,0.93,0.07,0.09,0.01,0.02,77559.36,1777099171000
1777099173.405,273.405,0.91,0.92,0.08,0.09,0.01,0.01,77559.54,1777099172000
1777099173.748,273.748,0.91,0.93,0.08,0.09,0.02,0.01,77559.54,1777099172000
1777099174.177,274.177,0.88,0.89,0.11,0.12,0.01,0.01,77559.54,1777099172000
1777099174.521,274.521,0.89,0.9,0.1,0.11,0.01,0.01,77559.44,1777099173000
1777099174.864,274.864,0.89,0.9,0.1,0.11,0.01,0.01,77559.44,1777099173000
1777099175.269,275.269,0.89,0.9,0.1,0.11,0.01,0.01,77559.58,1777099174000
1777099175.72,275.72,0.92,0.95,0.07,0.08,0.03,0.01,77559.58,1777099174000
1777099176.06,276.06,0.94,0.95,0.05,0.08,0.01,0.03,77559.58,1777099174000
1777099176.493,276.493,0.94,0.95,0.05,0.06,0.01,0.01,77560.08,1777099175000
1777099176.993,276.993,0.96,0.97,0.03,0.06,0.01,0.03,77560.08,1777099175000
1777099177.555,277.555,0.94,0.95,0.03,0.11,0.01,0.08,77560.08,1777099175000
1777099177.891,277.891,0.94,0.95,0.05,0.06,0.01,0.01,77559.94,1777099176000
1777099178.278,278.278,0.94,0.95,0.05,0.06,0.01,0.01,77559.94,1777099176000
1777099178.683,278.683,0.89,0.9,0.06,0.09,0.01,0.03,77559.94,1777099176000
1777099179.09,279.09,0.9,0.91,0.09,0.11,0.01,0.02,77559.94,1777099176000
1777099179.669,279.669,0.95,0.97,0.03,0.04,0.02,0.01,77560.01,1777099178000
1777099180.111,280.111,0.96,0.97,0.03,0.04,0.01,0.01,77560.01,1777099178000
1777099180.449,280.449,0.94,0.95,0.03,0.06,0.01,0.03,77562.05,1777099179000
1777099180.897,280.897,0.94,0.95,0.05,0.06,0.01,0.01,77562.05,1777099179000
1777099181.385,281.385,0.94,0.97,0.03,0.06,0.03,0.03,77562.05,1777099179000
1777099181.791,281.791,0.96,0.97,0.03,0.04,0.01,0.01,77561.91,1777099180000
1777099182.151,282.151,0.96,0.97,0.03,0.04,0.01,0.01,77561.91,1777099180000
1777099182.558,282.558,0.96,0.97,0.03,0.04,0.01,0.01,77561.91,1777099180000
1777099182.947,282.947,0.96,0.97,0.03,0.04,0.01,0.01,77562.06,1777099181000
1777099183.59,283.59,0.96,0.97,0.03,0.04,0.01,0.01,77561.12,1777099182000
1777099184.002,284.002,0.96,0.97,0.03,0.04,0.01,0.01,77561.12,1777099182000
1777099184.481,284.481,0.96,0.97,0.03,0.04,0.01,0.01,77560.42,1777099183000
1777099184.912,284.912,0.96,0.97,0.03,0.04,0.01,0.01,77560.42,1777099183000
1777099185.357,285.357,0.96,0.97,0.03,0.04,0.01,0.01,77560.42,1777099183000
1777099185.719,285.719,0.95,0.97,0.04,0.05,0.02,0.01,77560.46,1777099184000
1777099186.129,286.129,0.97,0.98,0.02,0.05,0.01,0.03,77560.46,1777099185000
1777099186.701,286.701,0.97,0.98,0.02,0.03,0.01,0.01,77560.46,1777099185000
1777099187.058,287.058,0.97,0.98,0.02,0.03,0.01,0.01,77560.46,1777099185000
1777099187.532,287.532,0.96,0.98,0.02,0.03,0.02,0.01,77559.91,1777099186000
1777099188.02,288.02,0.96,0.97,0.03,0.04,0.01,0.01,77559.91,1777099186000
1777099188.493,288.493,0.96,0.97,0.03,0.04,0.01,0.01,77560.0,1777099187000
1777099189.158,289.158,0.97,0.98,0.02,0.03,0.01,0.01,77559.92,1777099188000
1777099189.741,289.741,0.97,0.98,0.02,0.03,0.01,0.01,77559.92,1777099188000
1777099190.329,290.329,0.97,0.98,0.02,0.03,0.01,0.01,77559.92,1777099188000
1777099190.667,290.667,0.97,0.98,0.02,0.03,0.01,0.01,77559.92,1777099188000
1777099191.019,291.019,0.97,0.98,0.02,0.03,0.01,0.01,77560.46,1777099189000
1777099191.404,291.404,0.97,0.98,0.02,0.03,0.01,0.01,77560.46,1777099190000
1777099191.766,291.766,0.97,0.98,0.02,0.03,0.01,0.01,77560.46,1777099190000
1777099192.222,292.222,0.97,0.98,0.02,0.03,0.01,0.01,77560.45,1777099191000
1777099192.672,292.672,0.98,0.99,0.01,0.03,0.01,0.02,77560.45,1777099191000
1777099193.046,293.046,0.98,0.99,0.01,0.02,0.01,0.01,77560.45,1777099191000
1777099193.391,293.391,0.95,0.99,0.01,0.05,0.04,0.04,77559.97,1777099192000
1777099193.839,293.839,0.98,0.99,0.01,0.02,0.01,0.01,77559.97,1777099192000
1777099194.268,294.268,0.98,0.99,0.01,0.02,0.01,0.01,77559.97,1777099192000
1777099194.613,294.613,0.98,0.99,0.01,0.02,0.01,0.01,77559.97,1777099192000
1777099195.092,295.092,0.98,0.99,0.01,0.02,0.01,0.01,77560.13,1777099193000
1777099195.497,295.497,0.98,0.99,0.01,0.02,0.01,0.01,77560.13,1777099194000
1777099195.857,295.857,0.98,0.99,0.01,0.02,0.01,0.01,77560.13,1777099194000
1777099196.441,296.441,0.98,0.99,0.01,0.02,0.01,0.01,77561.96,1777099195000
1777099197.053,297.053,0.99,0.99,0.01,0.01,0.0,0.0,77562.33,1777099196000
1777099198.159,298.159,0.99,0.99,0.01,0.01,0.0,0.0,77562.71,1777099197000
1777099198.586,298.586,0.99,0.99,0.01,0.01,0.0,0.0,77562.71,1777099197000
1777099199.194,299.194,0.99,0.99,0.01,0.01,0.0,0.0,77562.71,1777099197000
1777099199.709,299.709,0.99,0.99,0.01,0.01,0.0,0.0,77563.65,1777099198000
1777099200.367,300.367,0.99,0.99,0.01,0.01,0.0,0.0,77563.65,1777099198000
1777099200.9,300.9,0.99,0.99,0.01,0.01,0.0,0.0,77563.86,1777099200000
1777099202.074,302.074,0.99,0.99,0.01,0.01,0.0,0.0,77564.74,1777099201000

# RESULT,winner=Up,slug=btc-updown-5m-1777098900,ticks=580
