timestamp,elapsed_sec,up_bid,up_ask,down_bid,down_ask,up_spread,down_spread,btc_price,btc_oracle_ts
1777146000.532,0.532,0.55,0.56,0.44,0.45,0.01,0.01,77242.83,1777145999000
1777146001.01,1.01,0.56,0.57,0.43,0.45,0.01,0.02,77242.83,1777145999000
1777146001.412,1.412,0.56,0.57,0.43,0.44,0.01,0.01,77242.83,1777146000000
1777146001.766,1.766,0.54,0.56,0.44,0.45,0.02,0.01,77242.83,1777146000000
1777146002.139,2.139,0.54,0.55,0.45,0.46,0.01,0.01,77242.83,1777146000000
1777146002.533,2.533,0.54,0.57,0.45,0.46,0.03,0.01,77242.92,1777146001000
1777146002.967,2.967,0.6,0.61,0.36,0.43,0.01,0.07,77242.92,1777146001000
1777146003.313,3.313,0.6,0.61,0.39,0.4,0.01,0.01,77242.92,1777146001000
1777146003.725,3.725,0.6,0.61,0.39,0.4,0.01,0.01,77242.88,1777146002000
1777146004.078,4.078,0.6,0.61,0.39,0.4,0.01,0.01,77242.88,1777146002000
1777146004.427,4.427,0.6,0.61,0.39,0.4,0.01,0.01,77242.88,1777146002000
1777146004.78,4.78,0.6,0.62,0.39,0.4,0.02,0.01,77246.57,1777146003000
1777146005.144,5.144,0.61,0.62,0.38,0.4,0.01,0.02,77246.57,1777146003000
1777146005.707,5.707,0.61,0.62,0.38,0.39,0.01,0.01,77248.77,1777146004000
1777146006.055,6.055,0.61,0.62,0.38,0.39,0.01,0.01,77248.77,1777146004000
1777146006.405,6.405,0.61,0.62,0.38,0.39,0.01,0.01,77248.77,1777146004000
1777146006.835,6.835,0.61,0.62,0.38,0.39,0.01,0.01,77250.1,1777146005000
1777146007.222,7.222,0.61,0.62,0.38,0.39,0.01,0.01,77251.24,1777146006000
1777146007.622,7.622,0.61,0.62,0.38,0.39,0.01,0.01,77251.24,1777146006000
1777146008.021,8.021,0.59,0.6,0.4,0.41,0.01,0.01,77251.24,1777146006000
1777146008.368,8.368,0.59,0.6,0.4,0.41,0.01,0.01,77250.6,1777146007000
1777146009.229,9.229,0.59,0.6,0.4,0.41,0.01,0.01,77250.6,1777146007000
1777146009.655,9.655,0.59,0.6,0.4,0.41,0.01,0.01,77247.45,1777146008000
1777146010.006,10.006,0.59,0.6,0.4,0.41,0.01,0.01,77247.45,1777146008000
1777146010.789,10.789,0.59,0.6,0.4,0.41,0.01,0.01,77248.3,1777146009000
1777146011.461,11.461,0.59,0.6,0.4,0.41,0.01,0.01,77248.3,1777146009000
1777146011.853,11.853,0.58,0.59,0.41,0.42,0.01,0.01,77247.02,1777146010000
1777146012.291,12.291,0.58,0.59,0.41,0.42,0.01,0.01,77247.08,1777146011000
1777146013.156,13.156,0.58,0.59,0.41,0.42,0.01,0.01,77247.08,1777146011000
1777146013.538,13.538,0.58,0.59,0.41,0.42,0.01,0.01,77247.08,1777146011000
1777146013.891,13.891,0.58,0.59,0.41,0.42,0.01,0.01,77247.08,1777146011000
1777146014.331,14.331,0.58,0.59,0.41,0.42,0.01,0.01,77247.19,1777146012000
1777146014.698,14.698,0.58,0.59,0.41,0.42,0.01,0.01,77247.19,1777146013000
1777146015.056,15.056,0.58,0.59,0.41,0.42,0.01,0.01,77247.19,1777146013000
1777146015.436,15.436,0.58,0.59,0.41,0.42,0.01,0.01,77247.19,1777146013000
1777146015.951,15.951,0.58,0.59,0.41,0.42,0.01,0.01,77247.19,1777146014000
1777146017.162,17.162,0.58,0.59,0.41,0.42,0.01,0.01,77247.23,1777146015000
1777146017.593,17.593,0.58,0.59,0.41,0.42,0.01,0.01,77247.11,1777146016000
1777146018.14,18.14,0.58,0.59,0.41,0.42,0.01,0.01,77247.11,1777146016000
1777146018.547,18.547,0.58,0.59,0.41,0.42,0.01,0.01,77247.22,1777146017000
1777146018.906,18.906,0.58,0.59,0.41,0.42,0.01,0.01,77247.22,1777146017000
1777146019.242,19.242,0.58,0.6,0.41,0.42,0.02,0.01,77247.23,1777146018000
1777146019.643,19.643,0.59,0.6,0.4,0.41,0.01,0.01,77247.23,1777146018000
1777146020.202,20.202,0.59,0.6,0.4,0.41,0.01,0.01,77247.36,1777146019000
1777146021.342,21.342,0.59,0.6,0.4,0.41,0.01,0.01,77247.36,1777146019000
1777146021.993,21.993,0.59,0.6,0.4,0.41,0.01,0.01,77247.75,1777146021000
1777146022.733,22.733,0.59,0.6,0.4,0.41,0.01,0.01,77247.75,1777146021000
1777146023.126,23.126,0.59,0.6,0.4,0.41,0.01,0.01,77247.75,1777146021000
1777146023.778,23.778,0.59,0.6,0.4,0.41,0.01,0.01,77247.82,1777146022000
1777146024.18,24.18,0.59,0.6,0.4,0.41,0.01,0.01,77247.82,1777146022000
1777146024.833,24.833,0.59,0.6,0.4,0.41,0.01,0.01,77247.36,1777146023000
1777146025.525,25.525,0.59,0.6,0.4,0.41,0.01,0.01,77247.36,1777146024000
1777146026.037,26.037,0.59,0.6,0.4,0.41,0.01,0.01,77247.36,1777146024000
1777146026.654,26.654,0.59,0.6,0.4,0.41,0.01,0.01,77247.35,1777146025000
1777146027.443,27.443,0.59,0.6,0.4,0.41,0.01,0.01,77247.5,1777146026000
1777146027.803,27.803,0.59,0.6,0.4,0.41,0.01,0.01,77247.5,1777146026000
1777146028.164,28.164,0.59,0.6,0.4,0.41,0.01,0.01,77247.5,1777146027000
1777146028.497,28.497,0.55,0.6,0.4,0.45,0.05,0.05,77247.5,1777146027000
1777146028.924,28.924,0.54,0.55,0.45,0.46,0.01,0.01,77247.5,1777146027000
1777146029.395,29.395,0.54,0.55,0.45,0.46,0.01,0.01,77247.5,1777146027000
1777146029.808,29.808,0.54,0.55,0.45,0.46,0.01,0.01,77247.5,1777146027000
1777146030.287,30.287,0.54,0.55,0.45,0.46,0.01,0.01,77247.5,1777146027000
1777146030.916,30.916,0.54,0.55,0.45,0.46,0.01,0.01,77247.5,1777146027000
1777146031.533,31.533,0.54,0.55,0.45,0.46,0.01,0.01,77246.43,1777146029000
1777146031.992,31.992,0.54,0.55,0.45,0.46,0.01,0.01,77246.38,1777146030000
1777146032.326,32.326,0.54,0.55,0.45,0.46,0.01,0.01,77246.38,1777146030000
1777146032.786,32.786,0.54,0.55,0.45,0.46,0.01,0.01,77246.41,1777146031000
1777146033.306,33.306,0.54,0.55,0.45,0.46,0.01,0.01,77246.41,1777146032000
1777146033.653,33.653,0.54,0.55,0.45,0.46,0.01,0.01,77246.41,1777146032000
1777146033.991,33.991,0.54,0.55,0.45,0.46,0.01,0.01,77246.41,1777146032000
1777146034.374,34.374,0.53,0.55,0.45,0.46,0.02,0.01,77246.41,1777146032000
1777146034.772,34.772,0.53,0.54,0.46,0.47,0.01,0.01,77246.34,1777146033000
1777146035.114,35.114,0.53,0.54,0.46,0.47,0.01,0.01,77246.34,1777146034000
1777146036.26,36.26,0.53,0.54,0.46,0.47,0.01,0.01,77244.41,1777146035000
1777146036.905,36.905,0.53,0.54,0.46,0.47,0.01,0.01,77244.41,1777146035000
1777146037.33,37.33,0.53,0.54,0.46,0.47,0.01,0.01,77244.41,1777146035000
1777146038.03,38.03,0.53,0.54,0.46,0.47,0.01,0.01,77244.26,1777146036000
1777146038.381,38.381,0.53,0.54,0.46,0.47,0.01,0.01,77244.26,1777146037000
1777146039.126,39.126,0.53,0.54,0.46,0.47,0.01,0.01,77244.26,1777146037000
1777146039.82,39.82,0.53,0.54,0.46,0.47,0.01,0.01,77244.27,1777146038000
1777146040.395,40.395,0.53,0.54,0.46,0.47,0.01,0.01,77244.27,1777146039000
1777146040.77,40.77,0.53,0.54,0.46,0.47,0.01,0.01,77244.27,1777146039000
1777146041.289,41.289,0.53,0.54,0.46,0.47,0.01,0.01,77244.27,1777146039000
1777146041.69,41.69,0.53,0.54,0.46,0.47,0.01,0.01,77244.28,1777146040000
1777146042.238,42.238,0.53,0.54,0.46,0.47,0.01,0.01,77244.28,1777146041000
1777146043.041,43.041,0.53,0.54,0.46,0.47,0.01,0.01,77244.28,1777146041000
1777146043.589,43.589,0.53,0.54,0.46,0.47,0.01,0.01,77244.28,1777146042000
1777146044.107,44.107,0.53,0.54,0.46,0.47,0.01,0.01,77244.28,1777146042000
1777146044.459,44.459,0.53,0.54,0.46,0.47,0.01,0.01,77244.29,1777146043000
1777146044.982,44.982,0.51,0.52,0.48,0.49,0.01,0.01,77244.29,1777146043000
1777146045.353,45.353,0.51,0.52,0.48,0.49,0.01,0.01,77244.29,1777146044000
1777146045.937,45.937,0.52,0.53,0.47,0.48,0.01,0.01,77244.29,1777146044000
1777146046.283,46.283,0.52,0.53,0.47,0.48,0.01,0.01,77244.29,1777146045000
1777146046.661,46.661,0.54,0.55,0.45,0.47,0.01,0.02,77244.29,1777146045000
1777146047.57,47.57,0.54,0.56,0.45,0.46,0.02,0.01,77244.29,1777146045000
1777146048.113,48.113,0.55,0.56,0.44,0.45,0.01,0.01,77244.29,1777146045000
1777146048.502,48.502,0.55,0.56,0.44,0.45,0.01,0.01,77244.29,1777146047000
1777146048.945,48.945,0.56,0.57,0.43,0.44,0.01,0.01,77244.29,1777146048000
1777146049.638,49.638,0.56,0.57,0.43,0.44,0.01,0.01,77244.29,1777146048000
1777146050.189,50.189,0.56,0.57,0.43,0.44,0.01,0.01,77244.29,1777146049000
1777146050.667,50.667,0.56,0.57,0.43,0.44,0.01,0.01,77244.29,1777146049000
1777146051.354,51.354,0.56,0.57,0.43,0.44,0.01,0.01,77244.29,1777146049000
1777146052.1,52.1,0.56,0.57,0.43,0.44,0.01,0.01,77244.29,1777146051000
1777146052.502,52.502,0.56,0.57,0.43,0.44,0.01,0.01,77244.29,1777146051000
1777146053.153,53.153,0.57,0.58,0.43,0.44,0.01,0.01,77244.29,1777146051000
1777146053.72,53.72,0.57,0.58,0.42,0.43,0.01,0.01,77244.29,1777146052000
1777146054.067,54.067,0.57,0.58,0.42,0.43,0.01,0.01,77244.29,1777146053000
1777146054.431,54.431,0.57,0.58,0.42,0.43,0.01,0.01,77244.29,1777146053000
1777146054.919,54.919,0.57,0.58,0.42,0.43,0.01,0.01,77244.29,1777146053000
1777146055.378,55.378,0.57,0.58,0.42,0.43,0.01,0.01,77244.31,1777146054000
1777146055.813,55.813,0.57,0.58,0.42,0.43,0.01,0.01,77244.31,1777146054000
1777146056.195,56.195,0.57,0.58,0.42,0.43,0.01,0.01,77244.31,1777146055000
1777146056.628,56.628,0.57,0.58,0.42,0.43,0.01,0.01,77244.31,1777146055000
1777146057.033,57.033,0.57,0.58,0.42,0.43,0.01,0.01,77244.31,1777146055000
1777146057.37,57.37,0.57,0.58,0.42,0.43,0.01,0.01,77244.31,1777146056000
1777146057.943,57.943,0.57,0.58,0.42,0.43,0.01,0.01,77244.31,1777146057000
1777146058.345,58.345,0.57,0.58,0.42,0.43,0.01,0.01,77244.31,1777146057000
1777146058.994,58.994,0.57,0.58,0.42,0.43,0.01,0.01,77244.31,1777146057000
1777146059.398,59.398,0.57,0.58,0.42,0.43,0.01,0.01,77244.3,1777146058000
1777146059.751,59.751,0.57,0.58,0.42,0.43,0.01,0.01,77244.3,1777146058000
1777146060.116,60.116,0.57,0.58,0.42,0.43,0.01,0.01,77244.3,1777146058000
1777146060.462,60.462,0.6,0.61,0.39,0.4,0.01,0.01,77244.3,1777146059000
1777146060.801,60.801,0.61,0.62,0.38,0.39,0.01,0.01,77244.3,1777146059000
1777146061.286,61.286,0.61,0.62,0.38,0.39,0.01,0.01,77244.3,1777146060000
1777146061.656,61.656,0.61,0.62,0.38,0.39,0.01,0.01,77244.3,1777146060000
1777146062.341,62.341,0.61,0.62,0.38,0.39,0.01,0.01,77244.3,1777146060000
1777146062.686,62.686,0.61,0.62,0.38,0.39,0.01,0.01,77246.84,1777146061000
1777146063.289,63.289,0.62,0.63,0.37,0.38,0.01,0.01,77246.84,1777146062000
1777146063.724,63.724,0.62,0.63,0.37,0.38,0.01,0.01,77246.84,1777146062000
1777146064.132,64.132,0.62,0.63,0.37,0.38,0.01,0.01,77246.84,1777146062000
1777146064.65,64.65,0.62,0.63,0.37,0.38,0.01,0.01,77246.84,1777146062000
1777146065.028,65.028,0.62,0.63,0.37,0.38,0.01,0.01,77246.84,1777146062000
1777146065.638,65.638,0.62,0.63,0.37,0.38,0.01,0.01,77247.01,1777146064000
1777146066.574,66.574,0.62,0.63,0.37,0.38,0.01,0.01,77247.01,1777146064000
1777146067.006,67.006,0.61,0.62,0.38,0.39,0.01,0.01,77247.01,1777146064000
1777146067.459,67.459,0.61,0.63,0.38,0.39,0.02,0.01,77247.01,1777146065000
1777146067.807,67.807,0.7,0.73,0.27,0.3,0.03,0.03,77247.01,1777146065000
1777146068.196,68.196,0.73,0.74,0.25,0.27,0.01,0.02,77247.01,1777146066000
1777146068.557,68.557,0.73,0.74,0.26,0.27,0.01,0.01,77247.01,1777146066000
1777146068.908,68.908,0.73,0.75,0.25,0.27,0.02,0.02,77247.01,1777146067000
1777146069.308,69.308,0.74,0.75,0.25,0.26,0.01,0.01,77247.01,1777146067000
1777146069.7,69.7,0.74,0.75,0.25,0.26,0.01,0.01,77250.3,1777146068000
1777146070.086,70.086,0.74,0.75,0.25,0.26,0.01,0.01,77253.75,1777146069000
1777146070.451,70.451,0.74,0.75,0.25,0.26,0.01,0.01,77253.75,1777146069000
1777146070.891,70.891,0.74,0.75,0.25,0.26,0.01,0.01,77253.75,1777146069000
1777146071.281,71.281,0.74,0.75,0.25,0.26,0.01,0.01,77253.75,1777146069000
1777146071.694,71.694,0.74,0.75,0.25,0.26,0.01,0.01,77254.52,1777146070000
1777146072.184,72.184,0.73,0.74,0.26,0.27,0.01,0.01,77254.52,1777146070000
1777146072.664,72.664,0.73,0.74,0.26,0.27,0.01,0.01,77254.93,1777146071000
1777146073.006,73.006,0.73,0.74,0.26,0.27,0.01,0.01,77254.93,1777146071000
1777146073.431,73.431,0.73,0.74,0.26,0.27,0.01,0.01,77254.93,1777146071000
1777146073.8,73.8,0.73,0.74,0.26,0.27,0.01,0.01,77254.93,1777146071000
1777146074.259,74.259,0.73,0.74,0.26,0.27,0.01,0.01,77255.69,1777146072000
1777146074.617,74.617,0.73,0.74,0.26,0.27,0.01,0.01,77255.69,1777146072000
1777146075.058,75.058,0.73,0.74,0.26,0.27,0.01,0.01,77255.78,1777146073000
1777146075.406,75.406,0.74,0.75,0.25,0.26,0.01,0.01,77255.79,1777146074000
1777146075.745,75.745,0.74,0.75,0.25,0.26,0.01,0.01,77255.79,1777146074000
1777146076.083,76.083,0.78,0.79,0.21,0.26,0.01,0.05,77255.94,1777146075000
1777146076.605,76.605,0.78,0.79,0.21,0.22,0.01,0.01,77255.94,1777146075000
1777146077.049,77.049,0.78,0.79,0.21,0.22,0.01,0.01,77255.94,1777146075000
1777146077.429,77.429,0.78,0.79,0.21,0.22,0.01,0.01,77255.94,1777146075000
1777146077.78,77.78,0.78,0.79,0.21,0.22,0.01,0.01,77259.88,1777146076000
1777146078.305,78.305,0.78,0.79,0.21,0.22,0.01,0.01,77261.02,1777146077000
1777146078.739,78.739,0.78,0.79,0.21,0.22,0.01,0.01,77261.02,1777146077000
1777146079.105,79.105,0.78,0.79,0.21,0.22,0.01,0.01,77261.02,1777146077000
1777146079.854,79.854,0.76,0.78,0.22,0.24,0.02,0.02,77260.76,1777146078000
1777146080.306,80.306,0.76,0.77,0.23,0.24,0.01,0.01,77260.76,1777146078000
1777146080.779,80.779,0.76,0.77,0.23,0.24,0.01,0.01,77261.07,1777146079000
1777146081.429,81.429,0.76,0.77,0.23,0.24,0.01,0.01,77261.07,1777146079000
1777146081.852,81.852,0.76,0.77,0.23,0.24,0.01,0.01,77261.64,1777146080000
1777146082.241,82.241,0.76,0.77,0.23,0.24,0.01,0.01,77261.64,1777146080000
1777146083.28,83.28,0.76,0.77,0.23,0.24,0.01,0.01,77261.02,1777146081000
1777146083.622,83.622,0.76,0.77,0.23,0.24,0.01,0.01,77261.02,1777146081000
1777146083.988,83.988,0.76,0.77,0.23,0.24,0.01,0.01,77262.07,1777146082000
1777146084.488,84.488,0.76,0.77,0.23,0.24,0.01,0.01,77262.07,1777146082000
1777146085.039,85.039,0.76,0.77,0.23,0.24,0.01,0.01,77262.07,1777146082000
1777146086.101,86.101,0.76,0.77,0.23,0.24,0.01,0.01,77262.06,1777146084000
1777146086.484,86.484,0.61,0.77,0.23,0.24,0.16,0.01,77262.35,1777146085000
1777146087.011,87.011,0.75,0.76,0.23,0.28,0.01,0.05,77262.35,1777146085000
1777146087.454,87.454,0.69,0.7,0.29,0.41,0.01,0.12,77262.35,1777146085000
1777146087.789,87.789,0.63,0.67,0.3,0.35,0.04,0.05,77262.36,1777146086000
1777146088.137,88.137,0.58,0.59,0.36,0.43,0.01,0.07,77262.36,1777146086000
1777146088.473,88.473,0.59,0.6,0.4,0.41,0.01,0.01,77262.23,1777146087000
1777146088.814,88.814,0.58,0.59,0.41,0.42,0.01,0.01,77262.23,1777146087000
1777146089.189,89.189,0.56,0.57,0.43,0.44,0.01,0.01,77262.23,1777146087000
1777146089.543,89.543,0.51,0.52,0.47,0.49,0.01,0.02,77262.23,1777146087000
1777146089.883,89.883,0.52,0.53,0.47,0.48,0.01,0.01,77262.25,1777146088000
1777146090.222,90.222,0.53,0.54,0.46,0.47,0.01,0.01,77262.25,1777146088000
1777146090.566,90.566,0.54,0.57,0.45,0.46,0.03,0.01,77262.25,1777146089000
1777146090.908,90.908,0.56,0.57,0.43,0.44,0.01,0.01,77262.25,1777146089000
1777146091.4,91.4,0.57,0.58,0.42,0.43,0.01,0.01,77262.24,1777146090000
1777146091.769,91.769,0.55,0.58,0.42,0.45,0.03,0.03,77262.24,1777146090000
1777146092.125,92.125,0.49,0.5,0.5,0.51,0.01,0.01,77262.24,1777146090000
1777146092.521,92.521,0.49,0.5,0.5,0.51,0.01,0.01,77262.25,1777146091000
1777146092.891,92.891,0.49,0.5,0.5,0.51,0.01,0.01,77262.25,1777146091000
1777146093.246,93.246,0.48,0.49,0.51,0.54,0.01,0.03,77262.25,1777146091000
1777146093.58,93.58,0.48,0.49,0.51,0.52,0.01,0.01,77259.48,1777146092000
1777146093.941,93.941,0.48,0.49,0.51,0.52,0.01,0.01,77259.48,1777146092000
1777146094.276,94.276,0.48,0.49,0.51,0.52,0.01,0.01,77256.44,1777146093000
1777146094.644,94.644,0.4,0.41,0.59,0.6,0.01,0.01,77256.44,1777146093000
1777146094.994,94.994,0.4,0.41,0.59,0.6,0.01,0.01,77256.44,1777146093000
1777146095.417,95.417,0.4,0.41,0.59,0.6,0.01,0.01,77254.8,1777146094000
1777146095.977,95.977,0.4,0.41,0.59,0.6,0.01,0.01,77254.8,1777146094000
1777146096.403,96.403,0.4,0.41,0.59,0.6,0.01,0.01,77254.8,1777146094000
1777146096.96,96.96,0.4,0.41,0.59,0.6,0.01,0.01,77253.29,1777146095000
1777146097.293,97.293,0.4,0.41,0.59,0.6,0.01,0.01,77253.04,1777146096000
1777146097.755,97.755,0.42,0.43,0.57,0.58,0.01,0.01,77253.04,1777146096000
1777146098.131,98.131,0.42,0.43,0.57,0.58,0.01,0.01,77252.52,1777146097000
1777146098.624,98.624,0.43,0.44,0.56,0.58,0.01,0.02,77252.52,1777146097000
1777146099.364,99.364,0.41,0.43,0.57,0.59,0.02,0.02,77252.41,1777146098000
1777146099.724,99.724,0.37,0.39,0.61,0.62,0.02,0.01,77252.41,1777146098000
1777146100.095,100.095,0.37,0.38,0.62,0.63,0.01,0.01,77252.38,1777146099000
1777146100.522,100.522,0.37,0.4,0.62,0.63,0.03,0.01,77252.38,1777146099000
1777146100.878,100.878,0.39,0.4,0.6,0.61,0.01,0.01,77252.38,1777146099000
1777146101.221,101.221,0.39,0.4,0.6,0.61,0.01,0.01,77252.38,1777146099000
1777146101.699,101.699,0.42,0.43,0.58,0.6,0.01,0.02,77252.38,1777146099000
1777146102.037,102.037,0.42,0.43,0.57,0.58,0.01,0.01,77252.38,1777146099000
1777146102.628,102.628,0.42,0.43,0.57,0.58,0.01,0.01,77251.05,1777146100000
1777146103.011,103.011,0.42,0.43,0.57,0.58,0.01,0.01,77251.05,1777146100000
1777146103.366,103.366,0.42,0.43,0.57,0.58,0.01,0.01,77250.22,1777146101000
1777146103.736,103.736,0.42,0.44,0.57,0.58,0.02,0.01,77250.22,1777146101000
1777146104.094,104.094,0.43,0.44,0.56,0.57,0.01,0.01,77249.94,1777146102000
1777146104.518,104.518,0.43,0.44,0.56,0.57,0.01,0.01,77249.94,1777146102000
1777146104.899,104.899,0.44,0.45,0.56,0.57,0.01,0.01,77249.65,1777146103000
1777146105.698,105.698,0.44,0.45,0.55,0.56,0.01,0.01,77249.65,1777146104000
1777146106.095,106.095,0.42,0.43,0.57,0.58,0.01,0.01,77249.65,1777146104000
1777146106.822,106.822,0.42,0.43,0.57,0.58,0.01,0.01,77249.65,1777146105000
1777146107.162,107.162,0.42,0.43,0.57,0.58,0.01,0.01,77249.65,1777146105000
1777146107.508,107.508,0.41,0.43,0.57,0.58,0.02,0.01,77249.65,1777146105000
1777146107.863,107.863,0.36,0.37,0.56,0.64,0.01,0.08,77250.15,1777146106000
1777146108.215,108.215,0.36,0.37,0.63,0.64,0.01,0.01,77249.35,1777146107000
1777146108.687,108.687,0.37,0.38,0.62,0.63,0.01,0.01,77249.35,1777146107000
1777146109.088,109.088,0.37,0.38,0.62,0.63,0.01,0.01,77249.35,1777146107000
1777146109.507,109.507,0.37,0.39,0.62,0.63,0.02,0.01,77247.78,1777146108000
1777146109.846,109.846,0.39,0.4,0.6,0.61,0.01,0.01,77247.78,1777146108000
1777146110.218,110.218,0.4,0.41,0.58,0.61,0.01,0.03,77247.78,1777146108000
1777146111.03,111.03,0.44,0.45,0.54,0.59,0.01,0.05,77247.06,1777146109000
1777146111.379,111.379,0.44,0.45,0.55,0.56,0.01,0.01,77245.31,1777146110000
1777146111.929,111.929,0.44,0.45,0.55,0.56,0.01,0.01,77245.31,1777146110000
1777146112.289,112.289,0.45,0.46,0.54,0.55,0.01,0.01,77245.31,1777146110000
1777146112.805,112.805,0.45,0.46,0.54,0.55,0.01,0.01,77245.45,1777146111000
1777146113.387,113.387,0.45,0.46,0.54,0.55,0.01,0.01,77245.19,1777146112000
1777146113.767,113.767,0.45,0.46,0.54,0.55,0.01,0.01,77245.19,1777146112000
1777146114.152,114.152,0.45,0.46,0.54,0.55,0.01,0.01,77245.19,1777146112000
1777146114.489,114.489,0.45,0.46,0.54,0.55,0.01,0.01,77245.2,1777146113000
1777146115.021,115.021,0.45,0.46,0.54,0.55,0.01,0.01,77245.2,1777146113000
1777146115.386,115.386,0.45,0.46,0.54,0.55,0.01,0.01,77243.8,1777146114000
1777146115.861,115.861,0.45,0.46,0.54,0.55,0.01,0.01,77243.8,1777146114000
1777146116.368,116.368,0.45,0.46,0.54,0.55,0.01,0.01,77243.8,1777146114000
1777146116.81,116.81,0.45,0.46,0.54,0.55,0.01,0.01,77243.77,1777146115000
1777146117.544,117.544,0.45,0.46,0.54,0.55,0.01,0.01,77243.77,1777146116000
1777146118.156,118.156,0.45,0.46,0.54,0.55,0.01,0.01,77243.77,1777146116000
1777146118.749,118.749,0.45,0.46,0.54,0.55,0.01,0.01,77243.77,1777146117000
1777146119.474,119.474,0.45,0.46,0.54,0.55,0.01,0.01,77243.77,1777146118000
1777146119.879,119.879,0.45,0.46,0.54,0.55,0.01,0.01,77243.77,1777146118000
1777146120.343,120.343,0.45,0.46,0.54,0.55,0.01,0.01,77243.77,1777146119000
1777146120.78,120.78,0.45,0.46,0.54,0.55,0.01,0.01,77243.77,1777146119000
1777146121.127,121.127,0.45,0.46,0.54,0.55,0.01,0.01,77243.77,1777146119000
1777146121.666,121.666,0.43,0.46,0.54,0.55,0.03,0.01,77243.77,1777146120000
1777146122.123,122.123,0.44,0.45,0.55,0.56,0.01,0.01,77243.77,1777146120000
1777146122.66,122.66,0.44,0.45,0.55,0.56,0.01,0.01,77243.77,1777146121000
1777146123.162,123.162,0.43,0.44,0.55,0.57,0.01,0.02,77243.77,1777146121000
1777146123.596,123.596,0.43,0.44,0.56,0.57,0.01,0.01,77243.9,1777146122000
1777146123.981,123.981,0.43,0.44,0.56,0.57,0.01,0.01,77243.9,1777146122000
1777146124.346,124.346,0.42,0.43,0.57,0.58,0.01,0.01,77243.91,1777146123000
1777146124.831,124.831,0.42,0.43,0.57,0.58,0.01,0.01,77243.91,1777146123000
1777146125.418,125.418,0.42,0.43,0.57,0.58,0.01,0.01,77243.91,1777146123000
1777146125.801,125.801,0.42,0.43,0.57,0.58,0.01,0.01,77243.92,1777146124000
1777146126.232,126.232,0.42,0.43,0.57,0.58,0.01,0.01,77243.92,1777146125000
1777146126.794,126.794,0.42,0.43,0.57,0.58,0.01,0.01,77243.92,1777146125000
1777146127.138,127.138,0.45,0.46,0.53,0.58,0.01,0.05,77243.92,1777146125000
1777146127.48,127.48,0.45,0.46,0.54,0.55,0.01,0.01,77243.95,1777146126000
1777146127.83,127.83,0.44,0.46,0.54,0.56,0.02,0.02,77243.95,1777146126000
1777146128.259,128.259,0.43,0.44,0.56,0.57,0.01,0.01,77243.95,1777146127000
1777146128.781,128.781,0.43,0.44,0.56,0.57,0.01,0.01,77243.95,1777146127000
1777146129.158,129.158,0.43,0.44,0.56,0.57,0.01,0.01,77243.95,1777146127000
1777146129.573,129.573,0.42,0.43,0.56,0.58,0.01,0.02,77243.68,1777146128000
1777146129.964,129.964,0.41,0.42,0.57,0.58,0.01,0.01,77243.68,1777146128000
1777146130.311,130.311,0.41,0.42,0.58,0.59,0.01,0.01,77243.68,1777146128000
1777146130.669,130.669,0.41,0.42,0.58,0.59,0.01,0.01,77243.68,1777146129000
1777146131.13,131.13,0.41,0.42,0.58,0.59,0.01,0.01,77243.68,1777146129000
1777146131.979,131.979,0.41,0.42,0.58,0.59,0.01,0.01,77243.7,1777146131000
1777146132.651,132.651,0.41,0.42,0.58,0.59,0.01,0.01,77243.7,1777146131000
1777146132.994,132.994,0.41,0.42,0.58,0.59,0.01,0.01,77243.7,1777146131000
1777146133.65,133.65,0.41,0.42,0.58,0.59,0.01,0.01,77243.7,1777146131000
1777146134.151,134.151,0.41,0.42,0.58,0.59,0.01,0.01,77243.7,1777146132000
1777146134.843,134.843,0.41,0.42,0.58,0.59,0.01,0.01,77243.71,1777146133000
1777146135.316,135.316,0.41,0.42,0.58,0.59,0.01,0.01,77243.71,1777146134000
1777146135.665,135.665,0.41,0.42,0.58,0.59,0.01,0.01,77243.71,1777146134000
1777146136.22,136.22,0.41,0.42,0.58,0.59,0.01,0.01,77243.71,1777146134000
1777146136.632,136.632,0.42,0.43,0.57,0.58,0.01,0.01,77243.71,1777146135000
1777146136.978,136.978,0.42,0.43,0.57,0.58,0.01,0.01,77243.71,1777146135000
1777146137.336,137.336,0.42,0.43,0.57,0.58,0.01,0.01,77243.71,1777146136000
1777146137.704,137.704,0.42,0.43,0.57,0.58,0.01,0.01,77243.71,1777146136000
1777146138.063,138.063,0.42,0.43,0.57,0.58,0.01,0.01,77243.71,1777146136000
1777146138.446,138.446,0.42,0.43,0.57,0.58,0.01,0.01,77243.73,1777146137000
1777146138.79,138.79,0.42,0.43,0.57,0.58,0.01,0.01,77243.73,1777146137000
1777146139.142,139.142,0.45,0.46,0.54,0.55,0.01,0.01,77243.73,1777146137000
1777146139.503,139.503,0.47,0.48,0.52,0.53,0.01,0.01,77243.73,1777146137000
1777146139.916,139.916,0.48,0.49,0.52,0.53,0.01,0.01,77244.17,1777146138000
1777146140.255,140.255,0.48,0.49,0.51,0.52,0.01,0.01,77245.51,1777146139000
1777146140.64,140.64,0.48,0.49,0.51,0.52,0.01,0.01,77245.51,1777146139000
1777146141.093,141.093,0.48,0.49,0.51,0.52,0.01,0.01,77245.51,1777146139000
1777146141.978,141.978,0.48,0.49,0.51,0.52,0.01,0.01,77245.51,1777146140000
1777146142.332,142.332,0.48,0.49,0.51,0.52,0.01,0.01,77245.51,1777146141000
1777146142.859,142.859,0.49,0.5,0.5,0.52,0.01,0.02,77245.51,1777146141000
1777146143.426,143.426,0.49,0.5,0.5,0.51,0.01,0.01,77245.24,1777146142000
1777146143.875,143.875,0.49,0.5,0.5,0.51,0.01,0.01,77245.24,1777146142000
1777146144.289,144.289,0.49,0.5,0.5,0.51,0.01,0.01,77245.24,1777146143000
1777146144.809,144.809,0.49,0.5,0.5,0.51,0.01,0.01,77245.24,1777146143000
1777146145.268,145.268,0.49,0.5,0.5,0.51,0.01,0.01,77245.86,1777146144000
1777146146.15,146.15,0.49,0.5,0.5,0.51,0.01,0.01,77245.86,1777146144000
1777146146.531,146.531,0.49,0.5,0.5,0.51,0.01,0.01,77245.86,1777146145000
1777146146.931,146.931,0.49,0.5,0.5,0.51,0.01,0.01,77245.86,1777146145000
1777146147.368,147.368,0.49,0.5,0.5,0.51,0.01,0.01,77246.21,1777146146000
1777146147.908,147.908,0.49,0.5,0.5,0.51,0.01,0.01,77246.21,1777146146000
1777146148.365,148.365,0.49,0.5,0.5,0.51,0.01,0.01,77246.21,1777146146000
1777146149.112,149.112,0.49,0.5,0.5,0.51,0.01,0.01,77246.24,1777146147000
1777146149.47,149.47,0.49,0.5,0.5,0.51,0.01,0.01,77246.24,1777146148000
1777146150.103,150.103,0.49,0.5,0.5,0.51,0.01,0.01,77246.24,1777146148000
1777146150.522,150.522,0.49,0.5,0.5,0.51,0.01,0.01,77246.23,1777146149000
1777146150.999,150.999,0.49,0.5,0.5,0.51,0.01,0.01,77246.23,1777146149000
1777146151.763,151.763,0.49,0.5,0.5,0.51,0.01,0.01,77246.22,1777146150000
1777146152.236,152.236,0.49,0.5,0.5,0.51,0.01,0.01,77246.22,1777146151000
1777146152.572,152.572,0.49,0.5,0.5,0.51,0.01,0.01,77246.22,1777146151000
1777146152.927,152.927,0.49,0.5,0.5,0.51,0.01,0.01,77246.22,1777146151000
1777146153.305,153.305,0.49,0.5,0.5,0.51,0.01,0.01,77246.22,1777146151000
1777146153.908,153.908,0.49,0.5,0.5,0.51,0.01,0.01,77246.36,1777146152000
1777146154.327,154.327,0.49,0.5,0.5,0.51,0.01,0.01,77246.36,1777146153000
1777146154.839,154.839,0.49,0.5,0.5,0.51,0.01,0.01,77246.36,1777146153000
1777146155.177,155.177,0.48,0.5,0.5,0.52,0.02,0.02,77245.85,1777146154000
1777146155.669,155.669,0.48,0.49,0.51,0.53,0.01,0.02,77245.85,1777146154000
1777146156.571,156.571,0.48,0.49,0.51,0.52,0.01,0.01,77246.53,1777146155000
1777146156.921,156.921,0.49,0.5,0.5,0.51,0.01,0.01,77246.53,1777146155000
1777146157.521,157.521,0.49,0.5,0.5,0.51,0.01,0.01,77246.53,1777146156000
1777146158.265,158.265,0.49,0.5,0.5,0.51,0.01,0.01,77246.53,1777146156000
1777146159.35,159.35,0.48,0.5,0.5,0.51,0.02,0.01,77246.51,1777146157000
1777146159.8,159.8,0.49,0.5,0.51,0.52,0.01,0.01,77246.51,1777146158000
1777146160.17,160.17,0.49,0.5,0.5,0.51,0.01,0.01,77246.38,1777146159000
1777146161.237,161.237,0.49,0.5,0.5,0.51,0.01,0.01,77246.38,1777146159000
1777146161.651,161.651,0.49,0.5,0.5,0.51,0.01,0.01,77246.51,1777146160000
1777146161.999,161.999,0.49,0.5,0.5,0.51,0.01,0.01,77246.51,1777146160000
1777146162.449,162.449,0.49,0.5,0.5,0.51,0.01,0.01,77246.51,1777146161000
1777146162.945,162.945,0.49,0.5,0.5,0.51,0.01,0.01,77246.51,1777146161000
1777146163.827,163.827,0.49,0.5,0.5,0.51,0.01,0.01,77246.52,1777146162000
1777146164.487,164.487,0.49,0.5,0.5,0.51,0.01,0.01,77246.52,1777146162000
1777146165.259,165.259,0.49,0.5,0.5,0.51,0.01,0.01,77246.17,1777146163000
1777146165.675,165.675,0.49,0.5,0.5,0.51,0.01,0.01,77246.17,1777146163000
1777146166.089,166.089,0.49,0.5,0.5,0.51,0.01,0.01,77246.17,1777146163000
1777146166.454,166.454,0.49,0.5,0.5,0.51,0.01,0.01,77246.17,1777146163000
1777146167.297,167.297,0.49,0.5,0.5,0.51,0.01,0.01,77246.2,1777146166000
1777146167.987,167.987,0.49,0.5,0.5,0.51,0.01,0.01,77246.2,1777146166000
1777146168.764,168.764,0.49,0.5,0.5,0.51,0.01,0.01,77246.29,1777146167000
1777146169.687,169.687,0.49,0.5,0.5,0.51,0.01,0.01,77246.3,1777146168000
1777146170.402,170.402,0.49,0.5,0.5,0.51,0.01,0.01,77246.33,1777146169000
1777146170.921,170.921,0.49,0.5,0.5,0.51,0.01,0.01,77246.33,1777146169000
1777146171.322,171.322,0.45,0.5,0.5,0.51,0.05,0.01,77246.33,1777146169000
1777146171.936,171.936,0.47,0.48,0.52,0.53,0.01,0.01,77246.49,1777146170000
1777146172.45,172.45,0.46,0.47,0.52,0.53,0.01,0.01,77246.49,1777146170000
1777146172.807,172.807,0.39,0.45,0.55,0.56,0.06,0.01,77246.49,1777146170000
1777146173.143,173.143,0.41,0.42,0.58,0.59,0.01,0.01,77246.18,1777146171000
1777146173.642,173.642,0.41,0.73,0.58,0.59,0.32,0.01,77246.18,1777146171000
1777146173.999,173.999,0.45,0.46,0.54,0.55,0.01,0.01,77245.5,1777146172000
1777146174.415,174.415,0.46,0.47,0.53,0.54,0.01,0.01,77245.5,1777146172000
1777146174.865,174.865,0.46,0.47,0.53,0.54,0.01,0.01,77246.18,1777146173000
1777146175.22,175.22,0.46,0.47,0.53,0.54,0.01,0.01,77246.18,1777146173000
1777146175.798,175.798,0.46,0.47,0.53,0.54,0.01,0.01,77246.12,1777146174000
1777146176.303,176.303,0.46,0.47,0.53,0.54,0.01,0.01,77246.12,1777146174000
1777146176.93,176.93,0.46,0.56,0.53,0.54,0.1,0.01,77246.19,1777146175000
1777146177.463,177.463,0.55,0.56,0.44,0.54,0.01,0.1,77246.19,1777146176000
1777146178.214,178.214,0.55,0.56,0.44,0.45,0.01,0.01,77246.19,1777146176000
1777146178.754,178.754,0.55,0.56,0.44,0.45,0.01,0.01,77246.19,1777146177000
1777146179.135,179.135,0.55,0.56,0.44,0.45,0.01,0.01,77246.19,1777146177000
1777146180.137,180.137,0.55,0.56,0.44,0.45,0.01,0.01,77246.19,1777146178000
1777146180.542,180.542,0.55,0.56,0.44,0.45,0.01,0.01,77246.19,1777146178000
1777146181.101,181.101,0.55,0.56,0.44,0.45,0.01,0.01,77246.18,1777146179000
1777146181.472,181.472,0.55,0.56,0.44,0.45,0.01,0.01,77246.18,1777146180000
1777146182.309,182.309,0.55,0.56,0.44,0.45,0.01,0.01,77246.18,1777146181000
1777146183.096,183.096,0.55,0.56,0.44,0.45,0.01,0.01,77246.18,1777146181000
1777146183.839,183.839,0.55,0.56,0.44,0.45,0.01,0.01,77246.12,1777146182000
1777146184.299,184.299,0.53,0.54,0.46,0.48,0.01,0.02,77246.12,1777146182000
1777146184.636,184.636,0.53,0.54,0.46,0.47,0.01,0.01,77246.12,1777146183000
1777146185.127,185.127,0.53,0.54,0.46,0.47,0.01,0.01,77246.12,1777146183000
1777146185.511,185.511,0.53,0.54,0.46,0.47,0.01,0.01,77246.12,1777146184000
1777146186.17,186.17,0.53,0.54,0.46,0.47,0.01,0.01,77246.12,1777146184000
1777146186.521,186.521,0.53,0.54,0.46,0.47,0.01,0.01,77245.47,1777146185000
1777146187.184,187.184,0.45,0.54,0.46,0.47,0.09,0.01,77245.47,1777146185000
1777146187.521,187.521,0.49,0.5,0.5,0.51,0.01,0.01,77246.06,1777146186000
1777146187.931,187.931,0.47,0.5,0.5,0.51,0.03,0.01,77246.06,1777146186000
1777146188.278,188.278,0.47,0.5,0.5,0.53,0.03,0.03,77245.56,1777146187000
1777146189.075,189.075,0.47,0.48,0.52,0.53,0.01,0.01,77245.56,1777146187000
1777146189.677,189.677,0.44,0.48,0.52,0.53,0.04,0.01,77245.61,1777146188000
1777146190.099,190.099,0.46,0.47,0.53,0.54,0.01,0.01,77245.61,1777146188000
1777146190.654,190.654,0.46,0.47,0.53,0.54,0.01,0.01,77245.61,1777146189000
1777146191.087,191.087,0.46,0.47,0.53,0.54,0.01,0.01,77245.61,1777146189000
1777146191.433,191.433,0.46,0.47,0.53,0.54,0.01,0.01,77245.61,1777146190000
1777146191.862,191.862,0.46,0.47,0.53,0.54,0.01,0.01,77245.61,1777146190000
1777146192.463,192.463,0.45,0.47,0.53,0.55,0.02,0.02,77245.61,1777146191000
1777146192.891,192.891,0.45,0.46,0.54,0.55,0.01,0.01,77245.61,1777146191000
1777146193.293,193.293,0.45,0.46,0.54,0.55,0.01,0.01,77245.63,1777146192000
1777146194.11,194.11,0.45,0.46,0.54,0.55,0.01,0.01,77245.62,1777146193000
1777146194.531,194.531,0.42,0.43,0.54,0.58,0.01,0.04,77245.62,1777146193000
1777146194.949,194.949,0.42,0.43,0.57,0.58,0.01,0.01,77245.62,1777146193000
1777146195.291,195.291,0.42,0.43,0.57,0.58,0.01,0.01,77245.61,1777146194000
1777146195.88,195.88,0.43,0.44,0.57,0.58,0.01,0.01,77245.61,1777146194000
1777146196.229,196.229,0.41,0.42,0.58,0.59,0.01,0.01,77245.61,1777146195000
1777146196.597,196.597,0.41,0.43,0.58,0.59,0.02,0.01,77245.61,1777146195000
1777146197.388,197.388,0.42,0.43,0.57,0.58,0.01,0.01,77245.62,1777146196000
1777146197.901,197.901,0.42,0.43,0.57,0.58,0.01,0.01,77245.62,1777146196000
1777146198.385,198.385,0.42,0.43,0.57,0.58,0.01,0.01,77245.65,1777146197000
1777146198.818,198.818,0.34,0.42,0.57,0.58,0.08,0.01,77245.65,1777146197000
1777146199.194,199.194,0.34,0.35,0.6,0.67,0.01,0.07,77245.65,1777146197000
1777146199.528,199.528,0.32,0.33,0.66,0.69,0.01,0.03,77245.65,1777146197000
1777146199.877,199.877,0.29,0.31,0.69,0.7,0.02,0.01,77245.65,1777146197000
1777146200.243,200.243,0.32,0.33,0.67,0.68,0.01,0.01,77245.65,1777146198000
1777146200.684,200.684,0.32,0.33,0.67,0.68,0.01,0.01,77245.7,1777146199000
1777146201.037,201.037,0.32,0.33,0.67,0.68,0.01,0.01,77245.7,1777146199000
1777146201.394,201.394,0.33,0.34,0.66,0.68,0.01,0.02,77245.68,1777146200000
1777146201.766,201.766,0.35,0.36,0.64,0.66,0.01,0.02,77245.68,1777146200000
1777146202.223,202.223,0.35,0.36,0.64,0.65,0.01,0.01,77245.68,1777146200000
1777146202.628,202.628,0.39,0.4,0.59,0.64,0.01,0.05,77245.68,1777146200000
1777146202.977,202.977,0.39,0.4,0.6,0.61,0.01,0.01,77245.75,1777146201000
1777146203.406,203.406,0.4,0.41,0.6,0.61,0.01,0.01,77245.75,1777146201000
1777146203.852,203.852,0.42,0.43,0.58,0.6,0.01,0.02,77245.75,1777146202000
1777146204.263,204.263,0.42,0.43,0.57,0.58,0.01,0.01,77245.96,1777146203000
1777146204.661,204.661,0.42,0.43,0.57,0.58,0.01,0.01,77245.96,1777146203000
1777146205.091,205.091,0.42,0.43,0.57,0.58,0.01,0.01,77245.96,1777146203000
1777146205.449,205.449,0.41,0.43,0.57,0.58,0.02,0.01,77245.88,1777146204000
1777146206.032,206.032,0.39,0.4,0.58,0.59,0.01,0.01,77245.88,1777146204000
1777146206.382,206.382,0.39,0.4,0.6,0.61,0.01,0.01,77245.88,1777146204000
1777146207.026,207.026,0.37,0.38,0.61,0.63,0.01,0.02,77246.0,1777146205000
1777146207.558,207.558,0.37,0.38,0.62,0.63,0.01,0.01,77246.01,1777146206000
1777146208.252,208.252,0.33,0.35,0.66,0.67,0.02,0.01,77246.01,1777146206000
1777146208.588,208.588,0.34,0.35,0.65,0.66,0.01,0.01,77246.0,1777146207000
1777146208.98,208.98,0.34,0.35,0.65,0.66,0.01,0.01,77246.0,1777146207000
1777146209.343,209.343,0.34,0.35,0.65,0.66,0.01,0.01,77246.0,1777146208000
1777146210.306,210.306,0.35,0.36,0.65,0.66,0.01,0.01,77246.0,1777146208000
1777146210.735,210.735,0.3,0.31,0.69,0.7,0.01,0.01,77246.31,1777146209000
1777146211.277,211.277,0.3,0.31,0.69,0.7,0.01,0.01,77246.32,1777146210000
1777146211.639,211.639,0.3,0.31,0.69,0.7,0.01,0.01,77246.32,1777146210000
1777146211.989,211.989,0.24,0.31,0.69,0.76,0.07,0.07,77246.32,1777146210000
1777146212.432,212.432,0.2,0.31,0.69,0.8,0.11,0.11,77246.32,1777146210000
1777146212.811,212.811,0.16,0.31,0.69,0.84,0.15,0.15,77244.79,1777146211000
1777146213.246,213.246,0.3,0.31,0.69,0.7,0.01,0.01,77241.74,1777146212000
1777146213.738,213.738,0.28,0.29,0.69,0.79,0.01,0.1,77241.74,1777146212000
1777146214.365,214.365,0.22,0.23,0.72,0.77,0.01,0.05,77241.74,1777146212000
1777146214.774,214.774,0.22,0.23,0.77,0.78,0.01,0.01,77240.4,1777146213000
1777146215.151,215.151,0.21,0.23,0.77,0.78,0.02,0.01,77240.41,1777146214000
1777146215.491,215.491,0.21,0.22,0.78,0.79,0.01,0.01,77240.41,1777146214000
1777146215.837,215.837,0.21,0.22,0.78,0.79,0.01,0.01,77240.41,1777146214000
1777146216.21,216.21,0.21,0.22,0.78,0.79,0.01,0.01,77240.41,1777146214000
1777146216.667,216.667,0.2,0.21,0.78,0.8,0.01,0.02,77240.41,1777146214000
1777146217.262,217.262,0.2,0.21,0.79,0.8,0.01,0.01,77240.41,1777146214000
1777146217.987,217.987,0.2,0.21,0.79,0.8,0.01,0.01,77239.02,1777146216000
1777146218.32,218.32,0.2,0.21,0.79,0.8,0.01,0.01,77239.02,1777146216000
1777146218.795,218.795,0.2,0.21,0.79,0.8,0.01,0.01,77239.02,1777146217000
1777146219.424,219.424,0.27,0.28,0.72,0.74,0.01,0.02,77239.02,1777146218000
1777146219.766,219.766,0.27,0.28,0.72,0.73,0.01,0.01,77239.02,1777146218000
1777146220.138,220.138,0.27,0.28,0.72,0.73,0.01,0.01,77239.02,1777146218000
1777146220.638,220.638,0.26,0.27,0.72,0.75,0.01,0.03,77238.42,1777146219000
1777146221.212,221.212,0.25,0.26,0.73,0.76,0.01,0.03,77238.42,1777146219000
1777146221.575,221.575,0.26,0.3,0.74,0.75,0.04,0.01,77238.43,1777146220000
1777146221.921,221.921,0.46,0.47,0.53,0.54,0.01,0.01,77238.43,1777146220000
1777146222.258,222.258,0.44,0.45,0.55,0.56,0.01,0.01,77238.43,1777146220000
1777146222.613,222.613,0.44,0.45,0.55,0.56,0.01,0.01,77238.18,1777146221000
1777146222.968,222.968,0.4,0.42,0.58,0.59,0.02,0.01,77238.18,1777146221000
1777146223.333,223.333,0.4,0.41,0.59,0.6,0.01,0.01,77237.89,1777146222000
1777146223.956,223.956,0.4,0.41,0.59,0.6,0.01,0.01,77237.89,1777146222000
1777146224.329,224.329,0.4,0.41,0.59,0.6,0.01,0.01,77240.47,1777146223000
1777146224.982,224.982,0.39,0.41,0.59,0.6,0.02,0.01,77240.47,1777146223000
1777146226.376,226.376,0.36,0.38,0.62,0.64,0.02,0.02,77241.85,1777146225000
1777146226.732,226.732,0.36,0.38,0.62,0.64,0.02,0.02,77241.85,1777146225000
1777146227.282,227.282,0.35,0.37,0.63,0.65,0.02,0.02,77241.85,1777146226000
1777146227.937,227.937,0.35,0.36,0.64,0.65,0.01,0.01,77241.85,1777146226000
1777146228.874,228.874,0.35,0.36,0.64,0.65,0.01,0.01,77241.84,1777146227000
1777146229.247,229.247,0.35,0.37,0.64,0.65,0.02,0.01,77241.41,1777146228000
1777146229.632,229.632,0.37,0.38,0.62,0.64,0.01,0.02,77241.41,1777146228000
1777146230.076,230.076,0.37,0.38,0.62,0.63,0.01,0.01,77241.41,1777146228000
1777146230.425,230.425,0.37,0.38,0.62,0.63,0.01,0.01,77241.47,1777146229000
1777146230.948,230.948,0.37,0.38,0.62,0.63,0.01,0.01,77241.47,1777146229000
1777146231.356,231.356,0.37,0.38,0.62,0.63,0.01,0.01,77241.47,1777146229000
1777146232.391,232.391,0.37,0.38,0.62,0.63,0.01,0.01,77241.93,1777146231000
1777146232.763,232.763,0.37,0.38,0.62,0.63,0.01,0.01,77241.93,1777146231000
1777146233.287,233.287,0.36,0.38,0.62,0.64,0.02,0.02,77241.93,1777146231000
1777146233.723,233.723,0.33,0.34,0.66,0.67,0.01,0.01,77241.91,1777146232000
1777146234.064,234.064,0.33,0.38,0.62,0.67,0.05,0.05,77241.91,1777146233000
1777146234.545,234.545,0.34,0.35,0.65,0.66,0.01,0.01,77241.91,1777146233000
1777146235.169,235.169,0.34,0.35,0.65,0.66,0.01,0.01,77241.8,1777146234000
1777146235.613,235.613,0.32,0.33,0.66,0.68,0.01,0.02,77241.8,1777146234000
1777146236.1,236.1,0.32,0.33,0.67,0.68,0.01,0.01,77241.8,1777146234000
1777146236.555,236.555,0.32,0.33,0.67,0.68,0.01,0.01,77241.79,1777146235000
1777146237.456,237.456,0.32,0.33,0.67,0.68,0.01,0.01,77241.79,1777146236000
1777146237.968,237.968,0.32,0.33,0.67,0.68,0.01,0.01,77241.79,1777146236000
1777146238.321,238.321,0.32,0.33,0.67,0.68,0.01,0.01,77241.79,1777146236000
1777146238.904,238.904,0.32,0.33,0.67,0.68,0.01,0.01,77241.81,1777146237000
1777146239.264,239.264,0.32,0.33,0.67,0.68,0.01,0.01,77241.83,1777146238000
1777146239.725,239.725,0.32,0.38,0.67,0.68,0.06,0.01,77241.83,1777146238000
1777146240.152,240.152,0.39,0.4,0.6,0.61,0.01,0.01,77242.31,1777146239000
1777146240.499,240.499,0.38,0.39,0.61,0.62,0.01,0.01,77242.31,1777146239000
1777146240.961,240.961,0.36,0.55,0.63,0.64,0.19,0.01,77242.31,1777146239000
1777146241.343,241.343,0.39,0.4,0.6,0.62,0.01,0.02,77242.31,1777146239000
1777146241.687,241.687,0.39,0.4,0.6,0.61,0.01,0.01,77242.3,1777146240000
1777146242.13,242.13,0.39,0.4,0.6,0.61,0.01,0.01,77242.3,1777146240000
1777146242.608,242.608,0.39,0.4,0.6,0.61,0.01,0.01,77242.35,1777146241000
1777146243.051,243.051,0.39,0.4,0.6,0.61,0.01,0.01,77242.35,1777146241000
1777146243.466,243.466,0.44,0.45,0.55,0.6,0.01,0.05,77242.35,1777146241000
1777146243.853,243.853,0.48,0.49,0.51,0.52,0.01,0.01,77242.35,1777146242000
1777146244.194,244.194,0.53,0.54,0.46,0.5,0.01,0.04,77242.35,1777146242000
1777146244.683,244.683,0.53,0.54,0.46,0.47,0.01,0.01,77242.35,1777146243000
1777146245.029,245.029,0.53,0.54,0.46,0.47,0.01,0.01,77242.35,1777146243000
1777146245.396,245.396,0.53,0.54,0.46,0.47,0.01,0.01,77242.35,1777146243000
1777146245.784,245.784,0.52,0.53,0.47,0.48,0.01,0.01,77242.8,1777146244000
1777146246.141,246.141,0.52,0.53,0.47,0.48,0.01,0.01,77242.2,1777146245000
1777146246.534,246.534,0.52,0.53,0.47,0.48,0.01,0.01,77242.2,1777146245000
1777146246.874,246.874,0.52,0.53,0.47,0.48,0.01,0.01,77242.2,1777146245000
1777146247.461,247.461,0.52,0.53,0.47,0.48,0.01,0.01,77242.2,1777146245000
1777146247.856,247.856,0.52,0.53,0.47,0.48,0.01,0.01,77242.2,1777146245000
1777146248.506,248.506,0.52,0.53,0.47,0.48,0.01,0.01,77243.14,1777146246000
1777146248.854,248.854,0.52,0.54,0.46,0.48,0.02,0.02,77243.13,1777146247000
1777146249.2,249.2,0.49,0.5,0.5,0.51,0.01,0.01,77243.13,1777146247000
1777146249.552,249.552,0.53,0.54,0.46,0.47,0.01,0.01,77243.05,1777146248000
1777146249.941,249.941,0.56,0.57,0.43,0.44,0.01,0.01,77243.05,1777146248000
1777146250.308,250.308,0.56,0.57,0.43,0.44,0.01,0.01,77242.98,1777146249000
1777146250.81,250.81,0.54,0.55,0.45,0.46,0.01,0.01,77242.98,1777146249000
1777146251.159,251.159,0.56,0.57,0.43,0.44,0.01,0.01,77242.98,1777146249000
1777146251.529,251.529,0.56,0.57,0.43,0.44,0.01,0.01,77243.28,1777146250000
1777146251.907,251.907,0.49,0.5,0.5,0.51,0.01,0.01,77243.28,1777146250000
1777146252.246,252.246,0.49,0.5,0.5,0.51,0.01,0.01,77243.28,1777146250000
1777146252.597,252.597,0.38,0.49,0.51,0.52,0.11,0.01,77243.31,1777146251000
1777146252.978,252.978,0.39,0.48,0.52,0.61,0.09,0.09,77243.49,1777146252000
1777146253.339,253.339,0.44,0.45,0.55,0.56,0.01,0.01,77243.49,1777146252000
1777146253.679,253.679,0.44,0.45,0.55,0.56,0.01,0.01,77243.49,1777146252000
1777146254.032,254.032,0.47,0.49,0.54,0.55,0.02,0.01,77243.49,1777146252000
1777146254.391,254.391,0.51,0.52,0.48,0.49,0.01,0.01,77245.13,1777146253000
1777146254.926,254.926,0.51,0.52,0.48,0.49,0.01,0.01,77245.13,1777146253000
1777146255.329,255.329,0.51,0.52,0.48,0.49,0.01,0.01,77245.15,1777146254000
1777146255.766,255.766,0.51,0.52,0.48,0.6,0.01,0.12,77245.15,1777146254000
1777146256.273,256.273,0.48,0.49,0.51,0.52,0.01,0.01,77245.15,1777146254000
1777146256.661,256.661,0.48,0.49,0.51,0.52,0.01,0.01,77245.16,1777146255000
1777146257.101,257.101,0.46,0.48,0.52,0.53,0.02,0.01,77245.16,1777146255000
1777146257.56,257.56,0.42,0.43,0.57,0.58,0.01,0.01,77245.18,1777146256000
1777146257.964,257.964,0.42,0.43,0.57,0.58,0.01,0.01,77245.18,1777146256000
1777146258.538,258.538,0.42,0.43,0.57,0.58,0.01,0.01,77245.18,1777146257000
1777146258.888,258.888,0.43,0.44,0.57,0.58,0.01,0.01,77245.18,1777146257000
1777146259.238,259.238,0.45,0.46,0.56,0.57,0.01,0.01,77245.18,1777146258000
1777146259.632,259.632,0.45,0.5,0.54,0.55,0.05,0.01,77245.18,1777146258000
1777146260.159,260.159,0.47,0.48,0.52,0.53,0.01,0.01,77245.18,1777146258000
1777146260.922,260.922,0.47,0.48,0.52,0.53,0.01,0.01,77245.12,1777146259000
1777146261.293,261.293,0.47,0.48,0.52,0.53,0.01,0.01,77245.13,1777146260000
1777146261.668,261.668,0.47,0.48,0.52,0.53,0.01,0.01,77245.13,1777146260000
1777146262.086,262.086,0.48,0.5,0.52,0.53,0.02,0.01,77245.13,1777146260000
1777146262.582,262.582,0.49,0.5,0.5,0.51,0.01,0.01,77245.13,1777146260000
1777146263.254,263.254,0.49,0.5,0.5,0.51,0.01,0.01,77245.15,1777146262000
1777146263.675,263.675,0.52,0.53,0.47,0.51,0.01,0.04,77245.15,1777146262000
1777146264.027,264.027,0.18,0.36,0.64,0.85,0.18,0.21,77245.15,1777146262000
1777146264.399,264.399,0.15,0.16,0.84,0.85,0.01,0.01,77245.15,1777146263000
1777146264.853,264.853,0.15,0.16,0.84,0.85,0.01,0.01,77245.15,1777146263000
1777146265.207,265.207,0.15,0.16,0.84,0.85,0.01,0.01,77245.15,1777146263000
1777146265.569,265.569,0.14,0.15,0.85,0.86,0.01,0.01,77245.15,1777146264000
1777146265.987,265.987,0.14,0.15,0.84,0.87,0.01,0.03,77245.15,1777146264000
1777146266.348,266.348,0.17,0.62,0.82,0.83,0.45,0.01,77238.32,1777146265000
1777146266.684,266.684,0.17,0.18,0.82,0.84,0.01,0.02,77238.32,1777146265000
1777146267.263,267.263,0.19,0.2,0.8,0.81,0.01,0.01,77238.32,1777146265000
1777146267.609,267.609,0.19,0.2,0.8,0.81,0.01,0.01,77237.97,1777146266000
1777146268.002,268.002,0.19,0.2,0.8,0.81,0.01,0.01,77237.97,1777146266000
1777146268.386,268.386,0.19,0.2,0.8,0.81,0.01,0.01,77237.97,1777146266000
1777146268.813,268.813,0.19,0.2,0.8,0.81,0.01,0.01,77237.95,1777146267000
1777146269.282,269.282,0.19,0.2,0.8,0.81,0.01,0.01,77237.81,1777146268000
1777146269.742,269.742,0.19,0.2,0.8,0.81,0.01,0.01,77237.81,1777146268000
1777146270.124,270.124,0.19,0.2,0.8,0.81,0.01,0.01,77237.62,1777146269000
1777146270.47,270.47,0.19,0.2,0.8,0.81,0.01,0.01,77237.62,1777146269000
1777146270.837,270.837,0.17,0.18,0.82,0.83,0.01,0.01,77237.62,1777146269000
1777146271.187,271.187,0.17,0.18,0.82,0.83,0.01,0.01,77238.27,1777146270000
1777146271.693,271.693,0.17,0.18,0.82,0.83,0.01,0.01,77238.27,1777146270000
1777146272.088,272.088,0.17,0.18,0.82,0.83,0.01,0.01,77238.27,1777146270000
1777146272.539,272.539,0.17,0.18,0.82,0.83,0.01,0.01,77237.61,1777146271000
1777146272.919,272.919,0.17,0.18,0.82,0.83,0.01,0.01,77237.61,1777146271000
1777146273.485,273.485,0.15,0.17,0.82,0.84,0.02,0.02,77237.52,1777146272000
1777146273.887,273.887,0.15,0.16,0.84,0.85,0.01,0.01,77237.52,1777146272000
1777146274.291,274.291,0.15,0.16,0.84,0.85,0.01,0.01,77237.5,1777146273000
1777146274.835,274.835,0.15,0.16,0.84,0.85,0.01,0.01,77237.5,1777146273000
1777146275.304,275.304,0.15,0.16,0.84,0.85,0.01,0.01,77237.5,1777146274000
1777146275.655,275.655,0.18,0.19,0.81,0.82,0.01,0.01,77237.5,1777146274000
1777146276.047,276.047,0.18,0.19,0.81,0.82,0.01,0.01,77237.5,1777146274000
1777146276.398,276.398,0.18,0.19,0.81,0.82,0.01,0.01,77237.5,1777146274000
1777146276.745,276.745,0.18,0.19,0.79,0.81,0.01,0.02,77237.5,1777146274000
1777146277.216,277.216,0.18,0.19,0.81,0.82,0.01,0.01,77237.42,1777146275000
1777146277.617,277.617,0.13,0.14,0.86,0.87,0.01,0.01,77237.42,1777146275000
1777146277.997,277.997,0.13,0.18,0.86,0.87,0.05,0.01,77237.29,1777146276000
1777146278.773,278.773,0.15,0.16,0.84,0.85,0.01,0.01,77237.29,1777146277000
1777146279.155,279.155,0.15,0.16,0.84,0.85,0.01,0.01,77237.29,1777146277000
1777146279.641,279.641,0.15,0.16,0.84,0.85,0.01,0.01,77237.29,1777146278000
1777146280.119,280.119,0.14,0.15,0.85,0.86,0.01,0.01,77237.29,1777146278000
1777146280.494,280.494,0.14,0.15,0.85,0.86,0.01,0.01,77237.29,1777146279000
1777146281.011,281.011,0.13,0.15,0.85,0.86,0.02,0.01,77237.29,1777146279000
1777146281.452,281.452,0.13,0.14,0.86,0.87,0.01,0.01,77237.29,1777146279000
1777146281.86,281.86,0.13,0.14,0.86,0.87,0.01,0.01,77237.29,1777146280000
1777146282.238,282.238,0.13,0.14,0.86,0.87,0.01,0.01,77236.94,1777146281000
1777146282.572,282.572,0.13,0.14,0.86,0.87,0.01,0.01,77236.94,1777146281000
1777146283.17,283.17,0.12,0.13,0.87,0.88,0.01,0.01,77236.94,1777146281000
1777146283.521,283.521,0.12,0.13,0.87,0.88,0.01,0.01,77237.07,1777146282000
1777146283.856,283.856,0.11,0.12,0.87,0.89,0.01,0.02,77237.07,1777146282000
1777146284.231,284.231,0.11,0.12,0.88,0.89,0.01,0.01,77237.07,1777146282000
1777146284.702,284.702,0.11,0.12,0.88,0.89,0.01,0.01,77237.07,1777146283000
1777146285.084,285.084,0.11,0.12,0.88,0.89,0.01,0.01,77237.07,1777146283000
1777146285.429,285.429,0.11,0.12,0.88,0.89,0.01,0.01,77237.07,1777146283000
1777146285.804,285.804,0.11,0.12,0.88,0.89,0.01,0.01,77237.06,1777146284000
1777146286.176,286.176,0.11,0.12,0.88,0.89,0.01,0.01,77237.02,1777146285000
1777146286.73,286.73,0.11,0.12,0.88,0.89,0.01,0.01,77237.02,1777146285000
1777146287.248,287.248,0.11,0.12,0.88,0.89,0.01,0.01,77237.02,1777146285000
1777146287.635,287.635,0.11,0.12,0.88,0.89,0.01,0.01,77237.02,1777146286000
1777146287.976,287.976,0.11,0.12,0.88,0.89,0.01,0.01,77237.01,1777146287000
1777146288.321,288.321,0.06,0.09,0.91,0.94,0.03,0.03,77237.01,1777146287000
1777146288.665,288.665,0.05,0.06,0.93,0.95,0.01,0.02,77237.01,1777146287000
1777146289.009,289.009,0.05,0.06,0.94,0.95,0.01,0.01,77237.01,1777146287000
1777146289.346,289.346,0.05,0.06,0.94,0.95,0.01,0.01,77237.01,1777146288000
1777146289.697,289.697,0.05,0.06,0.94,0.95,0.01,0.01,77237.01,1777146288000
1777146290.29,290.29,0.05,0.06,0.94,0.95,0.01,0.01,77222.54,1777146289000
1777146290.673,290.673,0.05,0.06,0.94,0.95,0.01,0.01,77222.54,1777146289000
1777146291.01,291.01,0.05,0.06,0.94,0.95,0.01,0.01,77222.54,1777146289000
1777146291.356,291.356,0.05,0.06,0.94,0.95,0.01,0.01,77222.54,1777146289000
1777146291.74,291.74,0.06,0.08,0.93,0.94,0.02,0.01,77222.54,1777146289000
1777146292.127,292.127,0.05,0.09,0.91,0.92,0.04,0.01,77222.54,1777146289000
1777146292.474,292.474,0.06,0.08,0.93,0.95,0.02,0.02,77210.1,1777146290000
1777146292.857,292.857,0.05,0.07,0.93,0.95,0.02,0.02,77210.1,1777146290000
1777146293.193,293.193,0.05,0.06,0.94,0.95,0.01,0.01,77210.1,1777146290000
1777146293.566,293.566,0.01,0.03,0.96,0.99,0.02,0.03,77210.1,1777146292000
1777146293.91,293.91,0.01,0.02,0.98,0.99,0.01,0.01,77210.1,1777146292000
1777146294.298,294.298,0.01,0.01,0.99,0.99,0.0,0.0,77210.1,1777146292000
1777146294.831,294.831,0.01,0.01,0.99,0.99,0.0,0.0,77210.1,1777146293000
1777146295.257,295.257,0.01,0.01,0.99,0.99,0.0,0.0,77210.1,1777146293000
1777146295.841,295.841,0.01,0.01,0.99,0.99,0.0,0.0,77210.1,1777146294000
1777146296.227,296.227,0.01,0.01,0.99,0.99,0.0,0.0,77210.07,1777146295000
1777146296.833,296.833,0.01,0.01,0.99,0.99,0.0,0.0,77210.07,1777146295000
1777146297.168,297.168,0.01,0.01,0.99,0.99,0.0,0.0,77210.07,1777146295000
1777146297.792,297.792,0.01,0.01,0.99,0.99,0.0,0.0,77210.07,1777146295000
1777146298.241,298.241,0.01,0.01,0.99,0.99,0.0,0.0,77210.07,1777146296000
1777146299.175,299.175,0.01,0.01,0.99,0.99,0.0,0.0,77210.07,1777146297000
1777146299.865,299.865,0.01,0.01,0.99,0.99,0.0,0.0,77210.06,1777146298000
1777146300.402,300.402,0.01,0.01,0.99,0.99,0.0,0.0,77210.06,1777146298000
1777146301.267,301.267,0.01,0.01,0.99,0.99,0.0,0.0,77210.06,1777146300000

# RESULT,winner=Down,slug=btc-updown-5m-1777146000,ticks=641
