timestamp,elapsed_sec,up_bid,up_ask,down_bid,down_ask,up_spread,down_spread,btc_price,btc_oracle_ts
1776546300.555,0.555,0.51,0.52,0.48,0.49,0.01,0.01,75823.84,1776546299000
1776546301.779,1.779,0.51,0.52,0.48,0.49,0.01,0.01,75825.53,1776546300000
1776546302.146,2.146,0.51,0.52,0.48,0.49,0.01,0.01,75825.53,1776546300000
1776546302.835,2.835,0.51,0.52,0.48,0.49,0.01,0.01,75825.54,1776546301000
1776546303.281,3.281,0.51,0.52,0.48,0.49,0.01,0.01,75825.54,1776546301000
1776546303.716,3.716,0.51,0.52,0.48,0.49,0.01,0.01,75825.39,1776546302000
1776546304.374,4.374,0.51,0.52,0.48,0.49,0.01,0.01,75825.39,1776546302000
1776546304.833,4.833,0.51,0.52,0.48,0.49,0.01,0.01,75826.72,1776546303000
1776546305.513,5.513,0.52,0.53,0.47,0.49,0.01,0.02,75826.72,1776546303000
1776546306.016,6.016,0.52,0.53,0.47,0.48,0.01,0.01,75826.74,1776546304000
1776546306.395,6.395,0.52,0.54,0.47,0.48,0.02,0.01,75826.74,1776546304000
1776546307.077,7.077,0.53,0.54,0.46,0.47,0.01,0.01,75826.84,1776546305000
1776546307.746,7.746,0.53,0.54,0.46,0.47,0.01,0.01,75826.84,1776546305000
1776546308.144,8.144,0.53,0.54,0.46,0.47,0.01,0.01,75826.84,1776546305000
1776546308.866,8.866,0.53,0.54,0.46,0.47,0.01,0.01,75826.84,1776546305000
1776546309.652,9.652,0.53,0.54,0.46,0.47,0.01,0.01,75826.76,1776546307000
1776546310.019,10.019,0.53,0.54,0.46,0.47,0.01,0.01,75826.76,1776546307000
1776546310.387,10.387,0.53,0.54,0.46,0.47,0.01,0.01,75826.76,1776546307000
1776546310.768,10.768,0.53,0.54,0.46,0.47,0.01,0.01,75826.84,1776546308000
1776546311.305,11.305,0.53,0.54,0.46,0.47,0.01,0.01,75826.84,1776546309000
1776546311.7,11.7,0.53,0.56,0.46,0.47,0.03,0.01,75826.84,1776546309000
1776546312.049,12.049,0.58,0.6,0.41,0.42,0.02,0.01,75826.79,1776546310000
1776546312.398,12.398,0.6,0.61,0.39,0.41,0.01,0.02,75826.79,1776546310000
1776546312.734,12.734,0.6,0.61,0.39,0.4,0.01,0.01,75826.79,1776546310000
1776546313.158,13.158,0.6,0.61,0.39,0.4,0.01,0.01,75826.79,1776546310000
1776546313.622,13.622,0.6,0.61,0.39,0.4,0.01,0.01,75826.85,1776546311000
1776546314.16,14.16,0.6,0.61,0.39,0.4,0.01,0.01,75827.51,1776546312000
1776546314.493,14.493,0.6,0.61,0.39,0.4,0.01,0.01,75827.51,1776546312000
1776546314.827,14.827,0.6,0.61,0.39,0.4,0.01,0.01,75828.2,1776546313000
1776546315.165,15.165,0.6,0.61,0.39,0.4,0.01,0.01,75828.2,1776546313000
1776546315.55,15.55,0.6,0.61,0.39,0.4,0.01,0.01,75828.2,1776546313000
1776546315.911,15.911,0.6,0.61,0.39,0.4,0.01,0.01,75833.09,1776546314000
1776546316.47,16.47,0.6,0.61,0.39,0.4,0.01,0.01,75833.09,1776546314000
1776546316.923,16.923,0.6,0.61,0.39,0.4,0.01,0.01,75834.79,1776546315000
1776546317.366,17.366,0.6,0.61,0.39,0.4,0.01,0.01,75834.79,1776546315000
1776546317.773,17.773,0.6,0.61,0.39,0.4,0.01,0.01,75834.73,1776546316000
1776546318.169,18.169,0.6,0.61,0.39,0.4,0.01,0.01,75834.73,1776546316000
1776546318.521,18.521,0.6,0.61,0.39,0.4,0.01,0.01,75834.73,1776546316000
1776546318.971,18.971,0.6,0.61,0.39,0.4,0.01,0.01,75834.67,1776546317000
1776546319.366,19.366,0.6,0.61,0.39,0.4,0.01,0.01,75834.67,1776546317000
1776546319.726,19.726,0.6,0.61,0.39,0.4,0.01,0.01,75834.68,1776546318000
1776546320.143,20.143,0.6,0.61,0.39,0.4,0.01,0.01,75834.68,1776546318000
1776546320.856,20.856,0.6,0.61,0.39,0.4,0.01,0.01,75834.63,1776546319000
1776546321.372,21.372,0.6,0.61,0.39,0.4,0.01,0.01,75834.63,1776546319000
1776546321.71,21.71,0.58,0.59,0.41,0.42,0.01,0.01,75834.63,1776546319000
1776546322.063,22.063,0.57,0.59,0.41,0.42,0.02,0.01,75834.63,1776546320000
1776546322.458,22.458,0.57,0.58,0.42,0.43,0.01,0.01,75834.63,1776546320000
1776546322.822,22.822,0.56,0.57,0.43,0.44,0.01,0.01,75834.63,1776546321000
1776546323.42,23.42,0.56,0.57,0.43,0.44,0.01,0.01,75834.58,1776546322000
1776546323.946,23.946,0.56,0.57,0.43,0.44,0.01,0.01,75834.58,1776546322000
1776546324.39,24.39,0.56,0.57,0.43,0.44,0.01,0.01,75834.58,1776546322000
1776546324.725,24.725,0.57,0.58,0.42,0.43,0.01,0.01,75834.58,1776546322000
1776546325.16,25.16,0.57,0.58,0.42,0.43,0.01,0.01,75833.92,1776546323000
1776546325.494,25.494,0.61,0.63,0.38,0.39,0.02,0.01,75833.92,1776546323000
1776546325.919,25.919,0.62,0.63,0.37,0.39,0.01,0.02,75833.92,1776546324000
1776546326.288,26.288,0.62,0.63,0.37,0.38,0.01,0.01,75833.92,1776546325000
1776546326.652,26.652,0.62,0.63,0.37,0.38,0.01,0.01,75833.92,1776546325000
1776546327.153,27.153,0.62,0.63,0.37,0.38,0.01,0.01,75833.92,1776546325000
1776546327.659,27.659,0.63,0.64,0.37,0.38,0.01,0.01,75833.54,1776546326000
1776546328.059,28.059,0.63,0.64,0.36,0.37,0.01,0.01,75833.54,1776546326000
1776546328.948,28.948,0.63,0.64,0.36,0.37,0.01,0.01,75834.95,1776546327000
1776546329.348,29.348,0.63,0.64,0.36,0.37,0.01,0.01,75834.95,1776546327000
1776546329.683,29.683,0.63,0.64,0.36,0.37,0.01,0.01,75835.38,1776546328000
1776546330.095,30.095,0.63,0.65,0.35,0.37,0.02,0.02,75835.54,1776546329000
1776546330.453,30.453,0.64,0.65,0.35,0.36,0.01,0.01,75835.54,1776546329000
1776546330.876,30.876,0.64,0.65,0.35,0.36,0.01,0.01,75835.54,1776546329000
1776546331.227,31.227,0.64,0.65,0.35,0.36,0.01,0.01,75835.54,1776546329000
1776546331.589,31.589,0.64,0.65,0.35,0.36,0.01,0.01,75836.25,1776546330000
1776546332.023,32.023,0.63,0.64,0.35,0.37,0.01,0.02,75836.25,1776546330000
1776546332.397,32.397,0.62,0.63,0.36,0.37,0.01,0.01,75836.25,1776546330000
1776546332.751,32.751,0.62,0.65,0.37,0.38,0.03,0.01,75837.63,1776546331000
1776546333.159,33.159,0.62,0.63,0.37,0.38,0.01,0.01,75837.63,1776546331000
1776546333.574,33.574,0.62,0.63,0.37,0.38,0.01,0.01,75838.52,1776546332000
1776546334.019,34.019,0.62,0.63,0.37,0.38,0.01,0.01,75838.52,1776546332000
1776546334.507,34.507,0.62,0.63,0.37,0.38,0.01,0.01,75838.55,1776546333000
1776546335.036,35.036,0.61,0.62,0.37,0.4,0.01,0.03,75838.55,1776546333000
1776546335.412,35.412,0.6,0.61,0.39,0.4,0.01,0.01,75838.51,1776546334000
1776546335.915,35.915,0.6,0.61,0.39,0.4,0.01,0.01,75838.51,1776546334000
1776546336.347,36.347,0.6,0.61,0.39,0.4,0.01,0.01,75838.51,1776546334000
1776546336.728,36.728,0.55,0.58,0.41,0.44,0.03,0.03,75838.51,1776546335000
1776546337.14,37.14,0.55,0.56,0.44,0.45,0.01,0.01,75838.51,1776546335000
1776546337.71,37.71,0.55,0.56,0.44,0.45,0.01,0.01,75838.51,1776546336000
1776546338.044,38.044,0.55,0.56,0.44,0.45,0.01,0.01,75838.51,1776546336000
1776546338.462,38.462,0.55,0.56,0.44,0.45,0.01,0.01,75837.26,1776546337000
1776546338.799,38.799,0.55,0.58,0.42,0.45,0.03,0.03,75837.26,1776546337000
1776546339.157,39.157,0.59,0.63,0.37,0.42,0.04,0.05,75837.26,1776546337000
1776546339.502,39.502,0.59,0.6,0.4,0.41,0.01,0.01,75837.26,1776546337000
1776546339.923,39.923,0.59,0.6,0.4,0.41,0.01,0.01,75836.66,1776546338000
1776546340.294,40.294,0.59,0.6,0.4,0.41,0.01,0.01,75836.66,1776546338000
1776546340.654,40.654,0.59,0.6,0.4,0.41,0.01,0.01,75836.66,1776546338000
1776546341.002,41.002,0.58,0.59,0.41,0.42,0.01,0.01,75837.95,1776546339000
1776546341.484,41.484,0.58,0.59,0.41,0.42,0.01,0.01,75839.24,1776546340000
1776546341.821,41.821,0.58,0.59,0.41,0.42,0.01,0.01,75839.24,1776546340000
1776546342.265,42.265,0.58,0.59,0.41,0.42,0.01,0.01,75839.24,1776546340000
1776546342.65,42.65,0.58,0.59,0.41,0.42,0.01,0.01,75839.69,1776546341000
1776546343.266,43.266,0.58,0.59,0.41,0.42,0.01,0.01,75839.69,1776546341000
1776546343.677,43.677,0.58,0.59,0.41,0.42,0.01,0.01,75839.69,1776546341000
1776546344.064,44.064,0.58,0.59,0.41,0.42,0.01,0.01,75839.71,1776546342000
1776546344.449,44.449,0.58,0.59,0.41,0.42,0.01,0.01,75839.71,1776546343000
1776546345.04,45.04,0.58,0.59,0.41,0.42,0.01,0.01,75839.71,1776546343000
1776546345.502,45.502,0.58,0.59,0.41,0.42,0.01,0.01,75839.75,1776546344000
1776546346.096,46.096,0.58,0.59,0.41,0.42,0.01,0.01,75839.75,1776546344000
1776546346.783,46.783,0.57,0.58,0.42,0.43,0.01,0.01,75838.63,1776546345000
1776546347.153,47.153,0.53,0.54,0.46,0.48,0.01,0.02,75838.63,1776546345000
1776546347.536,47.536,0.5,0.54,0.46,0.5,0.04,0.04,75838.65,1776546346000
1776546347.891,47.891,0.5,0.51,0.49,0.5,0.01,0.01,75838.65,1776546346000
1776546348.308,48.308,0.5,0.51,0.49,0.5,0.01,0.01,75838.62,1776546347000
1776546348.677,48.677,0.5,0.51,0.49,0.5,0.01,0.01,75838.62,1776546347000
1776546349.182,49.182,0.49,0.5,0.5,0.51,0.01,0.01,75838.62,1776546347000
1776546349.657,49.657,0.49,0.5,0.5,0.51,0.01,0.01,75834.48,1776546348000
1776546350.004,50.004,0.49,0.5,0.5,0.51,0.01,0.01,75834.48,1776546348000
1776546350.36,50.36,0.49,0.5,0.5,0.51,0.01,0.01,75834.48,1776546348000
1776546350.699,50.699,0.49,0.5,0.5,0.51,0.01,0.01,75832.19,1776546349000
1776546351.034,51.034,0.49,0.5,0.5,0.51,0.01,0.01,75832.19,1776546349000
1776546351.382,51.382,0.49,0.5,0.5,0.51,0.01,0.01,75832.19,1776546349000
1776546351.727,51.727,0.5,0.51,0.49,0.5,0.01,0.01,75832.22,1776546350000
1776546352.288,52.288,0.5,0.51,0.49,0.5,0.01,0.01,75832.23,1776546351000
1776546352.725,52.725,0.5,0.51,0.49,0.5,0.01,0.01,75832.23,1776546351000
1776546353.123,53.123,0.5,0.51,0.49,0.5,0.01,0.01,75832.23,1776546351000
1776546353.49,53.49,0.5,0.51,0.49,0.5,0.01,0.01,75832.25,1776546352000
1776546353.956,53.956,0.51,0.52,0.48,0.5,0.01,0.02,75832.25,1776546352000
1776546354.6,54.6,0.51,0.52,0.48,0.49,0.01,0.01,75832.41,1776546353000
1776546355.014,55.014,0.51,0.52,0.48,0.49,0.01,0.01,75832.41,1776546353000
1776546355.359,55.359,0.51,0.52,0.48,0.49,0.01,0.01,75832.34,1776546354000
1776546355.695,55.695,0.51,0.52,0.48,0.49,0.01,0.01,75832.34,1776546354000
1776546356.387,56.387,0.51,0.52,0.48,0.49,0.01,0.01,75832.34,1776546355000
1776546356.897,56.897,0.49,0.51,0.48,0.49,0.02,0.01,75832.34,1776546355000
1776546357.285,57.285,0.49,0.51,0.49,0.51,0.02,0.02,75832.37,1776546356000
1776546357.734,57.734,0.49,0.5,0.5,0.51,0.01,0.01,75832.37,1776546356000
1776546358.32,58.32,0.49,0.5,0.5,0.51,0.01,0.01,75832.37,1776546356000
1776546358.783,58.783,0.49,0.5,0.5,0.51,0.01,0.01,75832.16,1776546357000
1776546359.378,59.378,0.49,0.5,0.5,0.51,0.01,0.01,75832.17,1776546358000
1776546359.861,59.861,0.49,0.5,0.5,0.51,0.01,0.01,75832.17,1776546358000
1776546360.505,60.505,0.49,0.5,0.5,0.51,0.01,0.01,75832.2,1776546359000
1776546361.166,61.166,0.49,0.5,0.5,0.51,0.01,0.01,75832.2,1776546359000
1776546361.524,61.524,0.49,0.5,0.5,0.51,0.01,0.01,75832.14,1776546360000
1776546362.001,62.001,0.49,0.5,0.5,0.51,0.01,0.01,75832.14,1776546360000
1776546362.493,62.493,0.5,0.51,0.49,0.5,0.01,0.01,75832.13,1776546361000
1776546362.828,62.828,0.51,0.52,0.48,0.49,0.01,0.01,75832.13,1776546361000
1776546363.172,63.172,0.51,0.52,0.48,0.49,0.01,0.01,75832.12,1776546362000
1776546364.001,64.001,0.51,0.52,0.48,0.49,0.01,0.01,75832.12,1776546362000
1776546364.337,64.337,0.3,0.4,0.6,0.7,0.1,0.1,75832.05,1776546363000
1776546364.674,64.674,0.35,0.36,0.64,0.65,0.01,0.01,75832.05,1776546363000
1776546365.029,65.029,0.35,0.36,0.63,0.65,0.01,0.02,75832.05,1776546363000
1776546365.376,65.376,0.35,0.36,0.64,0.65,0.01,0.01,75832.05,1776546363000
1776546365.76,65.76,0.34,0.35,0.65,0.66,0.01,0.01,75823.43,1776546364000
1776546366.106,66.106,0.34,0.35,0.65,0.66,0.01,0.01,75820.74,1776546365000
1776546366.449,66.449,0.34,0.35,0.65,0.66,0.01,0.01,75820.74,1776546365000
1776546366.884,66.884,0.34,0.35,0.65,0.66,0.01,0.01,75820.74,1776546365000
1776546367.882,67.882,0.34,0.35,0.65,0.66,0.01,0.01,75812.58,1776546366000
1776546368.332,68.332,0.34,0.35,0.65,0.66,0.01,0.01,75812.49,1776546367000
1776546368.667,68.667,0.34,0.35,0.65,0.66,0.01,0.01,75812.49,1776546367000
1776546369.01,69.01,0.34,0.35,0.65,0.66,0.01,0.01,75812.49,1776546367000
1776546369.415,69.415,0.34,0.35,0.65,0.66,0.01,0.01,75812.49,1776546367000
1776546369.806,69.806,0.34,0.35,0.65,0.66,0.01,0.01,75812.56,1776546368000
1776546370.212,70.212,0.34,0.35,0.65,0.66,0.01,0.01,75812.56,1776546368000
1776546370.55,70.55,0.34,0.35,0.65,0.66,0.01,0.01,75812.56,1776546368000
1776546370.895,70.895,0.34,0.35,0.65,0.66,0.01,0.01,75812.68,1776546369000
1776546371.265,71.265,0.34,0.36,0.65,0.66,0.02,0.01,75812.68,1776546369000
1776546371.61,71.61,0.35,0.36,0.64,0.65,0.01,0.01,75812.79,1776546370000
1776546372.004,72.004,0.35,0.36,0.64,0.65,0.01,0.01,75812.79,1776546370000
1776546372.39,72.39,0.35,0.36,0.64,0.65,0.01,0.01,75812.79,1776546370000
1776546372.795,72.795,0.35,0.36,0.64,0.65,0.01,0.01,75812.79,1776546370000
1776546373.156,73.156,0.35,0.36,0.64,0.65,0.01,0.01,75812.89,1776546371000
1776546373.499,73.499,0.35,0.36,0.64,0.65,0.01,0.01,75812.89,1776546372000
1776546373.979,73.979,0.35,0.36,0.64,0.65,0.01,0.01,75812.89,1776546372000
1776546374.538,74.538,0.35,0.36,0.64,0.65,0.01,0.01,75812.89,1776546372000
1776546375.166,75.166,0.35,0.36,0.64,0.65,0.01,0.01,75812.97,1776546373000
1776546375.543,75.543,0.35,0.36,0.64,0.65,0.01,0.01,75812.86,1776546374000
1776546375.958,75.958,0.35,0.36,0.64,0.65,0.01,0.01,75812.86,1776546374000
1776546376.64,76.64,0.35,0.36,0.64,0.65,0.01,0.01,75812.97,1776546375000
1776546376.977,76.977,0.35,0.36,0.64,0.65,0.01,0.01,75812.97,1776546375000
1776546377.312,77.312,0.35,0.36,0.64,0.65,0.01,0.01,75813.12,1776546376000
1776546378.003,78.003,0.35,0.36,0.64,0.65,0.01,0.01,75813.12,1776546376000
1776546378.499,78.499,0.35,0.36,0.64,0.65,0.01,0.01,75813.12,1776546377000
1776546379.112,79.112,0.35,0.36,0.64,0.65,0.01,0.01,75812.9,1776546378000
1776546379.587,79.587,0.36,0.37,0.62,0.65,0.01,0.03,75812.9,1776546378000
1776546380.16,80.16,0.36,0.37,0.63,0.64,0.01,0.01,75812.9,1776546378000
1776546380.83,80.83,0.36,0.37,0.63,0.64,0.01,0.01,75812.9,1776546379000
1776546381.167,81.167,0.36,0.38,0.63,0.64,0.02,0.01,75812.9,1776546380000
1776546381.64,81.64,0.37,0.38,0.62,0.63,0.01,0.01,75812.9,1776546380000
1776546382.205,82.205,0.37,0.38,0.62,0.63,0.01,0.01,75812.9,1776546380000
1776546382.65,82.65,0.37,0.38,0.62,0.63,0.01,0.01,75812.89,1776546381000
1776546383.003,83.003,0.37,0.38,0.62,0.63,0.01,0.01,75812.89,1776546381000
1776546383.336,83.336,0.37,0.38,0.62,0.63,0.01,0.01,75812.87,1776546382000
1776546383.814,83.814,0.37,0.38,0.62,0.63,0.01,0.01,75812.87,1776546382000
1776546384.173,84.173,0.37,0.38,0.62,0.63,0.01,0.01,75812.87,1776546382000
1776546384.656,84.656,0.37,0.38,0.62,0.63,0.01,0.01,75812.88,1776546383000
1776546385.003,85.003,0.37,0.38,0.62,0.63,0.01,0.01,75812.88,1776546383000
1776546385.86,85.86,0.37,0.38,0.62,0.63,0.01,0.01,75812.88,1776546384000
1776546386.248,86.248,0.36,0.37,0.62,0.68,0.01,0.06,75812.88,1776546384000
1776546386.722,86.722,0.36,0.37,0.63,0.64,0.01,0.01,75812.85,1776546385000
1776546387.309,87.309,0.35,0.36,0.63,0.65,0.01,0.02,75812.85,1776546385000
1776546387.721,87.721,0.35,0.36,0.64,0.65,0.01,0.01,75812.88,1776546386000
1776546388.104,88.104,0.35,0.36,0.64,0.65,0.01,0.01,75812.88,1776546387000
1776546388.769,88.769,0.35,0.38,0.64,0.65,0.03,0.01,75812.88,1776546387000
1776546389.108,89.108,0.42,0.43,0.57,0.58,0.01,0.01,75812.88,1776546387000
1776546389.454,89.454,0.44,0.45,0.55,0.56,0.01,0.01,75812.77,1776546388000
1776546389.897,89.897,0.45,0.46,0.53,0.56,0.01,0.03,75812.77,1776546388000
1776546390.327,90.327,0.46,0.48,0.53,0.54,0.02,0.01,75812.77,1776546388000
1776546390.72,90.72,0.46,0.47,0.53,0.54,0.01,0.01,75812.98,1776546389000
1776546391.059,91.059,0.47,0.49,0.51,0.53,0.02,0.02,75812.98,1776546389000
1776546391.405,91.405,0.48,0.5,0.51,0.52,0.02,0.01,75816.95,1776546390000
1776546391.738,91.738,0.48,0.49,0.51,0.52,0.01,0.01,75816.95,1776546390000
1776546392.082,92.082,0.48,0.49,0.51,0.52,0.01,0.01,75816.95,1776546390000
1776546392.537,92.537,0.5,0.51,0.49,0.5,0.01,0.01,75821.34,1776546391000
1776546392.957,92.957,0.5,0.51,0.49,0.5,0.01,0.01,75821.34,1776546391000
1776546393.293,93.293,0.5,0.51,0.49,0.5,0.01,0.01,75821.35,1776546392000
1776546393.678,93.678,0.5,0.51,0.49,0.5,0.01,0.01,75821.35,1776546392000
1776546394.371,94.371,0.5,0.51,0.49,0.5,0.01,0.01,75823.22,1776546393000
1776546394.742,94.742,0.5,0.51,0.49,0.5,0.01,0.01,75823.22,1776546393000
1776546395.247,95.247,0.5,0.51,0.49,0.5,0.01,0.01,75825.68,1776546394000
1776546395.607,95.607,0.5,0.51,0.49,0.5,0.01,0.01,75825.68,1776546394000
1776546396.168,96.168,0.5,0.51,0.49,0.5,0.01,0.01,75825.68,1776546394000
1776546396.516,96.516,0.5,0.51,0.49,0.5,0.01,0.01,75825.7,1776546395000
1776546397.075,97.075,0.5,0.52,0.49,0.5,0.02,0.01,75825.7,1776546395000
1776546397.461,97.461,0.51,0.52,0.48,0.49,0.01,0.01,75825.63,1776546396000
1776546397.842,97.842,0.51,0.52,0.48,0.49,0.01,0.01,75825.63,1776546396000
1776546398.178,98.178,0.51,0.52,0.48,0.49,0.01,0.01,75825.63,1776546396000
1776546398.522,98.522,0.51,0.52,0.48,0.49,0.01,0.01,75825.63,1776546396000
1776546398.88,98.88,0.51,0.52,0.48,0.49,0.01,0.01,75825.63,1776546396000
1776546399.305,99.305,0.51,0.52,0.48,0.49,0.01,0.01,75825.66,1776546397000
1776546399.788,99.788,0.51,0.52,0.48,0.49,0.01,0.01,75825.65,1776546398000
1776546400.182,100.182,0.5,0.51,0.48,0.5,0.01,0.02,75825.65,1776546398000
1776546400.652,100.652,0.5,0.51,0.49,0.5,0.01,0.01,75825.65,1776546398000
1776546401.0,101.0,0.5,0.51,0.49,0.5,0.01,0.01,75825.6,1776546399000
1776546401.64,101.64,0.5,0.51,0.49,0.5,0.01,0.01,75825.6,1776546400000
1776546402.099,102.099,0.5,0.51,0.49,0.5,0.01,0.01,75825.62,1776546401000
1776546403.426,103.426,0.5,0.51,0.49,0.5,0.01,0.01,75825.62,1776546401000
1776546403.943,103.943,0.49,0.51,0.49,0.5,0.02,0.01,75825.68,1776546402000
1776546404.315,104.315,0.5,0.51,0.49,0.51,0.01,0.02,75825.68,1776546402000
1776546404.688,104.688,0.5,0.51,0.49,0.5,0.01,0.01,75825.6,1776546403000
1776546405.156,105.156,0.5,0.51,0.49,0.5,0.01,0.01,75825.6,1776546403000
1776546405.683,105.683,0.5,0.51,0.49,0.5,0.01,0.01,75825.6,1776546403000
1776546406.199,106.199,0.5,0.51,0.49,0.5,0.01,0.01,75825.68,1776546404000
1776546406.814,106.814,0.5,0.51,0.49,0.5,0.01,0.01,75825.57,1776546405000
1776546407.245,107.245,0.5,0.51,0.49,0.5,0.01,0.01,75825.57,1776546405000
1776546407.612,107.612,0.5,0.51,0.49,0.5,0.01,0.01,75825.57,1776546405000
1776546408.169,108.169,0.5,0.51,0.49,0.5,0.01,0.01,75825.6,1776546406000
1776546408.529,108.529,0.49,0.51,0.49,0.5,0.02,0.01,75825.6,1776546407000
1776546409.294,109.294,0.49,0.5,0.5,0.51,0.01,0.01,75825.6,1776546407000
1776546409.805,109.805,0.49,0.5,0.5,0.51,0.01,0.01,75825.74,1776546408000
1776546410.347,110.347,0.49,0.5,0.5,0.51,0.01,0.01,75825.74,1776546408000
1776546411.274,111.274,0.49,0.5,0.5,0.51,0.01,0.01,75825.8,1776546410000
1776546411.671,111.671,0.5,0.52,0.48,0.51,0.02,0.03,75825.8,1776546410000
1776546412.234,112.234,0.52,0.53,0.47,0.49,0.01,0.02,75825.8,1776546410000
1776546412.59,112.59,0.52,0.53,0.47,0.48,0.01,0.01,75825.8,1776546410000
1776546413.024,113.024,0.52,0.53,0.47,0.48,0.01,0.01,75825.8,1776546410000
1776546414.311,114.311,0.52,0.53,0.47,0.48,0.01,0.01,75828.13,1776546412000
1776546414.831,114.831,0.52,0.53,0.47,0.48,0.01,0.01,75828.13,1776546412000
1776546415.329,115.329,0.52,0.53,0.47,0.48,0.01,0.01,75828.44,1776546414000
1776546415.92,115.92,0.52,0.53,0.47,0.48,0.01,0.01,75828.44,1776546414000
1776546416.326,116.326,0.57,0.58,0.42,0.43,0.01,0.01,75828.44,1776546414000
1776546416.726,116.726,0.58,0.59,0.41,0.42,0.01,0.01,75829.9,1776546415000
1776546417.233,117.233,0.58,0.59,0.41,0.42,0.01,0.01,75830.11,1776546416000
1776546417.614,117.614,0.57,0.58,0.42,0.43,0.01,0.01,75830.11,1776546416000
1776546417.956,117.956,0.56,0.57,0.42,0.44,0.01,0.02,75830.11,1776546416000
1776546418.3,118.3,0.56,0.57,0.43,0.44,0.01,0.01,75833.16,1776546417000
1776546419.104,119.104,0.56,0.57,0.43,0.44,0.01,0.01,75833.16,1776546417000
1776546419.509,119.509,0.56,0.57,0.43,0.44,0.01,0.01,75835.0,1776546418000
1776546420.112,120.112,0.56,0.57,0.43,0.44,0.01,0.01,75835.0,1776546418000
1776546420.504,120.504,0.56,0.57,0.43,0.44,0.01,0.01,75835.0,1776546419000
1776546420.904,120.904,0.56,0.57,0.43,0.44,0.01,0.01,75835.0,1776546419000
1776546421.237,121.237,0.55,0.56,0.44,0.45,0.01,0.01,75835.0,1776546419000
1776546422.02,122.02,0.55,0.56,0.44,0.45,0.01,0.01,75835.07,1776546420000
1776546422.478,122.478,0.55,0.56,0.44,0.45,0.01,0.01,75835.07,1776546420000
1776546422.92,122.92,0.53,0.56,0.44,0.45,0.03,0.01,75834.91,1776546421000
1776546423.336,123.336,0.54,0.55,0.45,0.46,0.01,0.01,75834.83,1776546422000
1776546423.701,123.701,0.54,0.55,0.45,0.46,0.01,0.01,75834.83,1776546422000
1776546424.077,124.077,0.54,0.55,0.45,0.46,0.01,0.01,75834.83,1776546422000
1776546424.428,124.428,0.54,0.55,0.45,0.46,0.01,0.01,75834.73,1776546423000
1776546424.899,124.899,0.54,0.55,0.45,0.46,0.01,0.01,75834.73,1776546423000
1776546425.381,125.381,0.54,0.55,0.45,0.46,0.01,0.01,75834.73,1776546424000
1776546425.728,125.728,0.54,0.55,0.45,0.46,0.01,0.01,75834.73,1776546424000
1776546426.091,126.091,0.54,0.55,0.45,0.46,0.01,0.01,75834.73,1776546424000
1776546426.445,126.445,0.54,0.55,0.45,0.46,0.01,0.01,75834.73,1776546424000
1776546426.866,126.866,0.54,0.55,0.45,0.46,0.01,0.01,75834.76,1776546425000
1776546427.34,127.34,0.54,0.55,0.45,0.46,0.01,0.01,75834.76,1776546426000
1776546427.929,127.929,0.53,0.54,0.45,0.46,0.01,0.01,75834.76,1776546426000
1776546428.329,128.329,0.53,0.54,0.46,0.47,0.01,0.01,75834.76,1776546426000
1776546428.671,128.671,0.53,0.54,0.46,0.47,0.01,0.01,75834.77,1776546427000
1776546429.347,129.347,0.53,0.54,0.46,0.47,0.01,0.01,75834.78,1776546428000
1776546429.693,129.693,0.53,0.54,0.46,0.47,0.01,0.01,75834.78,1776546428000
1776546430.411,130.411,0.53,0.54,0.46,0.47,0.01,0.01,75834.78,1776546429000
1776546430.98,130.98,0.53,0.54,0.46,0.47,0.01,0.01,75834.78,1776546429000
1776546431.419,131.419,0.53,0.54,0.46,0.47,0.01,0.01,75834.78,1776546429000
1776546431.789,131.789,0.53,0.54,0.46,0.47,0.01,0.01,75834.78,1776546430000
1776546432.306,132.306,0.53,0.54,0.46,0.47,0.01,0.01,75834.78,1776546431000
1776546433.155,133.155,0.53,0.54,0.46,0.47,0.01,0.01,75834.79,1776546432000
1776546433.698,133.698,0.53,0.54,0.46,0.47,0.01,0.01,75834.79,1776546432000
1776546434.421,134.421,0.53,0.54,0.46,0.47,0.01,0.01,75834.83,1776546433000
1776546435.287,135.287,0.53,0.54,0.46,0.47,0.01,0.01,75834.83,1776546434000
1776546435.716,135.716,0.53,0.54,0.46,0.47,0.01,0.01,75834.83,1776546434000
1776546436.053,136.053,0.52,0.53,0.46,0.47,0.01,0.01,75834.83,1776546434000
1776546436.394,136.394,0.5,0.53,0.47,0.5,0.03,0.03,75834.83,1776546434000
1776546436.762,136.762,0.5,0.51,0.49,0.5,0.01,0.01,75834.85,1776546435000
1776546437.119,137.119,0.5,0.51,0.49,0.5,0.01,0.01,75834.85,1776546435000
1776546437.51,137.51,0.5,0.51,0.49,0.5,0.01,0.01,75834.85,1776546436000
1776546437.951,137.951,0.5,0.51,0.49,0.5,0.01,0.01,75834.85,1776546437000
1776546438.386,138.386,0.5,0.52,0.49,0.5,0.02,0.01,75834.85,1776546437000
1776546438.946,138.946,0.5,0.51,0.49,0.5,0.01,0.01,75834.88,1776546438000
1776546439.437,139.437,0.5,0.51,0.49,0.5,0.01,0.01,75834.88,1776546438000
1776546439.791,139.791,0.5,0.51,0.49,0.5,0.01,0.01,75834.88,1776546438000
1776546440.147,140.147,0.51,0.52,0.48,0.49,0.01,0.01,75834.9,1776546439000
1776546440.537,140.537,0.51,0.52,0.48,0.49,0.01,0.01,75834.9,1776546439000
1776546440.879,140.879,0.51,0.52,0.48,0.49,0.01,0.01,75834.9,1776546439000
1776546441.228,141.228,0.51,0.52,0.48,0.49,0.01,0.01,75835.03,1776546440000
1776546441.692,141.692,0.51,0.52,0.48,0.49,0.01,0.01,75835.03,1776546440000
1776546442.047,142.047,0.51,0.52,0.48,0.49,0.01,0.01,75835.03,1776546440000
1776546442.396,142.396,0.51,0.52,0.48,0.49,0.01,0.01,75832.79,1776546441000
1776546443.073,143.073,0.51,0.52,0.48,0.49,0.01,0.01,75833.85,1776546442000
1776546443.479,143.479,0.51,0.52,0.48,0.49,0.01,0.01,75833.85,1776546442000
1776546444.11,144.11,0.51,0.52,0.48,0.49,0.01,0.01,75833.85,1776546442000
1776546444.718,144.718,0.51,0.52,0.48,0.49,0.01,0.01,75833.79,1776546443000
1776546445.226,145.226,0.51,0.52,0.48,0.49,0.01,0.01,75833.84,1776546444000
1776546445.581,145.581,0.51,0.52,0.48,0.49,0.01,0.01,75833.84,1776546444000
1776546445.918,145.918,0.51,0.52,0.48,0.49,0.01,0.01,75833.84,1776546444000
1776546446.355,146.355,0.51,0.52,0.48,0.49,0.01,0.01,75834.27,1776546445000
1776546446.738,146.738,0.51,0.52,0.48,0.49,0.01,0.01,75834.27,1776546445000
1776546447.39,147.39,0.51,0.52,0.48,0.49,0.01,0.01,75834.75,1776546446000
1776546448.009,148.009,0.49,0.52,0.48,0.49,0.03,0.01,75834.75,1776546446000
1776546448.385,148.385,0.49,0.5,0.5,0.51,0.01,0.01,75834.75,1776546446000
1776546448.993,148.993,0.49,0.5,0.5,0.51,0.01,0.01,75834.7,1776546447000
1776546449.359,149.359,0.49,0.5,0.5,0.51,0.01,0.01,75834.7,1776546448000
1776546450.022,150.022,0.49,0.5,0.5,0.51,0.01,0.01,75834.7,1776546448000
1776546450.396,150.396,0.49,0.5,0.5,0.51,0.01,0.01,75834.7,1776546448000
1776546451.223,151.223,0.49,0.5,0.5,0.51,0.01,0.01,75834.73,1776546449000
1776546451.608,151.608,0.49,0.5,0.5,0.51,0.01,0.01,75834.72,1776546450000
1776546452.345,152.345,0.49,0.5,0.5,0.51,0.01,0.01,75834.72,1776546450000
1776546452.728,152.728,0.49,0.5,0.5,0.51,0.01,0.01,75834.7,1776546451000
1776546453.185,153.185,0.48,0.49,0.51,0.52,0.01,0.01,75834.67,1776546452000
1776546453.523,153.523,0.48,0.49,0.51,0.52,0.01,0.01,75834.67,1776546452000
1776546454.299,154.299,0.48,0.49,0.51,0.52,0.01,0.01,75834.68,1776546453000
1776546454.816,154.816,0.48,0.49,0.51,0.52,0.01,0.01,75834.68,1776546453000
1776546455.541,155.541,0.48,0.49,0.51,0.52,0.01,0.01,75834.68,1776546453000
1776546455.952,155.952,0.48,0.49,0.51,0.52,0.01,0.01,75834.8,1776546454000
1776546456.435,156.435,0.48,0.49,0.51,0.52,0.01,0.01,75834.8,1776546454000
1776546457.021,157.021,0.48,0.49,0.51,0.52,0.01,0.01,75834.73,1776546455000
1776546457.573,157.573,0.48,0.49,0.51,0.52,0.01,0.01,75834.73,1776546456000
1776546457.956,157.956,0.48,0.49,0.51,0.52,0.01,0.01,75834.73,1776546456000
1776546458.456,158.456,0.48,0.49,0.51,0.52,0.01,0.01,75834.73,1776546456000
1776546458.813,158.813,0.48,0.49,0.51,0.52,0.01,0.01,75834.68,1776546457000
1776546459.177,159.177,0.48,0.49,0.51,0.52,0.01,0.01,75834.69,1776546458000
1776546459.766,159.766,0.48,0.49,0.51,0.52,0.01,0.01,75834.69,1776546458000
1776546460.231,160.231,0.48,0.49,0.51,0.52,0.01,0.01,75834.69,1776546458000
1776546460.951,160.951,0.48,0.49,0.51,0.52,0.01,0.01,75834.66,1776546459000
1776546461.924,161.924,0.48,0.49,0.51,0.52,0.01,0.01,75834.71,1776546460000
1776546462.569,162.569,0.48,0.49,0.51,0.52,0.01,0.01,75834.71,1776546460000
1776546462.959,162.959,0.48,0.49,0.51,0.52,0.01,0.01,75834.68,1776546461000
1776546463.352,163.352,0.48,0.49,0.51,0.52,0.01,0.01,75834.68,1776546461000
1776546463.741,163.741,0.48,0.49,0.51,0.52,0.01,0.01,75834.68,1776546461000
1776546464.259,164.259,0.48,0.49,0.51,0.52,0.01,0.01,75834.65,1776546462000
1776546465.017,165.017,0.48,0.49,0.51,0.52,0.01,0.01,75834.66,1776546463000
1776546465.881,165.881,0.48,0.49,0.51,0.52,0.01,0.01,75834.66,1776546464000
1776546466.308,166.308,0.48,0.49,0.51,0.52,0.01,0.01,75834.66,1776546464000
1776546466.659,166.659,0.48,0.49,0.51,0.52,0.01,0.01,75834.67,1776546465000
1776546467.37,167.37,0.48,0.49,0.51,0.52,0.01,0.01,75834.67,1776546466000
1776546468.101,168.101,0.48,0.49,0.51,0.52,0.01,0.01,75831.93,1776546467000
1776546469.328,169.328,0.48,0.49,0.51,0.52,0.01,0.01,75831.93,1776546467000
1776546469.825,169.825,0.48,0.49,0.51,0.52,0.01,0.01,75834.69,1776546468000
1776546470.169,170.169,0.48,0.49,0.51,0.52,0.01,0.01,75834.69,1776546468000
1776546470.817,170.817,0.48,0.49,0.51,0.52,0.01,0.01,75834.69,1776546469000
1776546471.167,171.167,0.48,0.49,0.51,0.52,0.01,0.01,75834.69,1776546469000
1776546471.566,171.566,0.48,0.49,0.51,0.52,0.01,0.01,75834.68,1776546470000
1776546472.348,172.348,0.48,0.49,0.51,0.52,0.01,0.01,75834.68,1776546470000
1776546472.752,172.752,0.48,0.49,0.51,0.52,0.01,0.01,75834.68,1776546471000
1776546473.232,173.232,0.48,0.49,0.51,0.52,0.01,0.01,75834.68,1776546471000
1776546473.674,173.674,0.48,0.49,0.51,0.52,0.01,0.01,75834.65,1776546472000
1776546474.192,174.192,0.48,0.49,0.51,0.52,0.01,0.01,75834.68,1776546473000
1776546474.535,174.535,0.48,0.49,0.51,0.52,0.01,0.01,75834.68,1776546473000
1776546475.347,175.347,0.48,0.49,0.51,0.52,0.01,0.01,75834.68,1776546473000
1776546475.898,175.898,0.48,0.49,0.51,0.52,0.01,0.01,75834.91,1776546474000
1776546476.381,176.381,0.48,0.49,0.51,0.52,0.01,0.01,75834.91,1776546474000
1776546476.744,176.744,0.48,0.49,0.51,0.52,0.01,0.01,75834.92,1776546475000
1776546477.215,177.215,0.48,0.49,0.51,0.52,0.01,0.01,75834.92,1776546475000
1776546477.566,177.566,0.48,0.49,0.51,0.52,0.01,0.01,75834.92,1776546475000
1776546478.393,178.393,0.48,0.49,0.51,0.52,0.01,0.01,75834.91,1776546476000
1776546478.733,178.733,0.48,0.49,0.51,0.52,0.01,0.01,75834.87,1776546477000
1776546479.229,179.229,0.48,0.49,0.51,0.52,0.01,0.01,75834.87,1776546478000
1776546479.672,179.672,0.48,0.49,0.51,0.52,0.01,0.01,75834.87,1776546478000
1776546480.059,180.059,0.48,0.49,0.51,0.52,0.01,0.01,75834.87,1776546478000
1776546480.478,180.478,0.48,0.49,0.51,0.52,0.01,0.01,75834.87,1776546478000
1776546480.811,180.811,0.48,0.49,0.51,0.52,0.01,0.01,75834.88,1776546479000
1776546481.188,181.188,0.51,0.52,0.49,0.52,0.01,0.03,75834.88,1776546479000
1776546481.522,181.522,0.53,0.55,0.45,0.47,0.02,0.02,75834.88,1776546479000
1776546481.898,181.898,0.54,0.55,0.45,0.46,0.01,0.01,75834.88,1776546479000
1776546482.245,182.245,0.54,0.55,0.45,0.46,0.01,0.01,75834.88,1776546479000
1776546482.622,182.622,0.6,0.61,0.38,0.4,0.01,0.02,75834.88,1776546479000
1776546482.975,182.975,0.6,0.61,0.39,0.4,0.01,0.01,75834.88,1776546479000
1776546483.522,183.522,0.6,0.61,0.39,0.4,0.01,0.01,75834.88,1776546479000
1776546483.915,183.915,0.61,0.62,0.37,0.4,0.01,0.03,75834.88,1776546479000
1776546484.283,184.283,0.62,0.63,0.37,0.39,0.01,0.02,75834.88,1776546479000
1776546484.67,184.67,0.63,0.64,0.36,0.37,0.01,0.01,75834.88,1776546479000
1776546485.368,185.368,0.63,0.64,0.36,0.37,0.01,0.01,75834.88,1776546479000
1776546486.055,186.055,0.63,0.64,0.36,0.37,0.01,0.01,75834.88,1776546479000
1776546486.519,186.519,0.63,0.64,0.35,0.37,0.01,0.02,75834.88,1776546479000
1776546487.774,187.774,0.63,0.64,0.36,0.37,0.01,0.01,75834.88,1776546479000
1776546488.173,188.173,0.63,0.64,0.36,0.37,0.01,0.01,75834.88,1776546479000
1776546488.607,188.607,0.63,0.64,0.36,0.37,0.01,0.01,75834.88,1776546479000
1776546489.154,189.154,0.63,0.64,0.36,0.37,0.01,0.01,75843.16,1776546488000
1776546489.599,189.599,0.63,0.64,0.36,0.37,0.01,0.01,75843.16,1776546488000
1776546489.971,189.971,0.63,0.64,0.36,0.37,0.01,0.01,75843.16,1776546488000
1776546490.48,190.48,0.63,0.65,0.36,0.37,0.02,0.01,75843.16,1776546489000
1776546490.947,190.947,0.63,0.64,0.36,0.37,0.01,0.01,75843.16,1776546489000
1776546491.535,191.535,0.63,0.64,0.36,0.37,0.01,0.01,75843.15,1776546490000
1776546491.949,191.949,0.63,0.64,0.36,0.37,0.01,0.01,75843.15,1776546490000
1776546492.511,192.511,0.63,0.64,0.36,0.37,0.01,0.01,75843.22,1776546491000
1776546492.937,192.937,0.63,0.64,0.36,0.37,0.01,0.01,75843.16,1776546492000
1776546494.026,194.026,0.63,0.64,0.36,0.37,0.01,0.01,75843.16,1776546492000
1776546494.994,194.994,0.63,0.64,0.36,0.37,0.01,0.01,75843.14,1776546493000
1776546495.358,195.358,0.63,0.64,0.36,0.37,0.01,0.01,75843.14,1776546494000
1776546496.027,196.027,0.61,0.64,0.36,0.37,0.03,0.01,75843.14,1776546494000
1776546496.434,196.434,0.63,0.64,0.36,0.37,0.01,0.01,75843.12,1776546495000
1776546496.945,196.945,0.63,0.64,0.36,0.37,0.01,0.01,75843.12,1776546495000
1776546497.332,197.332,0.63,0.64,0.36,0.37,0.01,0.01,75843.12,1776546495000
1776546497.771,197.771,0.63,0.64,0.36,0.37,0.01,0.01,75843.08,1776546496000
1776546498.169,198.169,0.63,0.64,0.36,0.37,0.01,0.01,75843.08,1776546497000
1776546498.538,198.538,0.63,0.64,0.36,0.37,0.01,0.01,75843.08,1776546497000
1776546499.061,199.061,0.63,0.64,0.36,0.37,0.01,0.01,75842.83,1776546498000
1776546499.501,199.501,0.63,0.64,0.36,0.37,0.01,0.01,75842.83,1776546498000
1776546499.847,199.847,0.63,0.64,0.36,0.37,0.01,0.01,75842.83,1776546498000
1776546500.383,200.383,0.63,0.64,0.36,0.37,0.01,0.01,75842.73,1776546499000
1776546500.725,200.725,0.63,0.64,0.36,0.37,0.01,0.01,75842.73,1776546499000
1776546501.38,201.38,0.63,0.64,0.36,0.37,0.01,0.01,75842.74,1776546500000
1776546501.912,201.912,0.63,0.64,0.36,0.37,0.01,0.01,75842.74,1776546500000
1776546502.351,202.351,0.63,0.64,0.36,0.37,0.01,0.01,75842.74,1776546501000
1776546503.012,203.012,0.63,0.64,0.36,0.37,0.01,0.01,75842.61,1776546502000
1776546503.637,203.637,0.63,0.64,0.36,0.37,0.01,0.01,75842.61,1776546502000
1776546503.984,203.984,0.63,0.64,0.36,0.37,0.01,0.01,75842.61,1776546502000
1776546504.347,204.347,0.62,0.64,0.36,0.37,0.02,0.01,75842.66,1776546503000
1776546505.082,205.082,0.58,0.59,0.41,0.45,0.01,0.04,75842.66,1776546503000
1776546505.441,205.441,0.57,0.61,0.41,0.42,0.04,0.01,75842.67,1776546504000
1776546505.78,205.78,0.55,0.58,0.43,0.45,0.03,0.02,75842.67,1776546504000
1776546506.495,206.495,0.55,0.57,0.42,0.45,0.02,0.03,75842.67,1776546504000
1776546506.848,206.848,0.55,0.57,0.43,0.46,0.02,0.03,75842.67,1776546504000
1776546507.456,207.456,0.54,0.56,0.43,0.46,0.02,0.03,75839.53,1776546505000
1776546508.406,208.406,0.52,0.56,0.44,0.48,0.04,0.04,75838.86,1776546507000
1776546508.955,208.955,0.53,0.54,0.44,0.47,0.01,0.03,75838.86,1776546507000
1776546509.399,209.399,0.53,0.54,0.46,0.47,0.01,0.01,75838.86,1776546507000
1776546509.734,209.734,0.53,0.54,0.46,0.47,0.01,0.01,75838.65,1776546508000
1776546510.196,210.196,0.53,0.54,0.46,0.47,0.01,0.01,75838.65,1776546509000
1776546510.681,210.681,0.53,0.54,0.44,0.47,0.01,0.03,75838.65,1776546509000
1776546511.142,211.142,0.53,0.54,0.46,0.47,0.01,0.01,75838.65,1776546509000
1776546511.523,211.523,0.53,0.54,0.46,0.47,0.01,0.01,75838.66,1776546510000
1776546511.931,211.931,0.53,0.54,0.46,0.47,0.01,0.01,75838.66,1776546510000
1776546512.606,212.606,0.53,0.54,0.46,0.47,0.01,0.01,75838.67,1776546511000
1776546513.072,213.072,0.53,0.54,0.46,0.47,0.01,0.01,75838.67,1776546511000
1776546514.431,214.431,0.53,0.54,0.46,0.47,0.01,0.01,75838.65,1776546513000
1776546514.99,214.99,0.53,0.54,0.46,0.47,0.01,0.01,75838.63,1776546514000
1776546515.733,215.733,0.53,0.54,0.46,0.47,0.01,0.01,75838.63,1776546514000
1776546516.14,216.14,0.53,0.54,0.46,0.47,0.01,0.01,75838.63,1776546514000
1776546516.772,216.772,0.53,0.54,0.46,0.47,0.01,0.01,75838.63,1776546515000
1776546517.202,217.202,0.52,0.53,0.46,0.48,0.01,0.02,75838.63,1776546515000
1776546517.585,217.585,0.52,0.53,0.47,0.48,0.01,0.01,75838.63,1776546515000
1776546518.015,218.015,0.51,0.52,0.47,0.49,0.01,0.02,75838.64,1776546516000
1776546518.353,218.353,0.51,0.52,0.48,0.49,0.01,0.01,75838.67,1776546517000
1776546518.864,218.864,0.51,0.52,0.44,0.49,0.01,0.05,75838.67,1776546517000
1776546519.338,219.338,0.51,0.52,0.48,0.49,0.01,0.01,75836.67,1776546518000
1776546519.797,219.797,0.51,0.52,0.48,0.49,0.01,0.01,75836.67,1776546518000
1776546520.527,220.527,0.51,0.52,0.48,0.49,0.01,0.01,75835.82,1776546519000
1776546521.024,221.024,0.51,0.52,0.48,0.49,0.01,0.01,75835.82,1776546519000
1776546521.371,221.371,0.51,0.52,0.48,0.49,0.01,0.01,75835.82,1776546520000
1776546521.77,221.77,0.51,0.52,0.48,0.49,0.01,0.01,75835.82,1776546520000
1776546522.348,222.348,0.51,0.52,0.48,0.49,0.01,0.01,75835.82,1776546520000
1776546522.789,222.789,0.51,0.52,0.48,0.49,0.01,0.01,75835.76,1776546521000
1776546523.429,223.429,0.51,0.52,0.48,0.49,0.01,0.01,75835.76,1776546522000
1776546524.109,224.109,0.51,0.52,0.48,0.49,0.01,0.01,75835.77,1776546523000
1776546524.675,224.675,0.51,0.52,0.48,0.49,0.01,0.01,75835.77,1776546523000
1776546525.212,225.212,0.51,0.52,0.48,0.49,0.01,0.01,75835.77,1776546524000
1776546525.649,225.649,0.51,0.52,0.48,0.49,0.01,0.01,75835.77,1776546524000
1776546526.039,226.039,0.51,0.52,0.48,0.49,0.01,0.01,75835.77,1776546524000
1776546526.563,226.563,0.51,0.52,0.48,0.49,0.01,0.01,75835.8,1776546525000
1776546527.014,227.014,0.51,0.52,0.48,0.49,0.01,0.01,75835.82,1776546526000
1776546527.598,227.598,0.51,0.52,0.48,0.49,0.01,0.01,75835.82,1776546526000
1776546527.959,227.959,0.52,0.53,0.47,0.49,0.01,0.02,75835.82,1776546526000
1776546528.293,228.293,0.52,0.54,0.47,0.48,0.02,0.01,75835.82,1776546527000
1776546528.72,228.72,0.53,0.54,0.46,0.48,0.01,0.02,75835.82,1776546527000
1776546529.093,229.093,0.65,0.69,0.31,0.35,0.04,0.04,75835.82,1776546527000
1776546529.542,229.542,0.68,0.7,0.3,0.32,0.02,0.02,75835.83,1776546528000
1776546530.002,230.002,0.69,0.7,0.3,0.31,0.01,0.01,75835.83,1776546528000
1776546530.364,230.364,0.69,0.7,0.3,0.31,0.01,0.01,75835.83,1776546528000
1776546530.77,230.77,0.69,0.7,0.3,0.31,0.01,0.01,75838.0,1776546529000
1776546531.237,231.237,0.69,0.7,0.3,0.31,0.01,0.01,75840.19,1776546530000
1776546531.707,231.707,0.69,0.7,0.3,0.31,0.01,0.01,75840.19,1776546530000
1776546532.237,232.237,0.69,0.7,0.3,0.31,0.01,0.01,75845.76,1776546531000
1776546532.584,232.584,0.69,0.7,0.3,0.31,0.01,0.01,75845.76,1776546531000
1776546532.981,232.981,0.69,0.7,0.3,0.31,0.01,0.01,75845.76,1776546531000
1776546533.349,233.349,0.69,0.7,0.3,0.31,0.01,0.01,75845.76,1776546531000
1776546534.091,234.091,0.7,0.71,0.29,0.3,0.01,0.01,75846.81,1776546532000
1776546534.525,234.525,0.71,0.72,0.28,0.29,0.01,0.01,75846.8,1776546533000
1776546534.927,234.927,0.72,0.75,0.27,0.28,0.03,0.01,75846.8,1776546533000
1776546535.35,235.35,0.74,0.75,0.25,0.26,0.01,0.01,75846.86,1776546534000
1776546535.711,235.711,0.75,0.76,0.24,0.25,0.01,0.01,75846.86,1776546534000
1776546536.311,236.311,0.68,0.76,0.24,0.25,0.08,0.01,75846.86,1776546534000
1776546536.67,236.67,0.75,0.76,0.24,0.25,0.01,0.01,75846.86,1776546534000
1776546537.004,237.004,0.75,0.76,0.24,0.25,0.01,0.01,75846.87,1776546535000
1776546537.37,237.37,0.75,0.76,0.24,0.25,0.01,0.01,75846.87,1776546535000
1776546537.711,237.711,0.76,0.77,0.23,0.24,0.01,0.01,75847.08,1776546536000
1776546538.046,238.046,0.73,0.75,0.25,0.27,0.02,0.02,75847.08,1776546536000
1776546538.38,238.38,0.73,0.74,0.26,0.27,0.01,0.01,75847.01,1776546537000
1776546538.718,238.718,0.69,0.73,0.27,0.28,0.04,0.01,75847.01,1776546537000
1776546539.068,239.068,0.7,0.72,0.28,0.3,0.02,0.02,75847.01,1776546538000
1776546539.414,239.414,0.7,0.71,0.29,0.3,0.01,0.01,75847.01,1776546538000
1776546539.767,239.767,0.68,0.7,0.29,0.32,0.02,0.03,75847.01,1776546538000
1776546540.107,240.107,0.68,0.69,0.31,0.32,0.01,0.01,75847.03,1776546539000
1776546540.527,240.527,0.68,0.69,0.31,0.32,0.01,0.01,75847.03,1776546539000
1776546540.873,240.873,0.68,0.69,0.31,0.32,0.01,0.01,75847.03,1776546539000
1776546541.258,241.258,0.68,0.69,0.31,0.32,0.01,0.01,75847.03,1776546539000
1776546541.884,241.884,0.68,0.69,0.31,0.32,0.01,0.01,75847.04,1776546540000
1776546542.234,242.234,0.67,0.69,0.31,0.33,0.02,0.02,75847.04,1776546540000
1776546542.574,242.574,0.68,0.69,0.31,0.32,0.01,0.01,75847.04,1776546540000
1776546543.141,243.141,0.68,0.69,0.31,0.33,0.01,0.02,75847.05,1776546541000
1776546543.759,243.759,0.67,0.68,0.32,0.33,0.01,0.01,75847.06,1776546542000
1776546544.128,244.128,0.67,0.68,0.32,0.33,0.01,0.01,75847.06,1776546542000
1776546544.581,244.581,0.67,0.68,0.32,0.33,0.01,0.01,75847.13,1776546543000
1776546544.914,244.914,0.67,0.68,0.32,0.33,0.01,0.01,75847.13,1776546543000
1776546545.35,245.35,0.65,0.67,0.33,0.34,0.02,0.01,75847.22,1776546544000
1776546545.705,245.705,0.65,0.66,0.34,0.35,0.01,0.01,75847.22,1776546544000
1776546546.118,246.118,0.66,0.67,0.33,0.35,0.01,0.02,75847.22,1776546544000
1776546546.548,246.548,0.69,0.7,0.32,0.33,0.01,0.01,75847.22,1776546544000
1776546546.907,246.907,0.72,0.73,0.25,0.3,0.01,0.05,75847.3,1776546545000
1776546547.266,247.266,0.74,0.75,0.25,0.26,0.01,0.01,75847.17,1776546546000
1776546547.61,247.61,0.74,0.75,0.25,0.26,0.01,0.01,75847.17,1776546546000
1776546547.965,247.965,0.74,0.75,0.25,0.26,0.01,0.01,75847.17,1776546546000
1776546548.326,248.326,0.74,0.75,0.25,0.26,0.01,0.01,75847.27,1776546547000
1776546548.701,248.701,0.74,0.75,0.25,0.26,0.01,0.01,75847.27,1776546547000
1776546549.249,249.249,0.73,0.74,0.26,0.27,0.01,0.01,75847.27,1776546547000
1776546549.647,249.647,0.73,0.74,0.26,0.27,0.01,0.01,75849.78,1776546548000
1776546550.078,250.078,0.73,0.74,0.26,0.27,0.01,0.01,75849.78,1776546548000
1776546550.414,250.414,0.73,0.74,0.26,0.27,0.01,0.01,75849.78,1776546548000
1776546550.811,250.811,0.73,0.74,0.26,0.27,0.01,0.01,75849.78,1776546548000
1776546551.186,251.186,0.66,0.67,0.33,0.36,0.01,0.03,75850.05,1776546549000
1776546551.525,251.525,0.71,0.72,0.26,0.31,0.01,0.05,75850.06,1776546550000
1776546552.012,252.012,0.71,0.72,0.28,0.29,0.01,0.01,75850.06,1776546550000
1776546552.385,252.385,0.7,0.71,0.28,0.3,0.01,0.02,75850.05,1776546551000
1776546552.78,252.78,0.69,0.7,0.3,0.31,0.01,0.01,75850.05,1776546551000
1776546553.114,253.114,0.69,0.7,0.3,0.31,0.01,0.01,75850.05,1776546551000
1776546553.563,253.563,0.68,0.69,0.31,0.32,0.01,0.01,75850.05,1776546551000
1776546554.121,254.121,0.68,0.69,0.31,0.32,0.01,0.01,75850.07,1776546552000
1776546554.456,254.456,0.66,0.67,0.33,0.34,0.01,0.01,75850.07,1776546552000
1776546554.842,254.842,0.65,0.66,0.34,0.35,0.01,0.01,75850.07,1776546552000
1776546555.238,255.238,0.67,0.69,0.32,0.34,0.02,0.02,75850.27,1776546553000
1776546555.76,255.76,0.68,0.69,0.31,0.32,0.01,0.01,75850.27,1776546553000
1776546556.17,256.17,0.69,0.7,0.3,0.31,0.01,0.01,75850.27,1776546554000
1776546556.542,256.542,0.69,0.7,0.3,0.31,0.01,0.01,75850.27,1776546554000
1776546556.917,256.917,0.69,0.7,0.3,0.31,0.01,0.01,75850.27,1776546554000
1776546557.255,257.255,0.69,0.7,0.3,0.31,0.01,0.01,75850.25,1776546555000
1776546557.593,257.593,0.69,0.7,0.3,0.31,0.01,0.01,75850.25,1776546555000
1776546558.024,258.024,0.69,0.7,0.3,0.31,0.01,0.01,75850.25,1776546556000
1776546558.585,258.585,0.69,0.7,0.3,0.31,0.01,0.01,75850.25,1776546556000
1776546558.959,258.959,0.69,0.7,0.3,0.31,0.01,0.01,75850.25,1776546556000
1776546559.342,259.342,0.69,0.7,0.3,0.32,0.01,0.02,75850.25,1776546557000
1776546559.797,259.797,0.69,0.7,0.3,0.31,0.01,0.01,75850.25,1776546557000
1776546560.428,260.428,0.69,0.7,0.3,0.31,0.01,0.01,75850.25,1776546558000
1776546560.776,260.776,0.67,0.68,0.32,0.33,0.01,0.01,75850.25,1776546559000
1776546561.437,261.437,0.67,0.68,0.32,0.33,0.01,0.01,75850.25,1776546559000
1776546561.809,261.809,0.66,0.67,0.33,0.34,0.01,0.01,75850.25,1776546559000
1776546562.148,262.148,0.66,0.67,0.33,0.34,0.01,0.01,75850.26,1776546560000
1776546562.549,262.549,0.66,0.67,0.33,0.34,0.01,0.01,75850.26,1776546560000
1776546563.017,263.017,0.66,0.67,0.33,0.34,0.01,0.01,75850.26,1776546560000
1776546563.37,263.37,0.66,0.67,0.33,0.34,0.01,0.01,75850.19,1776546561000
1776546563.709,263.709,0.66,0.67,0.33,0.34,0.01,0.01,75850.19,1776546561000
1776546564.059,264.059,0.66,0.67,0.33,0.34,0.01,0.01,75850.19,1776546562000
1776546564.423,264.423,0.66,0.67,0.33,0.34,0.01,0.01,75850.19,1776546562000
1776546564.796,264.796,0.66,0.68,0.32,0.34,0.02,0.02,75850.18,1776546563000
1776546565.534,265.534,0.67,0.68,0.32,0.34,0.01,0.02,75850.18,1776546563000
1776546565.874,265.874,0.7,0.72,0.28,0.3,0.02,0.02,75850.17,1776546564000
1776546566.624,266.624,0.7,0.71,0.29,0.3,0.01,0.01,75850.17,1776546565000
1776546567.015,267.015,0.7,0.71,0.29,0.3,0.01,0.01,75850.17,1776546565000
1776546567.371,267.371,0.7,0.71,0.29,0.3,0.01,0.01,75850.17,1776546565000
1776546567.725,267.725,0.7,0.71,0.29,0.3,0.01,0.01,75850.21,1776546566000
1776546568.258,268.258,0.7,0.71,0.29,0.3,0.01,0.01,75850.21,1776546566000
1776546568.683,268.683,0.71,0.72,0.28,0.29,0.01,0.01,75850.2,1776546567000
1776546569.019,269.019,0.72,0.73,0.27,0.29,0.01,0.02,75850.2,1776546567000
1776546569.395,269.395,0.72,0.73,0.27,0.28,0.01,0.01,75850.21,1776546568000
1776546569.833,269.833,0.72,0.73,0.27,0.28,0.01,0.01,75850.21,1776546568000
1776546570.208,270.208,0.72,0.73,0.27,0.28,0.01,0.01,75850.21,1776546568000
1776546570.638,270.638,0.7,0.74,0.29,0.3,0.04,0.01,75850.21,1776546568000
1776546570.984,270.984,0.71,0.72,0.28,0.29,0.01,0.01,75850.15,1776546569000
1776546571.347,271.347,0.71,0.72,0.28,0.29,0.01,0.01,75850.15,1776546569000
1776546571.729,271.729,0.7,0.71,0.28,0.3,0.01,0.02,75850.03,1776546570000
1776546572.108,272.108,0.67,0.7,0.29,0.31,0.03,0.02,75850.03,1776546570000
1776546572.457,272.457,0.69,0.7,0.3,0.31,0.01,0.01,75850.04,1776546571000
1776546573.174,273.174,0.7,0.71,0.29,0.3,0.01,0.01,75850.04,1776546571000
1776546573.53,273.53,0.7,0.71,0.29,0.31,0.01,0.02,75850.04,1776546572000
1776546573.907,273.907,0.69,0.7,0.3,0.31,0.01,0.01,75850.04,1776546572000
1776546574.394,274.394,0.67,0.68,0.32,0.33,0.01,0.01,75850.04,1776546572000
1776546574.801,274.801,0.67,0.68,0.32,0.33,0.01,0.01,75850.04,1776546573000
1776546575.175,275.175,0.67,0.68,0.32,0.33,0.01,0.01,75850.04,1776546574000
1776546575.516,275.516,0.67,0.68,0.32,0.33,0.01,0.01,75850.04,1776546574000
1776546575.862,275.862,0.67,0.68,0.32,0.33,0.01,0.01,75850.04,1776546574000
1776546576.22,276.22,0.67,0.68,0.32,0.33,0.01,0.01,75850.04,1776546574000
1776546576.685,276.685,0.68,0.69,0.32,0.33,0.01,0.01,75850.06,1776546575000
1776546577.111,277.111,0.69,0.7,0.3,0.31,0.01,0.01,75850.1,1776546576000
1776546577.674,277.674,0.71,0.72,0.28,0.3,0.01,0.02,75850.1,1776546576000
1776546578.088,278.088,0.71,0.72,0.28,0.29,0.01,0.01,75850.1,1776546576000
1776546578.668,278.668,0.71,0.72,0.28,0.29,0.01,0.01,75850.11,1776546577000
1776546579.188,279.188,0.74,0.75,0.23,0.29,0.01,0.06,75850.11,1776546577000
1776546579.611,279.611,0.74,0.79,0.25,0.26,0.05,0.01,75850.11,1776546578000
1776546580.155,280.155,0.77,0.79,0.22,0.24,0.02,0.02,75850.11,1776546578000
1776546580.501,280.501,0.78,0.79,0.21,0.22,0.01,0.01,75850.11,1776546578000
1776546580.959,280.959,0.78,0.79,0.21,0.22,0.01,0.01,75850.19,1776546579000
1776546581.467,281.467,0.78,0.79,0.21,0.22,0.01,0.01,75850.19,1776546579000
1776546581.8,281.8,0.76,0.77,0.22,0.24,0.01,0.02,75850.19,1776546579000
1776546582.173,282.173,0.72,0.8,0.26,0.28,0.08,0.02,75850.19,1776546580000
1776546582.674,282.674,0.77,0.78,0.23,0.24,0.01,0.01,75850.23,1776546581000
1776546583.051,283.051,0.79,0.8,0.2,0.21,0.01,0.01,75850.23,1776546581000
1776546583.444,283.444,0.76,0.77,0.23,0.24,0.01,0.01,75850.16,1776546582000
1776546583.787,283.787,0.76,0.77,0.23,0.24,0.01,0.01,75850.16,1776546582000
1776546584.259,284.259,0.77,0.78,0.2,0.24,0.01,0.04,75850.16,1776546582000
1776546584.621,284.621,0.78,0.8,0.2,0.22,0.02,0.02,75850.16,1776546582000
1776546584.956,284.956,0.77,0.8,0.2,0.22,0.03,0.02,75850.18,1776546583000
1776546585.296,285.296,0.77,0.8,0.2,0.23,0.03,0.03,75850.2,1776546584000
1776546585.65,285.65,0.71,0.74,0.25,0.3,0.03,0.05,75850.2,1776546584000
1776546586.0,286.0,0.73,0.74,0.26,0.28,0.01,0.02,75850.2,1776546584000
1776546586.389,286.389,0.75,0.76,0.23,0.24,0.01,0.01,75850.2,1776546584000
1776546586.733,286.733,0.77,0.8,0.2,0.23,0.03,0.03,75850.2,1776546585000
1776546587.117,287.117,0.81,0.82,0.19,0.2,0.01,0.01,75850.2,1776546585000
1776546587.465,287.465,0.76,0.82,0.18,0.19,0.06,0.01,75850.2,1776546586000
1776546587.889,287.889,0.79,0.82,0.2,0.21,0.03,0.01,75850.2,1776546586000
1776546588.409,288.409,0.8,0.82,0.19,0.2,0.02,0.01,75850.2,1776546586000
1776546588.83,288.83,0.78,0.82,0.21,0.22,0.04,0.01,75850.2,1776546587000
1776546589.246,289.246,0.81,0.82,0.18,0.19,0.01,0.01,75850.2,1776546588000
1776546589.633,289.633,0.82,0.83,0.17,0.19,0.01,0.02,75850.2,1776546588000
1776546590.201,290.201,0.82,0.83,0.17,0.18,0.01,0.01,75850.2,1776546588000
1776546590.54,290.54,0.83,0.84,0.16,0.17,0.01,0.01,75850.2,1776546588000
1776546590.874,290.874,0.84,0.85,0.15,0.16,0.01,0.01,75850.21,1776546589000
1776546591.233,291.233,0.82,0.83,0.15,0.18,0.01,0.03,75850.21,1776546589000
1776546591.631,291.631,0.82,0.86,0.14,0.18,0.04,0.04,75850.21,1776546590000
1776546592.128,292.128,0.85,0.86,0.14,0.15,0.01,0.01,75850.21,1776546590000
1776546592.525,292.525,0.86,0.87,0.13,0.14,0.01,0.01,75850.21,1776546591000
1776546592.917,292.917,0.87,0.89,0.12,0.13,0.02,0.01,75850.21,1776546591000
1776546593.292,293.292,0.89,0.9,0.1,0.12,0.01,0.02,75850.21,1776546591000
1776546593.699,293.699,0.89,0.91,0.1,0.11,0.02,0.01,75850.21,1776546591000
1776546594.035,294.035,0.9,0.91,0.09,0.1,0.01,0.01,75850.21,1776546592000
1776546594.388,294.388,0.91,0.93,0.07,0.09,0.02,0.02,75850.21,1776546593000
1776546594.763,294.763,0.91,0.93,0.07,0.08,0.02,0.01,75850.21,1776546593000
1776546595.1,295.1,0.75,0.86,0.14,0.25,0.11,0.11,75850.21,1776546593000
1776546595.492,295.492,0.79,0.8,0.2,0.21,0.01,0.01,75850.21,1776546594000
1776546596.026,296.026,0.86,0.89,0.11,0.14,0.03,0.03,75850.21,1776546594000
1776546596.374,296.374,0.87,0.88,0.12,0.13,0.01,0.01,75850.22,1776546595000
1776546596.731,296.731,0.9,0.94,0.06,0.11,0.04,0.05,75850.22,1776546595000
1776546597.083,297.083,0.95,0.96,0.04,0.05,0.01,0.01,75850.22,1776546595000
1776546597.455,297.455,0.96,0.97,0.03,0.04,0.01,0.01,75843.77,1776546596000
1776546597.796,297.796,0.97,0.98,0.02,0.03,0.01,0.01,75843.77,1776546596000
1776546598.155,298.155,0.97,0.98,0.02,0.03,0.01,0.01,75843.77,1776546596000
1776546598.492,298.492,0.98,0.99,0.01,0.02,0.01,0.01,75843.77,1776546596000
1776546598.828,298.828,0.99,0.99,0.01,0.01,0.0,0.0,75843.77,1776546597000
1776546599.238,299.238,0.99,0.99,0.01,0.01,0.0,0.0,75843.69,1776546598000
1776546599.601,299.601,0.99,0.99,0.01,0.01,0.0,0.0,75843.69,1776546598000
1776546600.12,300.12,0.99,0.99,0.01,0.01,0.0,0.0,75843.69,1776546598000
1776546600.512,300.512,0.99,0.99,0.01,0.01,0.0,0.0,75843.69,1776546598000
1776546600.898,300.898,0.99,0.99,0.01,0.01,0.0,0.0,75843.81,1776546599000
1776546602.273,302.273,0.99,0.99,0.01,0.01,0.0,0.0,75843.78,1776546601000

# RESULT,winner=Up,slug=btc-updown-5m-1776546300,ticks=654
