timestamp,elapsed_sec,up_bid,up_ask,down_bid,down_ask,up_spread,down_spread,btc_price,btc_oracle_ts
1777312200.516,0.516,0.46,0.47,0.53,0.54,0.01,0.01,76808.5,1777312199000
1777312200.973,0.973,0.46,0.47,0.53,0.54,0.01,0.01,76808.5,1777312199000
1777312201.376,1.376,0.45,0.47,0.53,0.54,0.02,0.01,76808.28,1777312200000
1777312201.795,1.795,0.45,0.46,0.54,0.55,0.01,0.01,76808.28,1777312200000
1777312202.133,2.133,0.46,0.48,0.53,0.55,0.02,0.02,76808.28,1777312200000
1777312202.526,2.526,0.46,0.48,0.53,0.54,0.02,0.01,76808.44,1777312201000
1777312202.905,2.905,0.47,0.48,0.52,0.53,0.01,0.01,76808.44,1777312201000
1777312203.341,3.341,0.47,0.48,0.52,0.53,0.01,0.01,76808.26,1777312202000
1777312203.808,3.808,0.47,0.48,0.52,0.53,0.01,0.01,76808.26,1777312202000
1777312204.188,4.188,0.47,0.48,0.52,0.53,0.01,0.01,76806.67,1777312203000
1777312205.031,5.031,0.46,0.48,0.52,0.53,0.02,0.01,76806.67,1777312203000
1777312205.435,5.435,0.42,0.43,0.56,0.59,0.01,0.03,76807.82,1777312204000
1777312205.82,5.82,0.41,0.42,0.58,0.59,0.01,0.01,76807.82,1777312204000
1777312206.278,6.278,0.4,0.41,0.59,0.6,0.01,0.01,76807.82,1777312204000
1777312206.712,6.712,0.4,0.41,0.59,0.6,0.01,0.01,76807.1,1777312205000
1777312207.07,7.07,0.4,0.41,0.59,0.6,0.01,0.01,76803.5,1777312206000
1777312207.863,7.863,0.4,0.41,0.59,0.6,0.01,0.01,76803.5,1777312206000
1777312208.39,8.39,0.4,0.41,0.59,0.6,0.01,0.01,76797.99,1777312207000
1777312208.956,8.956,0.4,0.41,0.59,0.6,0.01,0.01,76797.11,1777312208000
1777312209.421,9.421,0.42,0.43,0.57,0.6,0.01,0.03,76797.11,1777312208000
1777312209.775,9.775,0.42,0.43,0.57,0.58,0.01,0.01,76797.11,1777312208000
1777312210.176,10.176,0.41,0.42,0.57,0.59,0.01,0.02,76796.83,1777312209000
1777312210.836,10.836,0.41,0.42,0.58,0.59,0.01,0.01,76796.83,1777312209000
1777312211.288,11.288,0.41,0.42,0.58,0.59,0.01,0.01,76796.74,1777312210000
1777312211.634,11.634,0.4,0.42,0.58,0.59,0.02,0.01,76796.74,1777312210000
1777312211.968,11.968,0.4,0.41,0.59,0.6,0.01,0.01,76796.19,1777312211000
1777312212.362,12.362,0.38,0.41,0.59,0.6,0.03,0.01,76796.19,1777312211000
1777312212.705,12.705,0.38,0.39,0.61,0.62,0.01,0.01,76796.19,1777312211000
1777312213.488,13.488,0.38,0.39,0.61,0.62,0.01,0.01,76795.68,1777312212000
1777312213.941,13.941,0.38,0.39,0.61,0.62,0.01,0.01,76795.68,1777312212000
1777312214.687,14.687,0.38,0.39,0.61,0.62,0.01,0.01,76795.5,1777312213000
1777312215.076,15.076,0.38,0.39,0.61,0.62,0.01,0.01,76792.84,1777312214000
1777312215.575,15.575,0.38,0.39,0.61,0.62,0.01,0.01,76792.84,1777312214000
1777312216.083,16.083,0.38,0.39,0.61,0.62,0.01,0.01,76792.84,1777312215000
1777312217.133,17.133,0.38,0.39,0.61,0.62,0.01,0.01,76794.35,1777312216000
1777312218.019,18.019,0.38,0.41,0.61,0.62,0.03,0.01,76794.35,1777312216000
1777312218.355,18.355,0.42,0.44,0.56,0.59,0.02,0.03,76794.93,1777312217000
1777312218.689,18.689,0.46,0.5,0.51,0.54,0.04,0.03,76794.93,1777312217000
1777312219.044,19.044,0.48,0.5,0.51,0.52,0.02,0.01,76794.93,1777312217000
1777312219.552,19.552,0.48,0.49,0.51,0.52,0.01,0.01,76797.23,1777312218000
1777312219.948,19.948,0.48,0.49,0.51,0.52,0.01,0.01,76797.23,1777312218000
1777312220.729,20.729,0.48,0.49,0.51,0.52,0.01,0.01,76804.33,1777312219000
1777312221.089,21.089,0.47,0.49,0.51,0.53,0.02,0.02,76804.88,1777312220000
1777312221.427,21.427,0.43,0.44,0.56,0.57,0.01,0.01,76804.88,1777312220000
1777312221.835,21.835,0.42,0.43,0.57,0.58,0.01,0.01,76804.88,1777312220000
1777312222.223,22.223,0.4,0.41,0.58,0.6,0.01,0.02,76805.03,1777312221000
1777312222.609,22.609,0.39,0.4,0.6,0.61,0.01,0.01,76805.03,1777312221000
1777312222.95,22.95,0.39,0.4,0.6,0.61,0.01,0.01,76805.03,1777312221000
1777312223.523,23.523,0.39,0.4,0.6,0.61,0.01,0.01,76797.38,1777312222000
1777312224.008,24.008,0.38,0.39,0.6,0.62,0.01,0.02,76797.38,1777312222000
1777312224.373,24.373,0.37,0.38,0.62,0.63,0.01,0.01,76791.24,1777312223000
1777312224.76,24.76,0.37,0.38,0.62,0.63,0.01,0.01,76791.24,1777312223000
1777312225.108,25.108,0.37,0.38,0.62,0.63,0.01,0.01,76788.55,1777312224000
1777312225.475,25.475,0.36,0.37,0.63,0.64,0.01,0.01,76788.55,1777312224000
1777312225.915,25.915,0.36,0.37,0.63,0.64,0.01,0.01,76788.55,1777312224000
1777312226.505,26.505,0.36,0.37,0.63,0.64,0.01,0.01,76788.55,1777312224000
1777312226.86,26.86,0.36,0.37,0.63,0.64,0.01,0.01,76788.55,1777312224000
1777312227.454,27.454,0.36,0.37,0.63,0.64,0.01,0.01,76785.84,1777312226000
1777312227.84,27.84,0.36,0.37,0.63,0.64,0.01,0.01,76785.84,1777312226000
1777312228.235,28.235,0.36,0.37,0.63,0.64,0.01,0.01,76785.87,1777312227000
1777312228.786,28.786,0.36,0.37,0.63,0.64,0.01,0.01,76785.87,1777312227000
1777312229.199,29.199,0.36,0.37,0.63,0.64,0.01,0.01,76785.86,1777312228000
1777312229.787,29.787,0.36,0.37,0.63,0.64,0.01,0.01,76785.86,1777312228000
1777312230.132,30.132,0.36,0.37,0.63,0.64,0.01,0.01,76785.86,1777312228000
1777312230.512,30.512,0.36,0.38,0.63,0.64,0.02,0.01,76786.54,1777312229000
1777312230.97,30.97,0.37,0.38,0.62,0.63,0.01,0.01,76786.54,1777312229000
1777312231.351,31.351,0.37,0.38,0.62,0.63,0.01,0.01,76786.21,1777312230000
1777312231.75,31.75,0.37,0.38,0.62,0.63,0.01,0.01,76786.21,1777312230000
1777312232.131,32.131,0.37,0.38,0.62,0.63,0.01,0.01,76786.21,1777312230000
1777312232.703,32.703,0.37,0.38,0.62,0.63,0.01,0.01,76786.39,1777312231000
1777312233.365,33.365,0.37,0.38,0.62,0.63,0.01,0.01,76786.57,1777312232000
1777312233.753,33.753,0.37,0.38,0.62,0.63,0.01,0.01,76786.57,1777312232000
1777312234.209,34.209,0.37,0.38,0.62,0.63,0.01,0.01,76786.57,1777312232000
1777312234.579,34.579,0.37,0.39,0.62,0.63,0.02,0.01,76787.1,1777312233000
1777312235.181,35.181,0.38,0.39,0.61,0.62,0.01,0.01,76787.1,1777312233000
1777312235.52,35.52,0.39,0.41,0.58,0.62,0.02,0.04,76786.99,1777312234000
1777312235.995,35.995,0.4,0.41,0.59,0.6,0.01,0.01,76787.05,1777312235000
1777312236.408,36.408,0.4,0.41,0.59,0.6,0.01,0.01,76787.05,1777312235000
1777312236.854,36.854,0.4,0.42,0.59,0.6,0.02,0.01,76787.05,1777312235000
1777312237.329,37.329,0.4,0.42,0.59,0.6,0.02,0.01,76787.38,1777312236000
1777312237.701,37.701,0.41,0.42,0.58,0.59,0.01,0.01,76787.38,1777312236000
1777312238.088,38.088,0.39,0.4,0.59,0.61,0.01,0.02,76787.38,1777312236000
1777312238.44,38.44,0.39,0.4,0.6,0.61,0.01,0.01,76787.57,1777312237000
1777312238.774,38.774,0.39,0.4,0.6,0.61,0.01,0.01,76787.57,1777312237000
1777312239.245,39.245,0.39,0.4,0.6,0.61,0.01,0.01,76789.94,1777312238000
1777312239.624,39.624,0.39,0.4,0.6,0.61,0.01,0.01,76789.94,1777312238000
1777312240.187,40.187,0.38,0.39,0.6,0.62,0.01,0.02,76789.94,1777312238000
1777312241.01,41.01,0.38,0.39,0.61,0.62,0.01,0.01,76787.69,1777312239000
1777312241.41,41.41,0.38,0.39,0.61,0.62,0.01,0.01,76788.16,1777312240000
1777312241.988,41.988,0.38,0.39,0.61,0.62,0.01,0.01,76788.16,1777312241000
1777312242.522,42.522,0.38,0.39,0.61,0.62,0.01,0.01,76788.16,1777312241000
1777312242.917,42.917,0.38,0.39,0.61,0.62,0.01,0.01,76787.57,1777312242000
1777312243.278,43.278,0.38,0.39,0.61,0.62,0.01,0.01,76787.57,1777312242000
1777312243.714,43.714,0.38,0.39,0.61,0.62,0.01,0.01,76787.57,1777312242000
1777312244.163,44.163,0.38,0.39,0.61,0.62,0.01,0.01,76787.98,1777312243000
1777312244.505,44.505,0.38,0.39,0.61,0.62,0.01,0.01,76787.98,1777312243000
1777312244.893,44.893,0.38,0.39,0.61,0.62,0.01,0.01,76787.98,1777312243000
1777312245.919,45.919,0.38,0.39,0.61,0.62,0.01,0.01,76788.04,1777312244000
1777312246.29,46.29,0.37,0.38,0.62,0.64,0.01,0.02,76788.14,1777312245000
1777312246.72,46.72,0.36,0.37,0.62,0.63,0.01,0.01,76788.14,1777312245000
1777312247.295,47.295,0.36,0.37,0.63,0.64,0.01,0.01,76788.14,1777312246000
1777312247.816,47.816,0.36,0.37,0.63,0.64,0.01,0.01,76788.14,1777312246000
1777312248.159,48.159,0.35,0.37,0.63,0.64,0.02,0.01,76788.14,1777312246000
1777312248.508,48.508,0.35,0.36,0.64,0.65,0.01,0.01,76786.4,1777312247000
1777312248.913,48.913,0.35,0.36,0.64,0.65,0.01,0.01,76786.4,1777312247000
1777312249.412,49.412,0.35,0.36,0.64,0.65,0.01,0.01,76786.36,1777312248000
1777312249.913,49.913,0.35,0.36,0.64,0.65,0.01,0.01,76786.36,1777312249000
1777312250.416,50.416,0.35,0.36,0.64,0.65,0.01,0.01,76786.36,1777312249000
1777312250.974,50.974,0.35,0.36,0.64,0.65,0.01,0.01,76786.24,1777312250000
1777312251.36,51.36,0.35,0.36,0.64,0.65,0.01,0.01,76786.24,1777312250000
1777312252.027,52.027,0.35,0.36,0.64,0.65,0.01,0.01,76787.37,1777312251000
1777312252.399,52.399,0.33,0.36,0.64,0.65,0.03,0.01,76787.37,1777312251000
1777312252.889,52.889,0.3,0.31,0.69,0.7,0.01,0.01,76787.37,1777312251000
1777312253.331,53.331,0.3,0.31,0.69,0.7,0.01,0.01,76787.14,1777312252000
1777312253.705,53.705,0.3,0.31,0.69,0.7,0.01,0.01,76787.14,1777312252000
1777312254.086,54.086,0.3,0.31,0.69,0.7,0.01,0.01,76784.87,1777312253000
1777312254.724,54.724,0.3,0.31,0.69,0.7,0.01,0.01,76784.87,1777312253000
1777312255.077,55.077,0.3,0.31,0.69,0.7,0.01,0.01,76784.87,1777312253000
1777312255.491,55.491,0.3,0.31,0.69,0.7,0.01,0.01,76782.1,1777312254000
1777312255.846,55.846,0.3,0.31,0.69,0.7,0.01,0.01,76782.1,1777312254000
1777312256.214,56.214,0.27,0.28,0.72,0.73,0.01,0.01,76776.95,1777312255000
1777312256.595,56.595,0.27,0.28,0.72,0.73,0.01,0.01,76776.95,1777312255000
1777312256.942,56.942,0.27,0.28,0.72,0.73,0.01,0.01,76776.95,1777312255000
1777312257.558,57.558,0.27,0.28,0.72,0.73,0.01,0.01,76774.84,1777312256000
1777312257.945,57.945,0.27,0.28,0.72,0.73,0.01,0.01,76774.84,1777312256000
1777312258.607,58.607,0.27,0.28,0.72,0.73,0.01,0.01,76772.35,1777312257000
1777312259.154,59.154,0.27,0.28,0.72,0.73,0.01,0.01,76772.35,1777312257000
1777312259.614,59.614,0.27,0.28,0.72,0.73,0.01,0.01,76770.4,1777312258000
1777312260.169,60.169,0.26,0.27,0.72,0.74,0.01,0.02,76770.4,1777312258000
1777312260.528,60.528,0.26,0.27,0.73,0.74,0.01,0.01,76769.23,1777312259000
1777312260.957,60.957,0.25,0.27,0.73,0.74,0.02,0.01,76769.23,1777312259000
1777312261.391,61.391,0.25,0.26,0.74,0.75,0.01,0.01,76769.23,1777312259000
1777312261.81,61.81,0.25,0.26,0.74,0.75,0.01,0.01,76769.23,1777312259000
1777312262.205,62.205,0.25,0.26,0.74,0.75,0.01,0.01,76767.95,1777312260000
1777312262.565,62.565,0.25,0.26,0.74,0.75,0.01,0.01,76767.95,1777312260000
1777312262.959,62.959,0.25,0.26,0.74,0.75,0.01,0.01,76767.95,1777312260000
1777312263.327,63.327,0.25,0.26,0.74,0.75,0.01,0.01,76767.95,1777312260000
1777312263.663,63.663,0.25,0.26,0.74,0.75,0.01,0.01,76765.5,1777312261000
1777312264.121,64.121,0.25,0.26,0.74,0.75,0.01,0.01,76765.5,1777312261000
1777312264.561,64.561,0.25,0.26,0.74,0.75,0.01,0.01,76765.07,1777312262000
1777312264.921,64.921,0.25,0.26,0.74,0.75,0.01,0.01,76765.07,1777312262000
1777312265.269,65.269,0.25,0.26,0.74,0.75,0.01,0.01,76765.07,1777312262000
1777312265.633,65.633,0.25,0.27,0.74,0.75,0.02,0.01,76764.73,1777312263000
1777312266.048,66.048,0.28,0.29,0.71,0.75,0.01,0.04,76764.73,1777312263000
1777312266.483,66.483,0.28,0.29,0.71,0.72,0.01,0.01,76760.69,1777312264000
1777312266.834,66.834,0.28,0.29,0.71,0.72,0.01,0.01,76760.69,1777312264000
1777312267.195,67.195,0.28,0.29,0.71,0.72,0.01,0.01,76760.69,1777312264000
1777312267.777,67.777,0.3,0.31,0.7,0.72,0.01,0.02,76764.81,1777312265000
1777312268.131,68.131,0.32,0.34,0.67,0.68,0.02,0.01,76764.81,1777312265000
1777312268.567,68.567,0.33,0.34,0.66,0.67,0.01,0.01,76771.82,1777312267000
1777312269.125,69.125,0.33,0.34,0.66,0.67,0.01,0.01,76771.82,1777312267000
1777312269.654,69.654,0.33,0.34,0.66,0.67,0.01,0.01,76774.83,1777312268000
1777312270.053,70.053,0.33,0.34,0.66,0.67,0.01,0.01,76774.83,1777312268000
1777312270.42,70.42,0.34,0.35,0.65,0.66,0.01,0.01,76776.71,1777312269000
1777312270.799,70.799,0.34,0.35,0.65,0.66,0.01,0.01,76776.71,1777312269000
1777312271.2,71.2,0.34,0.35,0.65,0.66,0.01,0.01,76776.71,1777312269000
1777312271.616,71.616,0.36,0.37,0.63,0.64,0.01,0.01,76777.11,1777312270000
1777312271.973,71.973,0.36,0.37,0.63,0.64,0.01,0.01,76777.11,1777312270000
1777312272.358,72.358,0.36,0.37,0.63,0.64,0.01,0.01,76780.18,1777312271000
1777312272.769,72.769,0.36,0.37,0.63,0.64,0.01,0.01,76780.18,1777312271000
1777312273.118,73.118,0.36,0.37,0.63,0.64,0.01,0.01,76780.18,1777312271000
1777312273.542,73.542,0.36,0.37,0.63,0.64,0.01,0.01,76781.92,1777312272000
1777312273.978,73.978,0.36,0.37,0.63,0.64,0.01,0.01,76781.92,1777312272000
1777312274.362,74.362,0.36,0.37,0.63,0.64,0.01,0.01,76781.92,1777312272000
1777312274.697,74.697,0.36,0.37,0.63,0.64,0.01,0.01,76782.87,1777312273000
1777312275.036,75.036,0.36,0.37,0.63,0.64,0.01,0.01,76782.87,1777312273000
1777312275.399,75.399,0.36,0.37,0.63,0.64,0.01,0.01,76782.87,1777312273000
1777312275.733,75.733,0.36,0.37,0.63,0.64,0.01,0.01,76782.74,1777312274000
1777312276.343,76.343,0.36,0.37,0.63,0.64,0.01,0.01,76782.74,1777312274000
1777312276.698,76.698,0.36,0.37,0.63,0.64,0.01,0.01,76781.97,1777312275000
1777312277.031,77.031,0.38,0.39,0.61,0.62,0.01,0.01,76781.97,1777312275000
1777312277.393,77.393,0.38,0.39,0.61,0.62,0.01,0.01,76781.97,1777312275000
1777312277.739,77.739,0.38,0.39,0.61,0.62,0.01,0.01,76780.24,1777312276000
1777312278.248,78.248,0.38,0.39,0.61,0.62,0.01,0.01,76780.24,1777312276000
1777312278.827,78.827,0.38,0.39,0.61,0.62,0.01,0.01,76780.24,1777312277000
1777312279.185,79.185,0.38,0.39,0.61,0.62,0.01,0.01,76780.24,1777312277000
1777312279.65,79.65,0.38,0.39,0.61,0.62,0.01,0.01,76780.24,1777312277000
1777312279.988,79.988,0.38,0.39,0.61,0.62,0.01,0.01,76780.27,1777312278000
1777312280.327,80.327,0.38,0.4,0.61,0.62,0.02,0.01,76780.27,1777312278000
1777312280.671,80.671,0.44,0.45,0.55,0.56,0.01,0.01,76780.28,1777312279000
1777312281.026,81.026,0.44,0.45,0.55,0.56,0.01,0.01,76780.28,1777312279000
1777312281.373,81.373,0.44,0.45,0.55,0.56,0.01,0.01,76780.28,1777312279000
1777312281.735,81.735,0.44,0.45,0.55,0.56,0.01,0.01,76780.96,1777312280000
1777312282.19,82.19,0.43,0.45,0.55,0.56,0.02,0.01,76780.96,1777312280000
1777312282.559,82.559,0.38,0.39,0.58,0.62,0.01,0.04,76780.96,1777312280000
1777312282.977,82.977,0.38,0.39,0.61,0.62,0.01,0.01,76784.55,1777312281000
1777312283.725,83.725,0.37,0.39,0.61,0.62,0.02,0.01,76784.55,1777312281000
1777312284.276,84.276,0.37,0.38,0.62,0.63,0.01,0.01,76788.56,1777312282000
1777312284.644,84.644,0.37,0.38,0.62,0.63,0.01,0.01,76788.56,1777312282000
1777312285.056,85.056,0.38,0.39,0.57,0.63,0.01,0.06,76786.15,1777312283000
1777312285.452,85.452,0.38,0.41,0.61,0.62,0.03,0.01,76786.15,1777312283000
1777312285.832,85.832,0.4,0.41,0.59,0.62,0.01,0.03,76784.11,1777312284000
1777312286.191,86.191,0.4,0.41,0.59,0.6,0.01,0.01,76784.11,1777312284000
1777312286.563,86.563,0.4,0.41,0.59,0.6,0.01,0.01,76784.0,1777312285000
1777312287.005,87.005,0.4,0.41,0.59,0.6,0.01,0.01,76784.0,1777312285000
1777312287.537,87.537,0.4,0.41,0.59,0.6,0.01,0.01,76784.0,1777312285000
1777312288.076,88.076,0.4,0.41,0.59,0.6,0.01,0.01,76784.32,1777312286000
1777312288.526,88.526,0.39,0.4,0.59,0.61,0.01,0.02,76784.32,1777312287000
1777312288.946,88.946,0.39,0.4,0.6,0.61,0.01,0.01,76784.32,1777312287000
1777312289.436,89.436,0.39,0.4,0.6,0.61,0.01,0.01,76785.62,1777312288000
1777312290.045,90.045,0.38,0.39,0.61,0.62,0.01,0.01,76785.62,1777312288000
1777312290.386,90.386,0.38,0.39,0.61,0.62,0.01,0.01,76785.62,1777312289000
1777312290.905,90.905,0.38,0.39,0.61,0.62,0.01,0.01,76785.62,1777312289000
1777312291.239,91.239,0.38,0.39,0.61,0.62,0.01,0.01,76784.49,1777312290000
1777312292.09,92.09,0.38,0.39,0.61,0.62,0.01,0.01,76784.65,1777312291000
1777312292.725,92.725,0.38,0.39,0.61,0.62,0.01,0.01,76784.65,1777312291000
1777312293.107,93.107,0.38,0.39,0.61,0.62,0.01,0.01,76783.94,1777312292000
1777312293.856,93.856,0.37,0.38,0.61,0.62,0.01,0.01,76783.94,1777312292000
1777312294.243,94.243,0.34,0.35,0.63,0.65,0.01,0.02,76784.11,1777312293000
1777312294.629,94.629,0.33,0.34,0.65,0.67,0.01,0.02,76784.11,1777312293000
1777312294.974,94.974,0.33,0.34,0.66,0.67,0.01,0.01,76784.11,1777312293000
1777312295.326,95.326,0.33,0.34,0.66,0.67,0.01,0.01,76784.4,1777312294000
1777312295.688,95.688,0.33,0.34,0.66,0.67,0.01,0.01,76784.4,1777312294000
1777312296.117,96.117,0.33,0.34,0.66,0.67,0.01,0.01,76784.4,1777312294000
1777312297.037,97.037,0.32,0.34,0.66,0.67,0.02,0.01,76784.4,1777312295000
1777312297.437,97.437,0.29,0.3,0.7,0.71,0.01,0.01,76783.34,1777312296000
1777312297.798,97.798,0.29,0.3,0.7,0.71,0.01,0.01,76783.34,1777312296000
1777312298.171,98.171,0.29,0.3,0.7,0.71,0.01,0.01,76783.34,1777312296000
1777312298.598,98.598,0.29,0.3,0.7,0.71,0.01,0.01,76781.51,1777312297000
1777312299.151,99.151,0.29,0.3,0.7,0.71,0.01,0.01,76781.51,1777312297000
1777312299.515,99.515,0.29,0.3,0.7,0.71,0.01,0.01,76779.3,1777312298000
1777312299.903,99.903,0.29,0.3,0.7,0.71,0.01,0.01,76779.3,1777312298000
1777312300.271,100.271,0.28,0.29,0.71,0.72,0.01,0.01,76775.17,1777312299000
1777312300.695,100.695,0.28,0.29,0.71,0.72,0.01,0.01,76775.17,1777312299000
1777312301.093,101.093,0.28,0.29,0.71,0.72,0.01,0.01,76775.17,1777312299000
1777312301.534,101.534,0.27,0.28,0.72,0.73,0.01,0.01,76775.1,1777312300000
1777312302.205,102.205,0.27,0.28,0.72,0.73,0.01,0.01,76774.16,1777312301000
1777312302.569,102.569,0.27,0.28,0.72,0.73,0.01,0.01,76774.16,1777312301000
1777312303.578,103.578,0.26,0.27,0.72,0.73,0.01,0.01,76774.16,1777312301000
1777312303.935,103.935,0.24,0.26,0.73,0.76,0.02,0.03,76773.77,1777312302000
1777312304.332,104.332,0.23,0.24,0.76,0.78,0.01,0.02,76773.77,1777312303000
1777312304.667,104.667,0.25,0.26,0.74,0.75,0.01,0.01,76773.77,1777312303000
1777312305.057,105.057,0.26,0.28,0.73,0.74,0.02,0.01,76773.77,1777312303000
1777312305.4,105.4,0.27,0.29,0.71,0.73,0.02,0.02,76773.77,1777312303000
1777312305.812,105.812,0.28,0.29,0.71,0.72,0.01,0.01,76767.13,1777312304000
1777312306.151,106.151,0.28,0.29,0.71,0.72,0.01,0.01,76767.13,1777312304000
1777312306.556,106.556,0.28,0.29,0.71,0.72,0.01,0.01,76765.55,1777312305000
1777312306.923,106.923,0.28,0.29,0.71,0.72,0.01,0.01,76765.55,1777312305000
1777312307.278,107.278,0.28,0.29,0.71,0.72,0.01,0.01,76765.55,1777312305000
1777312307.819,107.819,0.28,0.29,0.71,0.72,0.01,0.01,76771.19,1777312306000
1777312308.225,108.225,0.29,0.3,0.7,0.72,0.01,0.02,76771.19,1777312306000
1777312308.61,108.61,0.29,0.31,0.69,0.71,0.02,0.02,76771.67,1777312307000
1777312308.978,108.978,0.3,0.31,0.69,0.7,0.01,0.01,76771.67,1777312307000
1777312309.394,109.394,0.3,0.31,0.69,0.7,0.01,0.01,76771.67,1777312307000
1777312309.866,109.866,0.3,0.31,0.69,0.7,0.01,0.01,76771.58,1777312308000
1777312310.209,110.209,0.29,0.31,0.69,0.71,0.02,0.02,76771.58,1777312308000
1777312310.554,110.554,0.24,0.28,0.75,0.76,0.04,0.01,76771.58,1777312308000
1777312310.904,110.904,0.24,0.25,0.75,0.76,0.01,0.01,76771.58,1777312309000
1777312311.277,111.277,0.24,0.25,0.75,0.76,0.01,0.01,76771.58,1777312309000
1777312311.885,111.885,0.24,0.25,0.75,0.76,0.01,0.01,76771.47,1777312310000
1777312312.387,112.387,0.23,0.25,0.75,0.76,0.02,0.01,76771.47,1777312310000
1777312312.792,112.792,0.24,0.25,0.75,0.77,0.01,0.02,76766.77,1777312311000
1777312313.464,113.464,0.24,0.25,0.75,0.76,0.01,0.01,76766.77,1777312312000
1777312313.83,113.83,0.24,0.25,0.75,0.76,0.01,0.01,76766.77,1777312312000
1777312314.215,114.215,0.24,0.25,0.75,0.76,0.01,0.01,76766.77,1777312312000
1777312314.763,114.763,0.23,0.24,0.75,0.77,0.01,0.02,76765.91,1777312313000
1777312315.168,115.168,0.23,0.31,0.76,0.77,0.08,0.01,76765.91,1777312313000
1777312315.64,115.64,0.24,0.25,0.75,0.76,0.01,0.01,76764.33,1777312314000
1777312315.99,115.99,0.24,0.25,0.75,0.76,0.01,0.01,76764.33,1777312314000
1777312316.347,116.347,0.24,0.25,0.75,0.76,0.01,0.01,76764.26,1777312315000
1777312317.142,117.142,0.24,0.25,0.75,0.76,0.01,0.01,76764.2,1777312316000
1777312317.64,117.64,0.24,0.25,0.75,0.76,0.01,0.01,76764.2,1777312316000
1777312318.02,118.02,0.24,0.25,0.75,0.76,0.01,0.01,76764.2,1777312316000
1777312318.478,118.478,0.24,0.25,0.75,0.76,0.01,0.01,76764,1777312317000
1777312318.879,118.879,0.24,0.25,0.75,0.76,0.01,0.01,76764,1777312317000
1777312319.223,119.223,0.2,0.22,0.77,0.8,0.02,0.03,76764,1777312317000
1777312319.566,119.566,0.2,0.22,0.78,0.8,0.02,0.02,76764.08,1777312318000
1777312320.009,120.009,0.21,0.22,0.78,0.79,0.01,0.01,76764.08,1777312318000
1777312320.368,120.368,0.21,0.22,0.78,0.79,0.01,0.01,76764.08,1777312319000
1777312320.804,120.804,0.21,0.22,0.78,0.79,0.01,0.01,76764.08,1777312319000
1777312321.144,121.144,0.2,0.21,0.79,0.8,0.01,0.01,76764.08,1777312319000
1777312321.511,121.511,0.19,0.2,0.8,0.81,0.01,0.01,76762.81,1777312320000
1777312321.905,121.905,0.21,0.22,0.78,0.79,0.01,0.01,76762.81,1777312320000
1777312322.282,122.282,0.21,0.22,0.78,0.79,0.01,0.01,76762.81,1777312320000
1777312322.663,122.663,0.22,0.23,0.77,0.78,0.01,0.01,76759.73,1777312321000
1777312323.036,123.036,0.22,0.23,0.77,0.78,0.01,0.01,76758.7,1777312322000
1777312323.474,123.474,0.23,0.24,0.76,0.77,0.01,0.01,76758.7,1777312322000
1777312323.838,123.838,0.22,0.24,0.76,0.77,0.02,0.01,76758.7,1777312322000
1777312324.213,124.213,0.22,0.23,0.76,0.78,0.01,0.02,76758.7,1777312322000
1777312324.886,124.886,0.22,0.23,0.77,0.78,0.01,0.01,76759.11,1777312323000
1777312325.38,125.38,0.22,0.23,0.77,0.78,0.01,0.01,76760.37,1777312324000
1777312325.776,125.776,0.22,0.23,0.77,0.78,0.01,0.01,76760.37,1777312324000
1777312326.11,126.11,0.29,0.3,0.7,0.72,0.01,0.02,76760.37,1777312324000
1777312326.443,126.443,0.3,0.31,0.69,0.71,0.01,0.02,76760.37,1777312324000
1777312326.828,126.828,0.3,0.31,0.69,0.7,0.01,0.01,76760.16,1777312325000
1777312327.203,127.203,0.29,0.3,0.7,0.71,0.01,0.01,76762.28,1777312326000
1777312327.677,127.677,0.28,0.29,0.7,0.72,0.01,0.02,76762.28,1777312326000
1777312328.151,128.151,0.25,0.27,0.73,0.74,0.02,0.01,76762.28,1777312326000
1777312328.548,128.548,0.25,0.26,0.74,0.75,0.01,0.01,76766.22,1777312327000
1777312329.139,129.139,0.26,0.27,0.73,0.74,0.01,0.01,76766.22,1777312327000
1777312329.546,129.546,0.26,0.27,0.73,0.74,0.01,0.01,76767.09,1777312328000
1777312329.929,129.929,0.26,0.27,0.73,0.74,0.01,0.01,76767.09,1777312328000
1777312330.375,130.375,0.26,0.27,0.73,0.74,0.01,0.01,76766.94,1777312329000
1777312330.874,130.874,0.26,0.27,0.73,0.74,0.01,0.01,76766.94,1777312329000
1777312331.253,131.253,0.26,0.27,0.73,0.74,0.01,0.01,76766.94,1777312330000
1777312331.607,131.607,0.26,0.27,0.73,0.74,0.01,0.01,76766.94,1777312330000
1777312332.109,132.109,0.26,0.27,0.73,0.74,0.01,0.01,76766.96,1777312331000
1777312332.516,132.516,0.26,0.27,0.73,0.74,0.01,0.01,76766.96,1777312331000
1777312333.089,133.089,0.26,0.27,0.73,0.74,0.01,0.01,76765.9,1777312332000
1777312333.449,133.449,0.26,0.27,0.73,0.74,0.01,0.01,76765.9,1777312332000
1777312333.8,133.8,0.26,0.27,0.73,0.74,0.01,0.01,76765.9,1777312332000
1777312334.219,134.219,0.26,0.27,0.73,0.74,0.01,0.01,76765.9,1777312332000
1777312334.618,134.618,0.26,0.27,0.73,0.74,0.01,0.01,76765.83,1777312333000
1777312334.968,134.968,0.26,0.27,0.73,0.74,0.01,0.01,76765.74,1777312334000
1777312335.349,135.349,0.26,0.27,0.73,0.74,0.01,0.01,76765.74,1777312334000
1777312335.723,135.723,0.26,0.27,0.73,0.74,0.01,0.01,76765.74,1777312334000
1777312336.108,136.108,0.26,0.27,0.73,0.74,0.01,0.01,76765.74,1777312334000
1777312336.446,136.446,0.26,0.27,0.73,0.74,0.01,0.01,76767.11,1777312335000
1777312336.874,136.874,0.26,0.27,0.73,0.74,0.01,0.01,76767.11,1777312335000
1777312337.231,137.231,0.26,0.27,0.73,0.74,0.01,0.01,76767.11,1777312335000
1777312337.596,137.596,0.26,0.27,0.73,0.74,0.01,0.01,76768.66,1777312336000
1777312337.985,137.985,0.26,0.27,0.73,0.74,0.01,0.01,76768.66,1777312336000
1777312338.334,138.334,0.26,0.27,0.73,0.74,0.01,0.01,76767.56,1777312337000
1777312338.703,138.703,0.26,0.27,0.73,0.74,0.01,0.01,76767.56,1777312337000
1777312339.086,139.086,0.26,0.27,0.73,0.74,0.01,0.01,76767.56,1777312337000
1777312339.433,139.433,0.26,0.27,0.73,0.74,0.01,0.01,76765.94,1777312338000
1777312339.797,139.797,0.26,0.27,0.73,0.74,0.01,0.01,76765.94,1777312338000
1777312340.582,140.582,0.26,0.27,0.73,0.74,0.01,0.01,76765.93,1777312339000
1777312340.977,140.977,0.25,0.26,0.73,0.75,0.01,0.02,76765.93,1777312339000
1777312341.395,141.395,0.24,0.26,0.74,0.75,0.02,0.01,76766.02,1777312340000
1777312341.986,141.986,0.24,0.25,0.75,0.76,0.01,0.01,76766.02,1777312340000
1777312342.796,142.796,0.24,0.25,0.75,0.76,0.01,0.01,76765.33,1777312341000
1777312343.15,143.15,0.24,0.25,0.75,0.76,0.01,0.01,76765.33,1777312341000
1777312343.52,143.52,0.24,0.25,0.75,0.76,0.01,0.01,76765.28,1777312342000
1777312343.995,143.995,0.23,0.24,0.76,0.77,0.01,0.01,76765.28,1777312343000
1777312344.69,144.69,0.22,0.24,0.76,0.77,0.02,0.01,76765.28,1777312343000
1777312345.083,145.083,0.22,0.23,0.76,0.78,0.01,0.02,76765.28,1777312343000
1777312345.805,145.805,0.22,0.23,0.77,0.78,0.01,0.01,76764.51,1777312344000
1777312346.172,146.172,0.22,0.23,0.77,0.78,0.01,0.01,76764.51,1777312344000
1777312346.536,146.536,0.22,0.23,0.77,0.78,0.01,0.01,76761.97,1777312345000
1777312346.998,146.998,0.27,0.29,0.71,0.73,0.02,0.02,76760.68,1777312346000
1777312347.338,147.338,0.28,0.29,0.71,0.72,0.01,0.01,76760.68,1777312346000
1777312347.686,147.686,0.28,0.29,0.71,0.72,0.01,0.01,76760.68,1777312346000
1777312348.08,148.08,0.28,0.29,0.71,0.72,0.01,0.01,76760.68,1777312346000
1777312348.437,148.437,0.28,0.29,0.71,0.72,0.01,0.01,76767.52,1777312347000
1777312348.804,148.804,0.28,0.29,0.71,0.72,0.01,0.01,76767.52,1777312347000
1777312349.214,149.214,0.25,0.27,0.72,0.74,0.02,0.02,76767.52,1777312347000
1777312349.675,149.675,0.23,0.24,0.75,0.77,0.01,0.02,76769.5,1777312348000
1777312350.029,150.029,0.16,0.22,0.78,0.84,0.06,0.06,76769.5,1777312348000
1777312350.448,150.448,0.17,0.18,0.82,0.83,0.01,0.01,76769.02,1777312349000
1777312350.803,150.803,0.18,0.19,0.81,0.82,0.01,0.01,76769.02,1777312349000
1777312351.225,151.225,0.18,0.19,0.81,0.82,0.01,0.01,76769.02,1777312349000
1777312351.771,151.771,0.18,0.19,0.81,0.82,0.01,0.01,76763.16,1777312350000
1777312352.154,152.154,0.18,0.19,0.81,0.82,0.01,0.01,76755.15,1777312351000
1777312352.551,152.551,0.18,0.19,0.81,0.82,0.01,0.01,76755.15,1777312351000
1777312352.897,152.897,0.18,0.19,0.81,0.82,0.01,0.01,76755.15,1777312351000
1777312353.299,153.299,0.17,0.18,0.82,0.83,0.01,0.01,76755.15,1777312351000
1777312353.679,153.679,0.18,0.19,0.82,0.83,0.01,0.01,76754.04,1777312352000
1777312354.259,154.259,0.18,0.19,0.81,0.82,0.01,0.01,76754.04,1777312352000
1777312354.746,154.746,0.18,0.19,0.81,0.82,0.01,0.01,76754.28,1777312353000
1777312355.109,155.109,0.18,0.19,0.81,0.82,0.01,0.01,76754.28,1777312353000
1777312355.499,155.499,0.18,0.19,0.81,0.82,0.01,0.01,76754.28,1777312353000
1777312355.919,155.919,0.18,0.22,0.81,0.82,0.04,0.01,76754.27,1777312354000
1777312356.501,156.501,0.18,0.22,0.78,0.82,0.04,0.04,76754.28,1777312355000
1777312356.905,156.905,0.19,0.2,0.8,0.81,0.01,0.01,76754.28,1777312355000
1777312357.423,157.423,0.2,0.21,0.79,0.8,0.01,0.01,76755.96,1777312356000
1777312357.761,157.761,0.2,0.21,0.79,0.8,0.01,0.01,76755.96,1777312356000
1777312358.128,158.128,0.19,0.2,0.79,0.81,0.01,0.02,76755.96,1777312356000
1777312358.6,158.6,0.19,0.2,0.8,0.81,0.01,0.01,76754.12,1777312357000
1777312359.126,159.126,0.19,0.2,0.8,0.81,0.01,0.01,76754.12,1777312357000
1777312359.537,159.537,0.19,0.2,0.8,0.81,0.01,0.01,76755.06,1777312358000
1777312360.088,160.088,0.18,0.19,0.8,0.81,0.01,0.01,76755.06,1777312358000
1777312360.432,160.432,0.18,0.19,0.81,0.82,0.01,0.01,76755.06,1777312358000
1777312360.778,160.778,0.18,0.19,0.81,0.82,0.01,0.01,76754.47,1777312359000
1777312361.437,161.437,0.18,0.19,0.81,0.82,0.01,0.01,76754.35,1777312360000
1777312361.814,161.814,0.18,0.19,0.81,0.82,0.01,0.01,76754.35,1777312360000
1777312362.456,162.456,0.18,0.19,0.81,0.82,0.01,0.01,76754.33,1777312361000
1777312362.841,162.841,0.16,0.18,0.82,0.83,0.02,0.01,76754.33,1777312361000
1777312363.18,163.18,0.16,0.17,0.83,0.84,0.01,0.01,76754.33,1777312361000
1777312363.559,163.559,0.15,0.16,0.84,0.85,0.01,0.01,76754.23,1777312362000
1777312363.917,163.917,0.15,0.16,0.84,0.85,0.01,0.01,76754.23,1777312362000
1777312364.391,164.391,0.15,0.16,0.84,0.85,0.01,0.01,76754.23,1777312363000
1777312364.754,164.754,0.15,0.16,0.84,0.85,0.01,0.01,76754.23,1777312363000
1777312365.118,165.118,0.15,0.16,0.84,0.85,0.01,0.01,76754.23,1777312363000
1777312365.548,165.548,0.15,0.16,0.84,0.85,0.01,0.01,76755.64,1777312364000
1777312365.932,165.932,0.19,0.2,0.81,0.82,0.01,0.01,76755.64,1777312364000
1777312366.424,166.424,0.22,0.26,0.78,0.79,0.04,0.01,76755.63,1777312365000
1777312366.795,166.795,0.25,0.27,0.74,0.75,0.02,0.01,76755.63,1777312365000
1777312367.14,167.14,0.26,0.27,0.73,0.74,0.01,0.01,76755.63,1777312365000
1777312367.506,167.506,0.26,0.27,0.73,0.74,0.01,0.01,76755.63,1777312365000
1777312367.864,167.864,0.26,0.27,0.73,0.74,0.01,0.01,76758.35,1777312366000
1777312368.293,168.293,0.26,0.27,0.73,0.74,0.01,0.01,76758.35,1777312366000
1777312368.658,168.658,0.29,0.3,0.7,0.71,0.01,0.01,76767.8,1777312367000
1777312369.001,169.001,0.31,0.35,0.65,0.71,0.04,0.06,76767.8,1777312367000
1777312369.335,169.335,0.34,0.35,0.65,0.66,0.01,0.01,76767.8,1777312367000
1777312369.668,169.668,0.34,0.35,0.65,0.66,0.01,0.01,76767.8,1777312367000
1777312370.02,170.02,0.34,0.35,0.65,0.66,0.01,0.01,76769.64,1777312368000
1777312370.587,170.587,0.34,0.35,0.65,0.66,0.01,0.01,76773.1,1777312369000
1777312370.926,170.926,0.34,0.35,0.65,0.66,0.01,0.01,76773.1,1777312369000
1777312371.278,171.278,0.34,0.35,0.65,0.66,0.01,0.01,76773.1,1777312369000
1777312371.646,171.646,0.33,0.35,0.65,0.66,0.02,0.01,76774.32,1777312370000
1777312372.051,172.051,0.33,0.34,0.66,0.67,0.01,0.01,76774.32,1777312370000
1777312372.69,172.69,0.33,0.34,0.66,0.67,0.01,0.01,76774.71,1777312371000
1777312373.114,173.114,0.33,0.34,0.66,0.67,0.01,0.01,76774.71,1777312371000
1777312373.48,173.48,0.33,0.34,0.66,0.67,0.01,0.01,76777.01,1777312372000
1777312373.895,173.895,0.34,0.35,0.65,0.67,0.01,0.02,76777.01,1777312372000
1777312374.23,174.23,0.34,0.35,0.65,0.66,0.01,0.01,76777.01,1777312372000
1777312374.6,174.6,0.34,0.35,0.65,0.66,0.01,0.01,76775.82,1777312373000
1777312374.949,174.949,0.33,0.34,0.65,0.67,0.01,0.02,76775.82,1777312373000
1777312375.346,175.346,0.33,0.34,0.66,0.67,0.01,0.01,76776.46,1777312374000
1777312375.742,175.742,0.32,0.33,0.67,0.68,0.01,0.01,76776.46,1777312374000
1777312376.1,176.1,0.32,0.33,0.67,0.68,0.01,0.01,76776.46,1777312374000
1777312376.507,176.507,0.32,0.33,0.67,0.68,0.01,0.01,76778.41,1777312375000
1777312376.84,176.84,0.32,0.33,0.67,0.68,0.01,0.01,76778.41,1777312375000
1777312377.278,177.278,0.32,0.33,0.67,0.68,0.01,0.01,76778.99,1777312376000
1777312377.751,177.751,0.31,0.32,0.67,0.68,0.01,0.01,76778.99,1777312376000
1777312378.145,178.145,0.31,0.32,0.68,0.69,0.01,0.01,76778.99,1777312376000
1777312378.623,178.623,0.33,0.34,0.66,0.69,0.01,0.03,76781.58,1777312377000
1777312379.019,179.019,0.33,0.34,0.66,0.67,0.01,0.01,76781.58,1777312377000
1777312379.376,179.376,0.33,0.34,0.66,0.67,0.01,0.01,76781.58,1777312377000
1777312379.896,179.896,0.32,0.35,0.65,0.67,0.03,0.02,76779.73,1777312378000
1777312380.388,180.388,0.34,0.35,0.65,0.66,0.01,0.01,76781.13,1777312379000
1777312380.74,180.74,0.33,0.34,0.66,0.67,0.01,0.01,76781.13,1777312379000
1777312381.088,181.088,0.33,0.34,0.66,0.67,0.01,0.01,76781.13,1777312379000
1777312381.458,181.458,0.33,0.34,0.66,0.67,0.01,0.01,76780.34,1777312380000
1777312381.919,181.919,0.35,0.36,0.63,0.65,0.01,0.02,76780.34,1777312380000
1777312382.267,182.267,0.35,0.36,0.64,0.65,0.01,0.01,76780.71,1777312381000
1777312382.62,182.62,0.35,0.36,0.64,0.65,0.01,0.01,76780.71,1777312381000
1777312383.056,183.056,0.35,0.36,0.64,0.65,0.01,0.01,76780.71,1777312381000
1777312383.484,183.484,0.35,0.36,0.64,0.65,0.01,0.01,76781.32,1777312382000
1777312383.835,183.835,0.35,0.36,0.64,0.65,0.01,0.01,76781.32,1777312382000
1777312384.439,184.439,0.35,0.36,0.64,0.65,0.01,0.01,76781.32,1777312383000
1777312384.773,184.773,0.34,0.36,0.64,0.65,0.02,0.01,76781.32,1777312383000
1777312385.122,185.122,0.34,0.36,0.65,0.66,0.02,0.01,76781.32,1777312383000
1777312385.494,185.494,0.33,0.36,0.64,0.67,0.03,0.03,76781.32,1777312383000
1777312386.006,186.006,0.32,0.33,0.67,0.68,0.01,0.01,76783.61,1777312384000
1777312386.354,186.354,0.32,0.33,0.67,0.68,0.01,0.01,76783.59,1777312385000
1777312386.751,186.751,0.31,0.32,0.68,0.69,0.01,0.01,76783.59,1777312385000
1777312387.108,187.108,0.3,0.31,0.69,0.7,0.01,0.01,76783.59,1777312385000
1777312387.447,187.447,0.3,0.31,0.69,0.7,0.01,0.01,76783.45,1777312386000
1777312387.798,187.798,0.27,0.28,0.72,0.73,0.01,0.01,76783.45,1777312386000
1777312388.281,188.281,0.27,0.28,0.72,0.73,0.01,0.01,76783.97,1777312387000
1777312388.695,188.695,0.27,0.28,0.72,0.73,0.01,0.01,76783.97,1777312387000
1777312389.343,189.343,0.27,0.28,0.72,0.73,0.01,0.01,76783.65,1777312388000
1777312389.751,189.751,0.26,0.27,0.72,0.74,0.01,0.02,76783.65,1777312388000
1777312390.11,190.11,0.2,0.21,0.77,0.8,0.01,0.03,76783.11,1777312389000
1777312390.565,190.565,0.2,0.21,0.79,0.8,0.01,0.01,76783.11,1777312389000
1777312390.913,190.913,0.19,0.2,0.8,0.81,0.01,0.01,76783.11,1777312389000
1777312391.286,191.286,0.19,0.2,0.8,0.81,0.01,0.01,76781.68,1777312390000
1777312391.668,191.668,0.19,0.2,0.8,0.81,0.01,0.01,76781.68,1777312390000
1777312392.039,192.039,0.19,0.2,0.8,0.81,0.01,0.01,76776.07,1777312391000
1777312392.386,192.386,0.18,0.2,0.8,0.81,0.02,0.01,76776.07,1777312391000
1777312392.882,192.882,0.18,0.19,0.81,0.82,0.01,0.01,76776.07,1777312391000
1777312394.006,194.006,0.18,0.19,0.81,0.82,0.01,0.01,76770.65,1777312393000
1777312394.371,194.371,0.18,0.19,0.81,0.82,0.01,0.01,76770.65,1777312393000
1777312394.768,194.768,0.18,0.19,0.81,0.82,0.01,0.01,76770.65,1777312393000
1777312395.176,195.176,0.18,0.19,0.81,0.82,0.01,0.01,76770.65,1777312393000
1777312395.54,195.54,0.18,0.19,0.81,0.82,0.01,0.01,76770.38,1777312394000
1777312396.106,196.106,0.18,0.19,0.81,0.82,0.01,0.01,76770.38,1777312394000
1777312396.449,196.449,0.17,0.19,0.81,0.82,0.02,0.01,76771.06,1777312395000
1777312396.904,196.904,0.16,0.17,0.83,0.84,0.01,0.01,76771.06,1777312395000
1777312397.303,197.303,0.16,0.17,0.83,0.84,0.01,0.01,76771.25,1777312396000
1777312397.731,197.731,0.16,0.17,0.83,0.84,0.01,0.01,76771.25,1777312396000
1777312398.277,198.277,0.16,0.17,0.83,0.84,0.01,0.01,76771.25,1777312396000
1777312398.704,198.704,0.15,0.16,0.84,0.85,0.01,0.01,76770.83,1777312397000
1777312399.378,199.378,0.15,0.16,0.84,0.85,0.01,0.01,76770.64,1777312398000
1777312399.771,199.771,0.12,0.13,0.87,0.88,0.01,0.01,76770.64,1777312398000
1777312400.145,200.145,0.1,0.11,0.88,0.9,0.01,0.02,76770.64,1777312399000
1777312400.48,200.48,0.1,0.11,0.89,0.9,0.01,0.01,76770.64,1777312399000
1777312400.877,200.877,0.1,0.11,0.89,0.9,0.01,0.01,76770.64,1777312399000
1777312401.23,201.23,0.1,0.11,0.89,0.9,0.01,0.01,76769.25,1777312400000
1777312401.604,201.604,0.1,0.11,0.89,0.9,0.01,0.01,76769.25,1777312400000
1777312401.944,201.944,0.09,0.11,0.89,0.9,0.02,0.01,76769.25,1777312400000
1777312402.988,202.988,0.09,0.1,0.9,0.91,0.01,0.01,76759.81,1777312401000
1777312403.367,203.367,0.09,0.1,0.9,0.91,0.01,0.01,76758.98,1777312402000
1777312403.887,203.887,0.09,0.1,0.9,0.91,0.01,0.01,76758.98,1777312402000
1777312404.222,204.222,0.09,0.1,0.9,0.91,0.01,0.01,76758.12,1777312403000
1777312404.636,204.636,0.09,0.1,0.9,0.91,0.01,0.01,76758.12,1777312403000
1777312405.037,205.037,0.09,0.1,0.9,0.91,0.01,0.01,76758.12,1777312403000
1777312405.58,205.58,0.09,0.1,0.9,0.91,0.01,0.01,76758.06,1777312404000
1777312405.927,205.927,0.1,0.11,0.89,0.91,0.01,0.02,76758.06,1777312404000
1777312406.288,206.288,0.08,0.09,0.91,0.92,0.01,0.01,76758.06,1777312404000
1777312406.646,206.646,0.07,0.08,0.92,0.93,0.01,0.01,76758.11,1777312405000
1777312407.014,207.014,0.07,0.08,0.92,0.93,0.01,0.01,76758.04,1777312406000
1777312407.366,207.366,0.07,0.08,0.92,0.93,0.01,0.01,76758.04,1777312406000
1777312407.779,207.779,0.07,0.08,0.92,0.93,0.01,0.01,76758.04,1777312406000
1777312408.169,208.169,0.07,0.08,0.92,0.93,0.01,0.01,76758.04,1777312406000
1777312408.65,208.65,0.07,0.08,0.92,0.93,0.01,0.01,76757.53,1777312407000
1777312408.983,208.983,0.07,0.08,0.92,0.93,0.01,0.01,76757.53,1777312407000
1777312409.324,209.324,0.07,0.09,0.91,0.93,0.02,0.02,76757.48,1777312408000
1777312409.661,209.661,0.08,0.09,0.91,0.92,0.01,0.01,76757.48,1777312408000
1777312410.11,210.11,0.09,0.1,0.9,0.91,0.01,0.01,76757.48,1777312408000
1777312410.501,210.501,0.09,0.1,0.9,0.91,0.01,0.01,76757.22,1777312409000
1777312410.861,210.861,0.09,0.1,0.9,0.91,0.01,0.01,76757.22,1777312409000
1777312411.213,211.213,0.08,0.1,0.9,0.91,0.02,0.01,76757.52,1777312410000
1777312411.559,211.559,0.07,0.08,0.91,0.93,0.01,0.02,76757.52,1777312410000
1777312411.92,211.92,0.07,0.08,0.92,0.93,0.01,0.01,76757.52,1777312410000
1777312412.298,212.298,0.07,0.08,0.92,0.93,0.01,0.01,76757.79,1777312411000
1777312412.642,212.642,0.06,0.08,0.92,0.93,0.02,0.01,76757.79,1777312411000
1777312412.979,212.979,0.06,0.07,0.93,0.94,0.01,0.01,76757.79,1777312411000
1777312413.325,213.325,0.06,0.07,0.93,0.94,0.01,0.01,76757.79,1777312411000
1777312413.755,213.755,0.06,0.07,0.93,0.94,0.01,0.01,76757.79,1777312411000
1777312414.257,214.257,0.06,0.07,0.93,0.94,0.01,0.01,76757.4,1777312412000
1777312414.595,214.595,0.06,0.07,0.93,0.94,0.01,0.01,76755.05,1777312413000
1777312414.934,214.934,0.06,0.07,0.93,0.94,0.01,0.01,76755.05,1777312413000
1777312415.27,215.27,0.06,0.07,0.93,0.94,0.01,0.01,76755.05,1777312413000
1777312415.622,215.622,0.06,0.07,0.93,0.94,0.01,0.01,76754.7,1777312414000
1777312415.968,215.968,0.06,0.07,0.93,0.94,0.01,0.01,76753.6,1777312415000
1777312416.325,216.325,0.06,0.07,0.93,0.94,0.01,0.01,76753.6,1777312415000
1777312416.781,216.781,0.06,0.07,0.93,0.94,0.01,0.01,76753.6,1777312415000
1777312417.146,217.146,0.06,0.07,0.93,0.94,0.01,0.01,76753.6,1777312416000
1777312417.578,217.578,0.06,0.07,0.93,0.94,0.01,0.01,76753.6,1777312416000
1777312417.919,217.919,0.06,0.07,0.93,0.94,0.01,0.01,76753.6,1777312416000
1777312418.304,218.304,0.06,0.07,0.93,0.94,0.01,0.01,76753.6,1777312417000
1777312418.728,218.728,0.05,0.06,0.94,0.95,0.01,0.01,76753.6,1777312417000
1777312419.072,219.072,0.05,0.06,0.94,0.95,0.01,0.01,76753.6,1777312417000
1777312419.494,219.494,0.05,0.06,0.94,0.95,0.01,0.01,76753.6,1777312418000
1777312419.872,219.872,0.05,0.06,0.94,0.95,0.01,0.01,76753.6,1777312418000
1777312420.405,220.405,0.05,0.06,0.94,0.95,0.01,0.01,76753.26,1777312419000
1777312420.906,220.906,0.06,0.09,0.93,0.95,0.03,0.02,76753.26,1777312419000
1777312421.252,221.252,0.07,0.08,0.92,0.93,0.01,0.01,76753.63,1777312420000
1777312421.689,221.689,0.07,0.08,0.92,0.93,0.01,0.01,76753.63,1777312420000
1777312422.086,222.086,0.07,0.08,0.92,0.93,0.01,0.01,76753.63,1777312420000
1777312422.445,222.445,0.07,0.08,0.92,0.93,0.01,0.01,76753.89,1777312421000
1777312423.002,223.002,0.07,0.08,0.92,0.93,0.01,0.01,76753.89,1777312421000
1777312423.367,223.367,0.07,0.08,0.92,0.93,0.01,0.01,76754.09,1777312422000
1777312423.736,223.736,0.06,0.07,0.92,0.94,0.01,0.02,76754.09,1777312422000
1777312424.073,224.073,0.03,0.04,0.96,0.97,0.01,0.01,76754.09,1777312422000
1777312424.409,224.409,0.03,0.04,0.96,0.97,0.01,0.01,76753.92,1777312423000
1777312424.753,224.753,0.02,0.03,0.97,0.98,0.01,0.01,76753.92,1777312423000
1777312425.128,225.128,0.02,0.03,0.97,0.98,0.01,0.01,76753.92,1777312424000
1777312425.495,225.495,0.02,0.03,0.97,0.98,0.01,0.01,76753.92,1777312424000
1777312425.842,225.842,0.02,0.03,0.97,0.98,0.01,0.01,76753.92,1777312424000
1777312426.324,226.324,0.02,0.03,0.97,0.98,0.01,0.01,76720.1,1777312425000
1777312426.805,226.805,0.02,0.03,0.97,0.98,0.01,0.01,76720.1,1777312425000
1777312427.184,227.184,0.02,0.03,0.97,0.98,0.01,0.01,76720.1,1777312425000
1777312427.565,227.565,0.02,0.03,0.97,0.98,0.01,0.01,76723.0,1777312426000
1777312427.903,227.903,0.02,0.03,0.97,0.98,0.01,0.01,76723.0,1777312426000
1777312428.34,228.34,0.02,0.03,0.97,0.98,0.01,0.01,76723.0,1777312426000
1777312429.0,229.0,0.02,0.03,0.97,0.98,0.01,0.01,76723.45,1777312427000
1777312429.369,229.369,0.03,0.04,0.96,0.97,0.01,0.01,76724.28,1777312428000
1777312429.719,229.719,0.03,0.04,0.96,0.97,0.01,0.01,76724.28,1777312428000
1777312430.137,230.137,0.03,0.04,0.96,0.97,0.01,0.01,76724.28,1777312428000
1777312430.517,230.517,0.03,0.04,0.96,0.97,0.01,0.01,76725.64,1777312429000
1777312430.883,230.883,0.02,0.03,0.96,0.97,0.01,0.01,76725.64,1777312429000
1777312431.253,231.253,0.02,0.03,0.97,0.98,0.01,0.01,76725.64,1777312429000
1777312431.679,231.679,0.02,0.03,0.97,0.98,0.01,0.01,76730.37,1777312430000
1777312432.015,232.015,0.02,0.03,0.97,0.98,0.01,0.01,76730.37,1777312430000
1777312432.424,232.424,0.02,0.03,0.97,0.98,0.01,0.01,76730.62,1777312431000
1777312432.842,232.842,0.02,0.03,0.97,0.98,0.01,0.01,76730.62,1777312431000
1777312433.177,233.177,0.02,0.03,0.97,0.98,0.01,0.01,76730.62,1777312431000
1777312433.633,233.633,0.02,0.03,0.97,0.98,0.01,0.01,76733.44,1777312432000
1777312434.037,234.037,0.02,0.03,0.97,0.98,0.01,0.01,76732.18,1777312433000
1777312434.392,234.392,0.02,0.03,0.97,0.98,0.01,0.01,76732.18,1777312433000
1777312434.749,234.749,0.02,0.03,0.97,0.98,0.01,0.01,76732.18,1777312433000
1777312435.356,235.356,0.02,0.03,0.97,0.98,0.01,0.01,76731.17,1777312434000
1777312435.76,235.76,0.02,0.03,0.97,0.98,0.01,0.01,76731.17,1777312434000
1777312436.144,236.144,0.02,0.03,0.97,0.98,0.01,0.01,76731.17,1777312434000
1777312436.776,236.776,0.02,0.03,0.97,0.98,0.01,0.01,76730.48,1777312435000
1777312437.255,237.255,0.02,0.03,0.97,0.98,0.01,0.01,76729.99,1777312436000
1777312437.622,237.622,0.02,0.03,0.97,0.98,0.01,0.01,76729.99,1777312436000
1777312438.231,238.231,0.02,0.03,0.97,0.98,0.01,0.01,76725.35,1777312437000
1777312438.577,238.577,0.02,0.03,0.97,0.98,0.01,0.01,76725.35,1777312437000
1777312438.99,238.99,0.02,0.03,0.97,0.98,0.01,0.01,76725.35,1777312437000
1777312439.41,239.41,0.02,0.03,0.97,0.98,0.01,0.01,76725.35,1777312437000
1777312439.756,239.756,0.02,0.03,0.97,0.98,0.01,0.01,76722.88,1777312438000
1777312440.13,240.13,0.02,0.03,0.97,0.98,0.01,0.01,76722.88,1777312438000
1777312440.615,240.615,0.02,0.03,0.97,0.98,0.01,0.01,76722.73,1777312439000
1777312440.958,240.958,0.02,0.03,0.97,0.98,0.01,0.01,76722.73,1777312439000
1777312441.341,241.341,0.02,0.03,0.97,0.98,0.01,0.01,76722.72,1777312440000
1777312441.691,241.691,0.01,0.02,0.98,0.99,0.01,0.01,76722.72,1777312440000
1777312442.043,242.043,0.01,0.02,0.98,0.99,0.01,0.01,76722.72,1777312440000
1777312442.412,242.412,0.01,0.02,0.98,0.99,0.01,0.01,76722.63,1777312441000
1777312442.752,242.752,0.02,0.03,0.98,0.99,0.01,0.01,76722.63,1777312441000
1777312443.205,243.205,0.02,0.03,0.97,0.98,0.01,0.01,76722.63,1777312441000
1777312443.552,243.552,0.02,0.03,0.97,0.98,0.01,0.01,76722.63,1777312441000
1777312443.941,243.941,0.02,0.03,0.97,0.98,0.01,0.01,76722.63,1777312441000
1777312444.327,244.327,0.02,0.03,0.97,0.98,0.01,0.01,76722.63,1777312441000
1777312444.754,244.754,0.02,0.03,0.97,0.98,0.01,0.01,76725.29,1777312443000
1777312445.239,245.239,0.02,0.03,0.97,0.99,0.01,0.02,76725.29,1777312443000
1777312445.629,245.629,0.01,0.02,0.98,0.99,0.01,0.01,76727.87,1777312444000
1777312446.065,246.065,0.01,0.02,0.98,0.99,0.01,0.01,76727.87,1777312444000
1777312446.423,246.423,0.01,0.02,0.98,0.99,0.01,0.01,76728.94,1777312445000
1777312446.951,246.951,0.01,0.02,0.98,0.99,0.01,0.01,76728.94,1777312445000
1777312447.537,247.537,0.01,0.02,0.98,0.99,0.01,0.01,76729.63,1777312446000
1777312447.982,247.982,0.02,0.03,0.97,0.99,0.01,0.02,76729.63,1777312446000
1777312448.402,248.402,0.01,0.02,0.97,0.98,0.01,0.01,76729.63,1777312446000
1777312448.815,248.815,0.01,0.02,0.98,0.99,0.01,0.01,76728.94,1777312447000
1777312449.173,249.173,0.01,0.02,0.98,0.99,0.01,0.01,76729.08,1777312448000
1777312449.547,249.547,0.01,0.02,0.98,0.99,0.01,0.01,76729.08,1777312448000
1777312449.896,249.896,0.01,0.02,0.98,0.99,0.01,0.01,76729.08,1777312448000
1777312450.352,250.352,0.01,0.02,0.98,0.99,0.01,0.01,76729.34,1777312449000
1777312450.69,250.69,0.01,0.02,0.98,0.99,0.01,0.01,76729.34,1777312449000
1777312451.057,251.057,0.01,0.02,0.98,0.99,0.01,0.01,76732.0,1777312450000
1777312451.412,251.412,0.02,0.03,0.97,0.98,0.01,0.01,76732.0,1777312450000
1777312452.112,252.112,0.02,0.03,0.97,0.98,0.01,0.01,76732.0,1777312450000
1777312452.738,252.738,0.02,0.03,0.97,0.98,0.01,0.01,76732.92,1777312451000
1777312453.092,253.092,0.02,0.03,0.97,0.98,0.01,0.01,76732.92,1777312451000
1777312453.538,253.538,0.01,0.03,0.97,0.99,0.02,0.02,76734.52,1777312452000
1777312453.895,253.895,0.01,0.02,0.98,0.99,0.01,0.01,76734.52,1777312452000
1777312454.325,254.325,0.01,0.02,0.98,0.99,0.01,0.01,76734.52,1777312452000
1777312455.485,255.485,0.01,0.02,0.98,0.99,0.01,0.01,76737.56,1777312453000
1777312455.863,255.863,0.01,0.02,0.98,0.99,0.01,0.01,76737.65,1777312454000
1777312456.257,256.257,0.01,0.02,0.98,0.99,0.01,0.01,76737.65,1777312454000
1777312456.762,256.762,0.01,0.02,0.98,0.99,0.01,0.01,76737.37,1777312455000
1777312457.292,257.292,0.01,0.02,0.98,0.99,0.01,0.01,76739.62,1777312456000
1777312458.144,258.144,0.01,0.02,0.98,0.99,0.01,0.01,76739.62,1777312456000
1777312458.501,258.501,0.01,0.02,0.98,0.99,0.01,0.01,76740.55,1777312457000
1777312459.027,259.027,0.02,0.03,0.97,0.98,0.01,0.01,76740.55,1777312457000
1777312459.902,259.902,0.02,0.03,0.97,0.98,0.01,0.01,76740.84,1777312458000
1777312460.404,260.404,0.02,0.03,0.97,0.98,0.01,0.01,76740.84,1777312458000
1777312460.768,260.768,0.04,0.05,0.95,0.98,0.01,0.03,76742.66,1777312459000
1777312461.197,261.197,0.04,0.05,0.95,0.96,0.01,0.01,76742.66,1777312459000
1777312461.56,261.56,0.03,0.04,0.96,0.98,0.01,0.02,76744.44,1777312460000
1777312461.981,261.981,0.02,0.03,0.96,0.98,0.01,0.02,76744.44,1777312460000
1777312462.44,262.44,0.02,0.03,0.97,0.98,0.01,0.01,76744.44,1777312460000
1777312462.798,262.798,0.02,0.03,0.97,0.98,0.01,0.01,76746.03,1777312461000
1777312463.169,263.169,0.02,0.03,0.97,0.98,0.01,0.01,76746.03,1777312461000
1777312463.755,263.755,0.02,0.03,0.97,0.98,0.01,0.01,76746.05,1777312462000
1777312464.682,264.682,0.02,0.03,0.97,0.98,0.01,0.01,76746.05,1777312462000
1777312465.397,265.397,0.01,0.03,0.97,0.99,0.02,0.02,76748.04,1777312463000
1777312465.856,265.856,0.02,0.03,0.97,0.98,0.01,0.01,76750.47,1777312464000
1777312466.19,266.19,0.02,0.03,0.97,0.98,0.01,0.01,76750.47,1777312465000
1777312466.54,266.54,0.02,0.03,0.97,0.98,0.01,0.01,76750.47,1777312465000
1777312466.999,266.999,0.01,0.03,0.97,0.98,0.02,0.01,76750.47,1777312465000
1777312467.386,267.386,0.01,0.02,0.97,0.98,0.01,0.01,76750.47,1777312465000
1777312467.773,267.773,0.01,0.02,0.98,0.99,0.01,0.01,76750.5,1777312466000
1777312468.25,268.25,0.01,0.02,0.98,0.99,0.01,0.01,76750.5,1777312466000
1777312469.136,269.136,0.01,0.02,0.98,0.99,0.01,0.01,76750.39,1777312467000
1777312469.59,269.59,0.01,0.02,0.98,0.99,0.01,0.01,76750.39,1777312467000
1777312470.073,270.073,0.01,0.02,0.98,0.99,0.01,0.01,76750.38,1777312468000
1777312470.482,270.482,0.01,0.02,0.98,0.99,0.01,0.01,76750.42,1777312469000
1777312470.97,270.97,0.01,0.02,0.98,0.99,0.01,0.01,76750.42,1777312469000
1777312471.482,271.482,0.01,0.02,0.98,0.99,0.01,0.01,76750.42,1777312470000
1777312471.849,271.849,0.01,0.02,0.98,0.99,0.01,0.01,76750.42,1777312470000
1777312472.24,272.24,0.02,0.03,0.96,0.98,0.01,0.02,76750.42,1777312470000
1777312472.843,272.843,0.02,0.03,0.97,0.98,0.01,0.01,76750.42,1777312471000
1777312473.177,273.177,0.02,0.03,0.97,0.98,0.01,0.01,76750.42,1777312471000
1777312473.583,273.583,0.02,0.03,0.97,0.98,0.01,0.01,76752.71,1777312472000
1777312473.952,273.952,0.02,0.03,0.97,0.98,0.01,0.01,76752.71,1777312472000
1777312474.879,274.879,0.02,0.03,0.97,0.98,0.01,0.01,76753.01,1777312473000
1777312475.48,275.48,0.02,0.03,0.97,0.98,0.01,0.01,76753.01,1777312473000
1777312475.909,275.909,0.01,0.03,0.97,0.99,0.02,0.02,76754.99,1777312474000
1777312476.46,276.46,0.01,0.03,0.98,0.99,0.02,0.01,76754.99,1777312474000
1777312477.032,277.032,0.01,0.03,0.97,0.99,0.02,0.02,76754.99,1777312475000
1777312477.719,277.719,0.01,0.02,0.97,0.99,0.01,0.02,76755.28,1777312476000
1777312478.229,278.229,0.01,0.02,0.98,0.99,0.01,0.01,76755.28,1777312476000
1777312478.847,278.847,0.01,0.02,0.98,0.99,0.01,0.01,76755.42,1777312477000
1777312479.347,279.347,0.01,0.02,0.98,0.99,0.01,0.01,76755.42,1777312478000
1777312479.961,279.961,0.01,0.02,0.98,0.99,0.01,0.01,76755.39,1777312479000
1777312480.384,280.384,0.01,0.02,0.98,0.99,0.01,0.01,76755.39,1777312479000
1777312480.873,280.873,0.01,0.02,0.98,0.99,0.01,0.01,76755.39,1777312479000
1777312481.355,281.355,0.01,0.02,0.98,0.99,0.01,0.01,76755.49,1777312480000
1777312481.926,281.926,0.01,0.02,0.98,0.99,0.01,0.01,76755.49,1777312480000
1777312482.348,282.348,0.02,0.03,0.97,0.99,0.01,0.02,76755.49,1777312480000
1777312482.696,282.696,0.02,0.03,0.97,0.98,0.01,0.01,76755.67,1777312481000
1777312483.056,283.056,0.01,0.02,0.97,0.99,0.01,0.02,76755.68,1777312482000
1777312483.39,283.39,0.01,0.02,0.98,0.99,0.01,0.01,76755.68,1777312482000
1777312483.961,283.961,0.01,0.02,0.98,0.99,0.01,0.01,76755.68,1777312482000
1777312484.549,284.549,0.01,0.02,0.98,0.99,0.01,0.01,76755.83,1777312483000
1777312484.897,284.897,0.01,0.02,0.98,0.99,0.01,0.01,76755.83,1777312483000
1777312485.263,285.263,0.01,0.02,0.98,0.99,0.01,0.01,76758.3,1777312484000
1777312485.657,285.657,0.01,0.02,0.98,0.99,0.01,0.01,76758.3,1777312484000
1777312486.083,286.083,0.01,0.02,0.98,0.99,0.01,0.01,76758.3,1777312484000
1777312486.632,286.632,0.01,0.01,0.99,0.99,0.0,0.0,76760.66,1777312485000
1777312486.973,286.973,0.01,0.01,0.99,0.99,0.0,0.0,76760.66,1777312485000
1777312487.349,287.349,0.01,0.01,0.99,0.99,0.0,0.0,76760.66,1777312485000
1777312487.714,287.714,0.01,0.01,0.99,0.99,0.0,0.0,76761.41,1777312486000
1777312488.173,288.173,0.01,0.01,0.99,0.99,0.0,0.0,76760.61,1777312487000
1777312489.058,289.058,0.01,0.01,0.99,0.99,0.0,0.0,76760.61,1777312487000
1777312489.671,289.671,0.01,0.01,0.99,0.99,0.0,0.0,76760.57,1777312488000
1777312490.326,290.326,0.01,0.01,0.99,0.99,0.0,0.0,76760.65,1777312489000
1777312491.196,291.196,0.01,0.01,0.99,0.99,0.0,0.0,76760.65,1777312489000
1777312491.566,291.566,0.01,0.01,0.99,0.99,0.0,0.0,76760.77,1777312490000
1777312492.091,292.091,0.01,0.01,0.99,0.99,0.0,0.0,76760.77,1777312490000
1777312493.155,293.155,0.01,0.01,0.99,0.99,0.0,0.0,76760.86,1777312491000
1777312494.186,294.186,0.01,0.01,0.99,0.99,0.0,0.0,76760.72,1777312493000
1777312494.784,294.784,0.01,0.01,0.99,0.99,0.0,0.0,76760.72,1777312493000
1777312495.539,295.539,0.01,0.01,0.99,0.99,0.0,0.0,76760.72,1777312493000
1777312496.228,296.228,0.01,0.01,0.99,0.99,0.0,0.0,76760.61,1777312495000
1777312497.342,297.342,0.01,0.01,0.99,0.99,0.0,0.0,76760.61,1777312495000
1777312498.03,298.03,0.01,0.01,0.99,0.99,0.0,0.0,76759.61,1777312496000
1777312498.531,298.531,0.01,0.01,0.99,0.99,0.0,0.0,76759.61,1777312497000
1777312499.156,299.156,0.01,0.01,0.99,0.99,0.0,0.0,76760.15,1777312498000
1777312499.532,299.532,0.01,0.01,0.99,0.99,0.0,0.0,76760.15,1777312498000
1777312500.116,300.116,0.01,0.01,0.99,0.99,0.0,0.0,76758.71,1777312499000
1777312500.545,300.545,0.01,0.01,0.99,0.99,0.0,0.0,76758.71,1777312499000
1777312501.159,301.159,0.01,0.01,0.99,0.99,0.0,0.0,76758.69,1777312500000
1777312502.295,302.295,0.01,0.01,0.99,0.99,0.0,0.0,76758.43,1777312501000
1777312502.94,302.94,0.01,0.01,0.99,0.99,0.0,0.0,76760.24,1777312502000

# RESULT,winner=Down,slug=btc-updown-5m-1777312200,ticks=680
