timestamp,elapsed_sec,up_bid,up_ask,down_bid,down_ask,up_spread,down_spread,btc_price
1775842800.515,0.515,0.47,0.48,0.51,0.52,0.01,0.01,72920.53
1775842800.961,0.961,0.47,0.48,0.5,0.53,0.01,0.03,72919.95
1775842801.31,1.31,0.49,0.5,0.5,0.51,0.01,0.01,72919.95
1775842801.651,1.651,0.49,0.5,0.5,0.51,0.01,0.01,72919.95
1775842802.028,2.028,0.48,0.5,0.5,0.51,0.02,0.01,72919.95
1775842802.443,2.443,0.48,0.49,0.51,0.52,0.01,0.01,72919.95
1775842802.802,2.802,0.49,0.5,0.5,0.51,0.01,0.01,72921.13
1775842803.532,3.532,0.49,0.5,0.5,0.52,0.01,0.02,72921.05
1775842803.988,3.988,0.49,0.5,0.5,0.51,0.01,0.01,72921.05
1775842804.326,4.326,0.49,0.5,0.5,0.51,0.01,0.01,72921.05
1775842804.679,4.679,0.48,0.5,0.5,0.52,0.02,0.02,72919.95
1775842805.026,5.026,0.49,0.5,0.5,0.51,0.01,0.01,72919.95
1775842805.433,5.433,0.49,0.5,0.5,0.51,0.01,0.01,72920.87
1775842805.789,5.789,0.49,0.5,0.5,0.51,0.01,0.01,72920.87
1775842806.14,6.14,0.49,0.5,0.5,0.51,0.01,0.01,72920.87
1775842806.492,6.492,0.49,0.5,0.5,0.51,0.01,0.01,72929.56
1775842806.887,6.887,0.49,0.5,0.5,0.51,0.01,0.01,72929.56
1775842807.346,7.346,0.49,0.5,0.5,0.51,0.01,0.01,72931.26
1775842807.715,7.715,0.49,0.5,0.5,0.51,0.01,0.01,72931.26
1775842808.144,8.144,0.49,0.5,0.5,0.51,0.01,0.01,72931.26
1775842808.505,8.505,0.48,0.49,0.51,0.52,0.01,0.01,72931.8
1775842808.84,8.84,0.48,0.49,0.51,0.53,0.01,0.02,72931.8
1775842809.178,9.178,0.47,0.48,0.52,0.53,0.01,0.01,72932.31
1775842809.512,9.512,0.47,0.48,0.52,0.53,0.01,0.01,72932.31
1775842809.979,9.979,0.47,0.48,0.52,0.53,0.01,0.01,72932.31
1775842810.331,10.331,0.47,0.48,0.52,0.53,0.01,0.01,72928.54
1775842810.688,10.688,0.47,0.48,0.52,0.53,0.01,0.01,72928.54
1775842811.051,11.051,0.47,0.48,0.52,0.53,0.01,0.01,72928.54
1775842811.421,11.421,0.47,0.48,0.52,0.53,0.01,0.01,72928.54
1775842811.883,11.883,0.47,0.48,0.52,0.53,0.01,0.01,72919.09
1775842812.28,12.28,0.48,0.49,0.51,0.52,0.01,0.01,72919.09
1775842813.273,13.273,0.46,0.49,0.51,0.52,0.03,0.01,72919.03
1775842813.627,13.627,0.41,0.46,0.54,0.59,0.05,0.05,72919.03
1775842813.961,13.961,0.39,0.4,0.59,0.6,0.01,0.01,72919.03
1775842814.358,14.358,0.39,0.4,0.6,0.61,0.01,0.01,72918.44
1775842814.767,14.767,0.41,0.42,0.58,0.59,0.01,0.01,72918.44
1775842815.159,15.159,0.41,0.42,0.58,0.59,0.01,0.01,72913.67
1775842815.495,15.495,0.41,0.42,0.58,0.59,0.01,0.01,72913.67
1775842815.861,15.861,0.41,0.42,0.58,0.59,0.01,0.01,72913.67
1775842816.199,16.199,0.41,0.42,0.58,0.59,0.01,0.01,72906.71
1775842816.584,16.584,0.41,0.42,0.58,0.59,0.01,0.01,72906.71
1775842816.926,16.926,0.41,0.42,0.58,0.59,0.01,0.01,72906.71
1775842817.397,17.397,0.41,0.42,0.58,0.59,0.01,0.01,72906.59
1775842817.755,17.755,0.41,0.42,0.58,0.59,0.01,0.01,72906.59
1775842818.21,18.21,0.41,0.42,0.58,0.59,0.01,0.01,72906.59
1775842818.81,18.81,0.41,0.42,0.58,0.59,0.01,0.01,72906.6
1775842819.326,19.326,0.41,0.42,0.58,0.59,0.01,0.01,72906.68
1775842819.712,19.712,0.39,0.4,0.6,0.61,0.01,0.01,72906.68
1775842820.063,20.063,0.34,0.36,0.63,0.64,0.02,0.01,72906.68
1775842820.422,20.422,0.34,0.35,0.65,0.66,0.01,0.01,72906.46
1775842820.823,20.823,0.33,0.35,0.65,0.66,0.02,0.01,72906.46
1775842821.234,21.234,0.32,0.34,0.66,0.67,0.02,0.01,72906.46
1775842821.568,21.568,0.32,0.33,0.67,0.68,0.01,0.01,72902.49
1775842821.924,21.924,0.3,0.31,0.68,0.7,0.01,0.02,72902.49
1775842822.27,22.27,0.29,0.3,0.7,0.71,0.01,0.01,72895.88
1775842822.727,22.727,0.28,0.29,0.71,0.72,0.01,0.01,72895.88
1775842823.068,23.068,0.28,0.29,0.71,0.72,0.01,0.01,72895.88
1775842823.411,23.411,0.28,0.29,0.71,0.72,0.01,0.01,72886.76
1775842823.987,23.987,0.28,0.29,0.71,0.72,0.01,0.01,72886.76
1775842824.407,24.407,0.28,0.29,0.71,0.72,0.01,0.01,72881.5
1775842824.846,24.846,0.28,0.29,0.71,0.72,0.01,0.01,72881.5
1775842825.34,25.34,0.28,0.29,0.71,0.72,0.01,0.01,72882.25
1775842825.868,25.868,0.28,0.29,0.71,0.72,0.01,0.01,72882.25
1775842826.205,26.205,0.27,0.28,0.72,0.73,0.01,0.01,72882.25
1775842826.558,26.558,0.27,0.28,0.72,0.73,0.01,0.01,72882.25
1775842827.211,27.211,0.27,0.28,0.72,0.73,0.01,0.01,72881.81
1775842827.647,27.647,0.27,0.29,0.72,0.73,0.02,0.01,72881.81
1775842828.04,28.04,0.28,0.29,0.71,0.72,0.01,0.01,72881.81
1775842828.435,28.435,0.27,0.28,0.71,0.73,0.01,0.02,72881.81
1775842828.982,28.982,0.27,0.28,0.72,0.73,0.01,0.01,72881.81
1775842829.504,29.504,0.28,0.29,0.71,0.72,0.01,0.01,72882.21
1775842829.854,29.854,0.28,0.29,0.71,0.72,0.01,0.01,72882.21
1775842830.196,30.196,0.28,0.29,0.71,0.72,0.01,0.01,72882.21
1775842830.572,30.572,0.28,0.29,0.71,0.72,0.01,0.01,72882.21
1775842831.051,31.051,0.3,0.31,0.69,0.71,0.01,0.02,72882.21
1775842831.439,31.439,0.3,0.31,0.69,0.7,0.01,0.01,72882.31
1775842831.854,31.854,0.3,0.31,0.69,0.7,0.01,0.01,72882.31
1775842832.446,32.446,0.3,0.31,0.69,0.7,0.01,0.01,72883.67
1775842832.854,32.854,0.3,0.31,0.69,0.7,0.01,0.01,72883.67
1775842833.267,33.267,0.3,0.31,0.69,0.7,0.01,0.01,72883.67
1775842833.61,33.61,0.29,0.3,0.69,0.71,0.01,0.02,72886.25
1775842834.142,34.142,0.29,0.3,0.7,0.71,0.01,0.01,72886.65
1775842834.609,34.609,0.29,0.3,0.7,0.71,0.01,0.01,72886.65
1775842834.974,34.974,0.28,0.29,0.71,0.74,0.01,0.03,72886.65
1775842835.308,35.308,0.28,0.29,0.71,0.72,0.01,0.01,72885.36
1775842835.661,35.661,0.28,0.29,0.71,0.72,0.01,0.01,72885.36
1775842836.011,36.011,0.28,0.29,0.71,0.72,0.01,0.01,72885.36
1775842836.453,36.453,0.26,0.27,0.71,0.72,0.01,0.01,72884.09
1775842836.91,36.91,0.26,0.27,0.73,0.74,0.01,0.01,72884.09
1775842837.512,37.512,0.25,0.26,0.73,0.74,0.01,0.01,72883.34
1775842837.872,37.872,0.22,0.23,0.76,0.79,0.01,0.03,72883.34
1775842838.249,38.249,0.22,0.23,0.77,0.78,0.01,0.01,72883.43
1775842838.608,38.608,0.22,0.23,0.77,0.78,0.01,0.01,72883.43
1775842839.096,39.096,0.22,0.23,0.77,0.78,0.01,0.01,72883.43
1775842839.543,39.543,0.22,0.23,0.77,0.78,0.01,0.01,72880.43
1775842840.055,40.055,0.23,0.24,0.76,0.78,0.01,0.02,72880.43
1775842840.483,40.483,0.24,0.25,0.76,0.77,0.01,0.01,72877.41
1775842840.832,40.832,0.24,0.25,0.75,0.76,0.01,0.01,72877.41
1775842841.24,41.24,0.24,0.25,0.75,0.76,0.01,0.01,72877.41
1775842841.578,41.578,0.25,0.26,0.74,0.75,0.01,0.01,72876.62
1775842842.023,42.023,0.25,0.26,0.74,0.75,0.01,0.01,72876.62
1775842842.423,42.423,0.25,0.26,0.74,0.75,0.01,0.01,72877.61
1775842842.76,42.76,0.25,0.26,0.74,0.75,0.01,0.01,72877.61
1775842843.163,43.163,0.25,0.26,0.74,0.75,0.01,0.01,72877.61
1775842843.508,43.508,0.26,0.27,0.74,0.75,0.01,0.01,72878.33
1775842844.294,44.294,0.26,0.27,0.73,0.74,0.01,0.01,72878.33
1775842844.627,44.627,0.26,0.27,0.73,0.74,0.01,0.01,72878.63
1775842845.018,45.018,0.26,0.27,0.73,0.74,0.01,0.01,72878.63
1775842845.498,45.498,0.26,0.27,0.73,0.74,0.01,0.01,72878.63
1775842845.851,45.851,0.26,0.27,0.73,0.74,0.01,0.01,72881.36
1775842846.31,46.31,0.26,0.27,0.73,0.74,0.01,0.01,72881.36
1775842846.655,46.655,0.26,0.27,0.73,0.74,0.01,0.01,72881.42
1775842847.517,47.517,0.26,0.27,0.73,0.74,0.01,0.01,72881.52
1775842847.875,47.875,0.25,0.28,0.74,0.75,0.03,0.01,72881.52
1775842848.271,48.271,0.27,0.28,0.72,0.75,0.01,0.03,72880.06
1775842848.805,48.805,0.25,0.26,0.72,0.73,0.01,0.01,72880.06
1775842849.195,49.195,0.23,0.25,0.75,0.77,0.02,0.02,72879.77
1775842849.542,49.542,0.23,0.24,0.76,0.77,0.01,0.01,72879.77
1775842849.875,49.875,0.2,0.21,0.79,0.8,0.01,0.01,72879.77
1775842850.218,50.218,0.2,0.21,0.79,0.8,0.01,0.01,72879.77
1775842850.615,50.615,0.2,0.21,0.79,0.8,0.01,0.01,72879.59
1775842850.964,50.964,0.2,0.21,0.79,0.8,0.01,0.01,72879.59
1775842851.445,51.445,0.2,0.21,0.79,0.8,0.01,0.01,72868.42
1775842852.245,52.245,0.2,0.21,0.79,0.8,0.01,0.01,72864.39
1775842852.634,52.634,0.2,0.21,0.79,0.8,0.01,0.01,72864.39
1775842852.98,52.98,0.2,0.21,0.79,0.8,0.01,0.01,72864.39
1775842853.359,53.359,0.2,0.21,0.79,0.8,0.01,0.01,72862.77
1775842854.267,54.267,0.2,0.21,0.79,0.8,0.01,0.01,72862.75
1775842854.69,54.69,0.2,0.21,0.79,0.8,0.01,0.01,72862.75
1775842855.351,55.351,0.2,0.21,0.79,0.8,0.01,0.01,72864.62
1775842855.922,55.922,0.19,0.21,0.79,0.8,0.02,0.01,72864.62
1775842856.287,56.287,0.19,0.2,0.8,0.81,0.01,0.01,72864.44
1775842856.737,56.737,0.19,0.2,0.8,0.81,0.01,0.01,72864.44
1775842857.115,57.115,0.19,0.2,0.8,0.81,0.01,0.01,72863.16
1775842857.525,57.525,0.19,0.2,0.8,0.81,0.01,0.01,72863.16
1775842857.954,57.954,0.19,0.2,0.8,0.81,0.01,0.01,72863.16
1775842858.371,58.371,0.19,0.2,0.8,0.81,0.01,0.01,72864.03
1775842858.728,58.728,0.19,0.2,0.8,0.81,0.01,0.01,72864.03
1775842859.14,59.14,0.19,0.2,0.8,0.81,0.01,0.01,72864.03
1775842860.04,60.04,0.19,0.2,0.8,0.81,0.01,0.01,72862.09
1775842860.4,60.4,0.19,0.2,0.8,0.81,0.01,0.01,72862.09
1775842860.735,60.735,0.19,0.2,0.8,0.81,0.01,0.01,72862.1
1775842861.185,61.185,0.18,0.19,0.81,0.82,0.01,0.01,72862.1
1775842861.625,61.625,0.18,0.19,0.81,0.82,0.01,0.01,72862.17
1775842861.967,61.967,0.18,0.19,0.81,0.82,0.01,0.01,72862.17
1775842862.532,62.532,0.18,0.19,0.81,0.82,0.01,0.01,72862.17
1775842863.182,63.182,0.18,0.19,0.81,0.82,0.01,0.01,72862.68
1775842863.555,63.555,0.18,0.19,0.81,0.82,0.01,0.01,72862.68
1775842864.051,64.051,0.18,0.19,0.81,0.82,0.01,0.01,72862.02
1775842864.464,64.464,0.18,0.19,0.81,0.82,0.01,0.01,72864.01
1775842865.046,65.046,0.18,0.19,0.81,0.82,0.01,0.01,72864.01
1775842865.471,65.471,0.18,0.19,0.81,0.82,0.01,0.01,72864.01
1775842866.258,66.258,0.18,0.19,0.81,0.82,0.01,0.01,72861.9
1775842866.741,66.741,0.18,0.19,0.81,0.82,0.01,0.01,72861.9
1775842867.202,67.202,0.18,0.19,0.81,0.82,0.01,0.01,72861.9
1775842867.56,67.56,0.18,0.19,0.81,0.82,0.01,0.01,72861.9
1775842868.416,68.416,0.16,0.19,0.81,0.82,0.03,0.01,72861.9
1775842868.796,68.796,0.15,0.16,0.83,0.84,0.01,0.01,72861.9
1775842869.133,69.133,0.15,0.16,0.84,0.85,0.01,0.01,72861.9
1775842869.602,69.602,0.15,0.16,0.84,0.85,0.01,0.01,72861.9
1775842869.948,69.948,0.15,0.16,0.84,0.85,0.01,0.01,72861.9
1775842870.306,70.306,0.15,0.16,0.84,0.85,0.01,0.01,72861.55
1775842870.665,70.665,0.15,0.16,0.84,0.85,0.01,0.01,72861.55
1775842871.239,71.239,0.15,0.16,0.84,0.85,0.01,0.01,72861.55
1775842871.702,71.702,0.15,0.16,0.84,0.85,0.01,0.01,72855.86
1775842872.275,72.275,0.15,0.16,0.84,0.85,0.01,0.01,72855.86
1775842872.686,72.686,0.15,0.16,0.84,0.85,0.01,0.01,72855.86
1775842873.02,73.02,0.15,0.16,0.84,0.85,0.01,0.01,72855.86
1775842873.374,73.374,0.15,0.16,0.84,0.85,0.01,0.01,72855.86
1775842873.75,73.75,0.15,0.16,0.84,0.85,0.01,0.01,72850.95
1775842874.298,74.298,0.15,0.16,0.84,0.85,0.01,0.01,72850.95
1775842874.718,74.718,0.15,0.16,0.84,0.85,0.01,0.01,72850.95
1775842875.17,75.17,0.15,0.16,0.84,0.85,0.01,0.01,72851.14
1775842875.506,75.506,0.15,0.17,0.84,0.85,0.02,0.01,72851.14
1775842875.872,75.872,0.18,0.2,0.8,0.83,0.02,0.03,72851.14
1775842876.359,76.359,0.21,0.22,0.78,0.79,0.01,0.01,72851.14
1775842876.864,76.864,0.21,0.22,0.78,0.79,0.01,0.01,72853.54
1775842877.217,77.217,0.21,0.22,0.78,0.79,0.01,0.01,72853.54
1775842877.672,77.672,0.21,0.22,0.78,0.79,0.01,0.01,72860.89
1775842878.076,78.076,0.21,0.22,0.78,0.79,0.01,0.01,72860.89
1775842878.483,78.483,0.21,0.22,0.78,0.79,0.01,0.01,72860.89
1775842878.875,78.875,0.21,0.22,0.78,0.79,0.01,0.01,72867.17
1775842879.352,79.352,0.21,0.22,0.78,0.79,0.01,0.01,72867.56
1775842879.697,79.697,0.21,0.22,0.78,0.79,0.01,0.01,72867.56
1775842880.428,80.428,0.21,0.22,0.78,0.79,0.01,0.01,72867.56
1775842880.906,80.906,0.21,0.22,0.78,0.79,0.01,0.01,72867.56
1775842881.862,81.862,0.21,0.23,0.78,0.79,0.02,0.01,72867.58
1775842882.247,82.247,0.23,0.24,0.76,0.77,0.01,0.01,72867.58
1775842882.76,82.76,0.23,0.24,0.76,0.77,0.01,0.01,72870.01
1775842883.12,83.12,0.23,0.25,0.76,0.77,0.02,0.01,72870.01
1775842883.466,83.466,0.24,0.25,0.75,0.76,0.01,0.01,72871.48
1775842884.019,84.019,0.24,0.25,0.75,0.76,0.01,0.01,72871.48
1775842884.363,84.363,0.24,0.25,0.75,0.76,0.01,0.01,72871.48
1775842884.768,84.768,0.24,0.25,0.75,0.76,0.01,0.01,72871.48
1775842885.171,85.171,0.24,0.26,0.75,0.76,0.02,0.01,72874.89
1775842885.699,85.699,0.25,0.26,0.74,0.75,0.01,0.01,72874.89
1775842886.678,86.678,0.27,0.28,0.74,0.75,0.01,0.01,72875.69
1775842887.072,87.072,0.3,0.31,0.7,0.71,0.01,0.01,72875.69
1775842887.575,87.575,0.3,0.31,0.69,0.7,0.01,0.01,72876.32
1775842887.909,87.909,0.29,0.3,0.69,0.7,0.01,0.01,72876.32
1775842888.263,88.263,0.29,0.3,0.7,0.71,0.01,0.01,72876.32
1775842888.785,88.785,0.29,0.3,0.7,0.71,0.01,0.01,72879.85
1775842889.247,89.247,0.29,0.3,0.7,0.71,0.01,0.01,72880.24
1775842889.837,89.837,0.29,0.3,0.7,0.71,0.01,0.01,72880.24
1775842890.206,90.206,0.29,0.3,0.7,0.71,0.01,0.01,72880.4
1775842890.565,90.565,0.29,0.3,0.7,0.71,0.01,0.01,72880.4
1775842891.052,91.052,0.29,0.3,0.7,0.71,0.01,0.01,72880.73
1775842891.459,91.459,0.28,0.29,0.71,0.72,0.01,0.01,72880.73
1775842891.925,91.925,0.28,0.29,0.71,0.72,0.01,0.01,72880.73
1775842892.445,92.445,0.28,0.29,0.71,0.72,0.01,0.01,72880.73
1775842892.785,92.785,0.24,0.25,0.74,0.76,0.01,0.02,72880.57
1775842893.502,93.502,0.23,0.24,0.76,0.77,0.01,0.01,72880.52
1775842893.875,93.875,0.23,0.24,0.76,0.77,0.01,0.01,72880.52
1775842894.299,94.299,0.23,0.24,0.76,0.77,0.01,0.01,72880.52
1775842894.716,94.716,0.23,0.24,0.76,0.77,0.01,0.01,72880.52
1775842895.13,95.13,0.23,0.24,0.76,0.77,0.01,0.01,72877.52
1775842895.466,95.466,0.23,0.24,0.76,0.77,0.01,0.01,72877.52
1775842895.99,95.99,0.23,0.24,0.76,0.77,0.01,0.01,72876.94
1775842896.332,96.332,0.23,0.24,0.76,0.77,0.01,0.01,72876.94
1775842896.76,96.76,0.25,0.26,0.75,0.76,0.01,0.01,72876.94
1775842897.478,97.478,0.26,0.27,0.73,0.74,0.01,0.01,72876.66
1775842897.864,97.864,0.27,0.28,0.72,0.73,0.01,0.01,72876.66
1775842898.261,98.261,0.26,0.27,0.72,0.73,0.01,0.01,72877.53
1775842898.675,98.675,0.25,0.27,0.73,0.74,0.02,0.01,72877.53
1775842899.868,99.868,0.25,0.26,0.74,0.75,0.01,0.01,72878.31
1775842900.364,100.364,0.25,0.26,0.74,0.75,0.01,0.01,72879.34
1775842900.711,100.711,0.25,0.27,0.74,0.75,0.02,0.01,72879.34
1775842901.05,101.05,0.26,0.27,0.73,0.75,0.01,0.02,72879.34
1775842901.882,101.882,0.26,0.27,0.73,0.74,0.01,0.01,72879.38
1775842902.24,102.24,0.26,0.27,0.73,0.74,0.01,0.01,72879.38
1775842902.825,102.825,0.27,0.28,0.72,0.74,0.01,0.02,72879.39
1775842903.207,103.207,0.27,0.28,0.72,0.73,0.01,0.01,72879.96
1775842903.638,103.638,0.27,0.28,0.72,0.73,0.01,0.01,72879.96
1775842904.0,104.0,0.28,0.29,0.71,0.72,0.01,0.01,72879.96
1775842904.372,104.372,0.28,0.29,0.71,0.72,0.01,0.01,72880.4
1775842904.744,104.744,0.28,0.29,0.71,0.72,0.01,0.01,72880.4
1775842905.235,105.235,0.28,0.29,0.71,0.72,0.01,0.01,72880.53
1775842905.668,105.668,0.28,0.29,0.71,0.72,0.01,0.01,72880.53
1775842906.036,106.036,0.28,0.29,0.71,0.72,0.01,0.01,72880.53
1775842906.561,106.561,0.28,0.29,0.71,0.72,0.01,0.01,72880.53
1775842907.02,107.02,0.25,0.27,0.73,0.74,0.02,0.01,72880.53
1775842907.42,107.42,0.25,0.26,0.74,0.75,0.01,0.01,72880.53
1775842907.856,107.856,0.25,0.26,0.74,0.75,0.01,0.01,72880.63
1775842908.433,108.433,0.22,0.23,0.77,0.78,0.01,0.01,72880.62
1775842908.786,108.786,0.22,0.23,0.77,0.78,0.01,0.01,72880.62
1775842909.206,109.206,0.22,0.23,0.77,0.78,0.01,0.01,72880.62
1775842909.579,109.579,0.21,0.23,0.77,0.78,0.02,0.01,72876.58
1775842909.92,109.92,0.21,0.22,0.78,0.79,0.01,0.01,72876.58
1775842910.272,110.272,0.21,0.22,0.78,0.79,0.01,0.01,72875.63
1775842910.699,110.699,0.21,0.22,0.78,0.79,0.01,0.01,72875.63
1775842911.04,111.04,0.21,0.22,0.78,0.79,0.01,0.01,72875.63
1775842911.475,111.475,0.21,0.22,0.78,0.79,0.01,0.01,72875.53
1775842912.213,112.213,0.21,0.22,0.78,0.79,0.01,0.01,72875.48
1775842912.812,112.812,0.21,0.22,0.78,0.79,0.01,0.01,72875.48
1775842913.349,113.349,0.21,0.22,0.78,0.79,0.01,0.01,72875.48
1775842913.706,113.706,0.21,0.22,0.78,0.79,0.01,0.01,72875.48
1775842914.151,114.151,0.21,0.22,0.78,0.79,0.01,0.01,72875.48
1775842914.543,114.543,0.21,0.22,0.78,0.79,0.01,0.01,72875.49
1775842915.086,115.086,0.21,0.22,0.78,0.79,0.01,0.01,72875.49
1775842915.609,115.609,0.21,0.22,0.78,0.79,0.01,0.01,72875.51
1775842916.348,116.348,0.2,0.22,0.78,0.79,0.02,0.01,72875.51
1775842916.708,116.708,0.19,0.2,0.8,0.81,0.01,0.01,72875.3
1775842917.07,117.07,0.18,0.19,0.81,0.83,0.01,0.02,72875.3
1775842917.518,117.518,0.18,0.19,0.81,0.82,0.01,0.01,72875.05
1775842918.255,118.255,0.18,0.19,0.81,0.82,0.01,0.01,72875.05
1775842918.616,118.616,0.17,0.18,0.81,0.82,0.01,0.01,72872.58
1775842918.955,118.955,0.17,0.18,0.82,0.83,0.01,0.01,72872.58
1775842919.378,119.378,0.17,0.18,0.82,0.83,0.01,0.01,72870.79
1775842919.938,119.938,0.19,0.2,0.81,0.83,0.01,0.02,72870.79
1775842920.672,120.672,0.19,0.2,0.8,0.81,0.01,0.01,72868.5
1775842921.226,121.226,0.19,0.2,0.8,0.81,0.01,0.01,72868.5
1775842921.602,121.602,0.19,0.2,0.8,0.81,0.01,0.01,72868.69
1775842921.979,121.979,0.19,0.2,0.8,0.81,0.01,0.01,72868.69
1775842922.33,122.33,0.2,0.21,0.79,0.81,0.01,0.02,72868.69
1775842922.818,122.818,0.23,0.24,0.76,0.77,0.01,0.01,72868.37
1775842923.21,123.21,0.23,0.24,0.76,0.77,0.01,0.01,72868.37
1775842923.549,123.549,0.22,0.23,0.77,0.78,0.01,0.01,72868.37
1775842923.884,123.884,0.21,0.23,0.77,0.79,0.02,0.02,72869.82
1775842924.244,124.244,0.21,0.22,0.78,0.79,0.01,0.01,72870.75
1775842924.78,124.78,0.21,0.22,0.78,0.79,0.01,0.01,72870.75
1775842925.401,125.401,0.19,0.2,0.8,0.81,0.01,0.01,72874.13
1775842925.952,125.952,0.19,0.2,0.8,0.81,0.01,0.01,72874.13
1775842926.318,126.318,0.19,0.2,0.8,0.81,0.01,0.01,72874.13
1775842926.739,126.739,0.18,0.19,0.8,0.82,0.01,0.02,72870.59
1775842927.198,127.198,0.17,0.19,0.81,0.82,0.02,0.01,72870.59
1775842927.539,127.539,0.16,0.17,0.82,0.84,0.01,0.02,72869.09
1775842928.055,128.055,0.16,0.17,0.83,0.84,0.01,0.01,72867.7
1775842928.475,128.475,0.16,0.17,0.83,0.84,0.01,0.01,72867.7
1775842929.205,129.205,0.15,0.16,0.83,0.85,0.01,0.02,72865.6
1775842929.551,129.551,0.13,0.14,0.86,0.87,0.01,0.01,72865.6
1775842929.931,129.931,0.13,0.14,0.86,0.87,0.01,0.01,72865.6
1775842930.277,130.277,0.12,0.13,0.86,0.88,0.01,0.02,72857.84
1775842930.636,130.636,0.12,0.13,0.87,0.88,0.01,0.01,72857.84
1775842931.015,131.015,0.12,0.13,0.87,0.88,0.01,0.01,72857.84
1775842931.348,131.348,0.12,0.13,0.87,0.88,0.01,0.01,72849.65
1775842931.776,131.776,0.12,0.13,0.87,0.88,0.01,0.01,72849.65
1775842932.15,132.15,0.12,0.13,0.87,0.88,0.01,0.01,72849.65
1775842932.559,132.559,0.12,0.13,0.87,0.88,0.01,0.01,72846.55
1775842932.898,132.898,0.12,0.13,0.87,0.88,0.01,0.01,72846.55
1775842933.255,133.255,0.12,0.13,0.87,0.88,0.01,0.01,72846.55
1775842933.645,133.645,0.12,0.13,0.87,0.88,0.01,0.01,72845.99
1775842934.153,134.153,0.12,0.13,0.87,0.88,0.01,0.01,72845.99
1775842934.723,134.723,0.12,0.13,0.87,0.88,0.01,0.01,72846.59
1775842935.115,135.115,0.12,0.13,0.87,0.88,0.01,0.01,72846.78
1775842935.533,135.533,0.12,0.13,0.87,0.88,0.01,0.01,72846.78
1775842935.873,135.873,0.12,0.13,0.87,0.88,0.01,0.01,72846.78
1775842936.362,136.362,0.12,0.13,0.87,0.88,0.01,0.01,72845.99
1775842937.035,137.035,0.11,0.12,0.87,0.88,0.01,0.01,72845.99
1775842937.491,137.491,0.11,0.12,0.88,0.89,0.01,0.01,72845.99
1775842937.835,137.835,0.11,0.12,0.88,0.89,0.01,0.01,72845.99
1775842938.248,138.248,0.11,0.12,0.88,0.89,0.01,0.01,72846.87
1775842938.584,138.584,0.12,0.13,0.87,0.88,0.01,0.01,72846.87
1775842938.938,138.938,0.12,0.13,0.87,0.88,0.01,0.01,72846.87
1775842939.582,139.582,0.12,0.13,0.87,0.88,0.01,0.01,72846.8
1775842939.935,139.935,0.12,0.13,0.87,0.88,0.01,0.01,72846.8
1775842940.313,140.313,0.13,0.14,0.86,0.88,0.01,0.02,72848.71
1775842940.747,140.747,0.13,0.14,0.86,0.87,0.01,0.01,72848.71
1775842941.348,141.348,0.13,0.14,0.86,0.87,0.01,0.01,72848.71
1775842941.764,141.764,0.13,0.14,0.86,0.87,0.01,0.01,72850.7
1775842942.319,142.319,0.13,0.14,0.86,0.87,0.01,0.01,72850.7
1775842942.845,142.845,0.13,0.14,0.86,0.87,0.01,0.01,72851.69
1775842943.196,143.196,0.14,0.15,0.85,0.86,0.01,0.01,72852.43
1775842943.667,143.667,0.16,0.17,0.84,0.85,0.01,0.01,72852.43
1775842944.027,144.027,0.17,0.18,0.83,0.84,0.01,0.01,72852.43
1775842944.488,144.488,0.17,0.18,0.82,0.83,0.01,0.01,72853.07
1775842944.982,144.982,0.17,0.18,0.82,0.83,0.01,0.01,72853.07
1775842945.317,145.317,0.17,0.18,0.82,0.83,0.01,0.01,72862.24
1775842945.764,145.764,0.17,0.18,0.82,0.83,0.01,0.01,72862.24
1775842946.809,146.809,0.17,0.18,0.82,0.83,0.01,0.01,72864.22
1775842947.147,147.147,0.24,0.25,0.75,0.76,0.01,0.01,72864.69
1775842947.579,147.579,0.24,0.25,0.75,0.76,0.01,0.01,72864.69
1775842947.959,147.959,0.24,0.27,0.75,0.76,0.03,0.01,72864.69
1775842948.377,148.377,0.26,0.27,0.73,0.75,0.01,0.02,72865.63
1775842948.713,148.713,0.27,0.3,0.7,0.73,0.03,0.03,72865.63
1775842949.072,149.072,0.29,0.3,0.7,0.72,0.01,0.02,72865.63
1775842949.406,149.406,0.29,0.3,0.7,0.71,0.01,0.01,72881.12
1775842949.928,149.928,0.29,0.3,0.7,0.71,0.01,0.01,72881.12
1775842950.605,150.605,0.31,0.32,0.68,0.69,0.01,0.01,72885.46
1775842950.965,150.965,0.32,0.33,0.67,0.69,0.01,0.02,72887.04
1775842951.313,151.313,0.33,0.35,0.65,0.67,0.02,0.02,72887.04
1775842951.786,151.786,0.36,0.37,0.63,0.65,0.01,0.02,72887.04
1775842952.129,152.129,0.39,0.42,0.58,0.62,0.03,0.04,72887.04
1775842952.563,152.563,0.41,0.44,0.56,0.57,0.03,0.01,72898.76
1775842952.901,152.901,0.43,0.44,0.56,0.57,0.01,0.01,72902.41
1775842953.259,153.259,0.43,0.44,0.56,0.57,0.01,0.01,72902.41
1775842953.604,153.604,0.43,0.44,0.56,0.57,0.01,0.01,72902.41
1775842953.951,153.951,0.42,0.43,0.57,0.58,0.01,0.01,72905.78
1775842954.289,154.289,0.42,0.43,0.57,0.58,0.01,0.01,72905.78
1775842954.635,154.635,0.42,0.43,0.57,0.58,0.01,0.01,72905.78
1775842954.972,154.972,0.41,0.42,0.58,0.59,0.01,0.01,72905.78
1775842955.572,155.572,0.4,0.41,0.58,0.6,0.01,0.02,72906.81
1775842956.222,156.222,0.4,0.41,0.59,0.6,0.01,0.01,72907.01
1775842956.556,156.556,0.4,0.41,0.59,0.6,0.01,0.01,72907.01
1775842956.945,156.945,0.4,0.41,0.59,0.6,0.01,0.01,72906.41
1775842957.297,157.297,0.4,0.41,0.59,0.6,0.01,0.01,72906.41
1775842957.691,157.691,0.4,0.41,0.59,0.6,0.01,0.01,72906.41
1775842958.067,158.067,0.39,0.4,0.6,0.61,0.01,0.01,72906.41
1775842958.457,158.457,0.39,0.4,0.6,0.61,0.01,0.01,72906.56
1775842958.827,158.827,0.39,0.4,0.6,0.61,0.01,0.01,72906.56
1775842959.356,159.356,0.39,0.4,0.6,0.61,0.01,0.01,72906.56
1775842959.769,159.769,0.39,0.4,0.6,0.61,0.01,0.01,72906.56
1775842960.143,160.143,0.39,0.4,0.6,0.61,0.01,0.01,72906.56
1775842960.623,160.623,0.4,0.41,0.59,0.61,0.01,0.02,72906.53
1775842961.014,161.014,0.4,0.41,0.59,0.6,0.01,0.01,72906.53
1775842961.739,161.739,0.39,0.4,0.59,0.62,0.01,0.03,72906.66
1775842962.165,162.165,0.38,0.39,0.6,0.61,0.01,0.01,72906.66
1775842962.512,162.512,0.38,0.39,0.61,0.62,0.01,0.01,72906.66
1775842963.202,163.202,0.38,0.39,0.61,0.62,0.01,0.01,72906.77
1775842963.557,163.557,0.38,0.39,0.61,0.62,0.01,0.01,72906.77
1775842963.895,163.895,0.38,0.39,0.61,0.62,0.01,0.01,72906.77
1775842964.259,164.259,0.38,0.39,0.61,0.62,0.01,0.01,72906.77
1775842965.042,165.042,0.38,0.39,0.61,0.62,0.01,0.01,72906.55
1775842965.502,165.502,0.38,0.39,0.61,0.62,0.01,0.01,72906.55
1775842966.036,166.036,0.38,0.39,0.61,0.62,0.01,0.01,72906.55
1775842966.369,166.369,0.35,0.37,0.63,0.65,0.02,0.02,72904.51
1775842966.744,166.744,0.32,0.34,0.67,0.68,0.02,0.01,72904.51
1775842967.246,167.246,0.32,0.33,0.67,0.68,0.01,0.01,72904.97
1775842967.659,167.659,0.31,0.32,0.68,0.69,0.01,0.01,72904.97
1775842968.426,168.426,0.31,0.32,0.68,0.69,0.01,0.01,72900.98
1775842968.781,168.781,0.31,0.32,0.68,0.69,0.01,0.01,72900.98
1775842969.222,169.222,0.31,0.32,0.68,0.69,0.01,0.01,72898.31
1775842969.563,169.563,0.31,0.32,0.68,0.69,0.01,0.01,72898.31
1775842969.912,169.912,0.3,0.32,0.68,0.69,0.02,0.01,72898.31
1775842970.391,170.391,0.3,0.31,0.69,0.7,0.01,0.01,72897.42
1775842970.742,170.742,0.31,0.32,0.68,0.69,0.01,0.01,72897.42
1775842971.248,171.248,0.3,0.31,0.68,0.69,0.01,0.01,72897.42
1775842971.626,171.626,0.3,0.31,0.69,0.7,0.01,0.01,72897.42
1775842972.124,172.124,0.3,0.31,0.69,0.7,0.01,0.01,72897.51
1775842972.579,172.579,0.3,0.31,0.69,0.7,0.01,0.01,72897.51
1775842973.095,173.095,0.32,0.33,0.67,0.68,0.01,0.01,72897.51
1775842973.631,173.631,0.32,0.33,0.67,0.68,0.01,0.01,72897.51
1775842973.973,173.973,0.32,0.33,0.67,0.68,0.01,0.01,72897.51
1775842974.315,174.315,0.32,0.33,0.67,0.68,0.01,0.01,72897.5
1775842974.817,174.817,0.32,0.33,0.67,0.68,0.01,0.01,72897.5
1775842975.69,175.69,0.32,0.34,0.67,0.68,0.02,0.01,72897.97
1775842976.036,176.036,0.36,0.37,0.65,0.66,0.01,0.01,72897.97
1775842976.39,176.39,0.36,0.38,0.63,0.64,0.02,0.01,72898.92
1775842976.903,176.903,0.38,0.39,0.6,0.63,0.01,0.03,72898.92
1775842977.269,177.269,0.41,0.42,0.57,0.6,0.01,0.03,72898.92
1775842977.654,177.654,0.42,0.43,0.57,0.58,0.01,0.01,72902.59
1775842978.037,178.037,0.42,0.43,0.57,0.58,0.01,0.01,72902.59
1775842978.398,178.398,0.42,0.43,0.57,0.58,0.01,0.01,72904.61
1775842978.825,178.825,0.42,0.43,0.57,0.58,0.01,0.01,72904.61
1775842979.277,179.277,0.42,0.43,0.57,0.58,0.01,0.01,72908.91
1775842979.655,179.655,0.42,0.43,0.57,0.58,0.01,0.01,72908.91
1775842980.033,180.033,0.43,0.45,0.56,0.57,0.02,0.01,72908.91
1775842980.463,180.463,0.44,0.45,0.55,0.56,0.01,0.01,72908.91
1775842980.884,180.884,0.44,0.45,0.55,0.56,0.01,0.01,72908.91
1775842981.229,181.229,0.45,0.48,0.52,0.55,0.03,0.03,72909.23
1775842981.612,181.612,0.47,0.48,0.52,0.53,0.01,0.01,72909.23
1775842981.983,181.983,0.5,0.53,0.48,0.51,0.03,0.03,72909.23
1775842982.318,182.318,0.54,0.55,0.45,0.46,0.01,0.01,72910.65
1775842982.722,182.722,0.55,0.56,0.44,0.45,0.01,0.01,72910.65
1775842983.06,183.06,0.56,0.57,0.43,0.44,0.01,0.01,72910.65
1775842983.395,183.395,0.58,0.59,0.41,0.42,0.01,0.01,72920.31
1775842983.747,183.747,0.58,0.59,0.41,0.42,0.01,0.01,72920.31
1775842984.183,184.183,0.58,0.59,0.41,0.42,0.01,0.01,72923.19
1775842984.52,184.52,0.58,0.59,0.41,0.42,0.01,0.01,72923.19
1775842985.049,185.049,0.59,0.6,0.4,0.42,0.01,0.02,72923.19
1775842985.395,185.395,0.59,0.6,0.4,0.41,0.01,0.01,72926.74
1775842985.773,185.773,0.59,0.6,0.4,0.41,0.01,0.01,72926.74
1775842986.107,186.107,0.61,0.62,0.38,0.41,0.01,0.03,72926.74
1775842986.441,186.441,0.61,0.62,0.38,0.39,0.01,0.01,72926.74
1775842986.833,186.833,0.62,0.63,0.37,0.38,0.01,0.01,72926.74
1775842987.249,187.249,0.62,0.63,0.37,0.38,0.01,0.01,72928.67
1775842987.609,187.609,0.62,0.63,0.37,0.38,0.01,0.01,72928.67
1775842988.006,188.006,0.62,0.63,0.37,0.38,0.01,0.01,72928.67
1775842988.637,188.637,0.62,0.63,0.37,0.38,0.01,0.01,72930.62
1775842989.013,189.013,0.62,0.63,0.37,0.38,0.01,0.01,72931.34
1775842989.451,189.451,0.62,0.63,0.37,0.38,0.01,0.01,72931.34
1775842989.816,189.816,0.62,0.63,0.37,0.38,0.01,0.01,72931.34
1775842990.441,190.441,0.62,0.63,0.37,0.38,0.01,0.01,72931.34
1775842990.842,190.842,0.62,0.63,0.37,0.38,0.01,0.01,72931.62
1775842991.193,191.193,0.62,0.63,0.37,0.38,0.01,0.01,72931.62
1775842991.757,191.757,0.62,0.63,0.37,0.38,0.01,0.01,72931.62
1775842992.138,192.138,0.62,0.64,0.37,0.38,0.02,0.01,72931.62
1775842992.739,192.739,0.63,0.64,0.36,0.37,0.01,0.01,72931.62
1775842993.123,193.123,0.62,0.64,0.36,0.37,0.02,0.01,72932.32
1775842993.513,193.513,0.62,0.63,0.37,0.38,0.01,0.01,72932.32
1775842993.889,193.889,0.62,0.63,0.37,0.38,0.01,0.01,72932.5
1775842994.722,194.722,0.63,0.64,0.37,0.38,0.01,0.01,72932.5
1775842995.059,195.059,0.62,0.63,0.37,0.38,0.01,0.01,72932.5
1775842995.439,195.439,0.62,0.63,0.37,0.38,0.01,0.01,72932.61
1775842995.94,195.94,0.62,0.63,0.37,0.38,0.01,0.01,72932.61
1775842996.424,196.424,0.62,0.63,0.37,0.38,0.01,0.01,72932.61
1775842997.194,197.194,0.63,0.64,0.36,0.37,0.01,0.01,72932.61
1775842997.536,197.536,0.63,0.64,0.36,0.37,0.01,0.01,72932.61
1775842997.909,197.909,0.63,0.64,0.36,0.37,0.01,0.01,72932.61
1775842998.275,198.275,0.63,0.64,0.36,0.37,0.01,0.01,72932.61
1775842998.627,198.627,0.61,0.62,0.38,0.39,0.01,0.01,72932.61
1775842999.047,199.047,0.61,0.62,0.38,0.39,0.01,0.01,72931.81
1775842999.508,199.508,0.62,0.64,0.37,0.39,0.02,0.02,72931.81
1775842999.975,199.975,0.62,0.64,0.36,0.37,0.02,0.01,72931.72
1775843000.36,200.36,0.62,0.63,0.37,0.38,0.01,0.01,72932.61
1775843000.786,200.786,0.62,0.63,0.37,0.38,0.01,0.01,72932.61
1775843001.136,201.136,0.61,0.62,0.37,0.39,0.01,0.02,72932.61
1775843001.601,201.601,0.62,0.63,0.37,0.38,0.01,0.01,72932.61
1775843002.23,202.23,0.62,0.63,0.37,0.38,0.01,0.01,72932.61
1775843002.643,202.643,0.62,0.63,0.37,0.38,0.01,0.01,72932.61
1775843003.059,203.059,0.62,0.63,0.37,0.38,0.01,0.01,72932.61
1775843003.532,203.532,0.61,0.63,0.37,0.38,0.02,0.01,72932.61
1775843003.868,203.868,0.61,0.62,0.38,0.39,0.01,0.01,72932.61
1775843004.43,204.43,0.61,0.62,0.38,0.39,0.01,0.01,72932.61
1775843004.772,204.772,0.61,0.62,0.38,0.39,0.01,0.01,72932.43
1775843005.425,205.425,0.61,0.62,0.38,0.39,0.01,0.01,72931.18
1775843006.078,206.078,0.61,0.62,0.38,0.39,0.01,0.01,72931.18
1775843006.465,206.465,0.61,0.62,0.38,0.39,0.01,0.01,72931.18
1775843006.875,206.875,0.61,0.62,0.38,0.39,0.01,0.01,72931.17
1775843007.298,207.298,0.61,0.62,0.38,0.39,0.01,0.01,72931.17
1775843007.744,207.744,0.61,0.62,0.38,0.39,0.01,0.01,72931.17
1775843008.148,208.148,0.61,0.62,0.38,0.39,0.01,0.01,72931.17
1775843008.593,208.593,0.62,0.63,0.37,0.39,0.01,0.02,72931.18
1775843009.795,209.795,0.62,0.63,0.37,0.38,0.01,0.01,72931.18
1775843010.136,210.136,0.61,0.62,0.37,0.39,0.01,0.02,72931.18
1775843010.753,210.753,0.62,0.63,0.38,0.39,0.01,0.01,72931.18
1775843011.346,211.346,0.62,0.63,0.37,0.38,0.01,0.01,72931.18
1775843011.79,211.79,0.62,0.63,0.37,0.38,0.01,0.01,72931.18
1775843012.151,212.151,0.62,0.63,0.37,0.38,0.01,0.01,72931.18
1775843012.822,212.822,0.62,0.63,0.37,0.38,0.01,0.01,72931.18
1775843013.331,213.331,0.62,0.63,0.37,0.38,0.01,0.01,72931.18
1775843013.993,213.993,0.62,0.63,0.37,0.38,0.01,0.01,72931.18
1775843014.384,214.384,0.62,0.63,0.37,0.38,0.01,0.01,72931.18
1775843015.325,215.325,0.63,0.64,0.36,0.37,0.01,0.01,72931.18
1775843015.767,215.767,0.63,0.64,0.36,0.37,0.01,0.01,72931.18
1775843016.384,216.384,0.62,0.64,0.36,0.37,0.02,0.01,72931.18
1775843016.723,216.723,0.62,0.63,0.37,0.38,0.01,0.01,72931.18
1775843017.605,217.605,0.62,0.63,0.37,0.38,0.01,0.01,72931.18
1775843018.007,218.007,0.62,0.63,0.37,0.38,0.01,0.01,72931.18
1775843018.376,218.376,0.62,0.63,0.37,0.38,0.01,0.01,72931.18
1775843019.471,219.471,0.62,0.63,0.37,0.38,0.01,0.01,72931.18
1775843019.967,219.967,0.62,0.63,0.37,0.38,0.01,0.01,72931.18
1775843020.603,220.603,0.62,0.63,0.37,0.38,0.01,0.01,72931.18
1775843020.947,220.947,0.63,0.64,0.36,0.38,0.01,0.02,72931.18
1775843021.323,221.323,0.63,0.64,0.36,0.37,0.01,0.01,72931.18
1775843022.024,222.024,0.63,0.64,0.36,0.37,0.01,0.01,72931.18
1775843022.363,222.363,0.66,0.68,0.33,0.35,0.02,0.02,72932.43
1775843022.705,222.705,0.71,0.72,0.28,0.29,0.01,0.01,72932.43
1775843023.052,223.052,0.73,0.77,0.23,0.27,0.04,0.04,72932.43
1775843023.435,223.435,0.78,0.79,0.2,0.22,0.01,0.02,72932.43
1775843023.801,223.801,0.78,0.79,0.21,0.22,0.01,0.01,72934.61
1775843024.171,224.171,0.78,0.79,0.21,0.22,0.01,0.01,72937.17
1775843024.648,224.648,0.78,0.79,0.21,0.22,0.01,0.01,72937.17
1775843025.052,225.052,0.79,0.8,0.2,0.21,0.01,0.01,72937.17
1775843025.39,225.39,0.79,0.8,0.2,0.21,0.01,0.01,72945.03
1775843025.796,225.796,0.79,0.8,0.2,0.21,0.01,0.01,72945.03
1775843026.151,226.151,0.8,0.81,0.19,0.2,0.01,0.01,72945.03
1775843026.576,226.576,0.82,0.83,0.17,0.19,0.01,0.02,72945.03
1775843026.936,226.936,0.82,0.83,0.17,0.18,0.01,0.01,72945.72
1775843027.277,227.277,0.79,0.8,0.2,0.21,0.01,0.01,72945.72
1775843027.614,227.614,0.79,0.8,0.2,0.21,0.01,0.01,72944.96
1775843028.009,228.009,0.79,0.8,0.2,0.21,0.01,0.01,72944.96
1775843028.369,228.369,0.8,0.81,0.19,0.2,0.01,0.01,72944.96
1775843028.735,228.735,0.75,0.76,0.24,0.26,0.01,0.02,72944.96
1775843029.237,229.237,0.77,0.78,0.23,0.25,0.01,0.02,72944.96
1775843029.617,229.617,0.78,0.79,0.21,0.22,0.01,0.01,72944.96
1775843030.019,230.019,0.79,0.8,0.19,0.21,0.01,0.02,72944.96
1775843030.363,230.363,0.79,0.8,0.2,0.21,0.01,0.01,72944.1
1775843030.764,230.764,0.79,0.8,0.2,0.21,0.01,0.01,72944.1
1775843031.17,231.17,0.79,0.8,0.2,0.21,0.01,0.01,72944.51
1775843031.537,231.537,0.79,0.8,0.2,0.21,0.01,0.01,72944.51
1775843031.883,231.883,0.79,0.81,0.2,0.21,0.02,0.01,72944.51
1775843032.343,232.343,0.8,0.81,0.19,0.2,0.01,0.01,72944.51
1775843032.762,232.762,0.8,0.81,0.19,0.2,0.01,0.01,72944.51
1775843033.133,233.133,0.81,0.82,0.18,0.19,0.01,0.01,72944.51
1775843033.536,233.536,0.8,0.81,0.19,0.2,0.01,0.01,72944.36
1775843034.344,234.344,0.8,0.81,0.19,0.2,0.01,0.01,72944.84
1775843035.046,235.046,0.8,0.82,0.18,0.19,0.02,0.01,72944.84
1775843035.47,235.47,0.8,0.81,0.19,0.2,0.01,0.01,72944.84
1775843035.862,235.862,0.75,0.81,0.19,0.2,0.06,0.01,72944.84
1775843036.225,236.225,0.75,0.76,0.24,0.25,0.01,0.01,72944.92
1775843036.757,236.757,0.75,0.76,0.24,0.25,0.01,0.01,72944.92
1775843037.095,237.095,0.75,0.76,0.24,0.25,0.01,0.01,72944.92
1775843037.44,237.44,0.75,0.76,0.24,0.25,0.01,0.01,72944.92
1775843037.783,237.783,0.72,0.74,0.25,0.27,0.02,0.02,72944.92
1775843038.174,238.174,0.72,0.73,0.27,0.28,0.01,0.01,72944.32
1775843038.516,238.516,0.72,0.73,0.27,0.28,0.01,0.01,72944.32
1775843038.91,238.91,0.72,0.73,0.27,0.28,0.01,0.01,72942.25
1775843039.282,239.282,0.72,0.73,0.27,0.28,0.01,0.01,72942.25
1775843039.804,239.804,0.72,0.73,0.27,0.28,0.01,0.01,72939.8
1775843040.21,240.21,0.72,0.73,0.27,0.28,0.01,0.01,72937.03
1775843040.545,240.545,0.71,0.73,0.27,0.28,0.02,0.01,72937.03
1775843040.879,240.879,0.71,0.72,0.28,0.29,0.01,0.01,72937.03
1775843041.283,241.283,0.72,0.73,0.27,0.28,0.01,0.01,72937.03
1775843041.664,241.664,0.74,0.75,0.25,0.26,0.01,0.01,72935.91
1775843042.122,242.122,0.74,0.75,0.25,0.26,0.01,0.01,72935.91
1775843042.5,242.5,0.74,0.75,0.25,0.26,0.01,0.01,72935.96
1775843042.92,242.92,0.74,0.75,0.25,0.26,0.01,0.01,72935.96
1775843043.378,243.378,0.74,0.75,0.25,0.26,0.01,0.01,72935.96
1775843043.814,243.814,0.74,0.76,0.24,0.25,0.02,0.01,72936.41
1775843044.221,244.221,0.75,0.76,0.24,0.25,0.01,0.01,72936.41
1775843044.647,244.647,0.75,0.76,0.24,0.25,0.01,0.01,72936.39
1775843045.007,245.007,0.76,0.77,0.24,0.25,0.01,0.01,72936.39
1775843045.356,245.356,0.79,0.8,0.21,0.23,0.01,0.02,72936.39
1775843045.705,245.705,0.81,0.82,0.18,0.19,0.01,0.01,72937.24
1775843046.158,246.158,0.81,0.82,0.18,0.19,0.01,0.01,72937.24
1775843046.52,246.52,0.8,0.81,0.19,0.2,0.01,0.01,72937.3
1775843046.889,246.889,0.82,0.83,0.18,0.2,0.01,0.02,72937.3
1775843047.448,247.448,0.82,0.83,0.17,0.18,0.01,0.01,72938.75
1775843047.811,247.811,0.82,0.83,0.17,0.18,0.01,0.01,72938.75
1775843048.174,248.174,0.81,0.82,0.17,0.19,0.01,0.02,72939.92
1775843048.507,248.507,0.81,0.82,0.18,0.19,0.01,0.01,72939.92
1775843048.888,248.888,0.82,0.83,0.17,0.18,0.01,0.01,72939.92
1775843049.338,249.338,0.82,0.83,0.17,0.18,0.01,0.01,72942.38
1775843049.856,249.856,0.82,0.83,0.17,0.18,0.01,0.01,72942.38
1775843050.56,250.56,0.82,0.83,0.17,0.18,0.01,0.01,72942.38
1775843051.124,251.124,0.81,0.83,0.17,0.18,0.02,0.01,72942.38
1775843051.527,251.527,0.82,0.83,0.18,0.19,0.01,0.01,72942.38
1775843051.943,251.943,0.82,0.83,0.18,0.19,0.01,0.01,72942.38
1775843052.406,252.406,0.82,0.83,0.17,0.18,0.01,0.01,72942.38
1775843052.75,252.75,0.8,0.81,0.18,0.2,0.01,0.02,72942.38
1775843053.153,253.153,0.8,0.81,0.19,0.2,0.01,0.01,72942.38
1775843053.764,253.764,0.8,0.81,0.19,0.2,0.01,0.01,72942.38
1775843054.722,254.722,0.81,0.82,0.18,0.19,0.01,0.01,72940.93
1775843055.237,255.237,0.81,0.82,0.18,0.19,0.01,0.01,72940.8
1775843055.83,255.83,0.82,0.83,0.17,0.18,0.01,0.01,72940.8
1775843056.196,256.196,0.82,0.83,0.17,0.18,0.01,0.01,72941.05
1775843057.044,257.044,0.82,0.83,0.17,0.18,0.01,0.01,72941.05
1775843057.496,257.496,0.82,0.83,0.17,0.18,0.01,0.01,72941.44
1775843057.875,257.875,0.82,0.83,0.17,0.18,0.01,0.01,72941.44
1775843058.455,258.455,0.82,0.83,0.17,0.18,0.01,0.01,72941.44
1775843058.795,258.795,0.7,0.71,0.28,0.3,0.01,0.02,72941.44
1775843059.21,259.21,0.67,0.68,0.32,0.33,0.01,0.01,72941.23
1775843059.547,259.547,0.66,0.67,0.33,0.34,0.01,0.01,72941.23
1775843059.909,259.909,0.66,0.67,0.33,0.34,0.01,0.01,72941.23
1775843060.27,260.27,0.69,0.7,0.3,0.31,0.01,0.01,72941.23
1775843060.613,260.613,0.69,0.7,0.3,0.31,0.01,0.01,72941.23
1775843060.978,260.978,0.69,0.7,0.3,0.31,0.01,0.01,72936.84
1775843061.4,261.4,0.7,0.74,0.3,0.31,0.04,0.01,72933.72
1775843061.803,261.803,0.72,0.73,0.26,0.28,0.01,0.02,72933.72
1775843062.15,262.15,0.72,0.73,0.27,0.28,0.01,0.01,72933.72
1775843062.484,262.484,0.7,0.71,0.29,0.3,0.01,0.01,72933.72
1775843062.82,262.82,0.7,0.71,0.29,0.3,0.01,0.01,72933.72
1775843063.182,263.182,0.7,0.71,0.29,0.3,0.01,0.01,72931.78
1775843063.673,263.673,0.7,0.71,0.29,0.3,0.01,0.01,72931.78
1775843064.188,264.188,0.69,0.7,0.3,0.31,0.01,0.01,72931.8
1775843064.659,264.659,0.73,0.74,0.26,0.29,0.01,0.03,72931.81
1775843065.048,265.048,0.74,0.75,0.25,0.26,0.01,0.01,72931.81
1775843065.541,265.541,0.74,0.76,0.25,0.26,0.02,0.01,72931.76
1775843065.901,265.901,0.75,0.76,0.24,0.25,0.01,0.01,72931.76
1775843066.248,266.248,0.75,0.77,0.23,0.25,0.02,0.02,72931.76
1775843066.614,266.614,0.76,0.77,0.23,0.24,0.01,0.01,72932.26
1775843067.189,267.189,0.77,0.79,0.22,0.23,0.02,0.01,72932.92
1775843067.749,267.749,0.78,0.79,0.21,0.22,0.01,0.01,72932.92
1775843068.402,268.402,0.78,0.79,0.21,0.22,0.01,0.01,72932.92
1775843068.75,268.75,0.78,0.79,0.21,0.22,0.01,0.01,72935.35
1775843069.124,269.124,0.8,0.81,0.19,0.2,0.01,0.01,72935.35
1775843069.471,269.471,0.84,0.85,0.15,0.17,0.01,0.02,72935.35
1775843069.874,269.874,0.86,0.87,0.13,0.14,0.01,0.01,72935.35
1775843070.389,270.389,0.86,0.87,0.13,0.14,0.01,0.01,72935.35
1775843070.792,270.792,0.87,0.88,0.12,0.13,0.01,0.01,72935.35
1775843071.148,271.148,0.88,0.89,0.11,0.12,0.01,0.01,72935.35
1775843071.519,271.519,0.88,0.89,0.11,0.12,0.01,0.01,72937.64
1775843071.883,271.883,0.88,0.89,0.11,0.12,0.01,0.01,72937.64
1775843072.443,272.443,0.89,0.9,0.1,0.11,0.01,0.01,72939.04
1775843072.831,272.831,0.91,0.93,0.08,0.09,0.02,0.01,72939.04
1775843073.167,273.167,0.92,0.93,0.07,0.08,0.01,0.01,72939.04
1775843073.559,273.559,0.91,0.92,0.08,0.09,0.01,0.01,72939.04
1775843073.897,273.897,0.89,0.9,0.09,0.1,0.01,0.01,72939.04
1775843074.327,274.327,0.85,0.87,0.11,0.12,0.02,0.01,72942.38
1775843074.706,274.706,0.86,0.87,0.13,0.14,0.01,0.01,72942.38
1775843075.044,275.044,0.86,0.87,0.13,0.14,0.01,0.01,72942.38
1775843075.387,275.387,0.85,0.86,0.14,0.15,0.01,0.01,72942.38
1775843075.837,275.837,0.85,0.86,0.14,0.15,0.01,0.01,72941.03
1775843076.253,276.253,0.86,0.87,0.13,0.15,0.01,0.02,72940.32
1775843076.626,276.626,0.87,0.88,0.12,0.13,0.01,0.01,72940.32
1775843076.993,276.993,0.8,0.81,0.19,0.2,0.01,0.01,72940.32
1775843077.332,277.332,0.8,0.81,0.19,0.2,0.01,0.01,72940.32
1775843077.742,277.742,0.82,0.83,0.17,0.18,0.01,0.01,72939.7
1775843078.103,278.103,0.82,0.83,0.17,0.18,0.01,0.01,72939.7
1775843078.513,278.513,0.82,0.83,0.17,0.18,0.01,0.01,72939.7
1775843079.079,279.079,0.82,0.83,0.17,0.18,0.01,0.01,72938.85
1775843079.47,279.47,0.82,0.83,0.17,0.18,0.01,0.01,72936.75
1775843079.805,279.805,0.82,0.83,0.17,0.18,0.01,0.01,72936.75
1775843080.233,280.233,0.83,0.84,0.16,0.17,0.01,0.01,72936.75
1775843080.728,280.728,0.82,0.84,0.16,0.17,0.02,0.01,72937.15
1775843081.235,281.235,0.83,0.84,0.16,0.17,0.01,0.01,72937.19
1775843081.602,281.602,0.83,0.84,0.16,0.17,0.01,0.01,72937.19
1775843082.052,282.052,0.83,0.84,0.16,0.17,0.01,0.01,72937.19
1775843082.503,282.503,0.83,0.84,0.16,0.17,0.01,0.01,72937.12
1775843082.866,282.866,0.83,0.84,0.16,0.17,0.01,0.01,72937.12
1775843083.219,283.219,0.83,0.84,0.16,0.17,0.01,0.01,72936.91
1775843083.689,283.689,0.83,0.84,0.16,0.17,0.01,0.01,72936.91
1775843084.201,284.201,0.86,0.87,0.13,0.14,0.01,0.01,72936.87
1775843084.627,284.627,0.87,0.88,0.12,0.14,0.01,0.02,72936.87
1775843084.979,284.979,0.87,0.88,0.12,0.13,0.01,0.01,72936.87
1775843085.32,285.32,0.88,0.89,0.11,0.13,0.01,0.02,72936.87
1775843085.66,285.66,0.88,0.89,0.11,0.12,0.01,0.01,72936.8
1775843085.995,285.995,0.88,0.89,0.11,0.12,0.01,0.01,72937.04
1775843086.501,286.501,0.9,0.91,0.09,0.11,0.01,0.02,72937.04
1775843086.88,286.88,0.92,0.93,0.07,0.08,0.01,0.01,72937.04
1775843087.28,287.28,0.92,0.93,0.07,0.09,0.01,0.02,72937.04
1775843087.631,287.631,0.92,0.93,0.07,0.08,0.01,0.01,72937.04
1775843087.998,287.998,0.92,0.93,0.07,0.08,0.01,0.01,72937.04
1775843088.351,288.351,0.92,0.93,0.07,0.08,0.01,0.01,72937.43
1775843088.696,288.696,0.92,0.93,0.07,0.08,0.01,0.01,72937.43
1775843089.061,289.061,0.91,0.93,0.07,0.08,0.02,0.01,72937.43
1775843089.479,289.479,0.92,0.93,0.07,0.09,0.01,0.02,72938.79
1775843089.939,289.939,0.94,0.95,0.05,0.07,0.01,0.02,72938.79
1775843090.287,290.287,0.94,0.96,0.05,0.06,0.02,0.01,72938.79
1775843090.642,290.642,0.96,0.97,0.03,0.04,0.01,0.01,72938.79
1775843091.015,291.015,0.96,0.97,0.03,0.04,0.01,0.01,72938.79
1775843091.463,291.463,0.96,0.97,0.03,0.04,0.01,0.01,72939.44
1775843091.83,291.83,0.96,0.97,0.03,0.04,0.01,0.01,72939.44
1775843092.165,292.165,0.96,0.97,0.03,0.04,0.01,0.01,72939.44
1775843092.508,292.508,0.96,0.97,0.03,0.04,0.01,0.01,72939.44
1775843092.843,292.843,0.96,0.97,0.03,0.04,0.01,0.01,72939.44
1775843093.208,293.208,0.97,0.98,0.02,0.04,0.01,0.02,72939.44
1775843093.543,293.543,0.97,0.98,0.02,0.03,0.01,0.01,72938.8
1775843093.901,293.901,0.96,0.98,0.02,0.04,0.02,0.02,72938.8
1775843094.349,294.349,0.91,0.98,0.02,0.06,0.07,0.04,72938.75
1775843094.687,294.687,0.92,0.93,0.07,0.08,0.01,0.01,72938.75
1775843095.036,295.036,0.93,0.94,0.01,0.08,0.01,0.07,72938.75
1775843095.383,295.383,0.95,0.96,0.04,0.05,0.01,0.01,72938.71
1775843095.755,295.755,0.96,0.98,0.01,0.06,0.02,0.05,72938.71
1775843096.093,296.093,0.98,0.99,0.01,0.02,0.01,0.01,72938.71
1775843096.523,296.523,0.98,0.99,0.01,0.02,0.01,0.01,72938.18
1775843096.908,296.908,0.98,0.99,0.01,0.02,0.01,0.01,72937.65
1775843097.242,297.242,0.98,0.99,0.01,0.02,0.01,0.01,72937.65
1775843097.578,297.578,0.98,0.99,0.01,0.02,0.01,0.01,72937.65
1775843098.08,298.08,0.98,0.99,0.01,0.02,0.01,0.01,72936.6
1775843098.414,298.414,0.98,0.99,0.01,0.02,0.01,0.01,72936.6
1775843098.802,298.802,0.99,0.99,0.01,0.01,0.0,0.0,72936.6
1775843099.412,299.412,0.99,0.99,0.01,0.01,0.0,0.0,72937.39
1775843099.997,299.997,0.99,0.99,0.01,0.01,0.0,0.0,72937.39
1775843100.441,300.441,0.99,0.99,0.01,0.01,0.0,0.0,72938.91
1775843100.918,300.918,0.99,0.99,0.01,0.01,0.0,0.0,72938.91

# RESULT,winner=Up,slug=btc-updown-5m-1775842800,ticks=686
