timestamp,elapsed_sec,up_bid,up_ask,down_bid,down_ask,up_spread,down_spread,btc_price,btc_oracle_ts
1776447600.556,0.556,0.49,0.5,0.5,0.51,0.01,0.01,77473.23,1776447599000
1776447601.175,1.175,0.5,0.51,0.48,0.51,0.01,0.03,77473.23,1776447599000
1776447601.528,1.528,0.51,0.52,0.48,0.49,0.01,0.01,77473.5,1776447600000
1776447601.896,1.896,0.51,0.52,0.48,0.49,0.01,0.01,77473.5,1776447600000
1776447602.269,2.269,0.5,0.53,0.47,0.5,0.03,0.03,77473.5,1776447601000
1776447602.637,2.637,0.5,0.51,0.49,0.5,0.01,0.01,77473.5,1776447601000
1776447602.984,2.984,0.47,0.48,0.51,0.53,0.01,0.02,77473.5,1776447601000
1776447603.563,3.563,0.47,0.48,0.52,0.53,0.01,0.01,77473.5,1776447601000
1776447604.064,4.064,0.47,0.48,0.52,0.53,0.01,0.01,77474.78,1776447602000
1776447604.429,4.429,0.47,0.48,0.52,0.53,0.01,0.01,77475.29,1776447603000
1776447604.987,4.987,0.47,0.48,0.52,0.53,0.01,0.01,77475.29,1776447603000
1776447605.744,5.744,0.47,0.48,0.52,0.53,0.01,0.01,77472.57,1776447604000
1776447606.154,6.154,0.47,0.49,0.52,0.53,0.02,0.01,77472.57,1776447604000
1776447606.517,6.517,0.47,0.48,0.52,0.53,0.01,0.01,77468.12,1776447605000
1776447606.934,6.934,0.47,0.48,0.52,0.53,0.01,0.01,77468.12,1776447605000
1776447607.28,7.28,0.47,0.49,0.51,0.53,0.02,0.02,77468.12,1776447605000
1776447607.667,7.667,0.5,0.51,0.49,0.52,0.01,0.03,77467.33,1776447606000
1776447608.019,8.019,0.51,0.52,0.48,0.49,0.01,0.01,77467.33,1776447606000
1776447608.45,8.45,0.51,0.52,0.48,0.49,0.01,0.01,77467.33,1776447606000
1776447609.048,9.048,0.52,0.53,0.47,0.48,0.01,0.01,77466.91,1776447607000
1776447609.415,9.415,0.54,0.55,0.45,0.46,0.01,0.01,77470.62,1776447608000
1776447609.764,9.764,0.54,0.56,0.45,0.46,0.02,0.01,77470.62,1776447608000
1776447610.35,10.35,0.55,0.56,0.44,0.46,0.01,0.02,77472.81,1776447609000
1776447610.871,10.871,0.56,0.57,0.43,0.45,0.01,0.02,77472.81,1776447609000
1776447611.626,11.626,0.56,0.57,0.43,0.44,0.01,0.01,77488.46,1776447610000
1776447612.03,12.03,0.56,0.57,0.43,0.44,0.01,0.01,77488.46,1776447610000
1776447612.745,12.745,0.55,0.57,0.43,0.45,0.02,0.02,77492.08,1776447611000
1776447613.381,13.381,0.54,0.57,0.43,0.46,0.03,0.03,77492.08,1776447611000
1776447613.74,13.74,0.54,0.57,0.43,0.46,0.03,0.03,77486.34,1776447612000
1776447614.297,14.297,0.54,0.57,0.43,0.46,0.03,0.03,77485.53,1776447613000
1776447614.66,14.66,0.56,0.57,0.43,0.46,0.01,0.03,77485.53,1776447613000
1776447615.227,15.227,0.56,0.57,0.43,0.44,0.01,0.01,77485.53,1776447613000
1776447615.568,15.568,0.55,0.56,0.43,0.44,0.01,0.01,77470.3,1776447614000
1776447615.924,15.924,0.52,0.56,0.44,0.48,0.04,0.04,77470.3,1776447614000
1776447616.263,16.263,0.48,0.51,0.49,0.52,0.03,0.03,77470.3,1776447614000
1776447616.647,16.647,0.48,0.5,0.47,0.52,0.02,0.05,77470.37,1776447615000
1776447617.049,17.049,0.49,0.53,0.49,0.51,0.04,0.02,77470.37,1776447615000
1776447617.411,17.411,0.49,0.5,0.5,0.51,0.01,0.01,77470.37,1776447616000
1776447617.749,17.749,0.51,0.52,0.48,0.49,0.01,0.01,77470.37,1776447616000
1776447618.107,18.107,0.52,0.53,0.47,0.48,0.01,0.01,77467.52,1776447617000
1776447618.542,18.542,0.52,0.53,0.46,0.48,0.01,0.02,77467.52,1776447617000
1776447618.907,18.907,0.52,0.53,0.47,0.48,0.01,0.01,77467.52,1776447617000
1776447619.572,19.572,0.52,0.53,0.47,0.48,0.01,0.01,77478.01,1776447618000
1776447619.983,19.983,0.52,0.53,0.47,0.48,0.01,0.01,77478.01,1776447618000
1776447620.729,20.729,0.52,0.53,0.47,0.48,0.01,0.01,77478.93,1776447619000
1776447621.078,21.078,0.52,0.53,0.47,0.48,0.01,0.01,77478.93,1776447619000
1776447621.601,21.601,0.52,0.53,0.47,0.48,0.01,0.01,77477.55,1776447620000
1776447622.005,22.005,0.52,0.53,0.47,0.48,0.01,0.01,77477.55,1776447620000
1776447622.384,22.384,0.52,0.53,0.47,0.48,0.01,0.01,77477.55,1776447620000
1776447622.766,22.766,0.52,0.53,0.47,0.48,0.01,0.01,77475.16,1776447621000
1776447623.231,23.231,0.51,0.52,0.47,0.49,0.01,0.02,77474.47,1776447622000
1776447623.726,23.726,0.51,0.52,0.48,0.49,0.01,0.01,77474.47,1776447622000
1776447624.378,24.378,0.51,0.52,0.48,0.49,0.01,0.01,77473.98,1776447623000
1776447624.84,24.84,0.51,0.52,0.48,0.49,0.01,0.01,77473.98,1776447623000
1776447625.184,25.184,0.51,0.52,0.48,0.49,0.01,0.01,77473.73,1776447624000
1776447625.999,25.999,0.51,0.52,0.48,0.49,0.01,0.01,77473.73,1776447624000
1776447626.586,26.586,0.51,0.52,0.48,0.49,0.01,0.01,77473.81,1776447625000
1776447627.091,27.091,0.51,0.52,0.48,0.49,0.01,0.01,77473.81,1776447625000
1776447627.652,27.652,0.51,0.52,0.48,0.49,0.01,0.01,77474.74,1776447626000
1776447628.135,28.135,0.51,0.52,0.48,0.49,0.01,0.01,77474.74,1776447626000
1776447628.561,28.561,0.51,0.52,0.48,0.49,0.01,0.01,77477.72,1776447627000
1776447628.958,28.958,0.51,0.52,0.48,0.49,0.01,0.01,77477.72,1776447627000
1776447629.419,29.419,0.51,0.52,0.48,0.49,0.01,0.01,77477.72,1776447627000
1776447630.012,30.012,0.51,0.53,0.47,0.49,0.02,0.02,77478.48,1776447629000
1776447630.44,30.44,0.52,0.53,0.47,0.48,0.01,0.01,77478.48,1776447629000
1776447630.845,30.845,0.52,0.53,0.47,0.48,0.01,0.01,77478.48,1776447629000
1776447631.25,31.25,0.53,0.54,0.46,0.47,0.01,0.01,77478.48,1776447629000
1776447631.701,31.701,0.54,0.56,0.45,0.47,0.02,0.02,77477.66,1776447630000
1776447632.157,32.157,0.56,0.57,0.43,0.44,0.01,0.01,77477.66,1776447631000
1776447632.592,32.592,0.57,0.58,0.42,0.43,0.01,0.01,77477.66,1776447631000
1776447633.076,33.076,0.57,0.58,0.41,0.43,0.01,0.02,77477.66,1776447631000
1776447633.418,33.418,0.58,0.59,0.41,0.42,0.01,0.01,77485.72,1776447632000
1776447633.813,33.813,0.59,0.6,0.4,0.41,0.01,0.01,77485.72,1776447632000
1776447634.223,34.223,0.59,0.6,0.4,0.42,0.01,0.02,77485.72,1776447632000
1776447634.562,34.562,0.59,0.6,0.4,0.41,0.01,0.01,77495.84,1776447633000
1776447635.048,35.048,0.59,0.6,0.4,0.41,0.01,0.01,77495.84,1776447633000
1776447635.614,35.614,0.59,0.6,0.4,0.41,0.01,0.01,77498.27,1776447634000
1776447635.994,35.994,0.58,0.6,0.4,0.41,0.02,0.01,77498.27,1776447634000
1776447636.516,36.516,0.58,0.6,0.4,0.42,0.02,0.02,77501.24,1776447635000
1776447637.091,37.091,0.59,0.6,0.4,0.41,0.01,0.01,77501.24,1776447635000
1776447637.714,37.714,0.59,0.6,0.4,0.41,0.01,0.01,77500.15,1776447636000
1776447638.101,38.101,0.59,0.6,0.4,0.41,0.01,0.01,77500.15,1776447636000
1776447638.707,38.707,0.59,0.6,0.4,0.41,0.01,0.01,77500.15,1776447637000
1776447639.217,39.217,0.59,0.6,0.4,0.41,0.01,0.01,77500.94,1776447638000
1776447639.582,39.582,0.59,0.6,0.4,0.41,0.01,0.01,77500.94,1776447638000
1776447640.005,40.005,0.59,0.6,0.4,0.41,0.01,0.01,77500.94,1776447638000
1776447640.48,40.48,0.59,0.6,0.4,0.41,0.01,0.01,77496.79,1776447639000
1776447641.01,41.01,0.59,0.6,0.4,0.41,0.01,0.01,77496.79,1776447639000
1776447641.752,41.752,0.57,0.58,0.41,0.42,0.01,0.01,77497.12,1776447640000
1776447642.125,42.125,0.56,0.58,0.42,0.44,0.02,0.02,77497.12,1776447640000
1776447642.482,42.482,0.52,0.56,0.44,0.48,0.04,0.04,77497.12,1776447640000
1776447642.872,42.872,0.51,0.52,0.48,0.5,0.01,0.02,77496.43,1776447641000
1776447643.213,43.213,0.51,0.52,0.47,0.49,0.01,0.02,77496.43,1776447641000
1776447643.547,43.547,0.51,0.53,0.47,0.49,0.02,0.02,77495.21,1776447642000
1776447643.972,43.972,0.52,0.53,0.47,0.48,0.01,0.01,77495.21,1776447642000
1776447644.407,44.407,0.52,0.53,0.47,0.48,0.01,0.01,77495.21,1776447642000
1776447644.74,44.74,0.52,0.53,0.47,0.48,0.01,0.01,77479.85,1776447643000
1776447645.142,45.142,0.52,0.53,0.47,0.48,0.01,0.01,77479.85,1776447643000
1776447645.547,45.547,0.52,0.53,0.47,0.48,0.01,0.01,77482.06,1776447644000
1776447646.155,46.155,0.52,0.53,0.47,0.48,0.01,0.01,77482.07,1776447645000
1776447646.51,46.51,0.52,0.54,0.47,0.48,0.02,0.01,77482.07,1776447645000
1776447646.876,46.876,0.51,0.52,0.48,0.49,0.01,0.01,77482.07,1776447645000
1776447647.335,47.335,0.5,0.51,0.48,0.5,0.01,0.02,77482.07,1776447645000
1776447648.24,48.24,0.5,0.51,0.49,0.5,0.01,0.01,77482.05,1776447646000
1776447648.577,48.577,0.5,0.51,0.49,0.5,0.01,0.01,77482.13,1776447647000
1776447648.939,48.939,0.49,0.5,0.5,0.51,0.01,0.01,77482.13,1776447647000
1776447649.32,49.32,0.47,0.49,0.5,0.52,0.02,0.02,77480.83,1776447648000
1776447649.684,49.684,0.45,0.48,0.52,0.54,0.03,0.02,77480.83,1776447648000
1776447650.04,50.04,0.42,0.47,0.53,0.58,0.05,0.05,77480.83,1776447648000
1776447650.478,50.478,0.4,0.41,0.59,0.6,0.01,0.01,77474.29,1776447649000
1776447650.851,50.851,0.4,0.41,0.59,0.6,0.01,0.01,77474.29,1776447649000
1776447651.188,51.188,0.38,0.4,0.59,0.62,0.02,0.03,77474.29,1776447649000
1776447651.844,51.844,0.39,0.41,0.59,0.61,0.02,0.02,77450.46,1776447650000
1776447652.42,52.42,0.39,0.41,0.59,0.61,0.02,0.02,77436.53,1776447651000
1776447652.993,52.993,0.39,0.41,0.59,0.61,0.02,0.02,77436.7,1776447652000
1776447653.58,53.58,0.39,0.4,0.6,0.61,0.01,0.01,77436.7,1776447652000
1776447653.924,53.924,0.38,0.42,0.6,0.62,0.04,0.02,77436.7,1776447652000
1776447654.262,54.262,0.39,0.4,0.6,0.61,0.01,0.01,77437.14,1776447653000
1776447654.78,54.78,0.39,0.4,0.6,0.61,0.01,0.01,77437.14,1776447653000
1776447655.155,55.155,0.39,0.4,0.6,0.61,0.01,0.01,77437.14,1776447653000
1776447655.517,55.517,0.39,0.4,0.6,0.61,0.01,0.01,77436.3,1776447654000
1776447655.855,55.855,0.4,0.42,0.59,0.6,0.02,0.01,77436.3,1776447654000
1776447656.222,56.222,0.4,0.41,0.59,0.6,0.01,0.01,77436.3,1776447654000
1776447656.623,56.623,0.41,0.42,0.58,0.59,0.01,0.01,77436.41,1776447655000
1776447657.034,57.034,0.41,0.42,0.58,0.59,0.01,0.01,77440.61,1776447656000
1776447657.541,57.541,0.41,0.42,0.58,0.59,0.01,0.01,77440.61,1776447656000
1776447657.915,57.915,0.41,0.42,0.58,0.59,0.01,0.01,77440.61,1776447656000
1776447658.429,58.429,0.42,0.43,0.57,0.59,0.01,0.02,77445.9,1776447657000
1776447658.905,58.905,0.42,0.43,0.57,0.58,0.01,0.01,77445.9,1776447657000
1776447659.238,59.238,0.42,0.43,0.57,0.58,0.01,0.01,77447.92,1776447658000
1776447659.572,59.572,0.42,0.43,0.57,0.58,0.01,0.01,77447.92,1776447658000
1776447659.936,59.936,0.42,0.44,0.57,0.58,0.02,0.01,77447.92,1776447658000
1776447660.272,60.272,0.43,0.45,0.55,0.57,0.02,0.02,77449.57,1776447659000
1776447660.653,60.653,0.45,0.46,0.54,0.55,0.01,0.01,77449.57,1776447659000
1776447661.065,61.065,0.44,0.45,0.55,0.56,0.01,0.01,77449.57,1776447659000
1776447661.4,61.4,0.43,0.44,0.56,0.57,0.01,0.01,77451.13,1776447660000
1776447661.806,61.806,0.43,0.44,0.56,0.57,0.01,0.01,77451.13,1776447660000
1776447662.151,62.151,0.43,0.44,0.56,0.57,0.01,0.01,77451.13,1776447660000
1776447662.665,62.665,0.43,0.44,0.56,0.57,0.01,0.01,77449.85,1776447661000
1776447663.048,63.048,0.43,0.44,0.56,0.57,0.01,0.01,77449.85,1776447661000
1776447663.799,63.799,0.43,0.44,0.56,0.57,0.01,0.01,77449.84,1776447662000
1776447664.182,64.182,0.45,0.46,0.54,0.57,0.01,0.03,77449.84,1776447662000
1776447664.52,64.52,0.45,0.46,0.54,0.55,0.01,0.01,77451.18,1776447663000
1776447664.947,64.947,0.45,0.46,0.54,0.55,0.01,0.01,77451.18,1776447663000
1776447665.288,65.288,0.45,0.46,0.54,0.55,0.01,0.01,77451.37,1776447664000
1776447665.628,65.628,0.44,0.45,0.54,0.56,0.01,0.02,77451.37,1776447664000
1776447666.039,66.039,0.44,0.45,0.55,0.56,0.01,0.01,77453.46,1776447665000
1776447666.411,66.411,0.44,0.45,0.55,0.56,0.01,0.01,77453.46,1776447665000
1776447666.784,66.784,0.44,0.45,0.55,0.56,0.01,0.01,77453.46,1776447665000
1776447667.188,67.188,0.44,0.45,0.55,0.56,0.01,0.01,77457.4,1776447666000
1776447667.57,67.57,0.44,0.45,0.55,0.56,0.01,0.01,77457.4,1776447666000
1776447668.15,68.15,0.44,0.45,0.55,0.56,0.01,0.01,77455.65,1776447667000
1776447668.529,68.529,0.44,0.45,0.55,0.56,0.01,0.01,77455.65,1776447667000
1776447668.993,68.993,0.44,0.45,0.55,0.56,0.01,0.01,77455.65,1776447667000
1776447669.482,69.482,0.44,0.45,0.55,0.56,0.01,0.01,77453.94,1776447668000
1776447669.841,69.841,0.45,0.46,0.54,0.55,0.01,0.01,77453.94,1776447668000
1776447670.195,70.195,0.45,0.46,0.54,0.55,0.01,0.01,77453.94,1776447668000
1776447670.557,70.557,0.45,0.46,0.54,0.55,0.01,0.01,77455.78,1776447669000
1776447671.33,71.33,0.45,0.46,0.54,0.55,0.01,0.01,77453.34,1776447670000
1776447671.688,71.688,0.45,0.46,0.54,0.55,0.01,0.01,77453.34,1776447670000
1776447672.193,72.193,0.45,0.46,0.54,0.55,0.01,0.01,77453.34,1776447670000
1776447672.884,72.884,0.45,0.46,0.54,0.55,0.01,0.01,77456.91,1776447671000
1776447673.225,73.225,0.42,0.44,0.56,0.58,0.02,0.02,77456.91,1776447672000
1776447673.57,73.57,0.4,0.41,0.59,0.6,0.01,0.01,77456.91,1776447672000
1776447673.929,73.929,0.37,0.41,0.59,0.63,0.04,0.04,77456.91,1776447672000
1776447674.309,74.309,0.38,0.4,0.6,0.61,0.02,0.01,77456.91,1776447672000
1776447674.739,74.739,0.38,0.39,0.6,0.61,0.01,0.01,77452.54,1776447673000
1776447675.172,75.172,0.36,0.39,0.61,0.62,0.03,0.01,77447.33,1776447674000
1776447675.572,75.572,0.36,0.37,0.61,0.64,0.01,0.03,77447.33,1776447674000
1776447675.922,75.922,0.37,0.38,0.62,0.63,0.01,0.01,77447.33,1776447674000
1776447676.369,76.369,0.38,0.39,0.61,0.63,0.01,0.02,77437.96,1776447675000
1776447676.98,76.98,0.38,0.39,0.61,0.62,0.01,0.01,77437.96,1776447675000
1776447677.313,77.313,0.38,0.39,0.61,0.62,0.01,0.01,77435.06,1776447676000
1776447677.836,77.836,0.38,0.39,0.61,0.62,0.01,0.01,77435.06,1776447676000
1776447678.282,78.282,0.38,0.39,0.61,0.62,0.01,0.01,77435.06,1776447676000
1776447678.984,78.984,0.38,0.39,0.61,0.62,0.01,0.01,77442.6,1776447678000
1776447679.348,79.348,0.38,0.39,0.61,0.62,0.01,0.01,77442.6,1776447678000
1776447679.682,79.682,0.46,0.49,0.52,0.54,0.03,0.02,77442.6,1776447678000
1776447680.054,80.054,0.47,0.48,0.51,0.53,0.01,0.02,77440.77,1776447679000
1776447680.4,80.4,0.48,0.49,0.51,0.52,0.01,0.01,77440.77,1776447679000
1776447680.753,80.753,0.5,0.51,0.49,0.5,0.01,0.01,77440.77,1776447679000
1776447681.127,81.127,0.5,0.51,0.49,0.5,0.01,0.01,77440.77,1776447679000
1776447681.492,81.492,0.5,0.51,0.49,0.5,0.01,0.01,77457.5,1776447680000
1776447681.862,81.862,0.5,0.51,0.49,0.5,0.01,0.01,77457.5,1776447680000
1776447682.231,82.231,0.5,0.51,0.49,0.5,0.01,0.01,77457.5,1776447680000
1776447682.588,82.588,0.5,0.51,0.49,0.5,0.01,0.01,77469.68,1776447681000
1776447683.103,83.103,0.5,0.51,0.49,0.5,0.01,0.01,77469.68,1776447681000
1776447683.465,83.465,0.5,0.51,0.49,0.5,0.01,0.01,77469.68,1776447681000
1776447683.975,83.975,0.5,0.51,0.49,0.5,0.01,0.01,77472.07,1776447683000
1776447684.309,84.309,0.5,0.51,0.49,0.5,0.01,0.01,77472.07,1776447683000
1776447684.835,84.835,0.5,0.51,0.49,0.5,0.01,0.01,77472.07,1776447683000
1776447685.27,85.27,0.5,0.51,0.49,0.5,0.01,0.01,77470.29,1776447684000
1776447685.941,85.941,0.5,0.51,0.49,0.5,0.01,0.01,77470.29,1776447684000
1776447686.582,86.582,0.5,0.51,0.49,0.5,0.01,0.01,77465.04,1776447685000
1776447687.117,87.117,0.5,0.51,0.49,0.5,0.01,0.01,77465.04,1776447685000
1776447687.452,87.452,0.47,0.49,0.51,0.52,0.02,0.01,77470.98,1776447686000
1776447687.805,87.805,0.47,0.48,0.52,0.53,0.01,0.01,77470.98,1776447686000
1776447688.146,88.146,0.46,0.48,0.52,0.54,0.02,0.02,77470.98,1776447686000
1776447688.621,88.621,0.46,0.47,0.53,0.54,0.01,0.01,77469.18,1776447687000
1776447689.092,89.092,0.45,0.46,0.53,0.54,0.01,0.01,77469.18,1776447687000
1776447689.559,89.559,0.42,0.44,0.56,0.57,0.02,0.01,77461.82,1776447688000
1776447689.901,89.901,0.41,0.43,0.57,0.59,0.02,0.02,77461.82,1776447688000
1776447690.259,90.259,0.39,0.42,0.58,0.61,0.03,0.03,77461.82,1776447688000
1776447690.816,90.816,0.37,0.38,0.62,0.63,0.01,0.01,77461.82,1776447688000
1776447691.163,91.163,0.35,0.37,0.63,0.65,0.02,0.02,77453.46,1776447689000
1776447691.519,91.519,0.35,0.37,0.63,0.65,0.02,0.02,77446.67,1776447690000
1776447691.883,91.883,0.35,0.37,0.63,0.65,0.02,0.02,77446.67,1776447690000
1776447692.24,92.24,0.34,0.36,0.64,0.66,0.02,0.02,77446.67,1776447690000
1776447692.581,92.581,0.34,0.35,0.65,0.66,0.01,0.01,77439.3,1776447691000
1776447692.967,92.967,0.34,0.35,0.65,0.66,0.01,0.01,77439.3,1776447691000
1776447693.497,93.497,0.34,0.35,0.65,0.66,0.01,0.01,77439.3,1776447691000
1776447693.849,93.849,0.32,0.33,0.66,0.68,0.01,0.02,77425.05,1776447692000
1776447694.325,94.325,0.31,0.32,0.67,0.69,0.01,0.02,77425.05,1776447692000
1776447694.665,94.665,0.28,0.3,0.69,0.71,0.02,0.02,77421.56,1776447693000
1776447695.031,95.031,0.28,0.29,0.71,0.72,0.01,0.01,77421.56,1776447693000
1776447695.384,95.384,0.28,0.29,0.71,0.72,0.01,0.01,77421.56,1776447694000
1776447695.736,95.736,0.28,0.29,0.71,0.72,0.01,0.01,77421.56,1776447694000
1776447696.273,96.273,0.28,0.29,0.71,0.72,0.01,0.01,77421.56,1776447694000
1776447696.607,96.607,0.27,0.29,0.71,0.72,0.02,0.01,77411.39,1776447695000
1776447696.989,96.989,0.28,0.29,0.71,0.72,0.01,0.01,77411.39,1776447695000
1776447697.423,97.423,0.28,0.29,0.71,0.72,0.01,0.01,77408.37,1776447696000
1776447697.812,97.812,0.28,0.29,0.71,0.72,0.01,0.01,77408.37,1776447696000
1776447698.208,98.208,0.29,0.31,0.69,0.7,0.02,0.01,77408.37,1776447696000
1776447698.57,98.57,0.3,0.31,0.69,0.7,0.01,0.01,77408.37,1776447696000
1776447698.916,98.916,0.3,0.31,0.69,0.7,0.01,0.01,77408.21,1776447697000
1776447699.388,99.388,0.3,0.31,0.69,0.7,0.01,0.01,77409.68,1776447698000
1776447699.923,99.923,0.3,0.31,0.68,0.7,0.01,0.02,77409.68,1776447698000
1776447700.396,100.396,0.3,0.31,0.69,0.7,0.01,0.01,77414.28,1776447699000
1776447700.773,100.773,0.31,0.32,0.68,0.69,0.01,0.01,77414.28,1776447699000
1776447701.337,101.337,0.31,0.32,0.68,0.69,0.01,0.01,77414.28,1776447699000
1776447701.72,101.72,0.31,0.32,0.68,0.69,0.01,0.01,77414.28,1776447699000
1776447702.181,102.181,0.31,0.32,0.67,0.69,0.01,0.02,77419.95,1776447700000
1776447702.653,102.653,0.31,0.32,0.68,0.69,0.01,0.01,77420.23,1776447701000
1776447703.064,103.064,0.31,0.32,0.68,0.69,0.01,0.01,77420.23,1776447701000
1776447703.427,103.427,0.32,0.33,0.67,0.68,0.01,0.01,77420.23,1776447702000
1776447703.966,103.966,0.32,0.33,0.67,0.68,0.01,0.01,77420.23,1776447702000
1776447704.596,104.596,0.32,0.33,0.67,0.68,0.01,0.01,77422.13,1776447703000
1776447704.977,104.977,0.33,0.34,0.67,0.68,0.01,0.01,77422.13,1776447703000
1776447705.44,105.44,0.33,0.34,0.66,0.67,0.01,0.01,77424.16,1776447704000
1776447705.853,105.853,0.33,0.34,0.66,0.67,0.01,0.01,77424.16,1776447704000
1776447706.274,106.274,0.34,0.35,0.65,0.66,0.01,0.01,77424.16,1776447704000
1776447707.285,107.285,0.34,0.35,0.65,0.66,0.01,0.01,77424.16,1776447704000
1776447707.666,107.666,0.34,0.35,0.65,0.66,0.01,0.01,77424.16,1776447704000
1776447708.001,108.001,0.36,0.38,0.62,0.64,0.02,0.02,77426.96,1776447705000
1776447708.371,108.371,0.38,0.4,0.6,0.62,0.02,0.02,77426.96,1776447705000
1776447708.742,108.742,0.39,0.4,0.6,0.61,0.01,0.01,77431.1,1776447707000
1776447709.113,109.113,0.41,0.42,0.57,0.59,0.01,0.02,77431.1,1776447707000
1776447709.449,109.449,0.43,0.46,0.54,0.57,0.03,0.03,77440.4,1776447708000
1776447709.896,109.896,0.46,0.47,0.53,0.55,0.01,0.02,77440.4,1776447708000
1776447710.357,110.357,0.48,0.49,0.51,0.52,0.01,0.01,77448.6,1776447709000
1776447710.699,110.699,0.48,0.5,0.5,0.52,0.02,0.02,77448.6,1776447709000
1776447711.045,111.045,0.49,0.5,0.5,0.51,0.01,0.01,77448.6,1776447709000
1776447711.414,111.414,0.49,0.51,0.49,0.51,0.02,0.02,77448.6,1776447709000
1776447711.773,111.773,0.5,0.51,0.49,0.5,0.01,0.01,77463.18,1776447710000
1776447712.131,112.131,0.51,0.52,0.48,0.49,0.01,0.01,77463.18,1776447710000
1776447712.553,112.553,0.51,0.53,0.48,0.49,0.02,0.01,77465.68,1776447711000
1776447712.894,112.894,0.51,0.52,0.48,0.49,0.01,0.01,77465.68,1776447711000
1776447713.312,113.312,0.51,0.52,0.48,0.5,0.01,0.02,77465.68,1776447711000
1776447713.724,113.724,0.5,0.51,0.48,0.5,0.01,0.02,77474.35,1776447712000
1776447714.282,114.282,0.5,0.51,0.49,0.5,0.01,0.01,77477.24,1776447713000
1776447714.711,114.711,0.5,0.51,0.49,0.5,0.01,0.01,77477.24,1776447713000
1776447715.46,115.46,0.51,0.52,0.48,0.5,0.01,0.02,77477.24,1776447713000
1776447715.817,115.817,0.51,0.52,0.48,0.49,0.01,0.01,77476.33,1776447714000
1776447716.296,116.296,0.51,0.52,0.48,0.49,0.01,0.01,77476.33,1776447714000
1776447716.635,116.635,0.51,0.52,0.48,0.49,0.01,0.01,77478.23,1776447715000
1776447717.02,117.02,0.5,0.52,0.48,0.49,0.02,0.01,77478.23,1776447715000
1776447717.397,117.397,0.5,0.51,0.49,0.5,0.01,0.01,77478.23,1776447715000
1776447718.041,118.041,0.5,0.51,0.49,0.5,0.01,0.01,77477.78,1776447716000
1776447718.381,118.381,0.5,0.51,0.49,0.5,0.01,0.01,77477.14,1776447717000
1776447718.802,118.802,0.49,0.5,0.49,0.51,0.01,0.02,77477.14,1776447717000
1776447719.156,119.156,0.49,0.5,0.5,0.51,0.01,0.01,77477.14,1776447717000
1776447719.53,119.53,0.49,0.5,0.5,0.51,0.01,0.01,77473.04,1776447718000
1776447720.11,120.11,0.49,0.5,0.5,0.51,0.01,0.01,77473.04,1776447718000
1776447720.484,120.484,0.48,0.49,0.5,0.51,0.01,0.01,77473.04,1776447718000
1776447720.862,120.862,0.46,0.48,0.51,0.53,0.02,0.02,77474.98,1776447719000
1776447721.556,121.556,0.44,0.45,0.54,0.55,0.01,0.01,77473.24,1776447720000
1776447721.927,121.927,0.41,0.43,0.57,0.59,0.02,0.02,77473.24,1776447720000
1776447722.336,122.336,0.4,0.43,0.57,0.6,0.03,0.03,77473.24,1776447720000
1776447722.837,122.837,0.39,0.43,0.57,0.6,0.04,0.03,77464.68,1776447721000
1776447723.206,123.206,0.38,0.43,0.57,0.62,0.05,0.05,77455.09,1776447722000
1776447723.551,123.551,0.38,0.39,0.61,0.62,0.01,0.01,77455.09,1776447722000
1776447723.886,123.886,0.39,0.42,0.58,0.61,0.03,0.03,77455.09,1776447722000
1776447724.226,124.226,0.38,0.39,0.61,0.62,0.01,0.01,77455.09,1776447722000
1776447724.571,124.571,0.38,0.39,0.61,0.62,0.01,0.01,77455.09,1776447722000
1776447724.915,124.915,0.38,0.39,0.61,0.62,0.01,0.01,77443.69,1776447723000
1776447725.25,125.25,0.38,0.39,0.61,0.62,0.01,0.01,77443.69,1776447723000
1776447725.605,125.605,0.35,0.37,0.63,0.64,0.02,0.01,77442.32,1776447724000
1776447725.999,125.999,0.34,0.36,0.64,0.66,0.02,0.02,77442.32,1776447724000
1776447726.383,126.383,0.34,0.35,0.65,0.66,0.01,0.01,77440.17,1776447725000
1776447726.877,126.877,0.33,0.34,0.66,0.67,0.01,0.01,77440.17,1776447725000
1776447727.253,127.253,0.33,0.34,0.66,0.67,0.01,0.01,77440.17,1776447725000
1776447727.74,127.74,0.32,0.33,0.67,0.68,0.01,0.01,77433.97,1776447726000
1776447728.317,128.317,0.33,0.34,0.66,0.68,0.01,0.02,77433.97,1776447726000
1776447728.871,128.871,0.33,0.34,0.66,0.67,0.01,0.01,77430.06,1776447728000
1776447729.272,129.272,0.36,0.39,0.61,0.64,0.03,0.03,77430.06,1776447728000
1776447729.937,129.937,0.36,0.39,0.61,0.64,0.03,0.03,77435.44,1776447729000
1776447730.905,130.905,0.37,0.38,0.61,0.64,0.01,0.03,77435.44,1776447729000
1776447731.242,131.242,0.37,0.38,0.62,0.63,0.01,0.01,77441.4,1776447730000
1776447731.611,131.611,0.37,0.38,0.62,0.63,0.01,0.01,77441.4,1776447730000
1776447731.951,131.951,0.37,0.41,0.59,0.63,0.04,0.04,77441.4,1776447730000
1776447732.598,132.598,0.4,0.41,0.59,0.63,0.01,0.04,77445.19,1776447731000
1776447732.966,132.966,0.4,0.41,0.59,0.6,0.01,0.01,77445.19,1776447731000
1776447733.53,133.53,0.41,0.42,0.58,0.59,0.01,0.01,77452.03,1776447732000
1776447733.864,133.864,0.45,0.51,0.49,0.55,0.06,0.06,77452.03,1776447732000
1776447734.223,134.223,0.46,0.49,0.51,0.55,0.03,0.04,77463.25,1776447733000
1776447734.702,134.702,0.48,0.49,0.51,0.52,0.01,0.01,77463.25,1776447733000
1776447735.041,135.041,0.45,0.49,0.51,0.55,0.04,0.04,77463.25,1776447733000
1776447735.405,135.405,0.47,0.48,0.52,0.53,0.01,0.01,77465.96,1776447734000
1776447735.796,135.796,0.47,0.48,0.52,0.53,0.01,0.01,77465.96,1776447734000
1776447736.135,136.135,0.47,0.48,0.52,0.53,0.01,0.01,77467.42,1776447735000
1776447736.651,136.651,0.47,0.48,0.52,0.54,0.01,0.02,77467.42,1776447735000
1776447737.021,137.021,0.47,0.48,0.52,0.53,0.01,0.01,77464.76,1776447736000
1776447738.251,138.251,0.47,0.48,0.52,0.53,0.01,0.01,77464.76,1776447736000
1776447738.778,138.778,0.47,0.48,0.52,0.53,0.01,0.01,77463.02,1776447737000
1776447739.19,139.19,0.49,0.5,0.5,0.53,0.01,0.03,77462.32,1776447738000
1776447739.646,139.646,0.49,0.5,0.5,0.51,0.01,0.01,77462.32,1776447738000
1776447740.198,140.198,0.49,0.5,0.5,0.51,0.01,0.01,77462.32,1776447738000
1776447740.578,140.578,0.49,0.5,0.5,0.51,0.01,0.01,77462.32,1776447738000
1776447740.973,140.973,0.49,0.5,0.5,0.51,0.01,0.01,77461.87,1776447739000
1776447741.456,141.456,0.49,0.5,0.5,0.51,0.01,0.01,77463.74,1776447740000
1776447741.792,141.792,0.49,0.5,0.5,0.51,0.01,0.01,77463.74,1776447740000
1776447742.314,142.314,0.49,0.5,0.5,0.51,0.01,0.01,77463.74,1776447740000
1776447742.657,142.657,0.49,0.5,0.5,0.51,0.01,0.01,77468.12,1776447741000
1776447743.01,143.01,0.49,0.5,0.5,0.51,0.01,0.01,77468.12,1776447741000
1776447744.613,144.613,0.49,0.5,0.5,0.51,0.01,0.01,77468.12,1776447743000
1776447745.164,145.164,0.49,0.5,0.5,0.51,0.01,0.01,77465.41,1776447744000
1776447746.282,146.282,0.49,0.5,0.5,0.51,0.01,0.01,77444.13,1776447745000
1776447746.681,146.681,0.49,0.5,0.5,0.51,0.01,0.01,77444.13,1776447745000
1776447747.233,147.233,0.44,0.49,0.5,0.54,0.05,0.04,77444.13,1776447745000
1776447747.613,147.613,0.44,0.49,0.51,0.56,0.05,0.05,77439.47,1776447746000
1776447747.946,147.946,0.4,0.43,0.57,0.6,0.03,0.03,77439.47,1776447746000
1776447748.28,148.28,0.39,0.43,0.57,0.6,0.04,0.03,77438.6,1776447747000
1776447748.623,148.623,0.37,0.41,0.6,0.63,0.04,0.03,77438.6,1776447747000
1776447748.971,148.971,0.37,0.38,0.62,0.63,0.01,0.01,77438.6,1776447747000
1776447749.309,149.309,0.37,0.38,0.62,0.63,0.01,0.01,77438.6,1776447747000
1776447749.662,149.662,0.38,0.39,0.61,0.62,0.01,0.01,77439.45,1776447748000
1776447750.011,150.011,0.38,0.4,0.59,0.62,0.02,0.03,77441.53,1776447749000
1776447750.364,150.364,0.39,0.45,0.55,0.61,0.06,0.06,77441.53,1776447749000
1776447750.742,150.742,0.42,0.44,0.57,0.6,0.02,0.03,77441.53,1776447749000
1776447751.079,151.079,0.43,0.48,0.52,0.57,0.05,0.05,77441.53,1776447749000
1776447751.443,151.443,0.45,0.46,0.53,0.55,0.01,0.02,77445.43,1776447750000
1776447751.792,151.792,0.46,0.47,0.53,0.54,0.01,0.01,77445.43,1776447750000
1776447752.28,152.28,0.46,0.47,0.53,0.54,0.01,0.01,77445.43,1776447750000
1776447752.653,152.653,0.43,0.46,0.54,0.57,0.03,0.03,77456.61,1776447751000
1776447753.016,153.016,0.43,0.46,0.54,0.57,0.03,0.03,77456.61,1776447751000
1776447753.432,153.432,0.43,0.44,0.56,0.57,0.01,0.01,77458.91,1776447752000
1776447753.947,153.947,0.43,0.44,0.56,0.57,0.01,0.01,77458.91,1776447752000
1776447754.309,154.309,0.43,0.44,0.56,0.57,0.01,0.01,77458.91,1776447752000
1776447754.772,154.772,0.43,0.45,0.55,0.57,0.02,0.02,77458.91,1776447752000
1776447755.376,155.376,0.44,0.45,0.55,0.56,0.01,0.01,77456.36,1776447754000
1776447755.91,155.91,0.44,0.45,0.55,0.56,0.01,0.01,77456.36,1776447754000
1776447756.383,156.383,0.44,0.45,0.55,0.56,0.01,0.01,77458.12,1776447755000
1776447756.717,156.717,0.44,0.45,0.55,0.56,0.01,0.01,77458.12,1776447755000
1776447757.079,157.079,0.44,0.45,0.55,0.56,0.01,0.01,77458.12,1776447755000
1776447757.415,157.415,0.44,0.45,0.55,0.56,0.01,0.01,77458.21,1776447756000
1776447758.014,158.014,0.44,0.45,0.55,0.56,0.01,0.01,77458.21,1776447757000
1776447758.617,158.617,0.43,0.45,0.55,0.56,0.02,0.01,77458.21,1776447757000
1776447758.955,158.955,0.43,0.44,0.56,0.57,0.01,0.01,77458.21,1776447757000
1776447759.878,159.878,0.43,0.44,0.56,0.57,0.01,0.01,77458.21,1776447758000
1776447760.465,160.465,0.43,0.44,0.56,0.57,0.01,0.01,77453.9,1776447759000
1776447761.185,161.185,0.43,0.44,0.56,0.57,0.01,0.01,77452.0,1776447760000
1776447762.06,162.06,0.42,0.44,0.56,0.57,0.02,0.01,77452.0,1776447760000
1776447762.517,162.517,0.42,0.44,0.56,0.58,0.02,0.02,77450.75,1776447761000
1776447763.045,163.045,0.42,0.44,0.56,0.58,0.02,0.02,77450.75,1776447761000
1776447763.539,163.539,0.43,0.44,0.56,0.58,0.01,0.02,77448.4,1776447762000
1776447763.875,163.875,0.43,0.44,0.56,0.57,0.01,0.01,77448.4,1776447762000
1776447764.213,164.213,0.41,0.43,0.57,0.59,0.02,0.02,77448.4,1776447762000
1776447764.562,164.562,0.39,0.4,0.6,0.61,0.01,0.01,77437.83,1776447763000
1776447764.909,164.909,0.37,0.39,0.61,0.62,0.02,0.01,77437.83,1776447763000
1776447765.469,165.469,0.37,0.38,0.62,0.63,0.01,0.01,77436.53,1776447764000
1776447765.841,165.841,0.37,0.38,0.62,0.63,0.01,0.01,77436.53,1776447764000
1776447766.234,166.234,0.37,0.38,0.62,0.63,0.01,0.01,77436.53,1776447764000
1776447766.879,166.879,0.37,0.38,0.62,0.63,0.01,0.01,77436.75,1776447765000
1776447767.29,167.29,0.37,0.38,0.62,0.63,0.01,0.01,77435.2,1776447766000
1776447767.768,167.768,0.37,0.38,0.62,0.63,0.01,0.01,77435.2,1776447766000
1776447768.374,168.374,0.37,0.38,0.62,0.63,0.01,0.01,77435.2,1776447766000
1776447768.933,168.933,0.37,0.38,0.62,0.63,0.01,0.01,77435.2,1776447766000
1776447769.434,169.434,0.37,0.38,0.62,0.63,0.01,0.01,77442.37,1776447767000
1776447769.81,169.81,0.37,0.38,0.62,0.63,0.01,0.01,77450.92,1776447768000
1776447770.156,170.156,0.37,0.38,0.62,0.63,0.01,0.01,77450.92,1776447768000
1776447770.492,170.492,0.39,0.42,0.58,0.61,0.03,0.03,77452.7,1776447769000
1776447770.875,170.875,0.4,0.42,0.58,0.59,0.02,0.01,77452.7,1776447769000
1776447771.218,171.218,0.4,0.41,0.58,0.6,0.01,0.02,77452.7,1776447769000
1776447771.617,171.617,0.4,0.41,0.59,0.6,0.01,0.01,77452.7,1776447769000
1776447771.969,171.969,0.38,0.41,0.6,0.62,0.03,0.02,77452.08,1776447770000
1776447772.358,172.358,0.39,0.4,0.6,0.61,0.01,0.01,77452.08,1776447770000
1776447772.692,172.692,0.38,0.39,0.61,0.62,0.01,0.01,77451.79,1776447771000
1776447773.081,173.081,0.38,0.39,0.61,0.62,0.01,0.01,77451.79,1776447771000
1776447774.273,174.273,0.38,0.39,0.61,0.62,0.01,0.01,77447.83,1776447773000
1776447775.514,175.514,0.38,0.39,0.61,0.62,0.01,0.01,77444.58,1776447774000
1776447776.048,176.048,0.38,0.39,0.61,0.62,0.01,0.01,77444.58,1776447774000
1776447777.074,177.074,0.38,0.39,0.61,0.63,0.01,0.02,77445.9,1776447775000
1776447777.536,177.536,0.38,0.39,0.61,0.62,0.01,0.01,77445.12,1776447776000
1776447778.107,178.107,0.38,0.39,0.61,0.62,0.01,0.01,77445.12,1776447776000
1776447778.687,178.687,0.38,0.39,0.61,0.62,0.01,0.01,77445.12,1776447777000
1776447779.363,179.363,0.37,0.38,0.61,0.63,0.01,0.02,77445.12,1776447777000
1776447779.712,179.712,0.37,0.38,0.62,0.63,0.01,0.01,77445.56,1776447778000
1776447780.565,180.565,0.36,0.38,0.62,0.63,0.02,0.01,77445.56,1776447779000
1776447780.949,180.949,0.35,0.36,0.64,0.65,0.01,0.01,77445.56,1776447779000
1776447781.309,181.309,0.34,0.35,0.65,0.66,0.01,0.01,77444.81,1776447780000
1776447781.716,181.716,0.34,0.35,0.65,0.66,0.01,0.01,77444.81,1776447780000
1776447782.236,182.236,0.34,0.35,0.65,0.66,0.01,0.01,77440.8,1776447781000
1776447783.619,183.619,0.34,0.35,0.65,0.66,0.01,0.01,77440.8,1776447781000
1776447784.03,184.03,0.34,0.35,0.65,0.66,0.01,0.01,77441.34,1776447783000
1776447784.465,184.465,0.33,0.34,0.66,0.67,0.01,0.01,77441.34,1776447783000
1776447784.921,184.921,0.34,0.35,0.65,0.66,0.01,0.01,77441.34,1776447783000
1776447785.398,185.398,0.34,0.35,0.65,0.66,0.01,0.01,77445.61,1776447784000
1776447785.733,185.733,0.34,0.35,0.65,0.66,0.01,0.01,77445.61,1776447784000
1776447786.066,186.066,0.34,0.35,0.65,0.66,0.01,0.01,77443.03,1776447785000
1776447786.4,186.4,0.33,0.34,0.66,0.67,0.01,0.01,77443.03,1776447785000
1776447786.764,186.764,0.32,0.33,0.67,0.68,0.01,0.01,77443.03,1776447785000
1776447787.172,187.172,0.32,0.33,0.67,0.69,0.01,0.02,77443.03,1776447785000
1776447787.52,187.52,0.32,0.33,0.67,0.68,0.01,0.01,77439.08,1776447786000
1776447787.885,187.885,0.31,0.33,0.67,0.68,0.02,0.01,77439.08,1776447786000
1776447788.302,188.302,0.31,0.32,0.68,0.69,0.01,0.01,77439.08,1776447786000
1776447788.806,188.806,0.31,0.32,0.68,0.69,0.01,0.01,77429.43,1776447787000
1776447789.431,189.431,0.31,0.32,0.68,0.69,0.01,0.01,77429.43,1776447787000
1776447789.798,189.798,0.29,0.32,0.68,0.71,0.03,0.03,77429.02,1776447788000
1776447791.166,191.166,0.28,0.29,0.68,0.72,0.01,0.04,77428.69,1776447789000
1776447791.567,191.567,0.28,0.29,0.71,0.72,0.01,0.01,77428.69,1776447789000
1776447792.048,192.048,0.27,0.29,0.71,0.73,0.02,0.02,77419.51,1776447790000
1776447792.386,192.386,0.26,0.27,0.72,0.74,0.01,0.02,77419.51,1776447790000
1776447792.874,192.874,0.28,0.29,0.71,0.74,0.01,0.03,77414.31,1776447791000
1776447793.398,193.398,0.28,0.29,0.71,0.74,0.01,0.03,77411.58,1776447792000
1776447794.196,194.196,0.27,0.28,0.72,0.73,0.01,0.01,77411.58,1776447792000
1776447794.538,194.538,0.27,0.28,0.72,0.73,0.01,0.01,77411.58,1776447792000
1776447794.998,194.998,0.27,0.28,0.72,0.73,0.01,0.01,77410.5,1776447793000
1776447795.334,195.334,0.27,0.28,0.72,0.73,0.01,0.01,77410.5,1776447793000
1776447795.722,195.722,0.27,0.28,0.72,0.73,0.01,0.01,77414.76,1776447794000
1776447796.201,196.201,0.27,0.28,0.72,0.73,0.01,0.01,77414.76,1776447794000
1776447796.555,196.555,0.27,0.28,0.72,0.73,0.01,0.01,77414.54,1776447795000
1776447797.518,197.518,0.27,0.28,0.72,0.73,0.01,0.01,77414.54,1776447795000
1776447798.152,198.152,0.27,0.28,0.72,0.73,0.01,0.01,77420.84,1776447796000
1776447798.485,198.485,0.27,0.28,0.72,0.73,0.01,0.01,77421.17,1776447797000
1776447799.211,199.211,0.27,0.28,0.72,0.73,0.01,0.01,77421.71,1776447798000
1776447799.731,199.731,0.27,0.28,0.72,0.73,0.01,0.01,77421.71,1776447798000
1776447800.087,200.087,0.27,0.28,0.72,0.73,0.01,0.01,77421.71,1776447798000
1776447800.639,200.639,0.27,0.28,0.72,0.73,0.01,0.01,77420.83,1776447799000
1776447801.05,201.05,0.27,0.28,0.72,0.73,0.01,0.01,77420.83,1776447799000
1776447801.409,201.409,0.27,0.28,0.72,0.73,0.01,0.01,77420.78,1776447800000
1776447801.746,201.746,0.27,0.28,0.72,0.73,0.01,0.01,77420.78,1776447800000
1776447802.301,202.301,0.26,0.28,0.72,0.74,0.02,0.02,77420.03,1776447801000
1776447802.688,202.688,0.27,0.28,0.72,0.73,0.01,0.01,77420.03,1776447801000
1776447803.03,203.03,0.31,0.35,0.66,0.69,0.04,0.03,77420.03,1776447801000
1776447803.366,203.366,0.34,0.37,0.63,0.66,0.03,0.03,77420.03,1776447801000
1776447803.708,203.708,0.35,0.37,0.63,0.65,0.02,0.02,77447.78,1776447802000
1776447804.104,204.104,0.36,0.37,0.62,0.63,0.01,0.01,77447.78,1776447802000
1776447804.475,204.475,0.36,0.37,0.63,0.64,0.01,0.01,77448.78,1776447803000
1776447804.835,204.835,0.37,0.38,0.62,0.63,0.01,0.01,77448.78,1776447803000
1776447805.176,205.176,0.37,0.38,0.62,0.63,0.01,0.01,77448.78,1776447803000
1776447805.757,205.757,0.37,0.38,0.62,0.63,0.01,0.01,77448.78,1776447803000
1776447806.105,206.105,0.37,0.38,0.62,0.63,0.01,0.01,77448.78,1776447803000
1776447806.57,206.57,0.37,0.38,0.62,0.63,0.01,0.01,77448.63,1776447805000
1776447806.941,206.941,0.37,0.38,0.62,0.63,0.01,0.01,77448.63,1776447805000
1776447807.277,207.277,0.37,0.38,0.62,0.63,0.01,0.01,77450.28,1776447806000
1776447807.904,207.904,0.38,0.39,0.61,0.63,0.01,0.02,77450.28,1776447806000
1776447808.25,208.25,0.38,0.39,0.61,0.62,0.01,0.01,77450.28,1776447807000
1776447808.674,208.674,0.38,0.39,0.61,0.62,0.01,0.01,77450.28,1776447807000
1776447809.152,209.152,0.38,0.39,0.61,0.62,0.01,0.01,77450.28,1776447807000
1776447809.692,209.692,0.38,0.39,0.61,0.62,0.01,0.01,77450.28,1776447808000
1776447810.184,210.184,0.37,0.39,0.61,0.63,0.02,0.02,77452.0,1776447809000
1776447810.786,210.786,0.36,0.38,0.62,0.63,0.02,0.01,77452.0,1776447809000
1776447811.124,211.124,0.33,0.34,0.65,0.68,0.01,0.03,77452.0,1776447809000
1776447811.466,211.466,0.33,0.34,0.66,0.67,0.01,0.01,77450.66,1776447810000
1776447811.809,211.809,0.33,0.34,0.66,0.67,0.01,0.01,77450.66,1776447810000
1776447812.264,212.264,0.33,0.35,0.65,0.67,0.02,0.02,77450.28,1776447811000
1776447812.777,212.777,0.34,0.35,0.65,0.66,0.01,0.01,77450.28,1776447811000
1776447813.416,213.416,0.34,0.35,0.65,0.66,0.01,0.01,77450.28,1776447811000
1776447813.788,213.788,0.34,0.35,0.65,0.66,0.01,0.01,77447.82,1776447812000
1776447814.268,214.268,0.34,0.35,0.65,0.66,0.01,0.01,77447.82,1776447812000
1776447814.775,214.775,0.35,0.36,0.64,0.65,0.01,0.01,77446.45,1776447813000
1776447815.206,215.206,0.35,0.36,0.64,0.65,0.01,0.01,77446.45,1776447814000
1776447815.625,215.625,0.35,0.36,0.64,0.65,0.01,0.01,77446.45,1776447814000
1776447816.204,216.204,0.37,0.38,0.62,0.64,0.01,0.02,77446.6,1776447815000
1776447816.835,216.835,0.37,0.38,0.62,0.63,0.01,0.01,77446.6,1776447815000
1776447817.293,217.293,0.37,0.38,0.62,0.63,0.01,0.01,77446.8,1776447816000
1776447817.686,217.686,0.37,0.38,0.62,0.63,0.01,0.01,77446.8,1776447816000
1776447818.041,218.041,0.37,0.38,0.62,0.63,0.01,0.01,77446.8,1776447816000
1776447818.521,218.521,0.37,0.38,0.62,0.63,0.01,0.01,77447.55,1776447817000
1776447819.081,219.081,0.35,0.36,0.62,0.64,0.01,0.02,77447.55,1776447817000
1776447819.451,219.451,0.35,0.36,0.64,0.65,0.01,0.01,77447.55,1776447817000
1776447819.789,219.789,0.35,0.36,0.64,0.65,0.01,0.01,77449.84,1776447818000
1776447820.331,220.331,0.35,0.36,0.64,0.65,0.01,0.01,77449.18,1776447819000
1776447821.032,221.032,0.35,0.36,0.64,0.65,0.01,0.01,77449.18,1776447819000
1776447821.394,221.394,0.35,0.36,0.64,0.65,0.01,0.01,77447.89,1776447820000
1776447821.856,221.856,0.35,0.36,0.64,0.65,0.01,0.01,77447.89,1776447821000
1776447822.317,222.317,0.35,0.36,0.64,0.65,0.01,0.01,77447.89,1776447821000
1776447822.873,222.873,0.35,0.36,0.64,0.65,0.01,0.01,77447.05,1776447822000
1776447823.656,223.656,0.35,0.36,0.63,0.65,0.01,0.02,77447.05,1776447822000
1776447823.996,223.996,0.35,0.36,0.64,0.65,0.01,0.01,77447.05,1776447822000
1776447824.339,224.339,0.35,0.36,0.64,0.65,0.01,0.01,77443.58,1776447823000
1776447825.016,225.016,0.35,0.36,0.64,0.65,0.01,0.01,77443.16,1776447824000
1776447825.68,225.68,0.35,0.36,0.64,0.65,0.01,0.01,77443.16,1776447824000
1776447826.03,226.03,0.33,0.34,0.65,0.67,0.01,0.02,77443.16,1776447824000
1776447826.609,226.609,0.32,0.33,0.66,0.68,0.01,0.02,77444.17,1776447825000
1776447826.996,226.996,0.31,0.33,0.67,0.68,0.02,0.01,77444.17,1776447825000
1776447827.352,227.352,0.3,0.31,0.69,0.7,0.01,0.01,77445.34,1776447826000
1776447827.685,227.685,0.28,0.29,0.71,0.72,0.01,0.01,77445.34,1776447826000
1776447828.031,228.031,0.27,0.28,0.72,0.73,0.01,0.01,77445.34,1776447826000
1776447828.482,228.482,0.27,0.28,0.72,0.73,0.01,0.01,77439.56,1776447827000
1776447829.179,229.179,0.27,0.28,0.72,0.73,0.01,0.01,77439.56,1776447827000
1776447829.56,229.56,0.27,0.28,0.72,0.74,0.01,0.02,77435.7,1776447828000
1776447830.262,230.262,0.27,0.28,0.72,0.73,0.01,0.01,77435.39,1776447829000
1776447830.861,230.861,0.26,0.28,0.72,0.73,0.02,0.01,77435.39,1776447829000
1776447831.197,231.197,0.3,0.37,0.63,0.7,0.07,0.07,77435.39,1776447829000
1776447831.57,231.57,0.31,0.33,0.62,0.7,0.02,0.08,77433.56,1776447830000
1776447831.952,231.952,0.32,0.33,0.67,0.68,0.01,0.01,77433.56,1776447830000
1776447832.293,232.293,0.31,0.33,0.67,0.68,0.02,0.01,77433.56,1776447830000
1776447832.678,232.678,0.33,0.35,0.65,0.67,0.02,0.02,77436.44,1776447831000
1776447833.022,233.022,0.32,0.34,0.66,0.68,0.02,0.02,77436.44,1776447831000
1776447833.398,233.398,0.31,0.33,0.67,0.68,0.02,0.01,77436.44,1776447831000
1776447833.785,233.785,0.31,0.32,0.68,0.69,0.01,0.01,77442.95,1776447832000
1776447834.291,234.291,0.31,0.32,0.68,0.69,0.01,0.01,77442.95,1776447832000
1776447834.646,234.646,0.25,0.28,0.72,0.73,0.03,0.01,77442.95,1776447832000
1776447835.003,235.003,0.25,0.26,0.74,0.75,0.01,0.01,77444.93,1776447833000
1776447835.482,235.482,0.25,0.26,0.74,0.75,0.01,0.01,77442.93,1776447834000
1776447835.82,235.82,0.24,0.26,0.74,0.75,0.02,0.01,77442.93,1776447834000
1776447836.178,236.178,0.24,0.25,0.74,0.76,0.01,0.02,77442.93,1776447834000
1776447836.534,236.534,0.24,0.25,0.75,0.76,0.01,0.01,77441.46,1776447835000
1776447836.994,236.994,0.24,0.25,0.75,0.76,0.01,0.01,77441.46,1776447835000
1776447837.333,237.333,0.24,0.25,0.75,0.76,0.01,0.01,77441.46,1776447835000
1776447837.7,237.7,0.23,0.24,0.75,0.76,0.01,0.01,77433.34,1776447836000
1776447838.109,238.109,0.23,0.24,0.76,0.77,0.01,0.01,77433.34,1776447836000
1776447838.462,238.462,0.23,0.24,0.76,0.77,0.01,0.01,77429.78,1776447837000
1776447838.816,238.816,0.23,0.24,0.76,0.77,0.01,0.01,77429.78,1776447837000
1776447839.209,239.209,0.23,0.24,0.76,0.77,0.01,0.01,77428.3,1776447838000
1776447839.549,239.549,0.23,0.24,0.76,0.77,0.01,0.01,77428.3,1776447838000
1776447839.988,239.988,0.23,0.24,0.76,0.77,0.01,0.01,77428.3,1776447838000
1776447840.36,240.36,0.22,0.24,0.76,0.78,0.02,0.02,77426.83,1776447839000
1776447840.699,240.699,0.21,0.23,0.77,0.79,0.02,0.02,77426.83,1776447839000
1776447841.299,241.299,0.2,0.21,0.79,0.8,0.01,0.01,77427.13,1776447840000
1776447841.639,241.639,0.2,0.21,0.79,0.8,0.01,0.01,77427.13,1776447840000
1776447842.085,242.085,0.18,0.2,0.79,0.81,0.02,0.02,77427.13,1776447840000
1776447842.429,242.429,0.19,0.2,0.8,0.81,0.01,0.01,77419.02,1776447841000
1776447842.767,242.767,0.18,0.19,0.81,0.82,0.01,0.01,77419.02,1776447841000
1776447843.144,243.144,0.18,0.19,0.81,0.82,0.01,0.01,77419.02,1776447842000
1776447843.479,243.479,0.18,0.19,0.81,0.82,0.01,0.01,77419.02,1776447842000
1776447844.029,244.029,0.18,0.19,0.81,0.82,0.01,0.01,77419.02,1776447842000
1776447844.59,244.59,0.17,0.18,0.82,0.83,0.01,0.01,77416.95,1776447843000
1776447844.999,244.999,0.17,0.18,0.82,0.83,0.01,0.01,77416.95,1776447843000
1776447845.371,245.371,0.16,0.17,0.83,0.84,0.01,0.01,77416.95,1776447844000
1776447845.711,245.711,0.16,0.17,0.83,0.84,0.01,0.01,77416.95,1776447844000
1776447846.075,246.075,0.16,0.17,0.83,0.84,0.01,0.01,77416.95,1776447844000
1776447846.49,246.49,0.16,0.17,0.83,0.84,0.01,0.01,77417.17,1776447845000
1776447846.852,246.852,0.16,0.17,0.83,0.84,0.01,0.01,77417.17,1776447845000
1776447847.198,247.198,0.16,0.17,0.83,0.84,0.01,0.01,77417.17,1776447846000
1776447847.55,247.55,0.16,0.17,0.83,0.84,0.01,0.01,77417.17,1776447846000
1776447847.915,247.915,0.16,0.17,0.83,0.84,0.01,0.01,77417.17,1776447846000
1776447848.252,248.252,0.15,0.16,0.83,0.85,0.01,0.02,77417.17,1776447846000
1776447848.604,248.604,0.15,0.16,0.84,0.85,0.01,0.01,77417.17,1776447846000
1776447848.986,248.986,0.14,0.15,0.84,0.86,0.01,0.02,77414.77,1776447847000
1776447849.399,249.399,0.14,0.15,0.85,0.86,0.01,0.01,77414.77,1776447848000
1776447849.791,249.791,0.14,0.15,0.85,0.86,0.01,0.01,77414.77,1776447848000
1776447850.128,250.128,0.14,0.15,0.85,0.86,0.01,0.01,77414.77,1776447848000
1776447850.534,250.534,0.13,0.14,0.86,0.87,0.01,0.01,77414.42,1776447849000
1776447850.905,250.905,0.13,0.14,0.86,0.87,0.01,0.01,77414.42,1776447849000
1776447851.285,251.285,0.13,0.14,0.86,0.87,0.01,0.01,77414.42,1776447849000
1776447851.744,251.744,0.12,0.13,0.86,0.88,0.01,0.02,77414.42,1776447849000
1776447852.303,252.303,0.11,0.12,0.87,0.88,0.01,0.01,77413.77,1776447850000
1776447852.656,252.656,0.11,0.12,0.88,0.89,0.01,0.01,77413.57,1776447851000
1776447853.044,253.044,0.11,0.12,0.88,0.89,0.01,0.01,77413.57,1776447851000
1776447853.481,253.481,0.1,0.11,0.88,0.9,0.01,0.02,77412.98,1776447852000
1776447853.823,253.823,0.1,0.11,0.89,0.9,0.01,0.01,77412.98,1776447852000
1776447854.265,254.265,0.1,0.11,0.89,0.9,0.01,0.01,77412.98,1776447852000
1776447854.706,254.706,0.11,0.12,0.88,0.89,0.01,0.01,77409.03,1776447853000
1776447855.172,255.172,0.11,0.12,0.88,0.89,0.01,0.01,77408.9,1776447854000
1776447855.789,255.789,0.11,0.12,0.88,0.89,0.01,0.01,77408.9,1776447854000
1776447856.191,256.191,0.11,0.12,0.88,0.89,0.01,0.01,77411.47,1776447855000
1776447856.716,256.716,0.11,0.12,0.88,0.89,0.01,0.01,77411.47,1776447855000
1776447857.149,257.149,0.11,0.12,0.88,0.89,0.01,0.01,77411.47,1776447855000
1776447857.599,257.599,0.11,0.12,0.88,0.89,0.01,0.01,77410.83,1776447856000
1776447858.046,258.046,0.11,0.12,0.88,0.89,0.01,0.01,77410.83,1776447856000
1776447858.51,258.51,0.15,0.16,0.84,0.85,0.01,0.01,77411.89,1776447857000
1776447858.933,258.933,0.16,0.17,0.83,0.85,0.01,0.02,77411.89,1776447857000
1776447859.379,259.379,0.16,0.17,0.83,0.84,0.01,0.01,77414.02,1776447858000
1776447859.792,259.792,0.19,0.2,0.78,0.82,0.01,0.04,77414.02,1776447858000
1776447860.164,260.164,0.2,0.21,0.79,0.8,0.01,0.01,77421.08,1776447859000
1776447860.538,260.538,0.2,0.21,0.79,0.8,0.01,0.01,77421.08,1776447859000
1776447860.893,260.893,0.21,0.22,0.79,0.8,0.01,0.01,77421.08,1776447859000
1776447861.241,261.241,0.21,0.22,0.78,0.79,0.01,0.01,77425.54,1776447860000
1776447861.634,261.634,0.21,0.22,0.78,0.79,0.01,0.01,77425.54,1776447860000
1776447861.971,261.971,0.22,0.23,0.75,0.78,0.01,0.03,77425.54,1776447860000
1776447862.334,262.334,0.23,0.24,0.76,0.77,0.01,0.01,77430.45,1776447861000
1776447863.391,263.391,0.23,0.24,0.76,0.77,0.01,0.01,77430.45,1776447861000
1776447863.757,263.757,0.23,0.25,0.75,0.77,0.02,0.02,77430.45,1776447861000
1776447864.132,264.132,0.24,0.25,0.75,0.76,0.01,0.01,77437.04,1776447862000
1776447864.609,264.609,0.21,0.22,0.75,0.79,0.01,0.04,77438.21,1776447863000
1776447864.948,264.948,0.2,0.21,0.79,0.8,0.01,0.01,77438.53,1776447864000
1776447865.357,265.357,0.2,0.21,0.79,0.8,0.01,0.01,77438.53,1776447864000
1776447865.702,265.702,0.2,0.21,0.79,0.8,0.01,0.01,77438.53,1776447864000
1776447866.072,266.072,0.2,0.21,0.79,0.8,0.01,0.01,77441.8,1776447865000
1776447866.416,266.416,0.2,0.23,0.79,0.8,0.03,0.01,77441.8,1776447865000
1776447866.758,266.758,0.22,0.23,0.77,0.78,0.01,0.01,77441.8,1776447865000
1776447867.198,267.198,0.22,0.23,0.77,0.78,0.01,0.01,77437.64,1776447866000
1776447867.599,267.599,0.22,0.23,0.77,0.78,0.01,0.01,77437.64,1776447866000
1776447867.946,267.946,0.22,0.23,0.77,0.78,0.01,0.01,77437.64,1776447866000
1776447868.294,268.294,0.22,0.23,0.77,0.78,0.01,0.01,77439.03,1776447867000
1776447868.698,268.698,0.22,0.23,0.77,0.78,0.01,0.01,77439.03,1776447867000
1776447869.041,269.041,0.23,0.24,0.76,0.77,0.01,0.01,77439.03,1776447867000
1776447869.566,269.566,0.23,0.24,0.76,0.77,0.01,0.01,77441.18,1776447868000
1776447869.917,269.917,0.21,0.22,0.78,0.8,0.01,0.02,77441.18,1776447868000
1776447870.325,270.325,0.21,0.22,0.78,0.79,0.01,0.01,77441.18,1776447869000
1776447870.685,270.685,0.17,0.2,0.8,0.83,0.03,0.03,77441.18,1776447869000
1776447871.053,271.053,0.16,0.17,0.83,0.84,0.01,0.01,77441.18,1776447869000
1776447871.413,271.413,0.16,0.17,0.83,0.84,0.01,0.01,77441.42,1776447870000
1776447871.765,271.765,0.15,0.16,0.84,0.85,0.01,0.01,77441.42,1776447870000
1776447872.116,272.116,0.15,0.16,0.84,0.86,0.01,0.02,77441.42,1776447870000
1776447872.464,272.464,0.14,0.15,0.85,0.86,0.01,0.01,77437.24,1776447871000
1776447872.806,272.806,0.14,0.15,0.85,0.86,0.01,0.01,77437.24,1776447871000
1776447873.385,273.385,0.14,0.15,0.85,0.86,0.01,0.01,77433.42,1776447872000
1776447873.763,273.763,0.15,0.16,0.84,0.85,0.01,0.01,77433.42,1776447872000
1776447874.106,274.106,0.14,0.15,0.85,0.86,0.01,0.01,77433.42,1776447872000
1776447874.506,274.506,0.14,0.15,0.85,0.86,0.01,0.01,77432.48,1776447873000
1776447874.929,274.929,0.14,0.15,0.85,0.86,0.01,0.01,77432.48,1776447873000
1776447875.296,275.296,0.14,0.15,0.85,0.86,0.01,0.01,77432.66,1776447874000
1776447875.659,275.659,0.14,0.15,0.85,0.86,0.01,0.01,77432.66,1776447874000
1776447875.997,275.997,0.14,0.15,0.85,0.86,0.01,0.01,77432.66,1776447874000
1776447876.465,276.465,0.14,0.15,0.85,0.86,0.01,0.01,77435.16,1776447875000
1776447876.853,276.853,0.18,0.19,0.81,0.82,0.01,0.01,77435.16,1776447875000
1776447877.19,277.19,0.17,0.18,0.82,0.83,0.01,0.01,77435.16,1776447875000
1776447877.552,277.552,0.16,0.17,0.82,0.84,0.01,0.02,77435.16,1776447875000
1776447878.032,278.032,0.16,0.17,0.83,0.84,0.01,0.01,77436.39,1776447876000
1776447878.446,278.446,0.16,0.17,0.83,0.84,0.01,0.01,77436.39,1776447876000
1776447878.852,278.852,0.16,0.17,0.83,0.84,0.01,0.01,77437.44,1776447877000
1776447879.197,279.197,0.16,0.17,0.83,0.84,0.01,0.01,77437.44,1776447877000
1776447879.673,279.673,0.14,0.15,0.83,0.84,0.01,0.01,77437.68,1776447878000
1776447880.191,280.191,0.14,0.15,0.85,0.86,0.01,0.01,77440.32,1776447879000
1776447880.554,280.554,0.11,0.12,0.87,0.88,0.01,0.01,77440.32,1776447879000
1776447881.092,281.092,0.15,0.16,0.84,0.85,0.01,0.01,77440.32,1776447879000
1776447881.5,281.5,0.14,0.15,0.85,0.86,0.01,0.01,77440.32,1776447879000
1776447881.914,281.914,0.14,0.15,0.85,0.86,0.01,0.01,77440.45,1776447880000
1776447882.277,282.277,0.14,0.15,0.85,0.86,0.01,0.01,77440.45,1776447880000
1776447882.702,282.702,0.15,0.22,0.84,0.86,0.07,0.02,77440.45,1776447881000
1776447883.042,283.042,0.21,0.22,0.78,0.79,0.01,0.01,77440.45,1776447881000
1776447883.395,283.395,0.21,0.22,0.78,0.79,0.01,0.01,77439.82,1776447882000
1776447883.756,283.756,0.21,0.22,0.78,0.79,0.01,0.01,77439.82,1776447882000
1776447884.191,284.191,0.21,0.22,0.78,0.79,0.01,0.01,77441.95,1776447883000
1776447884.552,284.552,0.25,0.26,0.74,0.75,0.01,0.01,77441.95,1776447883000
1776447884.902,284.902,0.25,0.26,0.74,0.75,0.01,0.01,77441.95,1776447883000
1776447885.367,285.367,0.27,0.28,0.72,0.74,0.01,0.02,77441.95,1776447883000
1776447885.708,285.708,0.31,0.34,0.68,0.69,0.03,0.01,77449.68,1776447884000
1776447886.049,286.049,0.38,0.42,0.6,0.62,0.04,0.02,77449.68,1776447884000
1776447886.389,286.389,0.41,0.43,0.57,0.59,0.02,0.02,77451.22,1776447885000
1776447886.912,286.912,0.43,0.44,0.56,0.57,0.01,0.01,77451.22,1776447885000
1776447887.245,287.245,0.52,0.53,0.47,0.48,0.01,0.01,77455.45,1776447886000
1776447887.589,287.589,0.52,0.53,0.47,0.48,0.01,0.01,77455.45,1776447886000
1776447887.934,287.934,0.52,0.53,0.47,0.48,0.01,0.01,77455.45,1776447886000
1776447888.28,288.28,0.52,0.53,0.47,0.48,0.01,0.01,77455.45,1776447886000
1776447888.624,288.624,0.49,0.5,0.49,0.51,0.01,0.02,77455.45,1776447886000
1776447888.96,288.96,0.49,0.5,0.5,0.51,0.01,0.01,77467.84,1776447887000
1776447889.317,289.317,0.49,0.5,0.5,0.51,0.01,0.01,77467.84,1776447887000
1776447889.748,289.748,0.49,0.5,0.5,0.51,0.01,0.01,77469.56,1776447888000
1776447890.284,290.284,0.49,0.5,0.5,0.51,0.01,0.01,77469.13,1776447889000
1776447890.629,290.629,0.52,0.53,0.47,0.48,0.01,0.01,77469.13,1776447889000
1776447891.112,291.112,0.53,0.54,0.46,0.47,0.01,0.01,77469.13,1776447889000
1776447891.545,291.545,0.54,0.55,0.45,0.46,0.01,0.01,77469.13,1776447889000
1776447891.903,291.903,0.54,0.55,0.45,0.46,0.01,0.01,77469.72,1776447890000
1776447892.253,292.253,0.55,0.56,0.44,0.46,0.01,0.02,77469.72,1776447890000
1776447892.741,292.741,0.51,0.56,0.44,0.45,0.05,0.01,77469.77,1776447891000
1776447893.131,293.131,0.51,0.52,0.48,0.49,0.01,0.01,77470.23,1776447892000
1776447893.479,293.479,0.51,0.52,0.48,0.49,0.01,0.01,77470.23,1776447892000
1776447894.039,294.039,0.53,0.54,0.47,0.48,0.01,0.01,77470.23,1776447892000
1776447894.445,294.445,0.54,0.55,0.45,0.46,0.01,0.01,77470.23,1776447892000
1776447894.785,294.785,0.54,0.56,0.45,0.46,0.02,0.01,77470.3,1776447893000
1776447895.196,295.196,0.54,0.55,0.45,0.46,0.01,0.01,77470.48,1776447894000
1776447895.59,295.59,0.54,0.55,0.45,0.46,0.01,0.01,77470.48,1776447894000
1776447895.939,295.939,0.54,0.55,0.45,0.46,0.01,0.01,77470.48,1776447894000
1776447896.286,296.286,0.56,0.58,0.43,0.44,0.02,0.01,77470.48,1776447894000
1776447896.623,296.623,0.8,0.81,0.19,0.2,0.01,0.01,77470.48,1776447894000
1776447896.956,296.956,0.87,0.91,0.09,0.13,0.04,0.04,77470.48,1776447894000
1776447897.3,297.3,0.9,0.91,0.09,0.1,0.01,0.01,77470.51,1776447895000
1776447897.66,297.66,0.93,0.94,0.06,0.07,0.01,0.01,77470.61,1776447896000
1776447898.009,298.009,0.92,0.93,0.07,0.08,0.01,0.01,77470.61,1776447896000
1776447898.384,298.384,0.89,0.9,0.1,0.2,0.01,0.1,77471.46,1776447897000
1776447898.744,298.744,0.91,0.92,0.08,0.09,0.01,0.01,77471.46,1776447897000
1776447899.104,299.104,0.86,0.88,0.12,0.15,0.02,0.03,77478.61,1776447898000
1776447899.442,299.442,0.94,0.97,0.05,0.06,0.03,0.01,77478.61,1776447898000
1776447899.794,299.794,0.97,0.98,0.02,0.03,0.01,0.01,77478.61,1776447898000
1776447900.139,300.139,0.98,0.99,0.01,0.02,0.01,0.01,77478.43,1776447899000
1776447900.574,300.574,0.99,0.99,0.01,0.01,0.0,0.0,77478.43,1776447899000
1776447901.073,301.073,0.99,0.99,0.01,0.01,0.0,0.0,77478.44,1776447900000

# RESULT,winner=Up,slug=btc-updown-5m-1776447600,ticks=681
