timestamp,elapsed_sec,up_bid,up_ask,down_bid,down_ask,up_spread,down_spread,btc_price,btc_oracle_ts
1777158000.609,0.609,0.5,0.51,0.49,0.5,0.01,0.01,77574.67,1777157998000
1777158000.97,0.97,0.57,0.58,0.43,0.45,0.01,0.02,77575.47,1777157999000
1777158001.453,1.453,0.56,0.57,0.43,0.44,0.01,0.01,77575.47,1777158000000
1777158001.902,1.902,0.56,0.57,0.43,0.45,0.01,0.02,77575.47,1777158000000
1777158002.359,2.359,0.54,0.57,0.43,0.44,0.03,0.01,77575.61,1777158001000
1777158002.708,2.708,0.55,0.56,0.44,0.45,0.01,0.01,77575.61,1777158001000
1777158003.1,3.1,0.55,0.56,0.44,0.45,0.01,0.01,77575.61,1777158001000
1777158003.458,3.458,0.55,0.56,0.44,0.46,0.01,0.02,77575.61,1777158001000
1777158004.132,4.132,0.54,0.56,0.44,0.46,0.02,0.02,77577.26,1777158002000
1777158005.045,5.045,0.55,0.56,0.44,0.45,0.01,0.01,77577.82,1777158003000
1777158005.652,5.652,0.55,0.56,0.44,0.45,0.01,0.01,77578.02,1777158004000
1777158006.0,6.0,0.55,0.56,0.44,0.45,0.01,0.01,77578.02,1777158004000
1777158006.396,6.396,0.55,0.56,0.44,0.45,0.01,0.01,77578.01,1777158005000
1777158007.025,7.025,0.55,0.56,0.44,0.45,0.01,0.01,77578.01,1777158005000
1777158007.516,7.516,0.55,0.56,0.44,0.45,0.01,0.01,77578.01,1777158006000
1777158008.105,8.105,0.55,0.56,0.44,0.45,0.01,0.01,77578.01,1777158006000
1777158008.47,8.47,0.54,0.55,0.45,0.46,0.01,0.01,77578.01,1777158006000
1777158009.132,9.132,0.54,0.55,0.45,0.46,0.01,0.01,77578.02,1777158007000
1777158009.501,9.501,0.54,0.55,0.45,0.46,0.01,0.01,77578.02,1777158008000
1777158010.152,10.152,0.54,0.55,0.45,0.46,0.01,0.01,77578.02,1777158008000
1777158010.576,10.576,0.54,0.55,0.45,0.46,0.01,0.01,77578.02,1777158008000
1777158010.941,10.941,0.54,0.55,0.45,0.46,0.01,0.01,77578.02,1777158009000
1777158011.45,11.45,0.54,0.55,0.45,0.46,0.01,0.01,77578.02,1777158010000
1777158012.151,12.151,0.54,0.55,0.45,0.46,0.01,0.01,77578.02,1777158011000
1777158012.806,12.806,0.54,0.55,0.45,0.46,0.01,0.01,77578.02,1777158011000
1777158013.51,13.51,0.54,0.55,0.45,0.46,0.01,0.01,77578.02,1777158011000
1777158014.73,14.73,0.54,0.55,0.45,0.46,0.01,0.01,77578.02,1777158011000
1777158015.415,15.415,0.54,0.55,0.45,0.46,0.01,0.01,77578.02,1777158011000
1777158015.959,15.959,0.54,0.55,0.45,0.46,0.01,0.01,77578.02,1777158014000
1777158016.358,16.358,0.54,0.55,0.45,0.46,0.01,0.01,77577.97,1777158015000
1777158017.019,17.019,0.54,0.55,0.45,0.46,0.01,0.01,77577.97,1777158015000
1777158017.414,17.414,0.54,0.55,0.45,0.46,0.01,0.01,77577.97,1777158016000
1777158017.806,17.806,0.54,0.55,0.45,0.46,0.01,0.01,77577.97,1777158016000
1777158018.271,18.271,0.54,0.55,0.45,0.46,0.01,0.01,77577.92,1777158017000
1777158018.91,18.91,0.53,0.54,0.46,0.47,0.01,0.01,77577.92,1777158017000
1777158019.278,19.278,0.53,0.54,0.46,0.47,0.01,0.01,77577.92,1777158018000
1777158019.719,19.719,0.53,0.54,0.46,0.47,0.01,0.01,77577.92,1777158018000
1777158020.443,20.443,0.53,0.54,0.46,0.47,0.01,0.01,77577.92,1777158018000
1777158020.801,20.801,0.53,0.54,0.46,0.47,0.01,0.01,77578.02,1777158019000
1777158021.412,21.412,0.53,0.54,0.46,0.47,0.01,0.01,77578.02,1777158020000
1777158021.772,21.772,0.53,0.54,0.46,0.47,0.01,0.01,77578.02,1777158020000
1777158022.205,22.205,0.53,0.54,0.46,0.47,0.01,0.01,77578.26,1777158021000
1777158023.268,23.268,0.53,0.54,0.46,0.47,0.01,0.01,77578.56,1777158022000
1777158024.14,24.14,0.53,0.54,0.46,0.47,0.01,0.01,77578.56,1777158022000
1777158024.545,24.545,0.53,0.54,0.46,0.47,0.01,0.01,77578.08,1777158023000
1777158024.95,24.95,0.53,0.54,0.46,0.47,0.01,0.01,77578.08,1777158024000
1777158025.644,25.644,0.53,0.54,0.46,0.47,0.01,0.01,77578.08,1777158024000
1777158026.126,26.126,0.53,0.54,0.46,0.47,0.01,0.01,77578.48,1777158025000
1777158026.586,26.586,0.53,0.54,0.46,0.47,0.01,0.01,77578.48,1777158025000
1777158027.027,27.027,0.53,0.54,0.46,0.47,0.01,0.01,77578.48,1777158025000
1777158027.382,27.382,0.53,0.54,0.46,0.47,0.01,0.01,77578.48,1777158026000
1777158028.008,28.008,0.53,0.55,0.46,0.47,0.02,0.01,77578.48,1777158026000
1777158028.426,28.426,0.55,0.57,0.44,0.45,0.02,0.01,77578.48,1777158026000
1777158028.977,28.977,0.56,0.57,0.43,0.45,0.01,0.02,77578.89,1777158027000
1777158030.272,30.272,0.56,0.57,0.43,0.44,0.01,0.01,77579.13,1777158028000
1777158030.85,30.85,0.56,0.57,0.43,0.44,0.01,0.01,77579.6,1777158029000
1777158031.203,31.203,0.56,0.57,0.43,0.44,0.01,0.01,77579.95,1777158030000
1777158031.615,31.615,0.56,0.57,0.43,0.44,0.01,0.01,77579.95,1777158030000
1777158032.419,32.419,0.56,0.57,0.43,0.44,0.01,0.01,77579.95,1777158030000
1777158032.906,32.906,0.56,0.57,0.43,0.44,0.01,0.01,77580.09,1777158031000
1777158033.29,33.29,0.56,0.57,0.43,0.44,0.01,0.01,77580.1,1777158032000
1777158034.451,34.451,0.56,0.57,0.43,0.44,0.01,0.01,77580.1,1777158032000
1777158034.859,34.859,0.56,0.57,0.43,0.44,0.01,0.01,77580.05,1777158033000
1777158035.226,35.226,0.56,0.57,0.43,0.44,0.01,0.01,77580.05,1777158033000
1777158035.755,35.755,0.55,0.56,0.44,0.45,0.01,0.01,77579.94,1777158034000
1777158036.387,36.387,0.55,0.56,0.44,0.45,0.01,0.01,77579.95,1777158035000
1777158036.914,36.914,0.55,0.56,0.44,0.45,0.01,0.01,77579.95,1777158035000
1777158037.265,37.265,0.55,0.56,0.44,0.45,0.01,0.01,77579.96,1777158036000
1777158037.644,37.644,0.56,0.57,0.43,0.44,0.01,0.01,77579.96,1777158036000
1777158038.377,38.377,0.56,0.57,0.43,0.44,0.01,0.01,77579.96,1777158036000
1777158038.998,38.998,0.56,0.57,0.43,0.44,0.01,0.01,77580.01,1777158038000
1777158039.612,39.612,0.56,0.57,0.43,0.44,0.01,0.01,77580.01,1777158038000
1777158040.206,40.206,0.56,0.57,0.43,0.44,0.01,0.01,77580.08,1777158039000
1777158040.608,40.608,0.56,0.57,0.43,0.44,0.01,0.01,77580.08,1777158039000
1777158040.962,40.962,0.48,0.51,0.49,0.52,0.03,0.03,77580.08,1777158039000
1777158041.345,41.345,0.46,0.47,0.52,0.54,0.01,0.02,77580.09,1777158040000
1777158041.69,41.69,0.46,0.47,0.53,0.54,0.01,0.01,77580.09,1777158040000
1777158042.036,42.036,0.46,0.47,0.53,0.54,0.01,0.01,77580.09,1777158040000
1777158042.421,42.421,0.46,0.47,0.53,0.54,0.01,0.01,77577.05,1777158041000
1777158042.887,42.887,0.46,0.47,0.53,0.54,0.01,0.01,77577.05,1777158042000
1777158043.42,43.42,0.46,0.47,0.53,0.54,0.01,0.01,77577.05,1777158042000
1777158043.873,43.873,0.46,0.47,0.53,0.54,0.01,0.01,77577.05,1777158042000
1777158044.378,44.378,0.46,0.47,0.53,0.54,0.01,0.01,77574.05,1777158043000
1777158044.725,44.725,0.44,0.45,0.55,0.56,0.01,0.01,77574.05,1777158043000
1777158045.063,45.063,0.44,0.45,0.55,0.56,0.01,0.01,77574.05,1777158043000
1777158045.487,45.487,0.44,0.45,0.55,0.56,0.01,0.01,77574.05,1777158043000
1777158045.978,45.978,0.43,0.44,0.56,0.57,0.01,0.01,77573.94,1777158044000
1777158046.34,46.34,0.43,0.44,0.56,0.57,0.01,0.01,77573.94,1777158044000
1777158046.702,46.702,0.43,0.44,0.56,0.57,0.01,0.01,77572.51,1777158045000
1777158047.169,47.169,0.43,0.44,0.56,0.57,0.01,0.01,77572.51,1777158045000
1777158047.782,47.782,0.43,0.44,0.56,0.57,0.01,0.01,77572.51,1777158046000
1777158048.173,48.173,0.43,0.44,0.56,0.57,0.01,0.01,77572.51,1777158046000
1777158048.789,48.789,0.43,0.44,0.56,0.57,0.01,0.01,77572.36,1777158047000
1777158049.335,49.335,0.43,0.44,0.56,0.57,0.01,0.01,77572.35,1777158048000
1777158049.831,49.831,0.43,0.44,0.56,0.57,0.01,0.01,77572.35,1777158048000
1777158050.304,50.304,0.43,0.44,0.56,0.57,0.01,0.01,77572.47,1777158049000
1777158051.106,51.106,0.43,0.44,0.56,0.57,0.01,0.01,77572.47,1777158049000
1777158051.588,51.588,0.43,0.44,0.56,0.57,0.01,0.01,77572.45,1777158050000
1777158051.956,51.956,0.43,0.44,0.56,0.57,0.01,0.01,77571.73,1777158051000
1777158052.301,52.301,0.43,0.44,0.56,0.57,0.01,0.01,77571.73,1777158051000
1777158052.892,52.892,0.43,0.44,0.56,0.57,0.01,0.01,77571.73,1777158052000
1777158053.332,53.332,0.43,0.44,0.56,0.57,0.01,0.01,77571.73,1777158052000
1777158053.897,53.897,0.43,0.44,0.56,0.57,0.01,0.01,77571.83,1777158053000
1777158054.285,54.285,0.41,0.42,0.56,0.59,0.01,0.03,77571.83,1777158053000
1777158054.967,54.967,0.41,0.42,0.58,0.59,0.01,0.01,77572.22,1777158054000
1777158055.573,55.573,0.41,0.42,0.58,0.59,0.01,0.01,77572.22,1777158054000
1777158055.991,55.991,0.41,0.42,0.58,0.59,0.01,0.01,77572.14,1777158055000
1777158056.623,56.623,0.41,0.42,0.58,0.59,0.01,0.01,77572.14,1777158055000
1777158057.246,57.246,0.41,0.42,0.58,0.59,0.01,0.01,77572.14,1777158056000
1777158057.885,57.885,0.41,0.42,0.58,0.59,0.01,0.01,77572.09,1777158057000
1777158058.312,58.312,0.41,0.42,0.58,0.59,0.01,0.01,77572.09,1777158057000
1777158058.923,58.923,0.41,0.42,0.58,0.59,0.01,0.01,77572.09,1777158057000
1777158059.349,59.349,0.41,0.42,0.58,0.59,0.01,0.01,77572.09,1777158057000
1777158060.028,60.028,0.41,0.42,0.58,0.59,0.01,0.01,77572.27,1777158059000
1777158060.535,60.535,0.41,0.43,0.58,0.59,0.02,0.01,77572.27,1777158059000
1777158061.135,61.135,0.41,0.43,0.57,0.59,0.02,0.02,77572.27,1777158060000
1777158061.611,61.611,0.42,0.43,0.57,0.58,0.01,0.01,77572.27,1777158060000
1777158062.008,62.008,0.42,0.43,0.57,0.58,0.01,0.01,77572.27,1777158060000
1777158062.389,62.389,0.42,0.43,0.57,0.58,0.01,0.01,77572.26,1777158061000
1777158062.733,62.733,0.37,0.4,0.6,0.61,0.03,0.01,77572.26,1777158061000
1777158063.069,63.069,0.34,0.35,0.65,0.66,0.01,0.01,77572.26,1777158061000
1777158063.423,63.423,0.32,0.33,0.66,0.68,0.01,0.02,77572.26,1777158062000
1777158063.879,63.879,0.32,0.33,0.67,0.68,0.01,0.01,77569.11,1777158063000
1777158064.91,64.91,0.32,0.33,0.67,0.68,0.01,0.01,77569.11,1777158063000
1777158065.291,65.291,0.32,0.33,0.67,0.68,0.01,0.01,77566.36,1777158064000
1777158065.709,65.709,0.32,0.33,0.67,0.68,0.01,0.01,77566.36,1777158064000
1777158066.428,66.428,0.32,0.33,0.67,0.68,0.01,0.01,77565.99,1777158065000
1777158066.773,66.773,0.3,0.32,0.68,0.7,0.02,0.02,77565.99,1777158065000
1777158067.191,67.191,0.3,0.31,0.69,0.7,0.01,0.01,77565.99,1777158066000
1777158067.618,67.618,0.3,0.31,0.69,0.7,0.01,0.01,77565.99,1777158066000
1777158068.068,68.068,0.3,0.31,0.69,0.7,0.01,0.01,77565.94,1777158067000
1777158068.651,68.651,0.3,0.31,0.69,0.7,0.01,0.01,77565.94,1777158067000
1777158069.042,69.042,0.3,0.31,0.69,0.7,0.01,0.01,77565.94,1777158067000
1777158069.482,69.482,0.3,0.31,0.69,0.7,0.01,0.01,77563.69,1777158068000
1777158069.9,69.9,0.3,0.31,0.69,0.7,0.01,0.01,77563.69,1777158068000
1777158070.803,70.803,0.3,0.31,0.69,0.7,0.01,0.01,77563.02,1777158069000
1777158071.144,71.144,0.29,0.31,0.69,0.71,0.02,0.02,77562.35,1777158070000
1777158071.537,71.537,0.28,0.29,0.71,0.73,0.01,0.02,77562.35,1777158070000
1777158071.978,71.978,0.27,0.28,0.72,0.73,0.01,0.01,77562.35,1777158070000
1777158072.318,72.318,0.25,0.26,0.74,0.75,0.01,0.01,77562.35,1777158070000
1777158072.67,72.67,0.25,0.26,0.74,0.75,0.01,0.01,77562.35,1777158070000
1777158073.048,73.048,0.25,0.26,0.74,0.75,0.01,0.01,77558.13,1777158071000
1777158073.46,73.46,0.25,0.26,0.74,0.75,0.01,0.01,77557.52,1777158072000
1777158074.148,74.148,0.25,0.26,0.74,0.75,0.01,0.01,77557.52,1777158073000
1777158074.512,74.512,0.25,0.26,0.74,0.75,0.01,0.01,77557.52,1777158073000
1777158074.993,74.993,0.25,0.26,0.74,0.75,0.01,0.01,77557.52,1777158073000
1777158075.348,75.348,0.25,0.26,0.74,0.75,0.01,0.01,77557.3,1777158074000
1777158075.815,75.815,0.25,0.26,0.74,0.75,0.01,0.01,77557.3,1777158074000
1777158076.298,76.298,0.25,0.26,0.74,0.75,0.01,0.01,77556.98,1777158075000
1777158076.766,76.766,0.22,0.23,0.74,0.79,0.01,0.05,77556.98,1777158075000
1777158077.124,77.124,0.22,0.23,0.77,0.78,0.01,0.01,77556.98,1777158075000
1777158077.542,77.542,0.22,0.23,0.77,0.78,0.01,0.01,77556.98,1777158075000
1777158077.96,77.96,0.22,0.23,0.77,0.78,0.01,0.01,77556.91,1777158076000
1777158078.389,78.389,0.23,0.24,0.75,0.78,0.01,0.03,77556.91,1777158077000
1777158078.726,78.726,0.23,0.24,0.76,0.77,0.01,0.01,77556.91,1777158077000
1777158079.119,79.119,0.23,0.24,0.76,0.77,0.01,0.01,77556.91,1777158077000
1777158079.52,79.52,0.23,0.24,0.76,0.77,0.01,0.01,77556.91,1777158078000
1777158080.048,80.048,0.23,0.24,0.76,0.77,0.01,0.01,77556.91,1777158078000
1777158080.402,80.402,0.23,0.24,0.76,0.77,0.01,0.01,77556.92,1777158079000
1777158080.738,80.738,0.22,0.23,0.77,0.78,0.01,0.01,77556.92,1777158079000
1777158081.387,81.387,0.22,0.23,0.77,0.78,0.01,0.01,77556.92,1777158079000
1777158081.74,81.74,0.22,0.23,0.77,0.78,0.01,0.01,77556.91,1777158080000
1777158082.422,82.422,0.21,0.23,0.77,0.78,0.02,0.01,77556.9,1777158081000
1777158082.868,82.868,0.21,0.22,0.78,0.79,0.01,0.01,77556.9,1777158081000
1777158083.339,83.339,0.21,0.22,0.78,0.79,0.01,0.01,77556.91,1777158082000
1777158083.894,83.894,0.21,0.22,0.78,0.79,0.01,0.01,77556.91,1777158082000
1777158084.304,84.304,0.21,0.22,0.78,0.79,0.01,0.01,77556.91,1777158083000
1777158085.151,85.151,0.21,0.22,0.78,0.79,0.01,0.01,77556.91,1777158083000
1777158085.855,85.855,0.21,0.22,0.78,0.79,0.01,0.01,77556.92,1777158084000
1777158086.281,86.281,0.21,0.22,0.78,0.79,0.01,0.01,77556.92,1777158085000
1777158086.689,86.689,0.21,0.22,0.78,0.79,0.01,0.01,77556.92,1777158085000
1777158087.112,87.112,0.21,0.22,0.78,0.79,0.01,0.01,77556.92,1777158085000
1777158087.543,87.543,0.21,0.22,0.78,0.79,0.01,0.01,77556.92,1777158085000
1777158088.052,88.052,0.21,0.22,0.78,0.79,0.01,0.01,77556.93,1777158086000
1777158088.556,88.556,0.21,0.22,0.78,0.79,0.01,0.01,77556.93,1777158087000
1777158088.968,88.968,0.21,0.22,0.78,0.79,0.01,0.01,77556.93,1777158087000
1777158089.467,89.467,0.21,0.22,0.78,0.79,0.01,0.01,77556.95,1777158088000
1777158090.034,90.034,0.21,0.22,0.78,0.79,0.01,0.01,77556.95,1777158088000
1777158090.531,90.531,0.21,0.22,0.78,0.79,0.01,0.01,77556.94,1777158089000
1777158090.868,90.868,0.21,0.22,0.78,0.79,0.01,0.01,77556.94,1777158089000
1777158091.204,91.204,0.21,0.22,0.78,0.79,0.01,0.01,77556.95,1777158090000
1777158091.549,91.549,0.21,0.22,0.78,0.79,0.01,0.01,77556.95,1777158090000
1777158091.94,91.94,0.21,0.22,0.78,0.79,0.01,0.01,77556.95,1777158090000
1777158092.303,92.303,0.22,0.23,0.78,0.79,0.01,0.01,77556.96,1777158091000
1777158092.665,92.665,0.22,0.23,0.77,0.78,0.01,0.01,77556.96,1777158091000
1777158093.018,93.018,0.22,0.24,0.76,0.78,0.02,0.02,77556.96,1777158092000
1777158093.37,93.37,0.23,0.24,0.76,0.77,0.01,0.01,77556.96,1777158092000
1777158093.723,93.723,0.23,0.24,0.76,0.77,0.01,0.01,77556.96,1777158092000
1777158094.084,94.084,0.3,0.31,0.69,0.72,0.01,0.03,77556.98,1777158093000
1777158094.454,94.454,0.32,0.33,0.67,0.68,0.01,0.01,77556.98,1777158093000
1777158094.862,94.862,0.32,0.33,0.67,0.68,0.01,0.01,77556.98,1777158093000
1777158095.213,95.213,0.31,0.32,0.67,0.69,0.01,0.02,77558.74,1777158094000
1777158095.564,95.564,0.31,0.32,0.68,0.69,0.01,0.01,77558.74,1777158094000
1777158095.96,95.96,0.31,0.32,0.68,0.69,0.01,0.01,77558.74,1777158094000
1777158096.341,96.341,0.3,0.31,0.69,0.7,0.01,0.01,77562.47,1777158095000
1777158096.821,96.821,0.29,0.3,0.7,0.71,0.01,0.01,77562.47,1777158095000
1777158097.23,97.23,0.29,0.3,0.7,0.71,0.01,0.01,77563.57,1777158096000
1777158097.639,97.639,0.29,0.3,0.7,0.71,0.01,0.01,77563.57,1777158096000
1777158098.001,98.001,0.28,0.29,0.71,0.72,0.01,0.01,77563.57,1777158096000
1777158098.441,98.441,0.28,0.29,0.71,0.72,0.01,0.01,77563.57,1777158097000
1777158098.961,98.961,0.28,0.29,0.71,0.72,0.01,0.01,77563.57,1777158097000
1777158099.633,99.633,0.28,0.29,0.71,0.72,0.01,0.01,77563.58,1777158098000
1777158099.977,99.977,0.28,0.29,0.71,0.72,0.01,0.01,77563.58,1777158098000
1777158100.312,100.312,0.28,0.29,0.71,0.72,0.01,0.01,77563.58,1777158098000
1777158100.692,100.692,0.28,0.29,0.71,0.72,0.01,0.01,77563.58,1777158098000
1777158101.111,101.111,0.28,0.29,0.71,0.72,0.01,0.01,77563.13,1777158099000
1777158101.56,101.56,0.28,0.29,0.71,0.72,0.01,0.01,77563.14,1777158100000
1777158101.954,101.954,0.28,0.29,0.71,0.72,0.01,0.01,77563.14,1777158100000
1777158102.41,102.41,0.28,0.29,0.71,0.72,0.01,0.01,77562.88,1777158101000
1777158102.794,102.794,0.28,0.29,0.71,0.72,0.01,0.01,77562.88,1777158101000
1777158103.16,103.16,0.28,0.29,0.71,0.72,0.01,0.01,77562.88,1777158101000
1777158103.498,103.498,0.28,0.29,0.71,0.72,0.01,0.01,77562.88,1777158102000
1777158103.885,103.885,0.28,0.29,0.71,0.72,0.01,0.01,77562.88,1777158102000
1777158104.566,104.566,0.28,0.29,0.71,0.72,0.01,0.01,77562.87,1777158103000
1777158104.977,104.977,0.28,0.29,0.71,0.72,0.01,0.01,77562.87,1777158103000
1777158105.379,105.379,0.27,0.29,0.71,0.73,0.02,0.02,77563.58,1777158104000
1777158106.073,106.073,0.27,0.28,0.72,0.73,0.01,0.01,77563.58,1777158104000
1777158106.481,106.481,0.27,0.28,0.72,0.73,0.01,0.01,77563.58,1777158104000
1777158107.082,107.082,0.27,0.28,0.72,0.73,0.01,0.01,77562.9,1777158106000
1777158107.418,107.418,0.27,0.28,0.72,0.73,0.01,0.01,77562.9,1777158106000
1777158107.755,107.755,0.26,0.27,0.72,0.74,0.01,0.02,77562.9,1777158106000
1777158108.217,108.217,0.26,0.27,0.73,0.74,0.01,0.01,77563.31,1777158107000
1777158108.998,108.998,0.26,0.28,0.73,0.74,0.02,0.01,77563.31,1777158107000
1777158109.496,109.496,0.27,0.28,0.72,0.73,0.01,0.01,77563.31,1777158108000
1777158109.979,109.979,0.27,0.28,0.72,0.73,0.01,0.01,77563.31,1777158108000
1777158110.424,110.424,0.27,0.28,0.72,0.73,0.01,0.01,77563.14,1777158109000
1777158110.829,110.829,0.27,0.28,0.72,0.73,0.01,0.01,77563.14,1777158109000
1777158111.187,111.187,0.26,0.27,0.72,0.73,0.01,0.01,77562.69,1777158110000
1777158112.203,112.203,0.25,0.26,0.74,0.75,0.01,0.01,77562.64,1777158111000
1777158112.583,112.583,0.25,0.26,0.74,0.75,0.01,0.01,77562.64,1777158111000
1777158113.36,113.36,0.25,0.26,0.74,0.75,0.01,0.01,77562.57,1777158112000
1777158113.994,113.994,0.25,0.26,0.74,0.75,0.01,0.01,77562.58,1777158113000
1777158114.562,114.562,0.27,0.28,0.72,0.75,0.01,0.03,77562.58,1777158113000
1777158115.147,115.147,0.27,0.28,0.72,0.73,0.01,0.01,77562.58,1777158113000
1777158115.583,115.583,0.27,0.28,0.72,0.73,0.01,0.01,77562.88,1777158114000
1777158115.95,115.95,0.28,0.29,0.71,0.72,0.01,0.01,77562.88,1777158114000
1777158116.315,116.315,0.28,0.29,0.71,0.72,0.01,0.01,77563.64,1777158115000
1777158116.697,116.697,0.28,0.29,0.71,0.72,0.01,0.01,77563.64,1777158115000
1777158117.336,117.336,0.28,0.29,0.71,0.72,0.01,0.01,77564.23,1777158116000
1777158117.673,117.673,0.28,0.29,0.71,0.72,0.01,0.01,77564.23,1777158116000
1777158118.168,118.168,0.29,0.3,0.63,0.72,0.01,0.09,77564.23,1777158117000
1777158118.516,118.516,0.29,0.3,0.7,0.71,0.01,0.01,77564.23,1777158117000
1777158118.957,118.957,0.29,0.3,0.7,0.71,0.01,0.01,77564.23,1777158117000
1777158119.374,119.374,0.29,0.3,0.7,0.71,0.01,0.01,77564.24,1777158118000
1777158120.001,120.001,0.29,0.3,0.7,0.71,0.01,0.01,77564.24,1777158118000
1777158120.443,120.443,0.29,0.3,0.7,0.71,0.01,0.01,77564.24,1777158119000
1777158120.873,120.873,0.29,0.3,0.7,0.71,0.01,0.01,77564.24,1777158119000
1777158121.297,121.297,0.29,0.3,0.7,0.71,0.01,0.01,77564.24,1777158120000
1777158121.883,121.883,0.3,0.31,0.69,0.7,0.01,0.01,77564.24,1777158120000
1777158122.268,122.268,0.3,0.31,0.69,0.7,0.01,0.01,77564.24,1777158120000
1777158122.632,122.632,0.3,0.31,0.69,0.7,0.01,0.01,77564.52,1777158121000
1777158122.981,122.981,0.3,0.31,0.69,0.7,0.01,0.01,77564.52,1777158122000
1777158123.324,123.324,0.3,0.31,0.69,0.7,0.01,0.01,77564.52,1777158122000
1777158123.73,123.73,0.3,0.31,0.69,0.7,0.01,0.01,77564.52,1777158122000
1777158124.168,124.168,0.3,0.31,0.69,0.7,0.01,0.01,77564.53,1777158123000
1777158124.528,124.528,0.3,0.31,0.69,0.7,0.01,0.01,77564.53,1777158123000
1777158125.042,125.042,0.31,0.32,0.67,0.69,0.01,0.02,77564.53,1777158123000
1777158125.418,125.418,0.31,0.32,0.68,0.69,0.01,0.01,77564.83,1777158124000
1777158125.806,125.806,0.31,0.32,0.68,0.69,0.01,0.01,77564.83,1777158124000
1777158126.151,126.151,0.32,0.33,0.67,0.68,0.01,0.01,77564.83,1777158124000
1777158126.583,126.583,0.32,0.33,0.67,0.68,0.01,0.01,77564.73,1777158125000
1777158126.996,126.996,0.32,0.33,0.67,0.68,0.01,0.01,77564.73,1777158126000
1777158127.34,127.34,0.32,0.33,0.67,0.68,0.01,0.01,77564.73,1777158126000
1777158127.826,127.826,0.32,0.33,0.67,0.68,0.01,0.01,77564.73,1777158126000
1777158128.175,128.175,0.33,0.34,0.67,0.68,0.01,0.01,77564.73,1777158126000
1777158128.519,128.519,0.33,0.34,0.66,0.67,0.01,0.01,77564.75,1777158127000
1777158128.859,128.859,0.33,0.34,0.66,0.67,0.01,0.01,77564.75,1777158127000
1777158129.207,129.207,0.33,0.34,0.66,0.67,0.01,0.01,77564.75,1777158127000
1777158129.555,129.555,0.33,0.34,0.66,0.67,0.01,0.01,77564.75,1777158127000
1777158130.103,130.103,0.33,0.34,0.66,0.67,0.01,0.01,77564.73,1777158128000
1777158130.507,130.507,0.33,0.34,0.66,0.67,0.01,0.01,77564.73,1777158128000
1777158131.045,131.045,0.33,0.34,0.66,0.67,0.01,0.01,77564.74,1777158129000
1777158132.12,132.12,0.33,0.34,0.66,0.67,0.01,0.01,77564.93,1777158131000
1777158132.605,132.605,0.33,0.34,0.66,0.67,0.01,0.01,77564.93,1777158131000
1777158133.152,133.152,0.33,0.34,0.66,0.67,0.01,0.01,77564.93,1777158131000
1777158134.116,134.116,0.33,0.5,0.66,0.67,0.17,0.01,77564.84,1777158132000
1777158134.452,134.452,0.47,0.48,0.52,0.53,0.01,0.01,77564.76,1777158133000
1777158134.847,134.847,0.47,0.48,0.52,0.53,0.01,0.01,77564.76,1777158133000
1777158135.228,135.228,0.47,0.48,0.52,0.53,0.01,0.01,77565.01,1777158134000
1777158135.618,135.618,0.47,0.48,0.52,0.53,0.01,0.01,77565.01,1777158134000
1777158136.008,136.008,0.47,0.48,0.52,0.53,0.01,0.01,77565.01,1777158134000
1777158136.433,136.433,0.47,0.48,0.52,0.53,0.01,0.01,77565.01,1777158135000
1777158136.815,136.815,0.47,0.48,0.52,0.53,0.01,0.01,77565.01,1777158135000
1777158137.155,137.155,0.47,0.48,0.52,0.53,0.01,0.01,77565.03,1777158136000
1777158137.607,137.607,0.47,0.48,0.52,0.53,0.01,0.01,77565.03,1777158136000
1777158138.108,138.108,0.47,0.48,0.52,0.53,0.01,0.01,77564.4,1777158137000
1777158138.65,138.65,0.47,0.48,0.52,0.53,0.01,0.01,77564.4,1777158137000
1777158139.119,139.119,0.47,0.48,0.52,0.53,0.01,0.01,77564.54,1777158138000
1777158139.455,139.455,0.47,0.48,0.52,0.53,0.01,0.01,77564.54,1777158138000
1777158139.858,139.858,0.47,0.48,0.52,0.53,0.01,0.01,77564.54,1777158138000
1777158140.198,140.198,0.47,0.48,0.52,0.53,0.01,0.01,77564.56,1777158139000
1777158140.574,140.574,0.47,0.48,0.52,0.53,0.01,0.01,77564.56,1777158139000
1777158141.042,141.042,0.47,0.48,0.52,0.53,0.01,0.01,77564.56,1777158139000
1777158141.378,141.378,0.47,0.48,0.52,0.53,0.01,0.01,77564.77,1777158140000
1777158141.838,141.838,0.47,0.48,0.52,0.53,0.01,0.01,77564.77,1777158140000
1777158142.223,142.223,0.47,0.48,0.52,0.53,0.01,0.01,77564.77,1777158140000
1777158142.716,142.716,0.47,0.48,0.52,0.53,0.01,0.01,77564.77,1777158141000
1777158143.082,143.082,0.47,0.48,0.52,0.53,0.01,0.01,77564.77,1777158141000
1777158143.494,143.494,0.54,0.55,0.42,0.53,0.01,0.11,77564.77,1777158141000
1777158143.829,143.829,0.52,0.54,0.46,0.48,0.02,0.02,77564.82,1777158142000
1777158144.294,144.294,0.48,0.49,0.51,0.52,0.01,0.01,77564.82,1777158142000
1777158144.637,144.637,0.45,0.46,0.53,0.54,0.01,0.01,77564.65,1777158143000
1777158145.042,145.042,0.45,0.46,0.54,0.55,0.01,0.01,77564.62,1777158144000
1777158145.381,145.381,0.44,0.45,0.55,0.56,0.01,0.01,77564.62,1777158144000
1777158145.76,145.76,0.44,0.45,0.55,0.56,0.01,0.01,77564.62,1777158144000
1777158146.121,146.121,0.44,0.45,0.55,0.56,0.01,0.01,77564.62,1777158144000
1777158146.482,146.482,0.44,0.45,0.55,0.56,0.01,0.01,77564.79,1777158145000
1777158146.822,146.822,0.44,0.45,0.55,0.56,0.01,0.01,77564.79,1777158145000
1777158147.166,147.166,0.44,0.45,0.55,0.56,0.01,0.01,77564.79,1777158145000
1777158147.557,147.557,0.44,0.45,0.55,0.56,0.01,0.01,77564.79,1777158145000
1777158147.979,147.979,0.44,0.45,0.55,0.56,0.01,0.01,77564.64,1777158147000
1777158148.315,148.315,0.44,0.45,0.55,0.56,0.01,0.01,77564.64,1777158147000
1777158148.771,148.771,0.44,0.45,0.55,0.56,0.01,0.01,77564.64,1777158147000
1777158149.176,149.176,0.44,0.45,0.55,0.56,0.01,0.01,77564.48,1777158148000
1777158149.67,149.67,0.44,0.45,0.55,0.56,0.01,0.01,77564.48,1777158148000
1777158150.151,150.151,0.45,0.46,0.54,0.55,0.01,0.01,77564.48,1777158148000
1777158150.512,150.512,0.45,0.46,0.54,0.55,0.01,0.01,77564.48,1777158149000
1777158150.959,150.959,0.45,0.46,0.54,0.55,0.01,0.01,77564.58,1777158150000
1777158151.334,151.334,0.45,0.46,0.54,0.55,0.01,0.01,77564.58,1777158150000
1777158151.744,151.744,0.45,0.46,0.54,0.55,0.01,0.01,77564.58,1777158150000
1777158152.161,152.161,0.45,0.46,0.54,0.55,0.01,0.01,77564.58,1777158150000
1777158152.707,152.707,0.46,0.47,0.53,0.54,0.01,0.01,77564.8,1777158151000
1777158153.126,153.126,0.51,0.52,0.34,0.54,0.01,0.2,77564.8,1777158151000
1777158153.461,153.461,0.56,0.57,0.44,0.47,0.01,0.03,77565.02,1777158152000
1777158154.011,154.011,0.59,0.6,0.41,0.44,0.01,0.03,77565.02,1777158152000
1777158154.418,154.418,0.59,0.6,0.4,0.41,0.01,0.01,77565.22,1777158153000
1777158154.927,154.927,0.59,0.6,0.4,0.41,0.01,0.01,77565.22,1777158153000
1777158155.31,155.31,0.59,0.6,0.4,0.41,0.01,0.01,77565.22,1777158153000
1777158155.994,155.994,0.58,0.6,0.4,0.42,0.02,0.02,77566.66,1777158155000
1777158156.415,156.415,0.56,0.58,0.42,0.43,0.02,0.01,77566.66,1777158155000
1777158156.763,156.763,0.56,0.57,0.43,0.44,0.01,0.01,77566.66,1777158155000
1777158157.142,157.142,0.55,0.56,0.43,0.45,0.01,0.02,77566.66,1777158155000
1777158157.597,157.597,0.55,0.56,0.44,0.45,0.01,0.01,77566.59,1777158156000
1777158158.242,158.242,0.55,0.56,0.44,0.45,0.01,0.01,77566.59,1777158156000
1777158158.648,158.648,0.55,0.56,0.44,0.45,0.01,0.01,77566.59,1777158156000
1777158159.001,159.001,0.55,0.56,0.44,0.45,0.01,0.01,77566.17,1777158157000
1777158159.384,159.384,0.55,0.56,0.44,0.45,0.01,0.01,77566.17,1777158157000
1777158159.742,159.742,0.55,0.56,0.44,0.45,0.01,0.01,77566.17,1777158157000
1777158160.11,160.11,0.55,0.56,0.44,0.45,0.01,0.01,77566.07,1777158158000
1777158160.501,160.501,0.55,0.56,0.44,0.45,0.01,0.01,77566.07,1777158158000
1777158161.3,161.3,0.55,0.56,0.44,0.45,0.01,0.01,77566.07,1777158159000
1777158161.667,161.667,0.55,0.56,0.44,0.45,0.01,0.01,77566.05,1777158160000
1777158162.087,162.087,0.55,0.56,0.44,0.45,0.01,0.01,77566.05,1777158160000
1777158162.461,162.461,0.55,0.56,0.44,0.45,0.01,0.01,77565.96,1777158161000
1777158162.804,162.804,0.54,0.56,0.44,0.46,0.02,0.02,77565.96,1777158161000
1777158163.213,163.213,0.42,0.46,0.52,0.54,0.04,0.02,77565.96,1777158161000
1777158163.555,163.555,0.44,0.45,0.55,0.56,0.01,0.01,77565.96,1777158161000
1777158163.913,163.913,0.44,0.45,0.55,0.56,0.01,0.01,77565.81,1777158162000
1777158164.294,164.294,0.43,0.44,0.56,0.57,0.01,0.01,77565.81,1777158162000
1777158164.628,164.628,0.43,0.44,0.56,0.57,0.01,0.01,77565.0,1777158163000
1777158165.012,165.012,0.43,0.44,0.56,0.57,0.01,0.01,77565.0,1777158163000
1777158165.766,165.766,0.43,0.44,0.56,0.57,0.01,0.01,77563.66,1777158164000
1777158166.115,166.115,0.43,0.44,0.56,0.57,0.01,0.01,77563.66,1777158164000
1777158167.023,167.023,0.43,0.44,0.56,0.57,0.01,0.01,77563.65,1777158165000
1777158167.533,167.533,0.43,0.44,0.56,0.57,0.01,0.01,77563.65,1777158166000
1777158167.931,167.931,0.42,0.43,0.57,0.58,0.01,0.01,77563.65,1777158166000
1777158168.466,168.466,0.42,0.43,0.57,0.58,0.01,0.01,77563.42,1777158167000
1777158168.908,168.908,0.42,0.43,0.57,0.58,0.01,0.01,77563.42,1777158167000
1777158169.287,169.287,0.42,0.43,0.57,0.58,0.01,0.01,77562.96,1777158168000
1777158169.627,169.627,0.44,0.45,0.56,0.57,0.01,0.01,77562.96,1777158168000
1777158170.419,170.419,0.44,0.45,0.55,0.56,0.01,0.01,77562.96,1777158168000
1777158171.039,171.039,0.44,0.45,0.55,0.56,0.01,0.01,77562.93,1777158169000
1777158171.376,171.376,0.41,0.42,0.58,0.59,0.01,0.01,77562.91,1777158170000
1777158171.811,171.811,0.41,0.42,0.58,0.59,0.01,0.01,77562.91,1777158170000
1777158172.174,172.174,0.41,0.42,0.58,0.59,0.01,0.01,77562.91,1777158171000
1777158172.558,172.558,0.41,0.42,0.58,0.59,0.01,0.01,77562.91,1777158171000
1777158172.901,172.901,0.41,0.42,0.58,0.59,0.01,0.01,77562.91,1777158171000
1777158173.239,173.239,0.42,0.43,0.57,0.59,0.01,0.02,77562.91,1777158171000
1777158173.616,173.616,0.42,0.43,0.57,0.58,0.01,0.01,77562.4,1777158172000
1777158173.999,173.999,0.42,0.45,0.57,0.58,0.03,0.01,77562.4,1777158172000
1777158174.355,174.355,0.43,0.46,0.54,0.57,0.03,0.03,77562.31,1777158173000
1777158174.852,174.852,0.45,0.46,0.56,0.57,0.01,0.01,77562.31,1777158173000
1777158175.388,175.388,0.45,0.46,0.54,0.55,0.01,0.01,77562.63,1777158174000
1777158176.368,176.368,0.45,0.46,0.54,0.55,0.01,0.01,77562.63,1777158174000
1777158176.711,176.711,0.45,0.46,0.54,0.56,0.01,0.02,77562.5,1777158175000
1777158177.1,177.1,0.46,0.47,0.54,0.55,0.01,0.01,77562.5,1777158175000
1777158177.447,177.447,0.46,0.47,0.53,0.54,0.01,0.01,77562.5,1777158175000
1777158178.041,178.041,0.46,0.47,0.53,0.54,0.01,0.01,77561.15,1777158176000
1777158178.415,178.415,0.45,0.46,0.53,0.57,0.01,0.04,77561.15,1777158177000
1777158178.951,178.951,0.44,0.45,0.54,0.55,0.01,0.01,77561.15,1777158177000
1777158179.335,179.335,0.45,0.46,0.54,0.55,0.01,0.01,77561.15,1777158177000
1777158179.742,179.742,0.46,0.47,0.53,0.54,0.01,0.01,77561.15,1777158177000
1777158180.161,180.161,0.46,0.47,0.53,0.54,0.01,0.01,77561.16,1777158178000
1777158180.583,180.583,0.46,0.47,0.53,0.54,0.01,0.01,77561.16,1777158179000
1777158180.925,180.925,0.46,0.47,0.53,0.54,0.01,0.01,77561.16,1777158179000
1777158181.293,181.293,0.46,0.47,0.53,0.54,0.01,0.01,77561.16,1777158180000
1777158181.9,181.9,0.46,0.47,0.53,0.54,0.01,0.01,77561.16,1777158180000
1777158182.253,182.253,0.46,0.47,0.53,0.54,0.01,0.01,77561.16,1777158180000
1777158182.838,182.838,0.45,0.46,0.54,0.55,0.01,0.01,77561.19,1777158181000
1777158183.478,183.478,0.45,0.46,0.54,0.55,0.01,0.01,77561.19,1777158181000
1777158183.816,183.816,0.4,0.46,0.54,0.55,0.06,0.01,77560.99,1777158182000
1777158184.349,184.349,0.46,0.47,0.53,0.54,0.01,0.01,77560.23,1777158183000
1777158184.688,184.688,0.45,0.47,0.53,0.54,0.02,0.01,77560.23,1777158183000
1777158185.03,185.03,0.44,0.45,0.55,0.56,0.01,0.01,77560.23,1777158183000
1777158185.365,185.365,0.43,0.44,0.56,0.57,0.01,0.01,77558.51,1777158184000
1777158185.734,185.734,0.45,0.46,0.44,0.55,0.01,0.11,77558.51,1777158184000
1777158186.118,186.118,0.47,0.48,0.52,0.53,0.01,0.01,77558.51,1777158184000
1777158186.616,186.616,0.49,0.5,0.5,0.51,0.01,0.01,77557.58,1777158185000
1777158187.163,187.163,0.48,0.49,0.51,0.52,0.01,0.01,77557.49,1777158186000
1777158187.546,187.546,0.46,0.47,0.51,0.54,0.01,0.03,77557.49,1777158186000
1777158187.964,187.964,0.45,0.46,0.54,0.55,0.01,0.01,77557.49,1777158186000
1777158188.408,188.408,0.42,0.43,0.56,0.58,0.01,0.02,77557.25,1777158187000
1777158188.761,188.761,0.42,0.43,0.57,0.58,0.01,0.01,77557.25,1777158187000
1777158189.109,189.109,0.42,0.43,0.57,0.58,0.01,0.01,77557.25,1777158187000
1777158189.482,189.482,0.42,0.43,0.57,0.58,0.01,0.01,77557.25,1777158187000
1777158189.976,189.976,0.42,0.43,0.57,0.58,0.01,0.01,77556.96,1777158188000
1777158190.403,190.403,0.42,0.43,0.57,0.58,0.01,0.01,77555.86,1777158189000
1777158190.878,190.878,0.4,0.41,0.58,0.59,0.01,0.01,77555.86,1777158189000
1777158191.216,191.216,0.4,0.41,0.59,0.6,0.01,0.01,77555,1777158190000
1777158191.557,191.557,0.37,0.39,0.61,0.63,0.02,0.02,77555,1777158190000
1777158192.046,192.046,0.37,0.38,0.62,0.63,0.01,0.01,77555,1777158190000
1777158192.395,192.395,0.35,0.37,0.63,0.65,0.02,0.02,77555,1777158191000
1777158192.895,192.895,0.35,0.36,0.64,0.65,0.01,0.01,77555,1777158191000
1777158193.44,193.44,0.33,0.34,0.64,0.67,0.01,0.03,77555,1777158191000
1777158193.776,193.776,0.33,0.34,0.66,0.68,0.01,0.02,77555.12,1777158192000
1777158194.169,194.169,0.32,0.34,0.66,0.67,0.02,0.01,77555.12,1777158192000
1777158195.081,195.081,0.32,0.33,0.66,0.68,0.01,0.02,77554.85,1777158193000
1777158195.533,195.533,0.33,0.66,0.66,0.67,0.33,0.01,77554.48,1777158194000
1777158195.904,195.904,0.37,0.38,0.6,0.65,0.01,0.05,77554.48,1777158194000
1777158196.314,196.314,0.39,0.4,0.6,0.61,0.01,0.01,77554.48,1777158194000
1777158196.654,196.654,0.39,0.4,0.6,0.61,0.01,0.01,77554.48,1777158195000
1777158197.159,197.159,0.39,0.4,0.6,0.61,0.01,0.01,77554.48,1777158195000
1777158197.555,197.555,0.41,0.42,0.58,0.59,0.01,0.01,77554.39,1777158196000
1777158197.951,197.951,0.41,0.42,0.58,0.59,0.01,0.01,77554.39,1777158196000
1777158198.437,198.437,0.41,0.42,0.58,0.59,0.01,0.01,77554.39,1777158196000
1777158199.037,199.037,0.4,0.41,0.59,0.6,0.01,0.01,77554.51,1777158197000
1777158199.4,199.4,0.39,0.4,0.6,0.61,0.01,0.01,77554.51,1777158197000
1777158199.747,199.747,0.38,0.39,0.61,0.62,0.01,0.01,77554.49,1777158198000
1777158200.239,200.239,0.37,0.38,0.61,0.63,0.01,0.02,77554.57,1777158199000
1777158200.584,200.584,0.34,0.36,0.64,0.66,0.02,0.02,77554.57,1777158199000
1777158200.999,200.999,0.34,0.35,0.65,0.66,0.01,0.01,77554.57,1777158199000
1777158201.399,201.399,0.34,0.35,0.65,0.66,0.01,0.01,77554.57,1777158200000
1777158202.098,202.098,0.34,0.35,0.65,0.66,0.01,0.01,77554.57,1777158200000
1777158202.474,202.474,0.34,0.36,0.65,0.66,0.02,0.01,77554.57,1777158200000
1777158202.815,202.815,0.35,0.36,0.64,0.66,0.01,0.02,77554.57,1777158200000
1777158203.178,203.178,0.35,0.36,0.64,0.65,0.01,0.01,77554.36,1777158201000
1777158203.578,203.578,0.34,0.35,0.65,0.66,0.01,0.01,77554.36,1777158201000
1777158204.162,204.162,0.34,0.35,0.65,0.66,0.01,0.01,77553.72,1777158202000
1777158204.602,204.602,0.34,0.35,0.65,0.66,0.01,0.01,77553.49,1777158203000
1777158205.041,205.041,0.35,0.36,0.64,0.65,0.01,0.01,77553.49,1777158203000
1777158205.413,205.413,0.35,0.36,0.64,0.65,0.01,0.01,77553.49,1777158203000
1777158205.789,205.789,0.35,0.36,0.64,0.65,0.01,0.01,77553.99,1777158204000
1777158206.123,206.123,0.35,0.36,0.64,0.65,0.01,0.01,77553.99,1777158204000
1777158206.606,206.606,0.35,0.36,0.64,0.65,0.01,0.01,77553.85,1777158205000
1777158207.632,207.632,0.35,0.36,0.64,0.65,0.01,0.01,77553.85,1777158205000
1777158208.372,208.372,0.35,0.36,0.64,0.65,0.01,0.01,77553.9,1777158207000
1777158208.789,208.789,0.35,0.36,0.64,0.65,0.01,0.01,77553.9,1777158207000
1777158209.341,209.341,0.35,0.36,0.64,0.65,0.01,0.01,77553.9,1777158208000
1777158209.786,209.786,0.35,0.36,0.64,0.65,0.01,0.01,77553.9,1777158208000
1777158210.39,210.39,0.35,0.36,0.64,0.65,0.01,0.01,77554.2,1777158209000
1777158210.748,210.748,0.35,0.36,0.64,0.65,0.01,0.01,77554.2,1777158209000
1777158211.196,211.196,0.34,0.35,0.64,0.65,0.01,0.01,77554.2,1777158209000
1777158211.558,211.558,0.33,0.34,0.66,0.67,0.01,0.01,77554.05,1777158210000
1777158211.926,211.926,0.33,0.34,0.66,0.67,0.01,0.01,77554.05,1777158210000
1777158212.336,212.336,0.33,0.34,0.66,0.67,0.01,0.01,77554.05,1777158211000
1777158212.747,212.747,0.33,0.34,0.66,0.67,0.01,0.01,77554.05,1777158211000
1777158213.1,213.1,0.33,0.34,0.66,0.67,0.01,0.01,77552.87,1777158212000
1777158213.497,213.497,0.33,0.34,0.66,0.67,0.01,0.01,77552.87,1777158212000
1777158213.846,213.846,0.33,0.34,0.66,0.67,0.01,0.01,77552.87,1777158212000
1777158214.187,214.187,0.33,0.34,0.66,0.67,0.01,0.01,77549.39,1777158213000
1777158214.541,214.541,0.32,0.33,0.66,0.67,0.01,0.01,77549.39,1777158213000
1777158214.907,214.907,0.31,0.33,0.64,0.69,0.02,0.05,77549.39,1777158213000
1777158215.282,215.282,0.31,0.32,0.68,0.69,0.01,0.01,77550.17,1777158214000
1777158215.814,215.814,0.31,0.32,0.68,0.69,0.01,0.01,77550.17,1777158214000
1777158216.38,216.38,0.34,0.35,0.65,0.66,0.01,0.01,77550.17,1777158215000
1777158216.718,216.718,0.34,0.35,0.65,0.66,0.01,0.01,77550.17,1777158215000
1777158217.098,217.098,0.35,0.36,0.64,0.65,0.01,0.01,77550.17,1777158215000
1777158217.437,217.437,0.35,0.36,0.64,0.65,0.01,0.01,77549.47,1777158216000
1777158217.858,217.858,0.35,0.36,0.64,0.65,0.01,0.01,77549.47,1777158216000
1777158218.21,218.21,0.35,0.36,0.64,0.65,0.01,0.01,77549.4,1777158217000
1777158218.807,218.807,0.35,0.36,0.64,0.65,0.01,0.01,77549.4,1777158217000
1777158219.15,219.15,0.34,0.35,0.65,0.66,0.01,0.01,77549.4,1777158217000
1777158219.495,219.495,0.33,0.34,0.65,0.67,0.01,0.02,77549.01,1777158218000
1777158219.839,219.839,0.32,0.34,0.66,0.67,0.02,0.01,77549.01,1777158218000
1777158220.184,220.184,0.32,0.33,0.67,0.68,0.01,0.01,77549.01,1777158218000
1777158220.52,220.52,0.31,0.32,0.68,0.69,0.01,0.01,77549.09,1777158219000
1777158220.958,220.958,0.31,0.32,0.68,0.69,0.01,0.01,77549.09,1777158219000
1777158221.395,221.395,0.31,0.32,0.68,0.69,0.01,0.01,77549.05,1777158220000
1777158221.987,221.987,0.32,0.36,0.64,0.68,0.04,0.04,77549.05,1777158220000
1777158222.685,222.685,0.35,0.36,0.64,0.65,0.01,0.01,77548.94,1777158221000
1777158223.028,223.028,0.35,0.36,0.64,0.65,0.01,0.01,77548.94,1777158221000
1777158223.409,223.409,0.39,0.48,0.6,0.61,0.09,0.01,77549,1777158222000
1777158223.89,223.89,0.45,0.46,0.54,0.55,0.01,0.01,77549,1777158222000
1777158224.334,224.334,0.52,0.54,0.46,0.47,0.02,0.01,77549,1777158222000
1777158224.805,224.805,0.51,0.52,0.48,0.49,0.01,0.01,77549,1777158222000
1777158225.211,225.211,0.5,0.58,0.48,0.5,0.08,0.02,77549.33,1777158223000
1777158225.545,225.545,0.56,0.57,0.43,0.44,0.01,0.01,77549.4,1777158224000
1777158225.925,225.925,0.52,0.53,0.47,0.48,0.01,0.01,77549.4,1777158224000
1777158226.299,226.299,0.49,0.5,0.5,0.51,0.01,0.01,77549.4,1777158225000
1777158226.65,226.65,0.49,0.5,0.5,0.51,0.01,0.01,77549.4,1777158225000
1777158227.137,227.137,0.48,0.49,0.51,0.52,0.01,0.01,77549.4,1777158225000
1777158227.514,227.514,0.48,0.49,0.51,0.52,0.01,0.01,77549.44,1777158226000
1777158227.87,227.87,0.47,0.49,0.51,0.52,0.02,0.01,77549.44,1777158226000
1777158228.269,228.269,0.47,0.48,0.51,0.52,0.01,0.01,77549.44,1777158226000
1777158228.697,228.697,0.46,0.47,0.52,0.53,0.01,0.01,77549.44,1777158227000
1777158229.052,229.052,0.46,0.47,0.53,0.54,0.01,0.01,77549.44,1777158227000
1777158229.805,229.805,0.43,0.44,0.56,0.57,0.01,0.01,77549.46,1777158228000
1777158230.161,230.161,0.41,0.42,0.58,0.59,0.01,0.01,77548.45,1777158229000
1777158230.546,230.546,0.4,0.41,0.59,0.6,0.01,0.01,77548.45,1777158229000
1777158230.931,230.931,0.37,0.38,0.62,0.63,0.01,0.01,77548.45,1777158229000
1777158231.315,231.315,0.37,0.38,0.62,0.63,0.01,0.01,77548.47,1777158230000
1777158231.653,231.653,0.37,0.38,0.62,0.63,0.01,0.01,77548.47,1777158230000
1777158232.04,232.04,0.33,0.38,0.62,0.63,0.05,0.01,77548.47,1777158230000
1777158232.661,232.661,0.34,0.35,0.65,0.66,0.01,0.01,77548.47,1777158231000
1777158233.051,233.051,0.33,0.34,0.66,0.67,0.01,0.01,77548.47,1777158231000
1777158233.445,233.445,0.33,0.34,0.66,0.67,0.01,0.01,77548.47,1777158232000
1777158234.099,234.099,0.33,0.34,0.66,0.67,0.01,0.01,77549.22,1777158233000
1777158234.555,234.555,0.33,0.34,0.66,0.67,0.01,0.01,77549.22,1777158233000
1777158235.02,235.02,0.33,0.34,0.66,0.67,0.01,0.01,77549.22,1777158233000
1777158235.697,235.697,0.34,0.38,0.65,0.67,0.04,0.02,77549.22,1777158234000
1777158236.182,236.182,0.34,0.35,0.65,0.66,0.01,0.01,77549.22,1777158234000
1777158236.589,236.589,0.34,0.35,0.65,0.66,0.01,0.01,77549.22,1777158235000
1777158236.933,236.933,0.45,0.46,0.54,0.55,0.01,0.01,77548.69,1777158236000
1777158237.271,237.271,0.45,0.46,0.54,0.55,0.01,0.01,77548.69,1777158236000
1777158237.627,237.627,0.44,0.46,0.54,0.57,0.02,0.03,77548.69,1777158236000
1777158237.966,237.966,0.44,0.45,0.55,0.56,0.01,0.01,77548.69,1777158237000
1777158238.41,238.41,0.47,0.5,0.55,0.56,0.03,0.01,77548.69,1777158237000
1777158238.776,238.776,0.48,0.49,0.51,0.52,0.01,0.01,77548.69,1777158237000
1777158239.238,239.238,0.49,0.5,0.5,0.52,0.01,0.02,77548.69,1777158237000
1777158239.587,239.587,0.48,0.49,0.51,0.52,0.01,0.01,77548.69,1777158237000
1777158239.997,239.997,0.48,0.49,0.51,0.52,0.01,0.01,77548.69,1777158237000
1777158240.333,240.333,0.48,0.49,0.51,0.52,0.01,0.01,77548.58,1777158238000
1777158240.699,240.699,0.57,0.58,0.42,0.43,0.01,0.01,77548.58,1777158238000
1777158241.05,241.05,0.53,0.54,0.45,0.47,0.01,0.02,77548.58,1777158239000
1777158241.47,241.47,0.53,0.54,0.46,0.47,0.01,0.01,77548.58,1777158239000
1777158241.846,241.846,0.51,0.52,0.48,0.49,0.01,0.01,77548.58,1777158240000
1777158242.351,242.351,0.5,0.51,0.48,0.49,0.01,0.01,77548.58,1777158240000
1777158242.716,242.716,0.5,0.51,0.49,0.5,0.01,0.01,77548.58,1777158240000
1777158243.415,243.415,0.49,0.51,0.49,0.5,0.02,0.01,77548.58,1777158241000
1777158243.884,243.884,0.5,0.51,0.49,0.5,0.01,0.01,77548.58,1777158241000
1777158244.241,244.241,0.5,0.51,0.49,0.5,0.01,0.01,77548.58,1777158242000
1777158244.621,244.621,0.5,0.51,0.49,0.5,0.01,0.01,77548.58,1777158242000
1777158244.972,244.972,0.5,0.51,0.49,0.5,0.01,0.01,77548.58,1777158243000
1777158245.35,245.35,0.5,0.51,0.49,0.5,0.01,0.01,77548.58,1777158243000
1777158245.747,245.747,0.52,0.59,0.4,0.47,0.07,0.07,77548.58,1777158243000
1777158246.15,246.15,0.51,0.52,0.46,0.49,0.01,0.03,77548.02,1777158244000
1777158246.498,246.498,0.56,0.57,0.42,0.44,0.01,0.02,77548.02,1777158244000
1777158247.057,247.057,0.56,0.57,0.43,0.44,0.01,0.01,77548.02,1777158245000
1777158247.391,247.391,0.56,0.57,0.43,0.44,0.01,0.01,77548.01,1777158246000
1777158247.821,247.821,0.52,0.53,0.47,0.48,0.01,0.01,77548.01,1777158246000
1777158248.161,248.161,0.54,0.55,0.45,0.46,0.01,0.01,77548.01,1777158246000
1777158248.556,248.556,0.54,0.55,0.45,0.46,0.01,0.01,77548.01,1777158246000
1777158249.048,249.048,0.51,0.52,0.46,0.5,0.01,0.04,77548.01,1777158246000
1777158249.423,249.423,0.51,0.52,0.48,0.5,0.01,0.02,77547.94,1777158247000
1777158249.772,249.772,0.51,0.52,0.48,0.49,0.01,0.01,77547.94,1777158248000
1777158250.342,250.342,0.5,0.51,0.48,0.49,0.01,0.01,77547.94,1777158248000
1777158250.785,250.785,0.52,0.53,0.47,0.49,0.01,0.02,77548.69,1777158249000
1777158251.133,251.133,0.51,0.52,0.47,0.48,0.01,0.01,77548.69,1777158249000
1777158251.527,251.527,0.51,0.52,0.48,0.49,0.01,0.01,77548.68,1777158250000
1777158251.883,251.883,0.51,0.52,0.48,0.49,0.01,0.01,77548.68,1777158250000
1777158252.404,252.404,0.5,0.51,0.49,0.5,0.01,0.01,77548.68,1777158250000
1777158252.759,252.759,0.5,0.51,0.49,0.5,0.01,0.01,77548.57,1777158251000
1777158253.163,253.163,0.5,0.51,0.49,0.5,0.01,0.01,77548.57,1777158251000
1777158253.52,253.52,0.51,0.53,0.47,0.49,0.02,0.02,77547.14,1777158252000
1777158253.895,253.895,0.5,0.51,0.48,0.5,0.01,0.02,77547.14,1777158252000
1777158254.449,254.449,0.49,0.51,0.49,0.5,0.02,0.01,77547.14,1777158252000
1777158254.885,254.885,0.46,0.5,0.49,0.51,0.04,0.02,77544.18,1777158253000
1777158255.451,255.451,0.44,0.45,0.54,0.55,0.01,0.01,77544.18,1777158253000
1777158255.851,255.851,0.54,0.55,0.46,0.49,0.01,0.03,77542.37,1777158254000
1777158256.238,256.238,0.54,0.55,0.45,0.46,0.01,0.01,77542.37,1777158254000
1777158256.718,256.718,0.54,0.55,0.45,0.46,0.01,0.01,77541.48,1777158255000
1777158257.235,257.235,0.54,0.55,0.45,0.46,0.01,0.01,77541.48,1777158255000
1777158257.616,257.616,0.54,0.55,0.45,0.46,0.01,0.01,77541.8,1777158256000
1777158258.051,258.051,0.5,0.55,0.45,0.5,0.05,0.05,77541.8,1777158256000
1777158258.438,258.438,0.5,0.55,0.45,0.46,0.05,0.01,77541.8,1777158256000
1777158258.808,258.808,0.5,0.52,0.46,0.5,0.02,0.04,77545.7,1777158257000
1777158259.183,259.183,0.5,0.54,0.46,0.48,0.04,0.02,77545.7,1777158257000
1777158259.524,259.524,0.7,0.77,0.23,0.3,0.07,0.07,77545.99,1777158258000
1777158259.865,259.865,0.65,0.74,0.26,0.35,0.09,0.09,77545.99,1777158258000
1777158260.199,260.199,0.71,0.74,0.26,0.29,0.03,0.03,77545.99,1777158258000
1777158260.537,260.537,0.66,0.72,0.28,0.34,0.06,0.06,77545.99,1777158259000
1777158260.9,260.9,0.65,0.68,0.31,0.32,0.03,0.01,77545.99,1777158259000
1777158261.239,261.239,0.57,0.63,0.35,0.42,0.06,0.07,77545.99,1777158259000
1777158261.624,261.624,0.61,0.63,0.38,0.39,0.02,0.01,77545.99,1777158259000
1777158261.991,261.991,0.58,0.59,0.41,0.44,0.01,0.03,77554.73,1777158260000
1777158262.365,262.365,0.62,0.63,0.4,0.42,0.01,0.02,77554.73,1777158260000
1777158262.808,262.808,0.69,0.7,0.3,0.31,0.01,0.01,77554.73,1777158260000
1777158263.162,263.162,0.69,0.7,0.3,0.31,0.01,0.01,77555.13,1777158261000
1777158263.52,263.52,0.67,0.68,0.31,0.42,0.01,0.11,77555.13,1777158262000
1777158263.918,263.918,0.68,0.7,0.25,0.34,0.02,0.09,77555.13,1777158262000
1777158264.256,264.256,0.67,0.68,0.32,0.33,0.01,0.01,77555.22,1777158263000
1777158264.66,264.66,0.71,0.72,0.28,0.29,0.01,0.01,77555.22,1777158263000
1777158265.181,265.181,0.68,0.69,0.31,0.32,0.01,0.01,77555.22,1777158263000
1777158265.766,265.766,0.69,0.71,0.27,0.32,0.02,0.05,77558.81,1777158264000
1777158266.099,266.099,0.7,0.72,0.27,0.31,0.02,0.04,77558.81,1777158264000
1777158266.478,266.478,0.69,0.7,0.3,0.31,0.01,0.01,77558.81,1777158264000
1777158266.895,266.895,0.69,0.7,0.3,0.31,0.01,0.01,77557.03,1777158265000
1777158267.387,267.387,0.68,0.7,0.3,0.31,0.02,0.01,77557.47,1777158266000
1777158267.835,267.835,0.68,0.7,0.29,0.3,0.02,0.01,77557.47,1777158266000
1777158268.198,268.198,0.67,0.68,0.32,0.33,0.01,0.01,77557.47,1777158266000
1777158268.936,268.936,0.66,0.67,0.34,0.35,0.01,0.01,77557.33,1777158267000
1777158269.527,269.527,0.69,0.73,0.27,0.31,0.04,0.04,77557.13,1777158268000
1777158270.089,270.089,0.73,0.74,0.26,0.27,0.01,0.01,77557.32,1777158269000
1777158270.437,270.437,0.73,0.74,0.26,0.27,0.01,0.01,77557.32,1777158269000
1777158270.837,270.837,0.72,0.73,0.27,0.28,0.01,0.01,77557.32,1777158269000
1777158271.229,271.229,0.71,0.72,0.27,0.3,0.01,0.03,77557.32,1777158269000
1777158271.628,271.628,0.69,0.7,0.28,0.46,0.01,0.18,77560.52,1777158270000
1777158271.991,271.991,0.58,0.6,0.4,0.42,0.02,0.02,77560.52,1777158270000
1777158272.388,272.388,0.6,0.61,0.39,0.4,0.01,0.01,77561.05,1777158271000
1777158272.728,272.728,0.76,0.8,0.24,0.26,0.04,0.02,77561.05,1777158271000
1777158273.077,273.077,0.78,0.79,0.21,0.22,0.01,0.01,77561.07,1777158272000
1777158273.537,273.537,0.61,0.65,0.38,0.41,0.04,0.03,77561.07,1777158272000
1777158273.922,273.922,0.66,0.67,0.33,0.34,0.01,0.01,77561.07,1777158272000
1777158274.283,274.283,0.56,0.57,0.42,0.45,0.01,0.03,77564.85,1777158273000
1777158274.645,274.645,0.58,0.59,0.41,0.42,0.01,0.01,77564.85,1777158273000
1777158274.994,274.994,0.65,0.66,0.34,0.35,0.01,0.01,77564.85,1777158273000
1777158275.354,275.354,0.63,0.64,0.34,0.35,0.01,0.01,77564.85,1777158273000
1777158275.704,275.704,0.65,0.66,0.36,0.37,0.01,0.01,77566.58,1777158274000
1777158276.052,276.052,0.67,0.76,0.27,0.33,0.09,0.06,77566.58,1777158274000
1777158276.406,276.406,0.8,0.82,0.17,0.23,0.02,0.06,77566.58,1777158274000
1777158276.745,276.745,0.73,0.75,0.2,0.23,0.02,0.03,77568.39,1777158275000
1777158277.125,277.125,0.73,0.74,0.25,0.28,0.01,0.03,77568.39,1777158276000
1777158277.464,277.464,0.7,0.71,0.29,0.3,0.01,0.01,77568.39,1777158276000
1777158278.073,278.073,0.66,0.67,0.33,0.34,0.01,0.01,77568.39,1777158276000
1777158278.408,278.408,0.67,0.71,0.29,0.33,0.04,0.04,77568.87,1777158277000
1777158278.75,278.75,0.74,0.75,0.25,0.3,0.01,0.05,77568.87,1777158277000
1777158279.102,279.102,0.74,0.75,0.25,0.26,0.01,0.01,77568.87,1777158277000
1777158279.437,279.437,0.89,0.9,0.1,0.11,0.01,0.01,77572.63,1777158278000
1777158279.771,279.771,0.75,0.92,0.08,0.1,0.17,0.02,77572.63,1777158278000
1777158280.117,280.117,0.9,0.91,0.09,0.11,0.01,0.02,77572.63,1777158278000
1777158280.456,280.456,0.86,0.87,0.12,0.15,0.01,0.03,77572.75,1777158279000
1777158280.828,280.828,0.85,0.86,0.09,0.1,0.01,0.01,77572.75,1777158279000
1777158281.168,281.168,0.85,0.86,0.14,0.22,0.01,0.08,77572.75,1777158279000
1777158281.58,281.58,0.87,0.88,0.12,0.13,0.01,0.01,77585.68,1777158280000
1777158281.951,281.951,0.85,0.86,0.14,0.18,0.01,0.04,77585.68,1777158280000
1777158282.293,282.293,0.84,0.85,0.15,0.16,0.01,0.01,77585.68,1777158280000
1777158282.626,282.626,0.92,0.93,0.05,0.11,0.01,0.06,77588.54,1777158281000
1777158282.983,282.983,0.85,0.94,0.06,0.08,0.09,0.02,77590.34,1777158282000
1777158283.364,283.364,0.9,0.91,0.07,0.15,0.01,0.08,77590.34,1777158282000
1777158283.7,283.7,0.93,0.94,0.06,0.07,0.01,0.01,77590.34,1777158282000
1777158284.04,284.04,0.85,0.92,0.08,0.09,0.07,0.01,77591.0,1777158283000
1777158284.411,284.411,0.86,0.87,0.13,0.14,0.01,0.01,77591.0,1777158283000
1777158284.942,284.942,0.92,0.93,0.07,0.08,0.01,0.01,77591.0,1777158283000
1777158285.457,285.457,0.92,0.93,0.07,0.08,0.01,0.01,77591.62,1777158284000
1777158285.867,285.867,0.93,0.94,0.06,0.08,0.01,0.02,77591.62,1777158284000
1777158286.259,286.259,0.94,0.95,0.06,0.07,0.01,0.01,77591.82,1777158285000
1777158286.603,286.603,0.94,0.95,0.05,0.06,0.01,0.01,77591.82,1777158285000
1777158287.107,287.107,0.94,0.95,0.05,0.07,0.01,0.02,77591.82,1777158285000
1777158287.578,287.578,0.94,0.95,0.05,0.06,0.01,0.01,77591.94,1777158286000
1777158287.936,287.936,0.94,0.95,0.05,0.06,0.01,0.01,77591.94,1777158286000
1777158288.315,288.315,0.94,0.95,0.05,0.06,0.01,0.01,77591.94,1777158287000
1777158288.752,288.752,0.94,0.95,0.05,0.06,0.01,0.01,77591.94,1777158287000
1777158289.234,289.234,0.94,0.95,0.05,0.06,0.01,0.01,77592.03,1777158288000
1777158289.585,289.585,0.94,0.95,0.05,0.06,0.01,0.01,77592.03,1777158288000
1777158290.311,290.311,0.94,0.95,0.05,0.06,0.01,0.01,77592.02,1777158289000
1777158290.647,290.647,0.94,0.95,0.05,0.06,0.01,0.01,77592.02,1777158289000
1777158290.981,290.981,0.94,0.95,0.05,0.06,0.01,0.01,77592.02,1777158289000
1777158291.321,291.321,0.94,0.95,0.05,0.06,0.01,0.01,77592.02,1777158289000
1777158291.655,291.655,0.8,0.95,0.05,0.2,0.15,0.15,77592.03,1777158290000
1777158292.108,292.108,0.76,0.77,0.27,0.28,0.01,0.01,77592.02,1777158291000
1777158292.518,292.518,0.86,0.87,0.13,0.14,0.01,0.01,77592.02,1777158291000
1777158292.949,292.949,0.91,0.93,0.07,0.09,0.02,0.02,77592.31,1777158292000
1777158293.288,293.288,0.88,0.99,0.07,0.12,0.11,0.05,77592.31,1777158292000
1777158293.631,293.631,0.91,0.97,0.02,0.1,0.06,0.08,77592.31,1777158292000
1777158293.982,293.982,0.98,0.99,0.01,0.02,0.01,0.01,77591.94,1777158293000
1777158294.369,294.369,0.98,0.99,0.01,0.02,0.01,0.01,77591.94,1777158293000
1777158294.716,294.716,0.21,0.81,0.12,0.8,0.6,0.68,77591.94,1777158293000
1777158295.071,295.071,0.85,0.86,0.14,0.15,0.01,0.01,77591.94,1777158293000
1777158295.418,295.418,0.86,0.87,0.13,0.14,0.01,0.01,77592.02,1777158294000
1777158295.764,295.764,0.83,0.87,0.13,0.18,0.04,0.05,77592.02,1777158294000
1777158296.269,296.269,0.99,0.87,0.13,0.01,-0.12,-0.12,77592.3,1777158295000
1777158296.625,296.625,0.87,0.87,0.13,0.14,0.0,0.01,77592.3,1777158295000
1777158296.967,296.967,0.96,0.99,0.01,0.02,0.03,0.01,77592.3,1777158295000
1777158297.39,297.39,0.99,0.99,0.01,0.01,0.0,0.0,77592.31,1777158296000
1777158297.74,297.74,0.9,0.99,0.01,0.1,0.09,0.09,77592.31,1777158296000
1777158298.174,298.174,0.99,0.99,0.01,0.01,0.0,0.0,77589.72,1777158297000
1777158298.542,298.542,0.99,0.99,0.01,0.01,0.0,0.0,77589.72,1777158297000
1777158298.998,298.998,0.99,0.99,0.01,0.01,0.0,0.0,77589.72,1777158297000
1777158300.237,300.237,0.99,0.99,0.01,0.01,0.0,0.0,77592.03,1777158299000
1777158300.705,300.705,0.99,0.99,0.01,0.01,0.0,0.0,77592.03,1777158299000
1777158301.15,301.15,0.99,0.99,0.01,0.01,0.0,0.0,77592.18,1777158300000
1777158302.199,302.199,0.99,0.99,0.01,0.01,0.0,0.0,77592.18,1777158301000

# RESULT,winner=Up,slug=btc-updown-5m-1777158000,ticks=672
