timestamp,elapsed_sec,up_bid,up_ask,down_bid,down_ask,up_spread,down_spread,btc_price,btc_oracle_ts
1776417300.538,0.538,0.46,0.47,0.53,0.54,0.01,0.01,75913.01,1776417299000
1776417300.897,0.897,0.46,0.47,0.53,0.54,0.01,0.01,75913.01,1776417299000
1776417301.48,1.48,0.46,0.47,0.53,0.54,0.01,0.01,75913.5,1776417300000
1776417302.077,2.077,0.46,0.47,0.53,0.54,0.01,0.01,75913.5,1776417300000
1776417302.422,2.422,0.46,0.47,0.53,0.54,0.01,0.01,75913.09,1776417301000
1776417302.767,2.767,0.46,0.47,0.53,0.54,0.01,0.01,75913.09,1776417301000
1776417303.173,3.173,0.46,0.47,0.53,0.54,0.01,0.01,75913.09,1776417301000
1776417303.526,3.526,0.46,0.47,0.53,0.54,0.01,0.01,75913.26,1776417302000
1776417303.875,3.875,0.46,0.47,0.53,0.54,0.01,0.01,75913.26,1776417302000
1776417304.292,4.292,0.46,0.47,0.53,0.54,0.01,0.01,75913.26,1776417303000
1776417304.711,4.711,0.46,0.47,0.53,0.54,0.01,0.01,75913.26,1776417303000
1776417305.087,5.087,0.46,0.47,0.53,0.54,0.01,0.01,75913.26,1776417303000
1776417305.547,5.547,0.46,0.47,0.53,0.54,0.01,0.01,75913.11,1776417304000
1776417306.258,6.258,0.46,0.47,0.53,0.54,0.01,0.01,75913.11,1776417304000
1776417306.787,6.787,0.46,0.47,0.53,0.54,0.01,0.01,75912.99,1776417305000
1776417308.375,8.375,0.46,0.47,0.53,0.54,0.01,0.01,75913.04,1776417307000
1776417308.946,8.946,0.46,0.47,0.53,0.54,0.01,0.01,75913.04,1776417307000
1776417309.351,9.351,0.46,0.47,0.53,0.54,0.01,0.01,75913.04,1776417307000
1776417309.701,9.701,0.46,0.47,0.53,0.54,0.01,0.01,75913.19,1776417308000
1776417310.055,10.055,0.46,0.47,0.53,0.54,0.01,0.01,75913.2,1776417309000
1776417310.397,10.397,0.46,0.48,0.53,0.54,0.02,0.01,75913.2,1776417309000
1776417310.771,10.771,0.46,0.48,0.52,0.54,0.02,0.02,75913.2,1776417309000
1776417311.149,11.149,0.46,0.5,0.52,0.54,0.04,0.02,75913.2,1776417309000
1776417311.497,11.497,0.5,0.52,0.48,0.5,0.02,0.02,75913.37,1776417310000
1776417311.901,11.901,0.49,0.5,0.5,0.52,0.01,0.02,75913.37,1776417310000
1776417312.245,12.245,0.5,0.52,0.48,0.5,0.02,0.02,75913.37,1776417310000
1776417312.6,12.6,0.5,0.51,0.49,0.5,0.01,0.01,75925.09,1776417311000
1776417312.988,12.988,0.51,0.52,0.48,0.49,0.01,0.01,75925.09,1776417311000
1776417313.467,13.467,0.51,0.52,0.48,0.49,0.01,0.01,75925.7,1776417312000
1776417313.827,13.827,0.51,0.52,0.48,0.49,0.01,0.01,75925.7,1776417312000
1776417314.367,14.367,0.51,0.52,0.48,0.49,0.01,0.01,75925.7,1776417312000
1776417314.972,14.972,0.51,0.52,0.48,0.49,0.01,0.01,75925.7,1776417312000
1776417315.316,15.316,0.51,0.52,0.48,0.49,0.01,0.01,75928.46,1776417313000
1776417315.812,15.812,0.51,0.52,0.48,0.49,0.01,0.01,75928.46,1776417313000
1776417316.286,16.286,0.51,0.52,0.48,0.49,0.01,0.01,75928.54,1776417314000
1776417316.667,16.667,0.51,0.52,0.48,0.49,0.01,0.01,75928.79,1776417315000
1776417317.116,17.116,0.51,0.52,0.48,0.49,0.01,0.01,75928.79,1776417315000
1776417317.486,17.486,0.51,0.52,0.48,0.49,0.01,0.01,75926.92,1776417316000
1776417317.864,17.864,0.51,0.52,0.48,0.49,0.01,0.01,75926.92,1776417316000
1776417318.201,18.201,0.51,0.52,0.48,0.49,0.01,0.01,75926.92,1776417316000
1776417318.903,18.903,0.51,0.52,0.48,0.49,0.01,0.01,75927.52,1776417317000
1776417319.241,19.241,0.51,0.52,0.48,0.49,0.01,0.01,75927.52,1776417317000
1776417319.576,19.576,0.5,0.52,0.48,0.49,0.02,0.01,75927.52,1776417317000
1776417320.105,20.105,0.49,0.5,0.5,0.51,0.01,0.01,75927.52,1776417317000
1776417320.452,20.452,0.45,0.49,0.5,0.55,0.04,0.05,75926.96,1776417318000
1776417320.796,20.796,0.43,0.46,0.54,0.55,0.03,0.01,75926.96,1776417318000
1776417321.15,21.15,0.45,0.46,0.54,0.55,0.01,0.01,75927.0,1776417319000
1776417321.504,21.504,0.43,0.46,0.54,0.57,0.03,0.03,75927.0,1776417319000
1776417321.871,21.871,0.42,0.43,0.54,0.59,0.01,0.05,75919.88,1776417320000
1776417322.29,22.29,0.42,0.43,0.57,0.58,0.01,0.01,75919.88,1776417320000
1776417323.347,23.347,0.42,0.43,0.57,0.58,0.01,0.01,75910.73,1776417321000
1776417323.69,23.69,0.4,0.42,0.58,0.6,0.02,0.02,75904.39,1776417322000
1776417324.044,24.044,0.4,0.42,0.58,0.59,0.02,0.01,75904.39,1776417322000
1776417324.38,24.38,0.38,0.42,0.58,0.62,0.04,0.04,75887.43,1776417323000
1776417324.715,24.715,0.38,0.4,0.6,0.62,0.02,0.02,75887.43,1776417323000
1776417325.278,25.278,0.35,0.36,0.64,0.65,0.01,0.01,75887.43,1776417323000
1776417325.66,25.66,0.34,0.36,0.64,0.66,0.02,0.02,75887.43,1776417323000
1776417326.078,26.078,0.34,0.35,0.65,0.66,0.01,0.01,75887.43,1776417323000
1776417326.424,26.424,0.33,0.35,0.65,0.67,0.02,0.02,75887.43,1776417323000
1776417326.792,26.792,0.33,0.34,0.66,0.67,0.01,0.01,75881.52,1776417324000
1776417327.134,27.134,0.32,0.34,0.66,0.67,0.02,0.01,75881.52,1776417324000
1776417327.794,27.794,0.32,0.33,0.67,0.68,0.01,0.01,75879.97,1776417325000
1776417328.153,28.153,0.32,0.33,0.67,0.68,0.01,0.01,75874.61,1776417326000
1776417328.493,28.493,0.32,0.33,0.67,0.68,0.01,0.01,75874.61,1776417326000
1776417328.843,28.843,0.31,0.33,0.67,0.69,0.02,0.02,75874.61,1776417326000
1776417329.244,29.244,0.31,0.32,0.68,0.69,0.01,0.01,75874.57,1776417327000
1776417329.797,29.797,0.31,0.32,0.68,0.69,0.01,0.01,75874.42,1776417328000
1776417330.226,30.226,0.31,0.32,0.68,0.69,0.01,0.01,75874.42,1776417328000
1776417330.58,30.58,0.31,0.32,0.68,0.69,0.01,0.01,75874.42,1776417328000
1776417330.939,30.939,0.31,0.32,0.68,0.69,0.01,0.01,75870.79,1776417329000
1776417331.289,31.289,0.26,0.28,0.72,0.74,0.02,0.02,75870.79,1776417329000
1776417331.674,31.674,0.22,0.28,0.7,0.78,0.06,0.08,75865.83,1776417330000
1776417332.024,32.024,0.24,0.25,0.72,0.77,0.01,0.05,75865.83,1776417330000
1776417332.359,32.359,0.24,0.25,0.75,0.76,0.01,0.01,75855.06,1776417331000
1776417332.722,32.722,0.24,0.25,0.75,0.76,0.01,0.01,75855.06,1776417331000
1776417333.295,33.295,0.24,0.25,0.75,0.76,0.01,0.01,75855.06,1776417331000
1776417333.631,33.631,0.24,0.25,0.75,0.76,0.01,0.01,75855.06,1776417331000
1776417334.056,34.056,0.24,0.25,0.75,0.76,0.01,0.01,75855.06,1776417331000
1776417334.391,34.391,0.24,0.25,0.75,0.76,0.01,0.01,75845.47,1776417332000
1776417334.785,34.785,0.24,0.25,0.75,0.76,0.01,0.01,75845.47,1776417332000
1776417335.262,35.262,0.24,0.25,0.75,0.76,0.01,0.01,75845.96,1776417333000
1776417335.785,35.785,0.24,0.25,0.75,0.76,0.01,0.01,75845.97,1776417334000
1776417336.223,36.223,0.22,0.25,0.75,0.76,0.03,0.01,75845.97,1776417334000
1776417336.81,36.81,0.24,0.25,0.75,0.76,0.01,0.01,75846.05,1776417335000
1776417337.412,37.412,0.24,0.25,0.75,0.76,0.01,0.01,75846.16,1776417336000
1776417337.782,37.782,0.24,0.25,0.75,0.76,0.01,0.01,75846.16,1776417336000
1776417338.161,38.161,0.24,0.28,0.73,0.76,0.04,0.03,75846.16,1776417336000
1776417338.532,38.532,0.3,0.32,0.69,0.7,0.02,0.01,75891.72,1776417337000
1776417338.867,38.867,0.3,0.34,0.66,0.7,0.04,0.04,75891.72,1776417337000
1776417339.28,39.28,0.36,0.37,0.63,0.64,0.01,0.01,75894.91,1776417338000
1776417339.613,39.613,0.36,0.37,0.63,0.64,0.01,0.01,75894.91,1776417338000
1776417340.054,40.054,0.38,0.39,0.61,0.62,0.01,0.01,75894.91,1776417338000
1776417340.424,40.424,0.38,0.4,0.61,0.62,0.02,0.01,75894.98,1776417339000
1776417340.771,40.771,0.38,0.4,0.6,0.62,0.02,0.02,75894.98,1776417339000
1776417341.125,41.125,0.39,0.4,0.6,0.61,0.01,0.01,75895.0,1776417340000
1776417341.464,41.464,0.39,0.4,0.6,0.61,0.01,0.01,75895.0,1776417340000
1776417341.826,41.826,0.4,0.41,0.59,0.61,0.01,0.02,75895.0,1776417340000
1776417342.525,42.525,0.4,0.41,0.59,0.6,0.01,0.01,75895.09,1776417341000
1776417342.881,42.881,0.4,0.41,0.59,0.6,0.01,0.01,75895.09,1776417341000
1776417343.764,43.764,0.4,0.41,0.58,0.6,0.01,0.02,75895.13,1776417342000
1776417344.152,44.152,0.4,0.41,0.59,0.6,0.01,0.01,75895.52,1776417343000
1776417344.495,44.495,0.39,0.41,0.59,0.61,0.02,0.02,75895.52,1776417343000
1776417344.833,44.833,0.4,0.41,0.59,0.6,0.01,0.01,75895.52,1776417343000
1776417345.209,45.209,0.39,0.4,0.6,0.61,0.01,0.01,75895.07,1776417344000
1776417345.568,45.568,0.39,0.4,0.6,0.61,0.01,0.01,75895.07,1776417344000
1776417345.903,45.903,0.39,0.4,0.6,0.61,0.01,0.01,75895.07,1776417344000
1776417346.28,46.28,0.38,0.39,0.61,0.62,0.01,0.01,75888.28,1776417345000
1776417346.661,46.661,0.38,0.39,0.61,0.62,0.01,0.01,75888.28,1776417345000
1776417347.023,47.023,0.37,0.38,0.61,0.63,0.01,0.02,75888.28,1776417345000
1776417347.447,47.447,0.37,0.38,0.62,0.63,0.01,0.01,75888.51,1776417346000
1776417347.788,47.788,0.37,0.38,0.62,0.63,0.01,0.01,75888.51,1776417346000
1776417348.148,48.148,0.37,0.38,0.62,0.63,0.01,0.01,75888.51,1776417346000
1776417348.527,48.527,0.37,0.39,0.61,0.62,0.02,0.01,75886.77,1776417347000
1776417348.861,48.861,0.39,0.4,0.6,0.61,0.01,0.01,75886.77,1776417347000
1776417349.206,49.206,0.39,0.4,0.6,0.61,0.01,0.01,75886.77,1776417347000
1776417349.611,49.611,0.39,0.4,0.6,0.61,0.01,0.01,75886.07,1776417348000
1776417349.979,49.979,0.41,0.42,0.58,0.59,0.01,0.01,75886.07,1776417348000
1776417350.32,50.32,0.41,0.42,0.58,0.59,0.01,0.01,75886.07,1776417348000
1776417350.66,50.66,0.41,0.42,0.58,0.59,0.01,0.01,75887.99,1776417349000
1776417351.004,51.004,0.43,0.44,0.56,0.57,0.01,0.01,75887.99,1776417349000
1776417351.362,51.362,0.43,0.44,0.56,0.57,0.01,0.01,75888.24,1776417350000
1776417351.86,51.86,0.43,0.44,0.56,0.57,0.01,0.01,75888.24,1776417350000
1776417352.219,52.219,0.43,0.44,0.56,0.57,0.01,0.01,75896.06,1776417351000
1776417352.801,52.801,0.43,0.44,0.56,0.57,0.01,0.01,75896.06,1776417351000
1776417353.142,53.142,0.43,0.44,0.56,0.57,0.01,0.01,75896.06,1776417351000
1776417353.486,53.486,0.43,0.44,0.56,0.57,0.01,0.01,75899.22,1776417352000
1776417354.034,54.034,0.43,0.44,0.56,0.57,0.01,0.01,75899.22,1776417352000
1776417354.392,54.392,0.43,0.44,0.56,0.57,0.01,0.01,75900.14,1776417353000
1776417354.733,54.733,0.43,0.44,0.56,0.57,0.01,0.01,75900.14,1776417353000
1776417355.18,55.18,0.43,0.44,0.56,0.57,0.01,0.01,75900.14,1776417354000
1776417355.639,55.639,0.43,0.44,0.56,0.57,0.01,0.01,75900.14,1776417354000
1776417356.125,56.125,0.4,0.41,0.59,0.6,0.01,0.01,75900.14,1776417354000
1776417356.475,56.475,0.4,0.41,0.59,0.6,0.01,0.01,75901.14,1776417355000
1776417357.271,57.271,0.4,0.41,0.59,0.6,0.01,0.01,75901.14,1776417355000
1776417357.977,57.977,0.4,0.41,0.59,0.6,0.01,0.01,75901.14,1776417356000
1776417358.357,58.357,0.4,0.41,0.59,0.6,0.01,0.01,75899.67,1776417357000
1776417358.711,58.711,0.4,0.44,0.59,0.6,0.04,0.01,75899.67,1776417357000
1776417359.184,59.184,0.42,0.43,0.57,0.58,0.01,0.01,75899.67,1776417357000
1776417359.569,59.569,0.42,0.43,0.57,0.58,0.01,0.01,75899.67,1776417358000
1776417360.178,60.178,0.42,0.43,0.57,0.58,0.01,0.01,75899.67,1776417358000
1776417360.591,60.591,0.41,0.42,0.57,0.59,0.01,0.02,75899.67,1776417359000
1776417360.948,60.948,0.41,0.42,0.58,0.59,0.01,0.01,75899.67,1776417359000
1776417361.29,61.29,0.41,0.42,0.58,0.59,0.01,0.01,75899.67,1776417360000
1776417362.17,62.17,0.41,0.42,0.58,0.59,0.01,0.01,75899.67,1776417360000
1776417362.691,62.691,0.41,0.42,0.58,0.59,0.01,0.01,75899.2,1776417361000
1776417363.074,63.074,0.41,0.42,0.58,0.59,0.01,0.01,75899.2,1776417361000
1776417363.613,63.613,0.41,0.42,0.58,0.59,0.01,0.01,75899.2,1776417361000
1776417363.95,63.95,0.41,0.42,0.58,0.59,0.01,0.01,75899.2,1776417361000
1776417364.313,64.313,0.4,0.41,0.59,0.6,0.01,0.01,75899.67,1776417362000
1776417364.678,64.678,0.4,0.41,0.59,0.6,0.01,0.01,75898.46,1776417363000
1776417365.013,65.013,0.4,0.41,0.59,0.6,0.01,0.01,75897.08,1776417364000
1776417365.381,65.381,0.4,0.41,0.59,0.6,0.01,0.01,75897.08,1776417364000
1776417365.745,65.745,0.4,0.41,0.59,0.6,0.01,0.01,75897.08,1776417364000
1776417366.132,66.132,0.4,0.41,0.59,0.6,0.01,0.01,75894.95,1776417365000
1776417366.708,66.708,0.4,0.41,0.59,0.6,0.01,0.01,75894.95,1776417365000
1776417367.145,67.145,0.4,0.41,0.59,0.6,0.01,0.01,75896.1,1776417366000
1776417367.721,67.721,0.4,0.41,0.59,0.6,0.01,0.01,75896.1,1776417366000
1776417368.094,68.094,0.4,0.41,0.59,0.6,0.01,0.01,75896.1,1776417367000
1776417368.44,68.44,0.39,0.41,0.59,0.6,0.02,0.01,75896.1,1776417367000
1776417368.774,68.774,0.39,0.4,0.6,0.61,0.01,0.01,75896.1,1776417367000
1776417369.23,69.23,0.39,0.4,0.6,0.61,0.01,0.01,75895.93,1776417368000
1776417369.618,69.618,0.39,0.4,0.6,0.61,0.01,0.01,75895.93,1776417368000
1776417370.041,70.041,0.39,0.41,0.59,0.61,0.02,0.02,75895.93,1776417369000
1776417370.605,70.605,0.4,0.41,0.59,0.6,0.01,0.01,75895.93,1776417369000
1776417370.969,70.969,0.4,0.41,0.59,0.6,0.01,0.01,75895.93,1776417369000
1776417371.568,71.568,0.4,0.41,0.59,0.6,0.01,0.01,75895.24,1776417370000
1776417371.933,71.933,0.4,0.41,0.59,0.6,0.01,0.01,75895.24,1776417370000
1776417372.283,72.283,0.4,0.41,0.59,0.6,0.01,0.01,75895.93,1776417371000
1776417373.162,73.162,0.4,0.41,0.59,0.6,0.01,0.01,75895.93,1776417372000
1776417373.787,73.787,0.4,0.41,0.59,0.6,0.01,0.01,75895.93,1776417372000
1776417374.203,74.203,0.39,0.41,0.59,0.6,0.02,0.01,75895.93,1776417373000
1776417374.662,74.662,0.36,0.37,0.62,0.65,0.01,0.03,75895.93,1776417373000
1776417375.053,75.053,0.36,0.37,0.63,0.64,0.01,0.01,75895.14,1776417374000
1776417375.531,75.531,0.36,0.37,0.63,0.64,0.01,0.01,75895.14,1776417374000
1776417376.043,76.043,0.36,0.37,0.63,0.64,0.01,0.01,75895.14,1776417374000
1776417376.645,76.645,0.36,0.37,0.63,0.64,0.01,0.01,75892.38,1776417375000
1776417377.031,77.031,0.36,0.37,0.63,0.64,0.01,0.01,75889.83,1776417376000
1776417377.395,77.395,0.36,0.37,0.63,0.64,0.01,0.01,75889.83,1776417376000
1776417378.343,78.343,0.36,0.37,0.63,0.64,0.01,0.01,75889.83,1776417376000
1776417378.831,78.831,0.35,0.36,0.64,0.65,0.01,0.01,75889.36,1776417377000
1776417379.18,79.18,0.35,0.36,0.64,0.65,0.01,0.01,75889.23,1776417378000
1776417379.713,79.713,0.36,0.37,0.63,0.65,0.01,0.02,75889.23,1776417378000
1776417380.109,80.109,0.36,0.37,0.63,0.64,0.01,0.01,75889.23,1776417378000
1776417380.465,80.465,0.4,0.41,0.59,0.63,0.01,0.04,75887.19,1776417379000
1776417380.825,80.825,0.4,0.41,0.59,0.6,0.01,0.01,75887.19,1776417379000
1776417381.417,81.417,0.41,0.43,0.57,0.59,0.02,0.02,75885.95,1776417380000
1776417381.751,81.751,0.42,0.45,0.57,0.58,0.03,0.01,75885.95,1776417380000
1776417382.084,82.084,0.44,0.46,0.54,0.56,0.02,0.02,75890.87,1776417381000
1776417382.428,82.428,0.45,0.46,0.54,0.55,0.01,0.01,75890.87,1776417381000
1776417382.979,82.979,0.46,0.47,0.53,0.54,0.01,0.01,75890.87,1776417381000
1776417383.318,83.318,0.46,0.48,0.52,0.54,0.02,0.02,75896.23,1776417382000
1776417383.692,83.692,0.48,0.51,0.49,0.53,0.03,0.04,75896.23,1776417382000
1776417384.027,84.027,0.5,0.51,0.49,0.5,0.01,0.01,75896.23,1776417382000
1776417384.493,84.493,0.5,0.51,0.49,0.5,0.01,0.01,75908.41,1776417383000
1776417384.831,84.831,0.5,0.52,0.48,0.5,0.02,0.02,75908.41,1776417383000
1776417385.173,85.173,0.52,0.53,0.47,0.48,0.01,0.01,75910.43,1776417384000
1776417385.595,85.595,0.52,0.53,0.47,0.48,0.01,0.01,75910.43,1776417384000
1776417386.014,86.014,0.52,0.53,0.47,0.48,0.01,0.01,75910.43,1776417384000
1776417386.602,86.602,0.52,0.53,0.47,0.48,0.01,0.01,75913.66,1776417385000
1776417387.064,87.064,0.52,0.53,0.47,0.48,0.01,0.01,75913.66,1776417385000
1776417387.621,87.621,0.52,0.53,0.47,0.48,0.01,0.01,75921.06,1776417386000
1776417388.287,88.287,0.52,0.53,0.47,0.48,0.01,0.01,75921.06,1776417386000
1776417388.673,88.673,0.53,0.54,0.46,0.47,0.01,0.01,75921.26,1776417387000
1776417389.087,89.087,0.54,0.55,0.44,0.47,0.01,0.03,75921.11,1776417388000
1776417389.439,89.439,0.55,0.56,0.44,0.45,0.01,0.01,75921.11,1776417388000
1776417389.925,89.925,0.56,0.57,0.42,0.45,0.01,0.03,75921.11,1776417388000
1776417390.305,90.305,0.56,0.57,0.43,0.44,0.01,0.01,75922.37,1776417389000
1776417390.66,90.66,0.56,0.57,0.43,0.44,0.01,0.01,75922.37,1776417389000
1776417391.052,91.052,0.59,0.6,0.4,0.41,0.01,0.01,75922.37,1776417389000
1776417391.397,91.397,0.6,0.61,0.39,0.41,0.01,0.02,75926.56,1776417390000
1776417391.767,91.767,0.59,0.6,0.4,0.41,0.01,0.01,75926.56,1776417390000
1776417392.334,92.334,0.59,0.6,0.4,0.41,0.01,0.01,75926.56,1776417390000
1776417392.72,92.72,0.59,0.6,0.4,0.41,0.01,0.01,75929.31,1776417391000
1776417393.054,93.054,0.59,0.6,0.4,0.41,0.01,0.01,75929.31,1776417391000
1776417393.43,93.43,0.59,0.6,0.4,0.41,0.01,0.01,75936.92,1776417392000
1776417393.797,93.797,0.59,0.6,0.4,0.41,0.01,0.01,75936.92,1776417392000
1776417394.13,94.13,0.59,0.6,0.4,0.41,0.01,0.01,75936.92,1776417392000
1776417394.509,94.509,0.59,0.6,0.4,0.41,0.01,0.01,75936.92,1776417392000
1776417394.88,94.88,0.59,0.6,0.4,0.41,0.01,0.01,75937.12,1776417393000
1776417395.213,95.213,0.59,0.6,0.4,0.41,0.01,0.01,75937.12,1776417393000
1776417395.592,95.592,0.59,0.6,0.4,0.41,0.01,0.01,75937.12,1776417393000
1776417395.931,95.931,0.59,0.6,0.4,0.41,0.01,0.01,75937.12,1776417393000
1776417396.268,96.268,0.59,0.6,0.4,0.41,0.01,0.01,75937.06,1776417394000
1776417396.617,96.617,0.59,0.6,0.4,0.41,0.01,0.01,75937.69,1776417395000
1776417397.054,97.054,0.59,0.6,0.4,0.41,0.01,0.01,75937.69,1776417395000
1776417397.509,97.509,0.59,0.6,0.4,0.41,0.01,0.01,75937.69,1776417396000
1776417398.278,98.278,0.59,0.61,0.4,0.41,0.02,0.01,75937.69,1776417396000
1776417398.728,98.728,0.6,0.61,0.39,0.41,0.01,0.02,75936.91,1776417397000
1776417399.106,99.106,0.6,0.61,0.39,0.4,0.01,0.01,75936.91,1776417397000
1776417399.511,99.511,0.6,0.61,0.39,0.4,0.01,0.01,75937.21,1776417398000
1776417399.925,99.925,0.6,0.61,0.39,0.4,0.01,0.01,75937.21,1776417398000
1776417400.32,100.32,0.6,0.61,0.39,0.4,0.01,0.01,75937.21,1776417398000
1776417400.808,100.808,0.59,0.6,0.39,0.41,0.01,0.02,75937.21,1776417398000
1776417401.206,101.206,0.58,0.59,0.4,0.42,0.01,0.02,75937.21,1776417398000
1776417401.551,101.551,0.58,0.59,0.41,0.42,0.01,0.01,75937.21,1776417398000
1776417401.886,101.886,0.58,0.59,0.41,0.42,0.01,0.01,75937.19,1776417400000
1776417402.32,102.32,0.58,0.59,0.41,0.42,0.01,0.01,75937.49,1776417401000
1776417402.666,102.666,0.58,0.59,0.41,0.42,0.01,0.01,75937.49,1776417401000
1776417403.057,103.057,0.58,0.59,0.41,0.42,0.01,0.01,75937.49,1776417401000
1776417403.699,103.699,0.58,0.59,0.41,0.42,0.01,0.01,75937.35,1776417402000
1776417404.169,104.169,0.58,0.59,0.41,0.42,0.01,0.01,75937.35,1776417402000
1776417404.521,104.521,0.58,0.59,0.41,0.42,0.01,0.01,75939.2,1776417403000
1776417404.92,104.92,0.57,0.58,0.42,0.43,0.01,0.01,75939.2,1776417403000
1776417405.294,105.294,0.58,0.59,0.41,0.42,0.01,0.01,75939.2,1776417404000
1776417405.682,105.682,0.58,0.59,0.41,0.42,0.01,0.01,75939.2,1776417404000
1776417406.053,106.053,0.58,0.59,0.41,0.42,0.01,0.01,75939.2,1776417404000
1776417406.527,106.527,0.58,0.59,0.41,0.42,0.01,0.01,75937.98,1776417405000
1776417406.88,106.88,0.58,0.59,0.41,0.42,0.01,0.01,75937.98,1776417405000
1776417407.509,107.509,0.61,0.62,0.38,0.4,0.01,0.02,75937.98,1776417405000
1776417408.096,108.096,0.64,0.66,0.34,0.35,0.02,0.01,75937.04,1776417406000
1776417408.553,108.553,0.64,0.67,0.33,0.36,0.03,0.03,75937.36,1776417407000
1776417409.019,109.019,0.64,0.67,0.33,0.36,0.03,0.03,75937.36,1776417407000
1776417409.39,109.39,0.65,0.69,0.31,0.36,0.04,0.05,75937.36,1776417407000
1776417409.758,109.758,0.72,0.77,0.24,0.28,0.05,0.04,75952.45,1776417408000
1776417410.092,110.092,0.71,0.75,0.25,0.29,0.04,0.04,75952.45,1776417408000
1776417410.455,110.455,0.74,0.75,0.24,0.26,0.01,0.02,75952.45,1776417408000
1776417410.836,110.836,0.76,0.78,0.22,0.24,0.02,0.02,75978.67,1776417409000
1776417411.2,111.2,0.72,0.76,0.24,0.25,0.04,0.01,75978.67,1776417409000
1776417411.543,111.543,0.74,0.75,0.25,0.26,0.01,0.01,75980.24,1776417410000
1776417411.921,111.921,0.73,0.76,0.24,0.26,0.03,0.02,75980.24,1776417410000
1776417412.271,112.271,0.74,0.75,0.25,0.26,0.01,0.01,75979.65,1776417411000
1776417412.754,112.754,0.74,0.75,0.25,0.26,0.01,0.01,75979.65,1776417411000
1776417413.374,113.374,0.74,0.75,0.25,0.26,0.01,0.01,75979.65,1776417411000
1776417413.723,113.723,0.74,0.75,0.25,0.26,0.01,0.01,75976.34,1776417412000
1776417414.134,114.134,0.73,0.75,0.25,0.27,0.02,0.02,75976.34,1776417412000
1776417414.497,114.497,0.74,0.75,0.25,0.28,0.01,0.03,75973.78,1776417413000
1776417414.957,114.957,0.74,0.75,0.25,0.26,0.01,0.01,75973.78,1776417413000
1776417415.299,115.299,0.72,0.73,0.27,0.29,0.01,0.02,75973.22,1776417414000
1776417415.632,115.632,0.68,0.69,0.31,0.35,0.01,0.04,75973.22,1776417414000
1776417415.969,115.969,0.63,0.66,0.34,0.37,0.03,0.03,75973.22,1776417414000
1776417416.532,116.532,0.65,0.66,0.34,0.35,0.01,0.01,75973.22,1776417414000
1776417416.882,116.882,0.65,0.66,0.34,0.36,0.01,0.02,75971.21,1776417415000
1776417417.22,117.22,0.56,0.6,0.4,0.44,0.04,0.04,75971.21,1776417415000
1776417417.583,117.583,0.49,0.59,0.41,0.51,0.1,0.1,75955.99,1776417416000
1776417417.93,117.93,0.44,0.49,0.51,0.56,0.05,0.05,75955.99,1776417416000
1776417418.283,118.283,0.43,0.47,0.56,0.57,0.04,0.01,75947.99,1776417417000
1776417418.662,118.662,0.43,0.45,0.55,0.57,0.02,0.02,75947.99,1776417417000
1776417418.999,118.999,0.42,0.45,0.55,0.58,0.03,0.03,75947.99,1776417417000
1776417419.817,119.817,0.42,0.45,0.55,0.58,0.03,0.03,75912.47,1776417418000
1776417420.563,120.563,0.41,0.44,0.56,0.59,0.03,0.03,75912.47,1776417418000
1776417421.072,121.072,0.41,0.44,0.55,0.59,0.03,0.04,75892.62,1776417419000
1776417421.407,121.407,0.39,0.4,0.6,0.61,0.01,0.01,75892.62,1776417419000
1776417421.748,121.748,0.33,0.37,0.63,0.67,0.04,0.04,75870.31,1776417420000
1776417422.125,122.125,0.31,0.37,0.63,0.69,0.06,0.06,75870.31,1776417420000
1776417422.465,122.465,0.31,0.32,0.68,0.7,0.01,0.02,75859.82,1776417421000
1776417422.801,122.801,0.27,0.29,0.71,0.73,0.02,0.02,75859.82,1776417421000
1776417423.142,123.142,0.28,0.29,0.71,0.72,0.01,0.01,75859.82,1776417421000
1776417423.479,123.479,0.27,0.29,0.71,0.73,0.02,0.02,75859.82,1776417421000
1776417423.824,123.824,0.25,0.29,0.71,0.75,0.04,0.04,75860.89,1776417422000
1776417424.158,124.158,0.25,0.26,0.74,0.75,0.01,0.01,75860.89,1776417422000
1776417424.505,124.505,0.24,0.26,0.74,0.75,0.02,0.01,75860.89,1776417422000
1776417424.855,124.855,0.25,0.26,0.74,0.76,0.01,0.02,75861.26,1776417423000
1776417425.243,125.243,0.24,0.25,0.75,0.76,0.01,0.01,75859.75,1776417424000
1776417425.584,125.584,0.22,0.23,0.77,0.78,0.01,0.01,75859.75,1776417424000
1776417425.958,125.958,0.22,0.23,0.77,0.78,0.01,0.01,75859.75,1776417424000
1776417426.389,126.389,0.22,0.23,0.77,0.78,0.01,0.01,75859.75,1776417424000
1776417426.766,126.766,0.22,0.23,0.77,0.78,0.01,0.01,75859.75,1776417424000
1776417427.685,127.685,0.22,0.23,0.77,0.78,0.01,0.01,75852.28,1776417426000
1776417428.54,128.54,0.22,0.23,0.77,0.78,0.01,0.01,75852.28,1776417426000
1776417428.903,128.903,0.2,0.22,0.79,0.8,0.02,0.01,75846.38,1776417427000
1776417429.295,129.295,0.22,0.23,0.77,0.78,0.01,0.01,75846.38,1776417427000
1776417429.631,129.631,0.12,0.23,0.77,0.88,0.11,0.11,75832.9,1776417428000
1776417430.262,130.262,0.15,0.17,0.83,0.85,0.02,0.02,75832.9,1776417428000
1776417430.597,130.597,0.1,0.19,0.81,0.83,0.09,0.02,75821.84,1776417429000
1776417430.94,130.94,0.1,0.12,0.87,0.9,0.02,0.03,75821.84,1776417429000
1776417431.282,131.282,0.1,0.11,0.89,0.9,0.01,0.01,75821.84,1776417429000
1776417431.62,131.62,0.1,0.11,0.89,0.9,0.01,0.01,75807.12,1776417430000
1776417431.981,131.981,0.1,0.12,0.89,0.9,0.02,0.01,75807.12,1776417430000
1776417432.325,132.325,0.09,0.11,0.89,0.91,0.02,0.02,75807.12,1776417430000
1776417432.676,132.676,0.08,0.1,0.9,0.92,0.02,0.02,75803.57,1776417431000
1776417433.01,133.01,0.08,0.1,0.9,0.92,0.02,0.02,75803.57,1776417431000
1776417433.392,133.392,0.08,0.09,0.9,0.92,0.01,0.02,75802.96,1776417432000
1776417433.728,133.728,0.07,0.09,0.91,0.92,0.02,0.01,75802.96,1776417432000
1776417434.267,134.267,0.07,0.09,0.91,0.93,0.02,0.02,75793.91,1776417433000
1776417434.832,134.832,0.07,0.09,0.91,0.93,0.02,0.02,75793.91,1776417433000
1776417435.18,135.18,0.07,0.09,0.91,0.93,0.02,0.02,75793.91,1776417433000
1776417435.533,135.533,0.07,0.08,0.92,0.93,0.01,0.01,75787.27,1776417434000
1776417435.905,135.905,0.07,0.09,0.92,0.93,0.02,0.01,75787.27,1776417434000
1776417436.249,136.249,0.06,0.1,0.91,0.94,0.04,0.03,75787.27,1776417434000
1776417436.612,136.612,0.08,0.11,0.89,0.91,0.03,0.02,75787.27,1776417434000
1776417436.993,136.993,0.07,0.08,0.92,0.93,0.01,0.01,75784.3,1776417435000
1776417437.344,137.344,0.06,0.09,0.91,0.93,0.03,0.02,75779.15,1776417436000
1776417437.687,137.687,0.06,0.08,0.93,0.94,0.02,0.01,75779.15,1776417436000
1776417438.025,138.025,0.07,0.08,0.92,0.93,0.01,0.01,75779.15,1776417436000
1776417438.41,138.41,0.07,0.08,0.92,0.93,0.01,0.01,75778.37,1776417437000
1776417438.77,138.77,0.07,0.08,0.92,0.93,0.01,0.01,75778.37,1776417437000
1776417439.112,139.112,0.07,0.08,0.92,0.93,0.01,0.01,75778.37,1776417437000
1776417439.458,139.458,0.07,0.08,0.92,0.93,0.01,0.01,75774.93,1776417438000
1776417439.828,139.828,0.07,0.08,0.92,0.93,0.01,0.01,75774.93,1776417438000
1776417440.163,140.163,0.07,0.08,0.92,0.93,0.01,0.01,75774.93,1776417438000
1776417440.539,140.539,0.07,0.08,0.92,0.93,0.01,0.01,75774.93,1776417438000
1776417440.891,140.891,0.07,0.08,0.92,0.93,0.01,0.01,75773.98,1776417439000
1776417441.27,141.27,0.07,0.08,0.92,0.93,0.01,0.01,75773.62,1776417440000
1776417441.882,141.882,0.07,0.08,0.92,0.93,0.01,0.01,75773.62,1776417440000
1776417442.268,142.268,0.07,0.08,0.92,0.93,0.01,0.01,75772.45,1776417441000
1776417442.627,142.627,0.06,0.08,0.92,0.94,0.02,0.02,75772.45,1776417441000
1776417442.968,142.968,0.05,0.07,0.94,0.95,0.02,0.01,75772.45,1776417441000
1776417443.303,143.303,0.05,0.07,0.93,0.95,0.02,0.02,75772.45,1776417441000
1776417443.652,143.652,0.05,0.06,0.94,0.95,0.01,0.01,75769.46,1776417442000
1776417444.412,144.412,0.05,0.06,0.94,0.95,0.01,0.01,75769.46,1776417442000
1776417444.757,144.757,0.05,0.06,0.94,0.95,0.01,0.01,75769.46,1776417442000
1776417445.096,145.096,0.05,0.06,0.94,0.95,0.01,0.01,75759.74,1776417443000
1776417445.434,145.434,0.05,0.06,0.94,0.95,0.01,0.01,75759.74,1776417443000
1776417445.808,145.808,0.05,0.06,0.94,0.95,0.01,0.01,75758.78,1776417444000
1776417446.254,146.254,0.05,0.06,0.94,0.95,0.01,0.01,75758.78,1776417444000
1776417446.622,146.622,0.05,0.06,0.94,0.95,0.01,0.01,75759.52,1776417445000
1776417446.99,146.99,0.05,0.06,0.94,0.95,0.01,0.01,75759.52,1776417445000
1776417447.458,147.458,0.05,0.06,0.94,0.95,0.01,0.01,75763.45,1776417446000
1776417448.152,148.152,0.05,0.06,0.94,0.95,0.01,0.01,75758.06,1776417447000
1776417448.91,148.91,0.05,0.06,0.94,0.95,0.01,0.01,75758.06,1776417447000
1776417449.84,149.84,0.04,0.06,0.94,0.95,0.02,0.01,75758.4,1776417448000
1776417450.4,150.4,0.04,0.05,0.94,0.96,0.01,0.02,75755.22,1776417449000
1776417450.757,150.757,0.05,0.06,0.94,0.96,0.01,0.02,75755.22,1776417449000
1776417451.094,151.094,0.04,0.05,0.95,0.96,0.01,0.01,75755.22,1776417449000
1776417451.549,151.549,0.04,0.05,0.95,0.96,0.01,0.01,75757.38,1776417450000
1776417451.886,151.886,0.04,0.05,0.95,0.96,0.01,0.01,75757.38,1776417450000
1776417452.264,152.264,0.04,0.05,0.95,0.96,0.01,0.01,75757.38,1776417450000
1776417452.672,152.672,0.04,0.05,0.95,0.96,0.01,0.01,75756.77,1776417451000
1776417453.16,153.16,0.04,0.05,0.95,0.96,0.01,0.01,75756.77,1776417451000
1776417453.513,153.513,0.04,0.05,0.95,0.96,0.01,0.01,75756.58,1776417452000
1776417453.863,153.863,0.04,0.05,0.95,0.96,0.01,0.01,75756.58,1776417452000
1776417454.245,154.245,0.04,0.05,0.95,0.96,0.01,0.01,75756.58,1776417452000
1776417454.602,154.602,0.04,0.05,0.95,0.96,0.01,0.01,75755.46,1776417453000
1776417454.938,154.938,0.04,0.05,0.95,0.96,0.01,0.01,75755.46,1776417453000
1776417455.358,155.358,0.04,0.05,0.95,0.96,0.01,0.01,75755.46,1776417453000
1776417455.741,155.741,0.04,0.05,0.95,0.96,0.01,0.01,75751.95,1776417454000
1776417456.158,156.158,0.04,0.05,0.95,0.96,0.01,0.01,75751.95,1776417454000
1776417456.579,156.579,0.04,0.05,0.95,0.96,0.01,0.01,75750.21,1776417455000
1776417456.915,156.915,0.04,0.05,0.95,0.96,0.01,0.01,75750.21,1776417455000
1776417457.251,157.251,0.04,0.05,0.95,0.96,0.01,0.01,75750.21,1776417455000
1776417457.846,157.846,0.04,0.05,0.95,0.96,0.01,0.01,75752.82,1776417456000
1776417458.21,158.21,0.04,0.05,0.95,0.96,0.01,0.01,75752.82,1776417456000
1776417458.881,158.881,0.04,0.05,0.95,0.96,0.01,0.01,75752.87,1776417457000
1776417459.223,159.223,0.04,0.05,0.95,0.96,0.01,0.01,75752.87,1776417457000
1776417459.564,159.564,0.04,0.05,0.95,0.96,0.01,0.01,75752.87,1776417457000
1776417459.921,159.921,0.05,0.06,0.94,0.95,0.01,0.01,75752.87,1776417458000
1776417460.264,160.264,0.05,0.06,0.94,0.95,0.01,0.01,75752.87,1776417458000
1776417460.619,160.619,0.05,0.06,0.94,0.95,0.01,0.01,75753.44,1776417459000
1776417461.071,161.071,0.05,0.06,0.94,0.95,0.01,0.01,75753.44,1776417459000
1776417462.114,162.114,0.04,0.05,0.94,0.95,0.01,0.01,75760.94,1776417460000
1776417462.495,162.495,0.04,0.06,0.94,0.96,0.02,0.02,75769.41,1776417461000
1776417463.197,163.197,0.04,0.06,0.94,0.96,0.02,0.02,75768.3,1776417462000
1776417463.964,163.964,0.04,0.06,0.94,0.96,0.02,0.02,75768.3,1776417462000
1776417464.541,164.541,0.04,0.06,0.94,0.96,0.02,0.02,75762.59,1776417463000
1776417465.026,165.026,0.05,0.06,0.94,0.95,0.01,0.01,75762.59,1776417463000
1776417465.38,165.38,0.05,0.06,0.94,0.95,0.01,0.01,75761.53,1776417464000
1776417465.795,165.795,0.05,0.06,0.94,0.95,0.01,0.01,75761.53,1776417464000
1776417466.202,166.202,0.05,0.06,0.94,0.95,0.01,0.01,75761.53,1776417464000
1776417466.566,166.566,0.04,0.06,0.94,0.95,0.02,0.01,75760.17,1776417465000
1776417467.005,167.005,0.04,0.05,0.94,0.96,0.01,0.02,75760.17,1776417465000
1776417467.379,167.379,0.04,0.05,0.95,0.96,0.01,0.01,75759.98,1776417466000
1776417467.844,167.844,0.04,0.05,0.95,0.96,0.01,0.01,75759.98,1776417466000
1776417468.193,168.193,0.04,0.05,0.95,0.96,0.01,0.01,75759.98,1776417466000
1776417468.753,168.753,0.04,0.05,0.95,0.97,0.01,0.02,75755.47,1776417467000
1776417469.162,169.162,0.04,0.05,0.95,0.96,0.01,0.01,75755.47,1776417468000
1776417469.529,169.529,0.04,0.05,0.95,0.97,0.01,0.02,75755.47,1776417468000
1776417469.867,169.867,0.04,0.05,0.95,0.96,0.01,0.01,75755.47,1776417468000
1776417470.399,170.399,0.04,0.05,0.95,0.96,0.01,0.01,75753.63,1776417469000
1776417470.801,170.801,0.04,0.05,0.95,0.96,0.01,0.01,75753.63,1776417469000
1776417471.671,171.671,0.04,0.05,0.95,0.96,0.01,0.01,75753.33,1776417470000
1776417472.084,172.084,0.04,0.05,0.95,0.96,0.01,0.01,75753.33,1776417470000
1776417472.485,172.485,0.04,0.05,0.95,0.96,0.01,0.01,75753.26,1776417471000
1776417472.82,172.82,0.04,0.05,0.95,0.96,0.01,0.01,75753.26,1776417471000
1776417473.191,173.191,0.04,0.05,0.95,0.96,0.01,0.01,75753.27,1776417472000
1776417473.548,173.548,0.04,0.05,0.95,0.96,0.01,0.01,75753.27,1776417472000
1776417473.896,173.896,0.04,0.05,0.95,0.96,0.01,0.01,75753.27,1776417472000
1776417474.289,174.289,0.04,0.05,0.95,0.96,0.01,0.01,75753.27,1776417472000
1776417474.727,174.727,0.04,0.05,0.95,0.96,0.01,0.01,75764.23,1776417473000
1776417475.182,175.182,0.03,0.05,0.95,0.96,0.02,0.01,75764.23,1776417473000
1776417475.753,175.753,0.03,0.04,0.96,0.97,0.01,0.01,75767.75,1776417474000
1776417476.16,176.16,0.03,0.04,0.96,0.97,0.01,0.01,75767.75,1776417474000
1776417476.659,176.659,0.03,0.04,0.96,0.97,0.01,0.01,75761.17,1776417475000
1776417477.26,177.26,0.03,0.04,0.96,0.97,0.01,0.01,75761.17,1776417475000
1776417478.059,178.059,0.03,0.04,0.96,0.97,0.01,0.01,75758.51,1776417477000
1776417478.52,178.52,0.03,0.04,0.96,0.97,0.01,0.01,75758.51,1776417477000
1776417479.143,179.143,0.03,0.05,0.96,0.97,0.02,0.01,75758.51,1776417477000
1776417479.584,179.584,0.03,0.05,0.95,0.97,0.02,0.02,75772.78,1776417478000
1776417480.037,180.037,0.03,0.05,0.95,0.97,0.02,0.02,75772.78,1776417478000
1776417480.376,180.376,0.03,0.05,0.95,0.97,0.02,0.02,75772.78,1776417478000
1776417480.918,180.918,0.03,0.05,0.95,0.97,0.02,0.02,75788.33,1776417479000
1776417481.365,181.365,0.04,0.06,0.94,0.96,0.02,0.02,75789.31,1776417480000
1776417481.698,181.698,0.04,0.06,0.94,0.96,0.02,0.02,75789.31,1776417480000
1776417482.071,182.071,0.04,0.07,0.93,0.97,0.03,0.04,75789.31,1776417480000
1776417482.419,182.419,0.05,0.06,0.94,0.95,0.01,0.01,75788.55,1776417481000
1776417482.891,182.891,0.04,0.05,0.95,0.96,0.01,0.01,75788.55,1776417481000
1776417483.244,183.244,0.04,0.05,0.95,0.96,0.01,0.01,75784.2,1776417482000
1776417483.923,183.923,0.04,0.05,0.95,0.96,0.01,0.01,75784.2,1776417482000
1776417484.321,184.321,0.04,0.05,0.95,0.96,0.01,0.01,75776.02,1776417483000
1776417485.178,185.178,0.03,0.05,0.95,0.97,0.02,0.02,75776.02,1776417483000
1776417485.56,185.56,0.03,0.05,0.95,0.97,0.02,0.02,75772.41,1776417484000
1776417486.069,186.069,0.03,0.04,0.95,0.97,0.01,0.02,75772.41,1776417484000
1776417486.461,186.461,0.03,0.05,0.96,0.97,0.02,0.01,75771.44,1776417485000
1776417486.803,186.803,0.04,0.05,0.95,0.97,0.01,0.02,75771.44,1776417485000
1776417487.159,187.159,0.04,0.05,0.95,0.96,0.01,0.01,75771.44,1776417485000
1776417487.919,187.919,0.04,0.05,0.95,0.96,0.01,0.01,75771.59,1776417486000
1776417488.307,188.307,0.04,0.05,0.95,0.96,0.01,0.01,75771.59,1776417486000
1776417488.726,188.726,0.03,0.05,0.95,0.96,0.02,0.01,75770.7,1776417487000
1776417489.079,189.079,0.03,0.04,0.96,0.97,0.01,0.01,75770.7,1776417488000
1776417489.528,189.528,0.03,0.04,0.96,0.97,0.01,0.01,75770.7,1776417488000
1776417489.876,189.876,0.03,0.04,0.96,0.97,0.01,0.01,75770.7,1776417488000
1776417490.222,190.222,0.03,0.04,0.96,0.97,0.01,0.01,75771.0,1776417489000
1776417490.622,190.622,0.03,0.04,0.96,0.97,0.01,0.01,75771.0,1776417489000
1776417491.293,191.293,0.03,0.04,0.96,0.97,0.01,0.01,75767.11,1776417490000
1776417491.965,191.965,0.03,0.04,0.96,0.97,0.01,0.01,75761.1,1776417491000
1776417492.594,192.594,0.03,0.04,0.96,0.97,0.01,0.01,75761.1,1776417491000
1776417493.342,193.342,0.03,0.04,0.96,0.97,0.01,0.01,75755.94,1776417492000
1776417493.688,193.688,0.03,0.04,0.96,0.97,0.01,0.01,75755.94,1776417492000
1776417494.107,194.107,0.03,0.04,0.96,0.97,0.01,0.01,75755.94,1776417492000
1776417494.476,194.476,0.03,0.04,0.96,0.97,0.01,0.01,75755.94,1776417492000
1776417494.833,194.833,0.03,0.04,0.96,0.97,0.01,0.01,75755.56,1776417493000
1776417495.192,195.192,0.03,0.04,0.96,0.97,0.01,0.01,75755.56,1776417493000
1776417495.538,195.538,0.03,0.04,0.96,0.97,0.01,0.01,75755.56,1776417494000
1776417495.871,195.871,0.03,0.04,0.96,0.97,0.01,0.01,75755.56,1776417494000
1776417496.242,196.242,0.02,0.04,0.96,0.97,0.02,0.01,75755.56,1776417494000
1776417496.592,196.592,0.02,0.03,0.97,0.98,0.01,0.01,75755.33,1776417495000
1776417497.113,197.113,0.02,0.03,0.97,0.98,0.01,0.01,75740.1,1776417496000
1776417497.468,197.468,0.02,0.03,0.97,0.98,0.01,0.01,75740.1,1776417496000
1776417497.805,197.805,0.02,0.03,0.97,0.98,0.01,0.01,75740.1,1776417496000
1776417498.258,198.258,0.02,0.03,0.97,0.98,0.01,0.01,75740.1,1776417496000
1776417498.628,198.628,0.02,0.03,0.97,0.98,0.01,0.01,75735.62,1776417497000
1776417498.995,198.995,0.02,0.03,0.97,0.98,0.01,0.01,75735.62,1776417497000
1776417499.597,199.597,0.02,0.03,0.97,0.98,0.01,0.01,75735.05,1776417498000
1776417500.139,200.139,0.02,0.03,0.97,0.98,0.01,0.01,75735.05,1776417498000
1776417500.561,200.561,0.02,0.03,0.97,0.98,0.01,0.01,75735.51,1776417499000
1776417500.899,200.899,0.01,0.02,0.98,0.99,0.01,0.01,75735.51,1776417499000
1776417501.291,201.291,0.01,0.02,0.98,0.99,0.01,0.01,75735.51,1776417499000
1776417501.8,201.8,0.01,0.02,0.98,0.99,0.01,0.01,75734.76,1776417500000
1776417502.145,202.145,0.01,0.02,0.98,0.99,0.01,0.01,75734.76,1776417501000
1776417502.486,202.486,0.01,0.02,0.98,0.99,0.01,0.01,75734.76,1776417501000
1776417503.023,203.023,0.01,0.02,0.98,0.99,0.01,0.01,75734.76,1776417501000
1776417503.52,203.52,0.01,0.02,0.98,0.99,0.01,0.01,75734.76,1776417502000
1776417503.882,203.882,0.01,0.02,0.98,0.99,0.01,0.01,75734.76,1776417502000
1776417504.229,204.229,0.01,0.02,0.98,0.99,0.01,0.01,75743.81,1776417503000
1776417504.76,204.76,0.01,0.02,0.98,0.99,0.01,0.01,75743.81,1776417503000
1776417505.096,205.096,0.01,0.02,0.98,0.99,0.01,0.01,75744.49,1776417504000
1776417505.447,205.447,0.01,0.02,0.98,0.99,0.01,0.01,75744.49,1776417504000
1776417505.939,205.939,0.01,0.02,0.98,0.99,0.01,0.01,75744.49,1776417504000
1776417506.3,206.3,0.01,0.02,0.98,0.99,0.01,0.01,75736.55,1776417505000
1776417506.752,206.752,0.01,0.02,0.98,0.99,0.01,0.01,75736.55,1776417505000
1776417507.223,207.223,0.01,0.02,0.98,0.99,0.01,0.01,75735.62,1776417506000
1776417507.562,207.562,0.01,0.02,0.98,0.99,0.01,0.01,75735.62,1776417506000
1776417507.929,207.929,0.01,0.02,0.98,0.99,0.01,0.01,75735.62,1776417506000
1776417508.325,208.325,0.01,0.02,0.98,0.99,0.01,0.01,75735.9,1776417507000
1776417508.713,208.713,0.01,0.02,0.98,0.99,0.01,0.01,75735.9,1776417507000
1776417509.278,209.278,0.01,0.02,0.98,0.99,0.01,0.01,75735.9,1776417507000
1776417509.662,209.662,0.01,0.02,0.98,0.99,0.01,0.01,75735.33,1776417508000
1776417510.0,210.0,0.01,0.02,0.98,0.99,0.01,0.01,75735.33,1776417509000
1776417510.375,210.375,0.01,0.02,0.98,0.99,0.01,0.01,75735.33,1776417509000
1776417510.777,210.777,0.01,0.02,0.98,0.99,0.01,0.01,75735.33,1776417509000
1776417511.322,211.322,0.01,0.02,0.98,0.99,0.01,0.01,75735.41,1776417510000
1776417512.001,212.001,0.01,0.02,0.98,0.99,0.01,0.01,75735.95,1776417511000
1776417512.381,212.381,0.01,0.02,0.98,0.99,0.01,0.01,75735.95,1776417511000
1776417512.756,212.756,0.01,0.02,0.98,0.99,0.01,0.01,75735.95,1776417511000
1776417513.238,213.238,0.01,0.02,0.98,0.99,0.01,0.01,75735.98,1776417512000
1776417513.588,213.588,0.01,0.02,0.98,0.99,0.01,0.01,75735.98,1776417512000
1776417513.973,213.973,0.01,0.02,0.98,0.99,0.01,0.01,75735.98,1776417512000
1776417514.446,214.446,0.01,0.02,0.98,0.99,0.01,0.01,75735.98,1776417513000
1776417514.783,214.783,0.01,0.02,0.98,0.99,0.01,0.01,75735.98,1776417513000
1776417515.17,215.17,0.01,0.02,0.98,0.99,0.01,0.01,75735.98,1776417514000
1776417515.565,215.565,0.01,0.01,0.98,0.99,0.0,0.01,75735.98,1776417514000
1776417515.909,215.909,0.01,0.01,0.99,0.99,0.0,0.0,75735.98,1776417514000
1776417516.493,216.493,0.01,0.01,0.99,0.99,0.0,0.0,75735.66,1776417515000
1776417517.034,217.034,0.01,0.01,0.99,0.99,0.0,0.0,75735.66,1776417515000
1776417517.717,217.717,0.01,0.01,0.99,0.99,0.0,0.0,75735.68,1776417516000
1776417518.178,218.178,0.01,0.01,0.99,0.99,0.0,0.0,75734.49,1776417517000
1776417518.697,218.697,0.01,0.01,0.99,0.99,0.0,0.0,75734.49,1776417517000
1776417519.078,219.078,0.01,0.01,0.99,0.99,0.0,0.0,75734.49,1776417517000
1776417519.725,219.725,0.01,0.01,0.99,0.99,0.0,0.0,75736.91,1776417518000
1776417520.081,220.081,0.01,0.01,0.99,0.99,0.0,0.0,75736.91,1776417518000
1776417520.446,220.446,0.01,0.02,0.98,0.99,0.01,0.01,75736.91,1776417518000
1776417520.852,220.852,0.01,0.02,0.98,0.99,0.01,0.01,75736.91,1776417518000
1776417521.193,221.193,0.01,0.02,0.98,0.99,0.01,0.01,75736.91,1776417518000
1776417521.613,221.613,0.02,0.03,0.97,0.99,0.01,0.02,75747.01,1776417519000
1776417521.959,221.959,0.02,0.03,0.97,0.98,0.01,0.01,75747.01,1776417519000
1776417522.326,222.326,0.02,0.03,0.96,0.98,0.01,0.02,75775.22,1776417521000
1776417522.886,222.886,0.02,0.04,0.97,0.98,0.02,0.01,75775.22,1776417521000
1776417523.313,223.313,0.03,0.04,0.96,0.97,0.01,0.01,75775.22,1776417521000
1776417523.671,223.671,0.03,0.04,0.96,0.97,0.01,0.01,75775.22,1776417521000
1776417524.127,224.127,0.03,0.04,0.96,0.97,0.01,0.01,75775.22,1776417521000
1776417524.473,224.473,0.03,0.04,0.96,0.97,0.01,0.01,75792.16,1776417522000
1776417524.809,224.809,0.03,0.04,0.96,0.97,0.01,0.01,75792.16,1776417522000
1776417525.184,225.184,0.03,0.04,0.96,0.97,0.01,0.01,75798.01,1776417523000
1776417525.674,225.674,0.03,0.04,0.96,0.97,0.01,0.01,75798.01,1776417523000
1776417526.08,226.08,0.03,0.04,0.96,0.97,0.01,0.01,75806.29,1776417524000
1776417526.467,226.467,0.02,0.03,0.97,0.98,0.01,0.01,75806.29,1776417524000
1776417526.906,226.906,0.02,0.03,0.97,0.98,0.01,0.01,75807.89,1776417525000
1776417527.304,227.304,0.02,0.03,0.97,0.98,0.01,0.01,75807.89,1776417525000
1776417527.907,227.907,0.02,0.03,0.97,0.98,0.01,0.01,75808.56,1776417526000
1776417528.25,228.25,0.02,0.03,0.97,0.98,0.01,0.01,75808.56,1776417526000
1776417528.584,228.584,0.02,0.03,0.97,0.98,0.01,0.01,75808.56,1776417526000
1776417529.01,229.01,0.02,0.03,0.97,0.98,0.01,0.01,75805.96,1776417527000
1776417529.348,229.348,0.02,0.03,0.97,0.98,0.01,0.01,75805.96,1776417527000
1776417529.695,229.695,0.02,0.03,0.97,0.98,0.01,0.01,75805.96,1776417527000
1776417530.047,230.047,0.02,0.03,0.97,0.98,0.01,0.01,75803.92,1776417528000
1776417530.466,230.466,0.02,0.03,0.97,0.98,0.01,0.01,75803.92,1776417529000
1776417530.8,230.8,0.02,0.03,0.97,0.98,0.01,0.01,75803.92,1776417529000
1776417531.28,231.28,0.02,0.03,0.97,0.98,0.01,0.01,75803.92,1776417529000
1776417531.615,231.615,0.03,0.04,0.96,0.97,0.01,0.01,75803.81,1776417530000
1776417531.949,231.949,0.03,0.04,0.96,0.97,0.01,0.01,75803.81,1776417530000
1776417532.286,232.286,0.03,0.04,0.96,0.97,0.01,0.01,75803.81,1776417530000
1776417532.779,232.779,0.03,0.04,0.96,0.97,0.01,0.01,75803.81,1776417530000
1776417533.352,233.352,0.03,0.04,0.96,0.97,0.01,0.01,75803.92,1776417531000
1776417533.828,233.828,0.01,0.04,0.96,0.97,0.03,0.01,75803.59,1776417532000
1776417534.201,234.201,0.03,0.04,0.96,0.99,0.01,0.03,75803.59,1776417532000
1776417534.572,234.572,0.03,0.04,0.96,0.97,0.01,0.01,75801.27,1776417533000
1776417535.192,235.192,0.02,0.04,0.96,0.98,0.02,0.02,75800.34,1776417534000
1776417536.081,236.081,0.03,0.04,0.96,0.97,0.01,0.01,75800.34,1776417534000
1776417536.598,236.598,0.03,0.04,0.96,0.97,0.01,0.01,75800.34,1776417534000
1776417537.025,237.025,0.04,0.05,0.95,0.97,0.01,0.02,75800.27,1776417535000
1776417537.367,237.367,0.04,0.05,0.95,0.96,0.01,0.01,75800.27,1776417535000
1776417537.765,237.765,0.04,0.05,0.95,0.96,0.01,0.01,75800.03,1776417536000
1776417538.13,238.13,0.04,0.05,0.95,0.96,0.01,0.01,75800.03,1776417536000
1776417538.654,238.654,0.03,0.05,0.95,0.96,0.02,0.01,75807.47,1776417537000
1776417539.018,239.018,0.03,0.05,0.96,0.97,0.02,0.01,75807.47,1776417537000
1776417539.368,239.368,0.05,0.06,0.94,0.95,0.01,0.01,75807.47,1776417537000
1776417539.755,239.755,0.06,0.07,0.93,0.94,0.01,0.01,75812.32,1776417538000
1776417540.1,240.1,0.06,0.07,0.93,0.94,0.01,0.01,75812.32,1776417538000
1776417540.453,240.453,0.06,0.08,0.92,0.94,0.02,0.02,75812.32,1776417538000
1776417540.791,240.791,0.07,0.08,0.92,0.93,0.01,0.01,75812.36,1776417539000
1776417541.158,241.158,0.08,0.09,0.91,0.92,0.01,0.01,75812.36,1776417539000
1776417541.521,241.521,0.08,0.09,0.91,0.92,0.01,0.01,75812.36,1776417539000
1776417542.021,242.021,0.05,0.07,0.93,0.96,0.02,0.03,75812.36,1776417539000
1776417542.41,242.41,0.06,0.07,0.93,0.95,0.01,0.02,75831.57,1776417540000
1776417542.778,242.778,0.06,0.07,0.93,0.94,0.01,0.01,75831.57,1776417540000
1776417543.141,243.141,0.05,0.06,0.93,0.95,0.01,0.02,75840.92,1776417541000
1776417543.51,243.51,0.03,0.04,0.96,0.97,0.01,0.01,75839.88,1776417542000
1776417543.9,243.9,0.03,0.04,0.96,0.97,0.01,0.01,75839.88,1776417542000
1776417544.404,244.404,0.03,0.04,0.96,0.97,0.01,0.01,75832.83,1776417543000
1776417544.798,244.798,0.03,0.04,0.96,0.97,0.01,0.01,75832.83,1776417543000
1776417545.143,245.143,0.04,0.05,0.95,0.96,0.01,0.01,75832.83,1776417543000
1776417545.479,245.479,0.04,0.05,0.95,0.96,0.01,0.01,75830.85,1776417544000
1776417545.844,245.844,0.04,0.05,0.95,0.96,0.01,0.01,75830.85,1776417544000
1776417546.213,246.213,0.04,0.05,0.95,0.96,0.01,0.01,75828.37,1776417545000
1776417546.614,246.614,0.04,0.05,0.95,0.96,0.01,0.01,75828.37,1776417545000
1776417546.995,246.995,0.04,0.05,0.95,0.96,0.01,0.01,75828.37,1776417545000
1776417547.59,247.59,0.04,0.05,0.94,0.96,0.01,0.02,75827.68,1776417546000
1776417548.021,248.021,0.04,0.05,0.95,0.96,0.01,0.01,75827.68,1776417546000
1776417548.828,248.828,0.03,0.04,0.96,0.97,0.01,0.01,75827.65,1776417547000
1776417549.241,249.241,0.03,0.04,0.96,0.97,0.01,0.01,75827.65,1776417547000
1776417549.684,249.684,0.03,0.04,0.96,0.97,0.01,0.01,75827.65,1776417548000
1776417550.052,250.052,0.03,0.04,0.96,0.97,0.01,0.01,75827.65,1776417548000
1776417550.579,250.579,0.03,0.04,0.96,0.97,0.01,0.01,75826.07,1776417549000
1776417551.008,251.008,0.03,0.04,0.96,0.97,0.01,0.01,75826.07,1776417549000
1776417551.344,251.344,0.03,0.04,0.96,0.97,0.01,0.01,75823.7,1776417550000
1776417551.736,251.736,0.03,0.04,0.96,0.97,0.01,0.01,75823.7,1776417550000
1776417552.126,252.126,0.03,0.04,0.96,0.97,0.01,0.01,75823.7,1776417550000
1776417552.608,252.608,0.03,0.04,0.96,0.97,0.01,0.01,75823.21,1776417551000
1776417553.068,253.068,0.02,0.04,0.96,0.98,0.02,0.02,75823.21,1776417551000
1776417553.613,253.613,0.02,0.03,0.97,0.98,0.01,0.01,75823.21,1776417552000
1776417554.292,254.292,0.03,0.06,0.96,0.98,0.03,0.02,75823.21,1776417552000
1776417554.628,254.628,0.02,0.06,0.94,0.95,0.04,0.01,75823.94,1776417553000
1776417554.994,254.994,0.03,0.04,0.96,0.97,0.01,0.01,75823.94,1776417553000
1776417555.366,255.366,0.03,0.04,0.96,0.97,0.01,0.01,75823.94,1776417553000
1776417555.707,255.707,0.03,0.04,0.96,0.98,0.01,0.02,75824.05,1776417554000
1776417556.133,256.133,0.02,0.03,0.97,0.98,0.01,0.01,75825.2,1776417555000
1776417556.574,256.574,0.02,0.04,0.97,0.98,0.02,0.01,75825.2,1776417555000
1776417556.957,256.957,0.01,0.04,0.96,0.97,0.03,0.01,75825.2,1776417555000
1776417557.35,257.35,0.02,0.03,0.96,0.99,0.01,0.03,75825.2,1776417555000
1776417557.729,257.729,0.02,0.03,0.96,0.98,0.01,0.02,75825.2,1776417555000
1776417558.104,258.104,0.02,0.04,0.97,0.98,0.02,0.01,75825.19,1776417556000
1776417558.443,258.443,0.02,0.04,0.97,0.98,0.02,0.01,75825.19,1776417556000
1776417558.798,258.798,0.02,0.04,0.97,0.98,0.02,0.01,75825.24,1776417557000
1776417559.151,259.151,0.02,0.04,0.97,0.98,0.02,0.01,75825.24,1776417558000
1776417559.491,259.491,0.02,0.04,0.97,0.98,0.02,0.01,75825.24,1776417558000
1776417559.891,259.891,0.01,0.04,0.96,0.98,0.03,0.02,75825.24,1776417558000
1776417560.249,260.249,0.01,0.04,0.98,0.99,0.03,0.01,75825.24,1776417559000
1776417560.588,260.588,0.02,0.04,0.98,0.99,0.02,0.01,75825.24,1776417559000
1776417560.931,260.931,0.01,0.04,0.98,0.99,0.03,0.01,75825.24,1776417559000
1776417561.269,261.269,0.01,0.04,0.98,0.99,0.03,0.01,75825.23,1776417560000
1776417561.679,261.679,0.01,0.04,0.96,0.99,0.03,0.03,75825.23,1776417560000
1776417562.012,262.012,0.01,0.02,0.98,0.99,0.01,0.01,75825.23,1776417560000
1776417562.394,262.394,0.01,0.02,0.98,0.99,0.01,0.01,75825.23,1776417561000
1776417562.767,262.767,0.01,0.04,0.97,0.98,0.03,0.01,75825.23,1776417561000
1776417563.119,263.119,0.01,0.02,0.98,0.99,0.01,0.01,75825.41,1776417562000
1776417563.466,263.466,0.01,0.03,0.98,0.99,0.02,0.01,75825.41,1776417562000
1776417563.808,263.808,0.01,0.03,0.97,0.99,0.02,0.02,75825.41,1776417562000
1776417564.151,264.151,0.01,0.04,0.97,0.99,0.03,0.02,75825.0,1776417563000
1776417564.597,264.597,0.01,0.04,0.98,0.99,0.03,0.01,75825.0,1776417563000
1776417565.053,265.053,0.01,0.02,0.98,0.99,0.01,0.01,75824.03,1776417564000
1776417565.443,265.443,0.02,0.03,0.96,0.99,0.01,0.03,75824.03,1776417564000
1776417565.89,265.89,0.02,0.03,0.97,0.99,0.01,0.02,75824.03,1776417564000
1776417566.59,266.59,0.02,0.03,0.97,0.98,0.01,0.01,75823.16,1776417565000
1776417567.073,267.073,0.02,0.03,0.97,0.98,0.01,0.01,75823.16,1776417565000
1776417567.765,267.765,0.02,0.03,0.97,0.98,0.01,0.01,75823.16,1776417566000
1776417568.141,268.141,0.02,0.03,0.97,0.98,0.01,0.01,75823.16,1776417566000
1776417568.72,268.72,0.01,0.02,0.98,0.99,0.01,0.01,75823.27,1776417567000
1776417569.057,269.057,0.01,0.02,0.98,0.99,0.01,0.01,75823.27,1776417567000
1776417569.434,269.434,0.01,0.01,0.98,0.99,0.0,0.01,75823.78,1776417568000
1776417569.787,269.787,0.02,0.03,0.97,0.98,0.01,0.01,75823.78,1776417568000
1776417570.192,270.192,0.02,0.03,0.97,0.98,0.01,0.01,75823.78,1776417568000
1776417570.562,270.562,0.02,0.03,0.97,0.98,0.01,0.01,75821.97,1776417569000
1776417570.944,270.944,0.02,0.03,0.97,0.98,0.01,0.01,75821.97,1776417569000
1776417571.302,271.302,0.02,0.03,0.97,0.98,0.01,0.01,75821.97,1776417569000
1776417571.712,271.712,0.02,0.03,0.97,0.98,0.01,0.01,75817.38,1776417570000
1776417572.055,272.055,0.02,0.01,0.99,0.98,-0.01,-0.01,75817.38,1776417570000
1776417573.637,273.637,0.02,0.01,0.99,0.98,-0.01,-0.01,75817.02,1776417571000
1776417573.985,273.985,0.02,0.01,0.99,0.98,-0.01,-0.01,75822.1,1776417572000
1776417574.55,274.55,0.02,0.01,0.99,0.98,-0.01,-0.01,75822.35,1776417573000
1776417575.19,275.19,0.02,0.01,0.99,0.98,-0.01,-0.01,75822.35,1776417573000
1776417575.921,275.921,0.02,0.01,0.99,0.98,-0.01,-0.01,75822.35,1776417574000
1776417576.291,276.291,0.02,0.01,0.99,0.98,-0.01,-0.01,75818.69,1776417575000
1776417577.098,277.098,0.02,0.01,0.99,0.98,-0.01,-0.01,75818.69,1776417575000
1776417577.461,277.461,0.02,0.01,0.99,0.98,-0.01,-0.01,75818.69,1776417575000
1776417577.835,277.835,0.02,0.01,0.99,0.98,-0.01,-0.01,75817.82,1776417576000
1776417578.696,278.696,0.02,0.01,0.99,0.98,-0.01,-0.01,75817.76,1776417577000
1776417579.284,279.284,0.02,0.01,0.99,0.98,-0.01,-0.01,75817.76,1776417577000
1776417580.305,280.305,0.02,0.01,0.99,0.98,-0.01,-0.01,75816.83,1776417579000
1776417580.929,280.929,0.02,0.01,0.99,0.98,-0.01,-0.01,75816.83,1776417579000
1776417581.466,281.466,0.02,0.01,0.99,0.98,-0.01,-0.01,75816.83,1776417579000
1776417581.948,281.948,0.02,0.01,0.99,0.98,-0.01,-0.01,75816.63,1776417580000
1776417582.779,282.779,0.02,0.01,0.99,0.98,-0.01,-0.01,75816.62,1776417581000
1776417583.537,283.537,0.02,0.01,0.99,0.98,-0.01,-0.01,75816.6,1776417582000
1776417585.352,285.352,0.02,0.01,0.99,0.98,-0.01,-0.01,75816.6,1776417582000
1776417585.731,285.731,0.02,0.01,0.99,0.98,-0.01,-0.01,75816.6,1776417582000
1776417587.174,287.174,0.02,0.01,0.99,0.98,-0.01,-0.01,75816.6,1776417582000
1776417589.211,289.211,0.02,0.01,0.99,0.98,-0.01,-0.01,75816.6,1776417582000
1776417589.69,289.69,0.02,0.01,0.99,0.98,-0.01,-0.01,75816.6,1776417582000
1776417591.24,291.24,0.02,0.01,0.99,0.98,-0.01,-0.01,75816.6,1776417582000
1776417592.028,292.028,0.02,0.01,0.99,0.98,-0.01,-0.01,75814.49,1776417590000
1776417592.66,292.66,0.02,0.01,0.99,0.98,-0.01,-0.01,75814.48,1776417591000
1776417593.221,293.221,0.02,0.01,0.99,0.98,-0.01,-0.01,75813.85,1776417592000
1776417594.13,294.13,0.02,0.01,0.99,0.98,-0.01,-0.01,75813.85,1776417592000
1776417594.975,294.975,0.02,0.01,0.99,0.98,-0.01,-0.01,75812.72,1776417594000
1776417595.659,295.659,0.02,0.01,0.99,0.98,-0.01,-0.01,75812.72,1776417594000
1776417596.129,296.129,0.02,0.01,0.99,0.98,-0.01,-0.01,75810.78,1776417595000
1776417596.73,296.73,0.02,0.01,0.99,0.98,-0.01,-0.01,75810.78,1776417595000
1776417597.117,297.117,0.02,0.01,0.99,0.98,-0.01,-0.01,75809.65,1776417596000
1776417598.251,298.251,0.02,0.01,0.99,0.98,-0.01,-0.01,75790.05,1776417597000
1776417598.796,298.796,0.02,0.01,0.99,0.98,-0.01,-0.01,75790.05,1776417597000
1776417599.46,299.46,0.02,0.01,0.99,0.98,-0.01,-0.01,75770.01,1776417598000
1776417600.009,300.009,0.02,0.01,0.99,0.98,-0.01,-0.01,75768.99,1776417599000
1776417600.377,300.377,0.02,0.01,0.99,0.98,-0.01,-0.01,75768.99,1776417599000
1776417600.724,300.724,0.02,0.01,0.99,0.98,-0.01,-0.01,75768.99,1776417599000
1776417601.07,301.07,0.02,0.01,0.99,0.98,-0.01,-0.01,75775.36,1776417600000
1776417602.267,302.267,0.02,0.01,0.99,0.98,-0.01,-0.01,75776.94,1776417601000

# RESULT,winner=Down,slug=btc-updown-5m-1776417300,ticks=675
