timestamp,elapsed_sec,up_bid,up_ask,down_bid,down_ask,up_spread,down_spread,btc_price,btc_oracle_ts
1777287300.532,0.532,0.47,0.49,0.52,0.53,0.02,0.01,77862.26,1777287299000
1777287300.959,0.959,0.48,0.49,0.51,0.52,0.01,0.01,77862.26,1777287299000
1777287301.371,1.371,0.47,0.49,0.51,0.52,0.02,0.01,77862.26,1777287299000
1777287301.882,1.882,0.48,0.49,0.51,0.52,0.01,0.01,77862.28,1777287300000
1777287302.291,2.291,0.49,0.5,0.5,0.52,0.01,0.02,77862.28,1777287300000
1777287302.678,2.678,0.48,0.5,0.5,0.52,0.02,0.02,77857.84,1777287301000
1777287303.189,3.189,0.48,0.49,0.51,0.52,0.01,0.01,77857.84,1777287301000
1777287303.569,3.569,0.49,0.5,0.5,0.51,0.01,0.01,77858.36,1777287302000
1777287303.995,3.995,0.49,0.5,0.5,0.51,0.01,0.01,77858.36,1777287302000
1777287304.391,4.391,0.49,0.5,0.5,0.51,0.01,0.01,77858.36,1777287302000
1777287304.965,4.965,0.49,0.5,0.5,0.51,0.01,0.01,77858.28,1777287303000
1777287305.315,5.315,0.49,0.5,0.5,0.51,0.01,0.01,77858.94,1777287304000
1777287305.694,5.694,0.49,0.5,0.5,0.51,0.01,0.01,77858.94,1777287304000
1777287306.028,6.028,0.49,0.5,0.5,0.51,0.01,0.01,77858.94,1777287304000
1777287306.448,6.448,0.49,0.5,0.5,0.51,0.01,0.01,77858.94,1777287304000
1777287306.828,6.828,0.49,0.5,0.5,0.51,0.01,0.01,77859.02,1777287305000
1777287307.193,7.193,0.49,0.5,0.5,0.51,0.01,0.01,77859.02,1777287305000
1777287307.771,7.771,0.49,0.5,0.5,0.51,0.01,0.01,77858.93,1777287306000
1777287308.108,8.108,0.49,0.5,0.5,0.51,0.01,0.01,77858.93,1777287306000
1777287308.506,8.506,0.48,0.5,0.5,0.52,0.02,0.02,77859.05,1777287307000
1777287309.224,9.224,0.49,0.5,0.5,0.52,0.01,0.02,77859.05,1777287307000
1777287309.906,9.906,0.48,0.5,0.5,0.51,0.02,0.01,77859.05,1777287308000
1777287310.258,10.258,0.45,0.46,0.54,0.55,0.01,0.01,77859.05,1777287308000
1777287310.789,10.789,0.45,0.46,0.54,0.55,0.01,0.01,77859.05,1777287308000
1777287311.666,11.666,0.45,0.46,0.54,0.55,0.01,0.01,77858.83,1777287310000
1777287312.035,12.035,0.45,0.46,0.54,0.55,0.01,0.01,77858.83,1777287310000
1777287312.651,12.651,0.45,0.46,0.54,0.55,0.01,0.01,77858.15,1777287311000
1777287313.151,13.151,0.45,0.46,0.54,0.55,0.01,0.01,77858.15,1777287311000
1777287313.527,13.527,0.45,0.46,0.54,0.55,0.01,0.01,77856.68,1777287312000
1777287314.326,14.326,0.45,0.46,0.54,0.55,0.01,0.01,77856.96,1777287313000
1777287314.858,14.858,0.45,0.46,0.54,0.55,0.01,0.01,77856.96,1777287313000
1777287315.578,15.578,0.47,0.48,0.53,0.54,0.01,0.01,77856.96,1777287313000
1777287316.224,16.224,0.47,0.48,0.52,0.53,0.01,0.01,77857.24,1777287315000
1777287316.584,16.584,0.47,0.48,0.52,0.53,0.01,0.01,77857.24,1777287315000
1777287317.329,17.329,0.47,0.48,0.52,0.53,0.01,0.01,77857.44,1777287316000
1777287317.93,17.93,0.47,0.48,0.52,0.53,0.01,0.01,77857.44,1777287316000
1777287318.408,18.408,0.47,0.48,0.52,0.53,0.01,0.01,77858.74,1777287317000
1777287318.757,18.757,0.47,0.48,0.52,0.53,0.01,0.01,77858.74,1777287317000
1777287319.155,19.155,0.46,0.47,0.52,0.54,0.01,0.02,77858.74,1777287318000
1777287319.694,19.694,0.46,0.47,0.53,0.54,0.01,0.01,77858.74,1777287318000
1777287320.065,20.065,0.46,0.47,0.53,0.54,0.01,0.01,77858.83,1777287319000
1777287320.595,20.595,0.46,0.47,0.53,0.54,0.01,0.01,77858.83,1777287319000
1777287320.934,20.934,0.46,0.47,0.53,0.54,0.01,0.01,77858.83,1777287319000
1777287321.306,21.306,0.46,0.47,0.53,0.54,0.01,0.01,77858.72,1777287320000
1777287321.676,21.676,0.46,0.47,0.53,0.54,0.01,0.01,77858.72,1777287320000
1777287322.076,22.076,0.46,0.47,0.53,0.54,0.01,0.01,77858.72,1777287320000
1777287322.601,22.601,0.46,0.47,0.53,0.54,0.01,0.01,77858.72,1777287321000
1777287322.988,22.988,0.46,0.47,0.53,0.54,0.01,0.01,77858.72,1777287321000
1777287323.334,23.334,0.46,0.47,0.53,0.54,0.01,0.01,77858.72,1777287321000
1777287323.786,23.786,0.46,0.47,0.53,0.54,0.01,0.01,77858.81,1777287322000
1777287324.17,24.17,0.46,0.47,0.53,0.54,0.01,0.01,77858.81,1777287322000
1777287324.576,24.576,0.46,0.47,0.53,0.54,0.01,0.01,77858.83,1777287323000
1777287324.961,24.961,0.46,0.47,0.53,0.54,0.01,0.01,77858.83,1777287324000
1777287325.312,25.312,0.46,0.47,0.53,0.54,0.01,0.01,77858.83,1777287324000
1777287325.781,25.781,0.46,0.47,0.53,0.54,0.01,0.01,77858.83,1777287324000
1777287326.451,26.451,0.46,0.47,0.53,0.54,0.01,0.01,77858.86,1777287325000
1777287326.784,26.784,0.46,0.47,0.53,0.54,0.01,0.01,77858.86,1777287325000
1777287327.169,27.169,0.46,0.47,0.53,0.54,0.01,0.01,77858.54,1777287326000
1777287327.774,27.774,0.47,0.48,0.52,0.54,0.01,0.02,77858.54,1777287326000
1777287328.188,28.188,0.47,0.48,0.52,0.53,0.01,0.01,77858.49,1777287327000
1777287328.534,28.534,0.47,0.48,0.52,0.53,0.01,0.01,77858.49,1777287327000
1777287328.882,28.882,0.47,0.48,0.52,0.53,0.01,0.01,77858.49,1777287327000
1777287329.432,29.432,0.47,0.48,0.52,0.53,0.01,0.01,77858.45,1777287328000
1777287330.283,30.283,0.47,0.48,0.52,0.53,0.01,0.01,77858.39,1777287329000
1777287330.986,30.986,0.47,0.48,0.52,0.53,0.01,0.01,77858.39,1777287329000
1777287331.639,31.639,0.47,0.48,0.52,0.53,0.01,0.01,77858.39,1777287329000
1777287332.199,32.199,0.46,0.47,0.53,0.54,0.01,0.01,77858.39,1777287331000
1777287333.135,33.135,0.46,0.47,0.53,0.54,0.01,0.01,77858.39,1777287331000
1777287334.153,34.153,0.46,0.47,0.53,0.54,0.01,0.01,77858.52,1777287333000
1777287334.807,34.807,0.46,0.47,0.53,0.54,0.01,0.01,77858.52,1777287333000
1777287335.155,35.155,0.46,0.47,0.53,0.54,0.01,0.01,77858.52,1777287333000
1777287335.551,35.551,0.46,0.47,0.53,0.54,0.01,0.01,77857.97,1777287334000
1777287336.391,36.391,0.46,0.47,0.53,0.54,0.01,0.01,77857.97,1777287334000
1777287336.948,36.948,0.46,0.47,0.53,0.54,0.01,0.01,77858.59,1777287336000
1777287337.555,37.555,0.46,0.47,0.53,0.54,0.01,0.01,77858.59,1777287336000
1777287338.035,38.035,0.46,0.47,0.53,0.54,0.01,0.01,77858.58,1777287337000
1777287338.422,38.422,0.46,0.47,0.53,0.54,0.01,0.01,77858.58,1777287337000
1777287338.797,38.797,0.46,0.47,0.53,0.54,0.01,0.01,77858.58,1777287337000
1777287339.2,39.2,0.47,0.49,0.52,0.54,0.02,0.02,77858.52,1777287338000
1777287339.577,39.577,0.56,0.57,0.43,0.44,0.01,0.01,77858.52,1777287338000
1777287339.93,39.93,0.56,0.57,0.43,0.44,0.01,0.01,77858.52,1777287338000
1777287340.335,40.335,0.56,0.57,0.43,0.44,0.01,0.01,77858.46,1777287339000
1777287340.703,40.703,0.56,0.57,0.43,0.44,0.01,0.01,77858.46,1777287339000
1777287341.059,41.059,0.56,0.57,0.43,0.44,0.01,0.01,77858.46,1777287339000
1777287341.753,41.753,0.56,0.57,0.43,0.44,0.01,0.01,77860.83,1777287340000
1777287342.361,42.361,0.56,0.57,0.43,0.44,0.01,0.01,77866.74,1777287341000
1777287342.747,42.747,0.56,0.57,0.43,0.44,0.01,0.01,77866.74,1777287341000
1777287343.254,43.254,0.56,0.57,0.43,0.44,0.01,0.01,77866.74,1777287341000
1777287343.67,43.67,0.56,0.57,0.43,0.44,0.01,0.01,77866.84,1777287342000
1777287344.069,44.069,0.56,0.57,0.43,0.44,0.01,0.01,77866.84,1777287342000
1777287344.436,44.436,0.56,0.57,0.43,0.44,0.01,0.01,77863.81,1777287343000
1777287344.771,44.771,0.56,0.57,0.43,0.44,0.01,0.01,77863.81,1777287343000
1777287345.154,45.154,0.56,0.57,0.43,0.44,0.01,0.01,77863.99,1777287344000
1777287345.606,45.606,0.56,0.57,0.43,0.44,0.01,0.01,77863.99,1777287344000
1777287346.061,46.061,0.56,0.57,0.43,0.44,0.01,0.01,77866.87,1777287345000
1777287346.445,46.445,0.56,0.57,0.43,0.44,0.01,0.01,77866.87,1777287345000
1777287346.869,46.869,0.56,0.57,0.43,0.44,0.01,0.01,77866.87,1777287345000
1777287347.248,47.248,0.56,0.57,0.43,0.44,0.01,0.01,77866.87,1777287346000
1777287348.2,48.2,0.56,0.57,0.43,0.44,0.01,0.01,77866.87,1777287346000
1777287348.828,48.828,0.56,0.57,0.43,0.44,0.01,0.01,77866.98,1777287347000
1777287349.308,49.308,0.56,0.57,0.43,0.44,0.01,0.01,77866.98,1777287347000
1777287349.806,49.806,0.56,0.57,0.43,0.44,0.01,0.01,77865.82,1777287348000
1777287350.356,50.356,0.56,0.57,0.43,0.44,0.01,0.01,77865.82,1777287348000
1777287351.02,51.02,0.56,0.57,0.43,0.44,0.01,0.01,77867.07,1777287349000
1777287351.358,51.358,0.56,0.57,0.43,0.44,0.01,0.01,77867.17,1777287350000
1777287351.741,51.741,0.56,0.57,0.43,0.44,0.01,0.01,77867.17,1777287350000
1777287352.234,52.234,0.56,0.57,0.43,0.44,0.01,0.01,77867.17,1777287350000
1777287352.573,52.573,0.56,0.57,0.43,0.44,0.01,0.01,77867.27,1777287351000
1777287352.941,52.941,0.56,0.57,0.43,0.44,0.01,0.01,77867.27,1777287351000
1777287353.288,53.288,0.56,0.57,0.43,0.44,0.01,0.01,77867.27,1777287351000
1777287353.887,53.887,0.56,0.57,0.43,0.44,0.01,0.01,77867.06,1777287352000
1777287354.438,54.438,0.54,0.55,0.45,0.46,0.01,0.01,77866.63,1777287353000
1777287354.791,54.791,0.53,0.54,0.45,0.46,0.01,0.01,77866.63,1777287353000
1777287355.146,55.146,0.53,0.54,0.46,0.47,0.01,0.01,77866.63,1777287353000
1777287355.898,55.898,0.53,0.54,0.46,0.47,0.01,0.01,77866.63,1777287354000
1777287356.234,56.234,0.53,0.54,0.46,0.47,0.01,0.01,77866.7,1777287355000
1777287357.024,57.024,0.53,0.54,0.46,0.47,0.01,0.01,77866.7,1777287355000
1777287357.594,57.594,0.53,0.54,0.46,0.47,0.01,0.01,77862.37,1777287356000
1777287358.065,58.065,0.53,0.54,0.46,0.47,0.01,0.01,77861.89,1777287357000
1777287358.64,58.64,0.53,0.54,0.46,0.47,0.01,0.01,77861.89,1777287357000
1777287359.005,59.005,0.53,0.54,0.46,0.47,0.01,0.01,77861.89,1777287357000
1777287359.632,59.632,0.53,0.54,0.46,0.47,0.01,0.01,77862.18,1777287358000
1777287360.066,60.066,0.53,0.54,0.46,0.47,0.01,0.01,77862.18,1777287358000
1777287360.41,60.41,0.53,0.54,0.46,0.47,0.01,0.01,77862.1,1777287359000
1777287361.038,61.038,0.53,0.54,0.46,0.47,0.01,0.01,77861.98,1777287360000
1777287361.375,61.375,0.45,0.48,0.52,0.55,0.03,0.03,77861.98,1777287360000
1777287361.76,61.76,0.45,0.46,0.54,0.56,0.01,0.02,77861.98,1777287360000
1777287362.096,62.096,0.42,0.44,0.56,0.58,0.02,0.02,77861.98,1777287360000
1777287362.461,62.461,0.42,0.43,0.57,0.58,0.01,0.01,77861.98,1777287361000
1777287362.912,62.912,0.42,0.43,0.57,0.58,0.01,0.01,77861.98,1777287361000
1777287363.305,63.305,0.42,0.43,0.57,0.58,0.01,0.01,77861.98,1777287361000
1777287363.655,63.655,0.42,0.43,0.57,0.58,0.01,0.01,77860.59,1777287362000
1777287364.148,64.148,0.42,0.43,0.57,0.58,0.01,0.01,77860.59,1777287362000
1777287364.52,64.52,0.42,0.43,0.57,0.58,0.01,0.01,77860.59,1777287362000
1777287364.877,64.877,0.42,0.43,0.57,0.58,0.01,0.01,77858.34,1777287363000
1777287365.326,65.326,0.42,0.43,0.57,0.58,0.01,0.01,77855.28,1777287364000
1777287365.663,65.663,0.39,0.43,0.57,0.61,0.04,0.04,77855.28,1777287364000
1777287366.027,66.027,0.4,0.41,0.59,0.6,0.01,0.01,77855.28,1777287364000
1777287366.399,66.399,0.4,0.41,0.59,0.6,0.01,0.01,77858.67,1777287365000
1777287366.837,66.837,0.4,0.41,0.59,0.6,0.01,0.01,77858.67,1777287365000
1777287367.278,67.278,0.4,0.41,0.59,0.6,0.01,0.01,77858.67,1777287365000
1777287367.719,67.719,0.4,0.41,0.59,0.6,0.01,0.01,77855.5,1777287366000
1777287368.176,68.176,0.4,0.41,0.59,0.6,0.01,0.01,77858.25,1777287367000
1777287368.528,68.528,0.4,0.41,0.59,0.6,0.01,0.01,77858.25,1777287367000
1777287368.868,68.868,0.4,0.41,0.59,0.6,0.01,0.01,77858.25,1777287367000
1777287369.566,69.566,0.4,0.41,0.59,0.6,0.01,0.01,77856.32,1777287368000
1777287370.003,70.003,0.4,0.41,0.59,0.6,0.01,0.01,77856.32,1777287368000
1777287370.4,70.4,0.41,0.42,0.59,0.6,0.01,0.01,77856.32,1777287368000
1777287370.855,70.855,0.41,0.42,0.58,0.59,0.01,0.01,77860.32,1777287369000
1777287371.401,71.401,0.41,0.42,0.58,0.59,0.01,0.01,77856.33,1777287370000
1777287371.901,71.901,0.41,0.42,0.58,0.59,0.01,0.01,77856.33,1777287370000
1777287372.281,72.281,0.41,0.42,0.58,0.59,0.01,0.01,77860.26,1777287371000
1777287372.686,72.686,0.41,0.42,0.58,0.59,0.01,0.01,77860.26,1777287371000
1777287373.056,73.056,0.4,0.41,0.59,0.6,0.01,0.01,77860.26,1777287371000
1777287373.817,73.817,0.4,0.41,0.59,0.6,0.01,0.01,77852.26,1777287372000
1777287374.182,74.182,0.4,0.41,0.59,0.6,0.01,0.01,77852.26,1777287372000
1777287374.769,74.769,0.4,0.41,0.59,0.6,0.01,0.01,77852.22,1777287373000
1777287375.12,75.12,0.4,0.41,0.59,0.6,0.01,0.01,77852.22,1777287373000
1777287375.873,75.873,0.41,0.42,0.58,0.59,0.01,0.01,77859.75,1777287374000
1777287376.231,76.231,0.41,0.42,0.58,0.59,0.01,0.01,77859.75,1777287374000
1777287376.569,76.569,0.41,0.42,0.58,0.59,0.01,0.01,77852.29,1777287375000
1777287377.122,77.122,0.41,0.42,0.58,0.59,0.01,0.01,77852.29,1777287375000
1777287377.513,77.513,0.41,0.42,0.58,0.59,0.01,0.01,77856.01,1777287376000
1777287377.96,77.96,0.41,0.42,0.58,0.59,0.01,0.01,77856.12,1777287377000
1777287378.295,78.295,0.46,0.51,0.49,0.54,0.05,0.05,77856.12,1777287377000
1777287378.802,78.802,0.49,0.5,0.49,0.51,0.01,0.02,77856.12,1777287377000
1777287379.155,79.155,0.49,0.5,0.5,0.51,0.01,0.01,77857.15,1777287378000
1777287379.533,79.533,0.49,0.5,0.5,0.51,0.01,0.01,77857.15,1777287378000
1777287379.957,79.957,0.52,0.54,0.46,0.48,0.02,0.02,77857.15,1777287378000
1777287380.422,80.422,0.53,0.54,0.46,0.47,0.01,0.01,77859.54,1777287379000
1777287380.775,80.775,0.53,0.54,0.46,0.47,0.01,0.01,77859.54,1777287379000
1777287381.204,81.204,0.53,0.54,0.46,0.47,0.01,0.01,77861.03,1777287380000
1777287381.603,81.603,0.53,0.54,0.46,0.47,0.01,0.01,77861.03,1777287380000
1777287381.963,81.963,0.53,0.54,0.46,0.47,0.01,0.01,77861.03,1777287380000
1777287382.361,82.361,0.59,0.6,0.4,0.41,0.01,0.01,77861.12,1777287381000
1777287382.803,82.803,0.59,0.6,0.4,0.41,0.01,0.01,77861.12,1777287381000
1777287383.925,83.925,0.59,0.6,0.4,0.41,0.01,0.01,77862.34,1777287382000
1777287384.31,84.31,0.59,0.6,0.4,0.41,0.01,0.01,77863.66,1777287383000
1777287384.659,84.659,0.59,0.6,0.4,0.41,0.01,0.01,77863.66,1777287383000
1777287385.126,85.126,0.59,0.61,0.39,0.41,0.02,0.02,77863.66,1777287383000
1777287385.459,85.459,0.62,0.63,0.37,0.38,0.01,0.01,77867.79,1777287384000
1777287385.821,85.821,0.62,0.63,0.37,0.38,0.01,0.01,77867.79,1777287384000
1777287386.262,86.262,0.62,0.63,0.37,0.38,0.01,0.01,77867.79,1777287384000
1777287386.623,86.623,0.62,0.63,0.37,0.38,0.01,0.01,77867.79,1777287384000
1777287386.962,86.962,0.62,0.63,0.37,0.38,0.01,0.01,77870.2,1777287385000
1777287387.315,87.315,0.63,0.64,0.35,0.37,0.01,0.02,77870.2,1777287385000
1777287387.65,87.65,0.63,0.64,0.36,0.37,0.01,0.01,77870.17,1777287386000
1777287388.007,88.007,0.64,0.65,0.35,0.36,0.01,0.01,77870.17,1777287386000
1777287388.426,88.426,0.64,0.65,0.35,0.36,0.01,0.01,77870.31,1777287387000
1777287388.783,88.783,0.64,0.65,0.35,0.36,0.01,0.01,77870.31,1777287387000
1777287389.251,89.251,0.64,0.65,0.35,0.36,0.01,0.01,77870.31,1777287387000
1777287389.585,89.585,0.64,0.65,0.35,0.36,0.01,0.01,77871.38,1777287388000
1777287389.939,89.939,0.64,0.65,0.35,0.36,0.01,0.01,77871.38,1777287388000
1777287390.307,90.307,0.64,0.65,0.35,0.36,0.01,0.01,77871.38,1777287388000
1777287390.643,90.643,0.64,0.65,0.35,0.36,0.01,0.01,77871.19,1777287389000
1777287391.006,91.006,0.64,0.65,0.35,0.36,0.01,0.01,77871.19,1777287389000
1777287391.352,91.352,0.64,0.65,0.35,0.36,0.01,0.01,77871.19,1777287389000
1777287391.726,91.726,0.64,0.65,0.35,0.36,0.01,0.01,77870.97,1777287390000
1777287392.079,92.079,0.64,0.65,0.35,0.36,0.01,0.01,77870.97,1777287391000
1777287392.42,92.42,0.64,0.65,0.35,0.36,0.01,0.01,77870.97,1777287391000
1777287392.799,92.799,0.64,0.65,0.35,0.36,0.01,0.01,77870.97,1777287391000
1777287393.273,93.273,0.64,0.65,0.35,0.36,0.01,0.01,77870.91,1777287392000
1777287393.736,93.736,0.64,0.65,0.35,0.36,0.01,0.01,77870.91,1777287392000
1777287394.263,94.263,0.64,0.65,0.35,0.36,0.01,0.01,77870.91,1777287392000
1777287394.685,94.685,0.64,0.65,0.35,0.36,0.01,0.01,77870.69,1777287393000
1777287395.158,95.158,0.64,0.65,0.35,0.36,0.01,0.01,77870.69,1777287393000
1777287395.539,95.539,0.64,0.66,0.35,0.36,0.02,0.01,77870.69,1777287394000
1777287395.883,95.883,0.65,0.66,0.34,0.35,0.01,0.01,77870.69,1777287394000
1777287396.255,96.255,0.65,0.66,0.34,0.35,0.01,0.01,77870.88,1777287395000
1777287396.633,96.633,0.65,0.66,0.34,0.35,0.01,0.01,77870.88,1777287395000
1777287397.037,97.037,0.65,0.67,0.34,0.35,0.02,0.01,77870.88,1777287395000
1777287397.387,97.387,0.66,0.67,0.33,0.34,0.01,0.01,77870.64,1777287396000
1777287397.8,97.8,0.66,0.67,0.33,0.34,0.01,0.01,77870.64,1777287396000
1777287398.142,98.142,0.66,0.67,0.33,0.34,0.01,0.01,77870.64,1777287396000
1777287398.568,98.568,0.66,0.67,0.33,0.34,0.01,0.01,77870.64,1777287397000
1777287399.062,99.062,0.66,0.67,0.33,0.34,0.01,0.01,77870.64,1777287397000
1777287399.52,99.52,0.66,0.67,0.33,0.34,0.01,0.01,77870.64,1777287397000
1777287399.863,99.863,0.66,0.67,0.33,0.34,0.01,0.01,77870.65,1777287398000
1777287400.213,100.213,0.66,0.67,0.33,0.34,0.01,0.01,77871.04,1777287399000
1777287400.562,100.562,0.66,0.67,0.33,0.34,0.01,0.01,77871.04,1777287399000
1777287401.041,101.041,0.66,0.67,0.33,0.34,0.01,0.01,77871.04,1777287399000
1777287401.382,101.382,0.65,0.66,0.33,0.35,0.01,0.02,77871.04,1777287399000
1777287401.753,101.753,0.65,0.66,0.34,0.35,0.01,0.01,77870.49,1777287400000
1777287402.232,102.232,0.65,0.66,0.34,0.35,0.01,0.01,77870.49,1777287400000
1777287402.627,102.627,0.65,0.66,0.34,0.35,0.01,0.01,77870.49,1777287401000
1777287403.048,103.048,0.65,0.66,0.34,0.35,0.01,0.01,77870.49,1777287401000
1777287403.385,103.385,0.65,0.66,0.34,0.35,0.01,0.01,77870.49,1777287401000
1777287403.727,103.727,0.65,0.66,0.34,0.35,0.01,0.01,77870.49,1777287402000
1777287404.303,104.303,0.65,0.66,0.34,0.35,0.01,0.01,77870.96,1777287403000
1777287404.676,104.676,0.65,0.66,0.34,0.35,0.01,0.01,77870.96,1777287403000
1777287405.112,105.112,0.65,0.66,0.34,0.35,0.01,0.01,77870.96,1777287403000
1777287405.569,105.569,0.65,0.66,0.34,0.35,0.01,0.01,77870.96,1777287403000
1777287405.916,105.916,0.64,0.65,0.35,0.36,0.01,0.01,77870.91,1777287404000
1777287406.252,106.252,0.64,0.65,0.35,0.36,0.01,0.01,77870.91,1777287405000
1777287406.981,106.981,0.64,0.65,0.35,0.36,0.01,0.01,77870.91,1777287405000
1777287407.496,107.496,0.64,0.65,0.35,0.36,0.01,0.01,77871.54,1777287406000
1777287408.372,108.372,0.64,0.65,0.35,0.36,0.01,0.01,77869.27,1777287407000
1777287408.765,108.765,0.64,0.65,0.35,0.36,0.01,0.01,77869.27,1777287407000
1777287409.322,109.322,0.64,0.65,0.35,0.36,0.01,0.01,77869.27,1777287407000
1777287409.693,109.693,0.64,0.65,0.35,0.36,0.01,0.01,77869.27,1777287407000
1777287410.047,110.047,0.63,0.64,0.36,0.37,0.01,0.01,77864.88,1777287408000
1777287410.524,110.524,0.63,0.64,0.36,0.37,0.01,0.01,77869.46,1777287409000
1777287411.21,111.21,0.63,0.64,0.36,0.37,0.01,0.01,77871.16,1777287410000
1777287412.148,112.148,0.63,0.64,0.36,0.37,0.01,0.01,77871.16,1777287410000
1777287412.507,112.507,0.63,0.64,0.36,0.37,0.01,0.01,77871.43,1777287411000
1777287413.033,113.033,0.63,0.64,0.36,0.37,0.01,0.01,77871.43,1777287411000
1777287413.479,113.479,0.63,0.64,0.36,0.37,0.01,0.01,77871.43,1777287411000
1777287414.071,114.071,0.63,0.64,0.36,0.37,0.01,0.01,77871.29,1777287412000
1777287415.263,115.263,0.63,0.64,0.36,0.37,0.01,0.01,77871.34,1777287414000
1777287415.651,115.651,0.63,0.64,0.36,0.37,0.01,0.01,77871.34,1777287414000
1777287416.302,116.302,0.63,0.65,0.36,0.37,0.02,0.01,77871.34,1777287414000
1777287416.672,116.672,0.63,0.64,0.36,0.37,0.01,0.01,77871.08,1777287415000
1777287417.434,117.434,0.63,0.64,0.36,0.37,0.01,0.01,77871.08,1777287415000
1777287417.846,117.846,0.63,0.64,0.36,0.37,0.01,0.01,77870.82,1777287416000
1777287418.183,118.183,0.63,0.64,0.36,0.37,0.01,0.01,77870.82,1777287417000
1777287418.603,118.603,0.63,0.64,0.36,0.37,0.01,0.01,77870.82,1777287417000
1777287419.315,119.315,0.63,0.64,0.36,0.37,0.01,0.01,77870.25,1777287418000
1777287420.401,120.401,0.63,0.64,0.36,0.37,0.01,0.01,77870.25,1777287418000
1777287420.745,120.745,0.64,0.65,0.35,0.36,0.01,0.01,77870.13,1777287419000
1777287422.322,122.322,0.64,0.65,0.35,0.36,0.01,0.01,77870.19,1777287421000
1777287422.889,122.889,0.64,0.65,0.35,0.36,0.01,0.01,77870.19,1777287421000
1777287423.27,123.27,0.64,0.65,0.35,0.36,0.01,0.01,77870.19,1777287421000
1777287423.872,123.872,0.64,0.65,0.35,0.36,0.01,0.01,77870.57,1777287422000
1777287425.256,125.256,0.64,0.65,0.35,0.36,0.01,0.01,77870.5,1777287424000
1777287425.751,125.751,0.64,0.65,0.35,0.36,0.01,0.01,77870.5,1777287424000
1777287426.138,126.138,0.64,0.67,0.35,0.36,0.03,0.01,77870.5,1777287424000
1777287426.626,126.626,0.65,0.66,0.34,0.35,0.01,0.01,77870.5,1777287424000
1777287427.009,127.009,0.65,0.66,0.34,0.35,0.01,0.01,77870.71,1777287425000
1777287427.443,127.443,0.65,0.66,0.34,0.35,0.01,0.01,77870.71,1777287426000
1777287427.821,127.821,0.65,0.66,0.34,0.35,0.01,0.01,77870.71,1777287426000
1777287428.296,128.296,0.65,0.66,0.34,0.35,0.01,0.01,77870.83,1777287427000
1777287428.953,128.953,0.65,0.66,0.34,0.35,0.01,0.01,77870.83,1777287427000
1777287429.386,129.386,0.65,0.66,0.34,0.35,0.01,0.01,77870.83,1777287427000
1777287429.959,129.959,0.65,0.66,0.34,0.35,0.01,0.01,77870.93,1777287428000
1777287430.727,130.727,0.65,0.66,0.34,0.35,0.01,0.01,77870.73,1777287429000
1777287431.064,131.064,0.65,0.66,0.34,0.35,0.01,0.01,77870.73,1777287429000
1777287431.579,131.579,0.65,0.66,0.34,0.35,0.01,0.01,77870.73,1777287429000
1777287432.026,132.026,0.65,0.66,0.34,0.35,0.01,0.01,77870.98,1777287430000
1777287432.496,132.496,0.65,0.66,0.34,0.35,0.01,0.01,77870.92,1777287431000
1777287432.925,132.925,0.65,0.66,0.34,0.35,0.01,0.01,77870.92,1777287431000
1777287433.26,133.26,0.65,0.66,0.34,0.35,0.01,0.01,77870.91,1777287432000
1777287433.794,133.794,0.65,0.66,0.34,0.35,0.01,0.01,77870.91,1777287432000
1777287434.786,134.786,0.65,0.66,0.34,0.35,0.01,0.01,77870.78,1777287433000
1777287435.164,135.164,0.65,0.66,0.34,0.35,0.01,0.01,77870.78,1777287433000
1777287435.917,135.917,0.65,0.66,0.34,0.35,0.01,0.01,77870.47,1777287434000
1777287437.021,137.021,0.65,0.66,0.34,0.35,0.01,0.01,77870.26,1777287436000
1777287437.391,137.391,0.65,0.66,0.34,0.35,0.01,0.01,77870.26,1777287436000
1777287438.017,138.017,0.65,0.66,0.34,0.35,0.01,0.01,77870.38,1777287437000
1777287438.579,138.579,0.65,0.66,0.34,0.35,0.01,0.01,77870.38,1777287437000
1777287438.99,138.99,0.65,0.66,0.34,0.35,0.01,0.01,77870.38,1777287437000
1777287439.442,139.442,0.65,0.66,0.34,0.35,0.01,0.01,77870.42,1777287438000
1777287440.008,140.008,0.65,0.66,0.34,0.35,0.01,0.01,77870.43,1777287439000
1777287441.032,141.032,0.65,0.66,0.34,0.35,0.01,0.01,77870.25,1777287440000
1777287441.785,141.785,0.65,0.66,0.34,0.35,0.01,0.01,77870.25,1777287440000
1777287442.502,142.502,0.65,0.66,0.34,0.35,0.01,0.01,77870.21,1777287441000
1777287442.905,142.905,0.65,0.66,0.34,0.35,0.01,0.01,77870.21,1777287441000
1777287443.296,143.296,0.65,0.66,0.34,0.35,0.01,0.01,77870.21,1777287442000
1777287443.773,143.773,0.64,0.65,0.35,0.36,0.01,0.01,77870.21,1777287442000
1777287444.157,144.157,0.64,0.65,0.35,0.36,0.01,0.01,77870.21,1777287442000
1777287444.915,144.915,0.64,0.65,0.35,0.36,0.01,0.01,77870.39,1777287443000
1777287445.316,145.316,0.64,0.65,0.35,0.36,0.01,0.01,77870.39,1777287443000
1777287445.864,145.864,0.64,0.65,0.35,0.36,0.01,0.01,77868.02,1777287444000
1777287446.345,146.345,0.64,0.65,0.35,0.36,0.01,0.01,77868.02,1777287445000
1777287446.694,146.694,0.64,0.65,0.35,0.36,0.01,0.01,77868.02,1777287445000
1777287447.365,147.365,0.64,0.65,0.35,0.36,0.01,0.01,77867.96,1777287446000
1777287448.02,148.02,0.64,0.65,0.35,0.36,0.01,0.01,77867.96,1777287446000
1777287448.578,148.578,0.64,0.65,0.35,0.36,0.01,0.01,77867.89,1777287447000
1777287449.038,149.038,0.63,0.64,0.35,0.37,0.01,0.02,77867.89,1777287447000
1777287450.379,150.379,0.63,0.64,0.36,0.37,0.01,0.01,77867.78,1777287448000
1777287450.797,150.797,0.63,0.64,0.36,0.37,0.01,0.01,77867.39,1777287449000
1777287451.133,151.133,0.63,0.64,0.36,0.37,0.01,0.01,77867.45,1777287450000
1777287451.59,151.59,0.63,0.64,0.36,0.37,0.01,0.01,77867.45,1777287450000
1777287451.935,151.935,0.59,0.61,0.38,0.41,0.02,0.03,77867.45,1777287450000
1777287452.294,152.294,0.59,0.6,0.4,0.41,0.01,0.01,77867.45,1777287451000
1777287452.657,152.657,0.59,0.61,0.4,0.41,0.02,0.01,77867.45,1777287451000
1777287452.99,152.99,0.6,0.61,0.39,0.4,0.01,0.01,77867.45,1777287451000
1777287453.433,153.433,0.61,0.62,0.38,0.39,0.01,0.01,77867.45,1777287451000
1777287453.861,153.861,0.63,0.64,0.36,0.37,0.01,0.01,77867.92,1777287452000
1777287454.396,154.396,0.63,0.64,0.36,0.37,0.01,0.01,77867.92,1777287453000
1777287454.892,154.892,0.63,0.64,0.36,0.37,0.01,0.01,77867.92,1777287453000
1777287455.739,155.739,0.63,0.64,0.36,0.37,0.01,0.01,77867.54,1777287454000
1777287456.127,156.127,0.63,0.64,0.36,0.37,0.01,0.01,77867.54,1777287454000
1777287456.603,156.603,0.63,0.64,0.36,0.37,0.01,0.01,77867.87,1777287455000
1777287457.012,157.012,0.63,0.64,0.36,0.37,0.01,0.01,77868.68,1777287456000
1777287457.354,157.354,0.63,0.64,0.36,0.37,0.01,0.01,77868.68,1777287456000
1777287457.958,157.958,0.63,0.64,0.36,0.37,0.01,0.01,77868.68,1777287456000
1777287458.401,158.401,0.63,0.64,0.36,0.37,0.01,0.01,77868.59,1777287457000
1777287459.299,159.299,0.63,0.64,0.36,0.37,0.01,0.01,77868.59,1777287457000
1777287460.023,160.023,0.63,0.64,0.36,0.37,0.01,0.01,77869.37,1777287458000
1777287460.483,160.483,0.61,0.64,0.36,0.37,0.03,0.01,77869.37,1777287458000
1777287460.817,160.817,0.49,0.51,0.49,0.5,0.02,0.01,77868.21,1777287459000
1777287461.16,161.16,0.49,0.5,0.5,0.51,0.01,0.01,77868.21,1777287459000
1777287461.52,161.52,0.48,0.5,0.5,0.51,0.02,0.01,77868.21,1777287460000
1777287461.861,161.861,0.48,0.49,0.51,0.52,0.01,0.01,77868.21,1777287460000
1777287462.256,162.256,0.48,0.49,0.51,0.52,0.01,0.01,77868.21,1777287460000
1777287462.65,162.65,0.48,0.49,0.51,0.52,0.01,0.01,77868.09,1777287461000
1777287463.153,163.153,0.48,0.49,0.51,0.52,0.01,0.01,77868.09,1777287461000
1777287463.534,163.534,0.48,0.49,0.51,0.52,0.01,0.01,77868.09,1777287461000
1777287463.879,163.879,0.48,0.49,0.51,0.52,0.01,0.01,77863.03,1777287462000
1777287464.244,164.244,0.48,0.49,0.51,0.52,0.01,0.01,77863.0,1777287463000
1777287464.635,164.635,0.48,0.49,0.51,0.52,0.01,0.01,77863.0,1777287463000
1777287465.042,165.042,0.48,0.49,0.51,0.52,0.01,0.01,77863.0,1777287463000
1777287465.445,165.445,0.48,0.49,0.51,0.52,0.01,0.01,77863.0,1777287463000
1777287465.827,165.827,0.48,0.49,0.51,0.52,0.01,0.01,77859.22,1777287464000
1777287466.364,166.364,0.48,0.49,0.51,0.52,0.01,0.01,77861.11,1777287465000
1777287466.797,166.797,0.48,0.49,0.51,0.52,0.01,0.01,77861.11,1777287465000
1777287467.221,167.221,0.48,0.49,0.51,0.52,0.01,0.01,77861.11,1777287465000
1777287467.652,167.652,0.48,0.49,0.51,0.52,0.01,0.01,77861.11,1777287465000
1777287468.011,168.011,0.48,0.49,0.51,0.52,0.01,0.01,77859.17,1777287466000
1777287468.728,168.728,0.48,0.49,0.51,0.52,0.01,0.01,77859.25,1777287467000
1777287469.304,169.304,0.48,0.49,0.51,0.52,0.01,0.01,77859.25,1777287467000
1777287469.74,169.74,0.48,0.49,0.51,0.52,0.01,0.01,77859.25,1777287467000
1777287470.132,170.132,0.48,0.49,0.51,0.52,0.01,0.01,77859.54,1777287468000
1777287470.798,170.798,0.48,0.49,0.51,0.52,0.01,0.01,77859.54,1777287468000
1777287471.153,171.153,0.48,0.49,0.51,0.52,0.01,0.01,77862.46,1777287469000
1777287471.683,171.683,0.48,0.49,0.51,0.52,0.01,0.01,77862.46,1777287469000
1777287472.157,172.157,0.48,0.49,0.51,0.52,0.01,0.01,77862.27,1777287470000
1777287472.508,172.508,0.48,0.49,0.51,0.52,0.01,0.01,77862.45,1777287471000
1777287472.917,172.917,0.48,0.49,0.51,0.52,0.01,0.01,77862.45,1777287471000
1777287473.276,173.276,0.48,0.49,0.51,0.52,0.01,0.01,77859.42,1777287472000
1777287473.639,173.639,0.48,0.49,0.51,0.52,0.01,0.01,77859.42,1777287472000
1777287474.046,174.046,0.48,0.49,0.51,0.52,0.01,0.01,77859.42,1777287472000
1777287474.428,174.428,0.49,0.5,0.5,0.52,0.01,0.02,77859.42,1777287472000
1777287474.854,174.854,0.52,0.53,0.47,0.48,0.01,0.01,77863.35,1777287473000
1777287475.189,175.189,0.52,0.53,0.47,0.48,0.01,0.01,77863.35,1777287473000
1777287475.582,175.582,0.52,0.53,0.47,0.48,0.01,0.01,77863.35,1777287474000
1777287475.928,175.928,0.52,0.53,0.47,0.48,0.01,0.01,77863.35,1777287474000
1777287476.404,176.404,0.53,0.54,0.46,0.47,0.01,0.01,77863.84,1777287475000
1777287476.771,176.771,0.53,0.54,0.46,0.47,0.01,0.01,77863.84,1777287475000
1777287477.126,177.126,0.53,0.54,0.46,0.47,0.01,0.01,77863.84,1777287475000
1777287477.522,177.522,0.54,0.55,0.45,0.46,0.01,0.01,77863.98,1777287476000
1777287477.938,177.938,0.54,0.55,0.45,0.46,0.01,0.01,77863.98,1777287476000
1777287478.522,178.522,0.54,0.55,0.45,0.46,0.01,0.01,77864.47,1777287477000
1777287478.912,178.912,0.54,0.55,0.45,0.46,0.01,0.01,77864.47,1777287477000
1777287479.255,179.255,0.54,0.55,0.45,0.46,0.01,0.01,77864.78,1777287478000
1777287479.644,179.644,0.54,0.55,0.45,0.46,0.01,0.01,77864.78,1777287478000
1777287480.068,180.068,0.55,0.56,0.44,0.45,0.01,0.01,77864.78,1777287478000
1777287480.454,180.454,0.55,0.56,0.44,0.45,0.01,0.01,77864.75,1777287479000
1777287480.822,180.822,0.55,0.56,0.44,0.45,0.01,0.01,77864.75,1777287479000
1777287481.253,181.253,0.55,0.56,0.44,0.45,0.01,0.01,77864.61,1777287480000
1777287481.634,181.634,0.55,0.56,0.44,0.45,0.01,0.01,77864.61,1777287480000
1777287482.016,182.016,0.55,0.56,0.44,0.45,0.01,0.01,77864.61,1777287480000
1777287482.412,182.412,0.55,0.56,0.44,0.45,0.01,0.01,77866.11,1777287481000
1777287482.898,182.898,0.55,0.56,0.44,0.45,0.01,0.01,77866.11,1777287481000
1777287483.315,183.315,0.55,0.56,0.44,0.45,0.01,0.01,77865.8,1777287482000
1777287483.785,183.785,0.55,0.56,0.44,0.45,0.01,0.01,77865.8,1777287482000
1777287484.277,184.277,0.55,0.56,0.44,0.45,0.01,0.01,77865.8,1777287482000
1777287484.667,184.667,0.55,0.56,0.44,0.45,0.01,0.01,77865.56,1777287483000
1777287485.154,185.154,0.55,0.56,0.44,0.45,0.01,0.01,77865.56,1777287484000
1777287486.205,186.205,0.55,0.56,0.44,0.45,0.01,0.01,77865.56,1777287484000
1777287487.047,187.047,0.55,0.56,0.44,0.45,0.01,0.01,77864.92,1777287486000
1777287487.876,187.876,0.55,0.56,0.44,0.45,0.01,0.01,77864.92,1777287486000
1777287488.223,188.223,0.55,0.56,0.44,0.45,0.01,0.01,77864.76,1777287487000
1777287488.666,188.666,0.55,0.56,0.44,0.45,0.01,0.01,77864.76,1777287487000
1777287489.213,189.213,0.56,0.57,0.43,0.44,0.01,0.01,77864.76,1777287487000
1777287489.819,189.819,0.56,0.57,0.43,0.44,0.01,0.01,77865.08,1777287488000
1777287490.189,190.189,0.56,0.57,0.43,0.44,0.01,0.01,77865.08,1777287488000
1777287490.693,190.693,0.56,0.57,0.43,0.44,0.01,0.01,77864.26,1777287489000
1777287491.049,191.049,0.56,0.57,0.43,0.44,0.01,0.01,77865.07,1777287490000
1777287491.666,191.666,0.56,0.57,0.43,0.44,0.01,0.01,77865.07,1777287490000
1777287492.172,192.172,0.56,0.57,0.43,0.44,0.01,0.01,77865.04,1777287491000
1777287492.764,192.764,0.56,0.58,0.43,0.44,0.02,0.01,77865.04,1777287491000
1777287493.459,193.459,0.56,0.58,0.42,0.44,0.02,0.02,77866.25,1777287492000
1777287494.811,194.811,0.56,0.58,0.42,0.44,0.02,0.02,77866.84,1777287493000
1777287495.485,195.485,0.57,0.58,0.42,0.43,0.01,0.01,77866.84,1777287494000
1777287496.153,196.153,0.57,0.58,0.42,0.43,0.01,0.01,77866.88,1777287495000
1777287496.911,196.911,0.57,0.58,0.42,0.43,0.01,0.01,77866.88,1777287495000
1777287497.263,197.263,0.57,0.58,0.42,0.43,0.01,0.01,77866.88,1777287495000
1777287497.833,197.833,0.57,0.58,0.42,0.43,0.01,0.01,77866.92,1777287496000
1777287498.495,198.495,0.58,0.59,0.42,0.43,0.01,0.01,77866.81,1777287497000
1777287498.855,198.855,0.68,0.69,0.31,0.32,0.01,0.01,77866.81,1777287497000
1777287499.198,199.198,0.68,0.69,0.31,0.32,0.01,0.01,77866.81,1777287497000
1777287499.655,199.655,0.68,0.69,0.31,0.32,0.01,0.01,77866.81,1777287498000
1777287500.044,200.044,0.69,0.7,0.3,0.31,0.01,0.01,77866.81,1777287498000
1777287500.622,200.622,0.69,0.7,0.3,0.31,0.01,0.01,77867.08,1777287499000
1777287500.972,200.972,0.69,0.7,0.3,0.31,0.01,0.01,77867.08,1777287499000
1777287501.336,201.336,0.69,0.7,0.3,0.31,0.01,0.01,77867.08,1777287500000
1777287501.76,201.76,0.69,0.7,0.3,0.31,0.01,0.01,77867.08,1777287500000
1777287502.128,202.128,0.69,0.7,0.3,0.31,0.01,0.01,77867.08,1777287500000
1777287502.505,202.505,0.69,0.7,0.3,0.31,0.01,0.01,77870.46,1777287501000
1777287502.868,202.868,0.69,0.7,0.3,0.31,0.01,0.01,77870.46,1777287501000
1777287503.222,203.222,0.69,0.7,0.3,0.31,0.01,0.01,77870.46,1777287501000
1777287503.842,203.842,0.69,0.7,0.3,0.31,0.01,0.01,77871.76,1777287502000
1777287504.175,204.175,0.69,0.7,0.3,0.31,0.01,0.01,77871.76,1777287502000
1777287504.707,204.707,0.66,0.67,0.33,0.34,0.01,0.01,77871.94,1777287503000
1777287505.097,205.097,0.65,0.66,0.34,0.35,0.01,0.01,77871.94,1777287503000
1777287505.451,205.451,0.65,0.66,0.34,0.35,0.01,0.01,77871.94,1777287504000
1777287505.79,205.79,0.65,0.66,0.34,0.35,0.01,0.01,77871.94,1777287504000
1777287506.225,206.225,0.65,0.66,0.34,0.35,0.01,0.01,77871.94,1777287504000
1777287506.61,206.61,0.65,0.66,0.34,0.35,0.01,0.01,77870.01,1777287505000
1777287506.993,206.993,0.67,0.68,0.32,0.33,0.01,0.01,77870.01,1777287505000
1777287507.721,207.721,0.67,0.68,0.32,0.33,0.01,0.01,77869.92,1777287506000
1777287508.175,208.175,0.68,0.69,0.31,0.33,0.01,0.02,77867.6,1777287507000
1777287508.677,208.677,0.68,0.69,0.31,0.32,0.01,0.01,77867.6,1777287507000
1777287509.099,209.099,0.68,0.69,0.31,0.32,0.01,0.01,77867.6,1777287507000
1777287509.523,209.523,0.68,0.69,0.31,0.32,0.01,0.01,77867.6,1777287507000
1777287509.938,209.938,0.68,0.69,0.31,0.32,0.01,0.01,77870.01,1777287508000
1777287510.35,210.35,0.68,0.69,0.31,0.32,0.01,0.01,77866.95,1777287509000
1777287510.884,210.884,0.68,0.69,0.31,0.32,0.01,0.01,77866.95,1777287509000
1777287511.36,211.36,0.68,0.69,0.31,0.32,0.01,0.01,77866.11,1777287510000
1777287511.995,211.995,0.68,0.69,0.31,0.32,0.01,0.01,77866.11,1777287510000
1777287512.342,212.342,0.68,0.69,0.31,0.32,0.01,0.01,77870.55,1777287511000
1777287512.702,212.702,0.69,0.7,0.3,0.31,0.01,0.01,77870.55,1777287511000
1777287513.14,213.14,0.69,0.7,0.3,0.31,0.01,0.01,77870.55,1777287511000
1777287513.712,213.712,0.69,0.7,0.3,0.31,0.01,0.01,77869.96,1777287512000
1777287514.107,214.107,0.69,0.7,0.3,0.31,0.01,0.01,77869.96,1777287513000
1777287514.588,214.588,0.69,0.7,0.3,0.31,0.01,0.01,77869.96,1777287513000
1777287515.048,215.048,0.69,0.7,0.3,0.31,0.01,0.01,77869.96,1777287513000
1777287515.524,215.524,0.69,0.7,0.3,0.31,0.01,0.01,77871.1,1777287514000
1777287515.964,215.964,0.69,0.7,0.3,0.31,0.01,0.01,77871.1,1777287514000
1777287516.486,216.486,0.69,0.7,0.3,0.31,0.01,0.01,77870.77,1777287515000
1777287516.952,216.952,0.69,0.7,0.3,0.31,0.01,0.01,77870.77,1777287516000
1777287517.379,217.379,0.69,0.7,0.3,0.31,0.01,0.01,77870.77,1777287516000
1777287517.914,217.914,0.69,0.7,0.3,0.31,0.01,0.01,77870.97,1777287517000
1777287518.271,218.271,0.69,0.7,0.3,0.31,0.01,0.01,77870.97,1777287517000
1777287518.608,218.608,0.7,0.72,0.29,0.3,0.02,0.01,77870.97,1777287517000
1777287518.98,218.98,0.71,0.73,0.27,0.29,0.02,0.02,77870.97,1777287518000
1777287519.343,219.343,0.71,0.72,0.28,0.29,0.01,0.01,77870.97,1777287518000
1777287519.806,219.806,0.71,0.72,0.28,0.29,0.01,0.01,77870.97,1777287518000
1777287520.153,220.153,0.71,0.72,0.28,0.29,0.01,0.01,77871.17,1777287519000
1777287520.577,220.577,0.71,0.72,0.28,0.29,0.01,0.01,77871.17,1777287519000
1777287520.918,220.918,0.68,0.69,0.31,0.32,0.01,0.01,77871.17,1777287519000
1777287521.297,221.297,0.68,0.69,0.31,0.32,0.01,0.01,77872.58,1777287520000
1777287521.743,221.743,0.68,0.69,0.31,0.32,0.01,0.01,77872.58,1777287520000
1777287522.081,222.081,0.68,0.69,0.31,0.32,0.01,0.01,77872.58,1777287520000
1777287522.422,222.422,0.68,0.69,0.31,0.32,0.01,0.01,77871.09,1777287521000
1777287522.903,222.903,0.68,0.69,0.31,0.32,0.01,0.01,77871.09,1777287521000
1777287523.296,223.296,0.68,0.69,0.31,0.32,0.01,0.01,77871.09,1777287521000
1777287523.654,223.654,0.69,0.7,0.3,0.31,0.01,0.01,77869.98,1777287522000
1777287524.025,224.025,0.69,0.7,0.3,0.31,0.01,0.01,77869.98,1777287522000
1777287524.391,224.391,0.69,0.7,0.3,0.31,0.01,0.01,77869.96,1777287523000
1777287524.764,224.764,0.69,0.7,0.3,0.31,0.01,0.01,77869.96,1777287523000
1777287525.155,225.155,0.69,0.7,0.3,0.31,0.01,0.01,77869.96,1777287523000
1777287525.718,225.718,0.69,0.7,0.3,0.31,0.01,0.01,77869.53,1777287524000
1777287526.079,226.079,0.69,0.7,0.3,0.31,0.01,0.01,77869.53,1777287525000
1777287526.486,226.486,0.69,0.7,0.3,0.31,0.01,0.01,77869.53,1777287525000
1777287526.905,226.905,0.69,0.7,0.3,0.31,0.01,0.01,77869.53,1777287525000
1777287527.325,227.325,0.69,0.71,0.29,0.31,0.02,0.02,77870.04,1777287526000
1777287527.677,227.677,0.7,0.71,0.29,0.3,0.01,0.01,77870.04,1777287526000
1777287528.053,228.053,0.7,0.71,0.29,0.3,0.01,0.01,77870.04,1777287526000
1777287528.505,228.505,0.7,0.71,0.29,0.3,0.01,0.01,77870.09,1777287527000
1777287528.956,228.956,0.7,0.71,0.29,0.3,0.01,0.01,77870.09,1777287527000
1777287529.318,229.318,0.7,0.71,0.29,0.3,0.01,0.01,77870.11,1777287528000
1777287529.746,229.746,0.71,0.72,0.28,0.29,0.01,0.01,77870.11,1777287528000
1777287530.127,230.127,0.71,0.72,0.28,0.29,0.01,0.01,77868.62,1777287529000
1777287530.477,230.477,0.71,0.72,0.28,0.29,0.01,0.01,77868.62,1777287529000
1777287530.84,230.84,0.71,0.72,0.28,0.29,0.01,0.01,77868.62,1777287529000
1777287531.184,231.184,0.71,0.73,0.28,0.29,0.02,0.01,77868.62,1777287529000
1777287531.65,231.65,0.72,0.73,0.27,0.28,0.01,0.01,77869.42,1777287530000
1777287532.062,232.062,0.72,0.73,0.27,0.28,0.01,0.01,77869.42,1777287530000
1777287532.465,232.465,0.72,0.73,0.27,0.28,0.01,0.01,77869.69,1777287531000
1777287532.83,232.83,0.72,0.73,0.27,0.28,0.01,0.01,77869.69,1777287531000
1777287533.183,233.183,0.72,0.73,0.27,0.28,0.01,0.01,77869.33,1777287532000
1777287533.572,233.572,0.72,0.73,0.27,0.28,0.01,0.01,77869.33,1777287532000
1777287533.929,233.929,0.71,0.72,0.28,0.29,0.01,0.01,77869.33,1777287532000
1777287534.333,234.333,0.71,0.72,0.28,0.29,0.01,0.01,77869.28,1777287533000
1777287534.773,234.773,0.71,0.72,0.28,0.29,0.01,0.01,77869.28,1777287533000
1777287535.147,235.147,0.71,0.72,0.28,0.29,0.01,0.01,77869.28,1777287533000
1777287535.48,235.48,0.71,0.72,0.28,0.29,0.01,0.01,77869.18,1777287534000
1777287535.866,235.866,0.71,0.72,0.28,0.29,0.01,0.01,77869.18,1777287534000
1777287536.229,236.229,0.71,0.72,0.28,0.29,0.01,0.01,77869.1,1777287535000
1777287536.566,236.566,0.67,0.72,0.28,0.33,0.05,0.05,77869.1,1777287535000
1777287536.921,236.921,0.59,0.62,0.37,0.4,0.03,0.03,77869.1,1777287535000
1777287537.277,237.277,0.59,0.6,0.4,0.41,0.01,0.01,77869.1,1777287535000
1777287537.657,237.657,0.59,0.6,0.4,0.41,0.01,0.01,77869.49,1777287536000
1777287537.997,237.997,0.59,0.6,0.4,0.41,0.01,0.01,77869.49,1777287536000
1777287538.359,238.359,0.59,0.6,0.4,0.41,0.01,0.01,77869.49,1777287536000
1777287538.889,238.889,0.59,0.6,0.4,0.41,0.01,0.01,77869.25,1777287537000
1777287539.497,239.497,0.59,0.6,0.4,0.41,0.01,0.01,77867.08,1777287538000
1777287540.018,240.018,0.59,0.6,0.4,0.41,0.01,0.01,77867.08,1777287538000
1777287540.353,240.353,0.59,0.6,0.4,0.41,0.01,0.01,77864.32,1777287539000
1777287540.81,240.81,0.58,0.59,0.41,0.42,0.01,0.01,77864.32,1777287539000
1777287541.58,241.58,0.58,0.59,0.41,0.42,0.01,0.01,77866.23,1777287540000
1777287541.964,241.964,0.58,0.59,0.41,0.42,0.01,0.01,77866.23,1777287540000
1777287542.539,242.539,0.58,0.59,0.41,0.42,0.01,0.01,77866.23,1777287541000
1777287543.035,243.035,0.58,0.59,0.41,0.42,0.01,0.01,77864.21,1777287542000
1777287543.391,243.391,0.57,0.58,0.42,0.43,0.01,0.01,77864.21,1777287542000
1777287543.818,243.818,0.57,0.58,0.42,0.43,0.01,0.01,77864.21,1777287542000
1777287544.274,244.274,0.57,0.58,0.42,0.43,0.01,0.01,77866.58,1777287543000
1777287544.665,244.665,0.57,0.58,0.42,0.43,0.01,0.01,77866.58,1777287543000
1777287545.07,245.07,0.57,0.58,0.42,0.43,0.01,0.01,77866.58,1777287543000
1777287545.516,245.516,0.59,0.6,0.41,0.43,0.01,0.02,77865.77,1777287544000
1777287546.205,246.205,0.59,0.6,0.4,0.41,0.01,0.01,77864.6,1777287545000
1777287546.701,246.701,0.59,0.6,0.4,0.41,0.01,0.01,77864.6,1777287545000
1777287547.149,247.149,0.59,0.6,0.4,0.41,0.01,0.01,77864.6,1777287545000
1777287547.492,247.492,0.59,0.6,0.4,0.41,0.01,0.01,77863.84,1777287546000
1777287548.132,248.132,0.59,0.6,0.4,0.41,0.01,0.01,77863.84,1777287546000
1777287548.468,248.468,0.59,0.6,0.4,0.41,0.01,0.01,77866.02,1777287547000
1777287548.946,248.946,0.59,0.6,0.4,0.41,0.01,0.01,77866.02,1777287547000
1777287549.285,249.285,0.59,0.6,0.4,0.41,0.01,0.01,77864.04,1777287548000
1777287549.891,249.891,0.59,0.6,0.4,0.41,0.01,0.01,77864.04,1777287548000
1777287550.379,250.379,0.59,0.6,0.4,0.41,0.01,0.01,77864.77,1777287549000
1777287550.788,250.788,0.58,0.59,0.4,0.42,0.01,0.02,77864.77,1777287549000
1777287551.123,251.123,0.58,0.59,0.41,0.42,0.01,0.01,77864.77,1777287549000
1777287551.661,251.661,0.59,0.6,0.4,0.41,0.01,0.01,77863.76,1777287550000
1777287552.247,252.247,0.59,0.6,0.4,0.41,0.01,0.01,77863.76,1777287550000
1777287552.882,252.882,0.59,0.6,0.4,0.41,0.01,0.01,77863.76,1777287550000
1777287553.43,253.43,0.59,0.6,0.4,0.41,0.01,0.01,77863.61,1777287552000
1777287553.934,253.934,0.59,0.6,0.4,0.41,0.01,0.01,77863.61,1777287552000
1777287554.602,254.602,0.59,0.6,0.4,0.41,0.01,0.01,77863.61,1777287553000
1777287555.07,255.07,0.6,0.61,0.39,0.4,0.01,0.01,77863.5,1777287554000
1777287555.453,255.453,0.6,0.61,0.39,0.4,0.01,0.01,77863.5,1777287554000
1777287555.794,255.794,0.61,0.62,0.38,0.39,0.01,0.01,77863.5,1777287554000
1777287556.143,256.143,0.61,0.62,0.38,0.39,0.01,0.01,77863.5,1777287554000
1777287556.602,256.602,0.62,0.63,0.37,0.38,0.01,0.01,77863.22,1777287555000
1777287556.984,256.984,0.62,0.63,0.37,0.38,0.01,0.01,77863.22,1777287555000
1777287557.519,257.519,0.62,0.63,0.37,0.38,0.01,0.01,77863.36,1777287556000
1777287558.055,258.055,0.62,0.63,0.37,0.38,0.01,0.01,77863.36,1777287556000
1777287558.504,258.504,0.62,0.63,0.37,0.38,0.01,0.01,77865.5,1777287557000
1777287558.861,258.861,0.62,0.63,0.37,0.38,0.01,0.01,77865.5,1777287557000
1777287559.449,259.449,0.62,0.63,0.37,0.38,0.01,0.01,77863.37,1777287558000
1777287559.974,259.974,0.62,0.63,0.37,0.38,0.01,0.01,77863.37,1777287558000
1777287560.342,260.342,0.62,0.63,0.37,0.38,0.01,0.01,77863.37,1777287559000
1777287560.77,260.77,0.7,0.71,0.29,0.3,0.01,0.01,77863.37,1777287559000
1777287561.194,261.194,0.71,0.72,0.28,0.29,0.01,0.01,77863.37,1777287559000
1777287561.562,261.562,0.72,0.73,0.27,0.28,0.01,0.01,77863.1,1777287560000
1777287561.908,261.908,0.72,0.73,0.27,0.28,0.01,0.01,77863.1,1777287560000
1777287562.258,262.258,0.72,0.73,0.27,0.28,0.01,0.01,77863.1,1777287560000
1777287562.616,262.616,0.72,0.74,0.27,0.28,0.02,0.01,77865.71,1777287561000
1777287563.057,263.057,0.73,0.74,0.26,0.27,0.01,0.01,77865.71,1777287561000
1777287563.464,263.464,0.73,0.74,0.26,0.27,0.01,0.01,77866.95,1777287562000
1777287563.868,263.868,0.73,0.74,0.26,0.27,0.01,0.01,77866.95,1777287562000
1777287564.242,264.242,0.74,0.75,0.25,0.26,0.01,0.01,77866.95,1777287563000
1777287564.625,264.625,0.74,0.75,0.25,0.26,0.01,0.01,77866.95,1777287563000
1777287564.975,264.975,0.74,0.75,0.25,0.26,0.01,0.01,77866.95,1777287563000
1777287565.392,265.392,0.78,0.79,0.21,0.22,0.01,0.01,77868.03,1777287564000
1777287565.961,265.961,0.79,0.8,0.2,0.21,0.01,0.01,77868.03,1777287564000
1777287566.354,266.354,0.79,0.8,0.2,0.21,0.01,0.01,77868.3,1777287565000
1777287566.801,266.801,0.79,0.8,0.2,0.21,0.01,0.01,77868.3,1777287565000
1777287567.241,267.241,0.79,0.8,0.2,0.21,0.01,0.01,77868.3,1777287566000
1777287567.634,267.634,0.79,0.8,0.2,0.21,0.01,0.01,77868.3,1777287566000
1777287568.006,268.006,0.8,0.81,0.19,0.2,0.01,0.01,77868.3,1777287566000
1777287568.36,268.36,0.81,0.82,0.18,0.19,0.01,0.01,77867.61,1777287567000
1777287568.724,268.724,0.81,0.82,0.18,0.19,0.01,0.01,77867.61,1777287567000
1777287569.1,269.1,0.82,0.83,0.17,0.18,0.01,0.01,77867.61,1777287568000
1777287569.573,269.573,0.82,0.83,0.17,0.18,0.01,0.01,77867.61,1777287568000
1777287569.917,269.917,0.83,0.84,0.16,0.18,0.01,0.02,77867.61,1777287568000
1777287570.263,270.263,0.83,0.84,0.16,0.17,0.01,0.01,77867.61,1777287568000
1777287570.681,270.681,0.83,0.84,0.16,0.17,0.01,0.01,77867.61,1777287568000
1777287571.038,271.038,0.83,0.84,0.16,0.17,0.01,0.01,77866.73,1777287569000
1777287571.541,271.541,0.83,0.84,0.16,0.17,0.01,0.01,77866.73,1777287570000
1777287572.005,272.005,0.85,0.86,0.14,0.15,0.01,0.01,77866.73,1777287570000
1777287572.423,272.423,0.85,0.86,0.14,0.15,0.01,0.01,77866.69,1777287571000
1777287572.797,272.797,0.85,0.86,0.14,0.15,0.01,0.01,77866.69,1777287571000
1777287573.395,273.395,0.85,0.86,0.14,0.15,0.01,0.01,77866.69,1777287571000
1777287573.923,273.923,0.85,0.86,0.14,0.16,0.01,0.02,77866.88,1777287572000
1777287574.283,274.283,0.84,0.86,0.14,0.15,0.02,0.01,77866.88,1777287572000
1777287574.774,274.774,0.86,0.87,0.12,0.16,0.01,0.04,77866.88,1777287572000
1777287575.154,275.154,0.87,0.88,0.12,0.13,0.01,0.01,77867.53,1777287573000
1777287575.502,275.502,0.87,0.88,0.12,0.13,0.01,0.01,77867.53,1777287574000
1777287575.881,275.881,0.88,0.89,0.11,0.12,0.01,0.01,77867.53,1777287574000
1777287576.256,276.256,0.89,0.9,0.1,0.11,0.01,0.01,77868.71,1777287575000
1777287576.675,276.675,0.89,0.9,0.1,0.11,0.01,0.01,77868.71,1777287575000
1777287577.032,277.032,0.89,0.9,0.1,0.11,0.01,0.01,77868.71,1777287575000
1777287577.478,277.478,0.88,0.9,0.1,0.11,0.02,0.01,77868.71,1777287575000
1777287577.831,277.831,0.88,0.89,0.11,0.12,0.01,0.01,77868.17,1777287576000
1777287578.363,278.363,0.85,0.86,0.11,0.17,0.01,0.06,77868.17,1777287577000
1777287578.782,278.782,0.87,0.89,0.13,0.14,0.02,0.01,77868.17,1777287577000
1777287579.144,279.144,0.88,0.89,0.11,0.12,0.01,0.01,77868.17,1777287577000
1777287579.543,279.543,0.85,0.86,0.11,0.12,0.01,0.01,77866.76,1777287578000
1777287579.883,279.883,0.85,0.86,0.14,0.15,0.01,0.01,77866.76,1777287578000
1777287580.429,280.429,0.82,0.83,0.17,0.18,0.01,0.01,77867.95,1777287579000
1777287580.89,280.89,0.81,0.82,0.18,0.19,0.01,0.01,77867.95,1777287579000
1777287581.366,281.366,0.81,0.82,0.18,0.19,0.01,0.01,77867.95,1777287579000
1777287581.719,281.719,0.81,0.82,0.18,0.19,0.01,0.01,77867.98,1777287580000
1777287582.066,282.066,0.81,0.82,0.18,0.19,0.01,0.01,77868.04,1777287581000
1777287582.629,282.629,0.82,0.83,0.18,0.19,0.01,0.01,77868.04,1777287581000
1777287583.223,283.223,0.82,0.83,0.17,0.18,0.01,0.01,77868.04,1777287581000
1777287583.625,283.625,0.82,0.83,0.17,0.18,0.01,0.01,77866.12,1777287582000
1777287584.074,284.074,0.82,0.83,0.17,0.18,0.01,0.01,77866.12,1777287582000
1777287584.518,284.518,0.82,0.83,0.17,0.18,0.01,0.01,77866.33,1777287583000
1777287584.894,284.894,0.84,0.85,0.15,0.18,0.01,0.03,77866.33,1777287583000
1777287585.293,285.293,0.84,0.85,0.15,0.16,0.01,0.01,77866.33,1777287583000
1777287585.756,285.756,0.84,0.86,0.15,0.16,0.02,0.01,77866.42,1777287584000
1777287586.133,286.133,0.85,0.86,0.14,0.15,0.01,0.01,77867.18,1777287585000
1777287586.598,286.598,0.85,0.86,0.14,0.16,0.01,0.02,77867.18,1777287585000
1777287586.948,286.948,0.84,0.85,0.15,0.17,0.01,0.02,77867.18,1777287585000
1777287587.329,287.329,0.83,0.84,0.15,0.17,0.01,0.02,77868.02,1777287586000
1777287587.706,287.706,0.84,0.86,0.15,0.17,0.02,0.02,77868.02,1777287586000
1777287588.063,288.063,0.85,0.86,0.14,0.15,0.01,0.01,77868.02,1777287586000
1777287588.465,288.465,0.85,0.86,0.14,0.15,0.01,0.01,77868.49,1777287587000
1777287588.839,288.839,0.87,0.88,0.12,0.15,0.01,0.03,77868.49,1777287587000
1777287589.196,289.196,0.87,0.88,0.12,0.13,0.01,0.01,77868.49,1777287587000
1777287589.672,289.672,0.86,0.88,0.12,0.14,0.02,0.02,77868.76,1777287588000
1777287590.291,290.291,0.88,0.89,0.11,0.12,0.01,0.01,77868.76,1777287589000
1777287590.653,290.653,0.88,0.89,0.11,0.12,0.01,0.01,77868.76,1777287589000
1777287590.998,290.998,0.88,0.9,0.11,0.12,0.02,0.01,77868.76,1777287589000
1777287591.353,291.353,0.92,0.93,0.07,0.08,0.01,0.01,77869.2,1777287590000
1777287591.712,291.712,0.93,0.94,0.06,0.07,0.01,0.01,77869.2,1777287590000
1777287592.072,292.072,0.93,0.95,0.06,0.07,0.02,0.01,77869.2,1777287590000
1777287592.536,292.536,0.94,0.95,0.05,0.06,0.01,0.01,77869.2,1777287591000
1777287592.952,292.952,0.95,0.96,0.04,0.06,0.01,0.02,77869.2,1777287591000
1777287593.309,293.309,0.91,0.96,0.04,0.07,0.05,0.03,77869.2,1777287591000
1777287593.657,293.657,0.93,0.96,0.04,0.08,0.03,0.04,77870.24,1777287592000
1777287593.992,293.992,0.93,0.96,0.04,0.07,0.03,0.03,77869.86,1777287593000
1777287594.469,294.469,0.98,0.99,0.01,0.06,0.01,0.05,77869.86,1777287593000
1777287594.825,294.825,0.9,0.94,0.03,0.1,0.04,0.07,77869.86,1777287593000
1777287595.167,295.167,0.12,0.37,0.64,0.88,0.25,0.24,77870.23,1777287594000
1777287595.5,295.5,0.08,0.14,0.86,0.92,0.06,0.06,77870.23,1777287594000
1777287595.837,295.837,0.25,0.6,0.73,0.75,0.35,0.02,77870.23,1777287594000
1777287596.17,296.17,0.55,0.58,0.42,0.6,0.03,0.18,77870.23,1777287594000
1777287596.505,296.505,0.12,0.37,0.59,0.88,0.25,0.29,77866.13,1777287595000
1777287596.864,296.864,0.29,0.36,0.63,0.72,0.07,0.09,77866.13,1777287595000
1777287597.213,297.213,0.12,0.36,0.87,0.88,0.24,0.01,77866.13,1777287595000
1777287597.595,297.595,0.24,0.26,0.72,0.76,0.02,0.04,77857.71,1777287596000
1777287597.968,297.968,0.17,0.19,0.81,0.83,0.02,0.02,77857.71,1777287596000
1777287598.332,298.332,0.06,0.5,0.46,0.83,0.44,0.37,77857.71,1777287596000
1777287598.669,298.669,0.04,0.27,0.85,0.96,0.23,0.11,77857.71,1777287596000
1777287599.005,299.005,0.04,0.15,0.79,0.96,0.11,0.17,77857.41,1777287597000
1777287599.349,299.349,0.03,0.04,0.9,0.97,0.01,0.07,77857.41,1777287597000
1777287599.691,299.691,0.02,0.03,0.97,0.98,0.01,0.01,77857.41,1777287597000
1777287600.037,300.037,0.01,0.01,0.99,0.99,0.0,0.0,77857.41,1777287598000
1777287600.373,300.373,0.01,0.01,0.99,0.99,0.0,0.0,77857.41,1777287598000
1777287600.707,300.707,0.01,0.01,0.99,0.99,0.0,0.0,77857.41,1777287598000
1777287601.649,301.649,0.01,0.01,0.99,0.99,0.0,0.0,77856.8,1777287600000
1777287602.247,302.247,0.01,0.01,0.99,0.99,0.0,0.0,77857.12,1777287601000

# RESULT,winner=Down,slug=btc-updown-5m-1777287300,ticks=656
