timestamp,elapsed_sec,up_bid,up_ask,down_bid,down_ask,up_spread,down_spread,btc_price,btc_oracle_ts
1776223500.578,0.578,0.5,0.52,0.48,0.49,0.02,0.01,74325.13,1776223499000
1776223501.134,1.134,0.5,0.51,0.49,0.5,0.01,0.01,74325.13,1776223499000
1776223501.497,1.497,0.5,0.51,0.49,0.51,0.01,0.02,74325.13,1776223500000
1776223501.867,1.867,0.5,0.51,0.49,0.5,0.01,0.01,74325.13,1776223500000
1776223502.3,2.3,0.5,0.51,0.49,0.5,0.01,0.01,74324.28,1776223501000
1776223502.652,2.652,0.5,0.51,0.49,0.5,0.01,0.01,74324.28,1776223501000
1776223503.023,3.023,0.5,0.51,0.49,0.5,0.01,0.01,74324.28,1776223501000
1776223504.075,4.075,0.5,0.51,0.49,0.5,0.01,0.01,74324.28,1776223502000
1776223504.424,4.424,0.47,0.51,0.49,0.52,0.04,0.03,74324.05,1776223503000
1776223504.795,4.795,0.47,0.48,0.52,0.53,0.01,0.01,74324.05,1776223503000
1776223505.134,5.134,0.46,0.47,0.53,0.54,0.01,0.01,74324.05,1776223503000
1776223505.591,5.591,0.46,0.47,0.53,0.54,0.01,0.01,74324.05,1776223504000
1776223506.004,6.004,0.45,0.46,0.54,0.55,0.01,0.01,74324.05,1776223504000
1776223506.55,6.55,0.45,0.46,0.54,0.55,0.01,0.01,74320.75,1776223505000
1776223507.236,7.236,0.45,0.46,0.54,0.55,0.01,0.01,74317.85,1776223506000
1776223507.661,7.661,0.45,0.46,0.54,0.55,0.01,0.01,74317.85,1776223506000
1776223508.174,8.174,0.45,0.46,0.54,0.55,0.01,0.01,74317.85,1776223506000
1776223508.681,8.681,0.45,0.46,0.54,0.55,0.01,0.01,74317.85,1776223507000
1776223509.044,9.044,0.45,0.46,0.54,0.55,0.01,0.01,74317.85,1776223507000
1776223509.406,9.406,0.45,0.46,0.54,0.55,0.01,0.01,74317.85,1776223508000
1776223509.914,9.914,0.45,0.46,0.54,0.55,0.01,0.01,74317.85,1776223508000
1776223510.398,10.398,0.45,0.46,0.54,0.55,0.01,0.01,74317.85,1776223508000
1776223510.842,10.842,0.45,0.46,0.54,0.55,0.01,0.01,74317.85,1776223509000
1776223511.472,11.472,0.45,0.46,0.54,0.55,0.01,0.01,74317.85,1776223509000
1776223511.873,11.873,0.48,0.49,0.51,0.52,0.01,0.01,74317.85,1776223510000
1776223512.306,12.306,0.48,0.49,0.51,0.52,0.01,0.01,74317.85,1776223510000
1776223512.639,12.639,0.46,0.48,0.52,0.54,0.02,0.02,74317.85,1776223511000
1776223513.02,13.02,0.46,0.47,0.53,0.54,0.01,0.01,74317.85,1776223511000
1776223513.375,13.375,0.45,0.46,0.54,0.55,0.01,0.01,74317.85,1776223512000
1776223513.974,13.974,0.45,0.46,0.54,0.55,0.01,0.01,74317.85,1776223512000
1776223514.329,14.329,0.43,0.44,0.54,0.57,0.01,0.03,74317.85,1776223512000
1776223514.704,14.704,0.4,0.42,0.57,0.58,0.02,0.01,74318.56,1776223513000
1776223515.069,15.069,0.4,0.41,0.59,0.6,0.01,0.01,74318.56,1776223513000
1776223515.425,15.425,0.39,0.4,0.6,0.61,0.01,0.01,74318.56,1776223513000
1776223515.803,15.803,0.39,0.4,0.6,0.61,0.01,0.01,74317.62,1776223514000
1776223516.201,16.201,0.39,0.4,0.6,0.61,0.01,0.01,74317.38,1776223515000
1776223516.557,16.557,0.39,0.4,0.6,0.61,0.01,0.01,74317.38,1776223515000
1776223516.983,16.983,0.39,0.4,0.6,0.61,0.01,0.01,74317.38,1776223515000
1776223517.325,17.325,0.39,0.4,0.6,0.61,0.01,0.01,74311.56,1776223516000
1776223517.728,17.728,0.39,0.4,0.6,0.61,0.01,0.01,74311.56,1776223516000
1776223518.137,18.137,0.39,0.4,0.6,0.61,0.01,0.01,74311.56,1776223516000
1776223518.509,18.509,0.4,0.41,0.59,0.61,0.01,0.02,74311.2,1776223517000
1776223519.081,19.081,0.4,0.41,0.59,0.6,0.01,0.01,74311.22,1776223518000
1776223519.982,19.982,0.41,0.42,0.58,0.59,0.01,0.01,74311.22,1776223518000
1776223520.321,20.321,0.38,0.41,0.59,0.61,0.03,0.02,74311.21,1776223519000
1776223520.661,20.661,0.37,0.38,0.61,0.62,0.01,0.01,74311.21,1776223519000
1776223521.081,21.081,0.36,0.38,0.62,0.63,0.02,0.01,74311.21,1776223519000
1776223521.43,21.43,0.36,0.37,0.63,0.64,0.01,0.01,74311.21,1776223520000
1776223521.866,21.866,0.36,0.37,0.63,0.64,0.01,0.01,74311.21,1776223520000
1776223522.446,22.446,0.36,0.37,0.63,0.64,0.01,0.01,74311.21,1776223521000
1776223522.854,22.854,0.36,0.37,0.63,0.64,0.01,0.01,74311.21,1776223521000
1776223523.387,23.387,0.36,0.37,0.63,0.64,0.01,0.01,74306.86,1776223522000
1776223523.775,23.775,0.37,0.39,0.62,0.64,0.02,0.02,74306.86,1776223522000
1776223524.212,24.212,0.39,0.4,0.6,0.61,0.01,0.01,74306.74,1776223523000
1776223524.94,24.94,0.39,0.4,0.6,0.61,0.01,0.01,74306.74,1776223523000
1776223525.507,25.507,0.39,0.4,0.6,0.61,0.01,0.01,74306.79,1776223524000
1776223525.894,25.894,0.39,0.4,0.6,0.61,0.01,0.01,74306.79,1776223524000
1776223526.417,26.417,0.39,0.4,0.6,0.61,0.01,0.01,74306.79,1776223524000
1776223527.178,27.178,0.39,0.4,0.6,0.61,0.01,0.01,74308.19,1776223526000
1776223527.526,27.526,0.39,0.4,0.6,0.61,0.01,0.01,74308.19,1776223526000
1776223527.882,27.882,0.39,0.4,0.6,0.61,0.01,0.01,74308.19,1776223526000
1776223528.277,28.277,0.39,0.4,0.6,0.61,0.01,0.01,74308.19,1776223526000
1776223528.666,28.666,0.39,0.4,0.6,0.61,0.01,0.01,74308.18,1776223527000
1776223529.011,29.011,0.39,0.4,0.6,0.61,0.01,0.01,74308.18,1776223527000
1776223529.352,29.352,0.38,0.4,0.6,0.62,0.02,0.02,74308.18,1776223528000
1776223529.842,29.842,0.38,0.39,0.61,0.62,0.01,0.01,74308.18,1776223528000
1776223530.18,30.18,0.38,0.39,0.61,0.62,0.01,0.01,74308.24,1776223529000
1776223530.745,30.745,0.38,0.39,0.61,0.62,0.01,0.01,74308.24,1776223529000
1776223531.293,31.293,0.39,0.41,0.61,0.62,0.02,0.01,74308.27,1776223530000
1776223531.79,31.79,0.4,0.41,0.59,0.61,0.01,0.02,74308.27,1776223530000
1776223532.369,32.369,0.4,0.41,0.59,0.6,0.01,0.01,74308.28,1776223531000
1776223532.706,32.706,0.37,0.38,0.62,0.63,0.01,0.01,74308.28,1776223531000
1776223533.096,33.096,0.36,0.37,0.62,0.64,0.01,0.02,74308.28,1776223531000
1776223533.663,33.663,0.35,0.36,0.64,0.65,0.01,0.01,74308.28,1776223532000
1776223534.107,34.107,0.35,0.36,0.64,0.65,0.01,0.01,74308.28,1776223532000
1776223534.45,34.45,0.34,0.35,0.64,0.66,0.01,0.02,74308.38,1776223533000
1776223534.81,34.81,0.34,0.35,0.65,0.66,0.01,0.01,74308.38,1776223533000
1776223535.256,35.256,0.33,0.34,0.65,0.67,0.01,0.02,74308.38,1776223533000
1776223535.606,35.606,0.33,0.34,0.66,0.67,0.01,0.01,74307.53,1776223534000
1776223535.97,35.97,0.33,0.34,0.66,0.67,0.01,0.01,74307.53,1776223534000
1776223536.326,36.326,0.33,0.34,0.66,0.67,0.01,0.01,74307.07,1776223535000
1776223536.892,36.892,0.33,0.34,0.66,0.67,0.01,0.01,74307.07,1776223535000
1776223537.323,37.323,0.33,0.34,0.66,0.67,0.01,0.01,74306.86,1776223536000
1776223537.845,37.845,0.33,0.34,0.66,0.67,0.01,0.01,74306.86,1776223536000
1776223538.234,38.234,0.34,0.35,0.65,0.67,0.01,0.02,74306.86,1776223537000
1776223539.017,39.017,0.34,0.35,0.65,0.66,0.01,0.01,74306.87,1776223538000
1776223539.662,39.662,0.34,0.35,0.65,0.66,0.01,0.01,74306.87,1776223538000
1776223540.078,40.078,0.34,0.35,0.65,0.66,0.01,0.01,74306.87,1776223538000
1776223540.521,40.521,0.34,0.35,0.65,0.66,0.01,0.01,74306.87,1776223539000
1776223541.119,41.119,0.34,0.35,0.65,0.66,0.01,0.01,74306.89,1776223540000
1776223541.754,41.754,0.34,0.35,0.65,0.66,0.01,0.01,74306.89,1776223540000
1776223542.46,42.46,0.34,0.35,0.65,0.66,0.01,0.01,74306.89,1776223540000
1776223542.95,42.95,0.35,0.36,0.64,0.65,0.01,0.01,74306.99,1776223541000
1776223543.507,43.507,0.37,0.38,0.62,0.63,0.01,0.01,74306.99,1776223542000
1776223543.9,43.9,0.37,0.38,0.62,0.63,0.01,0.01,74306.99,1776223542000
1776223544.255,44.255,0.37,0.38,0.62,0.63,0.01,0.01,74306.99,1776223542000
1776223544.654,44.654,0.37,0.38,0.62,0.63,0.01,0.01,74306.99,1776223542000
1776223545.007,45.007,0.37,0.38,0.62,0.63,0.01,0.01,74306.98,1776223543000
1776223545.659,45.659,0.37,0.4,0.62,0.63,0.03,0.01,74306.98,1776223544000
1776223546.112,46.112,0.45,0.47,0.54,0.55,0.02,0.01,74306.98,1776223544000
1776223546.584,46.584,0.45,0.46,0.54,0.55,0.01,0.01,74307.77,1776223545000
1776223546.946,46.946,0.45,0.46,0.53,0.55,0.01,0.02,74307.77,1776223545000
1776223547.285,47.285,0.45,0.46,0.54,0.55,0.01,0.01,74311.15,1776223546000
1776223547.633,47.633,0.46,0.47,0.53,0.54,0.01,0.01,74311.15,1776223546000
1776223548.009,48.009,0.46,0.47,0.53,0.54,0.01,0.01,74311.15,1776223546000
1776223548.482,48.482,0.46,0.48,0.53,0.54,0.02,0.01,74316.83,1776223547000
1776223549.032,49.032,0.47,0.48,0.52,0.53,0.01,0.01,74316.83,1776223547000
1776223549.566,49.566,0.47,0.48,0.52,0.53,0.01,0.01,74317.22,1776223548000
1776223550.105,50.105,0.47,0.48,0.52,0.53,0.01,0.01,74317.22,1776223548000
1776223550.45,50.45,0.48,0.49,0.51,0.53,0.01,0.02,74318.38,1776223549000
1776223550.954,50.954,0.48,0.49,0.51,0.52,0.01,0.01,74318.38,1776223549000
1776223551.482,51.482,0.48,0.49,0.51,0.52,0.01,0.01,74319.39,1776223550000
1776223552.18,52.18,0.48,0.49,0.51,0.52,0.01,0.01,74319.39,1776223551000
1776223552.617,52.617,0.48,0.49,0.51,0.52,0.01,0.01,74319.39,1776223551000
1776223553.177,53.177,0.49,0.5,0.5,0.52,0.01,0.02,74319.39,1776223551000
1776223553.517,53.517,0.5,0.51,0.5,0.51,0.01,0.01,74320.03,1776223552000
1776223554.005,54.005,0.5,0.52,0.49,0.5,0.02,0.01,74320.03,1776223552000
1776223554.716,54.716,0.51,0.52,0.48,0.49,0.01,0.01,74320.29,1776223553000
1776223555.061,55.061,0.51,0.53,0.47,0.49,0.02,0.02,74320.29,1776223553000
1776223555.491,55.491,0.52,0.53,0.47,0.48,0.01,0.01,74321.47,1776223554000
1776223556.143,56.143,0.52,0.53,0.47,0.48,0.01,0.01,74321.47,1776223554000
1776223556.601,56.601,0.52,0.53,0.47,0.48,0.01,0.01,74323.48,1776223555000
1776223557.137,57.137,0.52,0.53,0.47,0.48,0.01,0.01,74323.48,1776223555000
1776223557.546,57.546,0.52,0.53,0.47,0.48,0.01,0.01,74323.48,1776223555000
1776223557.881,57.881,0.52,0.53,0.47,0.48,0.01,0.01,74323.48,1776223555000
1776223558.525,58.525,0.52,0.53,0.47,0.48,0.01,0.01,74326.64,1776223557000
1776223558.87,58.87,0.53,0.55,0.46,0.48,0.02,0.02,74326.64,1776223557000
1776223559.357,59.357,0.54,0.55,0.45,0.46,0.01,0.01,74327.1,1776223558000
1776223559.708,59.708,0.54,0.55,0.45,0.46,0.01,0.01,74327.1,1776223558000
1776223560.128,60.128,0.54,0.55,0.45,0.46,0.01,0.01,74327.2,1776223559000
1776223560.465,60.465,0.54,0.55,0.45,0.46,0.01,0.01,74327.2,1776223559000
1776223561.005,61.005,0.54,0.55,0.45,0.46,0.01,0.01,74327.2,1776223559000
1776223561.418,61.418,0.54,0.55,0.45,0.46,0.01,0.01,74331.53,1776223560000
1776223562.099,62.099,0.54,0.55,0.45,0.46,0.01,0.01,74331.53,1776223560000
1776223562.441,62.441,0.54,0.57,0.45,0.46,0.03,0.01,74331.53,1776223560000
1776223562.974,62.974,0.56,0.58,0.42,0.44,0.02,0.02,74330.95,1776223562000
1776223563.316,63.316,0.57,0.58,0.42,0.43,0.01,0.01,74330.95,1776223562000
1776223563.828,63.828,0.57,0.58,0.42,0.43,0.01,0.01,74330.95,1776223562000
1776223564.182,64.182,0.58,0.59,0.41,0.42,0.01,0.01,74330.95,1776223562000
1776223564.597,64.597,0.58,0.59,0.41,0.42,0.01,0.01,74331.61,1776223563000
1776223564.996,64.996,0.58,0.59,0.41,0.42,0.01,0.01,74331.56,1776223564000
1776223565.403,65.403,0.58,0.59,0.41,0.42,0.01,0.01,74331.56,1776223564000
1776223565.756,65.756,0.59,0.6,0.41,0.42,0.01,0.01,74331.56,1776223564000
1776223566.263,66.263,0.59,0.61,0.39,0.41,0.02,0.02,74331.56,1776223565000
1776223566.625,66.625,0.61,0.62,0.38,0.39,0.01,0.01,74331.56,1776223565000
1776223567.176,67.176,0.61,0.62,0.38,0.39,0.01,0.01,74331.56,1776223565000
1776223567.51,67.51,0.61,0.62,0.38,0.39,0.01,0.01,74331.83,1776223566000
1776223567.85,67.85,0.61,0.62,0.38,0.39,0.01,0.01,74331.83,1776223566000
1776223568.259,68.259,0.6,0.61,0.39,0.4,0.01,0.01,74331.77,1776223567000
1776223568.698,68.698,0.6,0.61,0.39,0.4,0.01,0.01,74331.77,1776223567000
1776223569.057,69.057,0.59,0.6,0.4,0.41,0.01,0.01,74331.77,1776223567000
1776223569.391,69.391,0.59,0.6,0.4,0.41,0.01,0.01,74332.42,1776223568000
1776223569.815,69.815,0.59,0.6,0.4,0.41,0.01,0.01,74332.42,1776223568000
1776223570.164,70.164,0.59,0.6,0.4,0.41,0.01,0.01,74332.42,1776223568000
1776223570.532,70.532,0.55,0.56,0.44,0.45,0.01,0.01,74332.04,1776223569000
1776223570.927,70.927,0.55,0.56,0.44,0.45,0.01,0.01,74332.04,1776223569000
1776223571.306,71.306,0.55,0.56,0.44,0.45,0.01,0.01,74332.16,1776223570000
1776223571.649,71.649,0.55,0.56,0.44,0.45,0.01,0.01,74332.16,1776223570000
1776223571.996,71.996,0.55,0.56,0.44,0.45,0.01,0.01,74332.16,1776223570000
1776223572.478,72.478,0.55,0.56,0.44,0.45,0.01,0.01,74332.16,1776223570000
1776223572.897,72.897,0.55,0.56,0.44,0.45,0.01,0.01,74329.14,1776223571000
1776223573.272,73.272,0.55,0.56,0.44,0.45,0.01,0.01,74329.14,1776223571000
1776223573.9,73.9,0.55,0.56,0.44,0.45,0.01,0.01,74329.17,1776223573000
1776223574.489,74.489,0.55,0.56,0.44,0.45,0.01,0.01,74329.17,1776223573000
1776223574.836,74.836,0.54,0.55,0.45,0.46,0.01,0.01,74329.16,1776223574000
1776223575.347,75.347,0.54,0.55,0.45,0.46,0.01,0.01,74329.16,1776223574000
1776223575.883,75.883,0.54,0.55,0.45,0.46,0.01,0.01,74329.15,1776223575000
1776223576.646,76.646,0.54,0.55,0.45,0.46,0.01,0.01,74329.15,1776223575000
1776223577.023,77.023,0.54,0.55,0.45,0.46,0.01,0.01,74329.15,1776223576000
1776223577.546,77.546,0.54,0.55,0.45,0.46,0.01,0.01,74329.15,1776223576000
1776223578.053,78.053,0.54,0.55,0.45,0.46,0.01,0.01,74329.15,1776223577000
1776223578.471,78.471,0.54,0.55,0.45,0.46,0.01,0.01,74329.15,1776223577000
1776223578.996,78.996,0.54,0.55,0.45,0.46,0.01,0.01,74329.17,1776223578000
1776223579.95,79.95,0.54,0.55,0.45,0.46,0.01,0.01,74329.11,1776223579000
1776223580.293,80.293,0.54,0.55,0.45,0.46,0.01,0.01,74329.11,1776223579000
1776223580.969,80.969,0.54,0.55,0.45,0.46,0.01,0.01,74329.05,1776223580000
1776223581.452,81.452,0.54,0.55,0.45,0.46,0.01,0.01,74329.05,1776223580000
1776223581.897,81.897,0.54,0.55,0.45,0.46,0.01,0.01,74329.05,1776223580000
1776223582.599,82.599,0.54,0.55,0.45,0.46,0.01,0.01,74328.97,1776223581000
1776223583.012,83.012,0.55,0.56,0.44,0.45,0.01,0.01,74328.96,1776223582000
1776223583.578,83.578,0.55,0.56,0.44,0.45,0.01,0.01,74328.96,1776223582000
1776223583.984,83.984,0.55,0.56,0.44,0.45,0.01,0.01,74328.98,1776223583000
1776223584.532,84.532,0.55,0.56,0.44,0.45,0.01,0.01,74328.98,1776223583000
1776223584.949,84.949,0.55,0.56,0.44,0.45,0.01,0.01,74329.4,1776223584000
1776223585.289,85.289,0.55,0.56,0.44,0.45,0.01,0.01,74329.4,1776223584000
1776223585.68,85.68,0.55,0.57,0.43,0.45,0.02,0.02,74329.4,1776223584000
1776223586.097,86.097,0.55,0.57,0.43,0.45,0.02,0.02,74329.17,1776223585000
1776223586.685,86.685,0.56,0.57,0.43,0.44,0.01,0.01,74329.17,1776223585000
1776223587.118,87.118,0.56,0.57,0.43,0.44,0.01,0.01,74329.5,1776223586000
1776223587.918,87.918,0.56,0.57,0.43,0.44,0.01,0.01,74329.5,1776223586000
1776223588.486,88.486,0.56,0.57,0.43,0.44,0.01,0.01,74329.6,1776223587000
1776223589.073,89.073,0.56,0.57,0.43,0.44,0.01,0.01,74329.6,1776223588000
1776223590.047,90.047,0.56,0.57,0.43,0.44,0.01,0.01,74329.6,1776223589000
1776223590.658,90.658,0.57,0.58,0.42,0.43,0.01,0.01,74329.6,1776223589000
1776223591.001,91.001,0.57,0.58,0.42,0.43,0.01,0.01,74329.6,1776223589000
1776223591.377,91.377,0.57,0.58,0.42,0.43,0.01,0.01,74329.72,1776223590000
1776223591.906,91.906,0.58,0.59,0.41,0.42,0.01,0.01,74329.72,1776223590000
1776223592.531,92.531,0.58,0.59,0.41,0.42,0.01,0.01,74329.69,1776223591000
1776223593.146,93.146,0.58,0.59,0.41,0.42,0.01,0.01,74329.73,1776223592000
1776223593.807,93.807,0.58,0.59,0.41,0.42,0.01,0.01,74329.73,1776223592000
1776223594.197,94.197,0.58,0.59,0.41,0.42,0.01,0.01,74330.32,1776223593000
1776223594.702,94.702,0.58,0.59,0.41,0.42,0.01,0.01,74330.32,1776223593000
1776223595.051,95.051,0.6,0.61,0.39,0.4,0.01,0.01,74330.32,1776223593000
1776223595.425,95.425,0.6,0.61,0.39,0.4,0.01,0.01,74330.42,1776223594000
1776223595.887,95.887,0.6,0.61,0.39,0.4,0.01,0.01,74330.42,1776223594000
1776223596.333,96.333,0.6,0.61,0.39,0.4,0.01,0.01,74330.23,1776223595000
1776223596.722,96.722,0.6,0.61,0.39,0.4,0.01,0.01,74330.23,1776223595000
1776223597.069,97.069,0.6,0.62,0.39,0.4,0.02,0.01,74330.23,1776223596000
1776223597.438,97.438,0.61,0.62,0.38,0.39,0.01,0.01,74330.23,1776223596000
1776223597.957,97.957,0.61,0.62,0.38,0.39,0.01,0.01,74330.24,1776223597000
1776223598.433,98.433,0.61,0.62,0.38,0.39,0.01,0.01,74330.24,1776223597000
1776223599.085,99.085,0.62,0.63,0.37,0.38,0.01,0.01,74330.24,1776223597000
1776223599.448,99.448,0.69,0.73,0.27,0.31,0.04,0.04,74330.24,1776223597000
1776223599.806,99.806,0.73,0.74,0.26,0.27,0.01,0.01,74330.24,1776223597000
1776223600.214,100.214,0.74,0.75,0.25,0.27,0.01,0.02,74330.24,1776223597000
1776223600.547,100.547,0.75,0.76,0.24,0.25,0.01,0.01,74330.24,1776223597000
1776223600.885,100.885,0.75,0.76,0.24,0.25,0.01,0.01,74330.21,1776223598000
1776223601.31,101.31,0.75,0.76,0.24,0.25,0.01,0.01,74330.21,1776223598000
1776223601.721,101.721,0.76,0.77,0.23,0.24,0.01,0.01,74356.9,1776223600000
1776223602.089,102.089,0.77,0.78,0.22,0.23,0.01,0.01,74356.9,1776223600000
1776223602.438,102.438,0.77,0.79,0.22,0.23,0.02,0.01,74359.06,1776223601000
1776223602.819,102.819,0.78,0.79,0.21,0.22,0.01,0.01,74359.06,1776223601000
1776223603.162,103.162,0.78,0.8,0.21,0.22,0.02,0.01,74359.06,1776223601000
1776223603.615,103.615,0.78,0.79,0.21,0.22,0.01,0.01,74359.08,1776223602000
1776223604.002,104.002,0.78,0.79,0.21,0.22,0.01,0.01,74359.07,1776223603000
1776223604.417,104.417,0.78,0.79,0.21,0.22,0.01,0.01,74359.07,1776223603000
1776223604.807,104.807,0.78,0.79,0.21,0.22,0.01,0.01,74359.07,1776223603000
1776223605.281,105.281,0.78,0.8,0.21,0.22,0.02,0.01,74360.65,1776223604000
1776223605.807,105.807,0.79,0.8,0.2,0.21,0.01,0.01,74360.65,1776223604000
1776223606.153,106.153,0.79,0.8,0.2,0.21,0.01,0.01,74360.96,1776223605000
1776223606.671,106.671,0.79,0.8,0.2,0.21,0.01,0.01,74360.96,1776223605000
1776223607.21,107.21,0.79,0.8,0.2,0.21,0.01,0.01,74360.96,1776223605000
1776223607.565,107.565,0.79,0.8,0.2,0.21,0.01,0.01,74360.96,1776223606000
1776223608.126,108.126,0.79,0.8,0.2,0.21,0.01,0.01,74360.96,1776223607000
1776223609.049,109.049,0.79,0.8,0.2,0.21,0.01,0.01,74360.96,1776223607000
1776223609.594,109.594,0.79,0.8,0.2,0.21,0.01,0.01,74361.63,1776223608000
1776223610.167,110.167,0.79,0.8,0.2,0.21,0.01,0.01,74361.5,1776223609000
1776223610.506,110.506,0.79,0.8,0.2,0.21,0.01,0.01,74361.5,1776223609000
1776223610.95,110.95,0.79,0.8,0.2,0.21,0.01,0.01,74361.5,1776223609000
1776223611.314,111.314,0.79,0.8,0.2,0.21,0.01,0.01,74361.5,1776223610000
1776223611.702,111.702,0.79,0.8,0.2,0.21,0.01,0.01,74361.5,1776223610000
1776223612.117,112.117,0.79,0.8,0.2,0.21,0.01,0.01,74361.5,1776223610000
1776223612.468,112.468,0.79,0.8,0.2,0.21,0.01,0.01,74361.44,1776223611000
1776223612.808,112.808,0.79,0.8,0.2,0.21,0.01,0.01,74361.44,1776223611000
1776223613.238,113.238,0.79,0.8,0.2,0.21,0.01,0.01,74361.44,1776223612000
1776223613.598,113.598,0.79,0.8,0.2,0.21,0.01,0.01,74361.44,1776223612000
1776223613.956,113.956,0.79,0.8,0.2,0.21,0.01,0.01,74361.44,1776223612000
1776223614.333,114.333,0.79,0.8,0.2,0.21,0.01,0.01,74361.5,1776223613000
1776223614.744,114.744,0.79,0.8,0.2,0.21,0.01,0.01,74361.5,1776223613000
1776223615.282,115.282,0.79,0.8,0.2,0.21,0.01,0.01,74361.58,1776223614000
1776223615.822,115.822,0.79,0.8,0.2,0.21,0.01,0.01,74361.58,1776223614000
1776223616.184,116.184,0.81,0.82,0.18,0.19,0.01,0.01,74361.58,1776223614000
1776223616.615,116.615,0.83,0.84,0.17,0.18,0.01,0.01,74361.5,1776223615000
1776223616.977,116.977,0.83,0.84,0.16,0.17,0.01,0.01,74361.5,1776223615000
1776223617.322,117.322,0.84,0.85,0.15,0.17,0.01,0.02,74364.26,1776223616000
1776223617.73,117.73,0.84,0.85,0.15,0.16,0.01,0.01,74364.26,1776223616000
1776223618.175,118.175,0.84,0.85,0.15,0.16,0.01,0.01,74370.29,1776223617000
1776223618.515,118.515,0.84,0.85,0.15,0.16,0.01,0.01,74370.29,1776223617000
1776223618.869,118.869,0.84,0.85,0.15,0.16,0.01,0.01,74370.29,1776223617000
1776223619.347,119.347,0.84,0.85,0.15,0.16,0.01,0.01,74374.23,1776223618000
1776223619.688,119.688,0.84,0.85,0.15,0.16,0.01,0.01,74374.23,1776223618000
1776223620.145,120.145,0.84,0.85,0.15,0.16,0.01,0.01,74374.23,1776223618000
1776223620.504,120.504,0.84,0.85,0.15,0.16,0.01,0.01,74374.23,1776223619000
1776223621.004,121.004,0.84,0.85,0.15,0.16,0.01,0.01,74374.23,1776223619000
1776223621.566,121.566,0.84,0.85,0.15,0.16,0.01,0.01,74372.64,1776223620000
1776223622.106,122.106,0.84,0.85,0.15,0.16,0.01,0.01,74372.64,1776223620000
1776223622.465,122.465,0.84,0.85,0.15,0.16,0.01,0.01,74372.64,1776223621000
1776223622.808,122.808,0.84,0.85,0.15,0.16,0.01,0.01,74372.64,1776223621000
1776223623.325,123.325,0.84,0.85,0.15,0.16,0.01,0.01,74372.48,1776223622000
1776223623.671,123.671,0.84,0.85,0.15,0.16,0.01,0.01,74372.48,1776223622000
1776223624.1,124.1,0.84,0.85,0.15,0.16,0.01,0.01,74372.48,1776223623000
1776223624.458,124.458,0.84,0.85,0.15,0.16,0.01,0.01,74372.48,1776223623000
1776223625.1,125.1,0.84,0.85,0.15,0.16,0.01,0.01,74372.48,1776223623000
1776223625.449,125.449,0.84,0.85,0.15,0.16,0.01,0.01,74372.64,1776223624000
1776223625.832,125.832,0.84,0.85,0.15,0.16,0.01,0.01,74372.64,1776223624000
1776223626.212,126.212,0.84,0.85,0.15,0.16,0.01,0.01,74372.71,1776223625000
1776223626.589,126.589,0.84,0.85,0.15,0.16,0.01,0.01,74372.71,1776223625000
1776223627.019,127.019,0.84,0.85,0.15,0.16,0.01,0.01,74373.06,1776223626000
1776223627.781,127.781,0.84,0.85,0.15,0.16,0.01,0.01,74373.06,1776223626000
1776223628.207,128.207,0.84,0.85,0.15,0.16,0.01,0.01,74373.06,1776223627000
1776223628.72,128.72,0.84,0.85,0.15,0.16,0.01,0.01,74373.06,1776223627000
1776223629.094,129.094,0.84,0.85,0.15,0.16,0.01,0.01,74373.06,1776223627000
1776223629.518,129.518,0.85,0.86,0.14,0.16,0.01,0.02,74376.08,1776223628000
1776223629.861,129.861,0.85,0.87,0.13,0.15,0.02,0.02,74376.08,1776223628000
1776223630.227,130.227,0.87,0.88,0.12,0.13,0.01,0.01,74376.08,1776223628000
1776223630.722,130.722,0.87,0.88,0.12,0.13,0.01,0.01,74375.84,1776223629000
1776223631.135,131.135,0.87,0.88,0.12,0.13,0.01,0.01,74375.84,1776223629000
1776223631.504,131.504,0.87,0.88,0.12,0.13,0.01,0.01,74375.88,1776223630000
1776223631.86,131.86,0.87,0.88,0.12,0.13,0.01,0.01,74375.88,1776223630000
1776223632.194,132.194,0.88,0.89,0.11,0.12,0.01,0.01,74375.88,1776223630000
1776223632.529,132.529,0.88,0.89,0.11,0.12,0.01,0.01,74375.88,1776223630000
1776223633.041,133.041,0.88,0.89,0.11,0.12,0.01,0.01,74377.81,1776223631000
1776223633.503,133.503,0.88,0.89,0.11,0.12,0.01,0.01,74377.81,1776223632000
1776223633.934,133.934,0.88,0.89,0.11,0.12,0.01,0.01,74377.81,1776223632000
1776223634.419,134.419,0.88,0.89,0.11,0.12,0.01,0.01,74378.61,1776223633000
1776223635.251,135.251,0.88,0.89,0.11,0.12,0.01,0.01,74378.61,1776223633000
1776223635.628,135.628,0.9,0.91,0.09,0.1,0.01,0.01,74378.6,1776223634000
1776223635.99,135.99,0.9,0.91,0.09,0.1,0.01,0.01,74378.6,1776223634000
1776223636.34,136.34,0.9,0.91,0.09,0.1,0.01,0.01,74378.6,1776223635000
1776223636.987,136.987,0.9,0.91,0.09,0.1,0.01,0.01,74378.6,1776223635000
1776223637.34,137.34,0.9,0.91,0.09,0.1,0.01,0.01,74384.48,1776223636000
1776223637.711,137.711,0.9,0.91,0.09,0.1,0.01,0.01,74384.48,1776223636000
1776223638.069,138.069,0.9,0.91,0.09,0.1,0.01,0.01,74385.2,1776223637000
1776223638.412,138.412,0.9,0.91,0.09,0.1,0.01,0.01,74385.2,1776223637000
1776223639.308,139.308,0.9,0.91,0.09,0.1,0.01,0.01,74384.5,1776223638000
1776223640.173,140.173,0.9,0.91,0.09,0.1,0.01,0.01,74384.5,1776223638000
1776223640.508,140.508,0.9,0.91,0.09,0.1,0.01,0.01,74384.31,1776223639000
1776223641.089,141.089,0.9,0.91,0.09,0.1,0.01,0.01,74384.31,1776223639000
1776223641.456,141.456,0.9,0.91,0.09,0.1,0.01,0.01,74384.31,1776223640000
1776223641.961,141.961,0.9,0.91,0.09,0.1,0.01,0.01,74384.31,1776223640000
1776223642.351,142.351,0.9,0.91,0.09,0.1,0.01,0.01,74384.31,1776223640000
1776223642.923,142.923,0.9,0.91,0.09,0.1,0.01,0.01,74383.59,1776223641000
1776223643.373,143.373,0.9,0.91,0.09,0.1,0.01,0.01,74382.98,1776223642000
1776223644.078,144.078,0.9,0.91,0.09,0.1,0.01,0.01,74382.98,1776223642000
1776223644.513,144.513,0.89,0.9,0.09,0.11,0.01,0.02,74382.36,1776223643000
1776223645.437,145.437,0.89,0.9,0.1,0.11,0.01,0.01,74382.36,1776223643000
1776223645.811,145.811,0.89,0.9,0.1,0.11,0.01,0.01,74382.03,1776223644000
1776223646.364,146.364,0.89,0.9,0.1,0.11,0.01,0.01,74382.03,1776223645000
1776223646.712,146.712,0.89,0.9,0.1,0.11,0.01,0.01,74382.03,1776223645000
1776223647.344,147.344,0.89,0.9,0.1,0.11,0.01,0.01,74382.03,1776223645000
1776223647.72,147.72,0.89,0.9,0.1,0.11,0.01,0.01,74382.03,1776223645000
1776223648.303,148.303,0.89,0.9,0.1,0.11,0.01,0.01,74382.02,1776223647000
1776223648.858,148.858,0.89,0.9,0.1,0.11,0.01,0.01,74382.02,1776223647000
1776223649.248,149.248,0.88,0.89,0.1,0.12,0.01,0.02,74382.02,1776223647000
1776223649.592,149.592,0.88,0.89,0.11,0.12,0.01,0.01,74382.02,1776223647000
1776223650.074,150.074,0.88,0.89,0.11,0.12,0.01,0.01,74381.93,1776223648000
1776223650.705,150.705,0.88,0.89,0.11,0.12,0.01,0.01,74380.38,1776223649000
1776223651.069,151.069,0.89,0.91,0.1,0.11,0.02,0.01,74380.38,1776223649000
1776223651.406,151.406,0.9,0.91,0.09,0.11,0.01,0.02,74380.3,1776223650000
1776223651.977,151.977,0.9,0.91,0.09,0.1,0.01,0.01,74380.31,1776223651000
1776223652.311,152.311,0.9,0.91,0.09,0.1,0.01,0.01,74380.31,1776223651000
1776223653.131,153.131,0.9,0.91,0.09,0.1,0.01,0.01,74380.98,1776223652000
1776223653.468,153.468,0.9,0.91,0.09,0.1,0.01,0.01,74380.98,1776223652000
1776223653.816,153.816,0.91,0.92,0.08,0.09,0.01,0.01,74380.98,1776223652000
1776223654.275,154.275,0.91,0.92,0.08,0.09,0.01,0.01,74380.98,1776223652000
1776223654.617,154.617,0.91,0.92,0.08,0.09,0.01,0.01,74381.57,1776223653000
1776223654.979,154.979,0.91,0.92,0.08,0.09,0.01,0.01,74381.57,1776223653000
1776223655.337,155.337,0.91,0.92,0.08,0.09,0.01,0.01,74381.57,1776223653000
1776223655.691,155.691,0.91,0.92,0.08,0.09,0.01,0.01,74387.01,1776223654000
1776223656.116,156.116,0.9,0.91,0.09,0.1,0.01,0.01,74387.01,1776223655000
1776223657.18,157.18,0.9,0.91,0.09,0.1,0.01,0.01,74386.56,1776223656000
1776223658.247,158.247,0.9,0.91,0.09,0.1,0.01,0.01,74382.44,1776223657000
1776223658.673,158.673,0.9,0.91,0.09,0.1,0.01,0.01,74382.44,1776223657000
1776223659.022,159.022,0.9,0.92,0.08,0.1,0.02,0.02,74382.44,1776223657000
1776223659.397,159.397,0.9,0.92,0.08,0.1,0.02,0.02,74381.5,1776223658000
1776223659.813,159.813,0.91,0.92,0.08,0.1,0.01,0.02,74381.5,1776223658000
1776223661.409,161.409,0.91,0.92,0.08,0.09,0.01,0.01,74381.14,1776223659000
1776223661.744,161.744,0.91,0.92,0.08,0.09,0.01,0.01,74381.82,1776223660000
1776223662.101,162.101,0.91,0.92,0.08,0.09,0.01,0.01,74384.08,1776223661000
1776223662.484,162.484,0.91,0.92,0.08,0.09,0.01,0.01,74384.08,1776223661000
1776223663.025,163.025,0.91,0.92,0.08,0.09,0.01,0.01,74384.11,1776223662000
1776223663.816,163.816,0.91,0.92,0.08,0.09,0.01,0.01,74384.11,1776223662000
1776223664.5,164.5,0.91,0.92,0.08,0.09,0.01,0.01,74383.83,1776223663000
1776223665.066,165.066,0.91,0.92,0.08,0.09,0.01,0.01,74383.72,1776223664000
1776223665.691,165.691,0.91,0.92,0.08,0.09,0.01,0.01,74383.72,1776223664000
1776223666.043,166.043,0.91,0.92,0.08,0.09,0.01,0.01,74385.31,1776223665000
1776223666.391,166.391,0.91,0.92,0.08,0.09,0.01,0.01,74385.31,1776223665000
1776223666.938,166.938,0.91,0.92,0.08,0.09,0.01,0.01,74385.31,1776223665000
1776223667.544,167.544,0.91,0.92,0.08,0.09,0.01,0.01,74385.62,1776223666000
1776223668.058,168.058,0.91,0.92,0.08,0.09,0.01,0.01,74386.54,1776223667000
1776223668.581,168.581,0.91,0.92,0.08,0.09,0.01,0.01,74386.54,1776223667000
1776223669.065,169.065,0.91,0.92,0.08,0.09,0.01,0.01,74386.83,1776223668000
1776223669.497,169.497,0.91,0.92,0.08,0.09,0.01,0.01,74386.83,1776223668000
1776223669.958,169.958,0.91,0.92,0.08,0.09,0.01,0.01,74386.83,1776223668000
1776223670.437,170.437,0.91,0.92,0.08,0.09,0.01,0.01,74385.93,1776223669000
1776223671.132,171.132,0.91,0.92,0.08,0.09,0.01,0.01,74386.16,1776223670000
1776223671.515,171.515,0.91,0.92,0.08,0.09,0.01,0.01,74386.16,1776223670000
1776223671.897,171.897,0.91,0.92,0.08,0.09,0.01,0.01,74386.16,1776223670000
1776223672.256,172.256,0.91,0.92,0.08,0.09,0.01,0.01,74386.28,1776223671000
1776223672.604,172.604,0.91,0.92,0.08,0.09,0.01,0.01,74386.28,1776223671000
1776223672.952,172.952,0.91,0.92,0.08,0.09,0.01,0.01,74386.28,1776223671000
1776223673.317,173.317,0.91,0.92,0.08,0.09,0.01,0.01,74386.28,1776223672000
1776223674.517,174.517,0.91,0.92,0.08,0.09,0.01,0.01,74385.87,1776223673000
1776223675.255,175.255,0.91,0.92,0.08,0.09,0.01,0.01,74385.0,1776223674000
1776223675.613,175.613,0.91,0.92,0.08,0.09,0.01,0.01,74385.0,1776223674000
1776223676.212,176.212,0.91,0.92,0.08,0.09,0.01,0.01,74385.0,1776223674000
1776223676.59,176.59,0.91,0.92,0.08,0.09,0.01,0.01,74385.0,1776223674000
1776223677.541,177.541,0.91,0.92,0.08,0.09,0.01,0.01,74383.28,1776223676000
1776223677.891,177.891,0.91,0.92,0.08,0.09,0.01,0.01,74383.28,1776223676000
1776223678.24,178.24,0.91,0.92,0.08,0.09,0.01,0.01,74382.5,1776223677000
1776223678.616,178.616,0.91,0.92,0.08,0.09,0.01,0.01,74382.5,1776223677000
1776223679.204,179.204,0.91,0.92,0.08,0.09,0.01,0.01,74382.5,1776223677000
1776223679.719,179.719,0.91,0.92,0.08,0.09,0.01,0.01,74382.42,1776223678000
1776223680.288,180.288,0.91,0.92,0.08,0.09,0.01,0.01,74382.42,1776223678000
1776223680.768,180.768,0.91,0.92,0.08,0.09,0.01,0.01,74382.42,1776223679000
1776223681.21,181.21,0.91,0.92,0.08,0.09,0.01,0.01,74382.47,1776223680000
1776223681.569,181.569,0.91,0.92,0.08,0.09,0.01,0.01,74382.47,1776223680000
1776223681.946,181.946,0.9,0.92,0.08,0.09,0.02,0.01,74382.47,1776223680000
1776223682.453,182.453,0.89,0.9,0.1,0.11,0.01,0.01,74382.47,1776223680000
1776223683.077,183.077,0.91,0.92,0.08,0.09,0.01,0.01,74376.29,1776223681000
1776223683.437,183.437,0.9,0.92,0.08,0.1,0.02,0.02,74376.95,1776223682000
1776223683.825,183.825,0.91,0.92,0.08,0.09,0.01,0.01,74376.95,1776223682000
1776223684.332,184.332,0.91,0.92,0.08,0.09,0.01,0.01,74376.6,1776223683000
1776223684.968,184.968,0.91,0.92,0.08,0.09,0.01,0.01,74376.6,1776223683000
1776223685.339,185.339,0.91,0.92,0.08,0.09,0.01,0.01,74376.6,1776223683000
1776223685.69,185.69,0.89,0.91,0.08,0.1,0.02,0.02,74376.6,1776223683000
1776223686.085,186.085,0.89,0.9,0.09,0.11,0.01,0.02,74376.67,1776223684000
1776223686.671,186.671,0.89,0.9,0.1,0.11,0.01,0.01,74376.07,1776223685000
1776223687.024,187.024,0.89,0.9,0.1,0.11,0.01,0.01,74376.07,1776223685000
1776223687.397,187.397,0.89,0.9,0.1,0.11,0.01,0.01,74376.07,1776223685000
1776223687.777,187.777,0.89,0.9,0.1,0.11,0.01,0.01,74374.41,1776223686000
1776223688.268,188.268,0.89,0.9,0.1,0.11,0.01,0.01,74372.4,1776223687000
1776223689.149,189.149,0.89,0.9,0.1,0.11,0.01,0.01,74372.4,1776223687000
1776223689.498,189.498,0.87,0.88,0.12,0.13,0.01,0.01,74372.4,1776223687000
1776223689.892,189.892,0.87,0.88,0.12,0.13,0.01,0.01,74370.62,1776223688000
1776223690.304,190.304,0.87,0.88,0.12,0.13,0.01,0.01,74370.62,1776223688000
1776223691.122,191.122,0.86,0.87,0.13,0.14,0.01,0.01,74366.19,1776223689000
1776223691.47,191.47,0.86,0.87,0.13,0.14,0.01,0.01,74366.07,1776223690000
1776223691.838,191.838,0.86,0.87,0.13,0.14,0.01,0.01,74366.07,1776223690000
1776223692.451,192.451,0.85,0.86,0.13,0.15,0.01,0.02,74366.07,1776223691000
1776223692.833,192.833,0.85,0.86,0.14,0.15,0.01,0.01,74366.07,1776223691000
1776223693.193,193.193,0.85,0.86,0.14,0.15,0.01,0.01,74366.07,1776223691000
1776223693.545,193.545,0.85,0.86,0.14,0.15,0.01,0.01,74366.07,1776223691000
1776223693.931,193.931,0.85,0.88,0.12,0.15,0.03,0.03,74365.5,1776223692000
1776223694.317,194.317,0.86,0.88,0.12,0.14,0.02,0.02,74365.5,1776223692000
1776223695.162,195.162,0.86,0.88,0.12,0.14,0.02,0.02,74365.49,1776223694000
1776223695.596,195.596,0.86,0.88,0.12,0.14,0.02,0.02,74365.49,1776223694000
1776223696.102,196.102,0.88,0.89,0.11,0.12,0.01,0.01,74365.91,1776223695000
1776223697.042,197.042,0.88,0.89,0.11,0.12,0.01,0.01,74365.91,1776223695000
1776223697.376,197.376,0.88,0.89,0.11,0.12,0.01,0.01,74365.96,1776223696000
1776223697.733,197.733,0.88,0.89,0.11,0.12,0.01,0.01,74365.96,1776223696000
1776223698.132,198.132,0.88,0.89,0.11,0.12,0.01,0.01,74365.96,1776223696000
1776223698.721,198.721,0.88,0.89,0.11,0.12,0.01,0.01,74366.07,1776223697000
1776223699.102,199.102,0.88,0.89,0.11,0.12,0.01,0.01,74366.07,1776223697000
1776223699.438,199.438,0.88,0.89,0.11,0.12,0.01,0.01,74366.07,1776223698000
1776223699.89,199.89,0.88,0.89,0.11,0.12,0.01,0.01,74366.08,1776223699000
1776223700.289,200.289,0.88,0.89,0.11,0.12,0.01,0.01,74366.08,1776223699000
1776223700.674,200.674,0.88,0.89,0.11,0.12,0.01,0.01,74366.08,1776223699000
1776223701.016,201.016,0.88,0.89,0.11,0.12,0.01,0.01,74366.08,1776223700000
1776223701.465,201.465,0.88,0.89,0.11,0.12,0.01,0.01,74366.08,1776223700000
1776223701.965,201.965,0.88,0.89,0.11,0.12,0.01,0.01,74366.17,1776223701000
1776223703.083,203.083,0.88,0.89,0.11,0.12,0.01,0.01,74366.17,1776223701000
1776223703.516,203.516,0.88,0.89,0.11,0.12,0.01,0.01,74366.17,1776223702000
1776223704.107,204.107,0.88,0.89,0.11,0.12,0.01,0.01,74365.07,1776223703000
1776223704.583,204.583,0.88,0.89,0.11,0.12,0.01,0.01,74365.07,1776223703000
1776223704.975,204.975,0.88,0.89,0.11,0.12,0.01,0.01,74365.07,1776223703000
1776223705.456,205.456,0.88,0.89,0.11,0.12,0.01,0.01,74363.86,1776223704000
1776223705.887,205.887,0.88,0.89,0.11,0.13,0.01,0.02,74363.86,1776223704000
1776223706.279,206.279,0.87,0.88,0.12,0.13,0.01,0.01,74362.73,1776223705000
1776223706.93,206.93,0.87,0.88,0.12,0.13,0.01,0.01,74362.73,1776223705000
1776223707.343,207.343,0.87,0.88,0.12,0.13,0.01,0.01,74362.73,1776223705000
1776223707.739,207.739,0.87,0.88,0.12,0.13,0.01,0.01,74362.73,1776223705000
1776223708.559,208.559,0.87,0.88,0.12,0.13,0.01,0.01,74362.72,1776223707000
1776223708.897,208.897,0.87,0.88,0.12,0.13,0.01,0.01,74362.72,1776223707000
1776223709.329,209.329,0.87,0.88,0.12,0.13,0.01,0.01,74362.54,1776223708000
1776223709.798,209.798,0.87,0.88,0.12,0.13,0.01,0.01,74362.54,1776223708000
1776223710.173,210.173,0.87,0.88,0.12,0.13,0.01,0.01,74362.54,1776223708000
1776223710.517,210.517,0.87,0.88,0.12,0.13,0.01,0.01,74362.54,1776223708000
1776223710.856,210.856,0.87,0.88,0.12,0.13,0.01,0.01,74362.53,1776223709000
1776223711.196,211.196,0.87,0.88,0.12,0.13,0.01,0.01,74362.4,1776223710000
1776223711.678,211.678,0.87,0.88,0.12,0.13,0.01,0.01,74362.4,1776223710000
1776223712.146,212.146,0.87,0.88,0.12,0.13,0.01,0.01,74362.4,1776223710000
1776223713.058,213.058,0.87,0.88,0.12,0.13,0.01,0.01,74362.41,1776223711000
1776223713.441,213.441,0.87,0.88,0.12,0.13,0.01,0.01,74362.41,1776223711000
1776223713.795,213.795,0.87,0.88,0.12,0.13,0.01,0.01,74362.39,1776223712000
1776223714.258,214.258,0.87,0.88,0.12,0.13,0.01,0.01,74362.39,1776223713000
1776223714.621,214.621,0.87,0.88,0.12,0.13,0.01,0.01,74362.39,1776223713000
1776223715.148,215.148,0.87,0.88,0.12,0.13,0.01,0.01,74362.38,1776223714000
1776223715.607,215.607,0.87,0.88,0.12,0.13,0.01,0.01,74362.38,1776223714000
1776223716.057,216.057,0.87,0.88,0.12,0.13,0.01,0.01,74362.38,1776223715000
1776223716.437,216.437,0.87,0.88,0.12,0.13,0.01,0.01,74362.38,1776223715000
1776223716.813,216.813,0.87,0.88,0.12,0.13,0.01,0.01,74362.38,1776223715000
1776223717.182,217.182,0.87,0.88,0.12,0.13,0.01,0.01,74362.38,1776223715000
1776223717.578,217.578,0.87,0.88,0.12,0.13,0.01,0.01,74362.33,1776223716000
1776223717.994,217.994,0.86,0.88,0.12,0.13,0.02,0.01,74362.33,1776223716000
1776223718.345,218.345,0.86,0.87,0.13,0.14,0.01,0.01,74362.33,1776223716000
1776223718.687,218.687,0.86,0.87,0.13,0.14,0.01,0.01,74361.9,1776223717000
1776223719.056,219.056,0.86,0.87,0.13,0.14,0.01,0.01,74361.82,1776223718000
1776223719.569,219.569,0.86,0.87,0.13,0.14,0.01,0.01,74361.82,1776223718000
1776223719.91,219.91,0.86,0.87,0.13,0.14,0.01,0.01,74361.82,1776223718000
1776223720.273,220.273,0.85,0.86,0.13,0.15,0.01,0.02,74357.34,1776223719000
1776223720.608,220.608,0.85,0.86,0.14,0.15,0.01,0.01,74357.34,1776223719000
1776223721.334,221.334,0.85,0.86,0.14,0.15,0.01,0.01,74356.63,1776223720000
1776223721.84,221.84,0.85,0.86,0.14,0.15,0.01,0.01,74356.63,1776223720000
1776223722.298,222.298,0.85,0.86,0.14,0.15,0.01,0.01,74356.63,1776223720000
1776223722.769,222.769,0.85,0.86,0.14,0.15,0.01,0.01,74356.63,1776223720000
1776223723.305,223.305,0.85,0.86,0.14,0.15,0.01,0.01,74355.13,1776223722000
1776223723.837,223.837,0.86,0.87,0.14,0.15,0.01,0.01,74355.13,1776223722000
1776223724.23,224.23,0.86,0.87,0.13,0.14,0.01,0.01,74355.14,1776223723000
1776223724.631,224.631,0.86,0.87,0.13,0.14,0.01,0.01,74355.14,1776223723000
1776223724.981,224.981,0.86,0.87,0.13,0.14,0.01,0.01,74355.14,1776223723000
1776223725.332,225.332,0.86,0.87,0.13,0.14,0.01,0.01,74355.1,1776223724000
1776223725.702,225.702,0.86,0.87,0.13,0.14,0.01,0.01,74355.1,1776223724000
1776223726.154,226.154,0.86,0.87,0.13,0.14,0.01,0.01,74355.1,1776223725000
1776223726.966,226.966,0.86,0.87,0.13,0.14,0.01,0.01,74355.09,1776223726000
1776223727.341,227.341,0.86,0.89,0.13,0.14,0.03,0.01,74355.09,1776223726000
1776223727.976,227.976,0.88,0.89,0.11,0.14,0.01,0.03,74355.09,1776223726000
1776223728.648,228.648,0.88,0.89,0.11,0.12,0.01,0.01,74355.07,1776223727000
1776223729.135,229.135,0.88,0.89,0.11,0.12,0.01,0.01,74355.07,1776223727000
1776223729.53,229.53,0.88,0.89,0.11,0.12,0.01,0.01,74354.63,1776223728000
1776223729.989,229.989,0.88,0.89,0.1,0.12,0.01,0.02,74354.63,1776223728000
1776223730.449,230.449,0.88,0.89,0.11,0.12,0.01,0.01,74354.63,1776223729000
1776223730.989,230.989,0.88,0.89,0.11,0.13,0.01,0.02,74354.63,1776223729000
1776223731.343,231.343,0.88,0.89,0.11,0.12,0.01,0.01,74354.63,1776223729000
1776223731.697,231.697,0.88,0.89,0.11,0.12,0.01,0.01,74354.69,1776223730000
1776223732.578,232.578,0.88,0.89,0.11,0.12,0.01,0.01,74354.69,1776223731000
1776223732.957,232.957,0.88,0.89,0.11,0.12,0.01,0.01,74354.68,1776223732000
1776223733.45,233.45,0.88,0.91,0.11,0.12,0.03,0.01,74354.68,1776223732000
1776223733.914,233.914,0.89,0.9,0.1,0.11,0.01,0.01,74354.68,1776223732000
1776223734.379,234.379,0.89,0.9,0.1,0.11,0.01,0.01,74354.68,1776223733000
1776223735.182,235.182,0.89,0.9,0.1,0.11,0.01,0.01,74354.68,1776223733000
1776223735.75,235.75,0.89,0.9,0.1,0.11,0.01,0.01,74354.62,1776223734000
1776223736.297,236.297,0.89,0.9,0.1,0.11,0.01,0.01,74354.62,1776223735000
1776223736.832,236.832,0.89,0.9,0.1,0.11,0.01,0.01,74354.62,1776223735000
1776223737.374,237.374,0.89,0.9,0.1,0.11,0.01,0.01,74354.58,1776223736000
1776223737.788,237.788,0.89,0.9,0.1,0.11,0.01,0.01,74354.58,1776223736000
1776223738.346,238.346,0.87,0.88,0.1,0.13,0.01,0.03,74354.58,1776223736000
1776223738.754,238.754,0.86,0.87,0.13,0.14,0.01,0.01,74354.23,1776223737000
1776223739.111,239.111,0.86,0.87,0.13,0.14,0.01,0.01,74354.32,1776223738000
1776223739.466,239.466,0.86,0.87,0.13,0.14,0.01,0.01,74354.32,1776223738000
1776223739.967,239.967,0.86,0.87,0.13,0.14,0.01,0.01,74354.32,1776223738000
1776223740.335,240.335,0.84,0.85,0.13,0.16,0.01,0.03,74354.32,1776223738000
1776223740.797,240.797,0.84,0.85,0.15,0.16,0.01,0.01,74354.32,1776223738000
1776223741.29,241.29,0.84,0.85,0.15,0.16,0.01,0.01,74352.85,1776223739000
1776223741.757,241.757,0.84,0.85,0.15,0.16,0.01,0.01,74351.15,1776223740000
1776223742.155,242.155,0.84,0.85,0.15,0.16,0.01,0.01,74349.56,1776223741000
1776223742.546,242.546,0.84,0.85,0.15,0.16,0.01,0.01,74349.56,1776223741000
1776223742.882,242.882,0.84,0.85,0.15,0.16,0.01,0.01,74349.56,1776223741000
1776223743.315,243.315,0.83,0.84,0.16,0.17,0.01,0.01,74349.08,1776223742000
1776223743.691,243.691,0.83,0.84,0.16,0.17,0.01,0.01,74349.08,1776223742000
1776223744.095,244.095,0.81,0.82,0.17,0.2,0.01,0.03,74349.08,1776223742000
1776223744.431,244.431,0.81,0.82,0.18,0.19,0.01,0.01,74349.08,1776223742000
1776223744.956,244.956,0.81,0.82,0.18,0.19,0.01,0.01,74349.06,1776223743000
1776223745.337,245.337,0.81,0.82,0.18,0.19,0.01,0.01,74347.86,1776223744000
1776223745.685,245.685,0.8,0.81,0.19,0.2,0.01,0.01,74347.86,1776223744000
1776223746.018,246.018,0.8,0.81,0.19,0.2,0.01,0.01,74347.86,1776223744000
1776223746.373,246.373,0.8,0.81,0.19,0.2,0.01,0.01,74347.86,1776223744000
1776223746.783,246.783,0.8,0.81,0.19,0.2,0.01,0.01,74347.86,1776223744000
1776223747.215,247.215,0.79,0.8,0.19,0.2,0.01,0.01,74345.38,1776223745000
1776223747.553,247.553,0.78,0.79,0.21,0.22,0.01,0.01,74344.82,1776223746000
1776223747.906,247.906,0.77,0.78,0.22,0.23,0.01,0.01,74344.82,1776223746000
1776223748.258,248.258,0.76,0.77,0.23,0.24,0.01,0.01,74342.42,1776223747000
1776223748.599,248.599,0.74,0.77,0.23,0.25,0.03,0.02,74342.42,1776223747000
1776223748.991,248.991,0.76,0.77,0.23,0.24,0.01,0.01,74342.42,1776223747000
1776223749.335,249.335,0.75,0.76,0.24,0.25,0.01,0.01,74342.42,1776223747000
1776223749.69,249.69,0.74,0.75,0.24,0.25,0.01,0.01,74342.42,1776223747000
1776223750.06,250.06,0.74,0.75,0.25,0.26,0.01,0.01,74337.2,1776223748000
1776223750.431,250.431,0.74,0.75,0.25,0.26,0.01,0.01,74337.2,1776223748000
1776223750.766,250.766,0.74,0.75,0.25,0.26,0.01,0.01,74337.1,1776223749000
1776223751.157,251.157,0.74,0.75,0.25,0.26,0.01,0.01,74337.1,1776223749000
1776223751.535,251.535,0.73,0.74,0.26,0.27,0.01,0.01,74336.02,1776223750000
1776223751.869,251.869,0.72,0.73,0.27,0.28,0.01,0.01,74336.02,1776223750000
1776223752.293,252.293,0.71,0.72,0.27,0.28,0.01,0.01,74336.02,1776223750000
1776223752.688,252.688,0.71,0.72,0.28,0.29,0.01,0.01,74334.06,1776223751000
1776223753.105,253.105,0.71,0.72,0.28,0.29,0.01,0.01,74332.82,1776223752000
1776223753.586,253.586,0.72,0.73,0.27,0.28,0.01,0.01,74332.82,1776223752000
1776223754.059,254.059,0.72,0.73,0.27,0.28,0.01,0.01,74332.82,1776223752000
1776223754.7,254.7,0.72,0.73,0.27,0.28,0.01,0.01,74332.76,1776223753000
1776223755.066,255.066,0.72,0.73,0.27,0.28,0.01,0.01,74332.76,1776223753000
1776223755.431,255.431,0.69,0.7,0.28,0.3,0.01,0.02,74332.76,1776223753000
1776223755.931,255.931,0.68,0.69,0.31,0.34,0.01,0.03,74332.76,1776223753000
1776223756.388,256.388,0.66,0.67,0.33,0.34,0.01,0.01,74333.54,1776223754000
1776223756.816,256.816,0.65,0.66,0.34,0.35,0.01,0.01,74333.48,1776223755000
1776223757.297,257.297,0.63,0.64,0.35,0.36,0.01,0.01,74333.07,1776223756000
1776223757.769,257.769,0.62,0.64,0.36,0.37,0.02,0.01,74333.07,1776223756000
1776223758.127,258.127,0.6,0.63,0.37,0.4,0.03,0.03,74331.11,1776223757000
1776223758.464,258.464,0.6,0.61,0.39,0.4,0.01,0.01,74331.11,1776223757000
1776223758.817,258.817,0.6,0.61,0.39,0.4,0.01,0.01,74331.11,1776223757000
1776223759.151,259.151,0.6,0.61,0.39,0.4,0.01,0.01,74328.47,1776223758000
1776223759.494,259.494,0.59,0.6,0.39,0.41,0.01,0.02,74328.47,1776223758000
1776223759.867,259.867,0.59,0.6,0.4,0.41,0.01,0.01,74328.47,1776223758000
1776223760.203,260.203,0.59,0.6,0.4,0.41,0.01,0.01,74324.89,1776223759000
1776223760.538,260.538,0.59,0.6,0.4,0.41,0.01,0.01,74324.89,1776223759000
1776223760.893,260.893,0.59,0.6,0.4,0.41,0.01,0.01,74324.89,1776223759000
1776223761.31,261.31,0.59,0.6,0.4,0.41,0.01,0.01,74319.85,1776223760000
1776223761.649,261.649,0.59,0.61,0.4,0.41,0.02,0.01,74319.85,1776223760000
1776223761.996,261.996,0.6,0.61,0.39,0.4,0.01,0.01,74321.26,1776223761000
1776223762.417,262.417,0.6,0.61,0.39,0.4,0.01,0.01,74321.26,1776223761000
1776223762.825,262.825,0.59,0.6,0.4,0.41,0.01,0.01,74321.26,1776223761000
1776223763.203,263.203,0.59,0.6,0.4,0.41,0.01,0.01,74321.85,1776223762000
1776223763.561,263.561,0.58,0.59,0.41,0.43,0.01,0.02,74321.85,1776223762000
1776223763.9,263.9,0.57,0.59,0.41,0.42,0.02,0.01,74321.85,1776223762000
1776223764.263,264.263,0.57,0.58,0.42,0.43,0.01,0.01,74321.84,1776223763000
1776223764.661,264.661,0.57,0.58,0.42,0.43,0.01,0.01,74321.84,1776223763000
1776223765.016,265.016,0.56,0.58,0.42,0.43,0.02,0.01,74321.49,1776223764000
1776223765.376,265.376,0.56,0.57,0.43,0.44,0.01,0.01,74321.49,1776223764000
1776223765.794,265.794,0.56,0.57,0.43,0.44,0.01,0.01,74321.49,1776223764000
1776223766.249,266.249,0.56,0.57,0.43,0.44,0.01,0.01,74321.19,1776223765000
1776223766.586,266.586,0.56,0.57,0.43,0.44,0.01,0.01,74321.19,1776223765000
1776223766.999,266.999,0.56,0.57,0.43,0.44,0.01,0.01,74321.18,1776223766000
1776223767.501,267.501,0.55,0.56,0.43,0.44,0.01,0.01,74321.18,1776223766000
1776223768.004,268.004,0.54,0.56,0.44,0.46,0.02,0.02,74321.15,1776223767000
1776223768.371,268.371,0.53,0.54,0.46,0.47,0.01,0.01,74321.15,1776223767000
1776223768.715,268.715,0.53,0.54,0.46,0.47,0.01,0.01,74321.15,1776223767000
1776223769.076,269.076,0.53,0.54,0.46,0.47,0.01,0.01,74321.17,1776223768000
1776223769.414,269.414,0.53,0.54,0.46,0.47,0.01,0.01,74321.17,1776223768000
1776223769.833,269.833,0.53,0.54,0.46,0.47,0.01,0.01,74321.17,1776223768000
1776223770.302,270.302,0.53,0.54,0.46,0.47,0.01,0.01,74321.16,1776223769000
1776223770.638,270.638,0.52,0.53,0.46,0.48,0.01,0.02,74321.16,1776223769000
1776223770.983,270.983,0.52,0.53,0.47,0.48,0.01,0.01,74321.17,1776223770000
1776223771.395,271.395,0.52,0.53,0.47,0.48,0.01,0.01,74321.17,1776223770000
1776223771.807,271.807,0.52,0.53,0.47,0.48,0.01,0.01,74321.17,1776223770000
1776223772.169,272.169,0.52,0.53,0.47,0.48,0.01,0.01,74321.17,1776223770000
1776223772.513,272.513,0.52,0.53,0.47,0.48,0.01,0.01,74321.17,1776223771000
1776223772.936,272.936,0.52,0.53,0.47,0.48,0.01,0.01,74321.17,1776223771000
1776223773.297,273.297,0.52,0.53,0.47,0.48,0.01,0.01,74321.17,1776223771000
1776223773.69,273.69,0.52,0.53,0.47,0.48,0.01,0.01,74321.19,1776223772000
1776223774.052,274.052,0.52,0.53,0.47,0.48,0.01,0.01,74321.19,1776223772000
1776223774.388,274.388,0.51,0.52,0.48,0.49,0.01,0.01,74321.19,1776223773000
1776223774.829,274.829,0.51,0.52,0.48,0.49,0.01,0.01,74321.19,1776223773000
1776223775.192,275.192,0.51,0.52,0.48,0.49,0.01,0.01,74321.2,1776223774000
1776223775.574,275.574,0.48,0.49,0.48,0.52,0.01,0.04,74321.2,1776223774000
1776223775.961,275.961,0.47,0.48,0.52,0.53,0.01,0.01,74321.2,1776223774000
1776223776.317,276.317,0.43,0.44,0.55,0.57,0.01,0.02,74321.19,1776223775000
1776223776.683,276.683,0.43,0.44,0.56,0.57,0.01,0.01,74321.19,1776223775000
1776223777.02,277.02,0.41,0.42,0.57,0.59,0.01,0.02,74319.37,1776223776000
1776223777.441,277.441,0.41,0.42,0.58,0.59,0.01,0.01,74319.37,1776223776000
1776223777.834,277.834,0.38,0.39,0.6,0.61,0.01,0.01,74319.37,1776223776000
1776223778.304,278.304,0.37,0.38,0.61,0.62,0.01,0.01,74317.45,1776223777000
1776223778.682,278.682,0.36,0.37,0.62,0.63,0.01,0.01,74317.45,1776223777000
1776223779.1,279.1,0.36,0.37,0.63,0.64,0.01,0.01,74317.44,1776223778000
1776223779.445,279.445,0.42,0.43,0.57,0.58,0.01,0.01,74317.44,1776223778000
1776223779.846,279.846,0.44,0.45,0.55,0.56,0.01,0.01,74317.44,1776223778000
1776223780.221,280.221,0.44,0.45,0.55,0.56,0.01,0.01,74316.92,1776223779000
1776223780.597,280.597,0.44,0.45,0.55,0.56,0.01,0.01,74316.92,1776223779000
1776223781.026,281.026,0.43,0.44,0.55,0.57,0.01,0.02,74316.92,1776223779000
1776223781.365,281.365,0.38,0.44,0.56,0.62,0.06,0.06,74316.93,1776223780000
1776223781.848,281.848,0.38,0.39,0.61,0.62,0.01,0.01,74316.93,1776223780000
1776223782.237,282.237,0.38,0.39,0.61,0.62,0.01,0.01,74316.93,1776223780000
1776223782.713,282.713,0.38,0.39,0.61,0.62,0.01,0.01,74316.93,1776223780000
1776223783.053,283.053,0.37,0.38,0.62,0.63,0.01,0.01,74317.71,1776223781000
1776223783.424,283.424,0.37,0.38,0.62,0.63,0.01,0.01,74317.71,1776223781000
1776223784.052,284.052,0.41,0.42,0.58,0.6,0.01,0.02,74317.71,1776223781000
1776223784.385,284.385,0.42,0.43,0.57,0.6,0.01,0.03,74317.51,1776223782000
1776223784.842,284.842,0.42,0.43,0.57,0.58,0.01,0.01,74317.69,1776223783000
1776223785.237,285.237,0.42,0.43,0.57,0.58,0.01,0.01,74317.69,1776223783000
1776223785.588,285.588,0.42,0.43,0.57,0.58,0.01,0.01,74317.69,1776223783000
1776223785.984,285.984,0.41,0.42,0.58,0.59,0.01,0.01,74317.69,1776223784000
1776223786.457,286.457,0.41,0.42,0.58,0.59,0.01,0.01,74317.69,1776223785000
1776223786.889,286.889,0.41,0.42,0.58,0.59,0.01,0.01,74317.69,1776223785000
1776223787.342,287.342,0.4,0.41,0.58,0.59,0.01,0.01,74317.9,1776223786000
1776223787.708,287.708,0.4,0.41,0.59,0.6,0.01,0.01,74317.9,1776223786000
1776223788.163,288.163,0.39,0.4,0.6,0.61,0.01,0.01,74317.9,1776223786000
1776223788.6,288.6,0.39,0.4,0.6,0.61,0.01,0.01,74318.08,1776223787000
1776223789.062,289.062,0.35,0.36,0.64,0.65,0.01,0.01,74318.37,1776223788000
1776223789.482,289.482,0.35,0.36,0.64,0.65,0.01,0.01,74318.37,1776223788000
1776223789.826,289.826,0.35,0.36,0.64,0.65,0.01,0.01,74318.37,1776223788000
1776223790.336,290.336,0.35,0.36,0.64,0.65,0.01,0.01,74318.37,1776223788000
1776223790.728,290.728,0.35,0.36,0.64,0.65,0.01,0.01,74318.38,1776223789000
1776223791.064,291.064,0.35,0.36,0.64,0.65,0.01,0.01,74318.38,1776223789000
1776223791.4,291.4,0.33,0.34,0.64,0.67,0.01,0.03,74318.38,1776223790000
1776223791.753,291.753,0.32,0.33,0.67,0.68,0.01,0.01,74318.38,1776223790000
1776223792.107,292.107,0.3,0.31,0.68,0.7,0.01,0.02,74318.38,1776223790000
1776223792.498,292.498,0.29,0.3,0.69,0.71,0.01,0.02,74318.38,1776223791000
1776223793.183,293.183,0.26,0.27,0.7,0.74,0.01,0.04,74318.38,1776223791000
1776223793.517,293.517,0.26,0.27,0.73,0.74,0.01,0.01,74318.38,1776223791000
1776223793.934,293.934,0.26,0.27,0.73,0.74,0.01,0.01,74318.38,1776223792000
1776223794.377,294.377,0.25,0.26,0.74,0.75,0.01,0.01,74318.38,1776223793000
1776223794.727,294.727,0.22,0.24,0.76,0.77,0.02,0.01,74318.38,1776223793000
1776223795.112,295.112,0.22,0.23,0.77,0.78,0.01,0.01,74318.38,1776223794000
1776223795.49,295.49,0.22,0.23,0.77,0.78,0.01,0.01,74318.38,1776223794000
1776223795.873,295.873,0.18,0.21,0.78,0.81,0.03,0.03,74318.38,1776223794000
1776223796.206,296.206,0.16,0.17,0.83,0.84,0.01,0.01,74318.38,1776223794000
1776223796.577,296.577,0.15,0.16,0.84,0.85,0.01,0.01,74318.38,1776223795000
1776223797.114,297.114,0.13,0.14,0.86,0.87,0.01,0.01,74318.38,1776223795000
1776223797.462,297.462,0.13,0.14,0.86,0.87,0.01,0.01,74318.07,1776223796000
1776223797.804,297.804,0.12,0.13,0.87,0.88,0.01,0.01,74318.07,1776223796000
1776223798.149,298.149,0.1,0.12,0.88,0.89,0.02,0.01,74317.1,1776223797000
1776223798.504,298.504,0.05,0.07,0.92,0.94,0.02,0.02,74317.1,1776223797000
1776223798.913,298.913,0.03,0.04,0.95,0.97,0.01,0.02,74317.1,1776223797000
1776223799.257,299.257,0.02,0.03,0.97,0.98,0.01,0.01,74317.1,1776223797000
1776223799.617,299.617,0.01,0.02,0.98,0.99,0.01,0.01,74317.1,1776223797000
1776223799.955,299.955,0.01,0.02,0.98,0.99,0.01,0.01,74317.08,1776223798000
1776223800.34,300.34,0.01,0.01,0.99,0.99,0.0,0.0,74317.08,1776223798000
1776223800.698,300.698,0.01,0.01,0.99,0.99,0.0,0.0,74317.02,1776223799000
1776223801.087,301.087,0.01,0.01,0.99,0.99,0.0,0.0,74317.02,1776223800000
1776223802.239,302.239,0.01,0.01,0.99,0.99,0.0,0.0,74316.88,1776223801000
1776223802.938,302.938,0.01,0.01,0.99,0.99,0.0,0.0,74314.9,1776223802000

# RESULT,winner=Down,slug=btc-updown-5m-1776223500,ticks=668
