timestamp,elapsed_sec,up_bid,up_ask,down_bid,down_ask,up_spread,down_spread,btc_price,btc_oracle_ts
1776230700.611,0.611,0.64,0.65,0.35,0.36,0.01,0.01,74146.38,1776230699000
1776230700.98,0.98,0.64,0.65,0.35,0.36,0.01,0.01,74146.38,1776230699000
1776230701.335,1.335,0.64,0.65,0.35,0.36,0.01,0.01,74147.52,1776230700000
1776230701.737,1.737,0.64,0.65,0.35,0.36,0.01,0.01,74147.52,1776230700000
1776230702.105,2.105,0.64,0.65,0.35,0.36,0.01,0.01,74149.42,1776230701000
1776230702.446,2.446,0.64,0.65,0.35,0.36,0.01,0.01,74149.42,1776230701000
1776230702.788,2.788,0.62,0.64,0.36,0.38,0.02,0.02,74149.42,1776230701000
1776230703.202,3.202,0.61,0.62,0.37,0.39,0.01,0.02,74149.65,1776230702000
1776230703.601,3.601,0.61,0.62,0.38,0.39,0.01,0.01,74149.65,1776230702000
1776230703.976,3.976,0.6,0.62,0.38,0.4,0.02,0.02,74149.67,1776230703000
1776230704.316,4.316,0.6,0.61,0.39,0.4,0.01,0.01,74149.67,1776230703000
1776230704.653,4.653,0.6,0.61,0.39,0.4,0.01,0.01,74149.67,1776230703000
1776230704.998,4.998,0.6,0.61,0.39,0.4,0.01,0.01,74149.67,1776230704000
1776230705.368,5.368,0.6,0.61,0.39,0.4,0.01,0.01,74149.67,1776230704000
1776230705.711,5.711,0.6,0.61,0.39,0.4,0.01,0.01,74149.67,1776230704000
1776230706.055,6.055,0.6,0.61,0.39,0.4,0.01,0.01,74149.67,1776230704000
1776230706.4,6.4,0.6,0.61,0.39,0.4,0.01,0.01,74149.67,1776230704000
1776230706.925,6.925,0.6,0.61,0.39,0.4,0.01,0.01,74149.65,1776230705000
1776230707.262,7.262,0.6,0.61,0.39,0.4,0.01,0.01,74149.65,1776230706000
1776230707.614,7.614,0.61,0.62,0.38,0.39,0.01,0.01,74149.65,1776230706000
1776230708.006,8.006,0.61,0.62,0.38,0.39,0.01,0.01,74149.65,1776230706000
1776230708.355,8.355,0.61,0.62,0.38,0.39,0.01,0.01,74149.65,1776230707000
1776230708.698,8.698,0.61,0.62,0.38,0.39,0.01,0.01,74149.65,1776230707000
1776230709.052,9.052,0.61,0.62,0.38,0.39,0.01,0.01,74149.65,1776230707000
1776230709.392,9.392,0.61,0.62,0.38,0.39,0.01,0.01,74149.92,1776230708000
1776230709.743,9.743,0.61,0.62,0.38,0.39,0.01,0.01,74149.92,1776230708000
1776230710.098,10.098,0.61,0.62,0.38,0.39,0.01,0.01,74149.92,1776230708000
1776230710.452,10.452,0.61,0.63,0.38,0.39,0.02,0.01,74151.4,1776230709000
1776230710.818,10.818,0.61,0.62,0.38,0.39,0.01,0.01,74151.4,1776230709000
1776230711.229,11.229,0.61,0.62,0.38,0.39,0.01,0.01,74151.4,1776230709000
1776230711.592,11.592,0.61,0.62,0.38,0.39,0.01,0.01,74151.45,1776230710000
1776230711.942,11.942,0.61,0.62,0.38,0.39,0.01,0.01,74151.45,1776230710000
1776230712.313,12.313,0.61,0.62,0.38,0.39,0.01,0.01,74151.45,1776230710000
1776230712.656,12.656,0.61,0.62,0.38,0.39,0.01,0.01,74151.53,1776230711000
1776230713.003,13.003,0.61,0.62,0.38,0.39,0.01,0.01,74151.53,1776230711000
1776230713.564,13.564,0.61,0.62,0.38,0.39,0.01,0.01,74151.55,1776230712000
1776230714.023,14.023,0.61,0.62,0.38,0.39,0.01,0.01,74151.79,1776230713000
1776230714.385,14.385,0.61,0.62,0.38,0.39,0.01,0.01,74151.79,1776230713000
1776230714.746,14.746,0.61,0.62,0.38,0.39,0.01,0.01,74151.79,1776230713000
1776230715.148,15.148,0.61,0.62,0.38,0.39,0.01,0.01,74151.82,1776230714000
1776230715.488,15.488,0.62,0.65,0.37,0.39,0.03,0.02,74151.82,1776230714000
1776230715.826,15.826,0.62,0.63,0.37,0.38,0.01,0.01,74151.82,1776230714000
1776230716.239,16.239,0.62,0.63,0.37,0.38,0.01,0.01,74152.05,1776230715000
1776230716.714,16.714,0.62,0.63,0.36,0.38,0.01,0.02,74152.05,1776230715000
1776230717.128,17.128,0.62,0.63,0.37,0.38,0.01,0.01,74152.05,1776230715000
1776230717.545,17.545,0.63,0.64,0.36,0.37,0.01,0.01,74152.13,1776230716000
1776230717.925,17.925,0.63,0.64,0.36,0.37,0.01,0.01,74152.13,1776230716000
1776230718.456,18.456,0.63,0.64,0.36,0.37,0.01,0.01,74152.13,1776230716000
1776230719.091,19.091,0.63,0.64,0.36,0.37,0.01,0.01,74152.99,1776230718000
1776230719.459,19.459,0.63,0.64,0.36,0.37,0.01,0.01,74152.99,1776230718000
1776230719.96,19.96,0.64,0.65,0.35,0.37,0.01,0.02,74152.99,1776230718000
1776230720.335,20.335,0.64,0.65,0.34,0.36,0.01,0.02,74152.99,1776230718000
1776230720.704,20.704,0.64,0.65,0.35,0.36,0.01,0.01,74152.56,1776230719000
1776230721.056,21.056,0.64,0.65,0.35,0.36,0.01,0.01,74152.56,1776230719000
1776230721.483,21.483,0.63,0.65,0.35,0.36,0.02,0.01,74152.56,1776230720000
1776230721.821,21.821,0.6,0.65,0.36,0.4,0.05,0.04,74152.56,1776230720000
1776230722.158,22.158,0.59,0.6,0.39,0.4,0.01,0.01,74152.56,1776230720000
1776230722.567,22.567,0.59,0.6,0.4,0.41,0.01,0.01,74158.06,1776230721000
1776230722.913,22.913,0.58,0.59,0.41,0.42,0.01,0.01,74158.06,1776230721000
1776230723.257,23.257,0.58,0.59,0.41,0.42,0.01,0.01,74158.06,1776230721000
1776230723.591,23.591,0.58,0.59,0.41,0.42,0.01,0.01,74155.93,1776230722000
1776230724.015,24.015,0.58,0.59,0.41,0.42,0.01,0.01,74155.93,1776230722000
1776230724.372,24.372,0.58,0.59,0.41,0.42,0.01,0.01,74149.79,1776230723000
1776230724.705,24.705,0.57,0.58,0.42,0.43,0.01,0.01,74149.79,1776230723000
1776230725.112,25.112,0.56,0.58,0.42,0.43,0.02,0.01,74149.79,1776230723000
1776230725.457,25.457,0.57,0.58,0.42,0.43,0.01,0.01,74145.02,1776230724000
1776230725.811,25.811,0.57,0.58,0.42,0.43,0.01,0.01,74145.02,1776230724000
1776230726.169,26.169,0.57,0.58,0.42,0.43,0.01,0.01,74145.02,1776230724000
1776230726.571,26.571,0.56,0.57,0.43,0.44,0.01,0.01,74143.9,1776230725000
1776230726.935,26.935,0.56,0.57,0.43,0.44,0.01,0.01,74143.9,1776230725000
1776230727.274,27.274,0.56,0.57,0.43,0.44,0.01,0.01,74143.9,1776230725000
1776230727.627,27.627,0.56,0.57,0.43,0.44,0.01,0.01,74142.98,1776230726000
1776230727.964,27.964,0.56,0.57,0.43,0.44,0.01,0.01,74142.98,1776230727000
1776230728.301,28.301,0.56,0.57,0.43,0.44,0.01,0.01,74142.98,1776230727000
1776230728.687,28.687,0.56,0.57,0.43,0.44,0.01,0.01,74142.98,1776230727000
1776230729.034,29.034,0.55,0.57,0.43,0.44,0.02,0.01,74143.66,1776230728000
1776230729.548,29.548,0.56,0.57,0.43,0.44,0.01,0.01,74143.66,1776230728000
1776230729.954,29.954,0.56,0.57,0.43,0.44,0.01,0.01,74143.66,1776230728000
1776230730.366,30.366,0.56,0.57,0.43,0.44,0.01,0.01,74142.98,1776230729000
1776230730.735,30.735,0.56,0.57,0.43,0.45,0.01,0.02,74142.98,1776230729000
1776230731.099,31.099,0.55,0.57,0.43,0.44,0.02,0.01,74142.98,1776230729000
1776230731.464,31.464,0.55,0.56,0.44,0.45,0.01,0.01,74142.08,1776230730000
1776230731.855,31.855,0.55,0.56,0.44,0.45,0.01,0.01,74142.08,1776230730000
1776230732.188,32.188,0.55,0.56,0.44,0.45,0.01,0.01,74142.08,1776230730000
1776230732.536,32.536,0.55,0.57,0.43,0.45,0.02,0.02,74142.74,1776230731000
1776230732.929,32.929,0.55,0.56,0.44,0.45,0.01,0.01,74142.74,1776230731000
1776230733.263,33.263,0.54,0.56,0.44,0.46,0.02,0.02,74142.74,1776230731000
1776230733.625,33.625,0.54,0.55,0.45,0.46,0.01,0.01,74143.07,1776230732000
1776230733.994,33.994,0.55,0.56,0.44,0.46,0.01,0.02,74143.07,1776230732000
1776230734.345,34.345,0.54,0.56,0.44,0.46,0.02,0.02,74141.39,1776230733000
1776230734.966,34.966,0.55,0.56,0.44,0.45,0.01,0.01,74141.39,1776230733000
1776230735.304,35.304,0.54,0.55,0.45,0.46,0.01,0.01,74141.39,1776230733000
1776230735.649,35.649,0.55,0.56,0.44,0.46,0.01,0.02,74138.57,1776230734000
1776230736.066,36.066,0.54,0.55,0.45,0.46,0.01,0.01,74138.57,1776230734000
1776230736.427,36.427,0.54,0.55,0.45,0.46,0.01,0.01,74138.57,1776230734000
1776230736.792,36.792,0.54,0.55,0.45,0.46,0.01,0.01,74138.97,1776230735000
1776230737.332,37.332,0.54,0.55,0.45,0.46,0.01,0.01,74138.97,1776230735000
1776230737.692,37.692,0.54,0.55,0.45,0.46,0.01,0.01,74138.71,1776230736000
1776230738.027,38.027,0.54,0.55,0.45,0.46,0.01,0.01,74138.71,1776230736000
1776230738.408,38.408,0.54,0.55,0.45,0.46,0.01,0.01,74138.59,1776230737000
1776230738.744,38.744,0.55,0.58,0.42,0.45,0.03,0.03,74138.59,1776230737000
1776230739.166,39.166,0.57,0.58,0.42,0.44,0.01,0.02,74138.59,1776230737000
1776230739.509,39.509,0.57,0.58,0.42,0.43,0.01,0.01,74138.42,1776230738000
1776230739.904,39.904,0.57,0.58,0.42,0.43,0.01,0.01,74138.42,1776230738000
1776230740.401,40.401,0.57,0.58,0.42,0.43,0.01,0.01,74138.42,1776230739000
1776230740.735,40.735,0.57,0.58,0.42,0.43,0.01,0.01,74138.42,1776230739000
1776230741.207,41.207,0.57,0.58,0.42,0.43,0.01,0.01,74138.42,1776230739000
1776230741.569,41.569,0.57,0.58,0.42,0.43,0.01,0.01,74140.67,1776230740000
1776230741.934,41.934,0.57,0.59,0.42,0.43,0.02,0.01,74140.67,1776230740000
1776230742.3,42.3,0.57,0.59,0.41,0.43,0.02,0.02,74140.9,1776230741000
1776230742.668,42.668,0.57,0.58,0.41,0.43,0.01,0.02,74140.9,1776230741000
1776230743.24,43.24,0.57,0.6,0.4,0.43,0.03,0.03,74140.98,1776230742000
1776230743.972,43.972,0.59,0.6,0.4,0.42,0.01,0.02,74140.98,1776230742000
1776230744.364,44.364,0.59,0.6,0.4,0.41,0.01,0.01,74142.38,1776230743000
1776230744.78,44.78,0.59,0.61,0.4,0.41,0.02,0.01,74142.38,1776230743000
1776230745.191,45.191,0.6,0.62,0.38,0.4,0.02,0.02,74144.78,1776230744000
1776230745.547,45.547,0.62,0.65,0.36,0.38,0.03,0.02,74144.78,1776230744000
1776230745.887,45.887,0.64,0.65,0.36,0.37,0.01,0.01,74144.78,1776230744000
1776230746.22,46.22,0.64,0.65,0.35,0.36,0.01,0.01,74144.78,1776230744000
1776230746.56,46.56,0.64,0.65,0.35,0.36,0.01,0.01,74145.82,1776230745000
1776230746.949,46.949,0.65,0.67,0.33,0.35,0.02,0.02,74145.82,1776230745000
1776230747.474,47.474,0.66,0.67,0.34,0.35,0.01,0.01,74152.66,1776230746000
1776230747.862,47.862,0.66,0.67,0.33,0.34,0.01,0.01,74152.66,1776230746000
1776230748.457,48.457,0.66,0.67,0.33,0.34,0.01,0.01,74152.66,1776230746000
1776230748.835,48.835,0.66,0.67,0.33,0.34,0.01,0.01,74155.76,1776230747000
1776230749.292,49.292,0.66,0.67,0.33,0.34,0.01,0.01,74155.76,1776230747000
1776230749.635,49.635,0.67,0.68,0.32,0.33,0.01,0.01,74155.93,1776230748000
1776230750.189,50.189,0.66,0.67,0.33,0.34,0.01,0.01,74155.93,1776230748000
1776230750.539,50.539,0.65,0.66,0.33,0.35,0.01,0.02,74155.93,1776230748000
1776230750.917,50.917,0.65,0.66,0.34,0.35,0.01,0.01,74158.7,1776230749000
1776230751.305,51.305,0.63,0.65,0.35,0.36,0.02,0.01,74158.7,1776230749000
1776230751.791,51.791,0.62,0.63,0.37,0.38,0.01,0.01,74158.91,1776230750000
1776230752.157,52.157,0.61,0.62,0.38,0.39,0.01,0.01,74158.91,1776230750000
1776230752.505,52.505,0.61,0.62,0.38,0.39,0.01,0.01,74158.7,1776230751000
1776230752.903,52.903,0.61,0.62,0.38,0.39,0.01,0.01,74158.7,1776230751000
1776230753.406,53.406,0.61,0.62,0.38,0.39,0.01,0.01,74158.7,1776230751000
1776230753.76,53.76,0.62,0.63,0.37,0.38,0.01,0.01,74154.07,1776230752000
1776230754.097,54.097,0.62,0.63,0.37,0.38,0.01,0.01,74153.11,1776230753000
1776230754.533,54.533,0.63,0.64,0.36,0.37,0.01,0.01,74153.11,1776230753000
1776230755.045,55.045,0.63,0.64,0.36,0.37,0.01,0.01,74153.11,1776230753000
1776230755.511,55.511,0.63,0.64,0.36,0.37,0.01,0.01,74153.12,1776230754000
1776230756.042,56.042,0.66,0.67,0.32,0.35,0.01,0.03,74153.12,1776230754000
1776230756.388,56.388,0.66,0.67,0.32,0.34,0.01,0.02,74154.55,1776230755000
1776230756.783,56.783,0.66,0.67,0.32,0.34,0.01,0.02,74154.55,1776230755000
1776230757.186,57.186,0.66,0.68,0.33,0.34,0.02,0.01,74154.55,1776230755000
1776230757.969,57.969,0.67,0.69,0.32,0.33,0.02,0.01,74154.65,1776230756000
1776230758.389,58.389,0.68,0.69,0.31,0.32,0.01,0.01,74155.1,1776230757000
1776230758.742,58.742,0.68,0.69,0.31,0.32,0.01,0.01,74155.1,1776230757000
1776230759.296,59.296,0.68,0.69,0.31,0.32,0.01,0.01,74156.11,1776230758000
1776230759.641,59.641,0.68,0.69,0.31,0.32,0.01,0.01,74156.11,1776230758000
1776230760.118,60.118,0.68,0.69,0.31,0.32,0.01,0.01,74156.11,1776230758000
1776230760.498,60.498,0.68,0.69,0.31,0.32,0.01,0.01,74156.11,1776230758000
1776230760.908,60.908,0.68,0.69,0.31,0.32,0.01,0.01,74156.94,1776230759000
1776230761.245,61.245,0.68,0.69,0.31,0.32,0.01,0.01,74156.93,1776230760000
1776230761.906,61.906,0.68,0.69,0.31,0.32,0.01,0.01,74156.93,1776230760000
1776230762.312,62.312,0.68,0.69,0.31,0.32,0.01,0.01,74156.93,1776230760000
1776230762.993,62.993,0.68,0.69,0.31,0.32,0.01,0.01,74156.57,1776230762000
1776230763.35,63.35,0.68,0.69,0.31,0.32,0.01,0.01,74156.57,1776230762000
1776230763.935,63.935,0.68,0.69,0.31,0.32,0.01,0.01,74156.57,1776230762000
1776230764.28,64.28,0.68,0.69,0.31,0.32,0.01,0.01,74156.57,1776230763000
1776230765.193,65.193,0.68,0.69,0.31,0.32,0.01,0.01,74156.63,1776230764000
1776230765.554,65.554,0.68,0.69,0.31,0.32,0.01,0.01,74156.63,1776230764000
1776230765.913,65.913,0.68,0.69,0.31,0.32,0.01,0.01,74156.63,1776230764000
1776230766.328,66.328,0.68,0.69,0.31,0.32,0.01,0.01,74157.3,1776230765000
1776230766.917,66.917,0.68,0.69,0.31,0.32,0.01,0.01,74157.3,1776230765000
1776230767.297,67.297,0.66,0.69,0.31,0.32,0.03,0.01,74157.85,1776230766000
1776230767.667,67.667,0.63,0.64,0.36,0.37,0.01,0.01,74157.85,1776230766000
1776230768.015,68.015,0.63,0.64,0.36,0.37,0.01,0.01,74157.85,1776230766000
1776230768.435,68.435,0.63,0.64,0.36,0.37,0.01,0.01,74157.85,1776230767000
1776230768.918,68.918,0.63,0.64,0.36,0.37,0.01,0.01,74157.85,1776230767000
1776230769.302,69.302,0.63,0.64,0.36,0.37,0.01,0.01,74152.97,1776230768000
1776230769.659,69.659,0.63,0.64,0.36,0.37,0.01,0.01,74152.97,1776230768000
1776230770.055,70.055,0.63,0.64,0.36,0.37,0.01,0.01,74152.98,1776230769000
1776230770.589,70.589,0.63,0.64,0.36,0.37,0.01,0.01,74152.98,1776230769000
1776230771.021,71.021,0.62,0.64,0.36,0.37,0.02,0.01,74152.98,1776230769000
1776230771.434,71.434,0.62,0.63,0.37,0.38,0.01,0.01,74152.98,1776230770000
1776230771.767,71.767,0.62,0.63,0.37,0.38,0.01,0.01,74152.98,1776230770000
1776230772.118,72.118,0.62,0.63,0.37,0.38,0.01,0.01,74152.98,1776230771000
1776230772.513,72.513,0.62,0.63,0.37,0.39,0.01,0.02,74152.98,1776230771000
1776230772.884,72.884,0.61,0.62,0.37,0.39,0.01,0.02,74152.98,1776230771000
1776230773.275,73.275,0.61,0.62,0.38,0.39,0.01,0.01,74152.98,1776230772000
1776230773.615,73.615,0.61,0.62,0.38,0.39,0.01,0.01,74152.98,1776230772000
1776230774.004,74.004,0.6,0.61,0.38,0.4,0.01,0.02,74152.98,1776230772000
1776230774.345,74.345,0.6,0.61,0.39,0.4,0.01,0.01,74150,1776230773000
1776230774.797,74.797,0.6,0.61,0.39,0.4,0.01,0.01,74150,1776230773000
1776230775.156,75.156,0.6,0.61,0.39,0.4,0.01,0.01,74147.81,1776230774000
1776230775.517,75.517,0.6,0.61,0.39,0.4,0.01,0.01,74147.81,1776230774000
1776230775.99,75.99,0.59,0.6,0.4,0.41,0.01,0.01,74147.81,1776230774000
1776230776.409,76.409,0.59,0.6,0.4,0.41,0.01,0.01,74146.77,1776230775000
1776230777.013,77.013,0.59,0.6,0.4,0.41,0.01,0.01,74146.77,1776230775000
1776230777.505,77.505,0.59,0.6,0.4,0.41,0.01,0.01,74146.68,1776230776000
1776230777.839,77.839,0.52,0.53,0.47,0.48,0.01,0.01,74146.68,1776230776000
1776230778.18,78.18,0.52,0.53,0.47,0.48,0.01,0.01,74146.68,1776230776000
1776230778.538,78.538,0.51,0.52,0.47,0.49,0.01,0.02,74146.68,1776230776000
1776230778.921,78.921,0.51,0.52,0.48,0.5,0.01,0.02,74146.43,1776230777000
1776230779.267,79.267,0.5,0.51,0.49,0.5,0.01,0.01,74146.43,1776230777000
1776230779.625,79.625,0.5,0.51,0.49,0.5,0.01,0.01,74139.66,1776230778000
1776230779.979,79.979,0.49,0.5,0.5,0.51,0.01,0.01,74128.01,1776230779000
1776230780.318,80.318,0.47,0.49,0.51,0.52,0.02,0.01,74128.01,1776230779000
1776230780.677,80.677,0.47,0.48,0.52,0.53,0.01,0.01,74128.01,1776230779000
1776230781.074,81.074,0.45,0.46,0.54,0.55,0.01,0.01,74128.01,1776230779000
1776230781.411,81.411,0.45,0.46,0.54,0.55,0.01,0.01,74127.88,1776230780000
1776230781.811,81.811,0.47,0.48,0.52,0.53,0.01,0.01,74127.88,1776230780000
1776230782.165,82.165,0.47,0.48,0.52,0.53,0.01,0.01,74127.88,1776230780000
1776230782.499,82.499,0.47,0.48,0.52,0.53,0.01,0.01,74123.59,1776230781000
1776230782.846,82.846,0.47,0.48,0.52,0.53,0.01,0.01,74123.59,1776230781000
1776230783.278,83.278,0.47,0.48,0.52,0.53,0.01,0.01,74123.59,1776230782000
1776230783.688,83.688,0.47,0.48,0.52,0.53,0.01,0.01,74123.59,1776230782000
1776230784.072,84.072,0.46,0.48,0.52,0.53,0.02,0.01,74123.59,1776230782000
1776230784.537,84.537,0.46,0.47,0.52,0.54,0.01,0.02,74124.76,1776230783000
1776230784.909,84.909,0.46,0.47,0.53,0.54,0.01,0.01,74124.76,1776230783000
1776230785.289,85.289,0.46,0.47,0.53,0.54,0.01,0.01,74124.76,1776230783000
1776230785.76,85.76,0.46,0.47,0.53,0.54,0.01,0.01,74125.66,1776230784000
1776230786.1,86.1,0.46,0.47,0.53,0.54,0.01,0.01,74125.66,1776230784000
1776230786.557,86.557,0.46,0.47,0.53,0.54,0.01,0.01,74125.66,1776230784000
1776230786.921,86.921,0.46,0.47,0.53,0.54,0.01,0.01,74125.74,1776230785000
1776230787.348,87.348,0.46,0.47,0.53,0.54,0.01,0.01,74125.74,1776230786000
1776230787.69,87.69,0.46,0.47,0.53,0.54,0.01,0.01,74125.74,1776230786000
1776230788.144,88.144,0.46,0.47,0.53,0.54,0.01,0.01,74125.74,1776230786000
1776230788.477,88.477,0.46,0.47,0.53,0.54,0.01,0.01,74125.74,1776230786000
1776230788.863,88.863,0.46,0.47,0.53,0.55,0.01,0.02,74125.74,1776230786000
1776230789.28,89.28,0.45,0.46,0.53,0.55,0.01,0.02,74128.6,1776230787000
1776230789.633,89.633,0.45,0.46,0.54,0.55,0.01,0.01,74128.6,1776230787000
1776230790.213,90.213,0.45,0.46,0.54,0.55,0.01,0.01,74128.38,1776230788000
1776230790.566,90.566,0.45,0.46,0.54,0.55,0.01,0.01,74127.86,1776230789000
1776230790.922,90.922,0.45,0.46,0.54,0.55,0.01,0.01,74127.86,1776230789000
1776230791.294,91.294,0.44,0.45,0.54,0.55,0.01,0.01,74127.8,1776230790000
1776230791.627,91.627,0.44,0.45,0.55,0.56,0.01,0.01,74127.8,1776230790000
1776230791.997,91.997,0.44,0.45,0.55,0.56,0.01,0.01,74127.8,1776230790000
1776230792.356,92.356,0.44,0.45,0.55,0.56,0.01,0.01,74127.87,1776230791000
1776230792.774,92.774,0.44,0.45,0.55,0.56,0.01,0.01,74127.87,1776230791000
1776230793.241,93.241,0.44,0.45,0.55,0.56,0.01,0.01,74127.75,1776230792000
1776230793.832,93.832,0.43,0.44,0.55,0.57,0.01,0.02,74127.75,1776230792000
1776230794.237,94.237,0.43,0.44,0.56,0.57,0.01,0.01,74127.43,1776230793000
1776230794.596,94.596,0.43,0.44,0.56,0.57,0.01,0.01,74127.43,1776230793000
1776230794.981,94.981,0.43,0.44,0.56,0.57,0.01,0.01,74127.43,1776230793000
1776230795.319,95.319,0.43,0.44,0.56,0.57,0.01,0.01,74127.43,1776230793000
1776230795.688,95.688,0.43,0.44,0.56,0.57,0.01,0.01,74125.81,1776230794000
1776230796.06,96.06,0.43,0.44,0.56,0.57,0.01,0.01,74125.77,1776230795000
1776230796.405,96.405,0.44,0.47,0.55,0.57,0.03,0.02,74125.77,1776230795000
1776230796.828,96.828,0.45,0.46,0.54,0.55,0.01,0.01,74125.77,1776230795000
1776230797.173,97.173,0.45,0.46,0.54,0.55,0.01,0.01,74125.77,1776230795000
1776230797.543,97.543,0.45,0.46,0.54,0.55,0.01,0.01,74125.83,1776230796000
1776230798.097,98.097,0.45,0.46,0.54,0.55,0.01,0.01,74125.86,1776230797000
1776230798.573,98.573,0.45,0.46,0.54,0.55,0.01,0.01,74125.86,1776230797000
1776230798.936,98.936,0.44,0.45,0.55,0.56,0.01,0.01,74125.86,1776230797000
1776230799.273,99.273,0.43,0.44,0.56,0.57,0.01,0.01,74125.86,1776230797000
1776230799.646,99.646,0.42,0.44,0.56,0.57,0.02,0.01,74125.63,1776230798000
1776230799.982,99.982,0.4,0.42,0.58,0.6,0.02,0.02,74125.63,1776230798000
1776230800.346,100.346,0.4,0.41,0.59,0.6,0.01,0.01,74125.64,1776230799000
1776230800.689,100.689,0.4,0.41,0.59,0.6,0.01,0.01,74125.64,1776230799000
1776230801.276,101.276,0.39,0.41,0.59,0.61,0.02,0.02,74122.02,1776230800000
1776230801.61,101.61,0.35,0.37,0.63,0.64,0.02,0.01,74122.02,1776230800000
1776230801.976,101.976,0.35,0.36,0.64,0.65,0.01,0.01,74122.02,1776230800000
1776230802.311,102.311,0.35,0.36,0.64,0.65,0.01,0.01,74115.77,1776230801000
1776230802.686,102.686,0.4,0.41,0.59,0.6,0.01,0.01,74115.77,1776230801000
1776230803.023,103.023,0.4,0.41,0.59,0.6,0.01,0.01,74115.77,1776230801000
1776230803.402,103.402,0.4,0.41,0.59,0.6,0.01,0.01,74115.77,1776230801000
1776230803.741,103.741,0.4,0.41,0.59,0.6,0.01,0.01,74111.58,1776230802000
1776230804.074,104.074,0.4,0.41,0.59,0.6,0.01,0.01,74111.29,1776230803000
1776230804.412,104.412,0.4,0.41,0.59,0.6,0.01,0.01,74111.29,1776230803000
1776230804.75,104.75,0.4,0.41,0.59,0.6,0.01,0.01,74111.29,1776230803000
1776230805.11,105.11,0.37,0.39,0.61,0.62,0.02,0.01,74111.29,1776230803000
1776230805.449,105.449,0.36,0.37,0.63,0.64,0.01,0.01,74107.48,1776230804000
1776230805.797,105.797,0.36,0.37,0.63,0.64,0.01,0.01,74107.48,1776230804000
1776230806.149,106.149,0.36,0.37,0.63,0.64,0.01,0.01,74107.48,1776230804000
1776230806.483,106.483,0.36,0.37,0.63,0.64,0.01,0.01,74106.73,1776230805000
1776230806.838,106.838,0.36,0.37,0.63,0.64,0.01,0.01,74106.73,1776230805000
1776230807.172,107.172,0.36,0.37,0.63,0.64,0.01,0.01,74104.89,1776230806000
1776230807.519,107.519,0.36,0.37,0.63,0.64,0.01,0.01,74104.89,1776230806000
1776230807.858,107.858,0.38,0.39,0.61,0.62,0.01,0.01,74104.89,1776230806000
1776230808.192,108.192,0.38,0.39,0.61,0.62,0.01,0.01,74105.37,1776230807000
1776230808.538,108.538,0.39,0.4,0.6,0.62,0.01,0.02,74105.37,1776230807000
1776230808.872,108.872,0.39,0.4,0.6,0.61,0.01,0.01,74105.37,1776230807000
1776230809.205,109.205,0.39,0.4,0.6,0.61,0.01,0.01,74105.37,1776230807000
1776230809.551,109.551,0.39,0.4,0.59,0.61,0.01,0.02,74105.37,1776230807000
1776230809.891,109.891,0.39,0.41,0.6,0.61,0.02,0.01,74105.37,1776230807000
1776230810.236,110.236,0.39,0.4,0.6,0.61,0.01,0.01,74105.14,1776230808000
1776230810.587,110.587,0.39,0.4,0.6,0.61,0.01,0.01,74105.14,1776230808000
1776230810.926,110.926,0.38,0.39,0.61,0.62,0.01,0.01,74105.14,1776230809000
1776230811.312,111.312,0.37,0.38,0.62,0.63,0.01,0.01,74105.14,1776230809000
1776230811.66,111.66,0.36,0.37,0.63,0.64,0.01,0.01,74106.71,1776230810000
1776230811.997,111.997,0.36,0.37,0.63,0.64,0.01,0.01,74106.71,1776230810000
1776230812.339,112.339,0.36,0.37,0.63,0.64,0.01,0.01,74106.71,1776230811000
1776230812.701,112.701,0.37,0.38,0.62,0.63,0.01,0.01,74106.71,1776230811000
1776230813.036,113.036,0.38,0.39,0.61,0.62,0.01,0.01,74106.71,1776230811000
1776230813.374,113.374,0.38,0.39,0.61,0.62,0.01,0.01,74106.71,1776230811000
1776230813.733,113.733,0.37,0.39,0.61,0.63,0.02,0.02,74106.73,1776230812000
1776230814.068,114.068,0.36,0.37,0.63,0.64,0.01,0.01,74106.73,1776230812000
1776230814.416,114.416,0.36,0.37,0.63,0.64,0.01,0.01,74106.73,1776230813000
1776230814.824,114.824,0.35,0.36,0.64,0.65,0.01,0.01,74106.73,1776230813000
1776230815.221,115.221,0.35,0.36,0.64,0.65,0.01,0.01,74106.73,1776230813000
1776230815.559,115.559,0.35,0.37,0.64,0.65,0.02,0.01,74106.73,1776230814000
1776230815.949,115.949,0.36,0.37,0.63,0.64,0.01,0.01,74106.73,1776230814000
1776230816.312,116.312,0.38,0.39,0.61,0.62,0.01,0.01,74106.62,1776230815000
1776230816.692,116.692,0.38,0.39,0.61,0.64,0.01,0.03,74106.62,1776230815000
1776230817.031,117.031,0.38,0.39,0.61,0.62,0.01,0.01,74106.62,1776230815000
1776230817.369,117.369,0.38,0.39,0.61,0.62,0.01,0.01,74106.62,1776230815000
1776230817.713,117.713,0.38,0.39,0.61,0.62,0.01,0.01,74107.66,1776230816000
1776230818.138,118.138,0.38,0.39,0.61,0.62,0.01,0.01,74107.66,1776230816000
1776230818.567,118.567,0.38,0.39,0.61,0.62,0.01,0.01,74107.31,1776230817000
1776230818.977,118.977,0.38,0.39,0.61,0.62,0.01,0.01,74107.31,1776230817000
1776230819.331,119.331,0.38,0.39,0.61,0.62,0.01,0.01,74107.31,1776230817000
1776230819.711,119.711,0.38,0.39,0.61,0.62,0.01,0.01,74105.57,1776230818000
1776230820.05,120.05,0.36,0.37,0.63,0.64,0.01,0.01,74105.57,1776230819000
1776230820.388,120.388,0.34,0.37,0.63,0.66,0.03,0.03,74105.57,1776230819000
1776230820.721,120.721,0.31,0.33,0.67,0.68,0.02,0.01,74105.57,1776230819000
1776230821.057,121.057,0.31,0.32,0.68,0.69,0.01,0.01,74105.57,1776230819000
1776230821.408,121.408,0.31,0.32,0.68,0.69,0.01,0.01,74102.42,1776230820000
1776230821.765,121.765,0.31,0.32,0.68,0.69,0.01,0.01,74102.42,1776230820000
1776230822.115,122.115,0.31,0.32,0.68,0.69,0.01,0.01,74090.09,1776230821000
1776230822.454,122.454,0.31,0.32,0.68,0.69,0.01,0.01,74090.09,1776230821000
1776230822.809,122.809,0.3,0.31,0.69,0.7,0.01,0.01,74090.09,1776230821000
1776230823.144,123.144,0.3,0.31,0.69,0.7,0.01,0.01,74090.09,1776230821000
1776230823.705,123.705,0.3,0.31,0.69,0.7,0.01,0.01,74086.2,1776230822000
1776230824.188,124.188,0.29,0.3,0.7,0.71,0.01,0.01,74086.2,1776230822000
1776230824.61,124.61,0.29,0.3,0.7,0.71,0.01,0.01,74086.12,1776230823000
1776230824.948,124.948,0.31,0.34,0.66,0.69,0.03,0.03,74086.12,1776230823000
1776230825.298,125.298,0.33,0.35,0.65,0.67,0.02,0.02,74086.47,1776230824000
1776230825.651,125.651,0.37,0.38,0.62,0.63,0.01,0.01,74086.47,1776230824000
1776230825.988,125.988,0.37,0.38,0.62,0.63,0.01,0.01,74086.47,1776230824000
1776230826.333,126.333,0.37,0.38,0.62,0.63,0.01,0.01,74086.47,1776230824000
1776230826.688,126.688,0.37,0.38,0.62,0.63,0.01,0.01,74086.47,1776230824000
1776230827.046,127.046,0.37,0.38,0.62,0.63,0.01,0.01,74095.99,1776230825000
1776230827.392,127.392,0.37,0.38,0.62,0.63,0.01,0.01,74095.99,1776230825000
1776230827.771,127.771,0.37,0.38,0.62,0.63,0.01,0.01,74102.29,1776230826000
1776230828.117,128.117,0.38,0.39,0.61,0.62,0.01,0.01,74102.65,1776230827000
1776230828.461,128.461,0.38,0.39,0.61,0.62,0.01,0.01,74102.65,1776230827000
1776230828.913,128.913,0.38,0.39,0.61,0.62,0.01,0.01,74102.65,1776230827000
1776230829.285,129.285,0.37,0.38,0.61,0.62,0.01,0.01,74102.53,1776230828000
1776230829.646,129.646,0.36,0.38,0.62,0.63,0.02,0.01,74102.53,1776230828000
1776230829.985,129.985,0.37,0.38,0.62,0.63,0.01,0.01,74102.56,1776230829000
1776230830.472,130.472,0.37,0.38,0.62,0.63,0.01,0.01,74102.56,1776230829000
1776230830.845,130.845,0.37,0.38,0.62,0.63,0.01,0.01,74102.56,1776230829000
1776230831.181,131.181,0.37,0.38,0.62,0.63,0.01,0.01,74102.6,1776230830000
1776230831.551,131.551,0.34,0.37,0.64,0.66,0.03,0.02,74102.6,1776230830000
1776230831.908,131.908,0.32,0.33,0.67,0.68,0.01,0.01,74102.6,1776230830000
1776230832.315,132.315,0.31,0.32,0.68,0.69,0.01,0.01,74103.98,1776230831000
1776230832.659,132.659,0.31,0.36,0.66,0.69,0.05,0.03,74103.98,1776230831000
1776230833.002,133.002,0.33,0.34,0.66,0.67,0.01,0.01,74098.24,1776230832000
1776230833.572,133.572,0.35,0.37,0.65,0.66,0.02,0.01,74098.24,1776230832000
1776230833.914,133.914,0.37,0.38,0.62,0.64,0.01,0.02,74098.24,1776230832000
1776230834.374,134.374,0.36,0.37,0.62,0.65,0.01,0.03,74096.89,1776230833000
1776230834.858,134.858,0.34,0.37,0.63,0.67,0.03,0.04,74096.89,1776230833000
1776230835.274,135.274,0.32,0.34,0.66,0.68,0.02,0.02,74099.09,1776230834000
1776230835.689,135.689,0.31,0.34,0.66,0.68,0.03,0.02,74099.09,1776230834000
1776230836.034,136.034,0.31,0.32,0.68,0.69,0.01,0.01,74099.09,1776230834000
1776230836.392,136.392,0.31,0.32,0.68,0.69,0.01,0.01,74099.84,1776230835000
1776230836.755,136.755,0.31,0.32,0.68,0.69,0.01,0.01,74099.84,1776230835000
1776230837.101,137.101,0.3,0.32,0.68,0.69,0.02,0.01,74095.49,1776230836000
1776230837.728,137.728,0.27,0.28,0.72,0.73,0.01,0.01,74095.49,1776230836000
1776230838.087,138.087,0.26,0.27,0.73,0.74,0.01,0.01,74093.72,1776230837000
1776230838.456,138.456,0.26,0.27,0.73,0.74,0.01,0.01,74093.72,1776230837000
1776230838.811,138.811,0.26,0.27,0.73,0.74,0.01,0.01,74093.72,1776230837000
1776230839.333,139.333,0.26,0.27,0.73,0.74,0.01,0.01,74084.87,1776230838000
1776230839.672,139.672,0.26,0.27,0.73,0.74,0.01,0.01,74084.87,1776230838000
1776230840.264,140.264,0.26,0.27,0.73,0.74,0.01,0.01,74084.87,1776230838000
1776230840.625,140.625,0.27,0.28,0.72,0.74,0.01,0.02,74083.24,1776230839000
1776230841.025,141.025,0.28,0.29,0.72,0.73,0.01,0.01,74083.24,1776230839000
1776230841.7,141.7,0.28,0.29,0.71,0.72,0.01,0.01,74083.24,1776230839000
1776230842.049,142.049,0.3,0.31,0.69,0.7,0.01,0.01,74083.81,1776230840000
1776230842.395,142.395,0.3,0.31,0.69,0.7,0.01,0.01,74084.43,1776230841000
1776230842.767,142.767,0.26,0.29,0.71,0.74,0.03,0.03,74084.43,1776230841000
1776230843.12,143.12,0.25,0.26,0.74,0.75,0.01,0.01,74084.43,1776230841000
1776230843.459,143.459,0.25,0.26,0.74,0.75,0.01,0.01,74084.43,1776230841000
1776230843.823,143.823,0.24,0.26,0.74,0.75,0.02,0.01,74084.73,1776230842000
1776230844.212,144.212,0.24,0.25,0.75,0.76,0.01,0.01,74084.73,1776230842000
1776230844.847,144.847,0.24,0.25,0.75,0.76,0.01,0.01,74085.31,1776230843000
1776230845.194,145.194,0.24,0.25,0.75,0.76,0.01,0.01,74083.7,1776230844000
1776230845.607,145.607,0.23,0.24,0.76,0.78,0.01,0.02,74083.7,1776230844000
1776230846.059,146.059,0.22,0.23,0.77,0.78,0.01,0.01,74083.7,1776230844000
1776230846.427,146.427,0.22,0.23,0.77,0.78,0.01,0.01,74083.7,1776230844000
1776230846.825,146.825,0.22,0.23,0.77,0.78,0.01,0.01,74081.12,1776230845000
1776230847.239,147.239,0.22,0.23,0.77,0.78,0.01,0.01,74081.12,1776230845000
1776230847.61,147.61,0.22,0.23,0.77,0.78,0.01,0.01,74077.38,1776230846000
1776230847.997,147.997,0.22,0.23,0.77,0.78,0.01,0.01,74077.38,1776230846000
1776230848.428,148.428,0.23,0.24,0.76,0.77,0.01,0.01,74076.6,1776230847000
1776230848.778,148.778,0.23,0.24,0.76,0.77,0.01,0.01,74076.6,1776230847000
1776230849.223,149.223,0.23,0.24,0.76,0.77,0.01,0.01,74076.6,1776230847000
1776230849.592,149.592,0.22,0.23,0.76,0.78,0.01,0.02,74076.6,1776230847000
1776230849.932,149.932,0.22,0.23,0.77,0.79,0.01,0.02,74077.33,1776230848000
1776230850.301,150.301,0.22,0.23,0.77,0.78,0.01,0.01,74077.33,1776230848000
1776230850.638,150.638,0.22,0.23,0.77,0.78,0.01,0.01,74077.33,1776230849000
1776230851.042,151.042,0.22,0.23,0.77,0.78,0.01,0.01,74077.33,1776230849000
1776230851.631,151.631,0.22,0.23,0.77,0.78,0.01,0.01,74077.33,1776230849000
1776230852.053,152.053,0.19,0.2,0.8,0.81,0.01,0.01,74074.26,1776230850000
1776230852.389,152.389,0.19,0.2,0.8,0.81,0.01,0.01,74074.25,1776230851000
1776230852.734,152.734,0.19,0.2,0.8,0.81,0.01,0.01,74074.25,1776230851000
1776230853.081,153.081,0.19,0.2,0.8,0.81,0.01,0.01,74074.25,1776230851000
1776230853.421,153.421,0.16,0.17,0.83,0.84,0.01,0.01,74074.25,1776230851000
1776230853.818,153.818,0.15,0.16,0.84,0.85,0.01,0.01,74063.97,1776230852000
1776230854.157,154.157,0.13,0.14,0.85,0.87,0.01,0.02,74063.97,1776230852000
1776230854.533,154.533,0.13,0.14,0.86,0.88,0.01,0.02,74066.78,1776230853000
1776230854.875,154.875,0.11,0.13,0.87,0.88,0.02,0.01,74066.78,1776230853000
1776230855.211,155.211,0.11,0.13,0.87,0.89,0.02,0.02,74056.61,1776230854000
1776230855.544,155.544,0.12,0.13,0.87,0.88,0.01,0.01,74056.61,1776230854000
1776230855.932,155.932,0.12,0.13,0.87,0.88,0.01,0.01,74056.61,1776230854000
1776230856.297,156.297,0.12,0.13,0.87,0.88,0.01,0.01,74056.61,1776230854000
1776230856.642,156.642,0.12,0.13,0.87,0.88,0.01,0.01,74056.61,1776230854000
1776230857.138,157.138,0.1,0.11,0.87,0.9,0.01,0.03,74042.17,1776230855000
1776230857.531,157.531,0.1,0.11,0.89,0.9,0.01,0.01,74046.68,1776230856000
1776230857.883,157.883,0.1,0.11,0.89,0.9,0.01,0.01,74046.68,1776230856000
1776230858.39,158.39,0.1,0.11,0.89,0.9,0.01,0.01,74046.68,1776230856000
1776230858.837,158.837,0.09,0.1,0.9,0.91,0.01,0.01,74046.68,1776230856000
1776230859.239,159.239,0.09,0.1,0.9,0.91,0.01,0.01,74043.07,1776230857000
1776230859.637,159.637,0.09,0.1,0.9,0.91,0.01,0.01,74039.17,1776230858000
1776230860.013,160.013,0.09,0.1,0.9,0.91,0.01,0.01,74039.17,1776230858000
1776230860.349,160.349,0.09,0.1,0.9,0.91,0.01,0.01,74039.17,1776230859000
1776230860.701,160.701,0.09,0.1,0.9,0.91,0.01,0.01,74039.17,1776230859000
1776230861.05,161.05,0.09,0.1,0.9,0.91,0.01,0.01,74038.96,1776230860000
1776230861.732,161.732,0.09,0.1,0.9,0.91,0.01,0.01,74038.96,1776230860000
1776230862.067,162.067,0.09,0.1,0.9,0.91,0.01,0.01,74038.96,1776230860000
1776230862.64,162.64,0.09,0.1,0.9,0.91,0.01,0.01,74038.96,1776230861000
1776230863.051,163.051,0.09,0.1,0.9,0.91,0.01,0.01,74043.85,1776230862000
1776230863.453,163.453,0.09,0.1,0.9,0.91,0.01,0.01,74043.85,1776230862000
1776230863.794,163.794,0.09,0.1,0.9,0.91,0.01,0.01,74043.85,1776230862000
1776230864.234,164.234,0.09,0.1,0.9,0.91,0.01,0.01,74043.85,1776230863000
1776230864.666,164.666,0.08,0.09,0.91,0.92,0.01,0.01,74043.85,1776230863000
1776230865.047,165.047,0.08,0.09,0.91,0.92,0.01,0.01,74045.98,1776230864000
1776230865.384,165.384,0.08,0.09,0.91,0.92,0.01,0.01,74045.98,1776230864000
1776230865.855,165.855,0.08,0.09,0.91,0.92,0.01,0.01,74045.98,1776230864000
1776230866.206,166.206,0.08,0.09,0.91,0.92,0.01,0.01,74042.7,1776230865000
1776230866.547,166.547,0.08,0.09,0.91,0.92,0.01,0.01,74042.7,1776230865000
1776230867.16,167.16,0.08,0.09,0.91,0.92,0.01,0.01,74042.7,1776230865000
1776230867.638,167.638,0.08,0.09,0.91,0.92,0.01,0.01,74042.7,1776230865000
1776230868.125,168.125,0.08,0.09,0.91,0.92,0.01,0.01,74041.18,1776230867000
1776230868.888,168.888,0.08,0.09,0.91,0.92,0.01,0.01,74041.18,1776230867000
1776230870.093,170.093,0.08,0.09,0.91,0.92,0.01,0.01,74042.31,1776230868000
1776230870.434,170.434,0.08,0.09,0.91,0.92,0.01,0.01,74042.56,1776230869000
1776230870.8,170.8,0.08,0.09,0.91,0.92,0.01,0.01,74042.56,1776230869000
1776230871.327,171.327,0.08,0.09,0.9,0.92,0.01,0.02,74042.82,1776230870000
1776230871.68,171.68,0.08,0.09,0.91,0.92,0.01,0.01,74042.82,1776230870000
1776230872.064,172.064,0.09,0.1,0.9,0.91,0.01,0.01,74042.83,1776230871000
1776230872.683,172.683,0.09,0.1,0.9,0.91,0.01,0.01,74042.83,1776230871000
1776230873.06,173.06,0.09,0.1,0.9,0.91,0.01,0.01,74042.83,1776230871000
1776230873.42,173.42,0.09,0.1,0.9,0.91,0.01,0.01,74043.6,1776230872000
1776230873.92,173.92,0.07,0.1,0.9,0.91,0.03,0.01,74043.6,1776230872000
1776230874.268,174.268,0.09,0.1,0.9,0.91,0.01,0.01,74043.6,1776230873000
1776230874.671,174.671,0.09,0.1,0.9,0.91,0.01,0.01,74043.6,1776230873000
1776230875.04,175.04,0.09,0.1,0.9,0.91,0.01,0.01,74045.19,1776230874000
1776230875.391,175.391,0.09,0.1,0.9,0.91,0.01,0.01,74045.19,1776230874000
1776230875.831,175.831,0.09,0.1,0.9,0.91,0.01,0.01,74045.19,1776230874000
1776230876.179,176.179,0.09,0.11,0.9,0.91,0.02,0.01,74046.26,1776230875000
1776230876.652,176.652,0.1,0.11,0.89,0.9,0.01,0.01,74046.26,1776230875000
1776230876.987,176.987,0.1,0.11,0.89,0.9,0.01,0.01,74052.03,1776230876000
1776230877.933,177.933,0.1,0.11,0.89,0.9,0.01,0.01,74055.08,1776230877000
1776230878.268,178.268,0.08,0.1,0.9,0.92,0.02,0.02,74055.08,1776230877000
1776230878.714,178.714,0.09,0.1,0.89,0.92,0.01,0.03,74055.08,1776230877000
1776230879.053,179.053,0.09,0.1,0.9,0.91,0.01,0.01,74052.84,1776230878000
1776230879.407,179.407,0.09,0.11,0.89,0.9,0.02,0.01,74052.84,1776230878000
1776230879.865,179.865,0.1,0.11,0.89,0.9,0.01,0.01,74052.84,1776230878000
1776230880.446,180.446,0.08,0.11,0.89,0.9,0.03,0.01,74052.44,1776230879000
1776230880.789,180.789,0.09,0.1,0.9,0.91,0.01,0.01,74052.44,1776230879000
1776230881.165,181.165,0.09,0.1,0.9,0.91,0.01,0.01,74052.48,1776230880000
1776230881.519,181.519,0.09,0.1,0.9,0.91,0.01,0.01,74052.48,1776230880000
1776230882.057,182.057,0.09,0.1,0.9,0.91,0.01,0.01,74055.49,1776230881000
1776230882.423,182.423,0.09,0.1,0.9,0.91,0.01,0.01,74055.49,1776230881000
1776230882.924,182.924,0.09,0.1,0.9,0.91,0.01,0.01,74055.49,1776230881000
1776230883.275,183.275,0.09,0.1,0.9,0.91,0.01,0.01,74056.48,1776230882000
1776230883.641,183.641,0.09,0.12,0.89,0.91,0.03,0.02,74056.48,1776230882000
1776230884.068,184.068,0.09,0.12,0.88,0.91,0.03,0.03,74058.4,1776230883000
1776230884.408,184.408,0.11,0.12,0.88,0.91,0.01,0.03,74058.4,1776230883000
1776230884.79,184.79,0.11,0.12,0.88,0.89,0.01,0.01,74058.4,1776230883000
1776230885.183,185.183,0.11,0.12,0.88,0.89,0.01,0.01,74058.74,1776230884000
1776230885.864,185.864,0.1,0.11,0.88,0.91,0.01,0.03,74058.74,1776230884000
1776230886.203,186.203,0.09,0.11,0.89,0.91,0.02,0.02,74058.74,1776230884000
1776230886.543,186.543,0.1,0.11,0.89,0.9,0.01,0.01,74059.93,1776230885000
1776230886.947,186.947,0.09,0.1,0.89,0.91,0.01,0.02,74059.93,1776230885000
1776230887.282,187.282,0.09,0.11,0.89,0.91,0.02,0.02,74059.93,1776230885000
1776230887.623,187.623,0.11,0.12,0.88,0.89,0.01,0.01,74056.19,1776230886000
1776230888.019,188.019,0.09,0.1,0.9,0.91,0.01,0.01,74056.19,1776230886000
1776230888.365,188.365,0.09,0.1,0.9,0.91,0.01,0.01,74053.83,1776230887000
1776230888.762,188.762,0.09,0.1,0.9,0.91,0.01,0.01,74053.83,1776230887000
1776230889.287,189.287,0.09,0.1,0.9,0.91,0.01,0.01,74053.83,1776230887000
1776230889.637,189.637,0.09,0.1,0.9,0.91,0.01,0.01,74054.85,1776230888000
1776230890.056,190.056,0.09,0.1,0.9,0.91,0.01,0.01,74054.85,1776230888000
1776230890.461,190.461,0.09,0.1,0.9,0.91,0.01,0.01,74054.85,1776230888000
1776230890.834,190.834,0.09,0.1,0.9,0.91,0.01,0.01,74054.69,1776230889000
1776230891.171,191.171,0.09,0.1,0.9,0.91,0.01,0.01,74054.69,1776230889000
1776230891.747,191.747,0.09,0.1,0.9,0.91,0.01,0.01,74055.43,1776230890000
1776230892.093,192.093,0.1,0.11,0.89,0.9,0.01,0.01,74055.43,1776230890000
1776230892.479,192.479,0.1,0.11,0.89,0.9,0.01,0.01,74054.99,1776230891000
1776230893.1,193.1,0.1,0.11,0.89,0.9,0.01,0.01,74054.97,1776230892000
1776230893.487,193.487,0.1,0.11,0.89,0.9,0.01,0.01,74054.97,1776230892000
1776230893.84,193.84,0.1,0.11,0.89,0.9,0.01,0.01,74054.97,1776230892000
1776230894.181,194.181,0.1,0.11,0.89,0.9,0.01,0.01,74054.97,1776230892000
1776230894.518,194.518,0.1,0.11,0.89,0.9,0.01,0.01,74054.97,1776230893000
1776230894.875,194.875,0.09,0.1,0.89,0.91,0.01,0.02,74054.97,1776230893000
1776230895.268,195.268,0.09,0.1,0.9,0.91,0.01,0.01,74054.97,1776230893000
1776230895.604,195.604,0.08,0.1,0.9,0.92,0.02,0.02,74054.86,1776230894000
1776230895.986,195.986,0.08,0.09,0.91,0.92,0.01,0.01,74054.86,1776230894000
1776230896.434,196.434,0.08,0.09,0.91,0.92,0.01,0.01,74054.8,1776230895000
1776230896.927,196.927,0.08,0.09,0.91,0.92,0.01,0.01,74054.8,1776230895000
1776230897.352,197.352,0.08,0.09,0.91,0.92,0.01,0.01,74053.75,1776230896000
1776230898.475,198.475,0.08,0.09,0.91,0.92,0.01,0.01,74053.75,1776230896000
1776230898.821,198.821,0.07,0.08,0.92,0.93,0.01,0.01,74054.02,1776230897000
1776230899.19,199.19,0.07,0.08,0.92,0.93,0.01,0.01,74054.07,1776230898000
1776230899.661,199.661,0.07,0.08,0.92,0.93,0.01,0.01,74054.07,1776230898000
1776230900.016,200.016,0.07,0.08,0.92,0.93,0.01,0.01,74054.07,1776230898000
1776230900.351,200.351,0.07,0.08,0.92,0.93,0.01,0.01,74054.01,1776230899000
1776230900.699,200.699,0.07,0.08,0.92,0.93,0.01,0.01,74054.01,1776230899000
1776230901.036,201.036,0.07,0.08,0.92,0.93,0.01,0.01,74054.01,1776230899000
1776230901.76,201.76,0.07,0.08,0.92,0.94,0.01,0.02,74054.01,1776230899000
1776230902.133,202.133,0.07,0.08,0.92,0.93,0.01,0.01,74052.25,1776230900000
1776230902.473,202.473,0.07,0.08,0.92,0.93,0.01,0.01,74053.01,1776230901000
1776230902.857,202.857,0.06,0.07,0.93,0.94,0.01,0.01,74053.01,1776230901000
1776230903.439,203.439,0.06,0.07,0.93,0.94,0.01,0.01,74052.99,1776230902000
1776230903.789,203.789,0.06,0.07,0.93,0.94,0.01,0.01,74052.99,1776230902000
1776230904.194,204.194,0.04,0.05,0.93,0.96,0.01,0.03,74052.99,1776230903000
1776230904.627,204.627,0.04,0.05,0.95,0.96,0.01,0.01,74052.99,1776230903000
1776230905.12,205.12,0.04,0.05,0.95,0.96,0.01,0.01,74049.39,1776230904000
1776230905.529,205.529,0.04,0.05,0.95,0.96,0.01,0.01,74049.39,1776230904000
1776230905.955,205.955,0.04,0.05,0.95,0.96,0.01,0.01,74049.39,1776230904000
1776230906.328,206.328,0.04,0.05,0.95,0.96,0.01,0.01,74032.33,1776230905000
1776230906.662,206.662,0.03,0.04,0.96,0.97,0.01,0.01,74032.33,1776230905000
1776230906.995,206.995,0.03,0.04,0.96,0.97,0.01,0.01,74032.33,1776230905000
1776230907.345,207.345,0.03,0.04,0.96,0.97,0.01,0.01,74032.47,1776230906000
1776230907.707,207.707,0.03,0.04,0.96,0.97,0.01,0.01,74032.47,1776230906000
1776230908.055,208.055,0.03,0.04,0.96,0.97,0.01,0.01,74032.47,1776230906000
1776230908.424,208.424,0.03,0.04,0.96,0.97,0.01,0.01,74032.48,1776230907000
1776230908.929,208.929,0.03,0.04,0.96,0.97,0.01,0.01,74032.48,1776230907000
1776230909.265,209.265,0.03,0.04,0.96,0.97,0.01,0.01,74032.48,1776230908000
1776230909.637,209.637,0.03,0.04,0.96,0.97,0.01,0.01,74032.48,1776230908000
1776230910.026,210.026,0.03,0.04,0.96,0.97,0.01,0.01,74032.48,1776230908000
1776230910.383,210.383,0.03,0.04,0.96,0.97,0.01,0.01,74033.63,1776230909000
1776230910.748,210.748,0.03,0.04,0.96,0.97,0.01,0.01,74033.63,1776230909000
1776230911.101,211.101,0.03,0.04,0.96,0.97,0.01,0.01,74033.63,1776230909000
1776230911.467,211.467,0.03,0.04,0.96,0.97,0.01,0.01,74033.57,1776230910000
1776230911.8,211.8,0.02,0.03,0.97,0.98,0.01,0.01,74033.57,1776230910000
1776230912.152,212.152,0.02,0.03,0.97,0.98,0.01,0.01,74033.57,1776230910000
1776230912.507,212.507,0.02,0.03,0.97,0.98,0.01,0.01,74033.44,1776230911000
1776230912.872,212.872,0.02,0.05,0.97,0.98,0.03,0.01,74033.44,1776230911000
1776230913.212,213.212,0.02,0.03,0.97,0.98,0.01,0.01,74033.44,1776230912000
1776230913.671,213.671,0.02,0.03,0.97,0.98,0.01,0.01,74033.44,1776230912000
1776230914.065,214.065,0.02,0.03,0.97,0.98,0.01,0.01,74033.92,1776230913000
1776230914.418,214.418,0.02,0.03,0.97,0.98,0.01,0.01,74033.92,1776230913000
1776230914.753,214.753,0.02,0.03,0.97,0.98,0.01,0.01,74033.92,1776230913000
1776230915.129,215.129,0.02,0.03,0.97,0.98,0.01,0.01,74033.92,1776230913000
1776230915.693,215.693,0.02,0.03,0.97,0.98,0.01,0.01,74040.71,1776230914000
1776230916.121,216.121,0.02,0.03,0.97,0.98,0.01,0.01,74040.71,1776230914000
1776230916.506,216.506,0.02,0.03,0.97,0.98,0.01,0.01,74040.1,1776230915000
1776230916.864,216.864,0.02,0.03,0.97,0.98,0.01,0.01,74040.1,1776230915000
1776230917.27,217.27,0.02,0.03,0.97,0.98,0.01,0.01,74040.1,1776230915000
1776230917.614,217.614,0.03,0.04,0.96,0.97,0.01,0.01,74038.81,1776230916000
1776230917.954,217.954,0.03,0.04,0.96,0.97,0.01,0.01,74038.81,1776230916000
1776230918.372,218.372,0.03,0.04,0.96,0.97,0.01,0.01,74038.81,1776230917000
1776230918.717,218.717,0.04,0.05,0.95,0.96,0.01,0.01,74038.81,1776230917000
1776230919.074,219.074,0.04,0.05,0.95,0.96,0.01,0.01,74038.81,1776230917000
1776230919.424,219.424,0.04,0.05,0.95,0.96,0.01,0.01,74040.46,1776230918000
1776230919.847,219.847,0.04,0.05,0.95,0.96,0.01,0.01,74040.46,1776230918000
1776230920.251,220.251,0.03,0.05,0.95,0.97,0.02,0.02,74041.03,1776230919000
1776230920.627,220.627,0.03,0.04,0.96,0.97,0.01,0.01,74041.03,1776230919000
1776230921.102,221.102,0.03,0.04,0.96,0.97,0.01,0.01,74041.03,1776230919000
1776230921.489,221.489,0.03,0.04,0.96,0.97,0.01,0.01,74043.53,1776230920000
1776230921.902,221.902,0.03,0.04,0.96,0.97,0.01,0.01,74043.49,1776230921000
1776230922.349,222.349,0.03,0.05,0.96,0.97,0.02,0.01,74043.49,1776230921000
1776230922.936,222.936,0.04,0.05,0.95,0.97,0.01,0.02,74043.49,1776230921000
1776230923.284,223.284,0.04,0.05,0.95,0.96,0.01,0.01,74043.49,1776230921000
1776230923.789,223.789,0.03,0.04,0.95,0.98,0.01,0.03,74042.45,1776230922000
1776230924.135,224.135,0.02,0.04,0.96,0.98,0.02,0.02,74043.72,1776230923000
1776230924.514,224.514,0.03,0.04,0.96,0.98,0.01,0.02,74043.72,1776230923000
1776230925.016,225.016,0.03,0.04,0.96,0.97,0.01,0.01,74048.23,1776230924000
1776230925.384,225.384,0.03,0.04,0.96,0.97,0.01,0.01,74048.23,1776230924000
1776230925.85,225.85,0.03,0.04,0.96,0.97,0.01,0.01,74051.38,1776230925000
1776230926.285,226.285,0.03,0.04,0.96,0.97,0.01,0.01,74051.38,1776230925000
1776230926.731,226.731,0.03,0.04,0.96,0.97,0.01,0.01,74051.38,1776230925000
1776230927.265,227.265,0.02,0.03,0.96,0.97,0.01,0.01,74052.42,1776230926000
1776230927.647,227.647,0.04,0.05,0.95,0.96,0.01,0.01,74052.42,1776230926000
1776230928.183,228.183,0.04,0.05,0.95,0.96,0.01,0.01,74052.28,1776230927000
1776230928.693,228.693,0.04,0.05,0.95,0.96,0.01,0.01,74052.28,1776230927000
1776230929.027,229.027,0.04,0.05,0.95,0.96,0.01,0.01,74052.28,1776230927000
1776230929.666,229.666,0.04,0.05,0.95,0.96,0.01,0.01,74048.02,1776230928000
1776230930.27,230.27,0.04,0.05,0.95,0.96,0.01,0.01,74048.02,1776230928000
1776230930.629,230.629,0.04,0.05,0.95,0.96,0.01,0.01,74046.33,1776230929000
1776230931.143,231.143,0.04,0.05,0.95,0.96,0.01,0.01,74046.33,1776230929000
1776230931.532,231.532,0.04,0.05,0.95,0.96,0.01,0.01,74043.94,1776230930000
1776230931.876,231.876,0.04,0.05,0.95,0.96,0.01,0.01,74043.94,1776230930000
1776230932.222,232.222,0.04,0.05,0.95,0.96,0.01,0.01,74043.94,1776230930000
1776230932.596,232.596,0.04,0.05,0.95,0.96,0.01,0.01,74041.59,1776230931000
1776230933.103,233.103,0.04,0.05,0.95,0.96,0.01,0.01,74041.59,1776230931000
1776230933.878,233.878,0.04,0.05,0.95,0.96,0.01,0.01,74040.84,1776230932000
1776230934.247,234.247,0.04,0.05,0.95,0.96,0.01,0.01,74040.84,1776230932000
1776230934.637,234.637,0.04,0.05,0.95,0.96,0.01,0.01,74043.66,1776230933000
1776230935.041,235.041,0.04,0.05,0.95,0.96,0.01,0.01,74043.66,1776230934000
1776230935.641,235.641,0.04,0.05,0.95,0.96,0.01,0.01,74043.66,1776230934000
1776230936.135,236.135,0.04,0.05,0.95,0.96,0.01,0.01,74043.99,1776230935000
1776230936.469,236.469,0.04,0.05,0.95,0.96,0.01,0.01,74043.99,1776230935000
1776230936.955,236.955,0.04,0.05,0.95,0.96,0.01,0.01,74049.06,1776230936000
1776230937.456,237.456,0.04,0.05,0.95,0.96,0.01,0.01,74049.06,1776230936000
1776230937.91,237.91,0.04,0.05,0.95,0.96,0.01,0.01,74049.06,1776230936000
1776230938.343,238.343,0.04,0.05,0.95,0.96,0.01,0.01,74040.36,1776230937000
1776230938.69,238.69,0.04,0.05,0.95,0.96,0.01,0.01,74040.36,1776230937000
1776230939.031,239.031,0.04,0.05,0.95,0.96,0.01,0.01,74039.06,1776230938000
1776230939.408,239.408,0.02,0.04,0.96,0.97,0.02,0.01,74039.06,1776230938000
1776230939.838,239.838,0.02,0.03,0.97,0.98,0.01,0.01,74039.06,1776230938000
1776230940.3,240.3,0.01,0.02,0.98,0.99,0.01,0.01,74039.58,1776230939000
1776230940.67,240.67,0.01,0.02,0.98,0.99,0.01,0.01,74039.58,1776230939000
1776230941.024,241.024,0.01,0.02,0.98,0.99,0.01,0.01,74039.58,1776230939000
1776230941.385,241.385,0.01,0.02,0.98,0.99,0.01,0.01,74039.11,1776230940000
1776230941.725,241.725,0.01,0.01,0.98,0.99,0.0,0.01,74039.11,1776230940000
1776230942.066,242.066,0.01,0.01,0.99,0.99,0.0,0.0,74039.11,1776230940000
1776230942.524,242.524,0.01,0.01,0.99,0.99,0.0,0.0,74038.94,1776230941000
1776230942.9,242.9,0.01,0.01,0.99,0.99,0.0,0.0,74038.94,1776230941000
1776230943.35,243.35,0.01,0.01,0.99,0.99,0.0,0.0,74038.92,1776230942000
1776230943.715,243.715,0.01,0.01,0.99,0.99,0.0,0.0,74038.92,1776230942000
1776230944.521,244.521,0.01,0.01,0.99,0.99,0.0,0.0,74032.51,1776230943000
1776230944.858,244.858,0.01,0.01,0.99,0.99,0.0,0.0,74032.51,1776230943000
1776230945.311,245.311,0.01,0.01,0.99,0.99,0.0,0.0,74032.59,1776230944000
1776230945.675,245.675,0.01,0.01,0.99,0.99,0.0,0.0,74032.59,1776230944000
1776230946.082,246.082,0.01,0.02,0.98,0.99,0.01,0.01,74032.59,1776230945000
1776230946.551,246.551,0.01,0.02,0.98,0.99,0.01,0.01,74032.59,1776230945000
1776230946.892,246.892,0.01,0.02,0.98,0.99,0.01,0.01,74032.59,1776230945000
1776230947.278,247.278,0.01,0.01,0.99,0.99,0.0,0.0,74034.92,1776230946000
1776230947.674,247.674,0.01,0.01,0.99,0.99,0.0,0.0,74034.92,1776230946000
1776230948.096,248.096,0.01,0.01,0.99,0.99,0.0,0.0,74034.92,1776230946000
1776230948.924,248.924,0.01,0.01,0.99,0.99,0.0,0.0,74034.32,1776230947000
1776230949.423,249.423,0.01,0.01,0.99,0.99,0.0,0.0,74035.05,1776230948000
1776230950.106,250.106,0.01,0.01,0.99,0.99,0.0,0.0,74035.05,1776230948000
1776230950.889,250.889,0.01,0.01,0.99,0.99,0.0,0.0,74035.01,1776230949000
1776230951.27,251.27,0.01,0.01,0.99,0.99,0.0,0.0,74034.96,1776230950000
1776230952.193,252.193,0.01,0.01,0.99,0.99,0.0,0.0,74034.96,1776230950000
1776230952.896,252.896,0.01,0.01,0.99,0.99,0.0,0.0,74035.19,1776230951000
1776230953.385,253.385,0.01,0.01,0.99,0.99,0.0,0.0,74035.42,1776230952000
1776230953.925,253.925,0.01,0.01,0.99,0.99,0.0,0.0,74035.39,1776230953000
1776230954.919,254.919,0.01,0.01,0.99,0.99,0.0,0.0,74035.39,1776230953000
1776230955.311,255.311,0.01,0.01,0.99,0.99,0.0,0.0,74035.33,1776230954000
1776230956.192,256.192,0.01,0.01,0.99,0.99,0.0,0.0,74035.3,1776230955000
1776230957.197,257.197,0.01,0.01,0.99,0.99,0.0,0.0,74035.7,1776230956000
1776230958.047,258.047,0.01,0.01,0.99,0.99,0.0,0.0,74035.7,1776230956000
1776230958.528,258.528,0.01,0.01,0.99,0.99,0.0,0.0,74035.67,1776230957000
1776230958.894,258.894,0.01,0.01,0.99,0.99,0.0,0.0,74035.67,1776230957000
1776230959.421,259.421,0.01,0.01,0.99,0.99,0.0,0.0,74035.61,1776230958000
1776230959.755,259.755,0.01,0.01,0.99,0.99,0.0,0.0,74035.61,1776230958000
1776230960.155,260.155,0.01,0.01,0.99,0.99,0.0,0.0,74035.57,1776230959000
1776230961.01,261.01,0.01,0.01,0.99,0.99,0.0,0.0,74035.58,1776230960000
1776230961.573,261.573,0.01,0.01,0.99,0.99,0.0,0.0,74035.58,1776230960000
1776230962.718,262.718,0.01,0.01,0.99,0.99,0.0,0.0,74039.42,1776230961000
1776230963.304,263.304,0.01,0.01,0.99,0.99,0.0,0.0,74041.31,1776230962000
1776230963.958,263.958,0.01,0.01,0.99,0.99,0.0,0.0,74042.43,1776230963000
1776230964.296,264.296,0.01,0.01,0.99,0.99,0.0,0.0,74042.43,1776230963000
1776230964.855,264.855,0.01,0.01,0.99,0.99,0.0,0.0,74042.43,1776230963000
1776230965.413,265.413,0.01,0.01,0.99,0.99,0.0,0.0,74042.44,1776230964000
1776230966.226,266.226,0.01,0.01,0.99,0.99,0.0,0.0,74042.41,1776230965000
1776230966.741,266.741,0.01,0.01,0.99,0.99,0.0,0.0,74042.41,1776230965000
1776230967.088,267.088,0.01,0.01,0.99,0.99,0.0,0.0,74042.39,1776230966000
1776230967.481,267.481,0.01,0.01,0.99,0.99,0.0,0.0,74042.39,1776230966000
1776230968.225,268.225,0.01,0.01,0.99,0.99,0.0,0.0,74042.24,1776230967000
1776230969.086,269.086,0.01,0.01,0.99,0.99,0.0,0.0,74042.24,1776230967000
1776230969.957,269.957,0.01,0.01,0.99,0.99,0.0,0.0,74040.93,1776230969000
1776230971.044,271.044,0.01,0.01,0.99,0.99,0.0,0.0,74041.12,1776230970000
1776230971.404,271.404,0.01,0.01,0.99,0.99,0.0,0.0,74041.12,1776230970000
1776230972.324,272.324,0.01,0.01,0.99,0.99,0.0,0.0,74041.29,1776230971000
1776230972.717,272.717,0.01,0.01,0.99,0.99,0.0,0.0,74041.29,1776230971000
1776230973.799,273.799,0.01,0.01,0.99,0.99,0.0,0.0,74042.1,1776230972000
1776230974.219,274.219,0.01,0.01,0.99,0.99,0.0,0.0,74042.1,1776230972000
1776230974.891,274.891,0.01,0.01,0.99,0.99,0.0,0.0,74042.22,1776230973000
1776230975.533,275.533,0.01,0.01,0.99,0.99,0.0,0.0,74042.28,1776230974000
1776230976.054,276.054,0.01,0.01,0.99,0.99,0.0,0.0,74042.32,1776230975000
1776230977.068,277.068,0.01,0.01,0.99,0.99,0.0,0.0,74042.32,1776230976000
1776230977.562,277.562,0.01,0.01,0.99,0.99,0.0,0.0,74042.32,1776230976000
1776230977.992,277.992,0.01,0.01,0.99,0.99,0.0,0.0,74042.32,1776230976000
1776230978.327,278.327,0.01,0.01,0.99,0.99,0.0,0.0,74041.68,1776230977000
1776230979.396,279.396,0.01,0.01,0.99,0.99,0.0,0.0,74041.69,1776230978000
1776230980.015,280.015,0.01,0.01,0.99,0.99,0.0,0.0,74041.68,1776230979000
1776230981.085,281.085,0.01,0.01,0.99,0.99,0.0,0.0,74041.65,1776230980000
1776230981.907,281.907,0.01,0.01,0.99,0.99,0.0,0.0,74041.65,1776230980000
1776230982.441,282.441,0.01,0.01,0.99,0.99,0.0,0.0,74041.6,1776230981000
1776230982.972,282.972,0.01,0.01,0.99,0.99,0.0,0.0,74041.61,1776230982000
1776230983.843,283.843,0.01,0.01,0.99,0.99,0.0,0.0,74041.61,1776230982000
1776230984.481,284.481,0.01,0.01,0.99,0.99,0.0,0.0,74041.61,1776230983000
1776230984.831,284.831,0.01,0.01,0.99,0.99,0.0,0.0,74041.61,1776230983000
1776230985.256,285.256,0.01,0.01,0.99,0.99,0.0,0.0,74041.53,1776230984000
1776230985.924,285.924,0.01,0.01,0.99,0.99,0.0,0.0,74041.53,1776230984000
1776230986.718,286.718,0.01,0.01,0.99,0.99,0.0,0.0,74041.14,1776230985000
1776230987.312,287.312,0.01,0.01,0.99,0.99,0.0,0.0,74041.16,1776230986000
1776230990.257,290.257,0.01,0.01,0.99,0.99,0.0,0.0,74041.16,1776230986000
1776230990.728,290.728,0.01,0.01,0.99,0.99,0.0,0.0,74037.29,1776230989000
1776230991.25,291.25,0.01,0.01,0.99,0.99,0.0,0.0,74037.32,1776230990000
1776230992.331,292.331,0.01,0.01,0.99,0.99,0.0,0.0,74037.33,1776230991000
1776230993.306,293.306,0.01,0.01,0.99,0.99,0.0,0.0,74037.33,1776230991000
1776230993.641,293.641,0.01,0.01,0.99,0.99,0.0,0.0,74037.31,1776230992000
1776230993.976,293.976,0.01,0.01,0.99,0.99,0.0,0.0,74037.31,1776230993000
1776230995.076,295.076,0.01,0.01,0.99,0.99,0.0,0.0,74037.78,1776230994000
1776230995.606,295.606,0.01,0.01,0.99,0.99,0.0,0.0,74037.78,1776230994000
1776230996.131,296.131,0.01,0.01,0.99,0.99,0.0,0.0,74037.88,1776230995000
1776230997.209,297.209,0.01,0.01,0.99,0.99,0.0,0.0,74037.84,1776230996000
1776230998.356,298.356,0.01,0.01,0.99,0.99,0.0,0.0,74037.84,1776230997000
1776230999.408,299.408,0.01,0.01,0.99,0.99,0.0,0.0,74038.27,1776230998000
1776230999.993,299.993,0.01,0.01,0.99,0.99,0.0,0.0,74038.27,1776230999000
1776231000.422,300.422,0.01,0.01,0.99,0.99,0.0,0.0,74038.27,1776230999000
1776231001.086,301.086,0.01,0.01,0.99,0.99,0.0,0.0,74038.16,1776231000000
1776231002.163,302.163,0.01,0.01,0.99,0.99,0.0,0.0,74037.98,1776231001000

# RESULT,winner=Down,slug=btc-updown-5m-1776230700,ticks=692
