timestamp,elapsed_sec,up_bid,up_ask,down_bid,down_ask,up_spread,down_spread,btc_price,btc_oracle_ts
1775915100.567,0.567,0.49,0.51,0.49,0.51,0.02,0.02,72697.18,1775915099000
1775915100.951,0.951,0.5,0.52,0.49,0.5,0.02,0.01,72697.18,1775915099000
1775915101.294,1.294,0.5,0.51,0.49,0.5,0.01,0.01,72697.23,1775915100000
1775915101.782,1.782,0.48,0.49,0.48,0.52,0.01,0.04,72697.23,1775915100000
1775915102.14,2.14,0.48,0.49,0.51,0.53,0.01,0.02,72697.23,1775915100000
1775915102.583,2.583,0.48,0.49,0.51,0.52,0.01,0.01,72697.23,1775915101000
1775915102.958,2.958,0.48,0.5,0.5,0.52,0.02,0.02,72697.23,1775915101000
1775915103.323,3.323,0.51,0.52,0.48,0.49,0.01,0.01,72697.2,1775915102000
1775915103.693,3.693,0.52,0.53,0.47,0.48,0.01,0.01,72697.2,1775915102000
1775915104.145,4.145,0.52,0.53,0.47,0.48,0.01,0.01,72697.21,1775915103000
1775915104.774,4.774,0.52,0.53,0.47,0.48,0.01,0.01,72697.21,1775915103000
1775915105.153,5.153,0.52,0.53,0.47,0.48,0.01,0.01,72697.23,1775915104000
1775915105.501,5.501,0.52,0.53,0.47,0.48,0.01,0.01,72697.23,1775915104000
1775915106.007,6.007,0.52,0.53,0.47,0.48,0.01,0.01,72697.68,1775915105000
1775915106.479,6.479,0.52,0.53,0.47,0.48,0.01,0.01,72697.68,1775915105000
1775915106.852,6.852,0.51,0.53,0.47,0.48,0.02,0.01,72697.68,1775915105000
1775915107.195,7.195,0.51,0.52,0.48,0.49,0.01,0.01,72697.72,1775915106000
1775915107.582,7.582,0.52,0.53,0.47,0.48,0.01,0.01,72697.72,1775915106000
1775915107.971,7.971,0.52,0.53,0.47,0.48,0.01,0.01,72697.72,1775915106000
1775915108.382,8.382,0.52,0.53,0.47,0.48,0.01,0.01,72698.21,1775915107000
1775915108.757,8.757,0.52,0.53,0.47,0.48,0.01,0.01,72698.21,1775915107000
1775915109.267,9.267,0.52,0.53,0.47,0.48,0.01,0.01,72698.21,1775915108000
1775915109.997,9.997,0.52,0.53,0.47,0.48,0.01,0.01,72698.21,1775915108000
1775915110.337,10.337,0.53,0.54,0.46,0.47,0.01,0.01,72698.21,1775915109000
1775915110.745,10.745,0.52,0.53,0.47,0.48,0.01,0.01,72698.21,1775915109000
1775915111.083,11.083,0.59,0.6,0.39,0.42,0.01,0.03,72698.28,1775915110000
1775915111.499,11.499,0.61,0.62,0.38,0.39,0.01,0.01,72698.28,1775915110000
1775915111.93,11.93,0.61,0.62,0.38,0.39,0.01,0.01,72698.28,1775915110000
1775915112.286,12.286,0.61,0.62,0.38,0.39,0.01,0.01,72698.28,1775915110000
1775915112.62,12.62,0.62,0.63,0.36,0.38,0.01,0.02,72698.29,1775915111000
1775915113.155,13.155,0.62,0.63,0.37,0.38,0.01,0.01,72698.29,1775915111000
1775915113.509,13.509,0.62,0.64,0.37,0.39,0.02,0.02,72704.15,1775915112000
1775915113.85,13.85,0.62,0.63,0.37,0.38,0.01,0.01,72704.15,1775915112000
1775915114.362,14.362,0.62,0.63,0.37,0.38,0.01,0.01,72704.48,1775915113000
1775915114.715,14.715,0.62,0.63,0.37,0.38,0.01,0.01,72704.48,1775915113000
1775915115.277,15.277,0.62,0.63,0.37,0.38,0.01,0.01,72704.48,1775915113000
1775915115.691,15.691,0.61,0.62,0.37,0.39,0.01,0.02,72705.06,1775915114000
1775915116.061,16.061,0.61,0.62,0.38,0.39,0.01,0.01,72705.06,1775915114000
1775915116.709,16.709,0.61,0.62,0.38,0.39,0.01,0.01,72705.97,1775915115000
1775915117.215,17.215,0.64,0.65,0.35,0.36,0.01,0.01,72705.97,1775915115000
1775915117.561,17.561,0.64,0.65,0.35,0.36,0.01,0.01,72706.45,1775915116000
1775915118.048,18.048,0.64,0.65,0.35,0.36,0.01,0.01,72706.45,1775915116000
1775915118.45,18.45,0.65,0.66,0.34,0.35,0.01,0.01,72706.41,1775915117000
1775915118.822,18.822,0.65,0.66,0.34,0.35,0.01,0.01,72706.41,1775915117000
1775915119.338,19.338,0.64,0.66,0.34,0.36,0.02,0.02,72706.96,1775915118000
1775915119.918,19.918,0.64,0.65,0.35,0.36,0.01,0.01,72706.96,1775915118000
1775915120.298,20.298,0.63,0.64,0.36,0.37,0.01,0.01,72707.89,1775915119000
1775915120.817,20.817,0.62,0.63,0.37,0.38,0.01,0.01,72707.89,1775915119000
1775915121.181,21.181,0.62,0.64,0.37,0.38,0.02,0.01,72707.89,1775915119000
1775915121.651,21.651,0.63,0.64,0.36,0.37,0.01,0.01,72708.58,1775915120000
1775915122.001,22.001,0.62,0.63,0.37,0.38,0.01,0.01,72708.58,1775915120000
1775915122.368,22.368,0.63,0.64,0.36,0.37,0.01,0.01,72707.71,1775915121000
1775915122.717,22.717,0.63,0.65,0.36,0.37,0.02,0.01,72707.71,1775915121000
1775915123.115,23.115,0.64,0.65,0.35,0.36,0.01,0.01,72707.71,1775915121000
1775915123.479,23.479,0.65,0.66,0.34,0.36,0.01,0.02,72707.44,1775915122000
1775915123.878,23.878,0.64,0.65,0.35,0.36,0.01,0.01,72707.44,1775915122000
1775915124.218,24.218,0.57,0.58,0.42,0.43,0.01,0.01,72707.44,1775915122000
1775915124.588,24.588,0.57,0.58,0.42,0.43,0.01,0.01,72707.44,1775915122000
1775915125.152,25.152,0.57,0.58,0.42,0.43,0.01,0.01,72707.49,1775915123000
1775915125.529,25.529,0.57,0.58,0.42,0.43,0.01,0.01,72707.27,1775915124000
1775915126.084,26.084,0.57,0.59,0.41,0.43,0.02,0.02,72707.27,1775915124000
1775915126.483,26.483,0.59,0.6,0.4,0.41,0.01,0.01,72703.66,1775915125000
1775915126.891,26.891,0.6,0.61,0.39,0.4,0.01,0.01,72703.66,1775915125000
1775915127.307,27.307,0.6,0.61,0.39,0.4,0.01,0.01,72703.66,1775915125000
1775915127.658,27.658,0.6,0.61,0.39,0.4,0.01,0.01,72702.22,1775915126000
1775915128.022,28.022,0.6,0.61,0.39,0.4,0.01,0.01,72702.22,1775915126000
1775915128.505,28.505,0.6,0.61,0.39,0.4,0.01,0.01,72702.22,1775915126000
1775915128.932,28.932,0.6,0.61,0.39,0.4,0.01,0.01,72702.85,1775915127000
1775915129.288,29.288,0.58,0.6,0.4,0.42,0.02,0.02,72702.84,1775915128000
1775915129.988,29.988,0.59,0.6,0.4,0.41,0.01,0.01,72702.84,1775915128000
1775915130.404,30.404,0.59,0.6,0.4,0.41,0.01,0.01,72702.84,1775915128000
1775915130.892,30.892,0.59,0.6,0.4,0.41,0.01,0.01,72702.8,1775915129000
1775915131.401,31.401,0.6,0.61,0.39,0.4,0.01,0.01,72702.8,1775915130000
1775915131.809,31.809,0.6,0.61,0.39,0.4,0.01,0.01,72702.8,1775915130000
1775915132.195,32.195,0.59,0.6,0.4,0.41,0.01,0.01,72702.8,1775915130000
1775915132.567,32.567,0.6,0.61,0.39,0.4,0.01,0.01,72702.8,1775915130000
1775915132.962,32.962,0.59,0.6,0.4,0.41,0.01,0.01,72702.49,1775915131000
1775915133.298,33.298,0.59,0.6,0.4,0.41,0.01,0.01,72702.49,1775915131000
1775915133.653,33.653,0.59,0.6,0.4,0.41,0.01,0.01,72702.48,1775915132000
1775915134.038,34.038,0.58,0.59,0.41,0.42,0.01,0.01,72702.48,1775915132000
1775915134.52,34.52,0.59,0.6,0.4,0.41,0.01,0.01,72702.6,1775915133000
1775915134.891,34.891,0.59,0.6,0.4,0.41,0.01,0.01,72702.6,1775915133000
1775915135.368,35.368,0.58,0.62,0.41,0.43,0.04,0.02,72702.24,1775915134000
1775915135.858,35.858,0.57,0.59,0.41,0.42,0.02,0.01,72702.24,1775915134000
1775915136.317,36.317,0.57,0.58,0.42,0.43,0.01,0.01,72702.24,1775915134000
1775915136.714,36.714,0.57,0.59,0.42,0.43,0.02,0.01,72701.76,1775915135000
1775915137.134,37.134,0.57,0.59,0.41,0.43,0.02,0.02,72701.67,1775915136000
1775915137.706,37.706,0.59,0.6,0.41,0.43,0.01,0.02,72701.67,1775915136000
1775915138.266,38.266,0.59,0.6,0.4,0.41,0.01,0.01,72701.69,1775915137000
1775915138.804,38.804,0.51,0.53,0.4,0.49,0.02,0.09,72701.69,1775915137000
1775915139.314,39.314,0.55,0.57,0.43,0.45,0.02,0.02,72701.42,1775915138000
1775915139.806,39.806,0.56,0.57,0.43,0.44,0.01,0.01,72701.42,1775915138000
1775915140.215,40.215,0.56,0.57,0.42,0.44,0.01,0.02,72701.42,1775915138000
1775915140.689,40.689,0.56,0.57,0.43,0.44,0.01,0.01,72701.5,1775915139000
1775915141.105,41.105,0.55,0.57,0.43,0.44,0.02,0.01,72701.5,1775915139000
1775915141.976,41.976,0.55,0.56,0.44,0.45,0.01,0.01,72701.38,1775915140000
1775915142.362,42.362,0.54,0.56,0.44,0.46,0.02,0.02,72701.67,1775915141000
1775915143.287,43.287,0.54,0.55,0.45,0.46,0.01,0.01,72701.83,1775915142000
1775915143.628,43.628,0.54,0.55,0.45,0.46,0.01,0.01,72701.83,1775915142000
1775915143.981,43.981,0.54,0.56,0.44,0.45,0.02,0.01,72701.83,1775915142000
1775915144.416,44.416,0.55,0.56,0.44,0.45,0.01,0.01,72701.16,1775915143000
1775915144.79,44.79,0.55,0.56,0.44,0.45,0.01,0.01,72701.16,1775915143000
1775915145.141,45.141,0.54,0.55,0.45,0.46,0.01,0.01,72701.72,1775915144000
1775915145.526,45.526,0.55,0.56,0.44,0.45,0.01,0.01,72701.72,1775915144000
1775915145.989,45.989,0.56,0.57,0.44,0.46,0.01,0.02,72701.72,1775915144000
1775915146.322,46.322,0.56,0.57,0.43,0.44,0.01,0.01,72701.19,1775915145000
1775915147.061,47.061,0.56,0.57,0.43,0.44,0.01,0.01,72701.19,1775915145000
1775915147.435,47.435,0.55,0.57,0.43,0.44,0.02,0.01,72701.42,1775915146000
1775915147.792,47.792,0.54,0.55,0.45,0.46,0.01,0.01,72701.42,1775915146000
1775915148.222,48.222,0.54,0.55,0.45,0.46,0.01,0.01,72701.42,1775915146000
1775915148.595,48.595,0.55,0.56,0.44,0.45,0.01,0.01,72701.53,1775915147000
1775915148.968,48.968,0.53,0.54,0.46,0.47,0.01,0.01,72701.53,1775915147000
1775915149.488,49.488,0.53,0.54,0.46,0.89,0.01,0.43,72701.47,1775915148000
1775915149.87,49.87,0.49,0.51,0.49,0.5,0.02,0.01,72701.47,1775915148000
1775915150.252,50.252,0.47,0.48,0.52,0.54,0.01,0.02,72701.47,1775915148000
1775915150.616,50.616,0.45,0.46,0.54,0.55,0.01,0.01,72701.38,1775915149000
1775915150.969,50.969,0.45,0.47,0.54,0.55,0.02,0.01,72701.38,1775915149000
1775915151.434,51.434,0.49,0.5,0.5,0.51,0.01,0.01,72701.38,1775915149000
1775915151.776,51.776,0.5,0.51,0.49,0.51,0.01,0.02,72701.6,1775915150000
1775915152.114,52.114,0.5,0.51,0.49,0.5,0.01,0.01,72699.8,1775915151000
1775915152.465,52.465,0.5,0.51,0.49,0.5,0.01,0.01,72699.8,1775915151000
1775915153.027,53.027,0.52,0.53,0.47,0.48,0.01,0.01,72699.8,1775915151000
1775915153.418,53.418,0.52,0.53,0.47,0.48,0.01,0.01,72701.81,1775915152000
1775915153.972,53.972,0.52,0.53,0.47,0.48,0.01,0.01,72701.81,1775915152000
1775915154.361,54.361,0.51,0.52,0.47,0.49,0.01,0.02,72701.6,1775915153000
1775915154.715,54.715,0.51,0.52,0.48,0.49,0.01,0.01,72701.6,1775915153000
1775915155.11,55.11,0.51,0.52,0.48,0.49,0.01,0.01,72701.6,1775915153000
1775915155.774,55.774,0.51,0.52,0.48,0.49,0.01,0.01,72701.7,1775915154000
1775915156.121,56.121,0.52,0.53,0.47,0.48,0.01,0.01,72701.71,1775915155000
1775915156.685,56.685,0.53,0.54,0.46,0.47,0.01,0.01,72701.71,1775915155000
1775915157.028,57.028,0.53,0.54,0.46,0.47,0.01,0.01,72701.74,1775915156000
1775915157.904,57.904,0.53,0.54,0.46,0.47,0.01,0.01,72701.74,1775915156000
1775915158.313,58.313,0.52,0.53,0.47,0.48,0.01,0.01,72701.74,1775915156000
1775915159.038,59.038,0.52,0.53,0.47,0.48,0.01,0.01,72702.25,1775915157000
1775915159.423,59.423,0.52,0.54,0.46,0.48,0.02,0.02,72702.34,1775915158000
1775915159.925,59.925,0.05,0.53,0.47,0.48,0.48,0.01,72702.34,1775915158000
1775915160.284,60.284,0.42,0.45,0.56,0.57,0.03,0.01,72703.75,1775915159000
1775915160.829,60.829,0.45,0.46,0.54,0.55,0.01,0.01,72703.75,1775915159000
1775915161.17,61.17,0.45,0.46,0.54,0.55,0.01,0.01,72701.65,1775915160000
1775915161.523,61.523,0.48,0.49,0.51,0.52,0.01,0.01,72701.65,1775915160000
1775915161.898,61.898,0.48,0.49,0.51,0.52,0.01,0.01,72701.65,1775915160000
1775915162.253,62.253,0.37,0.41,0.59,0.63,0.04,0.04,72701.24,1775915161000
1775915162.594,62.594,0.31,0.34,0.68,0.73,0.03,0.05,72701.24,1775915161000
1775915162.955,62.955,0.3,0.31,0.68,0.7,0.01,0.02,72701.24,1775915161000
1775915163.305,63.305,0.29,0.3,0.7,0.71,0.01,0.01,72701.24,1775915161000
1775915163.64,63.64,0.29,0.3,0.7,0.71,0.01,0.01,72700.23,1775915162000
1775915164.07,64.07,0.29,0.3,0.7,0.71,0.01,0.01,72700.23,1775915162000
1775915164.422,64.422,0.29,0.3,0.7,0.71,0.01,0.01,72687.35,1775915163000
1775915164.763,64.763,0.27,0.28,0.72,0.73,0.01,0.01,72687.35,1775915163000
1775915165.098,65.098,0.28,0.29,0.7,0.73,0.01,0.03,72687.13,1775915164000
1775915165.452,65.452,0.28,0.29,0.71,0.72,0.01,0.01,72687.13,1775915164000
1775915165.878,65.878,0.29,0.3,0.7,0.71,0.01,0.01,72687.13,1775915164000
1775915166.216,66.216,0.29,0.3,0.69,0.71,0.01,0.02,72687.13,1775915164000
1775915166.55,66.55,0.3,0.31,0.69,0.7,0.01,0.01,72687.13,1775915164000
1775915166.95,66.95,0.29,0.31,0.69,0.7,0.02,0.01,72687.13,1775915164000
1775915167.332,67.332,0.29,0.32,0.7,0.71,0.03,0.01,72687.13,1775915164000
1775915167.824,67.824,0.29,0.3,0.7,0.71,0.01,0.01,72687.13,1775915164000
1775915168.235,68.235,0.29,0.3,0.7,0.71,0.01,0.01,72685.7,1775915166000
1775915168.817,68.817,0.29,0.3,0.7,0.71,0.01,0.01,72685.7,1775915166000
1775915169.153,69.153,0.3,0.31,0.69,0.7,0.01,0.01,72681.35,1775915167000
1775915169.521,69.521,0.3,0.31,0.69,0.7,0.01,0.01,72681.35,1775915167000
1775915169.87,69.87,0.31,0.32,0.68,0.69,0.01,0.01,72681.39,1775915168000
1775915170.216,70.216,0.31,0.32,0.68,0.69,0.01,0.01,72681.39,1775915168000
1775915170.579,70.579,0.31,0.32,0.68,0.69,0.01,0.01,72681.39,1775915168000
1775915171.036,71.036,0.3,0.31,0.69,0.7,0.01,0.01,72683.42,1775915169000
1775915171.376,71.376,0.26,0.28,0.72,0.73,0.02,0.01,72683.42,1775915169000
1775915171.716,71.716,0.26,0.27,0.73,0.74,0.01,0.01,72683.42,1775915169000
1775915172.216,72.216,0.26,0.27,0.73,0.74,0.01,0.01,72680.57,1775915170000
1775915172.615,72.615,0.27,0.28,0.72,0.73,0.01,0.01,72680.57,1775915170000
1775915172.995,72.995,0.27,0.28,0.72,0.73,0.01,0.01,72680.38,1775915171000
1775915173.373,73.373,0.26,0.27,0.72,0.74,0.01,0.02,72680.38,1775915171000
1775915173.727,73.727,0.27,0.28,0.72,0.73,0.01,0.01,72679.67,1775915172000
1775915174.084,74.084,0.27,0.28,0.72,0.73,0.01,0.01,72679.82,1775915173000
1775915174.563,74.563,0.21,0.22,0.77,0.8,0.01,0.03,72679.82,1775915173000
1775915174.903,74.903,0.22,0.23,0.77,0.78,0.01,0.01,72679.82,1775915173000
1775915175.303,75.303,0.22,0.23,0.77,0.78,0.01,0.01,72679.82,1775915173000
1775915175.663,75.663,0.22,0.23,0.77,0.78,0.01,0.01,72679.82,1775915173000
1775915176.153,76.153,0.22,0.24,0.77,0.78,0.02,0.01,72680.98,1775915174000
1775915176.501,76.501,0.24,0.25,0.75,0.76,0.01,0.01,72680.98,1775915174000
1775915176.901,76.901,0.24,0.25,0.75,0.76,0.01,0.01,72678.12,1775915175000
1775915177.317,77.317,0.24,0.25,0.75,0.76,0.01,0.01,72678.12,1775915175000
1775915177.76,77.76,0.23,0.24,0.76,0.77,0.01,0.01,72677.71,1775915176000
1775915178.109,78.109,0.24,0.25,0.75,0.76,0.01,0.01,72677.71,1775915176000
1775915178.533,78.533,0.24,0.25,0.75,0.76,0.01,0.01,72676.88,1775915177000
1775915178.898,78.898,0.23,0.25,0.76,0.77,0.02,0.01,72676.88,1775915177000
1775915179.273,79.273,0.2,0.25,0.75,0.8,0.05,0.05,72676.71,1775915178000
1775915179.612,79.612,0.23,0.24,0.76,0.77,0.01,0.01,72676.71,1775915178000
1775915179.948,79.948,0.23,0.24,0.76,0.77,0.01,0.01,72676.71,1775915178000
1775915180.398,80.398,0.23,0.24,0.76,0.77,0.01,0.01,72676.71,1775915178000
1775915180.805,80.805,0.22,0.23,0.77,0.78,0.01,0.01,72676.67,1775915179000
1775915181.272,81.272,0.22,0.23,0.76,0.77,0.01,0.01,72676.67,1775915179000
1775915181.679,81.679,0.23,0.24,0.76,0.77,0.01,0.01,72676.28,1775915180000
1775915182.015,82.015,0.23,0.24,0.76,0.77,0.01,0.01,72676.28,1775915180000
1775915182.559,82.559,0.23,0.24,0.77,0.78,0.01,0.01,72675.7,1775915181000
1775915182.901,82.901,0.24,0.25,0.75,0.76,0.01,0.01,72675.7,1775915181000
1775915183.34,83.34,0.24,0.25,0.75,0.76,0.01,0.01,72675.7,1775915181000
1775915183.718,83.718,0.23,0.24,0.76,0.77,0.01,0.01,72675.72,1775915182000
1775915184.109,84.109,0.23,0.24,0.76,0.77,0.01,0.01,72675.72,1775915182000
1775915184.458,84.458,0.23,0.24,0.76,0.77,0.01,0.01,72675.72,1775915182000
1775915185.001,85.001,0.23,0.24,0.76,0.77,0.01,0.01,72675.72,1775915183000
1775915185.402,85.402,0.25,0.26,0.74,0.75,0.01,0.01,72674.2,1775915184000
1775915185.875,85.875,0.25,0.26,0.74,0.75,0.01,0.01,72674.2,1775915184000
1775915186.331,86.331,0.25,0.26,0.74,0.75,0.01,0.01,72674.2,1775915184000
1775915186.673,86.673,0.25,0.26,0.74,0.75,0.01,0.01,72674.2,1775915184000
1775915187.115,87.115,0.25,0.26,0.74,0.75,0.01,0.01,72674.2,1775915184000
1775915187.586,87.586,0.25,0.26,0.74,0.75,0.01,0.01,72674.75,1775915185000
1775915188.093,88.093,0.25,0.27,0.74,0.75,0.02,0.01,72674.75,1775915185000
1775915188.54,88.54,0.26,0.27,0.73,0.74,0.01,0.01,72674.75,1775915185000
1775915189.021,89.021,0.26,0.27,0.73,0.74,0.01,0.01,72674.08,1775915187000
1775915189.362,89.362,0.25,0.26,0.73,0.75,0.01,0.02,72674.08,1775915187000
1775915189.711,89.711,0.25,0.26,0.74,0.75,0.01,0.01,72674.08,1775915188000
1775915190.134,90.134,0.24,0.25,0.75,0.76,0.01,0.01,72674.08,1775915188000
1775915190.581,90.581,0.24,0.25,0.75,0.76,0.01,0.01,72674.51,1775915189000
1775915191.124,91.124,0.23,0.24,0.76,0.77,0.01,0.01,72674.51,1775915189000
1775915191.477,91.477,0.23,0.24,0.76,0.77,0.01,0.01,72674.51,1775915189000
1775915191.835,91.835,0.23,0.24,0.76,0.77,0.01,0.01,72674.51,1775915189000
1775915192.316,92.316,0.23,0.24,0.75,0.76,0.01,0.01,72674.31,1775915190000
1775915192.679,92.679,0.24,0.25,0.75,0.77,0.01,0.02,72674.31,1775915190000
1775915193.093,93.093,0.23,0.25,0.76,0.77,0.02,0.01,72673.41,1775915191000
1775915193.427,93.427,0.24,0.25,0.75,0.76,0.01,0.01,72673.41,1775915191000
1775915194.021,94.021,0.26,0.28,0.29,0.76,0.02,0.47,72673.42,1775915192000
1775915194.433,94.433,0.27,0.28,0.72,0.73,0.01,0.01,72673.71,1775915193000
1775915194.775,94.775,0.29,0.3,0.7,0.71,0.01,0.01,72673.71,1775915193000
1775915195.15,95.15,0.31,0.32,0.68,0.69,0.01,0.01,72673.71,1775915193000
1775915195.486,95.486,0.3,0.32,0.68,0.69,0.02,0.01,72673.71,1775915193000
1775915195.864,95.864,0.29,0.3,0.7,0.71,0.01,0.01,72674.07,1775915194000
1775915196.217,96.217,0.29,0.3,0.7,0.71,0.01,0.01,72674.07,1775915194000
1775915196.646,96.646,0.29,0.3,0.7,0.71,0.01,0.01,72673.92,1775915195000
1775915197.017,97.017,0.29,0.3,0.7,0.71,0.01,0.01,72673.92,1775915195000
1775915197.402,97.402,0.29,0.3,0.7,0.71,0.01,0.01,72673.92,1775915196000
1775915197.842,97.842,0.28,0.29,0.71,0.72,0.01,0.01,72673.92,1775915196000
1775915198.289,98.289,0.28,0.29,0.71,0.72,0.01,0.01,72673.92,1775915196000
1775915198.943,98.943,0.28,0.29,0.71,0.72,0.01,0.01,72674.83,1775915197000
1775915199.356,99.356,0.28,0.29,0.71,0.72,0.01,0.01,72674.83,1775915198000
1775915199.764,99.764,0.3,0.37,0.69,0.72,0.07,0.03,72674.83,1775915198000
1775915200.432,100.432,0.32,0.34,0.67,0.68,0.02,0.01,72674.83,1775915198000
1775915200.786,100.786,0.33,0.34,0.66,0.67,0.01,0.01,72675.16,1775915199000
1775915201.124,101.124,0.33,0.34,0.66,0.69,0.01,0.03,72675.16,1775915199000
1775915201.462,101.462,0.33,0.34,0.66,0.67,0.01,0.01,72675.16,1775915199000
1775915201.991,101.991,0.33,0.34,0.66,0.67,0.01,0.01,72674.34,1775915200000
1775915202.469,102.469,0.33,0.34,0.66,0.67,0.01,0.01,72675.0,1775915201000
1775915202.819,102.819,0.33,0.34,0.66,0.67,0.01,0.01,72675.0,1775915201000
1775915203.163,103.163,0.31,0.32,0.68,0.69,0.01,0.01,72675.0,1775915201000
1775915203.546,103.546,0.31,0.32,0.68,0.69,0.01,0.01,72675.0,1775915201000
1775915203.92,103.92,0.31,0.32,0.68,0.69,0.01,0.01,72674.75,1775915202000
1775915204.572,104.572,0.31,0.32,0.68,0.69,0.01,0.01,72674.64,1775915203000
1775915204.941,104.941,0.31,0.32,0.68,0.69,0.01,0.01,72674.64,1775915203000
1775915205.498,105.498,0.31,0.32,0.68,0.69,0.01,0.01,72674.18,1775915204000
1775915206.061,106.061,0.29,0.3,0.7,0.71,0.01,0.01,72674.18,1775915204000
1775915206.484,106.484,0.29,0.3,0.7,0.71,0.01,0.01,72674.18,1775915204000
1775915206.926,106.926,0.29,0.3,0.7,0.71,0.01,0.01,72673.13,1775915205000
1775915207.394,107.394,0.29,0.3,0.7,0.71,0.01,0.01,72673.13,1775915205000
1775915207.774,107.774,0.29,0.3,0.7,0.71,0.01,0.01,72674.06,1775915206000
1775915208.259,108.259,0.31,0.32,0.68,0.69,0.01,0.01,72672.81,1775915207000
1775915208.659,108.659,0.32,0.33,0.66,0.67,0.01,0.01,72672.81,1775915207000
1775915209.161,109.161,0.32,0.33,0.67,0.68,0.01,0.01,72672.81,1775915207000
1775915209.571,109.571,0.32,0.33,0.67,0.68,0.01,0.01,72670.67,1775915208000
1775915209.953,109.953,0.31,0.33,0.67,0.68,0.02,0.01,72670.67,1775915208000
1775915210.294,110.294,0.31,0.32,0.68,0.69,0.01,0.01,72670.8,1775915209000
1775915210.802,110.802,0.31,0.32,0.68,0.69,0.01,0.01,72670.8,1775915209000
1775915211.149,111.149,0.3,0.31,0.69,0.7,0.01,0.01,72670.8,1775915209000
1775915211.488,111.488,0.3,0.31,0.69,0.7,0.01,0.01,72671.31,1775915210000
1775915211.915,111.915,0.3,0.31,0.69,0.7,0.01,0.01,72671.31,1775915210000
1775915212.312,112.312,0.3,0.32,0.69,0.7,0.02,0.01,72670.46,1775915211000
1775915212.693,112.693,0.31,0.32,0.68,0.7,0.01,0.02,72670.46,1775915211000
1775915213.108,113.108,0.3,0.31,0.68,0.69,0.01,0.01,72670.46,1775915211000
1775915213.952,113.952,0.3,0.31,0.68,0.69,0.01,0.01,72669.05,1775915212000
1775915214.3,114.3,0.29,0.3,0.7,0.71,0.01,0.01,72671.11,1775915213000
1775915214.781,114.781,0.32,0.33,0.63,0.71,0.01,0.08,72671.11,1775915213000
1775915215.124,115.124,0.28,0.32,0.68,0.72,0.04,0.04,72668.24,1775915214000
1775915215.569,115.569,0.28,0.29,0.71,0.72,0.01,0.01,72668.24,1775915214000
1775915216.174,116.174,0.29,0.32,0.68,0.71,0.03,0.03,72669.85,1775915215000
1775915216.522,116.522,0.27,0.28,0.72,0.73,0.01,0.01,72669.85,1775915215000
1775915216.903,116.903,0.27,0.28,0.72,0.73,0.01,0.01,72669.85,1775915215000
1775915217.396,117.396,0.27,0.28,0.72,0.73,0.01,0.01,72669.35,1775915216000
1775915217.783,117.783,0.27,0.29,0.72,0.73,0.02,0.01,72669.35,1775915216000
1775915218.283,118.283,0.28,0.29,0.71,0.72,0.01,0.01,72669.76,1775915217000
1775915218.67,118.67,0.24,0.25,0.75,0.76,0.01,0.01,72669.76,1775915217000
1775915219.163,119.163,0.24,0.25,0.75,0.76,0.01,0.01,72669.76,1775915217000
1775915219.678,119.678,0.23,0.25,0.75,0.76,0.02,0.01,72669.67,1775915218000
1775915220.041,120.041,0.23,0.24,0.75,0.77,0.01,0.02,72669.67,1775915218000
1775915220.384,120.384,0.24,0.25,0.75,0.76,0.01,0.01,72669.67,1775915218000
1775915220.789,120.789,0.22,0.29,0.76,0.78,0.07,0.02,72664.77,1775915219000
1775915221.158,121.158,0.21,0.22,0.77,0.78,0.01,0.01,72664.77,1775915219000
1775915221.54,121.54,0.22,0.23,0.77,0.78,0.01,0.01,72664.97,1775915220000
1775915221.914,121.914,0.21,0.22,0.78,0.79,0.01,0.01,72664.97,1775915220000
1775915222.254,122.254,0.21,0.22,0.78,0.79,0.01,0.01,72662.98,1775915221000
1775915222.605,122.605,0.21,0.22,0.78,0.79,0.01,0.01,72662.98,1775915221000
1775915222.998,122.998,0.21,0.23,0.78,0.79,0.02,0.01,72662.98,1775915221000
1775915223.393,123.393,0.22,0.23,0.77,0.79,0.01,0.02,72661.04,1775915222000
1775915223.757,123.757,0.23,0.24,0.76,0.77,0.01,0.01,72661.04,1775915222000
1775915224.184,124.184,0.21,0.22,0.78,0.79,0.01,0.01,72661.04,1775915222000
1775915224.538,124.538,0.22,0.23,0.76,0.79,0.01,0.03,72661.53,1775915223000
1775915224.946,124.946,0.19,0.23,0.77,0.78,0.04,0.01,72661.53,1775915223000
1775915225.298,125.298,0.23,0.24,0.76,0.78,0.01,0.02,72661.53,1775915223000
1775915225.639,125.639,0.23,0.24,0.75,0.77,0.01,0.02,72661.53,1775915224000
1775915226.009,126.009,0.23,0.24,0.76,0.77,0.01,0.01,72661.53,1775915224000
1775915226.374,126.374,0.22,0.23,0.77,0.78,0.01,0.01,72661.53,1775915224000
1775915226.728,126.728,0.22,0.23,0.77,0.78,0.01,0.01,72661.8,1775915225000
1775915227.082,127.082,0.22,0.23,0.77,0.78,0.01,0.01,72661.96,1775915226000
1775915227.584,127.584,0.22,0.23,0.77,0.78,0.01,0.01,72661.96,1775915226000
1775915227.957,127.957,0.22,0.23,0.77,0.78,0.01,0.01,72661.96,1775915226000
1775915228.486,128.486,0.21,0.22,0.78,0.79,0.01,0.01,72661.14,1775915227000
1775915228.886,128.886,0.21,0.23,0.78,0.79,0.02,0.01,72661.14,1775915227000
1775915229.317,129.317,0.21,0.22,0.77,0.79,0.01,0.02,72661.16,1775915228000
1775915229.956,129.956,0.22,0.23,0.77,0.78,0.01,0.01,72661.16,1775915228000
1775915230.327,130.327,0.22,0.23,0.77,0.78,0.01,0.01,72661.39,1775915229000
1775915230.706,130.706,0.22,0.23,0.77,0.78,0.01,0.01,72661.39,1775915229000
1775915231.104,131.104,0.22,0.23,0.77,0.78,0.01,0.01,72661.39,1775915229000
1775915231.544,131.544,0.19,0.2,0.79,0.81,0.01,0.02,72662.27,1775915230000
1775915231.89,131.89,0.19,0.2,0.8,0.81,0.01,0.01,72662.27,1775915230000
1775915232.27,132.27,0.19,0.2,0.8,0.81,0.01,0.01,72662.27,1775915231000
1775915232.871,132.871,0.19,0.2,0.8,0.81,0.01,0.01,72662.27,1775915231000
1775915233.333,133.333,0.2,0.21,0.79,0.8,0.01,0.01,72662.2,1775915232000
1775915233.741,133.741,0.2,0.21,0.79,0.8,0.01,0.01,72662.2,1775915232000
1775915234.126,134.126,0.2,0.21,0.79,0.8,0.01,0.01,72662.2,1775915232000
1775915234.71,134.71,0.2,0.21,0.79,0.8,0.01,0.01,72662.2,1775915232000
1775915235.049,135.049,0.21,0.23,0.78,0.8,0.02,0.02,72662.5,1775915233000
1775915235.446,135.446,0.27,0.28,0.71,0.74,0.01,0.03,72660.06,1775915234000
1775915235.839,135.839,0.28,0.29,0.71,0.72,0.01,0.01,72660.06,1775915234000
1775915236.201,136.201,0.28,0.29,0.71,0.72,0.01,0.01,72660.06,1775915234000
1775915236.629,136.629,0.28,0.29,0.71,0.72,0.01,0.01,72661.86,1775915235000
1775915236.969,136.969,0.35,0.4,0.61,0.65,0.05,0.04,72661.86,1775915235000
1775915237.303,137.303,0.39,0.4,0.6,0.61,0.01,0.01,72665.25,1775915236000
1775915237.679,137.679,0.39,0.4,0.6,0.61,0.01,0.01,72665.25,1775915236000
1775915238.055,138.055,0.39,0.4,0.6,0.61,0.01,0.01,72665.25,1775915236000
1775915238.415,138.415,0.38,0.39,0.6,0.64,0.01,0.04,72668.5,1775915237000
1775915238.761,138.761,0.38,0.42,0.61,0.62,0.04,0.01,72668.5,1775915237000
1775915239.135,139.135,0.46,0.47,0.53,0.54,0.01,0.01,72668.5,1775915237000
1775915239.505,139.505,0.46,0.47,0.53,0.54,0.01,0.01,72672.76,1775915238000
1775915239.846,139.846,0.46,0.47,0.53,0.54,0.01,0.01,72672.76,1775915238000
1775915240.183,140.183,0.45,0.46,0.54,0.55,0.01,0.01,72675.69,1775915239000
1775915240.523,140.523,0.43,0.44,0.56,0.57,0.01,0.01,72675.69,1775915239000
1775915240.859,140.859,0.42,0.43,0.56,0.57,0.01,0.01,72675.69,1775915239000
1775915241.235,141.235,0.4,0.42,0.59,0.6,0.02,0.01,72675.69,1775915239000
1775915241.596,141.596,0.4,0.41,0.59,0.6,0.01,0.01,72676.28,1775915240000
1775915242.059,142.059,0.39,0.4,0.59,0.6,0.01,0.01,72676.28,1775915240000
1775915242.429,142.429,0.39,0.4,0.6,0.61,0.01,0.01,72679.54,1775915241000
1775915242.932,142.932,0.39,0.4,0.6,0.61,0.01,0.01,72679.54,1775915241000
1775915243.352,143.352,0.39,0.4,0.6,0.61,0.01,0.01,72679.92,1775915242000
1775915243.699,143.699,0.4,0.44,0.59,0.6,0.04,0.01,72679.92,1775915242000
1775915244.315,144.315,0.42,0.43,0.57,0.58,0.01,0.01,72680.03,1775915243000
1775915244.8,144.8,0.41,0.42,0.57,0.58,0.01,0.01,72680.03,1775915243000
1775915245.14,145.14,0.41,0.42,0.58,0.59,0.01,0.01,72680.03,1775915243000
1775915245.564,145.564,0.4,0.43,0.57,0.59,0.03,0.02,72680.03,1775915244000
1775915246.091,146.091,0.42,0.43,0.57,0.58,0.01,0.01,72680.03,1775915244000
1775915246.506,146.506,0.42,0.43,0.57,0.58,0.01,0.01,72680.41,1775915245000
1775915246.936,146.936,0.42,0.43,0.57,0.58,0.01,0.01,72680.41,1775915245000
1775915247.271,147.271,0.42,0.43,0.57,0.58,0.01,0.01,72680.41,1775915245000
1775915247.839,147.839,0.31,0.32,0.68,0.69,0.01,0.01,72680.41,1775915245000
1775915248.18,148.18,0.31,0.35,0.68,0.69,0.04,0.01,72680.41,1775915246000
1775915248.731,148.731,0.32,0.33,0.66,0.69,0.01,0.03,72680.41,1775915247000
1775915249.134,149.134,0.33,0.34,0.66,0.67,0.01,0.01,72680.41,1775915247000
1775915249.558,149.558,0.33,0.34,0.66,0.67,0.01,0.01,72678.97,1775915248000
1775915249.979,149.979,0.34,0.35,0.65,0.66,0.01,0.01,72678.97,1775915248000
1775915250.369,150.369,0.34,0.35,0.65,0.66,0.01,0.01,72678.97,1775915248000
1775915250.74,150.74,0.34,0.35,0.65,0.66,0.01,0.01,72676.76,1775915249000
1775915251.257,151.257,0.33,0.34,0.66,0.67,0.01,0.01,72676.76,1775915249000
1775915252.027,152.027,0.34,0.35,0.66,0.67,0.01,0.01,72676.67,1775915250000
1775915253.14,153.14,0.33,0.35,0.66,0.67,0.02,0.01,72676.9,1775915251000
1775915253.616,153.616,0.34,0.35,0.65,0.66,0.01,0.01,72676.48,1775915252000
1775915253.995,153.995,0.32,0.33,0.67,0.68,0.01,0.01,72676.48,1775915252000
1775915254.405,154.405,0.32,0.33,0.67,0.68,0.01,0.01,72676.19,1775915253000
1775915254.754,154.754,0.32,0.33,0.67,0.68,0.01,0.01,72676.19,1775915253000
1775915255.111,155.111,0.36,0.37,0.63,0.64,0.01,0.01,72676.37,1775915254000
1775915255.654,155.654,0.36,0.37,0.63,0.64,0.01,0.01,72676.37,1775915254000
1775915256.154,156.154,0.36,0.37,0.63,0.64,0.01,0.01,72676.08,1775915255000
1775915256.557,156.557,0.37,0.38,0.62,0.63,0.01,0.01,72676.08,1775915255000
1775915256.923,156.923,0.38,0.39,0.61,0.63,0.01,0.02,72676.08,1775915255000
1775915257.402,157.402,0.38,0.39,0.61,0.62,0.01,0.01,72676.45,1775915256000
1775915257.838,157.838,0.38,0.39,0.61,0.62,0.01,0.01,72676.45,1775915256000
1775915258.301,158.301,0.38,0.39,0.61,0.62,0.01,0.01,72676.61,1775915257000
1775915258.849,158.849,0.38,0.39,0.61,0.62,0.01,0.01,72676.61,1775915257000
1775915259.24,159.24,0.37,0.38,0.61,0.62,0.01,0.01,72676.29,1775915258000
1775915259.585,159.585,0.37,0.38,0.62,0.63,0.01,0.01,72676.29,1775915258000
1775915259.918,159.918,0.37,0.38,0.62,0.63,0.01,0.01,72676.29,1775915258000
1775915260.628,160.628,0.37,0.38,0.62,0.63,0.01,0.01,72676.26,1775915259000
1775915260.987,160.987,0.37,0.38,0.62,0.63,0.01,0.01,72676.26,1775915259000
1775915262.215,162.215,0.36,0.37,0.63,0.64,0.01,0.01,72676.28,1775915260000
1775915262.585,162.585,0.36,0.39,0.05,0.64,0.03,0.59,72674.77,1775915261000
1775915262.919,162.919,0.35,0.38,0.62,0.63,0.03,0.01,72674.77,1775915261000
1775915263.266,163.266,0.26,0.27,0.69,0.73,0.01,0.04,72674.77,1775915261000
1775915263.621,163.621,0.25,0.26,0.74,0.75,0.01,0.01,72676.78,1775915262000
1775915264.125,164.125,0.25,0.26,0.74,0.75,0.01,0.01,72676.78,1775915262000
1775915264.469,164.469,0.25,0.26,0.74,0.75,0.01,0.01,72676.19,1775915263000
1775915264.921,164.921,0.25,0.26,0.74,0.75,0.01,0.01,72676.19,1775915263000
1775915265.316,165.316,0.25,0.26,0.74,0.75,0.01,0.01,72665.7,1775915264000
1775915265.857,165.857,0.25,0.26,0.74,0.75,0.01,0.01,72665.7,1775915264000
1775915266.273,166.273,0.26,0.27,0.73,0.74,0.01,0.01,72665.7,1775915264000
1775915266.731,166.731,0.21,0.26,0.78,0.79,0.05,0.01,72668.32,1775915265000
1775915267.098,167.098,0.23,0.24,0.76,0.77,0.01,0.01,72668.32,1775915265000
1775915267.445,167.445,0.24,0.25,0.76,0.77,0.01,0.01,72665.84,1775915266000
1775915267.794,167.794,0.24,0.25,0.75,0.76,0.01,0.01,72665.84,1775915266000
1775915268.152,168.152,0.24,0.25,0.75,0.76,0.01,0.01,72665.84,1775915266000
1775915268.813,168.813,0.24,0.25,0.75,0.76,0.01,0.01,72665.71,1775915267000
1775915269.192,169.192,0.24,0.25,0.75,0.76,0.01,0.01,72665.71,1775915267000
1775915269.653,169.653,0.24,0.25,0.75,0.76,0.01,0.01,72664.92,1775915268000
1775915270.025,170.025,0.24,0.25,0.75,0.76,0.01,0.01,72664.92,1775915268000
1775915270.368,170.368,0.29,0.3,0.7,0.71,0.01,0.01,72665.06,1775915269000
1775915270.842,170.842,0.29,0.3,0.7,0.71,0.01,0.01,72665.06,1775915269000
1775915271.207,171.207,0.28,0.29,0.71,0.72,0.01,0.01,72665.06,1775915269000
1775915271.792,171.792,0.31,0.32,0.68,0.69,0.01,0.01,72665.56,1775915270000
1775915272.152,172.152,0.31,0.32,0.68,0.69,0.01,0.01,72665.56,1775915270000
1775915272.886,172.886,0.3,0.32,0.68,0.69,0.02,0.01,72667.36,1775915271000
1775915273.293,173.293,0.3,0.31,0.69,0.7,0.01,0.01,72667.36,1775915272000
1775915273.635,173.635,0.29,0.3,0.69,0.71,0.01,0.02,72667.36,1775915272000
1775915274.009,174.009,0.29,0.3,0.7,0.71,0.01,0.01,72667.36,1775915272000
1775915274.475,174.475,0.29,0.3,0.7,0.71,0.01,0.01,72671.13,1775915273000
1775915274.842,174.842,0.28,0.29,0.7,0.71,0.01,0.01,72671.13,1775915273000
1775915275.2,175.2,0.28,0.29,0.71,0.72,0.01,0.01,72671.72,1775915274000
1775915275.549,175.549,0.31,0.32,0.7,0.72,0.01,0.02,72671.72,1775915274000
1775915275.945,175.945,0.32,0.33,0.67,0.68,0.01,0.01,72671.72,1775915274000
1775915276.456,176.456,0.32,0.33,0.67,0.68,0.01,0.01,72671.41,1775915275000
1775915277.023,177.023,0.32,0.33,0.67,0.68,0.01,0.01,72671.41,1775915275000
1775915277.57,177.57,0.32,0.33,0.67,0.68,0.01,0.01,72671.3,1775915276000
1775915278.068,178.068,0.32,0.33,0.67,0.68,0.01,0.01,72671.3,1775915276000
1775915278.488,178.488,0.32,0.33,0.67,0.68,0.01,0.01,72672.05,1775915277000
1775915278.845,178.845,0.32,0.33,0.67,0.68,0.01,0.01,72672.05,1775915277000
1775915279.479,179.479,0.32,0.33,0.67,0.68,0.01,0.01,72673.74,1775915278000
1775915279.904,179.904,0.32,0.33,0.67,0.68,0.01,0.01,72673.74,1775915278000
1775915280.296,180.296,0.32,0.33,0.67,0.68,0.01,0.01,72673.74,1775915278000
1775915280.666,180.666,0.32,0.33,0.67,0.68,0.01,0.01,72674.03,1775915279000
1775915281.11,181.11,0.34,0.35,0.64,0.67,0.01,0.03,72674.03,1775915279000
1775915281.444,181.444,0.35,0.36,0.64,0.65,0.01,0.01,72674.28,1775915280000
1775915281.974,181.974,0.35,0.36,0.64,0.65,0.01,0.01,72674.39,1775915281000
1775915282.372,182.372,0.35,0.36,0.64,0.65,0.01,0.01,72674.39,1775915281000
1775915282.999,182.999,0.35,0.36,0.64,0.65,0.01,0.01,72676.37,1775915282000
1775915283.333,183.333,0.35,0.36,0.64,0.65,0.01,0.01,72676.37,1775915282000
1775915283.851,183.851,0.37,0.38,0.62,0.63,0.01,0.01,72676.37,1775915282000
1775915284.24,184.24,0.33,0.34,0.64,0.67,0.01,0.03,72676.01,1775915283000
1775915284.7,184.7,0.33,0.34,0.66,0.67,0.01,0.01,72676.01,1775915283000
1775915285.051,185.051,0.33,0.34,0.66,0.67,0.01,0.01,72676.01,1775915283000
1775915285.838,185.838,0.33,0.34,0.66,0.67,0.01,0.01,72676.09,1775915284000
1775915286.217,186.217,0.32,0.33,0.66,0.68,0.01,0.02,72676.09,1775915284000
1775915286.631,186.631,0.31,0.32,0.68,0.69,0.01,0.01,72675.5,1775915285000
1775915287.173,187.173,0.32,0.33,0.68,0.69,0.01,0.01,72675.5,1775915285000
1775915287.671,187.671,0.33,0.34,0.66,0.67,0.01,0.01,72675.5,1775915285000
1775915288.237,188.237,0.33,0.34,0.66,0.67,0.01,0.01,72675.49,1775915286000
1775915288.655,188.655,0.33,0.34,0.66,0.67,0.01,0.01,72675.52,1775915287000
1775915289.027,189.027,0.37,0.38,0.62,0.63,0.01,0.01,72675.73,1775915288000
1775915289.416,189.416,0.37,0.38,0.62,0.63,0.01,0.01,72675.73,1775915288000
1775915289.762,189.762,0.37,0.38,0.62,0.63,0.01,0.01,72675.73,1775915288000
1775915290.142,190.142,0.37,0.38,0.62,0.63,0.01,0.01,72675.73,1775915288000
1775915290.85,190.85,0.37,0.38,0.62,0.63,0.01,0.01,72675.94,1775915289000
1775915291.422,191.422,0.37,0.38,0.62,0.63,0.01,0.01,72676.57,1775915290000
1775915291.774,191.774,0.37,0.38,0.62,0.63,0.01,0.01,72676.57,1775915290000
1775915292.184,192.184,0.37,0.38,0.62,0.63,0.01,0.01,72676.57,1775915291000
1775915292.694,192.694,0.37,0.38,0.62,0.63,0.01,0.01,72676.57,1775915291000
1775915293.059,193.059,0.37,0.38,0.62,0.63,0.01,0.01,72676.84,1775915292000
1775915293.531,193.531,0.37,0.38,0.62,0.63,0.01,0.01,72676.84,1775915292000
1775915293.864,193.864,0.37,0.38,0.62,0.63,0.01,0.01,72676.84,1775915292000
1775915294.327,194.327,0.38,0.39,0.61,0.62,0.01,0.01,72678.61,1775915293000
1775915294.719,194.719,0.38,0.39,0.61,0.62,0.01,0.01,72678.61,1775915293000
1775915295.073,195.073,0.38,0.39,0.61,0.62,0.01,0.01,72679.88,1775915294000
1775915295.412,195.412,0.37,0.38,0.61,0.63,0.01,0.02,72679.88,1775915294000
1775915295.773,195.773,0.37,0.38,0.62,0.63,0.01,0.01,72679.88,1775915294000
1775915296.119,196.119,0.37,0.38,0.62,0.63,0.01,0.01,72680.08,1775915295000
1775915296.476,196.476,0.37,0.38,0.62,0.63,0.01,0.01,72680.08,1775915295000
1775915296.905,196.905,0.4,0.41,0.59,0.61,0.01,0.02,72680.08,1775915295000
1775915297.469,197.469,0.4,0.41,0.59,0.6,0.01,0.01,72680.08,1775915295000
1775915298.008,198.008,0.4,0.41,0.59,0.6,0.01,0.01,72681.68,1775915297000
1775915298.553,198.553,0.42,0.45,0.56,0.58,0.03,0.02,72681.68,1775915297000
1775915298.932,198.932,0.42,0.47,0.55,0.58,0.05,0.03,72681.68,1775915297000
1775915299.382,199.382,0.45,0.47,0.53,0.58,0.02,0.05,72682.45,1775915298000
1775915300.227,200.227,0.43,0.47,0.53,0.55,0.04,0.02,72682.45,1775915298000
1775915300.605,200.605,0.41,0.44,0.56,0.59,0.03,0.03,72685.3,1775915299000
1775915301.217,201.217,0.43,0.44,0.52,0.57,0.01,0.05,72685.3,1775915299000
1775915301.711,201.711,0.43,0.44,0.56,0.57,0.01,0.01,72687.49,1775915300000
1775915302.091,202.091,0.45,0.46,0.54,0.57,0.01,0.03,72687.49,1775915300000
1775915302.534,202.534,0.43,0.45,0.55,0.57,0.02,0.02,72687.71,1775915301000
1775915302.911,202.911,0.43,0.45,0.55,0.57,0.02,0.02,72687.71,1775915301000
1775915303.278,203.278,0.43,0.45,0.55,0.57,0.02,0.02,72687.7,1775915302000
1775915303.694,203.694,0.44,0.45,0.55,0.56,0.01,0.01,72687.7,1775915302000
1775915304.112,204.112,0.44,0.46,0.54,0.56,0.02,0.02,72687.68,1775915303000
1775915304.529,204.529,0.44,0.46,0.54,0.56,0.02,0.02,72687.68,1775915303000
1775915304.962,204.962,0.44,0.45,0.53,0.56,0.01,0.03,72687.68,1775915303000
1775915306.074,206.074,0.44,0.45,0.55,0.56,0.01,0.01,72688.91,1775915305000
1775915306.542,206.542,0.45,0.46,0.55,0.56,0.01,0.01,72688.91,1775915305000
1775915306.925,206.925,0.45,0.46,0.54,0.55,0.01,0.01,72688.91,1775915305000
1775915307.456,207.456,0.54,0.57,0.43,0.46,0.03,0.03,72694.01,1775915306000
1775915307.935,207.935,0.49,0.58,0.42,0.51,0.09,0.09,72694.01,1775915306000
1775915308.39,208.39,0.45,0.52,0.42,0.53,0.07,0.11,72694.76,1775915307000
1775915308.836,208.836,0.45,0.59,0.41,0.45,0.14,0.04,72694.76,1775915307000
1775915309.204,209.204,0.53,0.59,0.41,0.47,0.06,0.06,72694.97,1775915308000
1775915309.976,209.976,0.55,0.56,0.37,0.47,0.01,0.1,72694.97,1775915308000
1775915310.401,210.401,0.55,0.56,0.44,0.45,0.01,0.01,72698.09,1775915309000
1775915310.746,210.746,0.49,0.59,0.41,0.47,0.1,0.06,72698.09,1775915309000
1775915311.082,211.082,0.51,0.8,0.45,0.49,0.29,0.04,72698.09,1775915309000
1775915311.421,211.421,0.55,0.57,0.43,0.45,0.02,0.02,72698.39,1775915310000
1775915311.985,211.985,0.55,0.58,0.42,0.45,0.03,0.03,72698.39,1775915310000
1775915312.671,212.671,0.55,0.56,0.42,0.45,0.01,0.03,72699.98,1775915311000
1775915313.02,213.02,0.57,0.58,0.42,0.43,0.01,0.01,72699.98,1775915311000
1775915313.426,213.426,0.6,0.62,0.37,0.41,0.02,0.04,72700.11,1775915312000
1775915313.812,213.812,0.62,0.63,0.37,0.39,0.01,0.02,72700.11,1775915312000
1775915314.166,214.166,0.62,0.63,0.37,0.38,0.01,0.01,72700.64,1775915313000
1775915314.507,214.507,0.62,0.63,0.37,0.38,0.01,0.01,72700.64,1775915313000
1775915315.049,215.049,0.63,0.64,0.37,0.38,0.01,0.01,72700.64,1775915313000
1775915315.394,215.394,0.64,0.65,0.35,0.37,0.01,0.02,72700.64,1775915313000
1775915315.733,215.733,0.64,0.65,0.35,0.36,0.01,0.01,72700.68,1775915314000
1775915316.115,216.115,0.63,0.65,0.35,0.36,0.02,0.01,72700.68,1775915314000
1775915316.477,216.477,0.66,0.67,0.33,0.34,0.01,0.01,72700.86,1775915315000
1775915317.224,217.224,0.66,0.67,0.33,0.34,0.01,0.01,72700.86,1775915315000
1775915317.619,217.619,0.68,0.69,0.31,0.32,0.01,0.01,72700.86,1775915315000
1775915317.992,217.992,0.7,0.71,0.29,0.3,0.01,0.01,72701.11,1775915316000
1775915318.381,218.381,0.71,0.72,0.28,0.3,0.01,0.02,72702.9,1775915317000
1775915318.74,218.74,0.72,0.79,0.27,0.28,0.07,0.01,72702.9,1775915317000
1775915319.122,219.122,0.78,0.8,0.21,0.22,0.02,0.01,72702.9,1775915317000
1775915319.72,219.72,0.79,0.8,0.2,0.21,0.01,0.01,72704.26,1775915318000
1775915320.109,220.109,0.79,0.8,0.2,0.21,0.01,0.01,72704.26,1775915319000
1775915320.478,220.478,0.79,0.8,0.2,0.21,0.01,0.01,72704.26,1775915319000
1775915320.918,220.918,0.79,0.8,0.2,0.21,0.01,0.01,72704.26,1775915319000
1775915321.343,221.343,0.79,0.8,0.2,0.21,0.01,0.01,72706.86,1775915320000
1775915321.696,221.696,0.79,0.8,0.2,0.21,0.01,0.01,72706.86,1775915320000
1775915322.034,222.034,0.79,0.8,0.2,0.21,0.01,0.01,72706.86,1775915320000
1775915322.387,222.387,0.79,0.8,0.2,0.21,0.01,0.01,72706.86,1775915320000
1775915322.773,222.773,0.79,0.8,0.2,0.21,0.01,0.01,72709.55,1775915321000
1775915323.269,223.269,0.79,0.8,0.2,0.21,0.01,0.01,72709.66,1775915322000
1775915323.649,223.649,0.79,0.8,0.2,0.21,0.01,0.01,72709.66,1775915322000
1775915323.985,223.985,0.8,0.81,0.19,0.21,0.01,0.02,72709.66,1775915322000
1775915324.322,224.322,0.8,0.81,0.19,0.2,0.01,0.01,72711.93,1775915323000
1775915324.783,224.783,0.81,0.83,0.17,0.18,0.02,0.01,72711.93,1775915323000
1775915325.138,225.138,0.82,0.84,0.17,0.18,0.02,0.01,72711.93,1775915323000
1775915325.48,225.48,0.86,0.92,0.08,0.14,0.06,0.06,72711.93,1775915324000
1775915325.854,225.854,0.88,0.89,0.11,0.12,0.01,0.01,72711.93,1775915324000
1775915326.28,226.28,0.88,0.89,0.11,0.12,0.01,0.01,72711.93,1775915325000
1775915326.762,226.762,0.88,0.89,0.11,0.12,0.01,0.01,72711.93,1775915325000
1775915327.188,227.188,0.88,0.89,0.11,0.12,0.01,0.01,72711.93,1775915325000
1775915327.529,227.529,0.89,0.9,0.1,0.11,0.01,0.01,72715.0,1775915326000
1775915327.916,227.916,0.89,0.9,0.1,0.11,0.01,0.01,72715.0,1775915326000
1775915328.254,228.254,0.88,0.9,0.1,0.11,0.02,0.01,72715.77,1775915327000
1775915328.642,228.642,0.88,0.89,0.11,0.12,0.01,0.01,72715.77,1775915327000
1775915328.983,228.983,0.89,0.9,0.1,0.11,0.01,0.01,72715.77,1775915327000
1775915329.422,229.422,0.89,0.9,0.1,0.11,0.01,0.01,72718.39,1775915328000
1775915329.807,229.807,0.87,0.9,0.1,0.11,0.03,0.01,72718.39,1775915328000
1775915330.249,230.249,0.88,0.89,0.11,0.12,0.01,0.01,72718.39,1775915328000
1775915330.774,230.774,0.89,0.9,0.1,0.12,0.01,0.02,72718.41,1775915329000
1775915331.291,231.291,0.89,0.91,0.1,0.11,0.02,0.01,72718.41,1775915329000
1775915331.631,231.631,0.92,0.93,0.07,0.08,0.01,0.01,72718.45,1775915330000
1775915331.998,231.998,0.92,0.93,0.07,0.08,0.01,0.01,72718.45,1775915330000
1775915332.373,232.373,0.92,0.93,0.07,0.08,0.01,0.01,72718.47,1775915331000
1775915332.711,232.711,0.91,0.92,0.07,0.09,0.01,0.02,72718.47,1775915331000
1775915333.127,233.127,0.91,0.92,0.08,0.09,0.01,0.01,72718.47,1775915331000
1775915333.462,233.462,0.91,0.93,0.08,0.1,0.02,0.02,72718.7,1775915332000
1775915333.865,233.865,0.92,0.93,0.07,0.1,0.01,0.03,72718.7,1775915332000
1775915334.256,234.256,0.92,0.93,0.07,0.08,0.01,0.01,72718.7,1775915333000
1775915334.613,234.613,0.92,0.93,0.07,0.08,0.01,0.01,72718.7,1775915333000
1775915334.952,234.952,0.92,0.93,0.07,0.08,0.01,0.01,72718.7,1775915333000
1775915335.318,235.318,0.92,0.93,0.07,0.08,0.01,0.01,72719.98,1775915334000
1775915335.818,235.818,0.92,0.93,0.07,0.08,0.01,0.01,72719.98,1775915334000
1775915336.227,236.227,0.92,0.93,0.07,0.08,0.01,0.01,72719.98,1775915334000
1775915336.586,236.586,0.92,0.94,0.05,0.08,0.02,0.03,72720.22,1775915335000
1775915337.028,237.028,0.93,0.94,0.06,0.07,0.01,0.01,72720.22,1775915335000
1775915337.402,237.402,0.93,0.94,0.06,0.07,0.01,0.01,72721.51,1775915336000
1775915337.813,237.813,0.93,0.94,0.06,0.08,0.01,0.02,72721.51,1775915336000
1775915338.26,238.26,0.93,0.94,0.06,0.07,0.01,0.01,72721.4,1775915337000
1775915338.69,238.69,0.93,0.94,0.06,0.07,0.01,0.01,72721.4,1775915337000
1775915339.037,239.037,0.93,0.94,0.06,0.07,0.01,0.01,72721.21,1775915338000
1775915339.394,239.394,0.92,0.93,0.07,0.08,0.01,0.01,72721.21,1775915338000
1775915339.825,239.825,0.92,0.93,0.07,0.08,0.01,0.01,72721.21,1775915338000
1775915340.35,240.35,0.92,0.93,0.05,0.08,0.01,0.03,72721.29,1775915339000
1775915340.844,240.844,0.91,0.92,0.08,0.09,0.01,0.01,72721.29,1775915339000
1775915341.203,241.203,0.91,0.92,0.08,0.09,0.01,0.01,72721.29,1775915339000
1775915341.536,241.536,0.91,0.92,0.08,0.09,0.01,0.01,72722.47,1775915340000
1775915341.9,241.9,0.91,0.92,0.08,0.09,0.01,0.01,72722.47,1775915340000
1775915342.289,242.289,0.91,0.92,0.08,0.09,0.01,0.01,72722.47,1775915340000
1775915342.751,242.751,0.9,0.92,0.08,0.09,0.02,0.01,72722.9,1775915341000
1775915343.148,243.148,0.92,0.93,0.07,0.08,0.01,0.01,72723.05,1775915342000
1775915343.503,243.503,0.9,0.92,0.06,0.09,0.02,0.03,72723.05,1775915342000
1775915343.903,243.903,0.94,0.95,0.05,0.06,0.01,0.01,72723.05,1775915342000
1775915344.249,244.249,0.9,0.91,0.1,0.11,0.01,0.01,72722.95,1775915343000
1775915344.591,244.591,0.88,0.89,0.11,0.12,0.01,0.01,72722.95,1775915343000
1775915345.032,245.032,0.9,0.91,0.09,0.1,0.01,0.01,72722.95,1775915343000
1775915345.375,245.375,0.9,0.91,0.09,0.1,0.01,0.01,72723.0,1775915344000
1775915345.723,245.723,0.9,0.91,0.09,0.1,0.01,0.01,72723.0,1775915344000
1775915346.085,246.085,0.86,0.87,0.13,0.14,0.01,0.01,72723.0,1775915344000
1775915346.429,246.429,0.85,0.86,0.14,0.15,0.01,0.01,72721.85,1775915345000
1775915346.775,246.775,0.89,0.9,0.1,0.12,0.01,0.02,72721.85,1775915345000
1775915347.169,247.169,0.89,0.9,0.1,0.11,0.01,0.01,72721.85,1775915345000
1775915347.513,247.513,0.89,0.9,0.1,0.11,0.01,0.01,72720.3,1775915346000
1775915347.861,247.861,0.87,0.88,0.09,0.14,0.01,0.05,72720.3,1775915346000
1775915348.268,248.268,0.92,0.95,0.05,0.08,0.03,0.03,72720.29,1775915347000
1775915348.622,248.622,0.91,0.92,0.08,0.09,0.01,0.01,72720.29,1775915347000
1775915348.984,248.984,0.88,0.89,0.11,0.12,0.01,0.01,72720.29,1775915347000
1775915349.332,249.332,0.9,0.91,0.09,0.1,0.01,0.01,72720.29,1775915348000
1775915349.711,249.711,0.9,0.92,0.09,0.1,0.02,0.01,72720.29,1775915348000
1775915350.148,250.148,0.89,0.9,0.07,0.12,0.01,0.05,72720.29,1775915348000
1775915350.53,250.53,0.88,0.89,0.1,0.11,0.01,0.01,72720.26,1775915349000
1775915351.01,251.01,0.89,0.91,0.06,0.1,0.02,0.04,72720.26,1775915349000
1775915351.364,251.364,0.88,0.89,0.09,0.12,0.01,0.03,72720.26,1775915350000
1775915351.838,251.838,0.88,0.89,0.11,0.12,0.01,0.01,72720.26,1775915350000
1775915352.183,252.183,0.9,0.91,0.09,0.1,0.01,0.01,72720.24,1775915351000
1775915352.655,252.655,0.91,0.92,0.08,0.09,0.01,0.01,72720.24,1775915351000
1775915353.095,253.095,0.9,0.92,0.08,0.09,0.02,0.01,72720.24,1775915351000
1775915353.72,253.72,0.9,0.92,0.08,0.1,0.02,0.02,72720.58,1775915352000
1775915354.081,254.081,0.91,0.93,0.08,0.1,0.02,0.02,72720.58,1775915352000
1775915354.441,254.441,0.91,0.92,0.08,0.1,0.01,0.02,72720.86,1775915353000
1775915354.774,254.774,0.88,0.92,0.08,0.12,0.04,0.04,72720.86,1775915353000
1775915355.148,255.148,0.9,0.91,0.09,0.1,0.01,0.01,72720.86,1775915353000
1775915355.561,255.561,0.91,0.92,0.08,0.09,0.01,0.01,72720.67,1775915354000
1775915355.994,255.994,0.91,0.92,0.08,0.09,0.01,0.01,72720.67,1775915354000
1775915356.519,256.519,0.91,0.92,0.08,0.09,0.01,0.01,72720.87,1775915355000
1775915356.965,256.965,0.91,0.92,0.09,0.1,0.01,0.01,72720.87,1775915355000
1775915357.461,257.461,0.91,0.92,0.08,0.09,0.01,0.01,72720.4,1775915356000
1775915357.849,257.849,0.91,0.92,0.07,0.09,0.01,0.02,72720.4,1775915356000
1775915358.252,258.252,0.91,0.92,0.08,0.09,0.01,0.01,72720.26,1775915357000
1775915358.634,258.634,0.91,0.92,0.08,0.09,0.01,0.01,72720.26,1775915357000
1775915358.975,258.975,0.93,0.94,0.06,0.07,0.01,0.01,72720.26,1775915357000
1775915359.318,259.318,0.93,0.94,0.06,0.07,0.01,0.01,72720.65,1775915358000
1775915359.753,259.753,0.93,0.94,0.06,0.07,0.01,0.01,72720.65,1775915358000
1775915360.239,260.239,0.93,0.94,0.06,0.07,0.01,0.01,72720.71,1775915359000
1775915360.991,260.991,0.93,0.94,0.06,0.07,0.01,0.01,72720.71,1775915359000
1775915361.332,261.332,0.93,0.94,0.06,0.07,0.01,0.01,72721.03,1775915360000
1775915361.694,261.694,0.94,0.95,0.05,0.06,0.01,0.01,72721.03,1775915360000
1775915362.068,262.068,0.94,0.95,0.05,0.06,0.01,0.01,72721.03,1775915360000
1775915362.656,262.656,0.94,0.95,0.05,0.06,0.01,0.01,72721.95,1775915361000
1775915362.989,262.989,0.94,0.95,0.05,0.06,0.01,0.01,72721.95,1775915361000
1775915363.412,263.412,0.94,0.95,0.05,0.06,0.01,0.01,72722.27,1775915362000
1775915363.845,263.845,0.94,0.95,0.05,0.06,0.01,0.01,72722.27,1775915362000
1775915364.275,264.275,0.94,0.95,0.05,0.06,0.01,0.01,72722.27,1775915363000
1775915364.672,264.672,0.94,0.95,0.05,0.06,0.01,0.01,72722.27,1775915363000
1775915365.005,265.005,0.94,0.95,0.05,0.06,0.01,0.01,72722.27,1775915363000
1775915365.343,265.343,0.94,0.95,0.05,0.06,0.01,0.01,72722.29,1775915364000
1775915365.977,265.977,0.94,0.95,0.05,0.06,0.01,0.01,72722.29,1775915364000
1775915366.33,266.33,0.94,0.95,0.05,0.06,0.01,0.01,72722.31,1775915365000
1775915366.762,266.762,0.94,0.95,0.05,0.06,0.01,0.01,72722.31,1775915365000
1775915367.305,267.305,0.94,0.95,0.05,0.06,0.01,0.01,72722.31,1775915365000
1775915367.883,267.883,0.94,0.95,0.05,0.06,0.01,0.01,72721.7,1775915366000
1775915368.347,268.347,0.94,0.95,0.05,0.06,0.01,0.01,72722.07,1775915367000
1775915368.896,268.896,0.94,0.95,0.05,0.06,0.01,0.01,72722.07,1775915367000
1775915369.321,269.321,0.95,0.96,0.04,0.05,0.01,0.01,72722.27,1775915368000
1775915369.823,269.823,0.95,0.96,0.04,0.05,0.01,0.01,72722.27,1775915368000
1775915370.167,270.167,0.95,0.97,0.03,0.05,0.02,0.02,72722.36,1775915369000
1775915370.706,270.706,0.96,0.97,0.04,0.05,0.01,0.01,72722.36,1775915369000
1775915371.223,271.223,0.95,0.97,0.04,0.05,0.02,0.01,72722.36,1775915369000
1775915371.999,271.999,0.96,0.97,0.03,0.04,0.01,0.01,72722.36,1775915370000
1775915372.372,272.372,0.94,0.95,0.03,0.04,0.01,0.01,72722.36,1775915370000
1775915372.722,272.722,0.94,0.95,0.05,0.06,0.01,0.01,72722.36,1775915371000
1775915373.071,273.071,0.94,0.95,0.05,0.06,0.01,0.01,72722.36,1775915372000
1775915373.468,273.468,0.94,0.95,0.05,0.06,0.01,0.01,72722.36,1775915372000
1775915373.806,273.806,0.96,0.97,0.03,0.06,0.01,0.03,72722.36,1775915372000
1775915374.212,274.212,0.96,0.97,0.03,0.04,0.01,0.01,72722.0,1775915373000
1775915374.655,274.655,0.96,0.97,0.03,0.04,0.01,0.01,72722.0,1775915373000
1775915375.007,275.007,0.96,0.97,0.03,0.04,0.01,0.01,72721.96,1775915374000
1775915375.497,275.497,0.96,0.97,0.03,0.04,0.01,0.01,72721.96,1775915374000
1775915375.907,275.907,0.96,0.97,0.03,0.04,0.01,0.01,72721.96,1775915374000
1775915376.261,276.261,0.95,0.97,0.03,0.05,0.02,0.02,72721.84,1775915375000
1775915376.82,276.82,0.96,0.97,0.03,0.05,0.01,0.02,72721.84,1775915375000
1775915377.241,277.241,0.96,0.97,0.03,0.04,0.01,0.01,72721.84,1775915375000
1775915377.624,277.624,0.95,0.97,0.03,0.04,0.02,0.01,72722.66,1775915376000
1775915378.0,278.0,0.95,0.96,0.04,0.05,0.01,0.01,72722.66,1775915376000
1775915378.343,278.343,0.94,0.96,0.03,0.06,0.02,0.03,72722.72,1775915377000
1775915378.708,278.708,0.95,0.96,0.04,0.05,0.01,0.01,72722.72,1775915377000
1775915379.135,279.135,0.96,0.97,0.03,0.04,0.01,0.01,72722.72,1775915377000
1775915379.546,279.546,0.96,0.97,0.03,0.04,0.01,0.01,72722.72,1775915377000
1775915379.924,279.924,0.96,0.97,0.03,0.04,0.01,0.01,72722.71,1775915378000
1775915380.261,280.261,0.97,0.98,0.02,0.04,0.01,0.02,72723.34,1775915379000
1775915380.68,280.68,0.97,0.98,0.02,0.03,0.01,0.01,72723.34,1775915379000
1775915381.1,281.1,0.96,0.98,0.02,0.03,0.02,0.01,72723.34,1775915379000
1775915381.487,281.487,0.97,0.98,0.03,0.04,0.01,0.01,72723.56,1775915380000
1775915381.885,281.885,0.97,0.98,0.02,0.03,0.01,0.01,72723.56,1775915380000
1775915382.223,282.223,0.97,0.98,0.02,0.03,0.01,0.01,72723.51,1775915381000
1775915382.56,282.56,0.97,0.98,0.02,0.03,0.01,0.01,72723.51,1775915381000
1775915383.035,283.035,0.97,0.98,0.02,0.03,0.01,0.01,72723.78,1775915382000
1775915383.49,283.49,0.97,0.98,0.02,0.03,0.01,0.01,72723.78,1775915382000
1775915384.044,284.044,0.97,0.98,0.02,0.03,0.01,0.01,72723.78,1775915383000
1775915384.403,284.403,0.97,0.98,0.02,0.03,0.01,0.01,72723.78,1775915383000
1775915384.826,284.826,0.98,0.99,0.01,0.03,0.01,0.02,72723.78,1775915383000
1775915385.41,285.41,0.98,0.99,0.01,0.02,0.01,0.01,72723.56,1775915384000
1775915385.979,285.979,0.98,0.99,0.01,0.02,0.01,0.01,72723.56,1775915384000
1775915386.355,286.355,0.98,0.99,0.01,0.02,0.01,0.01,72723.78,1775915385000
1775915386.733,286.733,0.97,0.99,0.01,0.02,0.02,0.01,72723.78,1775915385000
1775915387.07,287.07,0.97,0.99,0.01,0.03,0.02,0.02,72723.57,1775915386000
1775915387.71,287.71,0.98,0.99,0.01,0.03,0.01,0.02,72723.57,1775915386000
1775915388.105,288.105,0.98,0.99,0.01,0.02,0.01,0.01,72723.57,1775915386000
1775915388.471,288.471,0.98,0.99,0.01,0.02,0.01,0.01,72723.8,1775915387000
1775915388.839,288.839,0.98,0.99,0.01,0.03,0.01,0.02,72723.8,1775915387000
1775915389.184,289.184,0.98,0.99,0.01,0.02,0.01,0.01,72723.8,1775915387000
1775915389.622,289.622,0.98,0.99,0.01,0.02,0.01,0.01,72723.8,1775915388000
1775915390.227,290.227,0.98,0.99,0.01,0.02,0.01,0.01,72723.8,1775915388000
1775915390.642,290.642,0.98,0.99,0.01,0.02,0.01,0.01,72723.57,1775915389000
1775915390.976,290.976,0.98,0.99,0.01,0.02,0.01,0.01,72723.57,1775915389000
1775915391.364,291.364,0.98,0.99,0.01,0.02,0.01,0.01,72723.8,1775915390000
1775915391.919,291.919,0.98,0.99,0.01,0.02,0.01,0.01,72723.8,1775915390000
1775915392.337,292.337,0.98,0.99,0.01,0.02,0.01,0.01,72723.8,1775915390000
1775915392.677,292.677,0.98,0.99,0.01,0.02,0.01,0.01,72725.53,1775915391000
1775915393.181,293.181,0.98,0.99,0.01,0.02,0.01,0.01,72725.53,1775915391000
1775915393.519,293.519,0.98,0.99,0.01,0.02,0.01,0.01,72727.87,1775915392000
1775915393.898,293.898,0.98,0.99,0.01,0.02,0.01,0.01,72727.87,1775915392000
1775915394.244,294.244,0.98,0.99,0.01,0.02,0.01,0.01,72727.87,1775915392000
1775915394.66,294.66,0.98,0.99,0.01,0.02,0.01,0.01,72728.37,1775915393000
1775915395.117,295.117,0.98,0.99,0.01,0.02,0.01,0.01,72728.37,1775915393000
1775915395.48,295.48,0.98,0.99,0.01,0.02,0.01,0.01,72728.37,1775915393000
1775915395.824,295.824,0.98,0.99,0.01,0.02,0.01,0.01,72728.37,1775915394000
1775915396.163,296.163,0.98,0.99,0.01,0.02,0.01,0.01,72728.37,1775915394000
1775915396.512,296.512,0.98,0.99,0.01,0.02,0.01,0.01,72728.38,1775915395000
1775915396.962,296.962,0.99,0.99,0.01,0.01,0.0,0.0,72728.38,1775915395000
1775915397.377,297.377,0.99,0.99,0.01,0.01,0.0,0.0,72728.38,1775915395000
1775915397.72,297.72,0.99,0.99,0.01,0.01,0.0,0.0,72727.12,1775915396000
1775915398.402,298.402,0.99,0.99,0.01,0.01,0.0,0.0,72726.48,1775915397000
1775915399.239,299.239,0.99,0.99,0.01,0.01,0.0,0.0,72726.48,1775915398000
1775915399.686,299.686,0.99,0.99,0.01,0.01,0.0,0.0,72726.48,1775915398000
1775915400.227,300.227,0.99,0.99,0.01,0.01,0.0,0.0,72726.48,1775915398000
1775915400.63,300.63,0.99,0.99,0.01,0.01,0.0,0.0,72726.43,1775915399000
1775915401.443,301.443,0.99,0.99,0.01,0.01,0.0,0.0,72726.44,1775915400000
1775915402.082,302.082,0.99,0.99,0.01,0.01,0.0,0.0,72726.4,1775915401000

# RESULT,winner=Up,slug=btc-updown-5m-1775915100,ticks=705
