timestamp,elapsed_sec,up_bid,up_ask,down_bid,down_ask,up_spread,down_spread,btc_price,btc_oracle_ts
1776368700.516,0.516,0.45,0.46,0.54,0.55,0.01,0.01,75247.89,1776368699000
1776368700.873,0.873,0.45,0.46,0.54,0.55,0.01,0.01,75247.89,1776368699000
1776368701.224,1.224,0.45,0.46,0.54,0.55,0.01,0.01,75247.92,1776368700000
1776368701.594,1.594,0.45,0.46,0.54,0.55,0.01,0.01,75247.92,1776368700000
1776368701.938,1.938,0.45,0.47,0.53,0.55,0.02,0.02,75247.92,1776368700000
1776368702.275,2.275,0.48,0.5,0.5,0.52,0.02,0.02,75247.92,1776368700000
1776368702.678,2.678,0.49,0.5,0.5,0.51,0.01,0.01,75247.92,1776368700000
1776368703.025,3.025,0.5,0.51,0.49,0.5,0.01,0.01,75245.46,1776368701000
1776368703.38,3.38,0.5,0.51,0.49,0.51,0.01,0.02,75245.46,1776368701000
1776368703.725,3.725,0.5,0.51,0.49,0.5,0.01,0.01,75245.17,1776368702000
1776368704.074,4.074,0.5,0.51,0.49,0.5,0.01,0.01,75245.17,1776368702000
1776368704.407,4.407,0.5,0.53,0.47,0.5,0.03,0.03,75251.55,1776368703000
1776368704.895,4.895,0.52,0.55,0.45,0.48,0.03,0.03,75251.55,1776368703000
1776368705.248,5.248,0.56,0.6,0.4,0.44,0.04,0.04,75251.55,1776368703000
1776368705.582,5.582,0.55,0.57,0.43,0.45,0.02,0.02,75266.32,1776368704000
1776368705.924,5.924,0.52,0.53,0.47,0.48,0.01,0.01,75266.32,1776368704000
1776368706.26,6.26,0.52,0.53,0.47,0.48,0.01,0.01,75266.32,1776368704000
1776368706.622,6.622,0.52,0.53,0.47,0.48,0.01,0.01,75267.65,1776368705000
1776368706.987,6.987,0.52,0.53,0.47,0.48,0.01,0.01,75267.65,1776368705000
1776368707.324,7.324,0.52,0.53,0.47,0.48,0.01,0.01,75267.65,1776368705000
1776368707.763,7.763,0.51,0.53,0.47,0.48,0.02,0.01,75267.65,1776368705000
1776368708.138,8.138,0.51,0.52,0.48,0.49,0.01,0.01,75260.04,1776368706000
1776368708.514,8.514,0.51,0.52,0.48,0.49,0.01,0.01,75258.02,1776368707000
1776368708.888,8.888,0.51,0.52,0.48,0.49,0.01,0.01,75258.02,1776368707000
1776368709.314,9.314,0.51,0.52,0.48,0.49,0.01,0.01,75258.02,1776368707000
1776368709.71,9.71,0.51,0.52,0.48,0.49,0.01,0.01,75257.13,1776368708000
1776368710.511,10.511,0.51,0.52,0.48,0.49,0.01,0.01,75257.13,1776368708000
1776368710.877,10.877,0.51,0.52,0.48,0.49,0.01,0.01,75254.99,1776368709000
1776368711.245,11.245,0.51,0.52,0.48,0.49,0.01,0.01,75254.99,1776368709000
1776368712.27,12.27,0.51,0.52,0.48,0.49,0.01,0.01,75254.98,1776368710000
1776368712.802,12.802,0.51,0.52,0.48,0.49,0.01,0.01,75254.98,1776368711000
1776368713.199,13.199,0.49,0.52,0.48,0.51,0.03,0.03,75254.9,1776368712000
1776368713.656,13.656,0.5,0.51,0.49,0.5,0.01,0.01,75254.9,1776368712000
1776368713.994,13.994,0.5,0.51,0.49,0.5,0.01,0.01,75254.9,1776368712000
1776368714.441,14.441,0.5,0.51,0.49,0.5,0.01,0.01,75250.44,1776368713000
1776368714.832,14.832,0.5,0.51,0.49,0.5,0.01,0.01,75250.44,1776368713000
1776368715.221,15.221,0.5,0.51,0.49,0.5,0.01,0.01,75250.44,1776368714000
1776368715.649,15.649,0.5,0.51,0.49,0.5,0.01,0.01,75250.44,1776368714000
1776368716.198,16.198,0.5,0.51,0.49,0.5,0.01,0.01,75251.19,1776368715000
1776368716.596,16.596,0.5,0.51,0.49,0.5,0.01,0.01,75251.19,1776368715000
1776368717.213,17.213,0.5,0.51,0.49,0.5,0.01,0.01,75251.19,1776368715000
1776368717.723,17.723,0.5,0.51,0.49,0.5,0.01,0.01,75251.31,1776368716000
1776368718.112,18.112,0.5,0.51,0.49,0.5,0.01,0.01,75251.31,1776368716000
1776368718.696,18.696,0.5,0.51,0.49,0.5,0.01,0.01,75251.38,1776368717000
1776368719.123,19.123,0.5,0.51,0.49,0.5,0.01,0.01,75251.84,1776368718000
1776368719.457,19.457,0.5,0.51,0.49,0.5,0.01,0.01,75251.84,1776368718000
1776368719.872,19.872,0.5,0.51,0.49,0.5,0.01,0.01,75251.84,1776368718000
1776368720.211,20.211,0.5,0.51,0.49,0.5,0.01,0.01,75251.84,1776368718000
1776368720.581,20.581,0.5,0.51,0.49,0.5,0.01,0.01,75254.47,1776368719000
1776368721.39,21.39,0.5,0.51,0.49,0.5,0.01,0.01,75259.82,1776368720000
1776368721.955,21.955,0.5,0.51,0.49,0.5,0.01,0.01,75259.82,1776368720000
1776368722.318,22.318,0.5,0.54,0.46,0.48,0.04,0.02,75262.1,1776368721000
1776368722.651,22.651,0.52,0.55,0.45,0.48,0.03,0.03,75262.1,1776368721000
1776368723.041,23.041,0.53,0.55,0.47,0.48,0.02,0.01,75262.1,1776368721000
1776368723.461,23.461,0.53,0.54,0.46,0.47,0.01,0.01,75263.14,1776368722000
1776368723.816,23.816,0.53,0.54,0.46,0.47,0.01,0.01,75263.14,1776368722000
1776368724.16,24.16,0.53,0.54,0.46,0.47,0.01,0.01,75264.05,1776368723000
1776368724.595,24.595,0.53,0.54,0.46,0.47,0.01,0.01,75264.05,1776368723000
1776368724.947,24.947,0.53,0.54,0.46,0.47,0.01,0.01,75264.05,1776368723000
1776368725.286,25.286,0.54,0.55,0.45,0.46,0.01,0.01,75264.45,1776368724000
1776368725.638,25.638,0.54,0.55,0.45,0.46,0.01,0.01,75264.45,1776368724000
1776368726.004,26.004,0.54,0.55,0.45,0.46,0.01,0.01,75264.45,1776368724000
1776368726.472,26.472,0.54,0.55,0.45,0.46,0.01,0.01,75265.02,1776368725000
1776368727.456,27.456,0.54,0.55,0.45,0.46,0.01,0.01,75265.02,1776368725000
1776368727.951,27.951,0.54,0.55,0.45,0.46,0.01,0.01,75267.88,1776368726000
1776368728.519,28.519,0.54,0.55,0.45,0.46,0.01,0.01,75267.88,1776368726000
1776368728.983,28.983,0.54,0.55,0.45,0.46,0.01,0.01,75267.4,1776368727000
1776368729.394,29.394,0.54,0.55,0.45,0.46,0.01,0.01,75265.9,1776368728000
1776368729.809,29.809,0.54,0.55,0.45,0.46,0.01,0.01,75265.9,1776368728000
1776368730.215,30.215,0.55,0.56,0.44,0.45,0.01,0.01,75265.9,1776368728000
1776368730.55,30.55,0.55,0.56,0.44,0.45,0.01,0.01,75264.2,1776368729000
1776368731.093,31.093,0.55,0.56,0.44,0.45,0.01,0.01,75264.2,1776368729000
1776368731.474,31.474,0.55,0.57,0.44,0.45,0.02,0.01,75264.2,1776368729000
1776368731.824,31.824,0.59,0.61,0.39,0.41,0.02,0.02,75264.72,1776368730000
1776368732.353,32.353,0.59,0.61,0.39,0.41,0.02,0.02,75265.74,1776368731000
1776368732.693,32.693,0.59,0.6,0.39,0.41,0.01,0.02,75265.74,1776368731000
1776368733.192,33.192,0.59,0.6,0.4,0.41,0.01,0.01,75265.74,1776368731000
1776368733.554,33.554,0.59,0.6,0.4,0.42,0.01,0.02,75265.74,1776368731000
1776368733.96,33.96,0.59,0.6,0.4,0.41,0.01,0.01,75273.15,1776368732000
1776368734.527,34.527,0.59,0.6,0.4,0.41,0.01,0.01,75273.15,1776368732000
1776368735.008,35.008,0.59,0.6,0.4,0.41,0.01,0.01,75274.18,1776368733000
1776368735.416,35.416,0.59,0.6,0.4,0.41,0.01,0.01,75274.93,1776368734000
1776368735.756,35.756,0.59,0.6,0.4,0.41,0.01,0.01,75274.93,1776368734000
1776368736.257,36.257,0.59,0.6,0.4,0.41,0.01,0.01,75276.57,1776368735000
1776368736.706,36.706,0.59,0.61,0.4,0.41,0.02,0.01,75276.57,1776368735000
1776368737.226,37.226,0.6,0.61,0.39,0.4,0.01,0.01,75276.57,1776368735000
1776368737.585,37.585,0.6,0.61,0.39,0.4,0.01,0.01,75276.57,1776368735000
1776368737.932,37.932,0.62,0.63,0.37,0.38,0.01,0.01,75278.74,1776368736000
1776368738.576,38.576,0.62,0.63,0.37,0.38,0.01,0.01,75278.84,1776368737000
1776368738.929,38.929,0.63,0.64,0.36,0.37,0.01,0.01,75278.84,1776368737000
1776368739.279,39.279,0.63,0.64,0.36,0.37,0.01,0.01,75280.59,1776368738000
1776368739.766,39.766,0.63,0.64,0.36,0.37,0.01,0.01,75280.59,1776368738000
1776368740.104,40.104,0.63,0.64,0.36,0.37,0.01,0.01,75283.0,1776368739000
1776368740.485,40.485,0.63,0.64,0.36,0.37,0.01,0.01,75283.0,1776368739000
1776368740.824,40.824,0.63,0.64,0.36,0.37,0.01,0.01,75283.0,1776368739000
1776368741.164,41.164,0.63,0.64,0.36,0.37,0.01,0.01,75283.0,1776368739000
1776368741.515,41.515,0.63,0.64,0.36,0.37,0.01,0.01,75283.0,1776368739000
1776368741.859,41.859,0.62,0.63,0.36,0.38,0.01,0.02,75283.25,1776368740000
1776368742.199,42.199,0.61,0.63,0.37,0.39,0.02,0.02,75283.25,1776368740000
1776368742.559,42.559,0.62,0.63,0.37,0.38,0.01,0.01,75283.15,1776368741000
1776368742.971,42.971,0.62,0.63,0.37,0.38,0.01,0.01,75283.15,1776368741000
1776368743.68,43.68,0.62,0.63,0.37,0.38,0.01,0.01,75282.21,1776368742000
1776368744.402,44.402,0.58,0.59,0.39,0.42,0.01,0.03,75282.21,1776368742000
1776368744.738,44.738,0.58,0.59,0.41,0.42,0.01,0.01,75279.53,1776368743000
1776368745.128,45.128,0.57,0.59,0.41,0.42,0.02,0.01,75279.53,1776368743000
1776368745.493,45.493,0.57,0.58,0.42,0.43,0.01,0.01,75277.44,1776368744000
1776368745.85,45.85,0.57,0.58,0.42,0.43,0.01,0.01,75277.44,1776368744000
1776368746.251,46.251,0.55,0.56,0.44,0.45,0.01,0.01,75275.95,1776368745000
1776368746.639,46.639,0.54,0.55,0.45,0.46,0.01,0.01,75275.95,1776368745000
1776368746.987,46.987,0.54,0.55,0.45,0.46,0.01,0.01,75275.95,1776368745000
1776368747.341,47.341,0.53,0.55,0.45,0.47,0.02,0.02,75275.95,1776368745000
1776368747.846,47.846,0.52,0.53,0.45,0.48,0.01,0.03,75268.67,1776368746000
1776368748.202,48.202,0.51,0.52,0.48,0.49,0.01,0.01,75260.82,1776368747000
1776368748.768,48.768,0.51,0.52,0.48,0.49,0.01,0.01,75260.82,1776368747000
1776368749.102,49.102,0.51,0.52,0.48,0.49,0.01,0.01,75260.82,1776368747000
1776368749.969,49.969,0.51,0.52,0.48,0.49,0.01,0.01,75249.79,1776368748000
1776368750.307,50.307,0.51,0.52,0.48,0.49,0.01,0.01,75250.34,1776368749000
1776368750.642,50.642,0.51,0.52,0.48,0.49,0.01,0.01,75250.34,1776368749000
1776368751.016,51.016,0.5,0.51,0.49,0.5,0.01,0.01,75250.34,1776368749000
1776368751.412,51.412,0.5,0.51,0.49,0.5,0.01,0.01,75250.34,1776368749000
1776368752.045,52.045,0.5,0.51,0.49,0.5,0.01,0.01,75251.08,1776368751000
1776368752.406,52.406,0.5,0.51,0.49,0.5,0.01,0.01,75251.08,1776368751000
1776368752.785,52.785,0.5,0.51,0.49,0.5,0.01,0.01,75251.08,1776368751000
1776368753.164,53.164,0.5,0.51,0.49,0.5,0.01,0.01,75251.08,1776368751000
1776368753.593,53.593,0.5,0.51,0.49,0.5,0.01,0.01,75251.9,1776368752000
1776368754.182,54.182,0.5,0.51,0.49,0.5,0.01,0.01,75251.9,1776368752000
1776368754.654,54.654,0.5,0.51,0.49,0.5,0.01,0.01,75251.9,1776368753000
1776368755.383,55.383,0.5,0.51,0.49,0.5,0.01,0.01,75252.26,1776368754000
1776368755.972,55.972,0.5,0.51,0.49,0.5,0.01,0.01,75252.26,1776368754000
1776368756.362,56.362,0.5,0.51,0.49,0.5,0.01,0.01,75252.79,1776368755000
1776368756.77,56.77,0.51,0.52,0.48,0.5,0.01,0.02,75252.79,1776368755000
1776368757.232,57.232,0.51,0.52,0.48,0.49,0.01,0.01,75252.91,1776368756000
1776368757.663,57.663,0.51,0.52,0.48,0.49,0.01,0.01,75252.91,1776368756000
1776368758.241,58.241,0.51,0.52,0.48,0.49,0.01,0.01,75252.91,1776368756000
1776368758.975,58.975,0.51,0.52,0.48,0.49,0.01,0.01,75252.84,1776368757000
1776368759.892,59.892,0.51,0.52,0.48,0.49,0.01,0.01,75253.03,1776368758000
1776368760.274,60.274,0.51,0.52,0.48,0.49,0.01,0.01,75253.04,1776368759000
1776368760.615,60.615,0.51,0.52,0.48,0.49,0.01,0.01,75253.04,1776368759000
1776368761.146,61.146,0.51,0.52,0.48,0.49,0.01,0.01,75253.04,1776368759000
1776368761.669,61.669,0.51,0.52,0.48,0.49,0.01,0.01,75253.05,1776368760000
1776368762.123,62.123,0.51,0.52,0.48,0.49,0.01,0.01,75253.05,1776368760000
1776368762.541,62.541,0.51,0.52,0.48,0.49,0.01,0.01,75252.75,1776368761000
1776368762.887,62.887,0.51,0.52,0.48,0.49,0.01,0.01,75252.75,1776368761000
1776368763.449,63.449,0.51,0.52,0.48,0.49,0.01,0.01,75251.92,1776368762000
1776368763.974,63.974,0.51,0.52,0.48,0.49,0.01,0.01,75251.92,1776368762000
1776368764.46,64.46,0.51,0.52,0.48,0.49,0.01,0.01,75250.97,1776368763000
1776368765.113,65.113,0.51,0.52,0.48,0.49,0.01,0.01,75251.89,1776368764000
1776368765.501,65.501,0.51,0.52,0.48,0.49,0.01,0.01,75251.89,1776368764000
1776368765.84,65.84,0.51,0.52,0.48,0.49,0.01,0.01,75251.89,1776368764000
1776368766.213,66.213,0.51,0.52,0.48,0.49,0.01,0.01,75254.08,1776368765000
1776368766.579,66.579,0.51,0.52,0.48,0.49,0.01,0.01,75254.08,1776368765000
1776368767.105,67.105,0.51,0.52,0.48,0.49,0.01,0.01,75254.08,1776368765000
1776368767.654,67.654,0.51,0.52,0.48,0.49,0.01,0.01,75256.23,1776368766000
1776368768.275,68.275,0.51,0.52,0.48,0.49,0.01,0.01,75258.48,1776368767000
1776368768.682,68.682,0.51,0.52,0.48,0.49,0.01,0.01,75258.48,1776368767000
1776368769.232,69.232,0.51,0.52,0.48,0.49,0.01,0.01,75258.48,1776368767000
1776368770.155,70.155,0.51,0.52,0.48,0.49,0.01,0.01,75258.43,1776368768000
1776368770.663,70.663,0.51,0.52,0.48,0.49,0.01,0.01,75258.31,1776368769000
1776368771.376,71.376,0.51,0.52,0.48,0.49,0.01,0.01,75258.27,1776368770000
1776368771.736,71.736,0.51,0.52,0.48,0.49,0.01,0.01,75258.27,1776368770000
1776368772.093,72.093,0.51,0.54,0.47,0.49,0.03,0.02,75258.27,1776368770000
1776368772.441,72.441,0.52,0.55,0.45,0.48,0.03,0.03,75258.3,1776368771000
1776368772.882,72.882,0.56,0.57,0.43,0.44,0.01,0.01,75258.3,1776368771000
1776368773.223,73.223,0.56,0.57,0.43,0.44,0.01,0.01,75259.18,1776368772000
1776368773.827,73.827,0.57,0.58,0.42,0.44,0.01,0.02,75259.18,1776368772000
1776368774.25,74.25,0.57,0.58,0.42,0.43,0.01,0.01,75265.74,1776368773000
1776368774.679,74.679,0.57,0.58,0.42,0.43,0.01,0.01,75265.74,1776368773000
1776368775.07,75.07,0.57,0.58,0.42,0.43,0.01,0.01,75266.81,1776368774000
1776368775.476,75.476,0.58,0.59,0.41,0.42,0.01,0.01,75266.81,1776368774000
1776368775.854,75.854,0.58,0.59,0.41,0.42,0.01,0.01,75266.81,1776368774000
1776368776.227,76.227,0.58,0.59,0.41,0.42,0.01,0.01,75266.81,1776368774000
1776368776.685,76.685,0.58,0.59,0.41,0.42,0.01,0.01,75267.41,1776368775000
1776368777.045,77.045,0.58,0.6,0.41,0.42,0.02,0.01,75267.41,1776368775000
1776368777.39,77.39,0.58,0.6,0.4,0.42,0.02,0.02,75267.41,1776368775000
1776368777.78,77.78,0.6,0.61,0.39,0.4,0.01,0.01,75270.48,1776368776000
1776368778.136,78.136,0.63,0.65,0.35,0.37,0.02,0.02,75276.67,1776368777000
1776368778.47,78.47,0.64,0.66,0.34,0.36,0.02,0.02,75276.67,1776368777000
1776368778.912,78.912,0.66,0.67,0.33,0.34,0.01,0.01,75276.67,1776368777000
1776368779.318,79.318,0.67,0.7,0.31,0.34,0.03,0.03,75285.85,1776368778000
1776368779.679,79.679,0.69,0.7,0.3,0.31,0.01,0.01,75285.85,1776368778000
1776368780.194,80.194,0.7,0.71,0.29,0.31,0.01,0.02,75285.85,1776368778000
1776368780.571,80.571,0.7,0.71,0.29,0.3,0.01,0.01,75288.22,1776368779000
1776368780.933,80.933,0.7,0.71,0.29,0.3,0.01,0.01,75288.22,1776368779000
1776368781.283,81.283,0.71,0.72,0.28,0.29,0.01,0.01,75292.27,1776368780000
1776368781.637,81.637,0.71,0.72,0.28,0.29,0.01,0.01,75292.27,1776368780000
1776368782.07,82.07,0.72,0.73,0.27,0.29,0.01,0.02,75292.27,1776368780000
1776368782.503,82.503,0.72,0.73,0.27,0.28,0.01,0.01,75295.96,1776368781000
1776368782.863,82.863,0.72,0.73,0.27,0.28,0.01,0.01,75295.96,1776368781000
1776368783.302,83.302,0.72,0.73,0.27,0.28,0.01,0.01,75295.96,1776368781000
1776368783.729,83.729,0.72,0.73,0.27,0.28,0.01,0.01,75298.38,1776368782000
1776368784.077,84.077,0.72,0.73,0.27,0.28,0.01,0.01,75298.38,1776368782000
1776368784.538,84.538,0.72,0.73,0.27,0.28,0.01,0.01,75298.69,1776368783000
1776368784.937,84.937,0.72,0.73,0.27,0.28,0.01,0.01,75298.69,1776368783000
1776368785.295,85.295,0.72,0.73,0.27,0.28,0.01,0.01,75298.76,1776368784000
1776368785.759,85.759,0.72,0.73,0.27,0.28,0.01,0.01,75298.76,1776368784000
1776368786.159,86.159,0.72,0.73,0.27,0.28,0.01,0.01,75298.21,1776368785000
1776368786.617,86.617,0.72,0.73,0.27,0.28,0.01,0.01,75298.21,1776368785000
1776368786.97,86.97,0.72,0.73,0.27,0.28,0.01,0.01,75298.21,1776368785000
1776368787.365,87.365,0.72,0.73,0.27,0.28,0.01,0.01,75298.52,1776368786000
1776368787.8,87.8,0.72,0.73,0.27,0.28,0.01,0.01,75298.52,1776368786000
1776368788.177,88.177,0.72,0.73,0.27,0.28,0.01,0.01,75298.52,1776368786000
1776368788.654,88.654,0.72,0.73,0.27,0.28,0.01,0.01,75298.72,1776368787000
1776368789.167,89.167,0.72,0.74,0.27,0.28,0.02,0.01,75298.72,1776368787000
1776368789.522,89.522,0.73,0.74,0.26,0.27,0.01,0.01,75299.46,1776368788000
1776368789.87,89.87,0.73,0.74,0.26,0.27,0.01,0.01,75299.46,1776368788000
1776368790.239,90.239,0.73,0.74,0.26,0.27,0.01,0.01,75299.46,1776368788000
1776368790.613,90.613,0.73,0.74,0.26,0.27,0.01,0.01,75299.46,1776368788000
1776368790.974,90.974,0.73,0.74,0.26,0.27,0.01,0.01,75299.46,1776368788000
1776368791.343,91.343,0.73,0.74,0.26,0.27,0.01,0.01,75300.0,1776368790000
1776368791.731,91.731,0.73,0.74,0.26,0.27,0.01,0.01,75300.0,1776368790000
1776368792.152,92.152,0.73,0.74,0.26,0.27,0.01,0.01,75300.0,1776368790000
1776368792.522,92.522,0.73,0.74,0.26,0.27,0.01,0.01,75300.02,1776368791000
1776368792.957,92.957,0.73,0.74,0.26,0.27,0.01,0.01,75300.02,1776368791000
1776368793.376,93.376,0.73,0.74,0.26,0.27,0.01,0.01,75300.69,1776368792000
1776368793.739,93.739,0.73,0.74,0.26,0.27,0.01,0.01,75300.69,1776368792000
1776368794.293,94.293,0.73,0.74,0.26,0.27,0.01,0.01,75300.69,1776368792000
1776368794.63,94.63,0.73,0.74,0.26,0.27,0.01,0.01,75300.7,1776368793000
1776368795.449,95.449,0.73,0.74,0.26,0.27,0.01,0.01,75300.7,1776368794000
1776368795.821,95.821,0.73,0.74,0.26,0.27,0.01,0.01,75300.7,1776368794000
1776368796.156,96.156,0.73,0.74,0.26,0.27,0.01,0.01,75300.74,1776368795000
1776368797.073,97.073,0.73,0.74,0.26,0.27,0.01,0.01,75300.41,1776368796000
1776368797.416,97.416,0.73,0.74,0.26,0.27,0.01,0.01,75300.41,1776368796000
1776368797.892,97.892,0.73,0.74,0.26,0.27,0.01,0.01,75300.41,1776368796000
1776368798.347,98.347,0.73,0.74,0.26,0.27,0.01,0.01,75300.31,1776368797000
1776368799.029,99.029,0.73,0.74,0.26,0.27,0.01,0.01,75300.31,1776368797000
1776368799.402,99.402,0.73,0.74,0.26,0.27,0.01,0.01,75300.41,1776368798000
1776368799.749,99.749,0.73,0.74,0.26,0.27,0.01,0.01,75300.41,1776368798000
1776368800.085,100.085,0.73,0.74,0.26,0.27,0.01,0.01,75300.41,1776368798000
1776368800.453,100.453,0.72,0.74,0.26,0.28,0.02,0.02,75300.4,1776368799000
1776368800.863,100.863,0.69,0.71,0.29,0.32,0.02,0.03,75300.4,1776368799000
1776368801.206,101.206,0.7,0.71,0.29,0.3,0.01,0.01,75300.4,1776368799000
1776368801.551,101.551,0.7,0.71,0.29,0.3,0.01,0.01,75300.34,1776368800000
1776368802.283,102.283,0.7,0.71,0.29,0.3,0.01,0.01,75294.97,1776368801000
1776368802.641,102.641,0.7,0.71,0.29,0.3,0.01,0.01,75294.97,1776368801000
1776368802.984,102.984,0.7,0.71,0.29,0.3,0.01,0.01,75294.97,1776368801000
1776368803.322,103.322,0.7,0.71,0.29,0.3,0.01,0.01,75293.31,1776368802000
1776368803.658,103.658,0.7,0.71,0.29,0.3,0.01,0.01,75293.31,1776368802000
1776368804.013,104.013,0.71,0.72,0.28,0.29,0.01,0.01,75293.31,1776368802000
1776368804.62,104.62,0.71,0.72,0.28,0.29,0.01,0.01,75293.31,1776368802000
1776368805.065,105.065,0.71,0.72,0.28,0.29,0.01,0.01,75292.77,1776368803000
1776368805.443,105.443,0.71,0.72,0.28,0.29,0.01,0.01,75292.77,1776368803000
1776368805.881,105.881,0.71,0.72,0.28,0.29,0.01,0.01,75295.02,1776368804000
1776368806.251,106.251,0.71,0.72,0.28,0.29,0.01,0.01,75295.02,1776368804000
1776368806.586,106.586,0.71,0.72,0.28,0.29,0.01,0.01,75295.53,1776368805000
1776368806.93,106.93,0.74,0.76,0.24,0.26,0.02,0.02,75295.53,1776368805000
1776368807.324,107.324,0.77,0.79,0.21,0.24,0.02,0.03,75295.53,1776368805000
1776368807.72,107.72,0.79,0.8,0.2,0.21,0.01,0.01,75328.48,1776368806000
1776368808.157,108.157,0.81,0.82,0.18,0.19,0.01,0.01,75331.49,1776368807000
1776368808.516,108.516,0.8,0.81,0.19,0.2,0.01,0.01,75331.49,1776368807000
1776368808.862,108.862,0.8,0.81,0.19,0.2,0.01,0.01,75331.49,1776368807000
1776368809.202,109.202,0.79,0.81,0.2,0.21,0.02,0.01,75331.49,1776368807000
1776368809.562,109.562,0.78,0.79,0.2,0.22,0.01,0.02,75331.32,1776368808000
1776368809.914,109.914,0.78,0.79,0.21,0.22,0.01,0.01,75331.32,1776368808000
1776368810.389,110.389,0.78,0.79,0.21,0.22,0.01,0.01,75330.78,1776368809000
1776368810.835,110.835,0.78,0.79,0.21,0.22,0.01,0.01,75330.78,1776368809000
1776368811.37,111.37,0.78,0.79,0.21,0.22,0.01,0.01,75330.78,1776368809000
1776368811.704,111.704,0.76,0.78,0.21,0.24,0.02,0.03,75319.95,1776368810000
1776368812.045,112.045,0.74,0.76,0.24,0.25,0.02,0.01,75315.46,1776368811000
1776368812.386,112.386,0.73,0.75,0.25,0.26,0.02,0.01,75315.46,1776368811000
1776368812.728,112.728,0.73,0.74,0.26,0.27,0.01,0.01,75315.46,1776368811000
1776368813.132,113.132,0.74,0.75,0.25,0.26,0.01,0.01,75315.46,1776368811000
1776368813.542,113.542,0.74,0.75,0.25,0.26,0.01,0.01,75314.22,1776368812000
1776368813.881,113.881,0.74,0.75,0.25,0.26,0.01,0.01,75314.22,1776368812000
1776368814.214,114.214,0.74,0.75,0.25,0.26,0.01,0.01,75314.22,1776368812000
1776368814.626,114.626,0.74,0.75,0.25,0.26,0.01,0.01,75305.83,1776368813000
1776368815.008,115.008,0.74,0.75,0.25,0.26,0.01,0.01,75305.83,1776368813000
1776368815.345,115.345,0.71,0.72,0.28,0.29,0.01,0.01,75305.98,1776368814000
1776368815.685,115.685,0.7,0.72,0.28,0.29,0.02,0.01,75305.98,1776368814000
1776368816.469,116.469,0.67,0.69,0.31,0.33,0.02,0.02,75303.33,1776368815000
1776368816.805,116.805,0.64,0.68,0.32,0.36,0.04,0.04,75303.33,1776368815000
1776368817.166,117.166,0.64,0.65,0.35,0.36,0.01,0.01,75289.13,1776368816000
1776368817.517,117.517,0.64,0.65,0.35,0.36,0.01,0.01,75289.13,1776368816000
1776368817.862,117.862,0.64,0.65,0.35,0.36,0.01,0.01,75289.13,1776368816000
1776368818.202,118.202,0.63,0.64,0.36,0.37,0.01,0.01,75289.13,1776368816000
1776368818.762,118.762,0.63,0.64,0.36,0.37,0.01,0.01,75280.58,1776368817000
1776368819.228,119.228,0.63,0.64,0.36,0.37,0.01,0.01,75280.58,1776368817000
1776368820.005,120.005,0.63,0.64,0.36,0.37,0.01,0.01,75278.11,1776368818000
1776368820.36,120.36,0.62,0.64,0.36,0.37,0.02,0.01,75276.87,1776368819000
1776368820.829,120.829,0.62,0.63,0.37,0.38,0.01,0.01,75276.87,1776368819000
1776368821.184,121.184,0.62,0.63,0.37,0.38,0.01,0.01,75276.87,1776368820000
1776368821.679,121.679,0.62,0.63,0.37,0.38,0.01,0.01,75276.87,1776368820000
1776368822.047,122.047,0.62,0.63,0.37,0.38,0.01,0.01,75276.87,1776368820000
1776368822.392,122.392,0.62,0.63,0.37,0.38,0.01,0.01,75276.39,1776368821000
1776368822.778,122.778,0.62,0.63,0.37,0.38,0.01,0.01,75276.39,1776368821000
1776368823.237,123.237,0.62,0.63,0.37,0.38,0.01,0.01,75276.12,1776368822000
1776368823.572,123.572,0.62,0.63,0.37,0.38,0.01,0.01,75276.12,1776368822000
1776368824.078,124.078,0.62,0.63,0.37,0.38,0.01,0.01,75276.12,1776368822000
1776368824.415,124.415,0.62,0.63,0.37,0.38,0.01,0.01,75276.25,1776368823000
1776368824.886,124.886,0.63,0.64,0.36,0.38,0.01,0.02,75276.25,1776368823000
1776368825.244,125.244,0.63,0.64,0.36,0.37,0.01,0.01,75277.49,1776368824000
1776368825.606,125.606,0.63,0.64,0.36,0.37,0.01,0.01,75277.49,1776368824000
1776368825.985,125.985,0.66,0.67,0.33,0.34,0.01,0.01,75277.49,1776368824000
1776368826.325,126.325,0.62,0.65,0.35,0.38,0.03,0.03,75278.5,1776368825000
1776368826.704,126.704,0.61,0.63,0.36,0.38,0.02,0.02,75278.5,1776368825000
1776368827.064,127.064,0.62,0.63,0.37,0.38,0.01,0.01,75278.5,1776368825000
1776368827.464,127.464,0.61,0.62,0.38,0.39,0.01,0.01,75278.5,1776368825000
1776368827.887,127.887,0.61,0.62,0.38,0.39,0.01,0.01,75279.69,1776368826000
1776368828.229,128.229,0.61,0.62,0.38,0.39,0.01,0.01,75280.02,1776368827000
1776368828.693,128.693,0.61,0.62,0.38,0.39,0.01,0.01,75280.02,1776368827000
1776368829.028,129.028,0.62,0.63,0.37,0.38,0.01,0.01,75280.02,1776368827000
1776368829.381,129.381,0.62,0.63,0.37,0.38,0.01,0.01,75280.02,1776368827000
1776368829.949,129.949,0.62,0.63,0.37,0.38,0.01,0.01,75271.09,1776368828000
1776368830.416,130.416,0.63,0.64,0.36,0.37,0.01,0.01,75269.95,1776368829000
1776368831.002,131.002,0.63,0.64,0.36,0.37,0.01,0.01,75269.95,1776368829000
1776368831.394,131.394,0.6,0.61,0.39,0.4,0.01,0.01,75269.95,1776368829000
1776368831.733,131.733,0.6,0.61,0.39,0.4,0.01,0.01,75270.87,1776368830000
1776368832.186,132.186,0.6,0.61,0.39,0.4,0.01,0.01,75270.88,1776368831000
1776368832.52,132.52,0.6,0.64,0.39,0.4,0.04,0.01,75270.88,1776368831000
1776368832.925,132.925,0.65,0.66,0.34,0.38,0.01,0.04,75270.88,1776368831000
1776368833.317,133.317,0.63,0.66,0.34,0.37,0.03,0.03,75270.88,1776368831000
1776368834.226,134.226,0.65,0.66,0.34,0.35,0.01,0.01,75270.09,1776368832000
1776368834.57,134.57,0.65,0.66,0.34,0.35,0.01,0.01,75277.73,1776368833000
1776368835.014,135.014,0.65,0.66,0.34,0.35,0.01,0.01,75277.73,1776368833000
1776368835.866,135.866,0.66,0.67,0.33,0.35,0.01,0.02,75279.89,1776368834000
1776368836.386,136.386,0.66,0.67,0.33,0.34,0.01,0.01,75278.0,1776368835000
1776368836.885,136.885,0.66,0.67,0.33,0.34,0.01,0.01,75278.0,1776368835000
1776368837.341,137.341,0.66,0.67,0.33,0.34,0.01,0.01,75278.0,1776368835000
1776368837.749,137.749,0.66,0.67,0.33,0.34,0.01,0.01,75278.99,1776368836000
1776368838.128,138.128,0.66,0.67,0.33,0.34,0.01,0.01,75278.99,1776368836000
1776368838.471,138.471,0.65,0.67,0.33,0.34,0.02,0.01,75278.0,1776368837000
1776368838.915,138.915,0.6,0.61,0.38,0.4,0.01,0.02,75278.0,1776368837000
1776368839.55,139.55,0.6,0.61,0.39,0.4,0.01,0.01,75280.93,1776368838000
1776368840.036,140.036,0.6,0.61,0.39,0.4,0.01,0.01,75277.86,1776368839000
1776368840.415,140.415,0.6,0.61,0.39,0.4,0.01,0.01,75277.86,1776368839000
1776368840.871,140.871,0.6,0.61,0.39,0.4,0.01,0.01,75277.86,1776368839000
1776368841.242,141.242,0.6,0.61,0.39,0.4,0.01,0.01,75277.86,1776368839000
1776368841.743,141.743,0.6,0.61,0.39,0.4,0.01,0.01,75272.21,1776368840000
1776368842.125,142.125,0.6,0.61,0.39,0.4,0.01,0.01,75270.99,1776368841000
1776368842.5,142.5,0.62,0.63,0.37,0.38,0.01,0.01,75270.99,1776368841000
1776368843.277,143.277,0.62,0.63,0.37,0.38,0.01,0.01,75270.99,1776368841000
1776368843.67,143.67,0.62,0.63,0.37,0.38,0.01,0.01,75270.46,1776368842000
1776368844.112,144.112,0.62,0.63,0.37,0.38,0.01,0.01,75270.46,1776368842000
1776368845.269,145.269,0.62,0.63,0.37,0.38,0.01,0.01,75271.08,1776368844000
1776368845.833,145.833,0.61,0.63,0.37,0.38,0.02,0.01,75271.08,1776368844000
1776368846.518,146.518,0.59,0.6,0.4,0.41,0.01,0.01,75271.36,1776368845000
1776368847.104,147.104,0.62,0.63,0.37,0.39,0.01,0.02,75271.36,1776368845000
1776368847.445,147.445,0.66,0.68,0.33,0.37,0.02,0.04,75285.09,1776368846000
1776368847.809,147.809,0.67,0.69,0.32,0.35,0.02,0.03,75285.09,1776368846000
1776368848.152,148.152,0.67,0.73,0.27,0.33,0.06,0.06,75285.09,1776368846000
1776368848.545,148.545,0.74,0.76,0.24,0.26,0.02,0.02,75321.01,1776368847000
1776368848.901,148.901,0.78,0.79,0.21,0.24,0.01,0.03,75321.01,1776368847000
1776368849.411,149.411,0.82,0.83,0.17,0.18,0.01,0.01,75321.48,1776368848000
1776368850.127,150.127,0.82,0.84,0.17,0.18,0.02,0.01,75321.48,1776368848000
1776368850.474,150.474,0.82,0.84,0.16,0.18,0.02,0.02,75329.84,1776368849000
1776368850.81,150.81,0.83,0.84,0.16,0.17,0.01,0.01,75329.84,1776368849000
1776368851.206,151.206,0.83,0.84,0.15,0.17,0.01,0.02,75329.84,1776368849000
1776368851.543,151.543,0.83,0.85,0.16,0.17,0.02,0.01,75332.33,1776368850000
1776368851.883,151.883,0.83,0.85,0.15,0.17,0.02,0.02,75332.33,1776368850000
1776368852.223,152.223,0.84,0.86,0.14,0.16,0.02,0.02,75332.33,1776368850000
1776368852.557,152.557,0.85,0.86,0.13,0.15,0.01,0.02,75332.33,1776368851000
1776368852.901,152.901,0.85,0.86,0.14,0.15,0.01,0.01,75332.33,1776368851000
1776368853.34,153.34,0.85,0.86,0.14,0.15,0.01,0.01,75332.33,1776368851000
1776368853.751,153.751,0.86,0.87,0.13,0.14,0.01,0.01,75332.33,1776368851000
1776368854.103,154.103,0.86,0.88,0.13,0.14,0.02,0.01,75332.33,1776368851000
1776368854.48,154.48,0.87,0.88,0.12,0.13,0.01,0.01,75333.28,1776368852000
1776368854.836,154.836,0.87,0.88,0.12,0.13,0.01,0.01,75333.28,1776368852000
1776368855.183,155.183,0.87,0.88,0.12,0.13,0.01,0.01,75334.09,1776368853000
1776368855.634,155.634,0.87,0.89,0.11,0.13,0.02,0.02,75335.09,1776368854000
1776368856.02,156.02,0.87,0.88,0.11,0.13,0.01,0.02,75335.09,1776368854000
1776368856.371,156.371,0.87,0.88,0.12,0.13,0.01,0.01,75335.09,1776368854000
1776368856.708,156.708,0.87,0.88,0.12,0.13,0.01,0.01,75335.09,1776368854000
1776368857.267,157.267,0.87,0.88,0.12,0.13,0.01,0.01,75336.46,1776368855000
1776368857.614,157.614,0.87,0.88,0.12,0.13,0.01,0.01,75336.46,1776368855000
1776368857.953,157.953,0.87,0.88,0.12,0.13,0.01,0.01,75336.54,1776368856000
1776368858.415,158.415,0.87,0.88,0.12,0.13,0.01,0.01,75336.34,1776368857000
1776368858.75,158.75,0.87,0.88,0.12,0.13,0.01,0.01,75336.34,1776368857000
1776368859.421,159.421,0.87,0.88,0.12,0.13,0.01,0.01,75334.97,1776368858000
1776368859.817,159.817,0.87,0.88,0.12,0.13,0.01,0.01,75334.97,1776368858000
1776368860.447,160.447,0.87,0.88,0.12,0.13,0.01,0.01,75333.85,1776368859000
1776368861.044,161.044,0.87,0.88,0.12,0.13,0.01,0.01,75333.14,1776368860000
1776368862.262,162.262,0.87,0.88,0.12,0.13,0.01,0.01,75333.14,1776368860000
1776368862.719,162.719,0.87,0.88,0.12,0.13,0.01,0.01,75332.98,1776368861000
1776368863.222,163.222,0.87,0.88,0.12,0.13,0.01,0.01,75332.98,1776368861000
1776368863.579,163.579,0.87,0.88,0.12,0.13,0.01,0.01,75332.17,1776368862000
1776368864.027,164.027,0.88,0.89,0.12,0.13,0.01,0.01,75332.17,1776368862000
1776368864.432,164.432,0.88,0.89,0.11,0.12,0.01,0.01,75332.17,1776368862000
1776368864.797,164.797,0.88,0.89,0.11,0.12,0.01,0.01,75336.24,1776368863000
1776368865.142,165.142,0.87,0.89,0.11,0.13,0.02,0.02,75336.24,1776368863000
1776368865.979,165.979,0.87,0.88,0.12,0.13,0.01,0.01,75336.49,1776368864000
1776368866.864,166.864,0.87,0.88,0.11,0.13,0.01,0.02,75336.13,1776368865000
1776368867.652,167.652,0.87,0.88,0.12,0.13,0.01,0.01,75336.13,1776368865000
1776368868.251,168.251,0.87,0.88,0.12,0.13,0.01,0.01,75334.57,1776368866000
1776368869.283,169.283,0.87,0.88,0.12,0.13,0.01,0.01,75334.37,1776368867000
1776368869.807,169.807,0.87,0.88,0.12,0.13,0.01,0.01,75334.37,1776368867000
1776368870.369,170.369,0.87,0.88,0.12,0.13,0.01,0.01,75327.68,1776368868000
1776368871.384,171.384,0.87,0.88,0.12,0.13,0.01,0.01,75327.56,1776368870000
1776368871.736,171.736,0.87,0.88,0.12,0.13,0.01,0.01,75327.56,1776368870000
1776368872.553,172.553,0.87,0.88,0.12,0.13,0.01,0.01,75328.18,1776368871000
1776368873.082,173.082,0.87,0.88,0.12,0.13,0.01,0.01,75328.9,1776368872000
1776368873.891,173.891,0.87,0.88,0.12,0.13,0.01,0.01,75328.9,1776368872000
1776368874.297,174.297,0.87,0.88,0.11,0.13,0.01,0.02,75329.04,1776368873000
1776368874.679,174.679,0.87,0.88,0.12,0.13,0.01,0.01,75329.04,1776368873000
1776368875.134,175.134,0.87,0.89,0.12,0.13,0.02,0.01,75329.04,1776368873000
1776368875.492,175.492,0.88,0.89,0.11,0.12,0.01,0.01,75328.5,1776368874000
1776368875.92,175.92,0.88,0.89,0.11,0.12,0.01,0.01,75328.5,1776368874000
1776368876.663,176.663,0.88,0.89,0.11,0.12,0.01,0.01,75328.49,1776368875000
1776368877.07,177.07,0.88,0.89,0.11,0.12,0.01,0.01,75328.49,1776368875000
1776368877.981,177.981,0.88,0.89,0.11,0.12,0.01,0.01,75328.51,1776368876000
1776368878.746,178.746,0.88,0.89,0.11,0.12,0.01,0.01,75328.49,1776368877000
1776368879.17,179.17,0.88,0.89,0.11,0.12,0.01,0.01,75328.52,1776368878000
1776368879.524,179.524,0.88,0.89,0.11,0.12,0.01,0.01,75328.52,1776368878000
1776368880.107,180.107,0.88,0.89,0.11,0.12,0.01,0.01,75328.52,1776368878000
1776368880.456,180.456,0.88,0.89,0.11,0.12,0.01,0.01,75328.52,1776368879000
1776368880.823,180.823,0.88,0.89,0.11,0.12,0.01,0.01,75328.52,1776368879000
1776368881.187,181.187,0.88,0.9,0.11,0.12,0.02,0.01,75328.52,1776368879000
1776368881.536,181.536,0.89,0.9,0.1,0.11,0.01,0.01,75328.53,1776368880000
1776368881.971,181.971,0.89,0.9,0.1,0.11,0.01,0.01,75328.53,1776368880000
1776368882.351,182.351,0.89,0.9,0.1,0.11,0.01,0.01,75328.54,1776368881000
1776368882.711,182.711,0.89,0.9,0.1,0.11,0.01,0.01,75328.54,1776368881000
1776368883.176,183.176,0.89,0.9,0.1,0.11,0.01,0.01,75328.52,1776368882000
1776368883.635,183.635,0.89,0.9,0.1,0.11,0.01,0.01,75328.52,1776368882000
1776368884.217,184.217,0.89,0.9,0.1,0.11,0.01,0.01,75328.52,1776368882000
1776368884.667,184.667,0.89,0.9,0.1,0.11,0.01,0.01,75329.89,1776368883000
1776368885.113,185.113,0.89,0.9,0.1,0.11,0.01,0.01,75329.89,1776368883000
1776368885.493,185.493,0.89,0.9,0.1,0.11,0.01,0.01,75330.26,1776368884000
1776368886.119,186.119,0.89,0.91,0.1,0.11,0.02,0.01,75330.26,1776368884000
1776368886.535,186.535,0.9,0.91,0.09,0.1,0.01,0.01,75330.63,1776368885000
1776368886.91,186.91,0.89,0.9,0.1,0.11,0.01,0.01,75330.63,1776368885000
1776368887.254,187.254,0.89,0.9,0.1,0.11,0.01,0.01,75329.45,1776368886000
1776368888.28,188.28,0.89,0.9,0.1,0.11,0.01,0.01,75325.27,1776368887000
1776368888.679,188.679,0.89,0.9,0.1,0.11,0.01,0.01,75325.27,1776368887000
1776368889.377,189.377,0.89,0.9,0.1,0.11,0.01,0.01,75323.96,1776368888000
1776368889.759,189.759,0.89,0.9,0.1,0.11,0.01,0.01,75323.96,1776368888000
1776368890.338,190.338,0.89,0.9,0.1,0.11,0.01,0.01,75323.96,1776368888000
1776368890.695,190.695,0.89,0.9,0.1,0.11,0.01,0.01,75323.86,1776368889000
1776368891.24,191.24,0.89,0.9,0.1,0.11,0.01,0.01,75323.86,1776368890000
1776368891.573,191.573,0.89,0.9,0.1,0.11,0.01,0.01,75323.86,1776368890000
1776368891.907,191.907,0.89,0.9,0.1,0.11,0.01,0.01,75323.86,1776368890000
1776368892.7,192.7,0.89,0.9,0.1,0.11,0.01,0.01,75323.86,1776368891000
1776368893.103,193.103,0.89,0.9,0.1,0.11,0.01,0.01,75323.3,1776368892000
1776368893.575,193.575,0.89,0.9,0.1,0.11,0.01,0.01,75323.3,1776368892000
1776368893.945,193.945,0.89,0.9,0.1,0.11,0.01,0.01,75322.04,1776368893000
1776368894.912,194.912,0.89,0.9,0.1,0.11,0.01,0.01,75322.04,1776368893000
1776368895.373,195.373,0.89,0.9,0.1,0.11,0.01,0.01,75314.89,1776368894000
1776368895.834,195.834,0.86,0.88,0.13,0.14,0.02,0.01,75314.89,1776368894000
1776368896.366,196.366,0.86,0.88,0.12,0.14,0.02,0.02,75309.76,1776368895000
1776368896.7,196.7,0.85,0.87,0.13,0.15,0.02,0.02,75309.76,1776368895000
1776368897.36,197.36,0.85,0.86,0.13,0.14,0.01,0.01,75307.25,1776368896000
1776368897.724,197.724,0.84,0.86,0.14,0.15,0.02,0.01,75307.25,1776368896000
1776368898.058,198.058,0.84,0.85,0.15,0.16,0.01,0.01,75306.4,1776368897000
1776368898.393,198.393,0.83,0.84,0.16,0.17,0.01,0.01,75306.4,1776368897000
1776368899.574,199.574,0.83,0.84,0.16,0.17,0.01,0.01,75305.07,1776368898000
1776368900.107,200.107,0.83,0.84,0.16,0.17,0.01,0.01,75303.95,1776368899000
1776368901.144,201.144,0.83,0.84,0.16,0.17,0.01,0.01,75303.95,1776368899000
1776368901.71,201.71,0.83,0.85,0.15,0.17,0.02,0.02,75304.69,1776368900000
1776368902.276,202.276,0.84,0.85,0.15,0.17,0.01,0.02,75304.69,1776368900000
1776368902.784,202.784,0.84,0.85,0.15,0.16,0.01,0.01,75304.99,1776368901000
1776368903.172,203.172,0.84,0.85,0.15,0.16,0.01,0.01,75304.99,1776368902000
1776368903.795,203.795,0.84,0.85,0.15,0.16,0.01,0.01,75304.99,1776368902000
1776368904.168,204.168,0.85,0.86,0.14,0.15,0.01,0.01,75305.0,1776368903000
1776368904.535,204.535,0.85,0.86,0.14,0.15,0.01,0.01,75305.0,1776368903000
1776368904.907,204.907,0.85,0.86,0.14,0.15,0.01,0.01,75305.0,1776368903000
1776368905.395,205.395,0.85,0.86,0.14,0.15,0.01,0.01,75304.81,1776368904000
1776368905.757,205.757,0.85,0.86,0.14,0.15,0.01,0.01,75304.81,1776368904000
1776368906.198,206.198,0.85,0.86,0.14,0.15,0.01,0.01,75304.81,1776368904000
1776368906.778,206.778,0.85,0.86,0.14,0.15,0.01,0.01,75305.87,1776368905000
1776368907.136,207.136,0.85,0.86,0.14,0.15,0.01,0.01,75305.87,1776368905000
1776368907.489,207.489,0.85,0.86,0.14,0.15,0.01,0.01,75305.87,1776368905000
1776368908.03,208.03,0.85,0.86,0.14,0.15,0.01,0.01,75305.87,1776368907000
1776368908.438,208.438,0.85,0.86,0.14,0.15,0.01,0.01,75305.87,1776368907000
1776368908.834,208.834,0.85,0.86,0.14,0.15,0.01,0.01,75305.87,1776368907000
1776368909.444,209.444,0.85,0.86,0.14,0.15,0.01,0.01,75305.69,1776368908000
1776368909.778,209.778,0.85,0.86,0.14,0.15,0.01,0.01,75305.69,1776368908000
1776368910.143,210.143,0.85,0.86,0.14,0.15,0.01,0.01,75305.69,1776368908000
1776368910.491,210.491,0.85,0.86,0.14,0.15,0.01,0.01,75302.93,1776368909000
1776368910.91,210.91,0.85,0.86,0.14,0.15,0.01,0.01,75302.9,1776368910000
1776368911.247,211.247,0.85,0.86,0.14,0.15,0.01,0.01,75302.9,1776368910000
1776368911.673,211.673,0.84,0.85,0.14,0.16,0.01,0.02,75302.9,1776368910000
1776368912.124,212.124,0.84,0.85,0.15,0.16,0.01,0.01,75302.63,1776368911000
1776368912.486,212.486,0.84,0.85,0.15,0.16,0.01,0.01,75302.63,1776368911000
1776368912.929,212.929,0.84,0.85,0.15,0.16,0.01,0.01,75302.63,1776368911000
1776368913.308,213.308,0.85,0.86,0.14,0.15,0.01,0.01,75302.29,1776368912000
1776368913.651,213.651,0.85,0.86,0.14,0.15,0.01,0.01,75302.29,1776368912000
1776368914.196,214.196,0.85,0.86,0.14,0.15,0.01,0.01,75302.29,1776368912000
1776368914.602,214.602,0.85,0.86,0.14,0.15,0.01,0.01,75302.29,1776368912000
1776368915.018,215.018,0.85,0.86,0.14,0.15,0.01,0.01,75302.29,1776368912000
1776368915.631,215.631,0.85,0.86,0.14,0.15,0.01,0.01,75301.45,1776368913000
1776368915.986,215.986,0.85,0.86,0.14,0.15,0.01,0.01,75301.45,1776368913000
1776368916.476,216.476,0.85,0.86,0.14,0.15,0.01,0.01,75301.46,1776368914000
1776368917.001,217.001,0.85,0.86,0.14,0.15,0.01,0.01,75299.35,1776368915000
1776368917.355,217.355,0.85,0.86,0.14,0.15,0.01,0.01,75299.35,1776368915000
1776368917.745,217.745,0.85,0.86,0.14,0.15,0.01,0.01,75298.96,1776368916000
1776368918.082,218.082,0.83,0.86,0.14,0.16,0.03,0.02,75298.96,1776368916000
1776368918.438,218.438,0.72,0.75,0.25,0.28,0.03,0.03,75298.8,1776368917000
1776368918.811,218.811,0.68,0.69,0.31,0.32,0.01,0.01,75298.8,1776368917000
1776368919.149,219.149,0.67,0.69,0.31,0.34,0.02,0.03,75298.8,1776368917000
1776368919.499,219.499,0.66,0.69,0.31,0.33,0.03,0.02,75298.91,1776368918000
1776368919.838,219.838,0.65,0.66,0.34,0.35,0.01,0.01,75298.91,1776368918000
1776368920.212,220.212,0.66,0.67,0.33,0.34,0.01,0.01,75298.91,1776368918000
1776368920.55,220.55,0.66,0.68,0.32,0.34,0.02,0.02,75271.72,1776368919000
1776368920.963,220.963,0.67,0.68,0.32,0.33,0.01,0.01,75271.72,1776368919000
1776368921.318,221.318,0.64,0.66,0.33,0.36,0.02,0.03,75270.05,1776368920000
1776368921.678,221.678,0.61,0.62,0.38,0.39,0.01,0.01,75270.05,1776368920000
1776368922.018,222.018,0.61,0.62,0.38,0.39,0.01,0.01,75270.05,1776368920000
1776368922.365,222.365,0.6,0.62,0.38,0.4,0.02,0.02,75270.46,1776368921000
1776368922.732,222.732,0.6,0.61,0.39,0.4,0.01,0.01,75270.46,1776368921000
1776368923.098,223.098,0.59,0.6,0.4,0.41,0.01,0.01,75270.46,1776368921000
1776368923.439,223.439,0.59,0.6,0.4,0.41,0.01,0.01,75266.18,1776368922000
1776368924.055,224.055,0.59,0.6,0.4,0.41,0.01,0.01,75266.18,1776368922000
1776368924.395,224.395,0.59,0.6,0.4,0.41,0.01,0.01,75263.43,1776368923000
1776368924.769,224.769,0.59,0.6,0.4,0.41,0.01,0.01,75263.43,1776368923000
1776368925.165,225.165,0.64,0.65,0.35,0.37,0.01,0.02,75263.13,1776368924000
1776368925.505,225.505,0.64,0.65,0.35,0.36,0.01,0.01,75263.13,1776368924000
1776368925.932,225.932,0.64,0.65,0.35,0.36,0.01,0.01,75263.13,1776368924000
1776368926.275,226.275,0.63,0.64,0.35,0.36,0.01,0.01,75263.13,1776368924000
1776368926.77,226.77,0.62,0.63,0.37,0.38,0.01,0.01,75262.28,1776368925000
1776368927.247,227.247,0.62,0.63,0.37,0.38,0.01,0.01,75262.28,1776368925000
1776368927.587,227.587,0.62,0.63,0.37,0.38,0.01,0.01,75266.26,1776368926000
1776368927.926,227.926,0.61,0.63,0.37,0.38,0.02,0.01,75266.26,1776368926000
1776368928.363,228.363,0.61,0.62,0.38,0.39,0.01,0.01,75264.82,1776368927000
1776368928.699,228.699,0.61,0.62,0.38,0.39,0.01,0.01,75264.82,1776368927000
1776368929.252,229.252,0.6,0.61,0.39,0.4,0.01,0.01,75264.82,1776368927000
1776368930.041,230.041,0.6,0.61,0.39,0.4,0.01,0.01,75262.3,1776368929000
1776368930.404,230.404,0.6,0.61,0.39,0.4,0.01,0.01,75262.3,1776368929000
1776368930.827,230.827,0.6,0.61,0.39,0.4,0.01,0.01,75262.3,1776368929000
1776368931.196,231.196,0.6,0.61,0.39,0.4,0.01,0.01,75262.3,1776368929000
1776368931.579,231.579,0.6,0.61,0.39,0.4,0.01,0.01,75261.95,1776368930000
1776368931.924,231.924,0.6,0.61,0.39,0.4,0.01,0.01,75261.95,1776368930000
1776368932.31,232.31,0.65,0.66,0.34,0.35,0.01,0.01,75261.47,1776368931000
1776368932.809,232.809,0.65,0.66,0.34,0.35,0.01,0.01,75261.47,1776368931000
1776368933.189,233.189,0.65,0.66,0.34,0.35,0.01,0.01,75261.47,1776368931000
1776368933.675,233.675,0.65,0.66,0.34,0.35,0.01,0.01,75261.48,1776368932000
1776368934.192,234.192,0.65,0.66,0.34,0.35,0.01,0.01,75262.67,1776368933000
1776368934.561,234.561,0.66,0.67,0.33,0.34,0.01,0.01,75262.67,1776368933000
1776368934.961,234.961,0.66,0.67,0.33,0.34,0.01,0.01,75262.67,1776368933000
1776368935.32,235.32,0.66,0.67,0.33,0.34,0.01,0.01,75264.27,1776368934000
1776368936.018,236.018,0.67,0.68,0.32,0.33,0.01,0.01,75264.31,1776368935000
1776368936.464,236.464,0.63,0.64,0.36,0.38,0.01,0.02,75264.31,1776368935000
1776368936.797,236.797,0.62,0.63,0.37,0.38,0.01,0.01,75264.31,1776368935000
1776368937.292,237.292,0.62,0.63,0.37,0.38,0.01,0.01,75264.31,1776368935000
1776368937.632,237.632,0.62,0.64,0.37,0.38,0.02,0.01,75264.31,1776368935000
1776368938.037,238.037,0.64,0.65,0.35,0.36,0.01,0.01,75264.31,1776368935000
1776368938.436,238.436,0.66,0.67,0.33,0.35,0.01,0.02,75264.31,1776368935000
1776368938.817,238.817,0.67,0.68,0.32,0.34,0.01,0.02,75264.31,1776368935000
1776368939.292,239.292,0.67,0.68,0.32,0.33,0.01,0.01,75264.31,1776368935000
1776368939.756,239.756,0.67,0.68,0.32,0.33,0.01,0.01,75264.31,1776368935000
1776368940.334,240.334,0.67,0.68,0.32,0.33,0.01,0.01,75264.31,1776368935000
1776368940.974,240.974,0.67,0.68,0.32,0.33,0.01,0.01,75264.31,1776368935000
1776368941.404,241.404,0.65,0.67,0.32,0.34,0.02,0.02,75264.31,1776368935000
1776368941.851,241.851,0.64,0.65,0.34,0.35,0.01,0.01,75264.31,1776368935000
1776368942.264,242.264,0.61,0.63,0.35,0.38,0.02,0.03,75264.31,1776368935000
1776368942.678,242.678,0.58,0.59,0.38,0.42,0.01,0.04,75264.31,1776368935000
1776368943.093,243.093,0.58,0.59,0.41,0.42,0.01,0.01,75264.31,1776368935000
1776368943.453,243.453,0.57,0.58,0.42,0.43,0.01,0.01,75264.31,1776368935000
1776368943.856,243.856,0.56,0.57,0.43,0.44,0.01,0.01,75264.31,1776368935000
1776368944.192,244.192,0.56,0.57,0.43,0.44,0.01,0.01,75264.31,1776368935000
1776368944.558,244.558,0.56,0.57,0.43,0.44,0.01,0.01,75261.63,1776368943000
1776368944.915,244.915,0.56,0.57,0.43,0.44,0.01,0.01,75261.63,1776368943000
1776368945.343,245.343,0.56,0.57,0.43,0.44,0.01,0.01,75255.13,1776368944000
1776368945.769,245.769,0.56,0.57,0.43,0.44,0.01,0.01,75255.13,1776368944000
1776368946.393,246.393,0.56,0.57,0.43,0.44,0.01,0.01,75255.13,1776368944000
1776368947.14,247.14,0.55,0.56,0.44,0.45,0.01,0.01,75252.86,1776368946000
1776368947.487,247.487,0.55,0.56,0.44,0.45,0.01,0.01,75252.86,1776368946000
1776368947.836,247.836,0.53,0.55,0.45,0.46,0.02,0.01,75252.86,1776368946000
1776368948.173,248.173,0.53,0.54,0.45,0.47,0.01,0.02,75252.86,1776368946000
1776368948.548,248.548,0.5,0.51,0.46,0.5,0.01,0.04,75252.86,1776368946000
1776368948.917,248.917,0.49,0.5,0.5,0.51,0.01,0.01,75253.67,1776368947000
1776368949.262,249.262,0.48,0.49,0.51,0.52,0.01,0.01,75253.67,1776368947000
1776368949.596,249.596,0.48,0.49,0.51,0.52,0.01,0.01,75253.51,1776368948000
1776368949.952,249.952,0.48,0.49,0.51,0.52,0.01,0.01,75253.51,1776368948000
1776368950.31,250.31,0.48,0.49,0.51,0.52,0.01,0.01,75253.51,1776368948000
1776368950.664,250.664,0.48,0.49,0.51,0.52,0.01,0.01,75253.51,1776368948000
1776368951.286,251.286,0.49,0.53,0.5,0.52,0.04,0.02,75253.02,1776368949000
1776368951.634,251.634,0.57,0.58,0.43,0.46,0.01,0.03,75252.65,1776368950000
1776368952.043,252.043,0.59,0.6,0.41,0.42,0.01,0.01,75252.65,1776368950000
1776368952.455,252.455,0.59,0.6,0.4,0.41,0.01,0.01,75252.65,1776368951000
1776368952.805,252.805,0.59,0.6,0.4,0.41,0.01,0.01,75252.65,1776368951000
1776368953.207,253.207,0.59,0.6,0.4,0.41,0.01,0.01,75252.65,1776368951000
1776368953.642,253.642,0.57,0.59,0.41,0.43,0.02,0.02,75255.29,1776368952000
1776368954.206,254.206,0.58,0.59,0.41,0.43,0.01,0.02,75255.29,1776368952000
1776368954.573,254.573,0.6,0.61,0.41,0.42,0.01,0.01,75256.5,1776368953000
1776368954.949,254.949,0.6,0.62,0.39,0.4,0.02,0.01,75256.5,1776368953000
1776368955.353,255.353,0.62,0.63,0.37,0.38,0.01,0.01,75256.5,1776368953000
1776368955.705,255.705,0.62,0.63,0.37,0.38,0.01,0.01,75256.5,1776368953000
1776368956.049,256.049,0.62,0.63,0.37,0.38,0.01,0.01,75256.25,1776368954000
1776368956.55,256.55,0.62,0.63,0.37,0.38,0.01,0.01,75256.7,1776368955000
1776368956.935,256.935,0.62,0.63,0.37,0.38,0.01,0.01,75256.7,1776368955000
1776368957.375,257.375,0.62,0.63,0.37,0.38,0.01,0.01,75257.41,1776368956000
1776368957.947,257.947,0.62,0.63,0.37,0.38,0.01,0.01,75257.41,1776368956000
1776368958.541,258.541,0.62,0.64,0.37,0.38,0.02,0.01,75256.13,1776368957000
1776368958.904,258.904,0.69,0.7,0.3,0.32,0.01,0.02,75256.13,1776368957000
1776368959.348,259.348,0.7,0.71,0.29,0.31,0.01,0.02,75256.13,1776368957000
1776368959.705,259.705,0.81,0.83,0.17,0.19,0.02,0.02,75256.13,1776368957000
1776368960.061,260.061,0.82,0.83,0.16,0.18,0.01,0.02,75256.86,1776368958000
1776368960.396,260.396,0.84,0.85,0.15,0.17,0.01,0.02,75256.86,1776368958000
1776368960.767,260.767,0.84,0.86,0.15,0.16,0.02,0.01,75259.92,1776368959000
1776368961.106,261.106,0.84,0.85,0.15,0.16,0.01,0.01,75259.92,1776368959000
1776368961.458,261.458,0.84,0.85,0.15,0.16,0.01,0.01,75259.92,1776368959000
1776368961.868,261.868,0.84,0.85,0.15,0.16,0.01,0.01,75272.69,1776368960000
1776368962.211,262.211,0.84,0.85,0.15,0.16,0.01,0.01,75272.69,1776368960000
1776368962.713,262.713,0.84,0.85,0.15,0.16,0.01,0.01,75275.16,1776368961000
1776368963.054,263.054,0.82,0.85,0.15,0.16,0.03,0.01,75275.16,1776368961000
1776368963.525,263.525,0.83,0.84,0.16,0.17,0.01,0.01,75275.47,1776368962000
1776368964.045,264.045,0.83,0.84,0.16,0.17,0.01,0.01,75275.47,1776368962000
1776368964.39,264.39,0.83,0.84,0.16,0.17,0.01,0.01,75275.72,1776368963000
1776368964.746,264.746,0.86,0.87,0.13,0.16,0.01,0.03,75275.72,1776368963000
1776368965.123,265.123,0.86,0.87,0.13,0.14,0.01,0.01,75275.72,1776368963000
1776368965.473,265.473,0.86,0.87,0.13,0.14,0.01,0.01,75275.72,1776368963000
1776368965.81,265.81,0.86,0.87,0.13,0.14,0.01,0.01,75274.84,1776368964000
1776368966.387,266.387,0.87,0.88,0.12,0.14,0.01,0.02,75274.84,1776368964000
1776368966.895,266.895,0.87,0.88,0.12,0.13,0.01,0.01,75275.58,1776368965000
1776368967.381,267.381,0.87,0.88,0.12,0.13,0.01,0.01,75275.58,1776368965000
1776368967.722,267.722,0.85,0.86,0.14,0.15,0.01,0.01,75275.74,1776368966000
1776368968.072,268.072,0.78,0.79,0.21,0.22,0.01,0.01,75275.74,1776368966000
1776368968.466,268.466,0.79,0.8,0.2,0.22,0.01,0.02,75275.83,1776368967000
1776368968.82,268.82,0.8,0.81,0.19,0.22,0.01,0.03,75275.83,1776368967000
1776368969.169,269.169,0.8,0.81,0.19,0.2,0.01,0.01,75275.83,1776368967000
1776368969.522,269.522,0.84,0.85,0.15,0.19,0.01,0.04,75275.73,1776368968000
1776368969.868,269.868,0.86,0.87,0.13,0.14,0.01,0.01,75275.73,1776368968000
1776368970.363,270.363,0.87,0.88,0.13,0.14,0.01,0.01,75273.5,1776368969000
1776368970.707,270.707,0.87,0.88,0.12,0.13,0.01,0.01,75273.5,1776368969000
1776368971.067,271.067,0.88,0.89,0.11,0.12,0.01,0.01,75273.5,1776368969000
1776368971.518,271.518,0.87,0.89,0.11,0.13,0.02,0.02,75273.95,1776368970000
1776368971.883,271.883,0.86,0.89,0.13,0.14,0.03,0.01,75273.95,1776368970000
1776368972.232,272.232,0.87,0.88,0.12,0.13,0.01,0.01,75276.98,1776368971000
1776368972.63,272.63,0.89,0.9,0.11,0.12,0.01,0.01,75276.98,1776368971000
1776368973.15,273.15,0.89,0.9,0.1,0.11,0.01,0.01,75276.98,1776368971000
1776368973.499,273.499,0.89,0.9,0.1,0.11,0.01,0.01,75278.21,1776368972000
1776368973.838,273.838,0.89,0.9,0.1,0.11,0.01,0.01,75278.21,1776368972000
1776368974.204,274.204,0.89,0.9,0.1,0.11,0.01,0.01,75278.21,1776368972000
1776368974.554,274.554,0.89,0.9,0.1,0.11,0.01,0.01,75278.21,1776368972000
1776368974.893,274.893,0.89,0.9,0.1,0.11,0.01,0.01,75278.37,1776368973000
1776368975.254,275.254,0.89,0.9,0.1,0.11,0.01,0.01,75278.61,1776368974000
1776368975.758,275.758,0.88,0.89,0.11,0.12,0.01,0.01,75278.61,1776368974000
1776368976.118,276.118,0.85,0.86,0.13,0.14,0.01,0.01,75278.61,1776368974000
1776368976.6,276.6,0.85,0.86,0.14,0.15,0.01,0.01,75278.44,1776368975000
1776368976.943,276.943,0.67,0.71,0.26,0.27,0.04,0.01,75278.44,1776368975000
1776368977.306,277.306,0.66,0.67,0.33,0.34,0.01,0.01,75278.44,1776368975000
1776368977.643,277.643,0.63,0.65,0.35,0.37,0.02,0.02,75277.04,1776368976000
1776368977.985,277.985,0.64,0.65,0.35,0.36,0.01,0.01,75277.04,1776368976000
1776368978.461,278.461,0.65,0.66,0.34,0.35,0.01,0.01,75277.04,1776368977000
1776368978.989,278.989,0.65,0.66,0.34,0.35,0.01,0.01,75277.04,1776368977000
1776368979.507,279.507,0.67,0.68,0.32,0.35,0.01,0.03,75260.35,1776368978000
1776368979.987,279.987,0.67,0.68,0.32,0.33,0.01,0.01,75260.35,1776368978000
1776368980.392,280.392,0.67,0.68,0.32,0.33,0.01,0.01,75259.77,1776368979000
1776368980.774,280.774,0.67,0.68,0.32,0.33,0.01,0.01,75259.77,1776368979000
1776368981.244,281.244,0.64,0.65,0.35,0.36,0.01,0.01,75259.77,1776368980000
1776368981.646,281.646,0.64,0.65,0.35,0.36,0.01,0.01,75259.77,1776368980000
1776368982.039,282.039,0.64,0.65,0.35,0.36,0.01,0.01,75259.77,1776368980000
1776368982.575,282.575,0.62,0.63,0.37,0.38,0.01,0.01,75259.77,1776368980000
1776368983.005,283.005,0.62,0.63,0.37,0.38,0.01,0.01,75259.44,1776368981000
1776368983.375,283.375,0.62,0.63,0.37,0.38,0.01,0.01,75259.09,1776368982000
1776368983.839,283.839,0.62,0.63,0.37,0.38,0.01,0.01,75259.09,1776368982000
1776368984.181,284.181,0.62,0.63,0.37,0.38,0.01,0.01,75258.06,1776368983000
1776368984.522,284.522,0.62,0.63,0.37,0.38,0.01,0.01,75258.06,1776368983000
1776368984.865,284.865,0.62,0.65,0.36,0.38,0.03,0.02,75258.06,1776368983000
1776368985.243,285.243,0.64,0.65,0.35,0.36,0.01,0.01,75257.93,1776368984000
1776368985.862,285.862,0.63,0.64,0.35,0.36,0.01,0.01,75257.93,1776368984000
1776368986.249,286.249,0.63,0.64,0.36,0.37,0.01,0.01,75257.93,1776368984000
1776368986.598,286.598,0.63,0.64,0.36,0.37,0.01,0.01,75257.69,1776368985000
1776368987.024,287.024,0.63,0.64,0.36,0.37,0.01,0.01,75257.61,1776368986000
1776368987.422,287.422,0.64,0.65,0.35,0.36,0.01,0.01,75257.61,1776368986000
1776368987.818,287.818,0.67,0.68,0.32,0.33,0.01,0.01,75257.61,1776368986000
1776368988.162,288.162,0.67,0.68,0.31,0.33,0.01,0.02,75257.7,1776368987000
1776368988.592,288.592,0.67,0.68,0.32,0.33,0.01,0.01,75257.7,1776368987000
1776368989.01,289.01,0.67,0.68,0.32,0.33,0.01,0.01,75257.7,1776368987000
1776368989.556,289.556,0.68,0.69,0.31,0.33,0.01,0.02,75257.74,1776368988000
1776368990.274,290.274,0.61,0.67,0.33,0.39,0.06,0.06,75257.61,1776368989000
1776368990.663,290.663,0.76,0.77,0.23,0.25,0.01,0.02,75257.61,1776368989000
1776368991.03,291.03,0.77,0.78,0.22,0.23,0.01,0.01,75257.61,1776368989000
1776368991.364,291.364,0.83,0.85,0.15,0.17,0.02,0.02,75257.6,1776368990000
1776368991.714,291.714,0.86,0.87,0.13,0.15,0.01,0.02,75257.6,1776368990000
1776368992.059,292.059,0.81,0.87,0.13,0.14,0.06,0.01,75257.6,1776368990000
1776368992.507,292.507,0.88,0.89,0.11,0.12,0.01,0.01,75257.6,1776368991000
1776368992.85,292.85,0.88,0.89,0.11,0.12,0.01,0.01,75257.6,1776368991000
1776368993.333,293.333,0.93,0.94,0.06,0.07,0.01,0.01,75257.6,1776368991000
1776368993.696,293.696,0.94,0.95,0.05,0.06,0.01,0.01,75259.44,1776368992000
1776368994.034,294.034,0.95,0.96,0.04,0.05,0.01,0.01,75260.41,1776368993000
1776368994.389,294.389,0.95,0.96,0.04,0.05,0.01,0.01,75260.41,1776368993000
1776368994.736,294.736,0.95,0.96,0.04,0.05,0.01,0.01,75260.41,1776368993000
1776368995.141,295.141,0.96,0.97,0.03,0.04,0.01,0.01,75265.24,1776368994000
1776368995.482,295.482,0.96,0.97,0.03,0.04,0.01,0.01,75265.24,1776368994000
1776368995.834,295.834,0.96,0.97,0.03,0.04,0.01,0.01,75265.24,1776368994000
1776368996.193,296.193,0.96,0.97,0.03,0.04,0.01,0.01,75265.24,1776368994000
1776368996.546,296.546,0.98,0.99,0.01,0.02,0.01,0.01,75265.24,1776368994000
1776368996.884,296.884,0.98,0.99,0.01,0.02,0.01,0.01,75265.24,1776368994000
1776368997.218,297.218,0.98,0.99,0.01,0.02,0.01,0.01,75270.73,1776368995000
1776368997.561,297.561,0.98,0.99,0.01,0.02,0.01,0.01,75270.73,1776368995000
1776368997.915,297.915,0.99,0.99,0.01,0.01,0.0,0.0,75270.73,1776368995000
1776368998.269,298.269,0.99,0.99,0.01,0.01,0.0,0.0,75270.85,1776368996000
1776368998.622,298.622,0.99,0.99,0.01,0.01,0.0,0.0,75270.85,1776368996000
1776368999.216,299.216,0.99,0.99,0.01,0.01,0.0,0.0,75270.27,1776368997000
1776368999.677,299.677,0.99,0.99,0.01,0.01,0.0,0.0,75270.27,1776368997000
1776369000.084,300.084,0.99,0.99,0.01,0.01,0.0,0.0,75275.38,1776368998000
1776369000.425,300.425,0.99,0.99,0.01,0.01,0.0,0.0,75276.49,1776368999000
1776369000.9,300.9,0.99,0.99,0.01,0.01,0.0,0.0,75276.49,1776368999000

# RESULT,winner=Up,slug=btc-updown-5m-1776368700,ticks=686
