timestamp,elapsed_sec,up_bid,up_ask,down_bid,down_ask,up_spread,down_spread,btc_price,btc_oracle_ts
1777331100.512,0.512,0.47,0.48,0.53,0.54,0.01,0.01,77060.54,1777331099000
1777331100.888,0.888,0.47,0.48,0.52,0.53,0.01,0.01,77060.54,1777331099000
1777331101.74,1.74,0.47,0.49,0.52,0.53,0.02,0.01,77060.54,1777331099000
1777331102.272,2.272,0.48,0.49,0.51,0.53,0.01,0.02,77061.04,1777331100000
1777331102.713,2.713,0.48,0.49,0.51,0.52,0.01,0.01,77061.05,1777331101000
1777331103.203,3.203,0.48,0.49,0.51,0.52,0.01,0.01,77061.05,1777331101000
1777331103.686,3.686,0.48,0.49,0.51,0.52,0.01,0.01,77061.09,1777331102000
1777331104.238,4.238,0.48,0.49,0.51,0.52,0.01,0.01,77061.09,1777331102000
1777331104.573,4.573,0.48,0.49,0.51,0.52,0.01,0.01,77061.09,1777331102000
1777331105.428,5.428,0.48,0.49,0.51,0.52,0.01,0.01,77060.8,1777331104000
1777331105.795,5.795,0.48,0.49,0.51,0.52,0.01,0.01,77060.8,1777331104000
1777331106.206,6.206,0.48,0.49,0.51,0.52,0.01,0.01,77060.8,1777331104000
1777331106.728,6.728,0.48,0.49,0.51,0.52,0.01,0.01,77060.87,1777331105000
1777331107.196,7.196,0.48,0.49,0.51,0.52,0.01,0.01,77060.87,1777331105000
1777331107.593,7.593,0.48,0.49,0.51,0.52,0.01,0.01,77060.82,1777331106000
1777331108.111,8.111,0.49,0.5,0.5,0.51,0.01,0.01,77060.82,1777331106000
1777331108.753,8.753,0.49,0.5,0.5,0.51,0.01,0.01,77060.55,1777331107000
1777331109.665,9.665,0.49,0.5,0.5,0.51,0.01,0.01,77060.55,1777331107000
1777331110.627,10.627,0.49,0.5,0.5,0.51,0.01,0.01,77062.31,1777331109000
1777331111.072,11.072,0.49,0.5,0.5,0.51,0.01,0.01,77062.31,1777331109000
1777331111.49,11.49,0.49,0.5,0.5,0.51,0.01,0.01,77061.08,1777331110000
1777331112.31,12.31,0.49,0.5,0.5,0.51,0.01,0.01,77061.08,1777331110000
1777331112.768,12.768,0.49,0.5,0.5,0.51,0.01,0.01,77061.08,1777331111000
1777331113.31,13.31,0.49,0.5,0.5,0.51,0.01,0.01,77061.08,1777331111000
1777331113.876,13.876,0.49,0.5,0.5,0.51,0.01,0.01,77062.31,1777331113000
1777331114.331,14.331,0.49,0.5,0.5,0.51,0.01,0.01,77062.31,1777331113000
1777331115.114,15.114,0.49,0.5,0.5,0.51,0.01,0.01,77062.5,1777331114000
1777331115.793,15.793,0.49,0.5,0.5,0.51,0.01,0.01,77062.5,1777331114000
1777331116.148,16.148,0.49,0.5,0.5,0.51,0.01,0.01,77062.5,1777331114000
1777331116.716,16.716,0.49,0.5,0.5,0.51,0.01,0.01,77062.5,1777331114000
1777331117.465,17.465,0.49,0.5,0.5,0.51,0.01,0.01,77062.51,1777331116000
1777331117.991,17.991,0.49,0.5,0.5,0.51,0.01,0.01,77062.51,1777331116000
1777331118.982,18.982,0.49,0.5,0.5,0.51,0.01,0.01,77063.27,1777331118000
1777331119.408,19.408,0.49,0.5,0.5,0.51,0.01,0.01,77063.27,1777331118000
1777331119.747,19.747,0.49,0.5,0.5,0.51,0.01,0.01,77063.27,1777331118000
1777331120.972,20.972,0.49,0.5,0.5,0.51,0.01,0.01,77063.27,1777331119000
1777331121.446,21.446,0.49,0.5,0.5,0.51,0.01,0.01,77063.41,1777331120000
1777331122.265,22.265,0.49,0.5,0.5,0.51,0.01,0.01,77063.41,1777331121000
1777331122.694,22.694,0.49,0.5,0.5,0.51,0.01,0.01,77063.41,1777331121000
1777331123.142,23.142,0.48,0.49,0.5,0.52,0.01,0.02,77063.41,1777331121000
1777331123.662,23.662,0.48,0.49,0.51,0.52,0.01,0.01,77063.41,1777331122000
1777331124.223,24.223,0.48,0.49,0.51,0.52,0.01,0.01,77063.41,1777331123000
1777331124.965,24.965,0.48,0.49,0.51,0.52,0.01,0.01,77063.41,1777331123000
1777331125.312,25.312,0.48,0.49,0.51,0.52,0.01,0.01,77063.41,1777331124000
1777331125.649,25.649,0.48,0.49,0.51,0.52,0.01,0.01,77063.41,1777331124000
1777331126.191,26.191,0.48,0.49,0.51,0.52,0.01,0.01,77063.41,1777331124000
1777331126.528,26.528,0.48,0.5,0.5,0.52,0.02,0.02,77063.41,1777331124000
1777331127.027,27.027,0.49,0.5,0.5,0.51,0.01,0.01,77063.26,1777331125000
1777331127.515,27.515,0.49,0.5,0.5,0.51,0.01,0.01,77062.97,1777331126000
1777331127.948,27.948,0.49,0.5,0.5,0.51,0.01,0.01,77062.97,1777331126000
1777331128.451,28.451,0.49,0.5,0.5,0.51,0.01,0.01,77062.97,1777331127000
1777331128.899,28.899,0.49,0.5,0.5,0.51,0.01,0.01,77062.97,1777331127000
1777331129.292,29.292,0.49,0.5,0.5,0.51,0.01,0.01,77062.37,1777331128000
1777331129.898,29.898,0.49,0.5,0.5,0.51,0.01,0.01,77062.37,1777331128000
1777331130.24,30.24,0.49,0.5,0.5,0.51,0.01,0.01,77062.37,1777331128000
1777331130.737,30.737,0.5,0.51,0.49,0.51,0.01,0.02,77064.02,1777331129000
1777331131.113,31.113,0.5,0.51,0.49,0.5,0.01,0.01,77064.04,1777331130000
1777331131.65,31.65,0.5,0.51,0.49,0.5,0.01,0.01,77064.04,1777331130000
1777331132.004,32.004,0.54,0.56,0.44,0.46,0.02,0.02,77064.04,1777331130000
1777331132.505,32.505,0.55,0.56,0.44,0.45,0.01,0.01,77064.14,1777331131000
1777331132.867,32.867,0.55,0.56,0.44,0.45,0.01,0.01,77064.14,1777331131000
1777331133.264,33.264,0.55,0.56,0.44,0.45,0.01,0.01,77065.42,1777331132000
1777331133.645,33.645,0.55,0.56,0.44,0.45,0.01,0.01,77065.42,1777331132000
1777331134.188,34.188,0.54,0.55,0.45,0.46,0.01,0.01,77065.42,1777331132000
1777331134.606,34.606,0.54,0.55,0.45,0.46,0.01,0.01,77066.45,1777331133000
1777331135.149,35.149,0.54,0.55,0.45,0.46,0.01,0.01,77066.44,1777331134000
1777331135.686,35.686,0.54,0.55,0.45,0.46,0.01,0.01,77066.44,1777331134000
1777331136.082,36.082,0.53,0.54,0.46,0.47,0.01,0.01,77068.69,1777331135000
1777331136.528,36.528,0.53,0.54,0.46,0.47,0.01,0.01,77068.69,1777331135000
1777331137.063,37.063,0.53,0.54,0.46,0.47,0.01,0.01,77067.12,1777331136000
1777331137.403,37.403,0.53,0.54,0.46,0.47,0.01,0.01,77067.12,1777331136000
1777331138.05,38.05,0.53,0.54,0.46,0.47,0.01,0.01,77067.38,1777331137000
1777331138.429,38.429,0.53,0.54,0.46,0.47,0.01,0.01,77067.38,1777331137000
1777331138.84,38.84,0.53,0.54,0.46,0.47,0.01,0.01,77067.38,1777331137000
1777331139.675,39.675,0.53,0.54,0.46,0.47,0.01,0.01,77067.38,1777331137000
1777331140.253,40.253,0.53,0.54,0.46,0.47,0.01,0.01,77066.07,1777331138000
1777331140.647,40.647,0.53,0.54,0.46,0.47,0.01,0.01,77066.07,1777331139000
1777331141.225,41.225,0.53,0.54,0.46,0.47,0.01,0.01,77067.04,1777331140000
1777331142.075,42.075,0.53,0.54,0.46,0.47,0.01,0.01,77067.04,1777331140000
1777331142.457,42.457,0.53,0.54,0.46,0.47,0.01,0.01,77066.55,1777331141000
1777331142.902,42.902,0.53,0.54,0.46,0.47,0.01,0.01,77066.55,1777331141000
1777331143.293,43.293,0.52,0.54,0.46,0.48,0.02,0.02,77067.38,1777331142000
1777331144.001,44.001,0.52,0.53,0.47,0.48,0.01,0.01,77067.38,1777331142000
1777331144.383,44.383,0.52,0.53,0.47,0.48,0.01,0.01,77067.63,1777331143000
1777331144.795,44.795,0.52,0.53,0.47,0.48,0.01,0.01,77067.63,1777331143000
1777331145.544,45.544,0.52,0.53,0.47,0.48,0.01,0.01,77067.63,1777331143000
1777331145.901,45.901,0.52,0.54,0.46,0.48,0.02,0.02,77067.03,1777331144000
1777331146.496,46.496,0.53,0.54,0.46,0.47,0.01,0.01,77067.03,1777331145000
1777331146.974,46.974,0.53,0.54,0.46,0.47,0.01,0.01,77067.03,1777331145000
1777331147.415,47.415,0.53,0.54,0.46,0.47,0.01,0.01,77067.03,1777331145000
1777331147.9,47.9,0.53,0.54,0.46,0.47,0.01,0.01,77067.03,1777331146000
1777331148.485,48.485,0.53,0.54,0.46,0.47,0.01,0.01,77067.03,1777331147000
1777331148.879,48.879,0.53,0.54,0.46,0.47,0.01,0.01,77067.03,1777331147000
1777331149.223,49.223,0.52,0.53,0.46,0.47,0.01,0.01,77066.61,1777331148000
1777331150.302,50.302,0.52,0.53,0.47,0.48,0.01,0.01,77066.15,1777331149000
1777331150.663,50.663,0.52,0.53,0.47,0.48,0.01,0.01,77066.15,1777331149000
1777331151.385,51.385,0.52,0.53,0.47,0.48,0.01,0.01,77066.15,1777331149000
1777331151.769,51.769,0.52,0.53,0.47,0.48,0.01,0.01,77067.04,1777331150000
1777331152.356,52.356,0.51,0.52,0.47,0.49,0.01,0.02,77067.04,1777331151000
1777331153.014,53.014,0.51,0.52,0.48,0.49,0.01,0.01,77067.32,1777331152000
1777331153.532,53.532,0.51,0.52,0.48,0.49,0.01,0.01,77067.32,1777331152000
1777331154.141,54.141,0.51,0.52,0.48,0.49,0.01,0.01,77067.32,1777331152000
1777331154.477,54.477,0.51,0.52,0.48,0.49,0.01,0.01,77066.17,1777331153000
1777331155.074,55.074,0.53,0.54,0.45,0.49,0.01,0.04,77066.17,1777331153000
1777331156.129,56.129,0.53,0.54,0.46,0.47,0.01,0.01,77066.17,1777331154000
1777331156.714,56.714,0.51,0.55,0.46,0.49,0.04,0.03,77066.17,1777331154000
1777331157.216,57.216,0.53,0.54,0.45,0.49,0.01,0.04,77066.17,1777331154000
1777331157.875,57.875,0.52,0.53,0.47,0.48,0.01,0.01,77066.04,1777331156000
1777331158.538,58.538,0.52,0.54,0.47,0.48,0.02,0.01,77066.04,1777331156000
1777331158.954,58.954,0.53,0.54,0.46,0.48,0.01,0.02,77065.87,1777331157000
1777331159.424,59.424,0.53,0.54,0.46,0.47,0.01,0.01,77065.87,1777331158000
1777331160.563,60.563,0.53,0.54,0.46,0.47,0.01,0.01,77065.87,1777331158000
1777331160.977,60.977,0.53,0.54,0.46,0.47,0.01,0.01,77066.02,1777331159000
1777331161.449,61.449,0.53,0.54,0.46,0.47,0.01,0.01,77065.67,1777331160000
1777331161.866,61.866,0.52,0.53,0.47,0.48,0.01,0.01,77065.67,1777331160000
1777331162.295,62.295,0.55,0.56,0.44,0.46,0.01,0.02,77065.87,1777331161000
1777331163.302,63.302,0.55,0.56,0.44,0.45,0.01,0.01,77065.87,1777331161000
1777331163.972,63.972,0.55,0.56,0.44,0.45,0.01,0.01,77065.88,1777331162000
1777331165.369,65.369,0.55,0.56,0.44,0.45,0.01,0.01,77066.17,1777331163000
1777331166.041,66.041,0.55,0.56,0.44,0.45,0.01,0.01,77065.35,1777331164000
1777331166.651,66.651,0.55,0.56,0.44,0.45,0.01,0.01,77065.35,1777331164000
1777331167.726,67.726,0.55,0.56,0.44,0.45,0.01,0.01,77066.17,1777331166000
1777331168.109,68.109,0.55,0.56,0.44,0.45,0.01,0.01,77066.17,1777331166000
1777331168.585,68.585,0.55,0.56,0.44,0.45,0.01,0.01,77066.17,1777331167000
1777331169.145,69.145,0.55,0.56,0.44,0.45,0.01,0.01,77065.1,1777331168000
1777331170.205,70.205,0.55,0.56,0.44,0.45,0.01,0.01,77065.1,1777331168000
1777331170.564,70.564,0.55,0.56,0.44,0.45,0.01,0.01,77065.1,1777331168000
1777331170.927,70.927,0.54,0.55,0.44,0.46,0.01,0.02,77065.75,1777331169000
1777331171.368,71.368,0.54,0.55,0.45,0.46,0.01,0.01,77065.75,1777331169000
1777331171.881,71.881,0.54,0.55,0.45,0.46,0.01,0.01,77065.59,1777331170000
1777331172.275,72.275,0.53,0.54,0.46,0.47,0.01,0.01,77065.59,1777331170000
1777331173.358,73.358,0.53,0.54,0.46,0.47,0.01,0.01,77065.69,1777331171000
1777331174.178,74.178,0.53,0.54,0.46,0.47,0.01,0.01,77065.69,1777331171000
1777331174.987,74.987,0.53,0.54,0.46,0.47,0.01,0.01,77065.62,1777331173000
1777331176.288,76.288,0.52,0.54,0.46,0.47,0.02,0.01,77065.57,1777331174000
1777331177.011,77.011,0.52,0.53,0.46,0.48,0.01,0.02,77064.59,1777331175000
1777331177.423,77.423,0.52,0.53,0.47,0.48,0.01,0.01,77064.59,1777331175000
1777331177.895,77.895,0.5,0.51,0.49,0.5,0.01,0.01,77065.39,1777331176000
1777331178.37,78.37,0.51,0.52,0.48,0.49,0.01,0.01,77065.39,1777331176000
1777331179.036,79.036,0.51,0.52,0.48,0.49,0.01,0.01,77064.46,1777331178000
1777331179.733,79.733,0.51,0.52,0.48,0.49,0.01,0.01,77064.46,1777331178000
1777331180.406,80.406,0.51,0.52,0.48,0.49,0.01,0.01,77061.8,1777331179000
1777331180.998,80.998,0.51,0.52,0.48,0.49,0.01,0.01,77062.16,1777331180000
1777331181.814,81.814,0.51,0.52,0.48,0.49,0.01,0.01,77062.16,1777331180000
1777331182.225,82.225,0.51,0.52,0.48,0.49,0.01,0.01,77061.78,1777331181000
1777331183.368,83.368,0.51,0.52,0.48,0.49,0.01,0.01,77061.78,1777331181000
1777331184.016,84.016,0.51,0.52,0.48,0.49,0.01,0.01,77060.35,1777331183000
1777331185.068,85.068,0.51,0.52,0.48,0.49,0.01,0.01,77060.35,1777331183000
1777331185.531,85.531,0.51,0.52,0.48,0.49,0.01,0.01,77060.07,1777331184000
1777331185.955,85.955,0.51,0.52,0.48,0.49,0.01,0.01,77060.07,1777331184000
1777331186.338,86.338,0.51,0.52,0.48,0.49,0.01,0.01,77060.07,1777331185000
1777331186.735,86.735,0.51,0.52,0.48,0.49,0.01,0.01,77060.07,1777331185000
1777331187.15,87.15,0.51,0.52,0.48,0.49,0.01,0.01,77060.07,1777331185000
1777331187.8,87.8,0.51,0.52,0.48,0.49,0.01,0.01,77059.37,1777331186000
1777331188.168,88.168,0.51,0.52,0.48,0.49,0.01,0.01,77059.64,1777331187000
1777331188.547,88.547,0.51,0.52,0.48,0.49,0.01,0.01,77059.64,1777331187000
1777331189.767,89.767,0.51,0.52,0.48,0.49,0.01,0.01,77059.64,1777331187000
1777331190.286,90.286,0.51,0.52,0.48,0.49,0.01,0.01,77059.83,1777331189000
1777331191.498,91.498,0.51,0.52,0.48,0.49,0.01,0.01,77059.83,1777331190000
1777331192.002,92.002,0.51,0.52,0.48,0.49,0.01,0.01,77060.07,1777331191000
1777331192.841,92.841,0.51,0.52,0.48,0.49,0.01,0.01,77060.07,1777331191000
1777331193.199,93.199,0.51,0.52,0.48,0.49,0.01,0.01,77060.02,1777331192000
1777331193.561,93.561,0.51,0.52,0.48,0.49,0.01,0.01,77060.02,1777331192000
1777331193.982,93.982,0.51,0.52,0.48,0.49,0.01,0.01,77060.02,1777331192000
1777331194.438,94.438,0.51,0.52,0.48,0.49,0.01,0.01,77060.07,1777331193000
1777331194.823,94.823,0.51,0.52,0.48,0.49,0.01,0.01,77060.07,1777331193000
1777331195.196,95.196,0.51,0.52,0.48,0.49,0.01,0.01,77060.39,1777331194000
1777331195.806,95.806,0.51,0.52,0.48,0.49,0.01,0.01,77060.39,1777331194000
1777331196.294,96.294,0.51,0.52,0.48,0.49,0.01,0.01,77060.46,1777331195000
1777331196.923,96.923,0.51,0.52,0.48,0.49,0.01,0.01,77060.46,1777331195000
1777331197.407,97.407,0.51,0.52,0.48,0.49,0.01,0.01,77060.39,1777331196000
1777331197.811,97.811,0.51,0.52,0.48,0.49,0.01,0.01,77060.39,1777331196000
1777331198.164,98.164,0.51,0.52,0.48,0.49,0.01,0.01,77060.48,1777331197000
1777331198.515,98.515,0.51,0.52,0.48,0.49,0.01,0.01,77060.48,1777331197000
1777331199.24,99.24,0.51,0.52,0.48,0.49,0.01,0.01,77060.48,1777331198000
1777331199.726,99.726,0.51,0.52,0.48,0.49,0.01,0.01,77060.48,1777331198000
1777331200.166,100.166,0.51,0.52,0.48,0.49,0.01,0.01,77060.43,1777331199000
1777331200.619,100.619,0.51,0.52,0.48,0.49,0.01,0.01,77060.43,1777331199000
1777331201.0,101.0,0.51,0.52,0.48,0.49,0.01,0.01,77060.44,1777331200000
1777331201.458,101.458,0.5,0.51,0.48,0.49,0.01,0.01,77060.44,1777331200000
1777331202.079,102.079,0.5,0.51,0.49,0.5,0.01,0.01,77060.42,1777331201000
1777331202.486,102.486,0.5,0.51,0.49,0.5,0.01,0.01,77060.42,1777331201000
1777331203.211,103.211,0.5,0.51,0.49,0.5,0.01,0.01,77060.39,1777331202000
1777331203.907,103.907,0.5,0.51,0.49,0.5,0.01,0.01,77060.39,1777331202000
1777331204.311,104.311,0.5,0.51,0.49,0.5,0.01,0.01,77060.42,1777331203000
1777331204.726,104.726,0.49,0.5,0.5,0.51,0.01,0.01,77060.42,1777331203000
1777331205.208,105.208,0.49,0.5,0.5,0.51,0.01,0.01,77060.42,1777331203000
1777331205.616,105.616,0.49,0.5,0.5,0.51,0.01,0.01,77060.33,1777331204000
1777331206.054,106.054,0.49,0.5,0.5,0.51,0.01,0.01,77060.18,1777331205000
1777331206.435,106.435,0.49,0.5,0.5,0.51,0.01,0.01,77060.18,1777331205000
1777331206.805,106.805,0.49,0.5,0.5,0.51,0.01,0.01,77060.18,1777331205000
1777331207.851,107.851,0.49,0.5,0.5,0.51,0.01,0.01,77060.13,1777331206000
1777331208.215,108.215,0.49,0.5,0.5,0.51,0.01,0.01,77060.07,1777331207000
1777331208.692,108.692,0.47,0.5,0.5,0.51,0.03,0.01,77060.07,1777331207000
1777331209.224,109.224,0.49,0.5,0.5,0.51,0.01,0.01,77060.14,1777331208000
1777331209.94,109.94,0.49,0.5,0.5,0.51,0.01,0.01,77060.14,1777331208000
1777331210.289,110.289,0.49,0.5,0.5,0.51,0.01,0.01,77060.14,1777331208000
1777331210.925,110.925,0.49,0.5,0.5,0.51,0.01,0.01,77060.26,1777331209000
1777331211.557,111.557,0.49,0.5,0.5,0.51,0.01,0.01,77060.26,1777331210000
1777331211.953,111.953,0.49,0.5,0.5,0.51,0.01,0.01,77060.26,1777331210000
1777331213.016,113.016,0.49,0.5,0.5,0.51,0.01,0.01,77060.54,1777331211000
1777331213.418,113.418,0.51,0.52,0.47,0.49,0.01,0.02,77060.54,1777331212000
1777331213.883,113.883,0.52,0.54,0.47,0.48,0.02,0.01,77060.54,1777331212000
1777331214.222,114.222,0.53,0.54,0.46,0.47,0.01,0.01,77060.54,1777331212000
1777331214.869,114.869,0.53,0.54,0.46,0.47,0.01,0.01,77061.08,1777331213000
1777331215.384,115.384,0.52,0.53,0.46,0.48,0.01,0.02,77061.43,1777331214000
1777331215.763,115.763,0.52,0.53,0.47,0.48,0.01,0.01,77061.43,1777331214000
1777331216.13,116.13,0.52,0.53,0.47,0.48,0.01,0.01,77061.43,1777331214000
1777331216.557,116.557,0.52,0.53,0.47,0.48,0.01,0.01,77062.27,1777331215000
1777331216.97,116.97,0.52,0.53,0.47,0.48,0.01,0.01,77062.27,1777331215000
1777331217.416,117.416,0.52,0.53,0.47,0.48,0.01,0.01,77062.16,1777331216000
1777331217.938,117.938,0.52,0.53,0.47,0.48,0.01,0.01,77062.16,1777331216000
1777331218.284,118.284,0.52,0.53,0.47,0.48,0.01,0.01,77062.22,1777331217000
1777331219.226,119.226,0.52,0.53,0.47,0.48,0.01,0.01,77062.22,1777331217000
1777331219.773,119.773,0.52,0.53,0.47,0.48,0.01,0.01,77062.22,1777331217000
1777331220.349,120.349,0.52,0.53,0.47,0.48,0.01,0.01,77062.22,1777331219000
1777331220.741,120.741,0.52,0.53,0.47,0.48,0.01,0.01,77062.22,1777331219000
1777331221.342,121.342,0.52,0.53,0.47,0.48,0.01,0.01,77062.22,1777331219000
1777331221.723,121.723,0.58,0.62,0.38,0.42,0.04,0.04,77062.16,1777331220000
1777331222.058,122.058,0.6,0.61,0.39,0.4,0.01,0.01,77062.16,1777331220000
1777331222.392,122.392,0.6,0.61,0.39,0.4,0.01,0.01,77062.1,1777331221000
1777331222.749,122.749,0.6,0.61,0.39,0.4,0.01,0.01,77062.1,1777331221000
1777331223.119,123.119,0.6,0.61,0.39,0.4,0.01,0.01,77062.1,1777331221000
1777331223.616,123.616,0.6,0.61,0.39,0.4,0.01,0.01,77063.59,1777331222000
1777331224.596,124.596,0.6,0.61,0.39,0.4,0.01,0.01,77067.94,1777331223000
1777331225.456,125.456,0.6,0.61,0.39,0.4,0.01,0.01,77067.94,1777331223000
1777331226.028,126.028,0.58,0.59,0.41,0.42,0.01,0.01,77067.9,1777331224000
1777331226.525,126.525,0.58,0.59,0.41,0.42,0.01,0.01,77068.48,1777331225000
1777331227.016,127.016,0.57,0.58,0.41,0.43,0.01,0.02,77068.48,1777331225000
1777331227.35,127.35,0.57,0.58,0.42,0.43,0.01,0.01,77068.48,1777331226000
1777331228.081,128.081,0.57,0.58,0.42,0.43,0.01,0.01,77068.48,1777331226000
1777331228.419,128.419,0.57,0.58,0.42,0.43,0.01,0.01,77068.48,1777331226000
1777331228.819,128.819,0.57,0.58,0.42,0.43,0.01,0.01,77067.86,1777331227000
1777331229.155,129.155,0.57,0.58,0.42,0.43,0.01,0.01,77067.86,1777331228000
1777331229.621,129.621,0.58,0.59,0.41,0.42,0.01,0.01,77067.86,1777331228000
1777331230.271,130.271,0.58,0.59,0.41,0.42,0.01,0.01,77067.86,1777331228000
1777331230.632,130.632,0.58,0.59,0.41,0.42,0.01,0.01,77068.62,1777331229000
1777331230.986,130.986,0.58,0.59,0.41,0.42,0.01,0.01,77068.68,1777331230000
1777331231.393,131.393,0.58,0.59,0.41,0.42,0.01,0.01,77068.68,1777331230000
1777331232.031,132.031,0.58,0.59,0.41,0.42,0.01,0.01,77068.68,1777331230000
1777331232.409,132.409,0.58,0.59,0.41,0.42,0.01,0.01,77068.68,1777331231000
1777331232.966,132.966,0.58,0.59,0.41,0.42,0.01,0.01,77068.68,1777331231000
1777331233.719,133.719,0.58,0.59,0.41,0.42,0.01,0.01,77068.68,1777331232000
1777331234.254,134.254,0.58,0.59,0.41,0.42,0.01,0.01,77068.69,1777331233000
1777331234.721,134.721,0.58,0.59,0.41,0.42,0.01,0.01,77068.69,1777331233000
1777331235.168,135.168,0.58,0.59,0.41,0.42,0.01,0.01,77068.69,1777331233000
1777331236.052,136.052,0.58,0.59,0.41,0.42,0.01,0.01,77069.01,1777331234000
1777331236.421,136.421,0.58,0.59,0.41,0.42,0.01,0.01,77069.01,1777331234000
1777331237.064,137.064,0.58,0.59,0.41,0.42,0.01,0.01,77069.16,1777331236000
1777331237.7,137.7,0.59,0.6,0.4,0.42,0.01,0.02,77069.16,1777331236000
1777331238.068,138.068,0.59,0.6,0.4,0.41,0.01,0.01,77069.63,1777331237000
1777331238.743,138.743,0.59,0.6,0.4,0.41,0.01,0.01,77069.63,1777331237000
1777331239.168,139.168,0.59,0.6,0.4,0.41,0.01,0.01,77069.52,1777331238000
1777331239.682,139.682,0.59,0.6,0.4,0.41,0.01,0.01,77069.52,1777331238000
1777331240.027,140.027,0.59,0.6,0.4,0.41,0.01,0.01,77069.52,1777331238000
1777331240.38,140.38,0.58,0.59,0.4,0.41,0.01,0.01,77069.19,1777331239000
1777331241.109,141.109,0.59,0.6,0.4,0.42,0.01,0.02,77069.19,1777331239000
1777331242.032,142.032,0.59,0.6,0.4,0.41,0.01,0.01,77068.87,1777331240000
1777331242.794,142.794,0.59,0.6,0.4,0.41,0.01,0.01,77068.87,1777331241000
1777331243.16,143.16,0.59,0.6,0.4,0.41,0.01,0.01,77069.36,1777331242000
1777331243.927,143.927,0.59,0.6,0.4,0.41,0.01,0.01,77069.36,1777331242000
1777331244.863,144.863,0.59,0.6,0.4,0.41,0.01,0.01,77069.62,1777331243000
1777331245.286,145.286,0.59,0.6,0.4,0.41,0.01,0.01,77069.89,1777331244000
1777331245.975,145.975,0.59,0.6,0.4,0.41,0.01,0.01,77069.89,1777331244000
1777331246.644,146.644,0.59,0.6,0.4,0.41,0.01,0.01,77069.6,1777331245000
1777331247.123,147.123,0.59,0.6,0.4,0.41,0.01,0.01,77069.6,1777331245000
1777331247.54,147.54,0.59,0.6,0.4,0.41,0.01,0.01,77069.83,1777331246000
1777331248.003,148.003,0.59,0.6,0.4,0.41,0.01,0.01,77069.83,1777331246000
1777331248.751,148.751,0.59,0.6,0.4,0.41,0.01,0.01,77069.94,1777331247000
1777331249.258,149.258,0.58,0.59,0.4,0.42,0.01,0.02,77069.94,1777331247000
1777331249.595,149.595,0.58,0.59,0.41,0.42,0.01,0.01,77068.89,1777331248000
1777331250.02,150.02,0.6,0.61,0.39,0.42,0.01,0.03,77068.89,1777331248000
1777331250.372,150.372,0.61,0.62,0.38,0.39,0.01,0.01,77068.89,1777331248000
1777331250.879,150.879,0.61,0.62,0.38,0.39,0.01,0.01,77069.99,1777331249000
1777331251.393,151.393,0.61,0.62,0.38,0.39,0.01,0.01,77069.99,1777331249000
1777331251.892,151.892,0.61,0.62,0.38,0.39,0.01,0.01,77070.32,1777331250000
1777331252.594,152.594,0.61,0.62,0.38,0.39,0.01,0.01,77071.0,1777331251000
1777331253.01,153.01,0.61,0.62,0.38,0.39,0.01,0.01,77071.0,1777331251000
1777331253.797,153.797,0.61,0.62,0.38,0.39,0.01,0.01,77071.5,1777331252000
1777331254.156,154.156,0.6,0.62,0.38,0.39,0.02,0.01,77071.5,1777331252000
1777331254.642,154.642,0.6,0.61,0.39,0.4,0.01,0.01,77071.5,1777331252000
1777331254.975,154.975,0.6,0.61,0.39,0.4,0.01,0.01,77071.5,1777331252000
1777331255.424,155.424,0.59,0.61,0.39,0.4,0.02,0.01,77070.64,1777331253000
1777331255.783,155.783,0.59,0.6,0.4,0.41,0.01,0.01,77070.64,1777331253000
1777331256.128,156.128,0.59,0.6,0.4,0.41,0.01,0.01,77070.64,1777331254000
1777331256.478,156.478,0.59,0.6,0.4,0.41,0.01,0.01,77070.88,1777331255000
1777331257.159,157.159,0.59,0.6,0.4,0.41,0.01,0.01,77070.88,1777331255000
1777331257.65,157.65,0.59,0.6,0.4,0.41,0.01,0.01,77069.47,1777331256000
1777331258.595,158.595,0.59,0.6,0.4,0.41,0.01,0.01,77069.47,1777331256000
1777331259.014,159.014,0.59,0.6,0.4,0.41,0.01,0.01,77069.84,1777331257000
1777331259.373,159.373,0.59,0.6,0.4,0.41,0.01,0.01,77069.84,1777331258000
1777331259.915,159.915,0.59,0.6,0.4,0.41,0.01,0.01,77069.84,1777331258000
1777331260.735,160.735,0.6,0.61,0.39,0.41,0.01,0.02,77069.4,1777331259000
1777331261.602,161.602,0.6,0.61,0.39,0.4,0.01,0.01,77069.41,1777331260000
1777331262.338,162.338,0.6,0.61,0.39,0.4,0.01,0.01,77069.41,1777331261000
1777331263.857,163.857,0.6,0.61,0.39,0.4,0.01,0.01,77069.39,1777331262000
1777331264.269,164.269,0.61,0.62,0.38,0.4,0.01,0.02,77069.39,1777331262000
1777331264.629,164.629,0.61,0.62,0.38,0.39,0.01,0.01,77069.47,1777331263000
1777331265.244,165.244,0.61,0.62,0.38,0.39,0.01,0.01,77069.45,1777331264000
1777331265.676,165.676,0.61,0.62,0.38,0.44,0.01,0.06,77069.45,1777331264000
1777331266.302,166.302,0.6,0.61,0.39,0.4,0.01,0.01,77069.45,1777331264000
1777331266.753,166.753,0.6,0.61,0.39,0.4,0.01,0.01,77070.31,1777331265000
1777331267.156,167.156,0.6,0.61,0.39,0.4,0.01,0.01,77070.31,1777331265000
1777331267.723,167.723,0.6,0.61,0.39,0.4,0.01,0.01,77069.98,1777331266000
1777331268.269,168.269,0.6,0.61,0.39,0.4,0.01,0.01,77070.25,1777331267000
1777331268.662,168.662,0.6,0.61,0.39,0.4,0.01,0.01,77070.25,1777331267000
1777331269.107,169.107,0.6,0.61,0.39,0.4,0.01,0.01,77070.25,1777331267000
1777331269.875,169.875,0.6,0.61,0.39,0.4,0.01,0.01,77070.57,1777331269000
1777331270.897,170.897,0.6,0.61,0.39,0.4,0.01,0.01,77070.64,1777331270000
1777331271.272,171.272,0.6,0.61,0.39,0.4,0.01,0.01,77070.64,1777331270000
1777331271.684,171.684,0.6,0.61,0.39,0.4,0.01,0.01,77070.64,1777331270000
1777331272.018,172.018,0.6,0.61,0.39,0.4,0.01,0.01,77070.64,1777331271000
1777331272.371,172.371,0.59,0.6,0.4,0.41,0.01,0.01,77070.64,1777331271000
1777331273.009,173.009,0.59,0.6,0.4,0.41,0.01,0.01,77070.64,1777331271000
1777331273.352,173.352,0.57,0.6,0.4,0.41,0.03,0.01,77070.59,1777331272000
1777331273.715,173.715,0.56,0.57,0.43,0.45,0.01,0.02,77070.59,1777331272000
1777331274.048,174.048,0.56,0.57,0.43,0.44,0.01,0.01,77070.73,1777331273000
1777331274.383,174.383,0.56,0.57,0.43,0.44,0.01,0.01,77070.73,1777331273000
1777331275.08,175.08,0.56,0.57,0.43,0.44,0.01,0.01,77070.47,1777331274000
1777331275.528,175.528,0.56,0.57,0.43,0.44,0.01,0.01,77070.47,1777331274000
1777331275.873,175.873,0.56,0.57,0.43,0.44,0.01,0.01,77070.47,1777331274000
1777331276.212,176.212,0.56,0.57,0.43,0.44,0.01,0.01,77069.6,1777331275000
1777331276.569,176.569,0.56,0.57,0.43,0.44,0.01,0.01,77069.6,1777331275000
1777331277.033,177.033,0.57,0.58,0.42,0.44,0.01,0.02,77069.6,1777331275000
1777331277.612,177.612,0.57,0.58,0.42,0.43,0.01,0.01,77069.61,1777331276000
1777331278.425,178.425,0.56,0.57,0.43,0.44,0.01,0.01,77069.21,1777331277000
1777331278.984,178.984,0.56,0.57,0.43,0.44,0.01,0.01,77068.76,1777331278000
1777331279.574,179.574,0.56,0.57,0.43,0.44,0.01,0.01,77068.76,1777331278000
1777331280.03,180.03,0.56,0.57,0.43,0.44,0.01,0.01,77069.0,1777331279000
1777331280.415,180.415,0.56,0.57,0.43,0.44,0.01,0.01,77069.0,1777331279000
1777331280.897,180.897,0.54,0.55,0.45,0.46,0.01,0.01,77069.0,1777331279000
1777331281.249,181.249,0.46,0.49,0.52,0.54,0.03,0.02,77068.88,1777331280000
1777331281.598,181.598,0.46,0.47,0.53,0.54,0.01,0.01,77068.88,1777331280000
1777331281.978,181.978,0.46,0.47,0.53,0.54,0.01,0.01,77068.88,1777331280000
1777331282.476,182.476,0.46,0.47,0.53,0.54,0.01,0.01,77068.41,1777331281000
1777331282.945,182.945,0.46,0.47,0.53,0.54,0.01,0.01,77068.41,1777331281000
1777331283.554,183.554,0.46,0.47,0.53,0.54,0.01,0.01,77065.18,1777331282000
1777331284.004,184.004,0.46,0.47,0.53,0.54,0.01,0.01,77065.18,1777331282000
1777331284.364,184.364,0.46,0.47,0.53,0.54,0.01,0.01,77065.18,1777331282000
1777331284.796,184.796,0.46,0.47,0.53,0.54,0.01,0.01,77065.14,1777331283000
1777331285.166,185.166,0.46,0.47,0.53,0.54,0.01,0.01,77065.14,1777331283000
1777331285.5,185.5,0.44,0.45,0.53,0.56,0.01,0.03,77065.14,1777331283000
1777331285.843,185.843,0.41,0.44,0.56,0.57,0.03,0.01,77064.95,1777331284000
1777331286.177,186.177,0.41,0.42,0.58,0.59,0.01,0.01,77064.69,1777331285000
1777331286.561,186.561,0.41,0.42,0.58,0.59,0.01,0.01,77064.69,1777331285000
1777331286.908,186.908,0.42,0.43,0.57,0.58,0.01,0.01,77064.69,1777331285000
1777331287.247,187.247,0.42,0.43,0.57,0.58,0.01,0.01,77064.11,1777331286000
1777331287.797,187.797,0.42,0.43,0.57,0.58,0.01,0.01,77064.11,1777331286000
1777331288.143,188.143,0.42,0.43,0.57,0.58,0.01,0.01,77064.11,1777331287000
1777331288.544,188.544,0.42,0.43,0.57,0.58,0.01,0.01,77064.11,1777331287000
1777331289.111,189.111,0.42,0.43,0.57,0.58,0.01,0.01,77064.11,1777331287000
1777331289.896,189.896,0.42,0.43,0.57,0.58,0.01,0.01,77064.16,1777331288000
1777331290.712,190.712,0.42,0.43,0.57,0.58,0.01,0.01,77064.08,1777331289000
1777331291.161,191.161,0.42,0.43,0.57,0.58,0.01,0.01,77064.08,1777331289000
1777331291.496,191.496,0.42,0.43,0.57,0.58,0.01,0.01,77063.85,1777331290000
1777331291.868,191.868,0.43,0.44,0.56,0.58,0.01,0.02,77063.85,1777331290000
1777331292.342,192.342,0.43,0.44,0.56,0.57,0.01,0.01,77063.78,1777331291000
1777331292.678,192.678,0.42,0.43,0.56,0.58,0.01,0.02,77063.78,1777331291000
1777331293.142,193.142,0.42,0.43,0.57,0.58,0.01,0.01,77063.78,1777331292000
1777331293.551,193.551,0.42,0.43,0.57,0.58,0.01,0.01,77063.78,1777331292000
1777331294.0,194.0,0.42,0.43,0.57,0.58,0.01,0.01,77063.78,1777331292000
1777331294.44,194.44,0.42,0.43,0.57,0.58,0.01,0.01,77063.75,1777331293000
1777331294.989,194.989,0.43,0.44,0.56,0.58,0.01,0.02,77063.75,1777331293000
1777331295.474,195.474,0.43,0.44,0.56,0.57,0.01,0.01,77062.31,1777331294000
1777331295.881,195.881,0.43,0.44,0.56,0.57,0.01,0.01,77062.31,1777331294000
1777331296.293,196.293,0.43,0.44,0.56,0.57,0.01,0.01,77061.23,1777331295000
1777331296.779,196.779,0.43,0.44,0.56,0.57,0.01,0.01,77061.23,1777331295000
1777331297.304,197.304,0.43,0.44,0.56,0.57,0.01,0.01,77061.23,1777331295000
1777331297.984,197.984,0.43,0.44,0.56,0.57,0.01,0.01,77060.99,1777331296000
1777331298.599,198.599,0.43,0.44,0.56,0.57,0.01,0.01,77061.0,1777331297000
1777331299.276,199.276,0.43,0.44,0.56,0.57,0.01,0.01,77060.99,1777331298000
1777331299.674,199.674,0.43,0.47,0.56,0.57,0.04,0.01,77060.99,1777331298000
1777331300.055,200.055,0.46,0.47,0.53,0.54,0.01,0.01,77060.99,1777331298000
1777331300.753,200.753,0.46,0.47,0.53,0.54,0.01,0.01,77060.99,1777331299000
1777331301.31,201.31,0.46,0.47,0.53,0.54,0.01,0.01,77061.06,1777331300000
1777331302.097,202.097,0.46,0.47,0.53,0.54,0.01,0.01,77061.06,1777331300000
1777331302.472,202.472,0.47,0.48,0.52,0.53,0.01,0.01,77061.06,1777331301000
1777331302.926,202.926,0.47,0.48,0.52,0.53,0.01,0.01,77061.06,1777331301000
1777331303.393,203.393,0.47,0.48,0.52,0.53,0.01,0.01,77061.06,1777331302000
1777331303.822,203.822,0.47,0.48,0.52,0.53,0.01,0.01,77061.06,1777331302000
1777331304.348,204.348,0.47,0.48,0.52,0.53,0.01,0.01,77061.06,1777331303000
1777331305.385,205.385,0.47,0.48,0.52,0.53,0.01,0.01,77061.25,1777331304000
1777331305.855,205.855,0.47,0.48,0.52,0.53,0.01,0.01,77061.25,1777331304000
1777331306.248,206.248,0.47,0.48,0.52,0.53,0.01,0.01,77061.25,1777331304000
1777331306.864,206.864,0.47,0.48,0.52,0.53,0.01,0.01,77061.44,1777331306000
1777331307.705,207.705,0.47,0.48,0.52,0.53,0.01,0.01,77061.44,1777331306000
1777331308.138,208.138,0.47,0.48,0.52,0.53,0.01,0.01,77061.44,1777331307000
1777331308.527,208.527,0.47,0.48,0.52,0.53,0.01,0.01,77061.44,1777331307000
1777331308.946,208.946,0.47,0.48,0.52,0.53,0.01,0.01,77061.44,1777331308000
1777331309.341,209.341,0.47,0.48,0.52,0.53,0.01,0.01,77061.44,1777331308000
1777331309.78,209.78,0.47,0.48,0.52,0.53,0.01,0.01,77061.44,1777331308000
1777331310.583,210.583,0.47,0.48,0.52,0.53,0.01,0.01,77061.44,1777331308000
1777331311.341,211.341,0.47,0.48,0.52,0.53,0.01,0.01,77061.45,1777331309000
1777331311.698,211.698,0.47,0.48,0.52,0.53,0.01,0.01,77061.45,1777331309000
1777331312.189,212.189,0.46,0.47,0.53,0.54,0.01,0.01,77061.59,1777331310000
1777331312.725,212.725,0.46,0.47,0.53,0.54,0.01,0.01,77061.43,1777331311000
1777331313.276,213.276,0.46,0.47,0.53,0.54,0.01,0.01,77061.0,1777331312000
1777331314.521,214.521,0.46,0.47,0.53,0.54,0.01,0.01,77060.95,1777331313000
1777331315.044,215.044,0.46,0.47,0.53,0.54,0.01,0.01,77060.95,1777331313000
1777331316.217,216.217,0.46,0.47,0.53,0.54,0.01,0.01,77060.47,1777331314000
1777331316.735,216.735,0.46,0.47,0.53,0.54,0.01,0.01,77060.47,1777331315000
1777331317.103,217.103,0.46,0.47,0.53,0.54,0.01,0.01,77060.47,1777331315000
1777331317.443,217.443,0.46,0.47,0.53,0.54,0.01,0.01,77060.47,1777331315000
1777331318.149,218.149,0.46,0.47,0.53,0.54,0.01,0.01,77060.47,1777331316000
1777331318.541,218.541,0.46,0.47,0.53,0.54,0.01,0.01,77060.47,1777331316000
1777331319.171,219.171,0.46,0.47,0.53,0.54,0.01,0.01,77060.56,1777331317000
1777331319.649,219.649,0.46,0.47,0.53,0.54,0.01,0.01,77060.32,1777331318000
1777331320.745,220.745,0.46,0.47,0.53,0.54,0.01,0.01,77060.24,1777331319000
1777331321.171,221.171,0.46,0.47,0.53,0.54,0.01,0.01,77060.24,1777331319000
1777331321.568,221.568,0.46,0.47,0.53,0.54,0.01,0.01,77060.24,1777331319000
1777331322.435,222.435,0.46,0.47,0.53,0.54,0.01,0.01,77060.24,1777331320000
1777331322.892,222.892,0.46,0.47,0.53,0.54,0.01,0.01,77060.58,1777331321000
1777331323.397,223.397,0.46,0.47,0.53,0.54,0.01,0.01,77060.58,1777331321000
1777331323.892,223.892,0.46,0.47,0.53,0.54,0.01,0.01,77060.58,1777331321000
1777331324.854,224.854,0.46,0.47,0.53,0.54,0.01,0.01,77060.79,1777331323000
1777331325.688,225.688,0.46,0.47,0.53,0.54,0.01,0.01,77060.79,1777331323000
1777331326.803,226.803,0.46,0.47,0.53,0.54,0.01,0.01,77060.79,1777331324000
1777331327.467,227.467,0.46,0.47,0.53,0.54,0.01,0.01,77061.09,1777331325000
1777331327.981,227.981,0.46,0.47,0.53,0.54,0.01,0.01,77061.06,1777331326000
1777331328.606,228.606,0.46,0.47,0.53,0.54,0.01,0.01,77061.06,1777331326000
1777331329.097,229.097,0.46,0.47,0.53,0.54,0.01,0.01,77061.06,1777331327000
1777331329.436,229.436,0.45,0.46,0.53,0.54,0.01,0.01,77061.06,1777331327000
1777331329.889,229.889,0.45,0.46,0.54,0.55,0.01,0.01,77061.06,1777331327000
1777331330.235,230.235,0.25,0.26,0.74,0.75,0.01,0.01,77061.06,1777331328000
1777331330.569,230.569,0.25,0.26,0.74,0.75,0.01,0.01,77061.06,1777331328000
1777331330.915,230.915,0.25,0.26,0.74,0.75,0.01,0.01,77061.06,1777331328000
1777331331.276,231.276,0.25,0.26,0.74,0.75,0.01,0.01,77061.06,1777331329000
1777331331.614,231.614,0.24,0.25,0.75,0.76,0.01,0.01,77061.06,1777331329000
1777331332.041,232.041,0.24,0.25,0.75,0.76,0.01,0.01,77061.06,1777331329000
1777331332.41,232.41,0.24,0.25,0.75,0.76,0.01,0.01,77056.32,1777331330000
1777331332.777,232.777,0.23,0.24,0.75,0.77,0.01,0.02,77056.32,1777331330000
1777331333.123,233.123,0.23,0.24,0.76,0.77,0.01,0.01,77056.32,1777331330000
1777331333.586,233.586,0.23,0.24,0.76,0.77,0.01,0.01,77052.31,1777331331000
1777331334.12,234.12,0.23,0.24,0.76,0.77,0.01,0.01,77052.31,1777331331000
1777331334.788,234.788,0.23,0.24,0.76,0.77,0.01,0.01,77052.11,1777331332000
1777331335.22,235.22,0.23,0.24,0.76,0.77,0.01,0.01,77052.11,1777331333000
1777331335.746,235.746,0.21,0.22,0.76,0.79,0.01,0.03,77052.11,1777331333000
1777331336.257,236.257,0.22,0.24,0.76,0.77,0.02,0.01,77052.32,1777331334000
1777331336.942,236.942,0.22,0.23,0.77,0.78,0.01,0.01,77052.32,1777331335000
1777331337.673,237.673,0.22,0.23,0.77,0.78,0.01,0.01,77052.32,1777331336000
1777331338.15,238.15,0.22,0.23,0.77,0.78,0.01,0.01,77052.32,1777331337000
1777331338.49,238.49,0.22,0.23,0.77,0.78,0.01,0.01,77052.32,1777331337000
1777331339.231,239.231,0.22,0.23,0.77,0.78,0.01,0.01,77052.32,1777331337000
1777331340.282,240.282,0.22,0.23,0.77,0.78,0.01,0.01,77052.32,1777331338000
1777331340.652,240.652,0.23,0.25,0.76,0.77,0.02,0.01,77052.41,1777331339000
1777331341.058,241.058,0.24,0.25,0.75,0.76,0.01,0.01,77052.32,1777331340000
1777331341.429,241.429,0.25,0.26,0.74,0.75,0.01,0.01,77052.32,1777331340000
1777331341.808,241.808,0.24,0.25,0.75,0.76,0.01,0.01,77052.32,1777331340000
1777331342.244,242.244,0.22,0.3,0.75,0.76,0.08,0.01,77052.27,1777331341000
1777331342.635,242.635,0.22,0.24,0.77,0.78,0.02,0.01,77052.27,1777331341000
1777331342.983,242.983,0.23,0.25,0.76,0.77,0.02,0.01,77052.27,1777331341000
1777331343.341,243.341,0.24,0.25,0.75,0.76,0.01,0.01,77052.27,1777331342000
1777331343.947,243.947,0.26,0.28,0.75,0.76,0.02,0.01,77052.27,1777331342000
1777331344.292,244.292,0.24,0.27,0.73,0.76,0.03,0.03,77052.27,1777331343000
1777331344.723,244.723,0.24,0.25,0.75,0.76,0.01,0.01,77052.27,1777331343000
1777331345.253,245.253,0.24,0.25,0.75,0.76,0.01,0.01,77052.29,1777331344000
1777331345.618,245.618,0.25,0.26,0.75,0.76,0.01,0.01,77052.29,1777331344000
1777331345.952,245.952,0.21,0.22,0.78,0.79,0.01,0.01,77052.29,1777331344000
1777331346.285,246.285,0.21,0.22,0.78,0.79,0.01,0.01,77052.29,1777331344000
1777331346.737,246.737,0.22,0.23,0.78,0.79,0.01,0.01,77052.29,1777331345000
1777331347.072,247.072,0.1,0.11,0.89,0.9,0.01,0.01,77052.03,1777331346000
1777331347.46,247.46,0.1,0.11,0.89,0.9,0.01,0.01,77052.03,1777331346000
1777331347.855,247.855,0.1,0.11,0.89,0.9,0.01,0.01,77052.03,1777331346000
1777331348.227,248.227,0.1,0.11,0.89,0.9,0.01,0.01,77051.38,1777331347000
1777331348.809,248.809,0.1,0.11,0.89,0.9,0.01,0.01,77051.38,1777331347000
1777331349.166,249.166,0.1,0.11,0.89,0.9,0.01,0.01,77051.38,1777331347000
1777331349.606,249.606,0.1,0.11,0.89,0.9,0.01,0.01,77046.66,1777331348000
1777331350.007,250.007,0.09,0.1,0.89,0.91,0.01,0.02,77046.66,1777331348000
1777331350.378,250.378,0.09,0.1,0.9,0.91,0.01,0.01,77046.66,1777331348000
1777331350.86,250.86,0.09,0.1,0.9,0.91,0.01,0.01,77046.17,1777331349000
1777331351.212,251.212,0.08,0.09,0.9,0.92,0.01,0.02,77046.17,1777331350000
1777331351.697,251.697,0.08,0.09,0.91,0.92,0.01,0.01,77046.17,1777331350000
1777331352.046,252.046,0.08,0.09,0.91,0.92,0.01,0.01,77046.16,1777331351000
1777331352.478,252.478,0.08,0.09,0.91,0.92,0.01,0.01,77046.16,1777331351000
1777331352.818,252.818,0.07,0.08,0.92,0.93,0.01,0.01,77046.16,1777331351000
1777331353.291,253.291,0.07,0.08,0.92,0.93,0.01,0.01,77046.16,1777331352000
1777331353.794,253.794,0.07,0.08,0.92,0.93,0.01,0.01,77046.16,1777331352000
1777331354.18,254.18,0.06,0.07,0.93,0.94,0.01,0.01,77046.16,1777331353000
1777331354.537,254.537,0.06,0.07,0.93,0.94,0.01,0.01,77046.16,1777331353000
1777331354.912,254.912,0.06,0.07,0.93,0.94,0.01,0.01,77046.16,1777331353000
1777331355.256,255.256,0.06,0.07,0.93,0.94,0.01,0.01,77046.16,1777331353000
1777331355.604,255.604,0.06,0.07,0.93,0.94,0.01,0.01,77046.16,1777331354000
1777331356.155,256.155,0.04,0.07,0.93,0.94,0.03,0.01,77046.16,1777331354000
1777331356.491,256.491,0.04,0.05,0.95,0.96,0.01,0.01,77045.91,1777331355000
1777331356.827,256.827,0.04,0.05,0.95,0.96,0.01,0.01,77045.91,1777331355000
1777331357.395,257.395,0.03,0.04,0.96,0.97,0.01,0.01,77045.54,1777331356000
1777331357.747,257.747,0.03,0.04,0.96,0.97,0.01,0.01,77045.54,1777331356000
1777331358.243,258.243,0.03,0.04,0.96,0.97,0.01,0.01,77038.68,1777331357000
1777331358.662,258.662,0.03,0.04,0.96,0.97,0.01,0.01,77038.68,1777331357000
1777331359.084,259.084,0.03,0.04,0.96,0.97,0.01,0.01,77033.21,1777331358000
1777331359.549,259.549,0.03,0.04,0.96,0.97,0.01,0.01,77033.21,1777331358000
1777331359.898,259.898,0.03,0.04,0.96,0.97,0.01,0.01,77033.21,1777331358000
1777331360.25,260.25,0.03,0.04,0.96,0.97,0.01,0.01,77031.97,1777331359000
1777331360.597,260.597,0.03,0.04,0.96,0.97,0.01,0.01,77031.97,1777331359000
1777331361.025,261.025,0.03,0.04,0.96,0.97,0.01,0.01,77031.97,1777331359000
1777331361.407,261.407,0.03,0.04,0.96,0.97,0.01,0.01,77031.71,1777331360000
1777331361.743,261.743,0.03,0.04,0.96,0.97,0.01,0.01,77031.71,1777331360000
1777331362.134,262.134,0.02,0.03,0.96,0.98,0.01,0.02,77031.71,1777331360000
1777331362.685,262.685,0.02,0.03,0.97,0.98,0.01,0.01,77029.82,1777331361000
1777331363.064,263.064,0.03,0.04,0.96,0.98,0.01,0.02,77029.82,1777331361000
1777331363.407,263.407,0.02,0.03,0.96,0.97,0.01,0.01,77027.29,1777331362000
1777331363.746,263.746,0.02,0.03,0.97,0.98,0.01,0.01,77027.29,1777331362000
1777331364.182,264.182,0.02,0.03,0.97,0.98,0.01,0.01,77027.29,1777331362000
1777331364.621,264.621,0.02,0.03,0.97,0.98,0.01,0.01,77027.29,1777331363000
1777331365.271,265.271,0.02,0.03,0.97,0.98,0.01,0.01,77027.29,1777331363000
1777331365.638,265.638,0.02,0.03,0.97,0.98,0.01,0.01,77027.0,1777331364000
1777331366.041,266.041,0.02,0.03,0.97,0.98,0.01,0.01,77027.0,1777331364000
1777331366.962,266.962,0.02,0.03,0.97,0.98,0.01,0.01,77027.0,1777331364000
1777331367.317,267.317,0.02,0.03,0.97,0.98,0.01,0.01,77023.95,1777331366000
1777331367.654,267.654,0.02,0.03,0.97,0.98,0.01,0.01,77023.95,1777331366000
1777331368.006,268.006,0.02,0.03,0.97,0.98,0.01,0.01,77023.95,1777331366000
1777331368.498,268.498,0.02,0.03,0.97,0.98,0.01,0.01,77023.27,1777331367000
1777331368.852,268.852,0.02,0.03,0.97,0.98,0.01,0.01,77023.27,1777331367000
1777331369.205,269.205,0.02,0.03,0.97,0.98,0.01,0.01,77023.02,1777331368000
1777331369.679,269.679,0.02,0.03,0.97,0.98,0.01,0.01,77023.02,1777331368000
1777331370.061,270.061,0.02,0.03,0.97,0.98,0.01,0.01,77023.02,1777331368000
1777331370.403,270.403,0.03,0.04,0.97,0.98,0.01,0.01,77021.95,1777331369000
1777331370.748,270.748,0.03,0.04,0.96,0.97,0.01,0.01,77021.95,1777331369000
1777331371.082,271.082,0.03,0.04,0.96,0.97,0.01,0.01,77021.95,1777331369000
1777331371.476,271.476,0.03,0.04,0.96,0.97,0.01,0.01,77019.92,1777331370000
1777331371.841,271.841,0.03,0.04,0.96,0.97,0.01,0.01,77019.92,1777331370000
1777331372.185,272.185,0.03,0.04,0.96,0.97,0.01,0.01,77019.92,1777331371000
1777331372.522,272.522,0.03,0.04,0.96,0.97,0.01,0.01,77019.92,1777331371000
1777331372.91,272.91,0.03,0.04,0.96,0.97,0.01,0.01,77019.92,1777331371000
1777331373.262,273.262,0.03,0.04,0.96,0.97,0.01,0.01,77017.66,1777331372000
1777331373.61,273.61,0.03,0.04,0.96,0.97,0.01,0.01,77017.66,1777331372000
1777331373.98,273.98,0.03,0.04,0.96,0.97,0.01,0.01,77017.66,1777331372000
1777331374.352,274.352,0.03,0.04,0.96,0.97,0.01,0.01,77018.41,1777331373000
1777331374.724,274.724,0.03,0.04,0.96,0.97,0.01,0.01,77018.41,1777331373000
1777331375.138,275.138,0.02,0.03,0.97,0.98,0.01,0.01,77018.56,1777331374000
1777331375.475,275.475,0.02,0.03,0.96,0.98,0.01,0.02,77018.56,1777331374000
1777331375.864,275.864,0.02,0.03,0.97,0.98,0.01,0.01,77018.56,1777331374000
1777331376.557,276.557,0.02,0.03,0.97,0.98,0.01,0.01,77019.23,1777331375000
1777331376.91,276.91,0.02,0.03,0.97,0.98,0.01,0.01,77019.23,1777331375000
1777331377.369,277.369,0.02,0.03,0.97,0.98,0.01,0.01,77019.23,1777331375000
1777331377.958,277.958,0.01,0.03,0.97,0.99,0.02,0.02,77017.47,1777331377000
1777331378.565,278.565,0.01,0.02,0.98,0.99,0.01,0.01,77017.47,1777331377000
1777331378.91,278.91,0.01,0.02,0.98,0.99,0.01,0.01,77017.47,1777331377000
1777331379.459,279.459,0.01,0.02,0.97,0.99,0.01,0.02,77017.47,1777331377000
1777331379.796,279.796,0.01,0.02,0.98,0.99,0.01,0.01,77015.19,1777331378000
1777331380.197,280.197,0.01,0.02,0.98,0.99,0.01,0.01,77017.44,1777331379000
1777331380.583,280.583,0.01,0.02,0.98,0.99,0.01,0.01,77017.44,1777331379000
1777331380.931,280.931,0.01,0.02,0.98,0.99,0.01,0.01,77017.42,1777331380000
1777331381.38,281.38,0.01,0.02,0.98,0.99,0.01,0.01,77017.42,1777331380000
1777331381.724,281.724,0.01,0.02,0.98,0.99,0.01,0.01,77017.42,1777331380000
1777331382.078,282.078,0.01,0.02,0.98,0.99,0.01,0.01,77015.44,1777331381000
1777331382.701,282.701,0.01,0.02,0.98,0.99,0.01,0.01,77015.44,1777331381000
1777331383.271,283.271,0.01,0.02,0.98,0.99,0.01,0.01,77010.41,1777331382000
1777331383.729,283.729,0.01,0.02,0.98,0.99,0.01,0.01,77010.41,1777331382000
1777331384.132,284.132,0.01,0.02,0.98,0.99,0.01,0.01,77010.41,1777331382000
1777331384.481,284.481,0.01,0.02,0.98,0.99,0.01,0.01,77007.95,1777331383000
1777331384.836,284.836,0.01,0.02,0.98,0.99,0.01,0.01,77007.95,1777331383000
1777331385.602,285.602,0.01,0.02,0.98,0.99,0.01,0.01,77009.81,1777331384000
1777331385.935,285.935,0.01,0.02,0.98,0.99,0.01,0.01,77014.6,1777331385000
1777331386.41,286.41,0.01,0.02,0.98,0.99,0.01,0.01,77014.6,1777331385000
1777331386.907,286.907,0.01,0.02,0.98,0.99,0.01,0.01,77014.6,1777331386000
1777331387.361,287.361,0.01,0.02,0.98,0.99,0.01,0.01,77014.6,1777331386000
1777331387.926,287.926,0.01,0.02,0.98,0.99,0.01,0.01,77014.6,1777331386000
1777331388.477,288.477,0.01,0.02,0.98,0.99,0.01,0.01,77015.14,1777331387000
1777331388.881,288.881,0.01,0.02,0.98,0.99,0.01,0.01,77015.14,1777331388000
1777331389.232,289.232,0.01,0.02,0.98,0.99,0.01,0.01,77015.14,1777331388000
1777331389.664,289.664,0.01,0.02,0.98,0.99,0.01,0.01,77015.14,1777331388000
1777331390.212,290.212,0.01,0.02,0.98,0.99,0.01,0.01,77015.13,1777331389000
1777331390.598,290.598,0.01,0.01,0.98,0.99,0.0,0.01,77015.13,1777331389000
1777331390.938,290.938,0.01,0.01,0.69,0.99,0.0,0.3,77015.13,1777331389000
1777331391.315,291.315,0.02,0.03,0.64,0.99,0.01,0.35,77015.13,1777331390000
1777331391.648,291.648,0.02,0.95,0.3,0.98,0.93,0.68,77015.13,1777331390000
1777331391.986,291.986,0.02,0.98,0.02,0.98,0.96,0.96,77015.13,1777331390000
1777331392.323,292.323,0.01,0.99,0.99,0.99,0.98,0.0,77015.13,1777331390000
1777331392.665,292.665,0.59,0.73,0.24,0.46,0.14,0.22,77015.13,1777331391000
1777331392.999,292.999,0.2,0.89,0.11,0.8,0.69,0.69,77015.13,1777331391000
1777331393.406,293.406,0.07,0.01,0.99,0.93,-0.06,-0.06,77015.12,1777331392000
1777331393.76,293.76,0.7,0.75,0.25,0.18,0.05,-0.07,77015.12,1777331392000
1777331394.113,294.113,0.01,0.01,0.95,0.99,0.0,0.04,77015.13,1777331393000
1777331394.849,294.849,0.01,0.01,0.99,0.99,0.0,0.0,77015.13,1777331393000
1777331395.351,295.351,0.01,0.01,0.99,0.99,0.0,0.0,77015.13,1777331394000
1777331395.704,295.704,0.01,0.01,0.99,0.99,0.0,0.0,77015.13,1777331394000
1777331396.463,296.463,0.01,0.01,0.99,0.99,0.0,0.0,77015.74,1777331395000
1777331397.169,297.169,0.01,0.01,0.99,0.99,0.0,0.0,77015.74,1777331396000
1777331397.897,297.897,0.01,0.01,0.99,0.99,0.0,0.0,77015.74,1777331396000
1777331398.369,298.369,0.01,0.01,0.99,0.99,0.0,0.0,77015.82,1777331397000
1777331398.882,298.882,0.01,0.01,0.99,0.99,0.0,0.0,77015.82,1777331397000
1777331399.325,299.325,0.01,0.01,0.99,0.99,0.0,0.0,77015.82,1777331397000
1777331400.103,300.103,0.01,0.01,0.99,0.99,0.0,0.0,77015.8,1777331399000
1777331400.752,300.752,0.01,0.01,0.99,0.99,0.0,0.0,77015.8,1777331399000
1777331401.297,301.297,0.01,0.01,0.99,0.99,0.0,0.0,77017.37,1777331400000
1777331402.612,302.612,0.01,0.01,0.99,0.99,0.0,0.0,77015.16,1777331401000
1777331402.972,302.972,0.01,0.01,0.99,0.99,0.0,0.0,77015.16,1777331402000

# RESULT,winner=Down,slug=btc-updown-5m-1777331100,ticks=588
