timestamp,elapsed_sec,up_bid,up_ask,down_bid,down_ask,up_spread,down_spread,btc_price,btc_oracle_ts
1777338900.52,0.52,0.54,0.55,0.45,0.46,0.01,0.01,77345.81,1777338899000
1777338900.963,0.963,0.54,0.55,0.45,0.46,0.01,0.01,77345.81,1777338899000
1777338901.298,1.298,0.55,0.57,0.43,0.44,0.02,0.01,77345.81,1777338899000
1777338901.769,1.769,0.51,0.52,0.48,0.49,0.01,0.01,77345.57,1777338900000
1777338902.347,2.347,0.51,0.52,0.48,0.49,0.01,0.01,77345.57,1777338900000
1777338902.68,2.68,0.51,0.52,0.48,0.49,0.01,0.01,77345.79,1777338901000
1777338903.522,3.522,0.51,0.52,0.48,0.49,0.01,0.01,77345.79,1777338901000
1777338903.893,3.893,0.51,0.52,0.48,0.49,0.01,0.01,77345.63,1777338902000
1777338904.415,4.415,0.51,0.52,0.48,0.49,0.01,0.01,77345.63,1777338902000
1777338905.086,5.086,0.51,0.52,0.48,0.49,0.01,0.01,77345.65,1777338903000
1777338905.446,5.446,0.5,0.52,0.48,0.49,0.02,0.01,77345.65,1777338903000
1777338905.784,5.784,0.5,0.52,0.48,0.5,0.02,0.02,77345.65,1777338903000
1777338906.176,6.176,0.45,0.47,0.53,0.55,0.02,0.02,77345.58,1777338904000
1777338906.665,6.665,0.45,0.46,0.54,0.55,0.01,0.01,77345.58,1777338904000
1777338907.0,7.0,0.46,0.47,0.53,0.55,0.01,0.02,77345.59,1777338905000
1777338907.48,7.48,0.46,0.48,0.52,0.54,0.02,0.02,77339.47,1777338906000
1777338907.939,7.939,0.47,0.48,0.52,0.53,0.01,0.01,77339.47,1777338906000
1777338908.303,8.303,0.47,0.48,0.52,0.53,0.01,0.01,77339.47,1777338906000
1777338908.657,8.657,0.47,0.48,0.52,0.53,0.01,0.01,77338.11,1777338907000
1777338909.007,9.007,0.46,0.47,0.52,0.53,0.01,0.01,77338.11,1777338907000
1777338909.38,9.38,0.46,0.47,0.53,0.54,0.01,0.01,77339.68,1777338908000
1777338910.241,10.241,0.46,0.47,0.53,0.54,0.01,0.01,77339.68,1777338908000
1777338911.771,11.771,0.46,0.47,0.53,0.54,0.01,0.01,77340.29,1777338909000
1777338912.415,12.415,0.46,0.47,0.53,0.54,0.01,0.01,77339.62,1777338910000
1777338913.155,13.155,0.46,0.47,0.53,0.54,0.01,0.01,77340.14,1777338911000
1777338913.933,13.933,0.46,0.47,0.53,0.54,0.01,0.01,77340.2,1777338912000
1777338914.348,14.348,0.46,0.47,0.53,0.54,0.01,0.01,77340.2,1777338912000
1777338914.861,14.861,0.46,0.47,0.53,0.54,0.01,0.01,77340.2,1777338912000
1777338915.371,15.371,0.45,0.47,0.53,0.54,0.02,0.01,77339.02,1777338913000
1777338915.807,15.807,0.45,0.46,0.54,0.55,0.01,0.01,77339.55,1777338914000
1777338916.517,16.517,0.45,0.46,0.54,0.55,0.01,0.01,77339.55,1777338914000
1777338916.852,16.852,0.45,0.46,0.54,0.55,0.01,0.01,77340.08,1777338915000
1777338917.201,17.201,0.44,0.46,0.54,0.56,0.02,0.02,77339.96,1777338916000
1777338917.668,17.668,0.44,0.45,0.55,0.56,0.01,0.01,77339.96,1777338916000
1777338918.461,18.461,0.44,0.45,0.55,0.56,0.01,0.01,77339.06,1777338917000
1777338918.942,18.942,0.44,0.45,0.55,0.56,0.01,0.01,77339.06,1777338917000
1777338919.284,19.284,0.4,0.41,0.58,0.6,0.01,0.02,77339.06,1777338917000
1777338919.63,19.63,0.4,0.41,0.59,0.6,0.01,0.01,77339.23,1777338918000
1777338920.095,20.095,0.4,0.41,0.59,0.6,0.01,0.01,77339.23,1777338918000
1777338920.745,20.745,0.4,0.41,0.59,0.6,0.01,0.01,77339.23,1777338918000
1777338921.147,21.147,0.4,0.41,0.59,0.6,0.01,0.01,77336.48,1777338919000
1777338922.012,22.012,0.4,0.41,0.59,0.6,0.01,0.01,77334.65,1777338920000
1777338922.559,22.559,0.4,0.41,0.59,0.6,0.01,0.01,77333.37,1777338921000
1777338923.914,23.914,0.4,0.41,0.59,0.6,0.01,0.01,77332.93,1777338922000
1777338924.686,24.686,0.39,0.41,0.59,0.6,0.02,0.01,77332.93,1777338922000
1777338925.26,25.26,0.39,0.4,0.59,0.61,0.01,0.02,77333.0,1777338923000
1777338925.936,25.936,0.4,0.41,0.59,0.6,0.01,0.01,77332.89,1777338924000
1777338926.311,26.311,0.41,0.42,0.59,0.6,0.01,0.01,77332.89,1777338924000
1777338926.646,26.646,0.41,0.43,0.57,0.59,0.02,0.02,77333.15,1777338925000
1777338927.385,27.385,0.44,0.45,0.55,0.57,0.01,0.02,77333.33,1777338926000
1777338928.042,28.042,0.44,0.45,0.55,0.56,0.01,0.01,77333.33,1777338926000
1777338928.396,28.396,0.44,0.45,0.55,0.56,0.01,0.01,77336.44,1777338927000
1777338928.779,28.779,0.42,0.45,0.55,0.56,0.03,0.01,77336.44,1777338927000
1777338929.175,29.175,0.4,0.41,0.59,0.6,0.01,0.01,77336.44,1777338927000
1777338929.731,29.731,0.39,0.4,0.59,0.61,0.01,0.02,77335.3,1777338928000
1777338930.093,30.093,0.39,0.4,0.6,0.61,0.01,0.01,77335.3,1777338928000
1777338930.453,30.453,0.39,0.4,0.6,0.61,0.01,0.01,77333.4,1777338929000
1777338930.981,30.981,0.38,0.4,0.6,0.61,0.02,0.01,77333.4,1777338929000
1777338931.314,31.314,0.38,0.39,0.61,0.62,0.01,0.01,77333.4,1777338930000
1777338931.706,31.706,0.38,0.39,0.61,0.62,0.01,0.01,77333.4,1777338930000
1777338932.176,32.176,0.38,0.4,0.6,0.62,0.02,0.02,77332.86,1777338931000
1777338932.534,32.534,0.39,0.4,0.6,0.61,0.01,0.01,77332.86,1777338931000
1777338932.995,32.995,0.38,0.4,0.6,0.61,0.02,0.01,77332.86,1777338931000
1777338933.438,33.438,0.38,0.39,0.61,0.62,0.01,0.01,77333.33,1777338932000
1777338933.931,33.931,0.37,0.38,0.62,0.63,0.01,0.01,77333.33,1777338932000
1777338934.358,34.358,0.37,0.38,0.62,0.63,0.01,0.01,77332.66,1777338933000
1777338934.768,34.768,0.36,0.37,0.62,0.64,0.01,0.02,77332.66,1777338933000
1777338935.254,35.254,0.36,0.37,0.63,0.64,0.01,0.01,77332.64,1777338934000
1777338935.709,35.709,0.36,0.37,0.63,0.64,0.01,0.01,77332.64,1777338934000
1777338936.092,36.092,0.36,0.37,0.63,0.64,0.01,0.01,77332.64,1777338934000
1777338936.612,36.612,0.36,0.37,0.63,0.64,0.01,0.01,77332.65,1777338935000
1777338937.155,37.155,0.34,0.35,0.65,0.66,0.01,0.01,77332.65,1777338935000
1777338937.579,37.579,0.34,0.35,0.65,0.66,0.01,0.01,77332.65,1777338935000
1777338938.059,38.059,0.33,0.34,0.66,0.67,0.01,0.01,77329.35,1777338936000
1777338938.667,38.667,0.33,0.34,0.66,0.67,0.01,0.01,77328.05,1777338937000
1777338939.141,39.141,0.31,0.34,0.66,0.67,0.03,0.01,77328.05,1777338937000
1777338939.541,39.541,0.3,0.31,0.69,0.7,0.01,0.01,77327.56,1777338938000
1777338940.092,40.092,0.3,0.31,0.69,0.7,0.01,0.01,77327.56,1777338938000
1777338940.445,40.445,0.3,0.31,0.69,0.7,0.01,0.01,77326.11,1777338939000
1777338940.893,40.893,0.3,0.31,0.69,0.7,0.01,0.01,77322.51,1777338940000
1777338941.54,41.54,0.3,0.31,0.69,0.7,0.01,0.01,77322.51,1777338940000
1777338941.875,41.875,0.3,0.31,0.69,0.7,0.01,0.01,77322.0,1777338941000
1777338942.372,42.372,0.3,0.31,0.69,0.7,0.01,0.01,77322.0,1777338941000
1777338942.725,42.725,0.3,0.31,0.69,0.7,0.01,0.01,77322.0,1777338941000
1777338943.183,43.183,0.3,0.31,0.69,0.7,0.01,0.01,77319.75,1777338942000
1777338943.551,43.551,0.3,0.31,0.69,0.7,0.01,0.01,77319.75,1777338942000
1777338943.983,43.983,0.3,0.31,0.69,0.7,0.01,0.01,77321.72,1777338943000
1777338944.418,44.418,0.3,0.31,0.69,0.7,0.01,0.01,77321.72,1777338943000
1777338944.844,44.844,0.3,0.31,0.69,0.7,0.01,0.01,77321.72,1777338943000
1777338945.22,45.22,0.3,0.31,0.69,0.7,0.01,0.01,77321.73,1777338944000
1777338945.658,45.658,0.29,0.3,0.69,0.71,0.01,0.02,77321.73,1777338944000
1777338946.04,46.04,0.29,0.3,0.7,0.71,0.01,0.01,77321.73,1777338944000
1777338946.659,46.659,0.29,0.3,0.7,0.71,0.01,0.01,77321.15,1777338945000
1777338947.031,47.031,0.29,0.3,0.7,0.71,0.01,0.01,77321.15,1777338945000
1777338947.48,47.48,0.33,0.34,0.67,0.68,0.01,0.01,77321.15,1777338946000
1777338947.871,47.871,0.33,0.34,0.66,0.67,0.01,0.01,77321.15,1777338946000
1777338948.209,48.209,0.33,0.34,0.66,0.67,0.01,0.01,77321.79,1777338947000
1777338948.73,48.73,0.33,0.34,0.66,0.67,0.01,0.01,77321.79,1777338947000
1777338949.264,49.264,0.33,0.34,0.66,0.67,0.01,0.01,77324.18,1777338948000
1777338949.657,49.657,0.33,0.34,0.66,0.67,0.01,0.01,77324.18,1777338948000
1777338950.19,50.19,0.39,0.4,0.6,0.61,0.01,0.01,77324.18,1777338948000
1777338950.868,50.868,0.39,0.4,0.6,0.61,0.01,0.01,77324.36,1777338949000
1777338951.308,51.308,0.43,0.44,0.56,0.58,0.01,0.02,77324.36,1777338949000
1777338951.659,51.659,0.43,0.44,0.56,0.57,0.01,0.01,77327.18,1777338950000
1777338952.108,52.108,0.43,0.44,0.56,0.57,0.01,0.01,77327.18,1777338950000
1777338952.459,52.459,0.43,0.44,0.56,0.57,0.01,0.01,77327.18,1777338950000
1777338952.805,52.805,0.43,0.44,0.56,0.57,0.01,0.01,77327.18,1777338950000
1777338953.204,53.204,0.43,0.44,0.56,0.57,0.01,0.01,77332.23,1777338952000
1777338953.59,53.59,0.43,0.44,0.56,0.57,0.01,0.01,77332.23,1777338952000
1777338953.935,53.935,0.43,0.44,0.56,0.57,0.01,0.01,77332.23,1777338952000
1777338954.302,54.302,0.43,0.44,0.56,0.57,0.01,0.01,77336.69,1777338953000
1777338954.702,54.702,0.43,0.44,0.56,0.57,0.01,0.01,77336.69,1777338953000
1777338955.048,55.048,0.43,0.44,0.56,0.57,0.01,0.01,77336.69,1777338953000
1777338955.382,55.382,0.43,0.44,0.56,0.57,0.01,0.01,77336.69,1777338953000
1777338955.976,55.976,0.43,0.44,0.56,0.57,0.01,0.01,77336.79,1777338955000
1777338956.313,56.313,0.43,0.44,0.56,0.57,0.01,0.01,77336.79,1777338955000
1777338956.918,56.918,0.43,0.44,0.56,0.57,0.01,0.01,77336.79,1777338955000
1777338957.495,57.495,0.43,0.44,0.56,0.57,0.01,0.01,77336.84,1777338956000
1777338957.966,57.966,0.43,0.44,0.56,0.57,0.01,0.01,77336.84,1777338956000
1777338958.313,58.313,0.43,0.44,0.56,0.57,0.01,0.01,77336.84,1777338956000
1777338958.966,58.966,0.43,0.44,0.56,0.57,0.01,0.01,77337.02,1777338958000
1777338959.317,59.317,0.42,0.44,0.56,0.57,0.02,0.01,77337.02,1777338958000
1777338959.721,59.721,0.42,0.43,0.56,0.58,0.01,0.02,77337.02,1777338958000
1777338960.155,60.155,0.42,0.43,0.57,0.58,0.01,0.01,77337.02,1777338958000
1777338960.606,60.606,0.42,0.43,0.57,0.58,0.01,0.01,77336.96,1777338959000
1777338961.021,61.021,0.42,0.43,0.57,0.58,0.01,0.01,77336.96,1777338959000
1777338961.383,61.383,0.42,0.44,0.56,0.58,0.02,0.02,77336.75,1777338960000
1777338961.886,61.886,0.43,0.45,0.56,0.57,0.02,0.01,77336.75,1777338960000
1777338962.34,62.34,0.44,0.45,0.55,0.56,0.01,0.01,77336.75,1777338960000
1777338962.74,62.74,0.44,0.45,0.55,0.56,0.01,0.01,77337.52,1777338961000
1777338963.14,63.14,0.44,0.45,0.55,0.56,0.01,0.01,77337.52,1777338962000
1777338963.617,63.617,0.44,0.45,0.55,0.56,0.01,0.01,77337.52,1777338962000
1777338964.151,64.151,0.44,0.45,0.55,0.56,0.01,0.01,77337.52,1777338962000
1777338964.521,64.521,0.44,0.45,0.55,0.56,0.01,0.01,77338.18,1777338963000
1777338965.177,65.177,0.46,0.47,0.51,0.56,0.01,0.05,77338.18,1777338963000
1777338965.647,65.647,0.46,0.47,0.53,0.54,0.01,0.01,77338.67,1777338964000
1777338965.994,65.994,0.46,0.47,0.53,0.54,0.01,0.01,77338.67,1777338964000
1777338966.742,66.742,0.44,0.47,0.53,0.54,0.03,0.01,77338.73,1777338965000
1777338967.402,67.402,0.45,0.46,0.54,0.55,0.01,0.01,77338.73,1777338965000
1777338967.781,67.781,0.45,0.46,0.54,0.55,0.01,0.01,77338.81,1777338966000
1777338968.134,68.134,0.45,0.46,0.54,0.55,0.01,0.01,77338.81,1777338966000
1777338968.631,68.631,0.45,0.46,0.54,0.55,0.01,0.01,77338.81,1777338967000
1777338969.084,69.084,0.45,0.46,0.54,0.55,0.01,0.01,77338.81,1777338967000
1777338969.61,69.61,0.44,0.46,0.54,0.55,0.02,0.01,77336.78,1777338968000
1777338970.217,70.217,0.44,0.45,0.55,0.56,0.01,0.01,77336.78,1777338968000
1777338970.899,70.899,0.44,0.45,0.55,0.56,0.01,0.01,77337.31,1777338969000
1777338971.554,71.554,0.44,0.45,0.55,0.56,0.01,0.01,77337.31,1777338969000
1777338972.045,72.045,0.43,0.45,0.55,0.57,0.02,0.02,77338.61,1777338970000
1777338972.412,72.412,0.43,0.44,0.55,0.57,0.01,0.02,77338.37,1777338971000
1777338972.958,72.958,0.43,0.44,0.56,0.57,0.01,0.01,77338.37,1777338971000
1777338973.957,73.957,0.43,0.44,0.56,0.57,0.01,0.01,77338.7,1777338972000
1777338974.291,74.291,0.43,0.44,0.56,0.57,0.01,0.01,77338.7,1777338972000
1777338974.777,74.777,0.44,0.45,0.55,0.57,0.01,0.02,77338.73,1777338973000
1777338975.388,75.388,0.44,0.45,0.55,0.56,0.01,0.01,77338.69,1777338974000
1777338976.477,76.477,0.44,0.45,0.55,0.56,0.01,0.01,77338.73,1777338975000
1777338976.965,76.965,0.44,0.45,0.55,0.56,0.01,0.01,77338.08,1777338976000
1777338977.421,77.421,0.44,0.45,0.55,0.56,0.01,0.01,77338.08,1777338976000
1777338977.888,77.888,0.44,0.45,0.55,0.56,0.01,0.01,77338.08,1777338976000
1777338978.752,78.752,0.44,0.45,0.55,0.56,0.01,0.01,77338.28,1777338977000
1777338979.136,79.136,0.44,0.46,0.55,0.56,0.02,0.01,77338.28,1777338977000
1777338979.53,79.53,0.45,0.46,0.54,0.55,0.01,0.01,77339.39,1777338978000
1777338980.199,80.199,0.45,0.46,0.54,0.55,0.01,0.01,77339.39,1777338978000
1777338980.784,80.784,0.45,0.46,0.54,0.55,0.01,0.01,77339.29,1777338979000
1777338981.219,81.219,0.45,0.46,0.54,0.55,0.01,0.01,77339.29,1777338979000
1777338981.578,81.578,0.45,0.46,0.54,0.55,0.01,0.01,77337.65,1777338980000
1777338982.03,82.03,0.45,0.46,0.54,0.55,0.01,0.01,77337.65,1777338981000
1777338982.866,82.866,0.45,0.46,0.54,0.55,0.01,0.01,77337.65,1777338981000
1777338983.611,83.611,0.45,0.46,0.54,0.55,0.01,0.01,77339.23,1777338982000
1777338984.022,84.022,0.45,0.46,0.54,0.55,0.01,0.01,77339.23,1777338982000
1777338984.426,84.426,0.45,0.46,0.54,0.55,0.01,0.01,77339.23,1777338982000
1777338984.943,84.943,0.45,0.46,0.54,0.55,0.01,0.01,77339.35,1777338983000
1777338986.351,86.351,0.45,0.46,0.54,0.55,0.01,0.01,77339.72,1777338984000
1777338986.95,86.95,0.45,0.46,0.54,0.55,0.01,0.01,77339.62,1777338985000
1777338987.744,87.744,0.45,0.46,0.54,0.55,0.01,0.01,77339.52,1777338986000
1777338988.245,88.245,0.44,0.45,0.54,0.56,0.01,0.02,77339.52,1777338986000
1777338988.904,88.904,0.44,0.45,0.55,0.56,0.01,0.01,77339.52,1777338987000
1777338989.462,89.462,0.44,0.45,0.55,0.56,0.01,0.01,77339.52,1777338987000
1777338990.351,90.351,0.44,0.45,0.55,0.56,0.01,0.01,77336.87,1777338989000
1777338990.725,90.725,0.44,0.45,0.55,0.56,0.01,0.01,77336.87,1777338989000
1777338991.209,91.209,0.44,0.45,0.55,0.56,0.01,0.01,77336.87,1777338989000
1777338991.704,91.704,0.44,0.45,0.55,0.56,0.01,0.01,77336.73,1777338990000
1777338992.278,92.278,0.44,0.45,0.55,0.56,0.01,0.01,77336.73,1777338990000
1777338992.762,92.762,0.44,0.45,0.55,0.56,0.01,0.01,77335.74,1777338991000
1777338993.121,93.121,0.44,0.45,0.55,0.56,0.01,0.01,77335.74,1777338991000
1777338993.617,93.617,0.44,0.45,0.55,0.56,0.01,0.01,77335.73,1777338992000
1777338993.975,93.975,0.43,0.44,0.56,0.57,0.01,0.01,77335.73,1777338992000
1777338994.85,94.85,0.43,0.44,0.56,0.57,0.01,0.01,77335.73,1777338993000
1777338995.369,95.369,0.43,0.44,0.56,0.57,0.01,0.01,77333.84,1777338994000
1777338995.825,95.825,0.32,0.35,0.64,0.66,0.03,0.02,77333.84,1777338994000
1777338996.163,96.163,0.3,0.33,0.67,0.7,0.03,0.03,77333.76,1777338995000
1777338996.513,96.513,0.29,0.3,0.7,0.71,0.01,0.01,77333.76,1777338995000
1777338996.898,96.898,0.28,0.29,0.71,0.72,0.01,0.01,77333.76,1777338995000
1777338997.431,97.431,0.28,0.29,0.71,0.72,0.01,0.01,77333.76,1777338995000
1777338997.833,97.833,0.26,0.27,0.73,0.74,0.01,0.01,77330.41,1777338996000
1777338998.53,98.53,0.26,0.27,0.73,0.74,0.01,0.01,77327.74,1777338997000
1777338998.967,98.967,0.26,0.27,0.73,0.74,0.01,0.01,77327.74,1777338997000
1777338999.323,99.323,0.26,0.27,0.73,0.74,0.01,0.01,77327.22,1777338998000
1777338999.672,99.672,0.26,0.27,0.73,0.74,0.01,0.01,77327.22,1777338998000
1777339000.268,100.268,0.28,0.32,0.71,0.72,0.04,0.01,77327.22,1777338998000
1777339000.603,100.603,0.37,0.38,0.62,0.63,0.01,0.01,77326.43,1777338999000
1777339001.108,101.108,0.34,0.37,0.62,0.63,0.03,0.01,77326.19,1777339000000
1777339001.455,101.455,0.33,0.35,0.65,0.66,0.02,0.01,77326.19,1777339000000
1777339001.853,101.853,0.32,0.33,0.66,0.68,0.01,0.02,77326.19,1777339000000
1777339002.245,102.245,0.32,0.33,0.67,0.68,0.01,0.01,77326.19,1777339001000
1777339003.009,103.009,0.32,0.33,0.67,0.68,0.01,0.01,77326.19,1777339001000
1777339003.37,103.37,0.32,0.33,0.67,0.68,0.01,0.01,77326.19,1777339001000
1777339003.894,103.894,0.32,0.33,0.67,0.68,0.01,0.01,77326.08,1777339002000
1777339004.327,104.327,0.32,0.33,0.67,0.68,0.01,0.01,77326.08,1777339002000
1777339004.741,104.741,0.36,0.37,0.63,0.64,0.01,0.01,77325.32,1777339003000
1777339005.181,105.181,0.39,0.4,0.6,0.61,0.01,0.01,77325.72,1777339004000
1777339005.588,105.588,0.39,0.41,0.6,0.61,0.02,0.01,77325.72,1777339004000
1777339006.104,106.104,0.45,0.46,0.54,0.55,0.01,0.01,77328.06,1777339005000
1777339006.437,106.437,0.45,0.46,0.54,0.55,0.01,0.01,77328.06,1777339005000
1777339006.811,106.811,0.45,0.46,0.54,0.55,0.01,0.01,77328.06,1777339005000
1777339007.247,107.247,0.45,0.46,0.54,0.55,0.01,0.01,77331.33,1777339006000
1777339007.702,107.702,0.45,0.46,0.54,0.55,0.01,0.01,77331.33,1777339006000
1777339008.22,108.22,0.45,0.46,0.54,0.55,0.01,0.01,77331.33,1777339006000
1777339008.747,108.747,0.45,0.46,0.54,0.55,0.01,0.01,77336.07,1777339007000
1777339009.574,109.574,0.45,0.46,0.54,0.55,0.01,0.01,77336.05,1777339008000
1777339010.011,110.011,0.47,0.5,0.49,0.55,0.03,0.06,77336.05,1777339008000
1777339010.539,110.539,0.51,0.52,0.48,0.5,0.01,0.02,77336.05,1777339009000
1777339011.117,111.117,0.51,0.52,0.48,0.49,0.01,0.01,77336.05,1777339009000
1777339011.541,111.541,0.51,0.52,0.48,0.49,0.01,0.01,77338.84,1777339010000
1777339011.97,111.97,0.51,0.52,0.48,0.49,0.01,0.01,77339.46,1777339011000
1777339012.564,112.564,0.51,0.52,0.48,0.49,0.01,0.01,77339.46,1777339011000
1777339013.139,113.139,0.51,0.52,0.48,0.49,0.01,0.01,77339.46,1777339011000
1777339013.732,113.732,0.51,0.52,0.48,0.49,0.01,0.01,77340.9,1777339012000
1777339014.301,114.301,0.51,0.52,0.48,0.49,0.01,0.01,77341.01,1777339013000
1777339014.789,114.789,0.51,0.52,0.48,0.49,0.01,0.01,77341.01,1777339013000
1777339015.312,115.312,0.51,0.52,0.48,0.49,0.01,0.01,77341.01,1777339013000
1777339016.182,116.182,0.51,0.52,0.48,0.49,0.01,0.01,77341.02,1777339014000
1777339016.522,116.522,0.51,0.52,0.48,0.49,0.01,0.01,77340.95,1777339015000
1777339017.305,117.305,0.51,0.52,0.48,0.49,0.01,0.01,77340.95,1777339015000
1777339017.757,117.757,0.51,0.52,0.48,0.49,0.01,0.01,77340.95,1777339015000
1777339018.388,118.388,0.51,0.52,0.48,0.49,0.01,0.01,77341.37,1777339017000
1777339019.046,119.046,0.5,0.52,0.48,0.5,0.02,0.02,77342.21,1777339018000
1777339019.387,119.387,0.5,0.51,0.49,0.5,0.01,0.01,77342.21,1777339018000
1777339019.739,119.739,0.5,0.51,0.49,0.5,0.01,0.01,77342.21,1777339018000
1777339020.154,120.154,0.5,0.51,0.49,0.5,0.01,0.01,77342.21,1777339018000
1777339020.603,120.603,0.5,0.51,0.49,0.5,0.01,0.01,77342.25,1777339019000
1777339021.088,121.088,0.5,0.51,0.49,0.5,0.01,0.01,77342.25,1777339019000
1777339021.495,121.495,0.5,0.51,0.49,0.5,0.01,0.01,77342.2,1777339020000
1777339021.832,121.832,0.5,0.52,0.49,0.5,0.02,0.01,77342.2,1777339020000
1777339022.325,122.325,0.51,0.52,0.48,0.5,0.01,0.02,77342.2,1777339020000
1777339022.997,122.997,0.51,0.52,0.48,0.49,0.01,0.01,77341.83,1777339021000
1777339023.952,123.952,0.51,0.52,0.48,0.49,0.01,0.01,77341.94,1777339022000
1777339024.401,124.401,0.51,0.52,0.48,0.49,0.01,0.01,77342.32,1777339023000
1777339024.747,124.747,0.51,0.52,0.48,0.49,0.01,0.01,77342.32,1777339023000
1777339025.232,125.232,0.51,0.52,0.48,0.49,0.01,0.01,77342.98,1777339024000
1777339025.754,125.754,0.51,0.52,0.48,0.49,0.01,0.01,77342.98,1777339024000
1777339026.095,126.095,0.5,0.51,0.48,0.5,0.01,0.02,77342.98,1777339024000
1777339026.764,126.764,0.5,0.51,0.49,0.5,0.01,0.01,77342.5,1777339025000
1777339027.638,127.638,0.5,0.51,0.49,0.5,0.01,0.01,77342.5,1777339026000
1777339028.29,128.29,0.5,0.51,0.49,0.5,0.01,0.01,77342.92,1777339027000
1777339029.361,129.361,0.5,0.51,0.49,0.5,0.01,0.01,77342.92,1777339027000
1777339029.891,129.891,0.5,0.51,0.49,0.5,0.01,0.01,77342.92,1777339028000
1777339030.415,130.415,0.5,0.51,0.49,0.5,0.01,0.01,77342.93,1777339029000
1777339030.759,130.759,0.5,0.51,0.49,0.5,0.01,0.01,77342.93,1777339029000
1777339031.198,131.198,0.5,0.51,0.49,0.5,0.01,0.01,77342.93,1777339029000
1777339031.556,131.556,0.5,0.51,0.49,0.5,0.01,0.01,77343.0,1777339030000
1777339031.908,131.908,0.5,0.51,0.49,0.5,0.01,0.01,77343.0,1777339030000
1777339032.333,132.333,0.5,0.51,0.49,0.5,0.01,0.01,77343.01,1777339031000
1777339032.909,132.909,0.5,0.51,0.49,0.5,0.01,0.01,77343.01,1777339031000
1777339033.36,133.36,0.5,0.51,0.49,0.5,0.01,0.01,77343.41,1777339032000
1777339033.754,133.754,0.5,0.51,0.49,0.5,0.01,0.01,77343.41,1777339032000
1777339034.47,134.47,0.5,0.51,0.49,0.5,0.01,0.01,77343.8,1777339033000
1777339034.924,134.924,0.5,0.51,0.49,0.5,0.01,0.01,77343.24,1777339034000
1777339035.29,135.29,0.5,0.51,0.49,0.5,0.01,0.01,77343.24,1777339034000
1777339035.971,135.971,0.5,0.51,0.49,0.5,0.01,0.01,77342.96,1777339035000
1777339036.959,136.959,0.5,0.51,0.49,0.5,0.01,0.01,77342.73,1777339036000
1777339037.419,137.419,0.5,0.51,0.49,0.5,0.01,0.01,77342.73,1777339036000
1777339037.904,137.904,0.46,0.5,0.5,0.51,0.04,0.01,77342.73,1777339036000
1777339038.267,138.267,0.42,0.43,0.56,0.58,0.01,0.02,77342.82,1777339037000
1777339038.61,138.61,0.42,0.43,0.57,0.58,0.01,0.01,77342.82,1777339037000
1777339038.983,138.983,0.42,0.43,0.57,0.58,0.01,0.01,77342.82,1777339037000
1777339039.566,139.566,0.42,0.43,0.57,0.58,0.01,0.01,77342.82,1777339038000
1777339039.975,139.975,0.35,0.36,0.63,0.65,0.01,0.02,77342.82,1777339038000
1777339040.504,140.504,0.34,0.35,0.65,0.66,0.01,0.01,77340.61,1777339039000
1777339040.996,140.996,0.34,0.35,0.65,0.66,0.01,0.01,77339.54,1777339040000
1777339041.524,141.524,0.34,0.35,0.65,0.66,0.01,0.01,77339.54,1777339040000
1777339042.106,142.106,0.34,0.35,0.65,0.66,0.01,0.01,77336.53,1777339041000
1777339042.481,142.481,0.34,0.35,0.65,0.66,0.01,0.01,77336.53,1777339041000
1777339043.127,143.127,0.34,0.35,0.65,0.66,0.01,0.01,77335.66,1777339042000
1777339043.474,143.474,0.34,0.35,0.65,0.66,0.01,0.01,77335.66,1777339042000
1777339044.055,144.055,0.34,0.35,0.65,0.66,0.01,0.01,77335.66,1777339042000
1777339044.892,144.892,0.34,0.35,0.65,0.66,0.01,0.01,77335.64,1777339043000
1777339045.248,145.248,0.35,0.36,0.64,0.66,0.01,0.02,77335.66,1777339044000
1777339046.125,146.125,0.35,0.36,0.64,0.65,0.01,0.01,77335.66,1777339044000
1777339046.46,146.46,0.37,0.39,0.59,0.65,0.02,0.06,77334.84,1777339045000
1777339046.825,146.825,0.39,0.41,0.6,0.62,0.02,0.02,77334.84,1777339045000
1777339047.351,147.351,0.39,0.4,0.59,0.61,0.01,0.02,77334.84,1777339045000
1777339047.715,147.715,0.39,0.4,0.6,0.61,0.01,0.01,77334.28,1777339046000
1777339048.404,148.404,0.39,0.4,0.6,0.61,0.01,0.01,77334.52,1777339047000
1777339049.104,149.104,0.39,0.4,0.6,0.61,0.01,0.01,77334.83,1777339048000
1777339049.567,149.567,0.39,0.4,0.6,0.61,0.01,0.01,77334.83,1777339048000
1777339050.008,150.008,0.39,0.4,0.6,0.61,0.01,0.01,77334.83,1777339048000
1777339050.443,150.443,0.39,0.4,0.6,0.61,0.01,0.01,77334.83,1777339049000
1777339050.824,150.824,0.28,0.29,0.7,0.72,0.01,0.02,77334.83,1777339049000
1777339051.378,151.378,0.24,0.25,0.72,0.76,0.01,0.04,77334.83,1777339049000
1777339051.718,151.718,0.24,0.25,0.75,0.76,0.01,0.01,77334.66,1777339050000
1777339052.208,152.208,0.24,0.25,0.75,0.76,0.01,0.01,77333.64,1777339051000
1777339052.561,152.561,0.24,0.25,0.75,0.76,0.01,0.01,77333.64,1777339051000
1777339053.074,153.074,0.24,0.25,0.75,0.76,0.01,0.01,77325.03,1777339052000
1777339053.423,153.423,0.24,0.25,0.75,0.76,0.01,0.01,77325.03,1777339052000
1777339053.758,153.758,0.24,0.25,0.75,0.76,0.01,0.01,77325.03,1777339052000
1777339054.11,154.11,0.23,0.24,0.76,0.77,0.01,0.01,77325.19,1777339053000
1777339054.453,154.453,0.24,0.25,0.76,0.77,0.01,0.01,77325.19,1777339053000
1777339054.828,154.828,0.24,0.25,0.75,0.76,0.01,0.01,77325.19,1777339053000
1777339055.197,155.197,0.21,0.22,0.77,0.79,0.01,0.02,77325.01,1777339054000
1777339055.545,155.545,0.19,0.2,0.79,0.81,0.01,0.02,77325.01,1777339054000
1777339055.901,155.901,0.17,0.18,0.82,0.83,0.01,0.01,77325.01,1777339054000
1777339056.383,156.383,0.17,0.18,0.82,0.83,0.01,0.01,77324.81,1777339055000
1777339056.777,156.777,0.17,0.18,0.82,0.83,0.01,0.01,77324.81,1777339055000
1777339057.293,157.293,0.17,0.18,0.82,0.83,0.01,0.01,77324.81,1777339055000
1777339057.764,157.764,0.17,0.18,0.82,0.83,0.01,0.01,77315.15,1777339056000
1777339058.443,158.443,0.17,0.18,0.82,0.83,0.01,0.01,77315.15,1777339056000
1777339058.787,158.787,0.17,0.18,0.82,0.83,0.01,0.01,77313.4,1777339057000
1777339059.134,159.134,0.17,0.18,0.82,0.83,0.01,0.01,77313.91,1777339058000
1777339059.58,159.58,0.17,0.18,0.82,0.83,0.01,0.01,77313.91,1777339058000
1777339060.04,160.04,0.17,0.18,0.82,0.83,0.01,0.01,77313.91,1777339058000
1777339060.433,160.433,0.18,0.19,0.81,0.83,0.01,0.02,77313.91,1777339058000
1777339060.831,160.831,0.18,0.19,0.81,0.82,0.01,0.01,77314.35,1777339059000
1777339061.229,161.229,0.18,0.19,0.81,0.82,0.01,0.01,77314.35,1777339059000
1777339061.629,161.629,0.18,0.19,0.81,0.82,0.01,0.01,77313.57,1777339060000
1777339061.997,161.997,0.17,0.18,0.82,0.83,0.01,0.01,77313.57,1777339060000
1777339062.533,162.533,0.17,0.18,0.82,0.83,0.01,0.01,77314.68,1777339061000
1777339062.89,162.89,0.2,0.21,0.79,0.8,0.01,0.01,77314.68,1777339061000
1777339063.378,163.378,0.2,0.21,0.79,0.8,0.01,0.01,77313.85,1777339062000
1777339063.76,163.76,0.2,0.21,0.79,0.8,0.01,0.01,77313.85,1777339062000
1777339064.223,164.223,0.2,0.21,0.79,0.8,0.01,0.01,77313.69,1777339063000
1777339064.584,164.584,0.2,0.21,0.79,0.8,0.01,0.01,77313.69,1777339063000
1777339064.941,164.941,0.2,0.21,0.79,0.8,0.01,0.01,77313.69,1777339063000
1777339065.573,165.573,0.2,0.21,0.79,0.8,0.01,0.01,77315.04,1777339064000
1777339066.021,166.021,0.2,0.21,0.79,0.8,0.01,0.01,77315.04,1777339064000
1777339066.57,166.57,0.2,0.21,0.79,0.8,0.01,0.01,77315.64,1777339065000
1777339066.986,166.986,0.2,0.21,0.79,0.8,0.01,0.01,77315.64,1777339065000
1777339067.332,167.332,0.23,0.24,0.77,0.78,0.01,0.01,77315.04,1777339066000
1777339067.848,167.848,0.23,0.24,0.76,0.77,0.01,0.01,77315.04,1777339066000
1777339068.198,168.198,0.23,0.24,0.76,0.77,0.01,0.01,77315.04,1777339066000
1777339068.643,168.643,0.23,0.24,0.76,0.77,0.01,0.01,77315.04,1777339067000
1777339068.983,168.983,0.23,0.24,0.76,0.77,0.01,0.01,77315.04,1777339067000
1777339069.371,169.371,0.24,0.25,0.75,0.77,0.01,0.02,77314.69,1777339068000
1777339069.859,169.859,0.23,0.24,0.76,0.77,0.01,0.01,77314.69,1777339068000
1777339070.397,170.397,0.23,0.24,0.76,0.77,0.01,0.01,77314.6,1777339069000
1777339070.773,170.773,0.23,0.24,0.76,0.77,0.01,0.01,77314.6,1777339069000
1777339071.126,171.126,0.23,0.24,0.76,0.77,0.01,0.01,77314.6,1777339069000
1777339071.471,171.471,0.26,0.27,0.73,0.74,0.01,0.01,77314.69,1777339070000
1777339072.078,172.078,0.26,0.27,0.73,0.74,0.01,0.01,77314.78,1777339071000
1777339072.595,172.595,0.26,0.27,0.73,0.74,0.01,0.01,77314.78,1777339071000
1777339072.941,172.941,0.26,0.27,0.73,0.74,0.01,0.01,77314.78,1777339071000
1777339073.304,173.304,0.26,0.27,0.73,0.74,0.01,0.01,77315.48,1777339072000
1777339073.8,173.8,0.26,0.28,0.73,0.74,0.02,0.01,77315.48,1777339072000
1777339074.174,174.174,0.26,0.27,0.73,0.74,0.01,0.01,77315.48,1777339072000
1777339074.531,174.531,0.25,0.27,0.73,0.74,0.02,0.01,77316.36,1777339073000
1777339074.909,174.909,0.25,0.26,0.74,0.75,0.01,0.01,77316.36,1777339073000
1777339075.315,175.315,0.25,0.26,0.74,0.75,0.01,0.01,77316.36,1777339073000
1777339075.931,175.931,0.25,0.26,0.74,0.75,0.01,0.01,77316.37,1777339074000
1777339076.698,176.698,0.25,0.26,0.74,0.75,0.01,0.01,77316.52,1777339075000
1777339077.224,177.224,0.23,0.26,0.74,0.77,0.03,0.03,77316.52,1777339076000
1777339077.978,177.978,0.23,0.24,0.74,0.77,0.01,0.03,77316.52,1777339076000
1777339078.431,178.431,0.23,0.24,0.76,0.77,0.01,0.01,77316.2,1777339077000
1777339078.795,178.795,0.17,0.18,0.77,0.78,0.01,0.01,77316.2,1777339077000
1777339079.184,179.184,0.16,0.17,0.83,0.84,0.01,0.01,77316.2,1777339077000
1777339079.532,179.532,0.16,0.17,0.83,0.84,0.01,0.01,77315.87,1777339078000
1777339079.895,179.895,0.16,0.17,0.83,0.84,0.01,0.01,77315.87,1777339078000
1777339080.358,180.358,0.15,0.17,0.83,0.84,0.02,0.01,77312.48,1777339079000
1777339080.742,180.742,0.15,0.16,0.84,0.85,0.01,0.01,77312.48,1777339079000
1777339081.083,181.083,0.15,0.16,0.84,0.85,0.01,0.01,77309.86,1777339080000
1777339081.457,181.457,0.15,0.16,0.84,0.85,0.01,0.01,77309.86,1777339080000
1777339081.807,181.807,0.14,0.16,0.84,0.85,0.02,0.01,77309.86,1777339080000
1777339082.253,182.253,0.14,0.15,0.85,0.86,0.01,0.01,77308.58,1777339081000
1777339082.598,182.598,0.14,0.15,0.85,0.86,0.01,0.01,77308.58,1777339081000
1777339083.013,183.013,0.14,0.15,0.85,0.86,0.01,0.01,77308.37,1777339082000
1777339083.43,183.43,0.13,0.14,0.86,0.87,0.01,0.01,77308.37,1777339082000
1777339083.83,183.83,0.13,0.14,0.86,0.87,0.01,0.01,77308.37,1777339082000
1777339084.429,184.429,0.13,0.14,0.86,0.87,0.01,0.01,77307.63,1777339083000
1777339084.802,184.802,0.1,0.11,0.89,0.9,0.01,0.01,77307.63,1777339083000
1777339085.153,185.153,0.1,0.11,0.89,0.9,0.01,0.01,77307.55,1777339084000
1777339085.534,185.534,0.1,0.11,0.89,0.9,0.01,0.01,77307.55,1777339084000
1777339085.972,185.972,0.1,0.11,0.89,0.9,0.01,0.01,77307.55,1777339084000
1777339086.411,186.411,0.1,0.11,0.89,0.9,0.01,0.01,77307.55,1777339084000
1777339086.854,186.854,0.1,0.11,0.89,0.9,0.01,0.01,77304.65,1777339085000
1777339087.378,187.378,0.1,0.11,0.89,0.9,0.01,0.01,77302.48,1777339086000
1777339087.907,187.907,0.1,0.11,0.89,0.9,0.01,0.01,77302.48,1777339086000
1777339088.541,188.541,0.09,0.11,0.89,0.91,0.02,0.02,77302.32,1777339087000
1777339089.012,189.012,0.09,0.1,0.9,0.91,0.01,0.01,77302.32,1777339087000
1777339089.486,189.486,0.09,0.1,0.9,0.91,0.01,0.01,77302.06,1777339088000
1777339089.99,189.99,0.08,0.1,0.9,0.91,0.02,0.01,77302.06,1777339088000
1777339090.334,190.334,0.08,0.09,0.91,0.92,0.01,0.01,77302.06,1777339088000
1777339090.815,190.815,0.08,0.09,0.91,0.92,0.01,0.01,77299.3,1777339089000
1777339091.162,191.162,0.08,0.09,0.91,0.92,0.01,0.01,77299.3,1777339089000
1777339091.533,191.533,0.08,0.09,0.91,0.92,0.01,0.01,77299.3,1777339089000
1777339091.877,191.877,0.08,0.09,0.91,0.92,0.01,0.01,77297.36,1777339090000
1777339092.235,192.235,0.08,0.09,0.91,0.92,0.01,0.01,77297.16,1777339091000
1777339092.621,192.621,0.07,0.08,0.91,0.92,0.01,0.01,77297.16,1777339091000
1777339092.987,192.987,0.07,0.08,0.92,0.93,0.01,0.01,77297.16,1777339091000
1777339093.481,193.481,0.07,0.08,0.92,0.93,0.01,0.01,77296.52,1777339092000
1777339093.951,193.951,0.07,0.08,0.92,0.93,0.01,0.01,77296.52,1777339092000
1777339094.382,194.382,0.07,0.08,0.92,0.93,0.01,0.01,77295.92,1777339093000
1777339094.763,194.763,0.07,0.08,0.92,0.93,0.01,0.01,77295.92,1777339093000
1777339095.2,195.2,0.07,0.08,0.92,0.93,0.01,0.01,77295.92,1777339093000
1777339095.699,195.699,0.07,0.08,0.92,0.93,0.01,0.01,77295.54,1777339094000
1777339096.053,196.053,0.07,0.08,0.92,0.93,0.01,0.01,77295.54,1777339095000
1777339096.415,196.415,0.06,0.07,0.92,0.94,0.01,0.02,77295.54,1777339095000
1777339096.921,196.921,0.06,0.07,0.93,0.94,0.01,0.01,77295.54,1777339095000
1777339097.645,197.645,0.06,0.07,0.93,0.94,0.01,0.01,77295.54,1777339096000
1777339098.054,198.054,0.06,0.07,0.93,0.94,0.01,0.01,77295.54,1777339096000
1777339098.41,198.41,0.06,0.07,0.93,0.94,0.01,0.01,77291.42,1777339097000
1777339098.804,198.804,0.06,0.07,0.93,0.94,0.01,0.01,77291.42,1777339097000
1777339099.166,199.166,0.06,0.07,0.93,0.94,0.01,0.01,77291.42,1777339097000
1777339099.644,199.644,0.06,0.07,0.93,0.94,0.01,0.01,77289.78,1777339098000
1777339100.188,200.188,0.06,0.07,0.93,0.94,0.01,0.01,77289.49,1777339099000
1777339100.544,200.544,0.06,0.07,0.93,0.94,0.01,0.01,77289.49,1777339099000
1777339100.903,200.903,0.06,0.07,0.93,0.94,0.01,0.01,77289.49,1777339099000
1777339101.548,201.548,0.06,0.07,0.93,0.94,0.01,0.01,77289.49,1777339099000
1777339102.241,202.241,0.06,0.07,0.93,0.94,0.01,0.01,77289.49,1777339099000
1777339102.605,202.605,0.06,0.07,0.93,0.94,0.01,0.01,77288.11,1777339100000
1777339103.156,203.156,0.06,0.07,0.93,0.94,0.01,0.01,77288.11,1777339100000
1777339103.75,203.75,0.05,0.07,0.93,0.94,0.02,0.01,77287.11,1777339102000
1777339104.084,204.084,0.05,0.06,0.94,0.95,0.01,0.01,77287.11,1777339102000
1777339104.442,204.442,0.05,0.06,0.94,0.95,0.01,0.01,77286.45,1777339103000
1777339104.787,204.787,0.05,0.06,0.94,0.95,0.01,0.01,77286.45,1777339103000
1777339105.342,205.342,0.05,0.06,0.94,0.95,0.01,0.01,77286.45,1777339103000
1777339105.845,205.845,0.05,0.06,0.94,0.95,0.01,0.01,77286.28,1777339104000
1777339106.237,206.237,0.05,0.06,0.94,0.95,0.01,0.01,77286.28,1777339104000
1777339106.611,206.611,0.05,0.06,0.94,0.95,0.01,0.01,77286.28,1777339104000
1777339106.96,206.96,0.04,0.05,0.95,0.96,0.01,0.01,77282.57,1777339105000
1777339107.315,207.315,0.04,0.05,0.95,0.96,0.01,0.01,77282.57,1777339105000
1777339107.89,207.89,0.04,0.05,0.95,0.96,0.01,0.01,77282.57,1777339105000
1777339108.319,208.319,0.04,0.05,0.95,0.96,0.01,0.01,77279.84,1777339106000
1777339108.695,208.695,0.04,0.05,0.95,0.96,0.01,0.01,77279.84,1777339106000
1777339109.088,209.088,0.04,0.05,0.95,0.96,0.01,0.01,77278.7,1777339107000
1777339109.423,209.423,0.04,0.05,0.95,0.96,0.01,0.01,77278.7,1777339107000
1777339109.794,209.794,0.04,0.05,0.95,0.96,0.01,0.01,77278.7,1777339107000
1777339110.167,210.167,0.04,0.05,0.95,0.96,0.01,0.01,77278.41,1777339108000
1777339110.517,210.517,0.04,0.05,0.95,0.96,0.01,0.01,77278.41,1777339108000
1777339110.922,210.922,0.04,0.05,0.95,0.96,0.01,0.01,77278.62,1777339109000
1777339111.448,211.448,0.04,0.05,0.95,0.96,0.01,0.01,77278.62,1777339109000
1777339111.828,211.828,0.04,0.05,0.95,0.96,0.01,0.01,77278.62,1777339109000
1777339112.183,212.183,0.04,0.05,0.95,0.96,0.01,0.01,77278.82,1777339110000
1777339112.525,212.525,0.04,0.05,0.95,0.96,0.01,0.01,77278.82,1777339110000
1777339112.967,212.967,0.04,0.05,0.95,0.96,0.01,0.01,77278.85,1777339111000
1777339113.33,213.33,0.03,0.04,0.96,0.97,0.01,0.01,77278.85,1777339111000
1777339113.681,213.681,0.03,0.04,0.96,0.97,0.01,0.01,77278.85,1777339111000
1777339114.048,214.048,0.03,0.04,0.96,0.97,0.01,0.01,77278.27,1777339112000
1777339114.468,214.468,0.03,0.04,0.96,0.97,0.01,0.01,77278.27,1777339112000
1777339114.821,214.821,0.03,0.04,0.96,0.97,0.01,0.01,77278.27,1777339112000
1777339115.296,215.296,0.03,0.04,0.96,0.97,0.01,0.01,77278.27,1777339113000
1777339115.642,215.642,0.03,0.04,0.96,0.97,0.01,0.01,77278.27,1777339113000
1777339116.003,216.003,0.03,0.04,0.96,0.97,0.01,0.01,77278.27,1777339113000
1777339116.675,216.675,0.03,0.04,0.96,0.97,0.01,0.01,77276.48,1777339114000
1777339117.044,217.044,0.03,0.04,0.96,0.97,0.01,0.01,77277.44,1777339115000
1777339117.713,217.713,0.03,0.04,0.96,0.97,0.01,0.01,77277.44,1777339115000
1777339118.15,218.15,0.04,0.05,0.95,0.96,0.01,0.01,77278.32,1777339116000
1777339118.552,218.552,0.04,0.05,0.95,0.96,0.01,0.01,77278.32,1777339116000
1777339118.999,218.999,0.04,0.05,0.95,0.96,0.01,0.01,77282.24,1777339117000
1777339119.37,219.37,0.04,0.05,0.95,0.96,0.01,0.01,77282.24,1777339117000
1777339119.773,219.773,0.04,0.05,0.95,0.96,0.01,0.01,77282.56,1777339118000
1777339120.367,220.367,0.04,0.05,0.95,0.96,0.01,0.01,77282.56,1777339118000
1777339121.091,221.091,0.04,0.05,0.95,0.96,0.01,0.01,77283.36,1777339119000
1777339121.471,221.471,0.04,0.05,0.95,0.96,0.01,0.01,77283.35,1777339120000
1777339122.062,222.062,0.04,0.05,0.95,0.96,0.01,0.01,77283.35,1777339120000
1777339122.476,222.476,0.08,0.09,0.9,0.92,0.01,0.02,77283.35,1777339120000
1777339122.909,222.909,0.09,0.1,0.9,0.91,0.01,0.01,77283.4,1777339121000
1777339123.529,223.529,0.09,0.1,0.9,0.91,0.01,0.01,77283.4,1777339121000
1777339124.146,224.146,0.09,0.1,0.9,0.91,0.01,0.01,77283.56,1777339122000
1777339125.23,225.23,0.09,0.1,0.9,0.91,0.01,0.01,77289.54,1777339123000
1777339125.565,225.565,0.09,0.1,0.9,0.91,0.01,0.01,77294.37,1777339124000
1777339125.914,225.914,0.09,0.1,0.9,0.91,0.01,0.01,77294.37,1777339124000
1777339126.304,226.304,0.09,0.1,0.9,0.91,0.01,0.01,77294.37,1777339124000
1777339126.646,226.646,0.09,0.1,0.9,0.91,0.01,0.01,77294.37,1777339124000
1777339127.1,227.1,0.09,0.1,0.9,0.91,0.01,0.01,77295.04,1777339125000
1777339127.434,227.434,0.09,0.1,0.9,0.91,0.01,0.01,77294.29,1777339126000
1777339127.92,227.92,0.09,0.1,0.9,0.91,0.01,0.01,77294.29,1777339126000
1777339128.291,228.291,0.09,0.1,0.9,0.91,0.01,0.01,77294.5,1777339127000
1777339128.645,228.645,0.09,0.1,0.9,0.91,0.01,0.01,77294.5,1777339127000
1777339128.997,228.997,0.09,0.1,0.9,0.91,0.01,0.01,77294.5,1777339127000
1777339129.338,229.338,0.09,0.1,0.9,0.91,0.01,0.01,77295.93,1777339128000
1777339129.889,229.889,0.09,0.1,0.9,0.91,0.01,0.01,77295.93,1777339128000
1777339130.228,230.228,0.09,0.1,0.9,0.91,0.01,0.01,77295.93,1777339128000
1777339130.622,230.622,0.09,0.1,0.9,0.91,0.01,0.01,77295.93,1777339128000
1777339131.09,231.09,0.09,0.1,0.9,0.91,0.01,0.01,77295.93,1777339128000
1777339131.611,231.611,0.09,0.1,0.9,0.91,0.01,0.01,77295.38,1777339130000
1777339132.115,232.115,0.05,0.06,0.94,0.95,0.01,0.01,77295.38,1777339130000
1777339132.461,232.461,0.05,0.06,0.94,0.95,0.01,0.01,77295.34,1777339131000
1777339132.939,232.939,0.05,0.06,0.94,0.95,0.01,0.01,77295.34,1777339131000
1777339133.28,233.28,0.05,0.06,0.94,0.95,0.01,0.01,77295.3,1777339132000
1777339133.81,233.81,0.05,0.06,0.94,0.95,0.01,0.01,77295.3,1777339132000
1777339134.501,234.501,0.04,0.06,0.94,0.95,0.02,0.01,77295.3,1777339132000
1777339135.015,235.015,0.04,0.05,0.94,0.96,0.01,0.02,77288.12,1777339133000
1777339135.543,235.543,0.04,0.05,0.95,0.96,0.01,0.01,77287.3,1777339134000
1777339135.916,235.916,0.04,0.05,0.95,0.96,0.01,0.01,77287.3,1777339134000
1777339136.277,236.277,0.04,0.05,0.95,0.96,0.01,0.01,77287.3,1777339134000
1777339136.618,236.618,0.04,0.05,0.95,0.96,0.01,0.01,77287.7,1777339135000
1777339137.026,237.026,0.04,0.05,0.95,0.96,0.01,0.01,77287.7,1777339135000
1777339137.364,237.364,0.04,0.05,0.95,0.96,0.01,0.01,77287.83,1777339136000
1777339138.08,238.08,0.04,0.05,0.95,0.96,0.01,0.01,77287.83,1777339137000
1777339138.811,238.811,0.04,0.05,0.95,0.96,0.01,0.01,77287.83,1777339137000
1777339139.232,239.232,0.04,0.05,0.95,0.96,0.01,0.01,77287.38,1777339138000
1777339140.084,240.084,0.04,0.05,0.95,0.96,0.01,0.01,77287.38,1777339138000
1777339140.448,240.448,0.04,0.05,0.95,0.96,0.01,0.01,77287.66,1777339139000
1777339140.795,240.795,0.04,0.05,0.95,0.96,0.01,0.01,77287.66,1777339139000
1777339141.393,241.393,0.04,0.05,0.95,0.96,0.01,0.01,77288.61,1777339140000
1777339141.993,241.993,0.03,0.04,0.95,0.97,0.01,0.02,77288.61,1777339140000
1777339142.532,242.532,0.03,0.04,0.96,0.97,0.01,0.01,77287.03,1777339141000
1777339142.947,242.947,0.03,0.04,0.96,0.97,0.01,0.01,77287.03,1777339141000
1777339143.29,243.29,0.03,0.04,0.96,0.97,0.01,0.01,77287.03,1777339141000
1777339143.861,243.861,0.03,0.04,0.96,0.97,0.01,0.01,77284.54,1777339142000
1777339144.204,244.204,0.03,0.04,0.96,0.97,0.01,0.01,77284.54,1777339142000
1777339144.566,244.566,0.03,0.04,0.96,0.97,0.01,0.01,77285.89,1777339143000
1777339144.946,244.946,0.03,0.04,0.96,0.97,0.01,0.01,77284.07,1777339144000
1777339145.476,245.476,0.03,0.04,0.96,0.97,0.01,0.01,77284.07,1777339144000
1777339146.014,246.014,0.03,0.04,0.96,0.97,0.01,0.01,77281.45,1777339145000
1777339146.954,246.954,0.03,0.04,0.96,0.97,0.01,0.01,77281.45,1777339145000
1777339147.625,247.625,0.03,0.04,0.96,0.97,0.01,0.01,77281.04,1777339146000
1777339147.993,247.993,0.03,0.04,0.96,0.97,0.01,0.01,77282.44,1777339147000
1777339148.381,248.381,0.03,0.04,0.96,0.97,0.01,0.01,77282.44,1777339147000
1777339149.0,249.0,0.02,0.03,0.97,0.98,0.01,0.01,77282.78,1777339148000
1777339149.513,249.513,0.02,0.03,0.97,0.98,0.01,0.01,77282.78,1777339148000
1777339149.976,249.976,0.02,0.03,0.97,0.98,0.01,0.01,77281.73,1777339149000
1777339150.51,250.51,0.02,0.03,0.97,0.98,0.01,0.01,77281.73,1777339149000
1777339150.892,250.892,0.02,0.03,0.97,0.98,0.01,0.01,77281.73,1777339149000
1777339151.254,251.254,0.02,0.03,0.97,0.98,0.01,0.01,77282.81,1777339150000
1777339151.602,251.602,0.02,0.03,0.97,0.98,0.01,0.01,77282.81,1777339150000
1777339151.943,251.943,0.02,0.03,0.97,0.98,0.01,0.01,77282.81,1777339151000
1777339152.73,252.73,0.02,0.03,0.97,0.98,0.01,0.01,77282.81,1777339151000
1777339153.25,253.25,0.02,0.03,0.97,0.98,0.01,0.01,77282.81,1777339152000
1777339153.815,253.815,0.02,0.03,0.97,0.98,0.01,0.01,77282.81,1777339152000
1777339155.276,255.276,0.02,0.03,0.97,0.98,0.01,0.01,77282.4,1777339153000
1777339155.652,255.652,0.02,0.03,0.97,0.98,0.01,0.01,77281.98,1777339154000
1777339156.086,256.086,0.02,0.03,0.97,0.98,0.01,0.01,77281.98,1777339154000
1777339156.498,256.498,0.02,0.03,0.97,0.98,0.01,0.01,77281.98,1777339155000
1777339156.848,256.848,0.02,0.03,0.97,0.98,0.01,0.01,77281.98,1777339155000
1777339157.183,257.183,0.02,0.03,0.97,0.98,0.01,0.01,77281.98,1777339155000
1777339157.833,257.833,0.02,0.03,0.97,0.98,0.01,0.01,77282.4,1777339156000
1777339158.367,258.367,0.02,0.03,0.97,0.98,0.01,0.01,77282.4,1777339156000
1777339158.757,258.757,0.02,0.03,0.97,0.98,0.01,0.01,77281.29,1777339157000
1777339159.195,259.195,0.02,0.03,0.97,0.98,0.01,0.01,77282.0,1777339158000
1777339159.572,259.572,0.02,0.03,0.97,0.98,0.01,0.01,77282.0,1777339158000
1777339159.93,259.93,0.02,0.03,0.97,0.98,0.01,0.01,77282.0,1777339158000
1777339160.305,260.305,0.02,0.03,0.97,0.98,0.01,0.01,77280.64,1777339159000
1777339160.699,260.699,0.02,0.03,0.97,0.98,0.01,0.01,77280.64,1777339159000
1777339161.11,261.11,0.02,0.03,0.97,0.98,0.01,0.01,77280.64,1777339159000
1777339161.62,261.62,0.02,0.03,0.97,0.98,0.01,0.01,77280.64,1777339159000
1777339162.001,262.001,0.02,0.03,0.97,0.98,0.01,0.01,77279.09,1777339160000
1777339162.537,262.537,0.02,0.03,0.97,0.98,0.01,0.01,77280.18,1777339161000
1777339162.956,262.956,0.02,0.03,0.97,0.98,0.01,0.01,77280.18,1777339161000
1777339163.56,263.56,0.02,0.03,0.97,0.98,0.01,0.01,77280.18,1777339162000
1777339163.902,263.902,0.02,0.03,0.97,0.98,0.01,0.01,77280.18,1777339162000
1777339164.38,264.38,0.02,0.03,0.97,0.98,0.01,0.01,77280.43,1777339163000
1777339164.807,264.807,0.01,0.02,0.97,0.99,0.01,0.02,77280.43,1777339163000
1777339165.162,265.162,0.01,0.02,0.98,0.99,0.01,0.01,77280.64,1777339164000
1777339165.546,265.546,0.01,0.02,0.98,0.99,0.01,0.01,77280.64,1777339164000
1777339166.035,266.035,0.01,0.02,0.98,0.99,0.01,0.01,77280.64,1777339164000
1777339166.471,266.471,0.01,0.02,0.98,0.99,0.01,0.01,77276.02,1777339165000
1777339166.818,266.818,0.01,0.01,0.98,0.99,0.0,0.01,77276.02,1777339165000
1777339167.159,267.159,0.01,0.01,0.99,0.99,0.0,0.0,77274.16,1777339166000
1777339167.509,267.509,0.01,0.01,0.99,0.99,0.0,0.0,77274.16,1777339166000
1777339167.877,267.877,0.01,0.01,0.99,0.99,0.0,0.0,77274.16,1777339166000
1777339168.214,268.214,0.01,0.01,0.99,0.99,0.0,0.0,77272.62,1777339167000
1777339168.668,268.668,0.01,0.01,0.99,0.99,0.0,0.0,77272.62,1777339167000
1777339169.333,269.333,0.01,0.01,0.99,0.99,0.0,0.0,77272.77,1777339168000
1777339170.533,270.533,0.01,0.01,0.99,0.99,0.0,0.0,77275.67,1777339169000
1777339171.11,271.11,0.01,0.01,0.99,0.99,0.0,0.0,77275.7,1777339170000
1777339171.514,271.514,0.01,0.01,0.99,0.99,0.0,0.0,77275.7,1777339170000
1777339171.896,271.896,0.01,0.01,0.99,0.99,0.0,0.0,77275.7,1777339170000
1777339172.323,272.323,0.01,0.01,0.99,0.99,0.0,0.0,77275.11,1777339171000
1777339174.123,274.123,0.01,0.01,0.99,0.99,0.0,0.0,77275.11,1777339171000
1777339174.909,274.909,0.01,0.01,0.99,0.99,0.0,0.0,77275.05,1777339173000
1777339176.584,276.584,0.01,0.01,0.99,0.99,0.0,0.0,77270.54,1777339174000
1777339177.599,277.599,0.01,0.01,0.99,0.99,0.0,0.0,77270.97,1777339176000
1777339178.39,278.39,0.01,0.01,0.99,0.99,0.0,0.0,77270.97,1777339176000
1777339179.126,279.126,0.01,0.01,0.99,0.99,0.0,0.0,77270.08,1777339178000
1777339180.312,280.312,0.01,0.01,0.99,0.99,0.0,0.0,77270.08,1777339178000
1777339180.669,280.669,0.01,0.01,0.99,0.99,0.0,0.0,77266.55,1777339179000
1777339181.147,281.147,0.01,0.01,0.99,0.99,0.0,0.0,77266.55,1777339179000
1777339181.551,281.551,0.01,0.01,0.99,0.99,0.0,0.0,77262.27,1777339180000
1777339181.975,281.975,0.01,0.01,0.99,0.99,0.0,0.0,77262.27,1777339180000
1777339183.885,283.885,0.01,0.01,0.99,0.99,0.0,0.0,77260.08,1777339182000
1777339184.542,284.542,0.01,0.01,0.99,0.99,0.0,0.0,77260.08,1777339182000
1777339185.36,285.36,0.01,0.01,0.99,0.99,0.0,0.0,77258.37,1777339184000
1777339186.121,286.121,0.01,0.01,0.99,0.99,0.0,0.0,77258.14,1777339185000
1777339186.575,286.575,0.01,0.01,0.99,0.99,0.0,0.0,77258.14,1777339185000
1777339187.803,287.803,0.01,0.01,0.99,0.99,0.0,0.0,77257.27,1777339186000
1777339188.575,288.575,0.01,0.01,0.99,0.99,0.0,0.0,77248.9,1777339187000
1777339189.403,289.403,0.01,0.01,0.99,0.99,0.0,0.0,77247.86,1777339188000
1777339189.922,289.922,0.01,0.01,0.99,0.99,0.0,0.0,77247.86,1777339188000
1777339190.919,290.919,0.01,0.01,0.99,0.99,0.0,0.0,77246.86,1777339189000
1777339191.639,291.639,0.01,0.01,0.99,0.99,0.0,0.0,77245.67,1777339190000
1777339192.661,292.661,0.01,0.01,0.99,0.99,0.0,0.0,77238.04,1777339191000
1777339193.251,293.251,0.01,0.01,0.99,0.99,0.0,0.0,77238.04,1777339191000
1777339194.421,294.421,0.01,0.01,0.99,0.99,0.0,0.0,77235.97,1777339193000
1777339194.929,294.929,0.01,0.01,0.99,0.99,0.0,0.0,77235.43,1777339194000
1777339195.524,295.524,0.01,0.01,0.99,0.99,0.0,0.0,77235.43,1777339194000
1777339195.937,295.937,0.01,0.01,0.99,0.99,0.0,0.0,77236.87,1777339195000
1777339197.06,297.06,0.01,0.01,0.99,0.99,0.0,0.0,77239.03,1777339196000
1777339198.036,298.036,0.01,0.01,0.99,0.99,0.0,0.0,77237.87,1777339197000
1777339198.665,298.665,0.01,0.01,0.99,0.99,0.0,0.0,77237.87,1777339197000
1777339199.043,299.043,0.01,0.01,0.99,0.99,0.0,0.0,77236.34,1777339198000
1777339199.418,299.418,0.01,0.01,0.99,0.99,0.0,0.0,77236.34,1777339198000
1777339200.093,300.093,0.01,0.01,0.99,0.99,0.0,0.0,77235.63,1777339199000
1777339200.985,300.985,0.01,0.01,0.99,0.99,0.0,0.0,77235.63,1777339199000

# RESULT,winner=Down,slug=btc-updown-5m-1777338900,ticks=602
