timestamp,elapsed_sec,up_bid,up_ask,down_bid,down_ask,up_spread,down_spread,btc_price,btc_oracle_ts
1776858300.531,0.531,0.49,0.5,0.5,0.51,0.01,0.01,78227.41,1776858299000
1776858300.934,0.934,0.49,0.5,0.5,0.51,0.01,0.01,78227.41,1776858299000
1776858301.5,1.5,0.49,0.5,0.5,0.51,0.01,0.01,78227.51,1776858300000
1776858301.843,1.843,0.49,0.5,0.5,0.51,0.01,0.01,78227.51,1776858300000
1776858302.205,2.205,0.49,0.5,0.5,0.51,0.01,0.01,78228.33,1776858301000
1776858302.564,2.564,0.49,0.5,0.5,0.51,0.01,0.01,78228.33,1776858301000
1776858302.994,2.994,0.49,0.5,0.5,0.51,0.01,0.01,78228.33,1776858301000
1776858303.352,3.352,0.49,0.5,0.5,0.51,0.01,0.01,78228.33,1776858301000
1776858303.688,3.688,0.49,0.5,0.5,0.51,0.01,0.01,78231.22,1776858302000
1776858304.164,4.164,0.49,0.5,0.5,0.51,0.01,0.01,78231.22,1776858302000
1776858304.583,4.583,0.49,0.5,0.5,0.51,0.01,0.01,78231.22,1776858302000
1776858304.975,4.975,0.5,0.53,0.47,0.5,0.03,0.03,78231.44,1776858303000
1776858305.341,5.341,0.52,0.53,0.47,0.48,0.01,0.01,78231.44,1776858303000
1776858306.488,6.488,0.53,0.54,0.46,0.48,0.01,0.02,78231.76,1776858304000
1776858307.173,7.173,0.53,0.54,0.46,0.47,0.01,0.01,78233.15,1776858305000
1776858307.981,7.981,0.53,0.54,0.46,0.47,0.01,0.01,78233.15,1776858306000
1776858308.352,8.352,0.53,0.54,0.46,0.47,0.01,0.01,78233.15,1776858306000
1776858308.886,8.886,0.53,0.54,0.46,0.47,0.01,0.01,78233.15,1776858306000
1776858309.252,9.252,0.53,0.54,0.46,0.47,0.01,0.01,78232.83,1776858307000
1776858309.625,9.625,0.54,0.55,0.45,0.47,0.01,0.02,78232.83,1776858307000
1776858310.06,10.06,0.57,0.59,0.42,0.43,0.02,0.01,78232.79,1776858308000
1776858310.435,10.435,0.58,0.59,0.41,0.42,0.01,0.01,78232.79,1776858308000
1776858310.826,10.826,0.58,0.59,0.41,0.42,0.01,0.01,78232.79,1776858309000
1776858311.178,11.178,0.59,0.61,0.4,0.41,0.02,0.01,78232.79,1776858309000
1776858311.512,11.512,0.6,0.61,0.39,0.4,0.01,0.01,78232.8,1776858310000
1776858311.888,11.888,0.6,0.61,0.39,0.4,0.01,0.01,78232.8,1776858310000
1776858312.32,12.32,0.62,0.63,0.37,0.4,0.01,0.03,78232.8,1776858310000
1776858312.709,12.709,0.62,0.63,0.37,0.38,0.01,0.01,78241.0,1776858311000
1776858313.045,13.045,0.55,0.58,0.42,0.45,0.03,0.03,78241.0,1776858311000
1776858313.425,13.425,0.54,0.56,0.44,0.46,0.02,0.02,78241.0,1776858311000
1776858313.889,13.889,0.54,0.55,0.45,0.46,0.01,0.01,78241.57,1776858312000
1776858314.394,14.394,0.54,0.55,0.45,0.46,0.01,0.01,78244.16,1776858313000
1776858315.139,15.139,0.54,0.55,0.45,0.46,0.01,0.01,78244.16,1776858313000
1776858315.505,15.505,0.54,0.55,0.44,0.46,0.01,0.02,78244.16,1776858313000
1776858316.614,16.614,0.54,0.55,0.45,0.46,0.01,0.01,78235.82,1776858314000
1776858317.526,17.526,0.54,0.56,0.45,0.46,0.02,0.01,78237.03,1776858315000
1776858317.867,17.867,0.54,0.57,0.43,0.46,0.03,0.03,78237.03,1776858315000
1776858318.207,18.207,0.54,0.58,0.42,0.46,0.04,0.04,78237.09,1776858316000
1776858318.814,18.814,0.61,0.62,0.38,0.39,0.01,0.01,78239.31,1776858317000
1776858319.234,19.234,0.61,0.62,0.38,0.39,0.01,0.01,78239.31,1776858317000
1776858319.757,19.757,0.61,0.62,0.38,0.39,0.01,0.01,78245.69,1776858318000
1776858320.298,20.298,0.63,0.64,0.36,0.37,0.01,0.01,78245.69,1776858318000
1776858320.825,20.825,0.63,0.64,0.36,0.37,0.01,0.01,78245.86,1776858319000
1776858321.172,21.172,0.63,0.64,0.36,0.37,0.01,0.01,78245.86,1776858319000
1776858321.643,21.643,0.63,0.64,0.36,0.37,0.01,0.01,78246.57,1776858320000
1776858322.001,22.001,0.63,0.65,0.36,0.37,0.02,0.01,78246.57,1776858320000
1776858322.336,22.336,0.64,0.65,0.35,0.36,0.01,0.01,78246.57,1776858320000
1776858322.67,22.67,0.64,0.65,0.35,0.36,0.01,0.01,78246.57,1776858320000
1776858323.007,23.007,0.64,0.65,0.35,0.36,0.01,0.01,78247.68,1776858321000
1776858323.482,23.482,0.64,0.65,0.35,0.36,0.01,0.01,78247.68,1776858321000
1776858323.976,23.976,0.64,0.65,0.35,0.36,0.01,0.01,78247.68,1776858321000
1776858324.368,24.368,0.64,0.66,0.35,0.36,0.02,0.01,78247.83,1776858322000
1776858325.212,25.212,0.66,0.67,0.33,0.34,0.01,0.01,78248.53,1776858324000
1776858325.687,25.687,0.66,0.67,0.33,0.34,0.01,0.01,78248.53,1776858324000
1776858326.02,26.02,0.65,0.67,0.33,0.34,0.02,0.01,78248.53,1776858324000
1776858326.528,26.528,0.66,0.67,0.33,0.34,0.01,0.01,78251.03,1776858325000
1776858326.924,26.924,0.65,0.66,0.33,0.35,0.01,0.02,78251.03,1776858325000
1776858327.46,27.46,0.65,0.66,0.34,0.35,0.01,0.01,78251.03,1776858325000
1776858327.808,27.808,0.65,0.66,0.34,0.35,0.01,0.01,78251.57,1776858326000
1776858328.573,28.573,0.64,0.66,0.34,0.36,0.02,0.02,78251.56,1776858327000
1776858328.954,28.954,0.63,0.65,0.35,0.36,0.02,0.01,78251.56,1776858327000
1776858329.396,29.396,0.61,0.62,0.38,0.39,0.01,0.01,78251.56,1776858327000
1776858329.731,29.731,0.61,0.63,0.38,0.39,0.02,0.01,78252.01,1776858328000
1776858330.14,30.14,0.62,0.63,0.37,0.39,0.01,0.02,78252.01,1776858329000
1776858330.527,30.527,0.62,0.63,0.37,0.38,0.01,0.01,78252.01,1776858329000
1776858331.148,31.148,0.63,0.64,0.36,0.37,0.01,0.01,78252.01,1776858329000
1776858331.551,31.551,0.63,0.64,0.36,0.37,0.01,0.01,78252.01,1776858329000
1776858331.917,31.917,0.62,0.64,0.36,0.37,0.02,0.01,78249.42,1776858330000
1776858332.278,32.278,0.62,0.63,0.37,0.38,0.01,0.01,78249.42,1776858330000
1776858332.629,32.629,0.62,0.63,0.37,0.38,0.01,0.01,78249.22,1776858331000
1776858332.963,32.963,0.62,0.63,0.37,0.38,0.01,0.01,78249.22,1776858331000
1776858333.358,33.358,0.62,0.63,0.37,0.38,0.01,0.01,78249.22,1776858331000
1776858333.756,33.756,0.62,0.63,0.37,0.38,0.01,0.01,78250.38,1776858332000
1776858334.261,34.261,0.62,0.63,0.37,0.38,0.01,0.01,78250.38,1776858332000
1776858334.914,34.914,0.62,0.64,0.37,0.38,0.02,0.01,78250.36,1776858333000
1776858335.283,35.283,0.63,0.64,0.36,0.37,0.01,0.01,78249.58,1776858334000
1776858336.113,36.113,0.63,0.64,0.36,0.37,0.01,0.01,78249.58,1776858334000
1776858336.477,36.477,0.66,0.67,0.33,0.34,0.01,0.01,78249.58,1776858334000
1776858336.899,36.899,0.66,0.67,0.33,0.34,0.01,0.01,78249.59,1776858335000
1776858337.484,37.484,0.66,0.67,0.33,0.34,0.01,0.01,78250.03,1776858336000
1776858337.887,37.887,0.66,0.67,0.33,0.34,0.01,0.01,78250.03,1776858336000
1776858338.468,38.468,0.66,0.67,0.33,0.34,0.01,0.01,78250.03,1776858336000
1776858338.938,38.938,0.66,0.67,0.33,0.34,0.01,0.01,78250.03,1776858336000
1776858339.338,39.338,0.66,0.67,0.33,0.34,0.01,0.01,78251.73,1776858337000
1776858339.765,39.765,0.66,0.68,0.32,0.34,0.02,0.02,78251.73,1776858337000
1776858340.143,40.143,0.67,0.68,0.32,0.33,0.01,0.01,78252.8,1776858338000
1776858340.593,40.593,0.67,0.69,0.31,0.33,0.02,0.02,78252.8,1776858338000
1776858340.934,40.934,0.69,0.7,0.3,0.31,0.01,0.01,78252.8,1776858339000
1776858341.276,41.276,0.69,0.7,0.3,0.31,0.01,0.01,78252.8,1776858339000
1776858341.901,41.901,0.71,0.72,0.28,0.31,0.01,0.03,78252.8,1776858340000
1776858342.242,42.242,0.73,0.74,0.26,0.27,0.01,0.01,78252.8,1776858341000
1776858342.596,42.596,0.74,0.76,0.24,0.26,0.02,0.02,78252.8,1776858341000
1776858342.988,42.988,0.75,0.76,0.24,0.25,0.01,0.01,78252.8,1776858341000
1776858343.434,43.434,0.76,0.77,0.23,0.24,0.01,0.01,78261.64,1776858342000
1776858343.78,43.78,0.76,0.77,0.23,0.24,0.01,0.01,78261.64,1776858342000
1776858344.146,44.146,0.74,0.75,0.23,0.25,0.01,0.02,78261.64,1776858342000
1776858344.487,44.487,0.74,0.75,0.25,0.26,0.01,0.01,78267.05,1776858343000
1776858344.881,44.881,0.74,0.75,0.25,0.26,0.01,0.01,78267.05,1776858343000
1776858345.372,45.372,0.73,0.74,0.25,0.27,0.01,0.02,78267.05,1776858343000
1776858345.749,45.749,0.72,0.73,0.27,0.28,0.01,0.01,78267.41,1776858344000
1776858346.173,46.173,0.72,0.73,0.27,0.28,0.01,0.01,78267.41,1776858344000
1776858346.552,46.552,0.74,0.75,0.27,0.28,0.01,0.01,78267.32,1776858345000
1776858346.994,46.994,0.74,0.75,0.25,0.26,0.01,0.01,78267.32,1776858345000
1776858347.517,47.517,0.74,0.75,0.25,0.26,0.01,0.01,78267.19,1776858346000
1776858347.96,47.96,0.74,0.75,0.25,0.26,0.01,0.01,78267.19,1776858346000
1776858348.315,48.315,0.74,0.75,0.25,0.26,0.01,0.01,78267.02,1776858347000
1776858348.67,48.67,0.74,0.75,0.25,0.26,0.01,0.01,78267.02,1776858347000
1776858349.126,49.126,0.73,0.74,0.26,0.27,0.01,0.01,78267.02,1776858347000
1776858349.49,49.49,0.73,0.74,0.26,0.27,0.01,0.01,78267.46,1776858348000
1776858350.072,50.072,0.73,0.74,0.26,0.27,0.01,0.01,78267.46,1776858348000
1776858350.446,50.446,0.73,0.74,0.26,0.27,0.01,0.01,78267.46,1776858349000
1776858350.986,50.986,0.73,0.74,0.26,0.27,0.01,0.01,78267.46,1776858349000
1776858351.377,51.377,0.73,0.74,0.26,0.27,0.01,0.01,78266.94,1776858350000
1776858351.933,51.933,0.73,0.74,0.26,0.27,0.01,0.01,78266.94,1776858350000
1776858352.28,52.28,0.73,0.74,0.26,0.27,0.01,0.01,78266.94,1776858350000
1776858352.617,52.617,0.73,0.74,0.26,0.27,0.01,0.01,78266.94,1776858351000
1776858353.038,53.038,0.73,0.74,0.26,0.27,0.01,0.01,78266.94,1776858351000
1776858353.493,53.493,0.73,0.74,0.26,0.27,0.01,0.01,78266.94,1776858351000
1776858353.94,53.94,0.73,0.74,0.26,0.27,0.01,0.01,78266.09,1776858353000
1776858354.404,54.404,0.73,0.74,0.26,0.27,0.01,0.01,78266.09,1776858353000
1776858354.747,54.747,0.73,0.74,0.26,0.27,0.01,0.01,78266.09,1776858353000
1776858355.11,55.11,0.73,0.74,0.26,0.27,0.01,0.01,78265.67,1776858354000
1776858355.583,55.583,0.73,0.74,0.26,0.27,0.01,0.01,78265.67,1776858354000
1776858355.92,55.92,0.73,0.74,0.26,0.27,0.01,0.01,78265.67,1776858354000
1776858356.294,56.294,0.73,0.74,0.26,0.27,0.01,0.01,78265.69,1776858355000
1776858356.808,56.808,0.73,0.74,0.26,0.27,0.01,0.01,78265.69,1776858355000
1776858357.277,57.277,0.73,0.74,0.26,0.27,0.01,0.01,78265.69,1776858355000
1776858357.64,57.64,0.73,0.74,0.26,0.27,0.01,0.01,78265.69,1776858356000
1776858358.124,58.124,0.73,0.74,0.26,0.27,0.01,0.01,78265.69,1776858357000
1776858358.55,58.55,0.73,0.74,0.26,0.27,0.01,0.01,78265.69,1776858357000
1776858358.92,58.92,0.73,0.74,0.26,0.27,0.01,0.01,78265.69,1776858357000
1776858359.296,59.296,0.73,0.74,0.26,0.27,0.01,0.01,78265.69,1776858357000
1776858359.931,59.931,0.73,0.74,0.26,0.27,0.01,0.01,78265.69,1776858358000
1776858360.331,60.331,0.73,0.74,0.26,0.27,0.01,0.01,78265.75,1776858359000
1776858360.962,60.962,0.73,0.74,0.26,0.27,0.01,0.01,78265.75,1776858359000
1776858361.344,61.344,0.73,0.74,0.26,0.27,0.01,0.01,78266.68,1776858360000
1776858361.717,61.717,0.73,0.74,0.26,0.27,0.01,0.01,78266.68,1776858360000
1776858362.068,62.068,0.73,0.74,0.26,0.27,0.01,0.01,78266.68,1776858360000
1776858362.484,62.484,0.73,0.74,0.26,0.27,0.01,0.01,78266.54,1776858361000
1776858363.045,63.045,0.73,0.74,0.26,0.27,0.01,0.01,78266.54,1776858361000
1776858363.383,63.383,0.73,0.74,0.26,0.27,0.01,0.01,78266.54,1776858361000
1776858363.737,63.737,0.74,0.75,0.25,0.26,0.01,0.01,78266.61,1776858362000
1776858364.098,64.098,0.74,0.75,0.25,0.26,0.01,0.01,78266.45,1776858363000
1776858364.457,64.457,0.74,0.75,0.25,0.26,0.01,0.01,78266.45,1776858363000
1776858364.932,64.932,0.74,0.75,0.25,0.26,0.01,0.01,78266.45,1776858363000
1776858365.354,65.354,0.74,0.75,0.25,0.26,0.01,0.01,78266.28,1776858364000
1776858365.843,65.843,0.74,0.75,0.25,0.26,0.01,0.01,78266.28,1776858364000
1776858366.251,66.251,0.74,0.75,0.25,0.26,0.01,0.01,78266.28,1776858364000
1776858366.825,66.825,0.74,0.75,0.25,0.26,0.01,0.01,78266.28,1776858365000
1776858367.307,67.307,0.74,0.75,0.25,0.26,0.01,0.01,78266.28,1776858366000
1776858367.702,67.702,0.74,0.75,0.25,0.26,0.01,0.01,78266.28,1776858366000
1776858368.128,68.128,0.74,0.75,0.25,0.26,0.01,0.01,78266.28,1776858367000
1776858368.468,68.468,0.79,0.8,0.2,0.21,0.01,0.01,78266.28,1776858367000
1776858368.802,68.802,0.79,0.8,0.2,0.21,0.01,0.01,78266.28,1776858367000
1776858369.235,69.235,0.81,0.84,0.16,0.19,0.03,0.03,78266.43,1776858368000
1776858369.593,69.593,0.85,0.86,0.14,0.15,0.01,0.01,78266.43,1776858368000
1776858370.029,70.029,0.85,0.86,0.14,0.15,0.01,0.01,78266.43,1776858368000
1776858370.373,70.373,0.85,0.86,0.14,0.15,0.01,0.01,78266.43,1776858368000
1776858370.773,70.773,0.85,0.86,0.14,0.15,0.01,0.01,78287.79,1776858369000
1776858371.268,71.268,0.85,0.86,0.14,0.15,0.01,0.01,78288.82,1776858370000
1776858371.839,71.839,0.84,0.85,0.15,0.16,0.01,0.01,78288.82,1776858370000
1776858372.209,72.209,0.84,0.85,0.15,0.16,0.01,0.01,78288.82,1776858370000
1776858372.59,72.59,0.84,0.85,0.15,0.16,0.01,0.01,78288.82,1776858370000
1776858373.004,73.004,0.84,0.85,0.15,0.16,0.01,0.01,78288.82,1776858370000
1776858373.427,73.427,0.84,0.85,0.15,0.16,0.01,0.01,78290.78,1776858371000
1776858373.957,73.957,0.84,0.85,0.15,0.16,0.01,0.01,78290.65,1776858372000
1776858374.563,74.563,0.86,0.87,0.15,0.16,0.01,0.01,78290.65,1776858372000
1776858374.916,74.916,0.87,0.88,0.12,0.13,0.01,0.01,78290.43,1776858373000
1776858375.326,75.326,0.87,0.88,0.12,0.13,0.01,0.01,78290.43,1776858374000
1776858375.722,75.722,0.87,0.88,0.12,0.13,0.01,0.01,78290.43,1776858374000
1776858376.063,76.063,0.87,0.88,0.12,0.13,0.01,0.01,78290.43,1776858374000
1776858376.406,76.406,0.86,0.88,0.12,0.14,0.02,0.02,78290.43,1776858374000
1776858376.975,76.975,0.86,0.87,0.13,0.14,0.01,0.01,78293.62,1776858375000
1776858377.413,77.413,0.86,0.87,0.13,0.14,0.01,0.01,78295.85,1776858376000
1776858377.78,77.78,0.86,0.87,0.13,0.14,0.01,0.01,78295.85,1776858376000
1776858378.189,78.189,0.86,0.87,0.13,0.14,0.01,0.01,78297.19,1776858377000
1776858378.572,78.572,0.86,0.87,0.13,0.14,0.01,0.01,78297.19,1776858377000
1776858378.975,78.975,0.86,0.87,0.13,0.14,0.01,0.01,78297.19,1776858377000
1776858379.368,79.368,0.86,0.87,0.13,0.14,0.01,0.01,78297.19,1776858377000
1776858379.888,79.888,0.86,0.87,0.13,0.14,0.01,0.01,78297.65,1776858378000
1776858380.251,80.251,0.86,0.87,0.13,0.14,0.01,0.01,78297.65,1776858378000
1776858380.991,80.991,0.86,0.87,0.13,0.14,0.01,0.01,78297.42,1776858379000
1776858381.375,81.375,0.86,0.87,0.13,0.14,0.01,0.01,78297.66,1776858380000
1776858381.802,81.802,0.86,0.87,0.13,0.14,0.01,0.01,78297.66,1776858380000
1776858382.207,82.207,0.86,0.89,0.13,0.14,0.03,0.01,78297.66,1776858380000
1776858382.634,82.634,0.88,0.89,0.11,0.12,0.01,0.01,78297.4,1776858381000
1776858383.019,83.019,0.89,0.9,0.1,0.11,0.01,0.01,78297.4,1776858382000
1776858383.479,83.479,0.89,0.9,0.1,0.11,0.01,0.01,78297.4,1776858382000
1776858383.857,83.857,0.89,0.9,0.1,0.11,0.01,0.01,78297.4,1776858382000
1776858384.191,84.191,0.89,0.9,0.1,0.11,0.01,0.01,78305.92,1776858383000
1776858384.816,84.816,0.89,0.9,0.1,0.11,0.01,0.01,78305.92,1776858383000
1776858385.321,85.321,0.89,0.9,0.1,0.11,0.01,0.01,78313.53,1776858384000
1776858385.713,85.713,0.89,0.9,0.1,0.11,0.01,0.01,78313.53,1776858384000
1776858386.048,86.048,0.89,0.9,0.1,0.11,0.01,0.01,78313.53,1776858384000
1776858386.47,86.47,0.89,0.9,0.1,0.11,0.01,0.01,78313.53,1776858384000
1776858386.879,86.879,0.89,0.9,0.1,0.11,0.01,0.01,78313.53,1776858384000
1776858387.313,87.313,0.89,0.9,0.1,0.11,0.01,0.01,78314.45,1776858385000
1776858387.803,87.803,0.89,0.9,0.1,0.11,0.01,0.01,78314.63,1776858386000
1776858388.189,88.189,0.89,0.9,0.1,0.11,0.01,0.01,78314.68,1776858387000
1776858388.613,88.613,0.89,0.9,0.1,0.11,0.01,0.01,78314.68,1776858387000
1776858388.98,88.98,0.9,0.91,0.09,0.1,0.01,0.01,78314.68,1776858387000
1776858389.332,89.332,0.9,0.91,0.09,0.1,0.01,0.01,78314.71,1776858388000
1776858389.665,89.665,0.9,0.92,0.08,0.1,0.02,0.02,78314.71,1776858388000
1776858390.017,90.017,0.91,0.92,0.08,0.09,0.01,0.01,78314.71,1776858388000
1776858390.364,90.364,0.91,0.92,0.08,0.09,0.01,0.01,78316.56,1776858389000
1776858390.733,90.733,0.91,0.92,0.08,0.09,0.01,0.01,78316.56,1776858389000
1776858391.081,91.081,0.92,0.93,0.07,0.08,0.01,0.01,78322.87,1776858390000
1776858391.441,91.441,0.92,0.93,0.07,0.08,0.01,0.01,78322.87,1776858390000
1776858391.796,91.796,0.92,0.93,0.07,0.08,0.01,0.01,78322.87,1776858390000
1776858392.135,92.135,0.92,0.93,0.07,0.08,0.01,0.01,78323.85,1776858391000
1776858392.809,92.809,0.92,0.93,0.07,0.08,0.01,0.01,78323.85,1776858391000
1776858393.185,93.185,0.91,0.92,0.08,0.09,0.01,0.01,78323.93,1776858392000
1776858393.596,93.596,0.91,0.92,0.08,0.09,0.01,0.01,78323.93,1776858392000
1776858394.073,94.073,0.91,0.92,0.08,0.09,0.01,0.01,78323.93,1776858392000
1776858394.556,94.556,0.91,0.92,0.08,0.09,0.01,0.01,78324.43,1776858393000
1776858394.921,94.921,0.91,0.92,0.08,0.09,0.01,0.01,78324.43,1776858393000
1776858395.275,95.275,0.91,0.92,0.08,0.09,0.01,0.01,78324.43,1776858393000
1776858395.672,95.672,0.91,0.92,0.08,0.09,0.01,0.01,78318.46,1776858394000
1776858396.126,96.126,0.9,0.92,0.08,0.09,0.02,0.01,78318.46,1776858394000
1776858396.781,96.781,0.9,0.91,0.09,0.1,0.01,0.01,78317.82,1776858395000
1776858397.133,97.133,0.9,0.91,0.09,0.1,0.01,0.01,78317.82,1776858395000
1776858397.517,97.517,0.9,0.91,0.09,0.1,0.01,0.01,78318.75,1776858396000
1776858397.979,97.979,0.9,0.91,0.09,0.1,0.01,0.01,78318.75,1776858396000
1776858398.357,98.357,0.9,0.91,0.09,0.1,0.01,0.01,78316.93,1776858397000
1776858398.927,98.927,0.9,0.91,0.09,0.1,0.01,0.01,78316.93,1776858397000
1776858399.486,99.486,0.9,0.91,0.09,0.1,0.01,0.01,78316.97,1776858398000
1776858399.945,99.945,0.9,0.91,0.09,0.1,0.01,0.01,78316.97,1776858398000
1776858400.37,100.37,0.9,0.91,0.09,0.1,0.01,0.01,78316.97,1776858398000
1776858400.763,100.763,0.91,0.92,0.08,0.09,0.01,0.01,78315.4,1776858399000
1776858401.101,101.101,0.91,0.92,0.08,0.09,0.01,0.01,78315.4,1776858399000
1776858401.589,101.589,0.92,0.93,0.08,0.09,0.01,0.01,78315.88,1776858400000
1776858401.942,101.942,0.92,0.93,0.07,0.08,0.01,0.01,78315.88,1776858400000
1776858402.376,102.376,0.92,0.93,0.07,0.08,0.01,0.01,78316.86,1776858401000
1776858402.877,102.877,0.92,0.93,0.07,0.08,0.01,0.01,78316.86,1776858401000
1776858403.216,103.216,0.93,0.94,0.06,0.07,0.01,0.01,78316.86,1776858401000
1776858403.591,103.591,0.93,0.94,0.06,0.07,0.01,0.01,78322.28,1776858402000
1776858404.028,104.028,0.93,0.94,0.06,0.07,0.01,0.01,78322.28,1776858402000
1776858404.451,104.451,0.93,0.94,0.06,0.07,0.01,0.01,78322.39,1776858403000
1776858404.797,104.797,0.93,0.94,0.06,0.07,0.01,0.01,78322.39,1776858403000
1776858405.287,105.287,0.93,0.94,0.06,0.07,0.01,0.01,78322.39,1776858403000
1776858405.696,105.696,0.92,0.94,0.06,0.07,0.02,0.01,78332.64,1776858404000
1776858406.039,106.039,0.92,0.93,0.07,0.08,0.01,0.01,78332.64,1776858404000
1776858406.419,106.419,0.92,0.93,0.07,0.08,0.01,0.01,78327.72,1776858405000
1776858407.049,107.049,0.92,0.93,0.07,0.08,0.01,0.01,78326.69,1776858406000
1776858407.68,107.68,0.92,0.93,0.07,0.08,0.01,0.01,78326.69,1776858406000
1776858408.228,108.228,0.92,0.93,0.07,0.08,0.01,0.01,78320.01,1776858407000
1776858408.866,108.866,0.92,0.93,0.07,0.08,0.01,0.01,78320.01,1776858407000
1776858409.427,109.427,0.92,0.93,0.07,0.08,0.01,0.01,78319.04,1776858408000
1776858410.02,110.02,0.92,0.93,0.07,0.08,0.01,0.01,78319.29,1776858409000
1776858410.689,110.689,0.92,0.93,0.07,0.08,0.01,0.01,78319.29,1776858409000
1776858411.156,111.156,0.92,0.93,0.07,0.08,0.01,0.01,78319.29,1776858409000
1776858411.52,111.52,0.92,0.93,0.07,0.08,0.01,0.01,78318.24,1776858410000
1776858411.865,111.865,0.92,0.93,0.07,0.08,0.01,0.01,78318.24,1776858410000
1776858412.293,112.293,0.92,0.93,0.07,0.08,0.01,0.01,78318.24,1776858410000
1776858412.634,112.634,0.92,0.93,0.07,0.08,0.01,0.01,78318.58,1776858411000
1776858413.002,113.002,0.92,0.93,0.07,0.08,0.01,0.01,78318.58,1776858412000
1776858413.399,113.399,0.92,0.93,0.07,0.08,0.01,0.01,78318.58,1776858412000
1776858413.768,113.768,0.92,0.93,0.07,0.08,0.01,0.01,78318.58,1776858412000
1776858414.176,114.176,0.92,0.93,0.07,0.08,0.01,0.01,78319.07,1776858413000
1776858414.515,114.515,0.92,0.93,0.07,0.08,0.01,0.01,78319.07,1776858413000
1776858414.891,114.891,0.92,0.93,0.07,0.08,0.01,0.01,78319.07,1776858413000
1776858415.446,115.446,0.92,0.93,0.07,0.08,0.01,0.01,78319.07,1776858413000
1776858415.795,115.795,0.92,0.93,0.07,0.08,0.01,0.01,78319.04,1776858414000
1776858416.336,116.336,0.92,0.93,0.07,0.08,0.01,0.01,78319.04,1776858414000
1776858416.679,116.679,0.92,0.93,0.07,0.08,0.01,0.01,78319.07,1776858415000
1776858417.091,117.091,0.92,0.93,0.07,0.08,0.01,0.01,78319.12,1776858416000
1776858417.697,117.697,0.92,0.93,0.07,0.08,0.01,0.01,78319.12,1776858416000
1776858418.252,118.252,0.92,0.93,0.07,0.08,0.01,0.01,78318.6,1776858417000
1776858418.594,118.594,0.92,0.93,0.07,0.08,0.01,0.01,78318.6,1776858417000
1776858418.93,118.93,0.92,0.93,0.07,0.08,0.01,0.01,78318.6,1776858417000
1776858419.303,119.303,0.93,0.94,0.06,0.07,0.01,0.01,78318.7,1776858418000
1776858419.65,119.65,0.93,0.94,0.06,0.07,0.01,0.01,78318.7,1776858418000
1776858420.06,120.06,0.93,0.94,0.06,0.07,0.01,0.01,78318.7,1776858418000
1776858420.411,120.411,0.93,0.94,0.06,0.07,0.01,0.01,78318.85,1776858419000
1776858420.768,120.768,0.93,0.94,0.06,0.07,0.01,0.01,78318.85,1776858419000
1776858421.435,121.435,0.91,0.92,0.06,0.09,0.01,0.03,78318.82,1776858420000
1776858421.786,121.786,0.92,0.93,0.07,0.08,0.01,0.01,78318.82,1776858420000
1776858422.205,122.205,0.93,0.94,0.06,0.07,0.01,0.01,78318.82,1776858421000
1776858422.594,122.594,0.93,0.94,0.06,0.07,0.01,0.01,78318.82,1776858421000
1776858422.978,122.978,0.92,0.94,0.06,0.07,0.02,0.01,78319.72,1776858422000
1776858423.317,123.317,0.91,0.92,0.08,0.09,0.01,0.01,78319.72,1776858422000
1776858423.676,123.676,0.9,0.91,0.09,0.1,0.01,0.01,78319.72,1776858422000
1776858424.023,124.023,0.9,0.91,0.09,0.1,0.01,0.01,78320.76,1776858423000
1776858424.534,124.534,0.9,0.94,0.09,0.1,0.04,0.01,78320.76,1776858423000
1776858424.92,124.92,0.91,0.92,0.08,0.09,0.01,0.01,78320.32,1776858424000
1776858425.275,125.275,0.91,0.92,0.08,0.09,0.01,0.01,78320.32,1776858424000
1776858425.622,125.622,0.9,0.91,0.09,0.1,0.01,0.01,78320.32,1776858424000
1776858425.973,125.973,0.88,0.89,0.11,0.12,0.01,0.01,78320.32,1776858424000
1776858426.323,126.323,0.88,0.89,0.11,0.12,0.01,0.01,78320.32,1776858424000
1776858426.714,126.714,0.88,0.89,0.11,0.12,0.01,0.01,78313.02,1776858425000
1776858427.16,127.16,0.88,0.89,0.11,0.12,0.01,0.01,78313.02,1776858425000
1776858427.503,127.503,0.87,0.88,0.12,0.13,0.01,0.01,78311.32,1776858426000
1776858427.876,127.876,0.87,0.88,0.12,0.13,0.01,0.01,78311.32,1776858426000
1776858428.291,128.291,0.87,0.88,0.12,0.13,0.01,0.01,78302.85,1776858427000
1776858428.786,128.786,0.87,0.88,0.12,0.13,0.01,0.01,78302.85,1776858427000
1776858429.399,129.399,0.87,0.88,0.12,0.13,0.01,0.01,78298.75,1776858428000
1776858429.904,129.904,0.86,0.87,0.12,0.14,0.01,0.02,78298.75,1776858428000
1776858430.552,130.552,0.86,0.87,0.13,0.14,0.01,0.01,78295.26,1776858429000
1776858430.901,130.901,0.86,0.87,0.13,0.14,0.01,0.01,78295.26,1776858429000
1776858431.509,131.509,0.86,0.87,0.13,0.14,0.01,0.01,78294.15,1776858430000
1776858431.942,131.942,0.85,0.86,0.14,0.15,0.01,0.01,78293.37,1776858431000
1776858432.28,132.28,0.84,0.85,0.15,0.16,0.01,0.01,78293.37,1776858431000
1776858432.614,132.614,0.83,0.84,0.16,0.17,0.01,0.01,78293.37,1776858431000
1776858433.063,133.063,0.83,0.84,0.16,0.17,0.01,0.01,78292.1,1776858432000
1776858433.476,133.476,0.83,0.84,0.16,0.17,0.01,0.01,78292.1,1776858432000
1776858433.846,133.846,0.82,0.83,0.17,0.18,0.01,0.01,78292.1,1776858432000
1776858434.198,134.198,0.82,0.83,0.17,0.18,0.01,0.01,78287.99,1776858433000
1776858434.625,134.625,0.82,0.83,0.17,0.18,0.01,0.01,78287.99,1776858433000
1776858435.05,135.05,0.82,0.83,0.17,0.18,0.01,0.01,78287.99,1776858433000
1776858435.992,135.992,0.85,0.86,0.14,0.15,0.01,0.01,78284.71,1776858435000
1776858437.134,137.134,0.85,0.86,0.14,0.15,0.01,0.01,78286.18,1776858436000
1776858438.057,138.057,0.85,0.86,0.14,0.15,0.01,0.01,78286.18,1776858436000
1776858438.498,138.498,0.85,0.86,0.13,0.15,0.01,0.02,78291.05,1776858437000
1776858438.866,138.866,0.86,0.87,0.13,0.14,0.01,0.01,78291.05,1776858437000
1776858439.724,139.724,0.86,0.87,0.12,0.14,0.01,0.02,78291.05,1776858438000
1776858440.076,140.076,0.79,0.82,0.18,0.21,0.03,0.03,78291.05,1776858438000
1776858440.437,140.437,0.78,0.82,0.18,0.22,0.04,0.04,78291.58,1776858439000
1776858440.867,140.867,0.79,0.8,0.2,0.21,0.01,0.01,78291.58,1776858439000
1776858441.219,141.219,0.77,0.79,0.21,0.23,0.02,0.02,78291.58,1776858439000
1776858441.76,141.76,0.77,0.78,0.22,0.24,0.01,0.02,78282.25,1776858440000
1776858442.114,142.114,0.77,0.78,0.22,0.23,0.01,0.01,78282.25,1776858440000
1776858442.458,142.458,0.76,0.77,0.23,0.24,0.01,0.01,78282.25,1776858440000
1776858442.878,142.878,0.76,0.77,0.23,0.24,0.01,0.01,78271.89,1776858441000
1776858443.388,143.388,0.76,0.77,0.23,0.24,0.01,0.01,78268.96,1776858442000
1776858443.753,143.753,0.76,0.77,0.23,0.24,0.01,0.01,78268.96,1776858442000
1776858444.234,144.234,0.76,0.77,0.23,0.24,0.01,0.01,78268.96,1776858442000
1776858444.577,144.577,0.76,0.77,0.23,0.24,0.01,0.01,78266.79,1776858443000
1776858445.125,145.125,0.76,0.77,0.23,0.24,0.01,0.01,78266.79,1776858443000
1776858445.694,145.694,0.76,0.77,0.23,0.24,0.01,0.01,78267.34,1776858444000
1776858446.141,146.141,0.76,0.77,0.23,0.24,0.01,0.01,78267.34,1776858444000
1776858447.134,147.134,0.76,0.77,0.23,0.24,0.01,0.01,78267.42,1776858445000
1776858447.486,147.486,0.76,0.77,0.23,0.24,0.01,0.01,78267.42,1776858445000
1776858447.971,147.971,0.76,0.77,0.23,0.24,0.01,0.01,78267.38,1776858447000
1776858448.402,148.402,0.76,0.77,0.23,0.24,0.01,0.01,78267.38,1776858447000
1776858448.74,148.74,0.72,0.73,0.27,0.28,0.01,0.01,78267.38,1776858447000
1776858449.092,149.092,0.71,0.72,0.28,0.29,0.01,0.01,78267.38,1776858447000
1776858449.426,149.426,0.71,0.72,0.28,0.29,0.01,0.01,78267.37,1776858448000
1776858449.775,149.775,0.71,0.72,0.28,0.29,0.01,0.01,78267.37,1776858448000
1776858450.12,150.12,0.71,0.72,0.28,0.29,0.01,0.01,78267.37,1776858448000
1776858450.562,150.562,0.72,0.73,0.27,0.28,0.01,0.01,78267.0,1776858449000
1776858450.929,150.929,0.72,0.73,0.27,0.28,0.01,0.01,78267.0,1776858449000
1776858451.293,151.293,0.72,0.73,0.27,0.28,0.01,0.01,78267.0,1776858449000
1776858451.982,151.982,0.72,0.73,0.27,0.28,0.01,0.01,78258.73,1776858450000
1776858452.41,152.41,0.72,0.73,0.27,0.28,0.01,0.01,78258.61,1776858451000
1776858453.033,153.033,0.72,0.73,0.27,0.28,0.01,0.01,78258.58,1776858452000
1776858453.741,153.741,0.72,0.73,0.27,0.28,0.01,0.01,78258.58,1776858452000
1776858454.151,154.151,0.72,0.73,0.27,0.28,0.01,0.01,78258.58,1776858452000
1776858454.563,154.563,0.72,0.73,0.27,0.28,0.01,0.01,78258.85,1776858453000
1776858454.964,154.964,0.72,0.73,0.27,0.28,0.01,0.01,78258.85,1776858453000
1776858455.312,155.312,0.73,0.74,0.27,0.28,0.01,0.01,78258.85,1776858453000
1776858455.796,155.796,0.73,0.74,0.26,0.27,0.01,0.01,78258.85,1776858453000
1776858456.29,156.29,0.73,0.74,0.26,0.27,0.01,0.01,78258.85,1776858453000
1776858457.036,157.036,0.73,0.74,0.26,0.27,0.01,0.01,78258.85,1776858453000
1776858458.483,158.483,0.73,0.74,0.26,0.27,0.01,0.01,78258.85,1776858453000
1776858458.88,158.88,0.73,0.74,0.26,0.27,0.01,0.01,78258.85,1776858453000
1776858459.224,159.224,0.73,0.74,0.26,0.27,0.01,0.01,78258.85,1776858453000
1776858459.602,159.602,0.73,0.74,0.26,0.27,0.01,0.01,78258.85,1776858453000
1776858460.115,160.115,0.73,0.74,0.26,0.27,0.01,0.01,78258.85,1776858453000
1776858460.664,160.664,0.73,0.74,0.26,0.27,0.01,0.01,78258.85,1776858453000
1776858461.15,161.15,0.73,0.74,0.26,0.27,0.01,0.01,78258.85,1776858453000
1776858462.491,162.491,0.73,0.74,0.26,0.27,0.01,0.01,78258.62,1776858461000
1776858462.86,162.86,0.73,0.74,0.26,0.27,0.01,0.01,78258.62,1776858461000
1776858463.236,163.236,0.73,0.74,0.26,0.27,0.01,0.01,78258.62,1776858461000
1776858463.617,163.617,0.73,0.74,0.26,0.27,0.01,0.01,78258.25,1776858462000
1776858464.018,164.018,0.72,0.73,0.26,0.28,0.01,0.02,78257.5,1776858463000
1776858464.366,164.366,0.72,0.73,0.27,0.28,0.01,0.01,78257.5,1776858463000
1776858464.778,164.778,0.72,0.73,0.27,0.28,0.01,0.01,78257.5,1776858463000
1776858465.325,165.325,0.72,0.73,0.27,0.28,0.01,0.01,78256.23,1776858464000
1776858465.679,165.679,0.72,0.73,0.27,0.28,0.01,0.01,78256.23,1776858464000
1776858466.022,166.022,0.72,0.73,0.27,0.28,0.01,0.01,78255.96,1776858465000
1776858466.45,166.45,0.72,0.73,0.27,0.28,0.01,0.01,78255.96,1776858465000
1776858466.989,166.989,0.72,0.73,0.27,0.28,0.01,0.01,78255.05,1776858466000
1776858467.477,167.477,0.72,0.73,0.27,0.28,0.01,0.01,78255.05,1776858466000
1776858467.85,167.85,0.72,0.73,0.27,0.28,0.01,0.01,78255.05,1776858466000
1776858468.267,168.267,0.72,0.73,0.27,0.28,0.01,0.01,78254.19,1776858467000
1776858468.742,168.742,0.72,0.73,0.27,0.28,0.01,0.01,78254.19,1776858467000
1776858469.085,169.085,0.72,0.73,0.27,0.28,0.01,0.01,78254.19,1776858467000
1776858469.683,169.683,0.72,0.73,0.27,0.28,0.01,0.01,78254.15,1776858468000
1776858470.028,170.028,0.72,0.73,0.27,0.28,0.01,0.01,78254.15,1776858468000
1776858470.463,170.463,0.72,0.73,0.27,0.28,0.01,0.01,78254.14,1776858469000
1776858470.997,170.997,0.72,0.73,0.27,0.28,0.01,0.01,78254.14,1776858469000
1776858471.381,171.381,0.72,0.73,0.27,0.28,0.01,0.01,78254.13,1776858470000
1776858471.778,171.778,0.72,0.73,0.27,0.28,0.01,0.01,78254.13,1776858470000
1776858472.114,172.114,0.72,0.73,0.27,0.28,0.01,0.01,78254.13,1776858470000
1776858472.522,172.522,0.73,0.74,0.26,0.27,0.01,0.01,78254.13,1776858470000
1776858472.927,172.927,0.73,0.74,0.26,0.27,0.01,0.01,78254.13,1776858470000
1776858473.539,173.539,0.73,0.74,0.26,0.27,0.01,0.01,78254.49,1776858471000
1776858474.382,174.382,0.72,0.73,0.27,0.28,0.01,0.01,78254.49,1776858473000
1776858474.755,174.755,0.72,0.73,0.27,0.28,0.01,0.01,78254.49,1776858473000
1776858475.165,175.165,0.72,0.73,0.27,0.28,0.01,0.01,78254.49,1776858473000
1776858475.56,175.56,0.64,0.66,0.34,0.36,0.02,0.02,78254.49,1776858473000
1776858475.931,175.931,0.64,0.65,0.35,0.36,0.01,0.01,78254.49,1776858474000
1776858476.298,176.298,0.64,0.65,0.35,0.36,0.01,0.01,78254.49,1776858474000
1776858476.73,176.73,0.64,0.65,0.35,0.36,0.01,0.01,78254.49,1776858474000
1776858477.234,177.234,0.65,0.69,0.34,0.35,0.04,0.01,78254.49,1776858474000
1776858477.646,177.646,0.7,0.71,0.29,0.3,0.01,0.01,78254.49,1776858474000
1776858478.255,178.255,0.7,0.71,0.29,0.3,0.01,0.01,78246.79,1776858477000
1776858478.732,178.732,0.7,0.71,0.29,0.3,0.01,0.01,78246.79,1776858477000
1776858479.394,179.394,0.7,0.71,0.29,0.3,0.01,0.01,78246.79,1776858477000
1776858479.928,179.928,0.7,0.71,0.29,0.3,0.01,0.01,78249.08,1776858478000
1776858480.354,180.354,0.7,0.71,0.29,0.3,0.01,0.01,78249.08,1776858479000
1776858480.707,180.707,0.7,0.71,0.29,0.3,0.01,0.01,78249.08,1776858479000
1776858481.093,181.093,0.71,0.72,0.28,0.29,0.01,0.01,78249.08,1776858479000
1776858481.438,181.438,0.72,0.73,0.27,0.28,0.01,0.01,78249.08,1776858479000
1776858481.851,181.851,0.72,0.73,0.27,0.28,0.01,0.01,78250.79,1776858480000
1776858482.267,182.267,0.72,0.73,0.27,0.28,0.01,0.01,78250.84,1776858481000
1776858482.607,182.607,0.72,0.73,0.27,0.28,0.01,0.01,78250.84,1776858481000
1776858482.95,182.95,0.71,0.72,0.28,0.29,0.01,0.01,78250.84,1776858481000
1776858483.573,183.573,0.71,0.72,0.28,0.29,0.01,0.01,78251.74,1776858482000
1776858484.018,184.018,0.72,0.73,0.27,0.29,0.01,0.02,78251.74,1776858482000
1776858484.391,184.391,0.72,0.73,0.27,0.28,0.01,0.01,78252.3,1776858483000
1776858484.815,184.815,0.72,0.73,0.27,0.28,0.01,0.01,78252.3,1776858483000
1776858485.155,185.155,0.72,0.73,0.27,0.28,0.01,0.01,78252.11,1776858484000
1776858485.819,185.819,0.72,0.73,0.27,0.28,0.01,0.01,78252.11,1776858484000
1776858486.159,186.159,0.72,0.73,0.27,0.28,0.01,0.01,78253.05,1776858485000
1776858486.532,186.532,0.72,0.73,0.27,0.28,0.01,0.01,78253.05,1776858485000
1776858487.032,187.032,0.72,0.73,0.27,0.28,0.01,0.01,78253.05,1776858485000
1776858487.53,187.53,0.72,0.73,0.27,0.28,0.01,0.01,78253.18,1776858486000
1776858487.879,187.879,0.72,0.73,0.27,0.28,0.01,0.01,78253.39,1776858487000
1776858488.293,188.293,0.72,0.73,0.27,0.28,0.01,0.01,78253.39,1776858487000
1776858488.78,188.78,0.72,0.73,0.27,0.28,0.01,0.01,78253.39,1776858487000
1776858489.118,189.118,0.72,0.73,0.27,0.28,0.01,0.01,78253.39,1776858487000
1776858489.8,189.8,0.72,0.73,0.27,0.28,0.01,0.01,78253.39,1776858488000
1776858490.167,190.167,0.72,0.73,0.27,0.28,0.01,0.01,78253.39,1776858488000
1776858490.507,190.507,0.72,0.73,0.27,0.28,0.01,0.01,78253.55,1776858489000
1776858490.877,190.877,0.72,0.73,0.27,0.28,0.01,0.01,78253.53,1776858490000
1776858491.633,191.633,0.72,0.73,0.27,0.28,0.01,0.01,78253.53,1776858490000
1776858492.436,192.436,0.72,0.73,0.27,0.28,0.01,0.01,78253.48,1776858491000
1776858492.819,192.819,0.79,0.8,0.2,0.21,0.01,0.01,78253.48,1776858491000
1776858493.201,193.201,0.79,0.8,0.2,0.21,0.01,0.01,78253.48,1776858491000
1776858493.708,193.708,0.79,0.8,0.2,0.21,0.01,0.01,78253.56,1776858492000
1776858494.156,194.156,0.79,0.8,0.2,0.21,0.01,0.01,78253.56,1776858492000
1776858494.745,194.745,0.78,0.79,0.21,0.22,0.01,0.01,78255.36,1776858493000
1776858495.133,195.133,0.77,0.78,0.21,0.22,0.01,0.01,78259.55,1776858494000
1776858495.5,195.5,0.75,0.76,0.24,0.25,0.01,0.01,78259.55,1776858494000
1776858495.851,195.851,0.75,0.76,0.24,0.25,0.01,0.01,78259.55,1776858494000
1776858496.257,196.257,0.75,0.76,0.24,0.25,0.01,0.01,78259.55,1776858495000
1776858496.691,196.691,0.75,0.76,0.24,0.25,0.01,0.01,78259.55,1776858495000
1776858497.132,197.132,0.75,0.76,0.24,0.25,0.01,0.01,78259.55,1776858495000
1776858497.486,197.486,0.75,0.76,0.24,0.25,0.01,0.01,78259.4,1776858496000
1776858497.921,197.921,0.75,0.76,0.24,0.25,0.01,0.01,78259.4,1776858496000
1776858498.268,198.268,0.68,0.69,0.3,0.32,0.01,0.02,78256.54,1776858497000
1776858498.657,198.657,0.68,0.69,0.31,0.32,0.01,0.01,78256.54,1776858497000
1776858499.011,199.011,0.63,0.64,0.36,0.37,0.01,0.01,78256.54,1776858497000
1776858499.467,199.467,0.63,0.64,0.36,0.37,0.01,0.01,78256.43,1776858498000
1776858499.803,199.803,0.63,0.64,0.36,0.37,0.01,0.01,78256.43,1776858498000
1776858500.151,200.151,0.63,0.64,0.36,0.37,0.01,0.01,78256.43,1776858498000
1776858500.547,200.547,0.63,0.64,0.36,0.37,0.01,0.01,78251.99,1776858499000
1776858500.896,200.896,0.63,0.64,0.36,0.37,0.01,0.01,78247.83,1776858500000
1776858502.017,202.017,0.67,0.68,0.32,0.33,0.01,0.01,78247.83,1776858500000
1776858503.154,203.154,0.67,0.68,0.32,0.33,0.01,0.01,78245.75,1776858502000
1776858503.61,203.61,0.67,0.68,0.32,0.33,0.01,0.01,78245.75,1776858502000
1776858504.058,204.058,0.67,0.68,0.32,0.33,0.01,0.01,78245.75,1776858502000
1776858504.733,204.733,0.67,0.68,0.32,0.33,0.01,0.01,78245.75,1776858503000
1776858505.288,205.288,0.67,0.69,0.32,0.33,0.02,0.01,78245.75,1776858503000
1776858505.659,205.659,0.67,0.68,0.31,0.33,0.01,0.02,78245.32,1776858504000
1776858506.215,206.215,0.67,0.68,0.32,0.33,0.01,0.01,78245.27,1776858505000
1776858507.244,207.244,0.67,0.68,0.32,0.33,0.01,0.01,78245.39,1776858506000
1776858507.816,207.816,0.67,0.68,0.32,0.33,0.01,0.01,78245.39,1776858506000
1776858508.378,208.378,0.67,0.68,0.32,0.33,0.01,0.01,78245.08,1776858507000
1776858508.712,208.712,0.65,0.66,0.34,0.35,0.01,0.01,78245.08,1776858507000
1776858509.143,209.143,0.65,0.66,0.34,0.35,0.01,0.01,78245.08,1776858507000
1776858509.484,209.484,0.65,0.66,0.34,0.35,0.01,0.01,78245.08,1776858508000
1776858509.83,209.83,0.64,0.66,0.34,0.35,0.02,0.01,78245.08,1776858508000
1776858510.333,210.333,0.64,0.66,0.34,0.36,0.02,0.02,78244.88,1776858509000
1776858510.693,210.693,0.64,0.65,0.35,0.36,0.01,0.01,78244.88,1776858509000
1776858511.082,211.082,0.64,0.65,0.35,0.36,0.01,0.01,78244.88,1776858510000
1776858511.472,211.472,0.64,0.65,0.35,0.36,0.01,0.01,78244.88,1776858510000
1776858512.115,212.115,0.64,0.65,0.35,0.36,0.01,0.01,78244.88,1776858510000
1776858512.604,212.604,0.65,0.66,0.34,0.35,0.01,0.01,78244.87,1776858511000
1776858512.942,212.942,0.65,0.67,0.34,0.35,0.02,0.01,78244.87,1776858511000
1776858513.281,213.281,0.66,0.67,0.33,0.34,0.01,0.01,78244.93,1776858512000
1776858513.615,213.615,0.66,0.67,0.33,0.34,0.01,0.01,78244.93,1776858512000
1776858514.035,214.035,0.68,0.69,0.33,0.34,0.01,0.01,78244.93,1776858512000
1776858514.395,214.395,0.68,0.7,0.3,0.32,0.02,0.02,78244.93,1776858513000
1776858514.737,214.737,0.76,0.78,0.22,0.24,0.02,0.02,78244.93,1776858513000
1776858515.091,215.091,0.77,0.78,0.22,0.23,0.01,0.01,78244.93,1776858513000
1776858515.443,215.443,0.77,0.78,0.22,0.23,0.01,0.01,78244.93,1776858514000
1776858515.819,215.819,0.77,0.78,0.22,0.23,0.01,0.01,78244.93,1776858514000
1776858516.155,216.155,0.73,0.78,0.22,0.23,0.05,0.01,78244.93,1776858514000
1776858516.754,216.754,0.71,0.72,0.26,0.29,0.01,0.03,78248.91,1776858515000
1776858517.241,217.241,0.68,0.69,0.31,0.32,0.01,0.01,78255.63,1776858516000
1776858517.621,217.621,0.68,0.69,0.31,0.32,0.01,0.01,78255.63,1776858516000
1776858517.957,217.957,0.65,0.67,0.33,0.34,0.02,0.01,78255.63,1776858516000
1776858518.319,218.319,0.64,0.65,0.35,0.36,0.01,0.01,78254.49,1776858517000
1776858518.655,218.655,0.64,0.65,0.35,0.36,0.01,0.01,78254.49,1776858517000
1776858519.115,219.115,0.64,0.65,0.35,0.36,0.01,0.01,78254.49,1776858517000
1776858519.489,219.489,0.64,0.65,0.35,0.36,0.01,0.01,78247.56,1776858518000
1776858519.845,219.845,0.65,0.66,0.35,0.36,0.01,0.01,78247.56,1776858518000
1776858520.24,220.24,0.65,0.66,0.34,0.35,0.01,0.01,78246.15,1776858519000
1776858521.229,221.229,0.65,0.66,0.34,0.35,0.01,0.01,78246.0,1776858520000
1776858521.59,221.59,0.66,0.67,0.33,0.34,0.01,0.01,78246.0,1776858520000
1776858521.98,221.98,0.66,0.67,0.33,0.34,0.01,0.01,78246.0,1776858520000
1776858522.575,222.575,0.66,0.67,0.3,0.34,0.01,0.04,78245.95,1776858521000
1776858523.252,223.252,0.66,0.67,0.33,0.34,0.01,0.01,78245.7,1776858522000
1776858523.74,223.74,0.69,0.7,0.3,0.32,0.01,0.02,78245.7,1776858522000
1776858524.111,224.111,0.69,0.71,0.3,0.31,0.02,0.01,78245.7,1776858522000
1776858524.584,224.584,0.72,0.73,0.27,0.28,0.01,0.01,78245.87,1776858523000
1776858525.025,225.025,0.72,0.73,0.27,0.28,0.01,0.01,78245.87,1776858523000
1776858525.838,225.838,0.72,0.73,0.27,0.28,0.01,0.01,78245.87,1776858524000
1776858526.219,226.219,0.72,0.77,0.23,0.28,0.05,0.05,78245.87,1776858524000
1776858526.655,226.655,0.77,0.78,0.22,0.23,0.01,0.01,78248.02,1776858525000
1776858527.332,227.332,0.8,0.81,0.19,0.22,0.01,0.03,78248.02,1776858525000
1776858527.7,227.7,0.8,0.81,0.19,0.2,0.01,0.01,78252.16,1776858526000
1776858528.183,228.183,0.8,0.81,0.19,0.2,0.01,0.01,78254.97,1776858527000
1776858528.562,228.562,0.83,0.84,0.16,0.17,0.01,0.01,78254.97,1776858527000
1776858528.924,228.924,0.85,0.86,0.14,0.15,0.01,0.01,78254.97,1776858527000
1776858529.267,229.267,0.85,0.86,0.14,0.15,0.01,0.01,78257.19,1776858528000
1776858529.625,229.625,0.86,0.88,0.13,0.15,0.02,0.02,78257.19,1776858528000
1776858529.966,229.966,0.88,0.89,0.11,0.12,0.01,0.01,78257.19,1776858528000
1776858530.381,230.381,0.88,0.89,0.11,0.12,0.01,0.01,78257.19,1776858528000
1776858530.845,230.845,0.88,0.89,0.11,0.12,0.01,0.01,78258.89,1776858529000
1776858531.179,231.179,0.88,0.89,0.11,0.12,0.01,0.01,78258.89,1776858529000
1776858531.925,231.925,0.88,0.89,0.11,0.12,0.01,0.01,78259.93,1776858530000
1776858532.298,232.298,0.88,0.89,0.11,0.12,0.01,0.01,78262.81,1776858531000
1776858532.828,232.828,0.88,0.89,0.11,0.12,0.01,0.01,78262.81,1776858531000
1776858533.273,233.273,0.88,0.89,0.11,0.12,0.01,0.01,78262.81,1776858531000
1776858533.62,233.62,0.88,0.89,0.11,0.12,0.01,0.01,78263.19,1776858532000
1776858534.147,234.147,0.88,0.89,0.11,0.12,0.01,0.01,78263.19,1776858532000
1776858534.651,234.651,0.88,0.89,0.11,0.12,0.01,0.01,78263.22,1776858533000
1776858535.057,235.057,0.88,0.89,0.11,0.12,0.01,0.01,78262.5,1776858534000
1776858535.506,235.506,0.89,0.9,0.1,0.11,0.01,0.01,78262.5,1776858534000
1776858535.938,235.938,0.89,0.9,0.1,0.11,0.01,0.01,78262.5,1776858534000
1776858536.322,236.322,0.89,0.9,0.1,0.11,0.01,0.01,78262.22,1776858535000
1776858536.763,236.763,0.9,0.91,0.09,0.1,0.01,0.01,78262.22,1776858535000
1776858537.109,237.109,0.89,0.91,0.09,0.11,0.02,0.02,78262.54,1776858536000
1776858537.525,237.525,0.88,0.89,0.11,0.12,0.01,0.01,78262.54,1776858536000
1776858537.95,237.95,0.88,0.89,0.11,0.12,0.01,0.01,78262.54,1776858536000
1776858538.357,238.357,0.88,0.89,0.11,0.12,0.01,0.01,78263.11,1776858537000
1776858538.903,238.903,0.87,0.89,0.11,0.12,0.02,0.01,78263.11,1776858537000
1776858539.254,239.254,0.85,0.86,0.14,0.15,0.01,0.01,78262.9,1776858538000
1776858539.698,239.698,0.84,0.85,0.15,0.16,0.01,0.01,78262.9,1776858538000
1776858540.085,240.085,0.84,0.85,0.15,0.16,0.01,0.01,78262.9,1776858538000
1776858540.422,240.422,0.85,0.87,0.14,0.16,0.02,0.02,78262.69,1776858539000
1776858540.76,240.76,0.89,0.91,0.1,0.14,0.02,0.04,78262.69,1776858539000
1776858541.112,241.112,0.9,0.91,0.09,0.1,0.01,0.01,78262.69,1776858539000
1776858541.492,241.492,0.9,0.91,0.09,0.11,0.01,0.02,78262.69,1776858539000
1776858541.866,241.866,0.9,0.91,0.09,0.1,0.01,0.01,78260.05,1776858540000
1776858542.224,242.224,0.9,0.91,0.09,0.1,0.01,0.01,78260.05,1776858540000
1776858542.598,242.598,0.9,0.91,0.09,0.1,0.01,0.01,78260.67,1776858541000
1776858542.959,242.959,0.89,0.9,0.1,0.11,0.01,0.01,78260.67,1776858541000
1776858543.333,243.333,0.89,0.9,0.1,0.11,0.01,0.01,78260.67,1776858541000
1776858543.752,243.752,0.9,0.91,0.09,0.1,0.01,0.01,78264.25,1776858542000
1776858544.113,244.113,0.9,0.91,0.09,0.1,0.01,0.01,78264.95,1776858543000
1776858544.485,244.485,0.9,0.93,0.09,0.1,0.03,0.01,78264.95,1776858543000
1776858544.819,244.819,0.92,0.93,0.07,0.08,0.01,0.01,78264.95,1776858543000
1776858545.185,245.185,0.92,0.94,0.06,0.08,0.02,0.02,78264.95,1776858543000
1776858545.525,245.525,0.94,0.95,0.05,0.06,0.01,0.01,78264.95,1776858543000
1776858545.888,245.888,0.94,0.95,0.04,0.06,0.01,0.02,78264.41,1776858544000
1776858546.231,246.231,0.96,0.97,0.03,0.04,0.01,0.01,78264.41,1776858544000
1776858546.63,246.63,0.97,0.98,0.02,0.04,0.01,0.02,78264.41,1776858545000
1776858546.973,246.973,0.97,0.98,0.02,0.03,0.01,0.01,78264.41,1776858545000
1776858547.32,247.32,0.97,0.98,0.02,0.03,0.01,0.01,78264.41,1776858545000
1776858547.655,247.655,0.97,0.98,0.02,0.03,0.01,0.01,78306.31,1776858546000
1776858547.988,247.988,0.97,0.98,0.02,0.03,0.01,0.01,78306.31,1776858546000
1776858548.419,248.419,0.97,0.98,0.02,0.03,0.01,0.01,78309.35,1776858547000
1776858548.779,248.779,0.97,0.98,0.02,0.03,0.01,0.01,78309.35,1776858547000
1776858549.114,249.114,0.97,0.98,0.02,0.03,0.01,0.01,78309.35,1776858547000
1776858549.452,249.452,0.97,0.98,0.02,0.03,0.01,0.01,78309.35,1776858547000
1776858549.796,249.796,0.97,0.98,0.01,0.03,0.01,0.02,78309.35,1776858547000
1776858550.134,250.134,0.96,0.97,0.03,0.04,0.01,0.01,78309.35,1776858547000
1776858550.476,250.476,0.95,0.97,0.03,0.05,0.02,0.02,78310.08,1776858548000
1776858550.923,250.923,0.97,0.98,0.02,0.03,0.01,0.01,78310.08,1776858548000
1776858551.288,251.288,0.97,0.98,0.02,0.03,0.01,0.01,78310.08,1776858548000
1776858551.625,251.625,0.97,0.98,0.02,0.03,0.01,0.01,78308.72,1776858549000
1776858551.97,251.97,0.96,0.97,0.03,0.04,0.01,0.01,78304.0,1776858550000
1776858552.359,252.359,0.97,0.98,0.02,0.03,0.01,0.01,78304.0,1776858550000
1776858552.745,252.745,0.97,0.98,0.02,0.03,0.01,0.01,78304.0,1776858550000
1776858553.107,253.107,0.98,0.99,0.01,0.02,0.01,0.01,78299.24,1776858551000
1776858553.568,253.568,0.98,0.99,0.01,0.02,0.01,0.01,78299.24,1776858551000
1776858554.017,254.017,0.98,0.99,0.01,0.02,0.01,0.01,78299.24,1776858551000
1776858554.458,254.458,0.98,0.99,0.01,0.02,0.01,0.01,78295.11,1776858552000
1776858554.796,254.796,0.98,0.99,0.01,0.02,0.01,0.01,78295.11,1776858552000
1776858555.151,255.151,0.98,0.99,0.01,0.02,0.01,0.01,78294.29,1776858553000
1776858555.496,255.496,0.98,0.99,0.01,0.02,0.01,0.01,78294.29,1776858553000
1776858555.846,255.846,0.98,0.99,0.01,0.02,0.01,0.01,78294.92,1776858554000
1776858556.211,256.211,0.98,0.99,0.01,0.02,0.01,0.01,78294.92,1776858554000
1776858556.601,256.601,0.98,0.99,0.01,0.02,0.01,0.01,78294.92,1776858554000
1776858556.958,256.958,0.98,0.99,0.01,0.02,0.01,0.01,78294.92,1776858554000
1776858557.338,257.338,0.98,0.99,0.01,0.02,0.01,0.01,78300.52,1776858555000
1776858557.701,257.701,0.98,0.99,0.01,0.02,0.01,0.01,78300.63,1776858556000
1776858558.166,258.166,0.98,0.99,0.01,0.02,0.01,0.01,78300.63,1776858556000
1776858558.554,258.554,0.98,0.99,0.01,0.02,0.01,0.01,78300.63,1776858556000
1776858558.914,258.914,0.98,0.99,0.01,0.02,0.01,0.01,78300.63,1776858556000
1776858559.345,259.345,0.98,0.99,0.01,0.02,0.01,0.01,78306.87,1776858557000
1776858559.699,259.699,0.98,0.99,0.01,0.02,0.01,0.01,78306.86,1776858558000
1776858560.064,260.064,0.98,0.99,0.01,0.02,0.01,0.01,78306.46,1776858559000
1776858560.4,260.4,0.98,0.99,0.01,0.02,0.01,0.01,78306.46,1776858559000
1776858560.757,260.757,0.98,0.99,0.01,0.02,0.01,0.01,78306.46,1776858559000
1776858561.157,261.157,0.99,0.99,0.01,0.02,0.0,0.01,78306.46,1776858559000
1776858561.515,261.515,0.99,0.99,0.01,0.01,0.0,0.0,78306.9,1776858560000
1776858562.085,262.085,0.99,0.99,0.01,0.01,0.0,0.0,78307.16,1776858561000
1776858562.492,262.492,0.99,0.99,0.01,0.01,0.0,0.0,78307.16,1776858561000
1776858564.099,264.099,0.99,0.99,0.01,0.01,0.0,0.0,78307.16,1776858561000
1776858564.699,264.699,0.99,0.99,0.01,0.01,0.0,0.0,78307.16,1776858561000
1776858565.077,265.077,0.99,0.99,0.01,0.01,0.0,0.0,78307.23,1776858564000
1776858565.489,265.489,0.99,0.99,0.01,0.01,0.0,0.0,78307.23,1776858564000
1776858565.884,265.884,0.99,0.99,0.01,0.01,0.0,0.0,78307.23,1776858564000
1776858566.317,266.317,0.99,0.99,0.01,0.01,0.0,0.0,78307.26,1776858565000
1776858567.309,267.309,0.99,0.99,0.01,0.01,0.0,0.0,78307.23,1776858566000
1776858568.238,268.238,0.99,0.99,0.01,0.01,0.0,0.0,78307.23,1776858566000
1776858568.645,268.645,0.99,0.99,0.01,0.01,0.0,0.0,78307.64,1776858567000
1776858569.634,269.634,0.99,0.99,0.01,0.01,0.0,0.0,78307.91,1776858568000
1776858570.097,270.097,0.99,0.99,0.01,0.01,0.0,0.0,78307.23,1776858569000
1776858570.634,270.634,0.99,0.99,0.01,0.01,0.0,0.0,78307.23,1776858569000
1776858571.026,271.026,0.99,0.99,0.01,0.01,0.0,0.0,78307.05,1776858570000
1776858571.695,271.695,0.99,0.99,0.01,0.01,0.0,0.0,78307.05,1776858570000
1776858572.086,272.086,0.99,0.99,0.01,0.01,0.0,0.0,78307.05,1776858570000
1776858573.036,273.036,0.99,0.99,0.01,0.01,0.0,0.0,78308.22,1776858571000
1776858573.854,273.854,0.99,0.99,0.01,0.01,0.0,0.0,78310.72,1776858572000
1776858574.203,274.203,0.99,0.99,0.01,0.01,0.0,0.0,78310.72,1776858572000
1776858575.425,275.425,0.99,0.99,0.01,0.01,0.0,0.0,78321.77,1776858573000
1776858575.956,275.956,0.99,0.99,0.01,0.01,0.0,0.0,78322.14,1776858575000
1776858577.065,277.065,0.99,0.99,0.01,0.01,0.0,0.0,78323.96,1776858576000
1776858578.218,278.218,0.99,0.99,0.01,0.01,0.0,0.0,78324.57,1776858577000
1776858579.739,279.739,0.99,0.99,0.01,0.01,0.0,0.0,78325.44,1776858578000
1776858580.369,280.369,0.99,0.99,0.01,0.01,0.0,0.0,78324.63,1776858579000
1776858581.559,281.559,0.99,0.99,0.01,0.01,0.0,0.0,78324.2,1776858580000
1776858582.115,282.115,0.99,0.99,0.01,0.01,0.0,0.0,78324.42,1776858581000
1776858583.218,283.218,0.99,0.99,0.01,0.01,0.0,0.0,78324.41,1776858582000
1776858583.572,283.572,0.99,0.99,0.01,0.01,0.0,0.0,78324.41,1776858582000
1776858584.43,284.43,0.99,0.99,0.01,0.01,0.0,0.0,78324.41,1776858583000
1776858584.977,284.977,0.99,0.99,0.01,0.01,0.0,0.0,78324.52,1776858584000
1776858586.082,286.082,0.99,0.99,0.01,0.01,0.0,0.0,78324.11,1776858585000
1776858587.185,287.185,0.99,0.99,0.01,0.01,0.0,0.0,78324.41,1776858586000
1776858588.014,288.014,0.99,0.99,0.01,0.01,0.0,0.0,78324.41,1776858586000
1776858588.464,288.464,0.99,0.99,0.01,0.01,0.0,0.0,78324.63,1776858587000
1776858589.515,289.515,0.99,0.99,0.01,0.01,0.0,0.0,78324.16,1776858588000
1776858590.345,290.345,0.99,0.99,0.01,0.01,0.0,0.0,78324.16,1776858589000
1776858591.065,291.065,0.99,0.99,0.01,0.01,0.0,0.0,78324.16,1776858590000
1776858592.218,292.218,0.99,0.99,0.01,0.01,0.0,0.0,78324.16,1776858591000
1776858593.47,293.47,0.99,0.99,0.01,0.01,0.0,0.0,78322.81,1776858592000
1776858594.512,294.512,0.99,0.99,0.01,0.01,0.0,0.0,78322.53,1776858593000
1776858595.115,295.115,0.99,0.99,0.01,0.01,0.0,0.0,78322.53,1776858593000
1776858595.776,295.776,0.99,0.99,0.01,0.01,0.0,0.0,78324.44,1776858594000
1776858596.337,296.337,0.99,0.99,0.01,0.01,0.0,0.0,78327.12,1776858595000
1776858597.099,297.099,0.99,0.99,0.01,0.01,0.0,0.0,78327.16,1776858596000
1776858597.764,297.764,0.99,0.99,0.01,0.01,0.0,0.0,78327.16,1776858596000
1776858598.692,298.692,0.99,0.99,0.01,0.01,0.0,0.0,78326.89,1776858597000
1776858600.012,300.012,0.99,0.99,0.01,0.01,0.0,0.0,78325.85,1776858599000
1776858600.41,300.41,0.99,0.99,0.01,0.01,0.0,0.0,78325.85,1776858599000
1776858600.765,300.765,0.99,0.99,0.01,0.01,0.0,0.0,78325.85,1776858599000
1776858602.109,302.109,0.99,0.99,0.01,0.01,0.0,0.0,78325.39,1776858601000
1776858602.935,302.935,0.99,0.99,0.01,0.01,0.0,0.0,78322.65,1776858602000

# RESULT,winner=Up,slug=btc-updown-5m-1776858300,ticks=644
