timestamp,elapsed_sec,up_bid,up_ask,down_bid,down_ask,up_spread,down_spread,btc_price
1775837400.551,0.551,0.5,0.51,0.49,0.5,0.01,0.01,72557.37
1775837401.0,1.0,0.5,0.51,0.49,0.5,0.01,0.01,72557.37
1775837401.404,1.404,0.5,0.51,0.49,0.5,0.01,0.01,72558.96
1775837401.749,1.749,0.5,0.51,0.49,0.5,0.01,0.01,72558.96
1775837402.108,2.108,0.52,0.53,0.47,0.49,0.01,0.02,72558.96
1775837402.483,2.483,0.52,0.53,0.47,0.48,0.01,0.01,72568.55
1775837402.895,2.895,0.52,0.53,0.47,0.48,0.01,0.01,72568.55
1775837403.527,3.527,0.54,0.55,0.46,0.48,0.01,0.02,72574.43
1775837403.933,3.933,0.54,0.55,0.45,0.46,0.01,0.01,72574.43
1775837404.44,4.44,0.54,0.55,0.45,0.46,0.01,0.01,72574.43
1775837405.026,5.026,0.57,0.58,0.42,0.43,0.01,0.01,72574.43
1775837405.412,5.412,0.58,0.59,0.41,0.42,0.01,0.01,72583.93
1775837405.805,5.805,0.6,0.61,0.39,0.4,0.01,0.01,72583.93
1775837406.236,6.236,0.6,0.61,0.39,0.4,0.01,0.01,72584.6
1775837406.577,6.577,0.6,0.61,0.39,0.4,0.01,0.01,72584.6
1775837406.931,6.931,0.57,0.61,0.39,0.4,0.04,0.01,72584.6
1775837407.375,7.375,0.6,0.61,0.39,0.4,0.01,0.01,72586.82
1775837407.733,7.733,0.63,0.64,0.36,0.37,0.01,0.01,72586.82
1775837408.121,8.121,0.63,0.64,0.36,0.37,0.01,0.01,72587.3
1775837408.511,8.511,0.63,0.64,0.36,0.37,0.01,0.01,72587.3
1775837408.857,8.857,0.63,0.64,0.36,0.37,0.01,0.01,72587.3
1775837409.266,9.266,0.63,0.64,0.36,0.37,0.01,0.01,72587.3
1775837409.73,9.73,0.63,0.64,0.36,0.37,0.01,0.01,72591.69
1775837410.144,10.144,0.63,0.64,0.36,0.37,0.01,0.01,72598.59
1775837410.508,10.508,0.63,0.64,0.36,0.37,0.01,0.01,72598.59
1775837411.14,11.14,0.63,0.64,0.36,0.37,0.01,0.01,72598.59
1775837411.494,11.494,0.63,0.64,0.36,0.37,0.01,0.01,72597.35
1775837411.841,11.841,0.63,0.64,0.36,0.37,0.01,0.01,72597.35
1775837412.187,12.187,0.63,0.64,0.36,0.37,0.01,0.01,72597.35
1775837412.727,12.727,0.63,0.64,0.36,0.37,0.01,0.01,72597.31
1775837413.279,13.279,0.63,0.64,0.36,0.37,0.01,0.01,72597.31
1775837413.71,13.71,0.62,0.63,0.35,0.38,0.01,0.03,72597.44
1775837414.159,14.159,0.62,0.63,0.37,0.38,0.01,0.01,72597.44
1775837414.566,14.566,0.62,0.63,0.37,0.38,0.01,0.01,72598.69
1775837415.161,15.161,0.62,0.63,0.37,0.38,0.01,0.01,72598.69
1775837415.775,15.775,0.65,0.66,0.34,0.35,0.01,0.01,72598.9
1775837416.19,16.19,0.65,0.66,0.34,0.35,0.01,0.01,72598.9
1775837416.563,16.563,0.65,0.66,0.34,0.35,0.01,0.01,72598.86
1775837416.915,16.915,0.65,0.66,0.34,0.35,0.01,0.01,72598.86
1775837417.564,17.564,0.65,0.66,0.34,0.35,0.01,0.01,72599.88
1775837417.949,17.949,0.65,0.66,0.34,0.35,0.01,0.01,72599.88
1775837418.356,18.356,0.65,0.66,0.34,0.35,0.01,0.01,72600.98
1775837418.7,18.7,0.65,0.66,0.34,0.35,0.01,0.01,72600.98
1775837419.225,19.225,0.65,0.66,0.34,0.35,0.01,0.01,72600.98
1775837419.711,19.711,0.65,0.66,0.34,0.35,0.01,0.01,72601.42
1775837420.142,20.142,0.65,0.66,0.34,0.35,0.01,0.01,72601.67
1775837420.652,20.652,0.64,0.65,0.34,0.36,0.01,0.02,72601.67
1775837421.122,21.122,0.64,0.65,0.35,0.36,0.01,0.01,72601.67
1775837421.552,21.552,0.64,0.65,0.35,0.36,0.01,0.01,72601.67
1775837421.954,21.954,0.64,0.65,0.35,0.36,0.01,0.01,72601.74
1775837422.295,22.295,0.64,0.65,0.35,0.36,0.01,0.01,72601.73
1775837422.651,22.651,0.65,0.66,0.34,0.35,0.01,0.01,72601.73
1775837423.259,23.259,0.65,0.66,0.34,0.35,0.01,0.01,72601.73
1775837424.238,24.238,0.66,0.67,0.33,0.34,0.01,0.01,72601.73
1775837424.58,24.58,0.6,0.63,0.37,0.39,0.03,0.02,72601.73
1775837424.936,24.936,0.63,0.64,0.36,0.37,0.01,0.01,72601.73
1775837425.399,25.399,0.61,0.62,0.38,0.39,0.01,0.01,72601.72
1775837425.751,25.751,0.62,0.63,0.37,0.39,0.01,0.02,72601.72
1775837426.258,26.258,0.62,0.63,0.37,0.38,0.01,0.01,72596.81
1775837427.26,27.26,0.63,0.64,0.37,0.38,0.01,0.01,72595.46
1775837427.681,27.681,0.62,0.65,0.35,0.38,0.03,0.03,72595.46
1775837428.051,28.051,0.63,0.65,0.35,0.38,0.02,0.03,72595.46
1775837428.386,28.386,0.67,0.69,0.31,0.33,0.02,0.02,72595.46
1775837428.726,28.726,0.67,0.69,0.31,0.32,0.02,0.01,72596.79
1775837429.111,29.111,0.69,0.7,0.3,0.31,0.01,0.01,72606.14
1775837429.527,29.527,0.69,0.7,0.3,0.31,0.01,0.01,72606.14
1775837429.904,29.904,0.69,0.7,0.3,0.31,0.01,0.01,72606.14
1775837430.27,30.27,0.69,0.7,0.3,0.31,0.01,0.01,72614.15
1775837430.623,30.623,0.68,0.7,0.3,0.31,0.02,0.01,72614.15
1775837431.109,31.109,0.68,0.69,0.31,0.32,0.01,0.01,72614.07
1775837431.749,31.749,0.67,0.68,0.31,0.33,0.01,0.02,72614.07
1775837432.132,32.132,0.66,0.67,0.32,0.34,0.01,0.02,72611.03
1775837432.546,32.546,0.66,0.67,0.33,0.34,0.01,0.01,72611.03
1775837433.079,33.079,0.67,0.68,0.32,0.33,0.01,0.01,72611.03
1775837433.49,33.49,0.68,0.69,0.31,0.32,0.01,0.01,72609.93
1775837433.833,33.833,0.68,0.69,0.31,0.32,0.01,0.01,72609.93
1775837434.285,34.285,0.68,0.69,0.31,0.32,0.01,0.01,72608.22
1775837434.681,34.681,0.68,0.69,0.31,0.32,0.01,0.01,72608.22
1775837435.215,35.215,0.68,0.69,0.31,0.32,0.01,0.01,72608.22
1775837435.862,35.862,0.69,0.7,0.3,0.31,0.01,0.01,72608.8
1775837436.288,36.288,0.69,0.7,0.3,0.31,0.01,0.01,72608.8
1775837436.642,36.642,0.69,0.7,0.3,0.31,0.01,0.01,72608.8
1775837437.013,37.013,0.69,0.71,0.29,0.31,0.02,0.02,72608.8
1775837437.37,37.37,0.71,0.72,0.28,0.3,0.01,0.02,72610.33
1775837437.736,37.736,0.71,0.72,0.28,0.29,0.01,0.01,72610.33
1775837438.196,38.196,0.71,0.72,0.28,0.29,0.01,0.01,72610.33
1775837438.541,38.541,0.71,0.72,0.28,0.29,0.01,0.01,72611.04
1775837438.993,38.993,0.71,0.72,0.28,0.29,0.01,0.01,72611.04
1775837439.372,39.372,0.71,0.72,0.28,0.3,0.01,0.02,72611.04
1775837439.729,39.729,0.7,0.71,0.29,0.3,0.01,0.01,72612.73
1775837440.113,40.113,0.7,0.72,0.28,0.3,0.02,0.02,72612.73
1775837440.644,40.644,0.71,0.72,0.28,0.29,0.01,0.01,72612.25
1775837441.039,41.039,0.73,0.74,0.26,0.28,0.01,0.02,72612.25
1775837441.4,41.4,0.73,0.74,0.26,0.27,0.01,0.01,72612.25
1775837441.811,41.811,0.73,0.74,0.26,0.27,0.01,0.01,72611.98
1775837442.31,42.31,0.73,0.74,0.26,0.27,0.01,0.01,72611.98
1775837442.671,42.671,0.73,0.74,0.26,0.27,0.01,0.01,72614.74
1775837443.017,43.017,0.73,0.74,0.26,0.27,0.01,0.01,72614.74
1775837443.395,43.395,0.73,0.74,0.26,0.27,0.01,0.01,72620.29
1775837443.85,43.85,0.73,0.75,0.26,0.27,0.02,0.01,72620.29
1775837444.291,44.291,0.73,0.74,0.26,0.27,0.01,0.01,72620.29
1775837444.698,44.698,0.72,0.73,0.26,0.28,0.01,0.02,72622.66
1775837445.054,45.054,0.72,0.73,0.27,0.28,0.01,0.01,72622.66
1775837445.423,45.423,0.72,0.73,0.27,0.28,0.01,0.01,72623.57
1775837445.864,45.864,0.72,0.73,0.27,0.28,0.01,0.01,72623.57
1775837446.198,46.198,0.72,0.73,0.27,0.28,0.01,0.01,72623.6
1775837446.558,46.558,0.72,0.73,0.27,0.28,0.01,0.01,72623.6
1775837446.913,46.913,0.72,0.73,0.27,0.28,0.01,0.01,72623.6
1775837447.432,47.432,0.72,0.73,0.27,0.28,0.01,0.01,72622.77
1775837447.771,47.771,0.72,0.73,0.27,0.28,0.01,0.01,72622.77
1775837448.163,48.163,0.73,0.74,0.26,0.28,0.01,0.02,72622.77
1775837448.629,48.629,0.73,0.74,0.26,0.27,0.01,0.01,72621.48
1775837449.033,49.033,0.73,0.74,0.26,0.27,0.01,0.01,72621.48
1775837449.436,49.436,0.73,0.74,0.26,0.27,0.01,0.01,72621.53
1775837449.831,49.831,0.73,0.75,0.25,0.27,0.02,0.02,72621.53
1775837450.216,50.216,0.75,0.76,0.24,0.25,0.01,0.01,72621.53
1775837450.771,50.771,0.75,0.76,0.24,0.25,0.01,0.01,72621.53
1775837451.146,51.146,0.76,0.77,0.23,0.24,0.01,0.01,72622.82
1775837451.505,51.505,0.75,0.76,0.24,0.25,0.01,0.01,72622.82
1775837451.861,51.861,0.75,0.76,0.24,0.25,0.01,0.01,72623.42
1775837452.348,52.348,0.75,0.76,0.24,0.25,0.01,0.01,72626.06
1775837452.831,52.831,0.75,0.76,0.24,0.25,0.01,0.01,72626.06
1775837453.477,53.477,0.75,0.76,0.24,0.25,0.01,0.01,72628.52
1775837453.94,53.94,0.75,0.76,0.24,0.25,0.01,0.01,72628.52
1775837454.467,54.467,0.75,0.76,0.24,0.25,0.01,0.01,72628.52
1775837454.847,54.847,0.76,0.77,0.23,0.25,0.01,0.02,72628.57
1775837455.225,55.225,0.76,0.77,0.23,0.24,0.01,0.01,72628.29
1775837455.565,55.565,0.74,0.75,0.23,0.24,0.01,0.01,72628.29
1775837455.917,55.917,0.74,0.76,0.24,0.26,0.02,0.02,72628.29
1775837456.329,56.329,0.75,0.77,0.24,0.25,0.02,0.01,72628.25
1775837456.665,56.665,0.76,0.77,0.23,0.24,0.01,0.01,72628.25
1775837457.048,57.048,0.76,0.77,0.23,0.24,0.01,0.01,72628.25
1775837457.539,57.539,0.76,0.77,0.23,0.24,0.01,0.01,72627.47
1775837457.981,57.981,0.77,0.78,0.22,0.23,0.01,0.01,72627.47
1775837458.394,58.394,0.77,0.78,0.22,0.23,0.01,0.01,72627.47
1775837458.729,58.729,0.77,0.78,0.22,0.23,0.01,0.01,72627.47
1775837459.086,59.086,0.8,0.81,0.19,0.2,0.01,0.01,72630.02
1775837459.449,59.449,0.8,0.81,0.19,0.2,0.01,0.01,72630.02
1775837459.964,59.964,0.81,0.82,0.18,0.19,0.01,0.01,72630.02
1775837460.374,60.374,0.81,0.82,0.18,0.19,0.01,0.01,72634.03
1775837460.73,60.73,0.82,0.83,0.17,0.18,0.01,0.01,72634.03
1775837461.18,61.18,0.83,0.84,0.16,0.18,0.01,0.02,72634.03
1775837461.515,61.515,0.83,0.84,0.16,0.17,0.01,0.01,72641.62
1775837461.87,61.87,0.83,0.84,0.16,0.17,0.01,0.01,72645.16
1775837462.206,62.206,0.82,0.84,0.16,0.17,0.02,0.01,72645.16
1775837462.73,62.73,0.83,0.84,0.16,0.18,0.01,0.02,72645.16
1775837463.181,63.181,0.83,0.84,0.16,0.17,0.01,0.01,72646.36
1775837463.523,63.523,0.82,0.83,0.16,0.18,0.01,0.02,72646.36
1775837464.098,64.098,0.83,0.84,0.16,0.17,0.01,0.01,72646.36
1775837464.663,64.663,0.83,0.84,0.16,0.17,0.01,0.01,72645.69
1775837464.997,64.997,0.83,0.84,0.16,0.17,0.01,0.01,72645.69
1775837465.499,65.499,0.83,0.84,0.16,0.17,0.01,0.01,72645.69
1775837466.168,66.168,0.83,0.84,0.16,0.17,0.01,0.01,72643.01
1775837466.689,66.689,0.83,0.84,0.16,0.17,0.01,0.01,72643.01
1775837467.057,67.057,0.81,0.82,0.18,0.19,0.01,0.01,72643.01
1775837467.391,67.391,0.81,0.82,0.18,0.19,0.01,0.01,72643.27
1775837467.736,67.736,0.8,0.81,0.19,0.2,0.01,0.01,72643.27
1775837468.195,68.195,0.8,0.81,0.19,0.21,0.01,0.02,72641.6
1775837468.656,68.656,0.79,0.8,0.19,0.21,0.01,0.02,72640.05
1775837469.009,69.009,0.79,0.8,0.2,0.21,0.01,0.01,72640.05
1775837469.558,69.558,0.79,0.8,0.2,0.21,0.01,0.01,72639.62
1775837469.919,69.919,0.82,0.83,0.17,0.18,0.01,0.01,72639.62
1775837470.425,70.425,0.83,0.84,0.16,0.18,0.01,0.02,72639.62
1775837470.895,70.895,0.83,0.84,0.16,0.17,0.01,0.01,72639.62
1775837471.253,71.253,0.83,0.84,0.16,0.17,0.01,0.01,72636.14
1775837471.635,71.635,0.86,0.87,0.12,0.14,0.01,0.02,72636.14
1775837471.97,71.97,0.85,0.88,0.12,0.13,0.03,0.01,72641.3
1775837472.312,72.312,0.84,0.86,0.14,0.16,0.02,0.02,72649.11
1775837472.685,72.685,0.85,0.86,0.14,0.15,0.01,0.01,72649.11
1775837473.092,73.092,0.83,0.85,0.14,0.17,0.02,0.03,72649.11
1775837473.516,73.516,0.83,0.84,0.16,0.17,0.01,0.01,72649.11
1775837473.899,73.899,0.82,0.84,0.16,0.17,0.02,0.01,72655.99
1775837474.256,74.256,0.82,0.83,0.17,0.18,0.01,0.01,72655.99
1775837474.642,74.642,0.83,0.84,0.16,0.17,0.01,0.01,72650.92
1775837475.038,75.038,0.83,0.84,0.16,0.18,0.01,0.02,72650.92
1775837475.443,75.443,0.84,0.85,0.15,0.16,0.01,0.01,72648.21
1775837475.808,75.808,0.84,0.85,0.15,0.16,0.01,0.01,72648.21
1775837476.279,76.279,0.86,0.87,0.13,0.14,0.01,0.01,72648.21
1775837476.982,76.982,0.86,0.87,0.13,0.14,0.01,0.01,72646.8
1775837477.328,77.328,0.87,0.88,0.12,0.13,0.01,0.01,72646.8
1775837477.683,77.683,0.87,0.88,0.12,0.13,0.01,0.01,72652.54
1775837478.048,78.048,0.87,0.88,0.12,0.13,0.01,0.01,72652.54
1775837478.49,78.49,0.87,0.88,0.12,0.13,0.01,0.01,72657.6
1775837478.929,78.929,0.87,0.88,0.12,0.13,0.01,0.01,72657.6
1775837479.325,79.325,0.87,0.88,0.12,0.13,0.01,0.01,72660.07
1775837479.693,79.693,0.88,0.89,0.12,0.13,0.01,0.01,72660.07
1775837480.284,80.284,0.88,0.89,0.11,0.12,0.01,0.01,72660.07
1775837480.679,80.679,0.88,0.89,0.11,0.12,0.01,0.01,72660.29
1775837481.019,81.019,0.86,0.87,0.13,0.14,0.01,0.01,72660.29
1775837481.564,81.564,0.86,0.87,0.13,0.14,0.01,0.01,72660.29
1775837482.236,82.236,0.86,0.87,0.13,0.14,0.01,0.01,72660.29
1775837482.598,82.598,0.86,0.87,0.13,0.14,0.01,0.01,72660.81
1775837483.031,83.031,0.86,0.87,0.13,0.14,0.01,0.01,72660.81
1775837483.365,83.365,0.85,0.87,0.13,0.15,0.02,0.02,72659.96
1775837483.763,83.763,0.85,0.86,0.14,0.15,0.01,0.01,72659.96
1775837484.203,84.203,0.84,0.85,0.14,0.16,0.01,0.02,72659.96
1775837484.587,84.587,0.84,0.85,0.15,0.16,0.01,0.01,72659.96
1775837485.047,85.047,0.83,0.84,0.16,0.17,0.01,0.01,72659.96
1775837485.383,85.383,0.83,0.84,0.16,0.17,0.01,0.01,72659.96
1775837485.742,85.742,0.83,0.84,0.16,0.17,0.01,0.01,72651.49
1775837486.125,86.125,0.83,0.84,0.16,0.17,0.01,0.01,72651.49
1775837486.52,86.52,0.83,0.84,0.16,0.17,0.01,0.01,72648.39
1775837486.963,86.963,0.83,0.84,0.16,0.17,0.01,0.01,72648.39
1775837487.369,87.369,0.83,0.84,0.16,0.17,0.01,0.01,72645.62
1775837487.972,87.972,0.83,0.84,0.16,0.17,0.01,0.01,72645.62
1775837488.425,88.425,0.83,0.84,0.16,0.17,0.01,0.01,72643.87
1775837488.826,88.826,0.83,0.84,0.16,0.17,0.01,0.01,72643.87
1775837489.22,89.22,0.83,0.84,0.16,0.17,0.01,0.01,72643.87
1775837489.966,89.966,0.83,0.84,0.16,0.17,0.01,0.01,72645.47
1775837490.301,90.301,0.83,0.84,0.16,0.17,0.01,0.01,72646.09
1775837490.666,90.666,0.83,0.84,0.16,0.17,0.01,0.01,72646.09
1775837491.103,91.103,0.83,0.84,0.16,0.17,0.01,0.01,72646.09
1775837491.449,91.449,0.83,0.84,0.16,0.17,0.01,0.01,72646.09
1775837491.914,91.914,0.83,0.84,0.16,0.17,0.01,0.01,72647.38
1775837492.393,92.393,0.83,0.84,0.16,0.17,0.01,0.01,72647.16
1775837492.736,92.736,0.83,0.84,0.16,0.17,0.01,0.01,72647.16
1775837493.32,93.32,0.83,0.84,0.16,0.17,0.01,0.01,72647.16
1775837494.053,94.053,0.83,0.84,0.16,0.17,0.01,0.01,72646.03
1775837494.507,94.507,0.81,0.84,0.16,0.17,0.03,0.01,72646.03
1775837494.927,94.927,0.81,0.82,0.18,0.19,0.01,0.01,72646.03
1775837495.765,95.765,0.82,0.84,0.17,0.19,0.02,0.02,72644.41
1775837496.101,96.101,0.84,0.85,0.15,0.16,0.01,0.01,72644.41
1775837496.57,96.57,0.84,0.85,0.15,0.16,0.01,0.01,72644.41
1775837496.93,96.93,0.84,0.85,0.15,0.16,0.01,0.01,72644.41
1775837497.428,97.428,0.84,0.85,0.15,0.16,0.01,0.01,72645.98
1775837498.22,98.22,0.84,0.85,0.15,0.16,0.01,0.01,72645.98
1775837498.56,98.56,0.84,0.85,0.15,0.16,0.01,0.01,72649.16
1775837499.045,99.045,0.84,0.85,0.15,0.16,0.01,0.01,72649.16
1775837499.554,99.554,0.84,0.85,0.15,0.16,0.01,0.01,72645.72
1775837500.281,100.281,0.84,0.85,0.15,0.16,0.01,0.01,72645.72
1775837500.881,100.881,0.84,0.85,0.15,0.16,0.01,0.01,72647.09
1775837501.284,101.284,0.84,0.85,0.15,0.16,0.01,0.01,72647.09
1775837501.624,101.624,0.84,0.85,0.15,0.16,0.01,0.01,72647.52
1775837502.031,102.031,0.84,0.86,0.15,0.16,0.02,0.01,72647.9
1775837502.561,102.561,0.84,0.85,0.15,0.16,0.01,0.01,72647.9
1775837502.943,102.943,0.84,0.85,0.15,0.16,0.01,0.01,72647.9
1775837503.299,103.299,0.84,0.85,0.15,0.16,0.01,0.01,72648.08
1775837504.004,104.004,0.83,0.85,0.15,0.16,0.02,0.01,72648.08
1775837504.405,104.405,0.83,0.84,0.16,0.17,0.01,0.01,72648.08
1775837504.885,104.885,0.82,0.83,0.17,0.18,0.01,0.01,72648.08
1775837505.315,105.315,0.81,0.83,0.17,0.18,0.02,0.01,72648.08
1775837505.666,105.666,0.81,0.82,0.18,0.19,0.01,0.01,72647.52
1775837506.012,106.012,0.81,0.82,0.18,0.19,0.01,0.01,72647.52
1775837506.48,106.48,0.81,0.82,0.18,0.19,0.01,0.01,72647.52
1775837507.029,107.029,0.81,0.82,0.18,0.19,0.01,0.01,72647.52
1775837507.491,107.491,0.81,0.82,0.18,0.19,0.01,0.01,72640.87
1775837507.977,107.977,0.81,0.82,0.18,0.19,0.01,0.01,72640.87
1775837508.323,108.323,0.81,0.82,0.18,0.19,0.01,0.01,72639.75
1775837508.839,108.839,0.82,0.83,0.17,0.19,0.01,0.02,72639.75
1775837509.261,109.261,0.82,0.83,0.17,0.18,0.01,0.01,72639.75
1775837509.606,109.606,0.82,0.83,0.17,0.18,0.01,0.01,72639.69
1775837510.142,110.142,0.81,0.82,0.17,0.18,0.01,0.01,72639.69
1775837510.743,110.743,0.81,0.82,0.18,0.19,0.01,0.01,72639.69
1775837511.255,111.255,0.81,0.82,0.18,0.19,0.01,0.01,72639.69
1775837511.707,111.707,0.81,0.82,0.18,0.19,0.01,0.01,72639.69
1775837512.41,112.41,0.81,0.82,0.18,0.19,0.01,0.01,72637.96
1775837513.002,113.002,0.84,0.85,0.15,0.16,0.01,0.01,72637.96
1775837513.371,113.371,0.84,0.85,0.15,0.16,0.01,0.01,72637.61
1775837513.763,113.763,0.84,0.85,0.15,0.16,0.01,0.01,72637.61
1775837514.164,114.164,0.84,0.85,0.15,0.16,0.01,0.01,72638.13
1775837514.765,114.765,0.84,0.85,0.15,0.16,0.01,0.01,72638.13
1775837515.325,115.325,0.84,0.85,0.15,0.16,0.01,0.01,72638.13
1775837515.825,115.825,0.85,0.87,0.15,0.16,0.02,0.01,72641.35
1775837516.206,116.206,0.86,0.87,0.13,0.14,0.01,0.01,72641.21
1775837516.703,116.703,0.86,0.87,0.13,0.14,0.01,0.01,72641.21
1775837517.769,117.769,0.86,0.87,0.13,0.14,0.01,0.01,72642.94
1775837518.166,118.166,0.86,0.87,0.13,0.14,0.01,0.01,72642.94
1775837518.649,118.649,0.86,0.87,0.13,0.14,0.01,0.01,72644.46
1775837519.382,119.382,0.86,0.87,0.13,0.14,0.01,0.01,72645.21
1775837519.87,119.87,0.87,0.88,0.13,0.14,0.01,0.01,72645.21
1775837520.261,120.261,0.87,0.88,0.12,0.13,0.01,0.01,72645.21
1775837520.677,120.677,0.87,0.88,0.12,0.13,0.01,0.01,72646.64
1775837521.023,121.023,0.87,0.88,0.12,0.13,0.01,0.01,72646.64
1775837521.367,121.367,0.87,0.88,0.12,0.13,0.01,0.01,72645.16
1775837521.757,121.757,0.87,0.88,0.12,0.13,0.01,0.01,72645.16
1775837522.104,122.104,0.87,0.88,0.12,0.13,0.01,0.01,72645.16
1775837522.457,122.457,0.87,0.88,0.12,0.13,0.01,0.01,72645.16
1775837522.8,122.8,0.86,0.87,0.12,0.14,0.01,0.02,72645.13
1775837523.155,123.155,0.83,0.84,0.16,0.18,0.01,0.02,72644.31
1775837523.601,123.601,0.82,0.83,0.16,0.18,0.01,0.02,72644.31
1775837524.104,124.104,0.82,0.83,0.17,0.18,0.01,0.01,72644.31
1775837524.481,124.481,0.82,0.83,0.17,0.18,0.01,0.01,72643.85
1775837524.956,124.956,0.81,0.82,0.17,0.18,0.01,0.01,72643.85
1775837525.314,125.314,0.81,0.82,0.18,0.19,0.01,0.01,72643.85
1775837525.728,125.728,0.81,0.82,0.18,0.19,0.01,0.01,72636.91
1775837526.204,126.204,0.81,0.82,0.18,0.19,0.01,0.01,72636.91
1775837526.54,126.54,0.81,0.82,0.18,0.19,0.01,0.01,72632.84
1775837526.885,126.885,0.81,0.83,0.18,0.19,0.02,0.01,72632.84
1775837527.26,127.26,0.82,0.83,0.17,0.19,0.01,0.02,72631.78
1775837527.759,127.759,0.83,0.84,0.16,0.17,0.01,0.01,72631.78
1775837528.209,128.209,0.83,0.84,0.16,0.17,0.01,0.01,72631.78
1775837528.747,128.747,0.83,0.84,0.16,0.17,0.01,0.01,72631.5
1775837529.292,129.292,0.83,0.84,0.16,0.17,0.01,0.01,72631.5
1775837529.638,129.638,0.83,0.84,0.16,0.17,0.01,0.01,72630.52
1775837529.977,129.977,0.83,0.84,0.16,0.17,0.01,0.01,72630.52
1775837530.366,130.366,0.83,0.84,0.16,0.17,0.01,0.01,72630.52
1775837530.72,130.72,0.83,0.84,0.16,0.17,0.01,0.01,72630.52
1775837531.361,131.361,0.85,0.86,0.14,0.16,0.01,0.02,72630.46
1775837531.995,131.995,0.85,0.86,0.14,0.15,0.01,0.01,72630.46
1775837532.333,132.333,0.85,0.86,0.14,0.15,0.01,0.01,72630.47
1775837532.672,132.672,0.85,0.86,0.14,0.15,0.01,0.01,72630.47
1775837533.192,133.192,0.85,0.86,0.14,0.15,0.01,0.01,72634.81
1775837533.632,133.632,0.85,0.86,0.14,0.15,0.01,0.01,72634.81
1775837534.135,134.135,0.86,0.87,0.13,0.14,0.01,0.01,72634.81
1775837534.486,134.486,0.86,0.87,0.13,0.14,0.01,0.01,72632.83
1775837534.854,134.854,0.86,0.87,0.13,0.14,0.01,0.01,72632.83
1775837535.456,135.456,0.86,0.87,0.13,0.14,0.01,0.01,72632.33
1775837535.815,135.815,0.86,0.87,0.13,0.14,0.01,0.01,72632.33
1775837536.495,136.495,0.86,0.87,0.13,0.14,0.01,0.01,72632.33
1775837536.843,136.843,0.86,0.87,0.13,0.14,0.01,0.01,72632.33
1775837537.191,137.191,0.87,0.88,0.12,0.14,0.01,0.02,72632.33
1775837537.617,137.617,0.87,0.88,0.12,0.13,0.01,0.01,72631.99
1775837537.982,137.982,0.87,0.88,0.12,0.13,0.01,0.01,72631.99
1775837538.405,138.405,0.87,0.88,0.12,0.13,0.01,0.01,72632.94
1775837538.789,138.789,0.87,0.88,0.12,0.13,0.01,0.01,72632.94
1775837539.222,139.222,0.87,0.88,0.12,0.13,0.01,0.01,72632.94
1775837539.842,139.842,0.86,0.87,0.12,0.14,0.01,0.02,72632.94
1775837540.445,140.445,0.86,0.87,0.13,0.15,0.01,0.02,72634.71
1775837540.794,140.794,0.85,0.86,0.13,0.15,0.01,0.02,72634.71
1775837541.143,141.143,0.85,0.86,0.14,0.15,0.01,0.01,72633.98
1775837541.512,141.512,0.85,0.86,0.14,0.15,0.01,0.01,72633.98
1775837541.927,141.927,0.84,0.85,0.14,0.16,0.01,0.02,72633.98
1775837542.448,142.448,0.84,0.85,0.15,0.16,0.01,0.01,72633.68
1775837542.827,142.827,0.85,0.86,0.14,0.16,0.01,0.02,72633.68
1775837543.3,143.3,0.85,0.86,0.14,0.15,0.01,0.01,72631.86
1775837543.986,143.986,0.85,0.86,0.14,0.15,0.01,0.01,72631.86
1775837544.645,144.645,0.85,0.86,0.14,0.15,0.01,0.01,72628.82
1775837544.99,144.99,0.84,0.85,0.14,0.17,0.01,0.03,72628.82
1775837545.325,145.325,0.84,0.85,0.15,0.16,0.01,0.01,72628.7
1775837545.712,145.712,0.84,0.85,0.15,0.16,0.01,0.01,72628.7
1775837546.105,146.105,0.84,0.85,0.15,0.16,0.01,0.01,72628.7
1775837546.597,146.597,0.85,0.86,0.14,0.15,0.01,0.01,72628.7
1775837547.048,147.048,0.85,0.86,0.14,0.15,0.01,0.01,72628.7
1775837547.394,147.394,0.85,0.86,0.14,0.15,0.01,0.01,72628.55
1775837547.762,147.762,0.85,0.86,0.14,0.15,0.01,0.01,72628.55
1775837548.215,148.215,0.85,0.86,0.14,0.15,0.01,0.01,72628.55
1775837548.775,148.775,0.85,0.86,0.14,0.15,0.01,0.01,72628.91
1775837549.178,149.178,0.85,0.86,0.14,0.15,0.01,0.01,72628.91
1775837549.543,149.543,0.86,0.87,0.13,0.14,0.01,0.01,72627.8
1775837550.048,150.048,0.86,0.87,0.13,0.14,0.01,0.01,72627.8
1775837550.644,150.644,0.86,0.87,0.13,0.14,0.01,0.01,72627.79
1775837551.135,151.135,0.86,0.87,0.13,0.14,0.01,0.01,72627.79
1775837551.636,151.636,0.86,0.87,0.13,0.14,0.01,0.01,72627.5
1775837552.106,152.106,0.85,0.86,0.14,0.15,0.01,0.01,72627.5
1775837552.776,152.776,0.85,0.86,0.14,0.15,0.01,0.01,72627.5
1775837553.192,153.192,0.85,0.86,0.14,0.15,0.01,0.01,72627.51
1775837553.534,153.534,0.85,0.86,0.14,0.15,0.01,0.01,72627.51
1775837553.99,153.99,0.85,0.86,0.14,0.15,0.01,0.01,72627.51
1775837554.517,154.517,0.85,0.86,0.14,0.15,0.01,0.01,72627.51
1775837555.007,155.007,0.85,0.86,0.14,0.15,0.01,0.01,72627.51
1775837555.506,155.506,0.85,0.86,0.14,0.15,0.01,0.01,72627.32
1775837555.975,155.975,0.86,0.87,0.12,0.14,0.01,0.02,72627.32
1775837556.842,156.842,0.86,0.87,0.13,0.14,0.01,0.01,72627.26
1775837557.45,157.45,0.88,0.89,0.13,0.14,0.01,0.01,72627.29
1775837557.841,157.841,0.89,0.91,0.1,0.11,0.02,0.01,72627.29
1775837558.189,158.189,0.9,0.91,0.09,0.1,0.01,0.01,72627.29
1775837558.582,158.582,0.91,0.92,0.08,0.09,0.01,0.01,72627.96
1775837558.951,158.951,0.9,0.92,0.08,0.09,0.02,0.01,72627.96
1775837559.304,159.304,0.9,0.91,0.09,0.1,0.01,0.01,72631.36
1775837559.774,159.774,0.89,0.9,0.09,0.11,0.01,0.02,72631.36
1775837560.136,160.136,0.89,0.9,0.1,0.11,0.01,0.01,72631.36
1775837560.54,160.54,0.88,0.89,0.11,0.12,0.01,0.01,72639.54
1775837560.989,160.989,0.87,0.88,0.12,0.13,0.01,0.01,72639.54
1775837561.359,161.359,0.87,0.88,0.12,0.13,0.01,0.01,72639.54
1775837561.754,161.754,0.87,0.88,0.12,0.13,0.01,0.01,72638.4
1775837562.134,162.134,0.87,0.88,0.12,0.13,0.01,0.01,72638.4
1775837562.488,162.488,0.87,0.88,0.12,0.13,0.01,0.01,72635.6
1775837562.881,162.881,0.87,0.88,0.12,0.13,0.01,0.01,72635.6
1775837563.225,163.225,0.87,0.89,0.12,0.13,0.02,0.01,72635.6
1775837563.634,163.634,0.87,0.88,0.12,0.13,0.01,0.01,72632.64
1775837564.047,164.047,0.87,0.88,0.12,0.13,0.01,0.01,72632.64
1775837564.411,164.411,0.87,0.88,0.12,0.13,0.01,0.01,72632.64
1775837564.761,164.761,0.87,0.88,0.12,0.13,0.01,0.01,72632.0
1775837565.115,165.115,0.88,0.89,0.11,0.13,0.01,0.02,72632.59
1775837565.471,165.471,0.88,0.89,0.11,0.12,0.01,0.01,72632.59
1775837565.816,165.816,0.88,0.89,0.11,0.12,0.01,0.01,72632.59
1775837566.169,166.169,0.88,0.89,0.11,0.12,0.01,0.01,72632.59
1775837566.544,166.544,0.88,0.89,0.11,0.12,0.01,0.01,72632.67
1775837567.217,167.217,0.88,0.89,0.11,0.13,0.01,0.02,72632.67
1775837567.844,167.844,0.88,0.9,0.11,0.12,0.02,0.01,72632.77
1775837568.832,168.832,0.89,0.9,0.1,0.11,0.01,0.01,72633.01
1775837569.201,169.201,0.89,0.9,0.1,0.11,0.01,0.01,72633.01
1775837569.596,169.596,0.89,0.9,0.1,0.11,0.01,0.01,72631.01
1775837570.039,170.039,0.89,0.9,0.1,0.11,0.01,0.01,72631.01
1775837570.42,170.42,0.89,0.9,0.1,0.11,0.01,0.01,72631.01
1775837570.778,170.778,0.89,0.9,0.1,0.11,0.01,0.01,72632.11
1775837571.316,171.316,0.89,0.9,0.1,0.11,0.01,0.01,72632.11
1775837571.657,171.657,0.89,0.9,0.09,0.1,0.01,0.01,72632.94
1775837571.991,171.991,0.89,0.9,0.1,0.11,0.01,0.01,72632.94
1775837572.428,172.428,0.89,0.9,0.1,0.11,0.01,0.01,72632.54
1775837572.777,172.777,0.89,0.9,0.1,0.11,0.01,0.01,72632.54
1775837573.182,173.182,0.89,0.9,0.1,0.11,0.01,0.01,72632.54
1775837573.701,173.701,0.89,0.9,0.1,0.11,0.01,0.01,72632.04
1775837574.219,174.219,0.88,0.89,0.11,0.12,0.01,0.01,72632.52
1775837574.722,174.722,0.87,0.88,0.12,0.14,0.01,0.02,72632.52
1775837575.059,175.059,0.87,0.88,0.12,0.13,0.01,0.01,72632.52
1775837575.419,175.419,0.87,0.88,0.12,0.13,0.01,0.01,72632.52
1775837575.852,175.852,0.87,0.88,0.12,0.13,0.01,0.01,72631.49
1775837576.222,176.222,0.87,0.88,0.12,0.13,0.01,0.01,72631.49
1775837576.628,176.628,0.88,0.89,0.11,0.12,0.01,0.01,72631.49
1775837577.217,177.217,0.88,0.89,0.11,0.12,0.01,0.01,72630.38
1775837577.821,177.821,0.88,0.89,0.11,0.12,0.01,0.01,72628.45
1775837578.226,178.226,0.88,0.89,0.11,0.12,0.01,0.01,72628.63
1775837578.998,178.998,0.88,0.89,0.11,0.12,0.01,0.01,72628.63
1775837579.374,179.374,0.85,0.86,0.14,0.15,0.01,0.01,72628.63
1775837579.713,179.713,0.84,0.85,0.15,0.16,0.01,0.01,72628.92
1775837580.623,180.623,0.84,0.85,0.15,0.16,0.01,0.01,72628.9
1775837580.964,180.964,0.84,0.85,0.15,0.16,0.01,0.01,72628.9
1775837581.317,181.317,0.85,0.86,0.14,0.15,0.01,0.01,72628.9
1775837581.69,181.69,0.86,0.87,0.13,0.14,0.01,0.01,72623.21
1775837582.347,182.347,0.86,0.88,0.13,0.14,0.02,0.01,72620.13
1775837582.745,182.745,0.87,0.88,0.12,0.13,0.01,0.01,72620.13
1775837583.106,183.106,0.89,0.9,0.1,0.11,0.01,0.01,72620.13
1775837583.6,183.6,0.89,0.9,0.1,0.11,0.01,0.01,72620.13
1775837583.998,183.998,0.91,0.92,0.08,0.1,0.01,0.02,72626.49
1775837584.351,184.351,0.91,0.93,0.07,0.09,0.02,0.02,72630.91
1775837584.703,184.703,0.9,0.92,0.06,0.1,0.02,0.04,72630.91
1775837585.042,185.042,0.93,0.94,0.06,0.07,0.01,0.01,72630.91
1775837585.384,185.384,0.93,0.94,0.06,0.07,0.01,0.01,72630.91
1775837585.812,185.812,0.93,0.94,0.06,0.07,0.01,0.01,72652.24
1775837586.164,186.164,0.93,0.94,0.06,0.07,0.01,0.01,72652.24
1775837586.498,186.498,0.93,0.94,0.06,0.07,0.01,0.01,72650.8
1775837586.849,186.849,0.93,0.94,0.06,0.07,0.01,0.01,72650.8
1775837587.248,187.248,0.93,0.94,0.06,0.07,0.01,0.01,72650.97
1775837587.651,187.651,0.93,0.95,0.05,0.07,0.02,0.02,72650.97
1775837588.074,188.074,0.93,0.96,0.05,0.07,0.03,0.02,72650.97
1775837588.717,188.717,0.93,0.96,0.04,0.07,0.03,0.03,72656.57
1775837589.265,189.265,0.95,0.96,0.04,0.07,0.01,0.03,72658.84
1775837589.618,189.618,0.94,0.95,0.05,0.06,0.01,0.01,72658.84
1775837589.993,189.993,0.95,0.96,0.04,0.05,0.01,0.01,72658.84
1775837590.383,190.383,0.95,0.96,0.03,0.05,0.01,0.02,72665.19
1775837591.161,191.161,0.95,0.96,0.04,0.05,0.01,0.01,72665.19
1775837591.705,191.705,0.96,0.97,0.03,0.05,0.01,0.02,72666.38
1775837592.229,192.229,0.96,0.97,0.03,0.04,0.01,0.01,72666.38
1775837592.587,192.587,0.95,0.97,0.03,0.05,0.02,0.02,72666.7
1775837592.95,192.95,0.95,0.96,0.03,0.05,0.01,0.02,72666.7
1775837593.435,193.435,0.94,0.95,0.05,0.06,0.01,0.01,72663.67
1775837593.786,193.786,0.94,0.95,0.05,0.06,0.01,0.01,72663.67
1775837594.177,194.177,0.94,0.95,0.05,0.06,0.01,0.01,72663.67
1775837594.537,194.537,0.95,0.96,0.04,0.05,0.01,0.01,72662.45
1775837594.886,194.886,0.95,0.96,0.04,0.05,0.01,0.01,72662.45
1775837595.355,195.355,0.95,0.96,0.04,0.05,0.01,0.01,72655.26
1775837595.733,195.733,0.95,0.96,0.04,0.05,0.01,0.01,72655.26
1775837596.148,196.148,0.95,0.96,0.04,0.05,0.01,0.01,72655.73
1775837596.779,196.779,0.95,0.96,0.04,0.05,0.01,0.01,72655.73
1775837597.144,197.144,0.95,0.96,0.04,0.05,0.01,0.01,72658.33
1775837597.496,197.496,0.95,0.96,0.04,0.05,0.01,0.01,72658.33
1775837597.882,197.882,0.95,0.96,0.04,0.05,0.01,0.01,72658.33
1775837598.249,198.249,0.95,0.96,0.04,0.06,0.01,0.02,72657.35
1775837598.627,198.627,0.95,0.96,0.04,0.05,0.01,0.01,72657.35
1775837598.981,198.981,0.95,0.96,0.04,0.05,0.01,0.01,72657.35
1775837599.341,199.341,0.95,0.96,0.04,0.05,0.01,0.01,72657.35
1775837599.844,199.844,0.95,0.96,0.04,0.05,0.01,0.01,72657.35
1775837600.196,200.196,0.95,0.96,0.04,0.05,0.01,0.01,72657.39
1775837600.635,200.635,0.95,0.96,0.04,0.05,0.01,0.01,72657.39
1775837601.013,201.013,0.95,0.96,0.04,0.05,0.01,0.01,72657.39
1775837601.374,201.374,0.96,0.97,0.03,0.05,0.01,0.02,72657.54
1775837602.179,202.179,0.96,0.97,0.03,0.04,0.01,0.01,72657.54
1775837602.709,202.709,0.96,0.97,0.03,0.04,0.01,0.01,72657.07
1775837603.05,203.05,0.96,0.97,0.03,0.04,0.01,0.01,72657.07
1775837603.491,203.491,0.96,0.97,0.03,0.04,0.01,0.01,72657.17
1775837603.967,203.967,0.96,0.97,0.03,0.04,0.01,0.01,72657.17
1775837604.308,204.308,0.96,0.97,0.03,0.04,0.01,0.01,72657.17
1775837604.672,204.672,0.96,0.97,0.03,0.04,0.01,0.01,72659.29
1775837605.033,205.033,0.96,0.97,0.03,0.04,0.01,0.01,72659.29
1775837605.53,205.53,0.96,0.97,0.03,0.04,0.01,0.01,72665.52
1775837605.914,205.914,0.96,0.97,0.03,0.04,0.01,0.01,72665.52
1775837606.286,206.286,0.96,0.97,0.03,0.04,0.01,0.01,72665.52
1775837606.649,206.649,0.96,0.97,0.03,0.04,0.01,0.01,72669.18
1775837607.013,207.013,0.96,0.97,0.03,0.04,0.01,0.01,72669.18
1775837607.594,207.594,0.96,0.97,0.03,0.04,0.01,0.01,72669.86
1775837607.944,207.944,0.96,0.97,0.03,0.04,0.01,0.01,72669.86
1775837608.468,208.468,0.96,0.97,0.03,0.04,0.01,0.01,72671.4
1775837608.829,208.829,0.97,0.98,0.02,0.03,0.01,0.01,72671.4
1775837609.218,209.218,0.97,0.98,0.02,0.03,0.01,0.01,72671.4
1775837609.571,209.571,0.97,0.98,0.02,0.03,0.01,0.01,72679.49
1775837610.07,210.07,0.97,0.98,0.02,0.03,0.01,0.01,72679.49
1775837610.537,210.537,0.97,0.98,0.02,0.03,0.01,0.01,72688.24
1775837610.881,210.881,0.97,0.98,0.02,0.03,0.01,0.01,72689.04
1775837611.254,211.254,0.97,0.98,0.02,0.03,0.01,0.01,72689.04
1775837611.634,211.634,0.97,0.98,0.02,0.03,0.01,0.01,72689.04
1775837612.209,212.209,0.97,0.98,0.02,0.03,0.01,0.01,72689.04
1775837612.578,212.578,0.97,0.98,0.02,0.03,0.01,0.01,72690.19
1775837612.994,212.994,0.97,0.98,0.02,0.03,0.01,0.01,72690.19
1775837613.336,213.336,0.97,0.98,0.02,0.03,0.01,0.01,72690.15
1775837613.785,213.785,0.97,0.98,0.02,0.03,0.01,0.01,72690.15
1775837614.133,214.133,0.98,0.99,0.01,0.02,0.01,0.01,72690.15
1775837614.486,214.486,0.98,0.99,0.01,0.02,0.01,0.01,72690.32
1775837614.948,214.948,0.98,0.99,0.01,0.02,0.01,0.01,72690.32
1775837615.412,215.412,0.98,0.99,0.01,0.02,0.01,0.01,72690.53
1775837616.131,216.131,0.98,0.99,0.01,0.02,0.01,0.01,72690.53
1775837616.594,216.594,0.98,0.99,0.01,0.02,0.01,0.01,72697.56
1775837617.009,217.009,0.98,0.99,0.01,0.02,0.01,0.01,72697.56
1775837617.435,217.435,0.98,0.99,0.01,0.02,0.01,0.01,72700.72
1775837617.866,217.866,0.98,0.99,0.01,0.02,0.01,0.01,72700.72
1775837618.212,218.212,0.98,0.99,0.01,0.02,0.01,0.01,72700.72
1775837618.642,218.642,0.98,0.99,0.01,0.02,0.01,0.01,72700.72
1775837618.978,218.978,0.98,0.99,0.01,0.02,0.01,0.01,72700.72
1775837619.337,219.337,0.98,0.99,0.01,0.02,0.01,0.01,72700.72
1775837619.768,219.768,0.98,0.99,0.01,0.02,0.01,0.01,72700.72
1775837620.137,220.137,0.98,0.99,0.01,0.02,0.01,0.01,72700.72
1775837620.536,220.536,0.98,0.99,0.01,0.02,0.01,0.01,72705.27
1775837621.081,221.081,0.98,0.99,0.01,0.02,0.01,0.01,72705.27
1775837621.421,221.421,0.98,0.99,0.01,0.02,0.01,0.01,72709.33
1775837621.831,221.831,0.98,0.99,0.01,0.02,0.01,0.01,72709.33
1775837622.395,222.395,0.98,0.99,0.01,0.02,0.01,0.01,72713.86
1775837622.753,222.753,0.98,0.99,0.01,0.02,0.01,0.01,72713.86
1775837623.089,223.089,0.98,0.99,0.01,0.02,0.01,0.01,72713.86
1775837623.572,223.572,0.98,0.99,0.01,0.02,0.01,0.01,72711.81
1775837623.954,223.954,0.98,0.99,0.01,0.02,0.01,0.01,72711.81
1775837624.466,224.466,0.98,0.99,0.01,0.02,0.01,0.01,72708.42
1775837624.997,224.997,0.98,0.99,0.01,0.02,0.01,0.01,72708.42
1775837625.569,225.569,0.98,0.99,0.01,0.02,0.01,0.01,72708.36
1775837626.335,226.335,0.98,0.99,0.01,0.02,0.01,0.01,72708.36
1775837626.73,226.73,0.98,0.99,0.01,0.02,0.01,0.01,72707.11
1775837627.338,227.338,0.98,0.99,0.01,0.02,0.01,0.01,72708.35
1775837627.704,227.704,0.98,0.99,0.01,0.02,0.01,0.01,72708.35
1775837628.141,228.141,0.98,0.99,0.01,0.02,0.01,0.01,72709.15
1775837628.588,228.588,0.98,0.99,0.01,0.02,0.01,0.01,72709.15
1775837628.943,228.943,0.98,0.99,0.01,0.02,0.01,0.01,72709.15
1775837629.421,229.421,0.98,0.99,0.01,0.02,0.01,0.01,72709.55
1775837629.782,229.782,0.98,0.99,0.01,0.02,0.01,0.01,72709.55
1775837630.183,230.183,0.98,0.99,0.01,0.02,0.01,0.01,72709.55
1775837630.636,230.636,0.98,0.99,0.01,0.02,0.01,0.01,72709.23
1775837631.125,231.125,0.98,0.99,0.01,0.02,0.01,0.01,72708.49
1775837631.608,231.608,0.98,0.99,0.01,0.02,0.01,0.01,72708.49
1775837631.954,231.954,0.98,0.99,0.01,0.02,0.01,0.01,72706.3
1775837632.614,232.614,0.98,0.99,0.01,0.02,0.01,0.01,72706.3
1775837633.096,233.096,0.98,0.99,0.01,0.02,0.01,0.01,72706.3
1775837633.543,233.543,0.98,0.99,0.01,0.02,0.01,0.01,72705.19
1775837633.995,233.995,0.98,0.99,0.01,0.02,0.01,0.01,72705.19
1775837634.574,234.574,0.98,0.99,0.01,0.02,0.01,0.01,72705.26
1775837634.956,234.956,0.98,0.99,0.01,0.02,0.01,0.01,72705.26
1775837635.327,235.327,0.98,0.99,0.01,0.02,0.01,0.01,72705.05
1775837635.848,235.848,0.98,0.99,0.01,0.02,0.01,0.01,72705.05
1775837636.294,236.294,0.98,0.99,0.01,0.02,0.01,0.01,72704.93
1775837636.854,236.854,0.98,0.99,0.01,0.02,0.01,0.01,72704.93
1775837637.203,237.203,0.98,0.99,0.01,0.02,0.01,0.01,72704.19
1775837637.614,237.614,0.98,0.99,0.01,0.02,0.01,0.01,72704.19
1775837638.177,238.177,0.98,0.99,0.01,0.02,0.01,0.01,72704.19
1775837638.515,238.515,0.98,0.99,0.01,0.02,0.01,0.01,72704.19
1775837639.259,239.259,0.98,0.99,0.01,0.02,0.01,0.01,72704.61
1775837639.676,239.676,0.98,0.99,0.01,0.02,0.01,0.01,72704.61
1775837640.245,240.245,0.98,0.99,0.01,0.02,0.01,0.01,72704.2
1775837640.657,240.657,0.98,0.99,0.01,0.02,0.01,0.01,72704.2
1775837640.997,240.997,0.98,0.99,0.01,0.02,0.01,0.01,72704.2
1775837641.369,241.369,0.98,0.99,0.01,0.02,0.01,0.01,72704.4
1775837641.739,241.739,0.98,0.99,0.01,0.02,0.01,0.01,72704.4
1775837642.203,242.203,0.99,0.99,0.01,0.02,0.0,0.01,72704.4
1775837642.628,242.628,0.99,0.99,0.01,0.01,0.0,0.0,72704.4
1775837643.198,243.198,0.99,0.99,0.01,0.01,0.0,0.0,72701.56
1775837643.776,243.776,0.99,0.99,0.01,0.01,0.0,0.0,72695.52
1775837644.363,244.363,0.99,0.99,0.01,0.01,0.0,0.0,72698.98
1775837644.945,244.945,0.99,0.99,0.01,0.01,0.0,0.0,72698.98
1775837646.678,246.678,0.99,0.99,0.01,0.01,0.0,0.0,72701.77
1775837647.17,247.17,0.99,0.99,0.01,0.01,0.0,0.0,72701.77
1775837648.34,248.34,0.99,0.99,0.01,0.01,0.0,0.0,72697.43
1775837648.71,248.71,0.99,0.99,0.01,0.01,0.0,0.0,72697.43
1775837649.088,249.088,0.99,0.99,0.01,0.01,0.0,0.0,72697.43
1775837650.006,250.006,0.99,0.99,0.01,0.01,0.0,0.0,72691.76
1775837650.601,250.601,0.99,0.99,0.01,0.01,0.0,0.0,72684.13
1775837651.15,251.15,0.99,0.99,0.01,0.01,0.0,0.0,72684.13
1775837651.554,251.554,0.99,0.99,0.01,0.01,0.0,0.0,72683.75
1775837652.146,252.146,0.99,0.99,0.01,0.01,0.0,0.0,72683.75
1775837652.727,252.727,0.99,0.99,0.01,0.01,0.0,0.0,72683.76
1775837653.114,253.114,0.99,0.99,0.01,0.01,0.0,0.0,72684.68
1775837653.6,253.6,0.99,0.99,0.01,0.01,0.0,0.0,72684.68
1775837654.057,254.057,0.99,0.99,0.01,0.01,0.0,0.0,72684.68
1775837655.73,255.73,0.99,0.99,0.01,0.01,0.0,0.0,72692.06
1775837656.842,256.842,0.99,0.99,0.01,0.01,0.0,0.0,72697.56
1775837658.364,258.364,0.99,0.99,0.01,0.01,0.0,0.0,72702.15
1775837659.101,259.101,0.99,0.99,0.01,0.01,0.0,0.0,72708.5
1775837660.186,260.186,0.99,0.99,0.01,0.01,0.0,0.0,72712.12
1775837660.718,260.718,0.99,0.99,0.01,0.01,0.0,0.0,72718.03
1775837661.059,261.059,0.99,0.99,0.01,0.01,0.0,0.0,72718.03
1775837661.666,261.666,0.99,0.99,0.01,0.01,0.0,0.0,72720.04
1775837662.231,262.231,0.99,0.99,0.01,0.01,0.0,0.0,72720.04
1775837663.404,263.404,0.99,0.99,0.01,0.01,0.0,0.0,72721.78
1775837666.578,266.578,0.99,0.99,0.01,0.01,0.0,0.0,72723.11
1775837667.75,267.75,0.99,0.99,0.01,0.01,0.0,0.0,72722.85
1775837668.828,268.828,0.99,0.99,0.01,0.01,0.0,0.0,72723.04
1775837669.431,269.431,0.99,0.99,0.01,0.01,0.0,0.0,72723.04
1775837670.014,270.014,0.99,0.99,0.01,0.01,0.0,0.0,72723.04
1775837670.424,270.424,0.99,0.99,0.01,0.01,0.0,0.0,72723.04
1775837670.887,270.887,0.99,0.99,0.01,0.01,0.0,0.0,72723.79
1775837672.632,272.632,0.99,0.99,0.01,0.01,0.0,0.0,72721.63
1775837673.637,273.637,0.99,0.99,0.01,0.01,0.0,0.0,72721.77
1775837677.474,277.474,0.99,0.99,0.01,0.01,0.0,0.0,72719.11
1775837678.042,278.042,0.99,0.99,0.01,0.01,0.0,0.0,72719.11
1775837678.643,278.643,0.99,0.99,0.01,0.01,0.0,0.0,72718.28
1775837679.23,279.23,0.99,0.99,0.01,0.01,0.0,0.0,72717.86
1775837680.947,280.947,0.99,0.99,0.01,0.01,0.0,0.0,72718.47
1775837684.97,284.97,0.99,0.99,0.01,0.01,0.0,0.0,72718.56
1775837685.985,285.985,0.99,0.99,0.01,0.01,0.0,0.0,72717.73
1775837686.475,286.475,0.99,0.99,0.01,0.01,0.0,0.0,72717.5
1775837687.054,287.054,0.99,0.99,0.01,0.01,0.0,0.0,72715.86
1775837687.645,287.645,0.99,0.99,0.01,0.01,0.0,0.0,72715.86
1775837688.222,288.222,0.99,0.99,0.01,0.01,0.0,0.0,72712.56
1775837688.833,288.833,0.99,0.99,0.01,0.01,0.0,0.0,72712.56
1775837690.739,290.739,0.99,0.99,0.01,0.01,0.0,0.0,72708.83
1775837693.401,293.401,0.99,0.99,0.01,0.01,0.0,0.0,72708.92
1775837693.878,293.878,0.99,0.99,0.01,0.01,0.0,0.0,72708.92
1775837694.939,294.939,0.99,0.99,0.01,0.01,0.0,0.0,72710.76
1775837695.53,295.53,0.99,0.99,0.01,0.01,0.0,0.0,72710.79
1775837696.115,296.115,0.99,0.99,0.01,0.01,0.0,0.0,72710.79
1775837696.651,296.651,0.99,0.99,0.01,0.01,0.0,0.0,72710.78
1775837696.988,296.988,0.99,0.99,0.01,0.01,0.0,0.0,72710.78
1775837700.485,300.485,0.99,0.99,0.01,0.01,0.0,0.0,72711.44

# RESULT,winner=Up,slug=btc-updown-5m-1775837400,ticks=608
