timestamp,elapsed_sec,up_bid,up_ask,down_bid,down_ask,up_spread,down_spread,btc_price,btc_oracle_ts
1776810000.522,0.522,0.51,0.52,0.48,0.49,0.01,0.01,75357.79,1776809999000
1776810000.909,0.909,0.51,0.52,0.48,0.49,0.01,0.01,75357.79,1776809999000
1776810001.278,1.278,0.51,0.52,0.48,0.49,0.01,0.01,75357.79,1776810000000
1776810001.719,1.719,0.51,0.52,0.48,0.49,0.01,0.01,75357.79,1776810000000
1776810002.124,2.124,0.51,0.52,0.48,0.49,0.01,0.01,75357.79,1776810000000
1776810002.479,2.479,0.51,0.55,0.45,0.49,0.04,0.04,75357.79,1776810000000
1776810003.008,3.008,0.51,0.56,0.45,0.49,0.05,0.04,75357.79,1776810000000
1776810003.547,3.547,0.51,0.56,0.44,0.49,0.05,0.05,75345.61,1776810002000
1776810004.051,4.051,0.51,0.53,0.44,0.49,0.02,0.05,75345.61,1776810002000
1776810004.513,4.513,0.54,0.57,0.43,0.46,0.03,0.03,75353.88,1776810003000
1776810004.86,4.86,0.54,0.57,0.43,0.46,0.03,0.03,75353.88,1776810003000
1776810005.198,5.198,0.51,0.52,0.48,0.49,0.01,0.01,75352.92,1776810004000
1776810005.537,5.537,0.54,0.55,0.45,0.46,0.01,0.01,75352.92,1776810004000
1776810005.919,5.919,0.55,0.56,0.44,0.45,0.01,0.01,75352.92,1776810004000
1776810006.293,6.293,0.55,0.56,0.44,0.45,0.01,0.01,75347.9,1776810005000
1776810006.688,6.688,0.54,0.55,0.44,0.45,0.01,0.01,75347.9,1776810005000
1776810007.225,7.225,0.54,0.55,0.45,0.46,0.01,0.01,75347.9,1776810005000
1776810007.56,7.56,0.52,0.55,0.45,0.48,0.03,0.03,75354.23,1776810006000
1776810007.929,7.929,0.51,0.53,0.46,0.49,0.02,0.03,75354.23,1776810006000
1776810008.454,8.454,0.51,0.52,0.46,0.49,0.01,0.03,75355.94,1776810007000
1776810008.835,8.835,0.52,0.53,0.46,0.48,0.01,0.02,75355.94,1776810007000
1776810009.289,9.289,0.52,0.53,0.47,0.48,0.01,0.01,75352.48,1776810008000
1776810009.699,9.699,0.52,0.53,0.47,0.48,0.01,0.01,75352.48,1776810008000
1776810010.047,10.047,0.52,0.56,0.46,0.48,0.04,0.02,75354.12,1776810009000
1776810010.463,10.463,0.53,0.54,0.44,0.48,0.01,0.04,75354.12,1776810009000
1776810010.823,10.823,0.53,0.54,0.46,0.47,0.01,0.01,75354.12,1776810009000
1776810011.277,11.277,0.53,0.54,0.46,0.47,0.01,0.01,75354.42,1776810010000
1776810011.617,11.617,0.53,0.54,0.46,0.47,0.01,0.01,75354.42,1776810010000
1776810012.036,12.036,0.53,0.54,0.46,0.47,0.01,0.01,75354.42,1776810010000
1776810012.371,12.371,0.53,0.54,0.46,0.47,0.01,0.01,75354.53,1776810011000
1776810012.743,12.743,0.53,0.54,0.46,0.47,0.01,0.01,75354.53,1776810011000
1776810013.085,13.085,0.53,0.54,0.46,0.47,0.01,0.01,75354.53,1776810011000
1776810013.424,13.424,0.53,0.54,0.46,0.47,0.01,0.01,75354.53,1776810011000
1776810013.758,13.758,0.53,0.54,0.46,0.47,0.01,0.01,75354.55,1776810012000
1776810014.096,14.096,0.55,0.56,0.44,0.46,0.01,0.02,75354.55,1776810012000
1776810014.433,14.433,0.58,0.6,0.4,0.42,0.02,0.02,75354.55,1776810012000
1776810014.838,14.838,0.62,0.63,0.37,0.38,0.01,0.01,75354.62,1776810013000
1776810015.178,15.178,0.62,0.63,0.37,0.38,0.01,0.01,75354.82,1776810014000
1776810015.514,15.514,0.62,0.66,0.35,0.38,0.04,0.03,75354.82,1776810014000
1776810015.86,15.86,0.64,0.65,0.34,0.36,0.01,0.02,75354.82,1776810014000
1776810016.35,16.35,0.64,0.65,0.35,0.36,0.01,0.01,75354.82,1776810014000
1776810016.735,16.735,0.64,0.65,0.35,0.36,0.01,0.01,75371.77,1776810015000
1776810017.134,17.134,0.64,0.65,0.35,0.36,0.01,0.01,75371.77,1776810015000
1776810017.572,17.572,0.64,0.65,0.35,0.36,0.01,0.01,75376.54,1776810016000
1776810017.906,17.906,0.65,0.66,0.34,0.35,0.01,0.01,75376.54,1776810016000
1776810018.265,18.265,0.65,0.66,0.34,0.35,0.01,0.01,75376.54,1776810016000
1776810018.634,18.634,0.64,0.66,0.34,0.36,0.02,0.02,75376.54,1776810016000
1776810018.973,18.973,0.64,0.66,0.32,0.35,0.02,0.03,75380.4,1776810017000
1776810019.935,19.935,0.65,0.67,0.33,0.35,0.02,0.02,75382.85,1776810018000
1776810020.344,20.344,0.65,0.66,0.34,0.35,0.01,0.01,75382.85,1776810018000
1776810020.901,20.901,0.65,0.67,0.33,0.35,0.02,0.02,75383.89,1776810019000
1776810021.235,21.235,0.67,0.7,0.3,0.32,0.03,0.02,75383.89,1776810019000
1776810021.736,21.736,0.68,0.69,0.31,0.32,0.01,0.01,75382.71,1776810020000
1776810022.145,22.145,0.68,0.69,0.31,0.32,0.01,0.01,75382.71,1776810020000
1776810022.506,22.506,0.69,0.7,0.3,0.31,0.01,0.01,75382.71,1776810020000
1776810022.919,22.919,0.69,0.7,0.3,0.31,0.01,0.01,75386.19,1776810021000
1776810023.378,23.378,0.69,0.7,0.3,0.31,0.01,0.01,75390.75,1776810022000
1776810023.738,23.738,0.69,0.7,0.3,0.31,0.01,0.01,75390.75,1776810022000
1776810024.083,24.083,0.69,0.7,0.3,0.31,0.01,0.01,75390.75,1776810022000
1776810024.428,24.428,0.69,0.7,0.3,0.31,0.01,0.01,75393.62,1776810023000
1776810024.764,24.764,0.69,0.7,0.3,0.31,0.01,0.01,75393.62,1776810023000
1776810025.206,25.206,0.69,0.7,0.3,0.31,0.01,0.01,75393.62,1776810023000
1776810025.571,25.571,0.69,0.7,0.3,0.31,0.01,0.01,75393.68,1776810024000
1776810026.042,26.042,0.69,0.7,0.3,0.31,0.01,0.01,75393.68,1776810024000
1776810026.51,26.51,0.69,0.7,0.3,0.31,0.01,0.01,75393.65,1776810025000
1776810026.854,26.854,0.69,0.7,0.3,0.31,0.01,0.01,75393.65,1776810025000
1776810027.19,27.19,0.69,0.7,0.3,0.31,0.01,0.01,75393.65,1776810025000
1776810027.928,27.928,0.69,0.7,0.3,0.31,0.01,0.01,75393.7,1776810026000
1776810028.274,28.274,0.7,0.71,0.29,0.3,0.01,0.01,75393.7,1776810026000
1776810028.637,28.637,0.7,0.71,0.29,0.3,0.01,0.01,75393.27,1776810027000
1776810028.978,28.978,0.7,0.71,0.29,0.3,0.01,0.01,75393.27,1776810027000
1776810029.395,29.395,0.7,0.71,0.29,0.3,0.01,0.01,75393.25,1776810028000
1776810029.781,29.781,0.7,0.71,0.29,0.3,0.01,0.01,75393.25,1776810028000
1776810030.191,30.191,0.7,0.71,0.29,0.3,0.01,0.01,75393.25,1776810028000
1776810030.542,30.542,0.7,0.71,0.29,0.3,0.01,0.01,75393.08,1776810029000
1776810030.949,30.949,0.69,0.7,0.29,0.31,0.01,0.02,75393.08,1776810029000
1776810031.308,31.308,0.69,0.7,0.3,0.31,0.01,0.01,75393.08,1776810029000
1776810031.77,31.77,0.7,0.71,0.29,0.31,0.01,0.02,75393.64,1776810030000
1776810032.21,32.21,0.7,0.71,0.29,0.3,0.01,0.01,75393.98,1776810031000
1776810032.544,32.544,0.7,0.71,0.29,0.3,0.01,0.01,75393.98,1776810031000
1776810033.135,33.135,0.7,0.71,0.29,0.3,0.01,0.01,75394.19,1776810032000
1776810033.48,33.48,0.7,0.71,0.29,0.3,0.01,0.01,75394.19,1776810032000
1776810033.813,33.813,0.7,0.71,0.29,0.3,0.01,0.01,75394.19,1776810032000
1776810034.231,34.231,0.7,0.71,0.29,0.3,0.01,0.01,75394.19,1776810032000
1776810034.601,34.601,0.7,0.71,0.29,0.3,0.01,0.01,75393.99,1776810033000
1776810034.955,34.955,0.69,0.71,0.29,0.3,0.02,0.01,75393.99,1776810033000
1776810035.306,35.306,0.69,0.71,0.29,0.3,0.02,0.01,75393.99,1776810033000
1776810035.756,35.756,0.69,0.7,0.3,0.31,0.01,0.01,75393.99,1776810033000
1776810036.095,36.095,0.67,0.68,0.32,0.33,0.01,0.01,75393.99,1776810033000
1776810036.831,36.831,0.67,0.68,0.32,0.33,0.01,0.01,75394.29,1776810035000
1776810037.203,37.203,0.67,0.68,0.32,0.33,0.01,0.01,75394.29,1776810035000
1776810037.55,37.55,0.67,0.68,0.32,0.33,0.01,0.01,75392.88,1776810036000
1776810037.916,37.916,0.67,0.68,0.32,0.33,0.01,0.01,75392.88,1776810036000
1776810038.262,38.262,0.67,0.68,0.32,0.33,0.01,0.01,75392.29,1776810037000
1776810038.613,38.613,0.67,0.68,0.32,0.33,0.01,0.01,75392.29,1776810037000
1776810039.004,39.004,0.67,0.68,0.32,0.33,0.01,0.01,75392.29,1776810037000
1776810039.419,39.419,0.67,0.68,0.32,0.33,0.01,0.01,75391.63,1776810038000
1776810039.87,39.87,0.66,0.67,0.32,0.33,0.01,0.01,75391.63,1776810038000
1776810040.226,40.226,0.66,0.67,0.33,0.34,0.01,0.01,75391.63,1776810038000
1776810040.93,40.93,0.66,0.69,0.33,0.34,0.03,0.01,75391.24,1776810039000
1776810041.394,41.394,0.7,0.71,0.28,0.3,0.01,0.02,75391.01,1776810040000
1776810041.82,41.82,0.71,0.72,0.28,0.29,0.01,0.01,75391.01,1776810040000
1776810042.235,42.235,0.71,0.72,0.28,0.29,0.01,0.01,75391.01,1776810040000
1776810042.967,42.967,0.71,0.72,0.28,0.29,0.01,0.01,75392.02,1776810041000
1776810043.601,43.601,0.7,0.71,0.29,0.3,0.01,0.01,75392.42,1776810042000
1776810044.187,44.187,0.68,0.7,0.3,0.32,0.02,0.02,75394.56,1776810043000
1776810044.95,44.95,0.68,0.69,0.31,0.32,0.01,0.01,75394.56,1776810043000
1776810045.291,45.291,0.68,0.69,0.31,0.32,0.01,0.01,75394.56,1776810043000
1776810045.651,45.651,0.68,0.69,0.31,0.32,0.01,0.01,75394.81,1776810044000
1776810046.074,46.074,0.68,0.69,0.31,0.32,0.01,0.01,75394.89,1776810045000
1776810046.499,46.499,0.69,0.7,0.3,0.31,0.01,0.01,75394.89,1776810045000
1776810046.904,46.904,0.69,0.7,0.3,0.31,0.01,0.01,75394.89,1776810045000
1776810047.303,47.303,0.69,0.7,0.3,0.31,0.01,0.01,75395.19,1776810046000
1776810047.637,47.637,0.69,0.7,0.3,0.31,0.01,0.01,75395.19,1776810046000
1776810048.058,48.058,0.7,0.71,0.29,0.3,0.01,0.01,75395.19,1776810046000
1776810048.393,48.393,0.7,0.71,0.29,0.3,0.01,0.01,75395.19,1776810046000
1776810048.75,48.75,0.7,0.71,0.29,0.3,0.01,0.01,75395.45,1776810047000
1776810049.224,49.224,0.7,0.71,0.29,0.3,0.01,0.01,75395.45,1776810048000
1776810049.725,49.725,0.7,0.71,0.29,0.3,0.01,0.01,75395.45,1776810048000
1776810050.159,50.159,0.7,0.71,0.29,0.3,0.01,0.01,75394.06,1776810049000
1776810050.537,50.537,0.7,0.71,0.29,0.3,0.01,0.01,75394.06,1776810049000
1776810051.074,51.074,0.7,0.71,0.29,0.3,0.01,0.01,75394.06,1776810049000
1776810051.521,51.521,0.7,0.71,0.29,0.3,0.01,0.01,75394.06,1776810049000
1776810052.245,52.245,0.7,0.71,0.29,0.3,0.01,0.01,75395.32,1776810050000
1776810052.969,52.969,0.7,0.71,0.29,0.3,0.01,0.01,75395.42,1776810051000
1776810053.312,53.312,0.7,0.71,0.29,0.3,0.01,0.01,75395.42,1776810051000
1776810054.056,54.056,0.7,0.71,0.29,0.3,0.01,0.01,75395.53,1776810052000
1776810054.451,54.451,0.7,0.71,0.29,0.3,0.01,0.01,75395.53,1776810053000
1776810054.866,54.866,0.7,0.71,0.29,0.3,0.01,0.01,75395.53,1776810053000
1776810055.205,55.205,0.7,0.71,0.29,0.3,0.01,0.01,75395.49,1776810054000
1776810055.933,55.933,0.7,0.71,0.29,0.3,0.01,0.01,75395.49,1776810054000
1776810056.38,56.38,0.7,0.71,0.29,0.3,0.01,0.01,75395.51,1776810055000
1776810056.723,56.723,0.71,0.72,0.28,0.3,0.01,0.02,75395.51,1776810055000
1776810057.31,57.31,0.72,0.73,0.28,0.29,0.01,0.01,75395.54,1776810056000
1776810057.644,57.644,0.73,0.75,0.25,0.27,0.02,0.02,75395.54,1776810056000
1776810057.984,57.984,0.78,0.79,0.21,0.22,0.01,0.01,75395.54,1776810056000
1776810058.37,58.37,0.78,0.79,0.2,0.22,0.01,0.02,75395.51,1776810057000
1776810058.719,58.719,0.79,0.8,0.19,0.21,0.01,0.02,75395.51,1776810057000
1776810059.081,59.081,0.79,0.8,0.2,0.21,0.01,0.01,75402.73,1776810058000
1776810059.456,59.456,0.79,0.8,0.2,0.21,0.01,0.01,75402.73,1776810058000
1776810060.077,60.077,0.79,0.8,0.2,0.21,0.01,0.01,75414.68,1776810059000
1776810060.411,60.411,0.79,0.8,0.2,0.21,0.01,0.01,75414.68,1776810059000
1776810060.803,60.803,0.79,0.8,0.2,0.21,0.01,0.01,75414.68,1776810059000
1776810061.281,61.281,0.79,0.8,0.2,0.21,0.01,0.01,75414.68,1776810059000
1776810061.679,61.679,0.79,0.8,0.2,0.21,0.01,0.01,75415.86,1776810060000
1776810062.17,62.17,0.79,0.8,0.2,0.21,0.01,0.01,75415.75,1776810061000
1776810062.678,62.678,0.79,0.8,0.2,0.21,0.01,0.01,75415.75,1776810061000
1776810063.027,63.027,0.79,0.8,0.2,0.21,0.01,0.01,75415.75,1776810061000
1776810063.363,63.363,0.79,0.8,0.2,0.21,0.01,0.01,75416.52,1776810062000
1776810063.717,63.717,0.79,0.8,0.2,0.21,0.01,0.01,75416.52,1776810062000
1776810064.201,64.201,0.79,0.8,0.2,0.21,0.01,0.01,75416.52,1776810062000
1776810064.976,64.976,0.78,0.79,0.2,0.21,0.01,0.01,75417.12,1776810063000
1776810065.544,65.544,0.78,0.79,0.21,0.22,0.01,0.01,75416.96,1776810064000
1776810065.983,65.983,0.78,0.79,0.21,0.22,0.01,0.01,75416.96,1776810064000
1776810066.333,66.333,0.78,0.79,0.21,0.22,0.01,0.01,75412.38,1776810065000
1776810066.871,66.871,0.78,0.79,0.21,0.22,0.01,0.01,75412.38,1776810065000
1776810067.291,67.291,0.75,0.76,0.24,0.25,0.01,0.01,75412.52,1776810066000
1776810067.636,67.636,0.75,0.76,0.24,0.25,0.01,0.01,75412.52,1776810066000
1776810067.974,67.974,0.75,0.76,0.24,0.25,0.01,0.01,75412.52,1776810066000
1776810068.321,68.321,0.76,0.77,0.23,0.25,0.01,0.02,75411.43,1776810067000
1776810068.957,68.957,0.76,0.77,0.23,0.24,0.01,0.01,75408.38,1776810068000
1776810069.298,69.298,0.76,0.78,0.22,0.24,0.02,0.02,75408.38,1776810068000
1776810069.633,69.633,0.78,0.79,0.21,0.22,0.01,0.01,75408.38,1776810068000
1776810069.975,69.975,0.79,0.8,0.2,0.21,0.01,0.01,75408.24,1776810069000
1776810070.671,70.671,0.79,0.8,0.2,0.21,0.01,0.01,75408.24,1776810069000
1776810071.093,71.093,0.79,0.8,0.2,0.21,0.01,0.01,75416.2,1776810070000
1776810071.432,71.432,0.79,0.81,0.18,0.21,0.02,0.03,75416.2,1776810070000
1776810071.795,71.795,0.79,0.8,0.2,0.21,0.01,0.01,75416.2,1776810070000
1776810072.211,72.211,0.79,0.8,0.2,0.21,0.01,0.01,75417.69,1776810071000
1776810072.546,72.546,0.82,0.83,0.17,0.18,0.01,0.01,75417.69,1776810071000
1776810072.882,72.882,0.82,0.83,0.17,0.18,0.01,0.01,75417.69,1776810071000
1776810073.399,73.399,0.82,0.83,0.17,0.18,0.01,0.01,75417.44,1776810072000
1776810074.005,74.005,0.82,0.83,0.17,0.18,0.01,0.01,75417.44,1776810072000
1776810074.482,74.482,0.82,0.83,0.17,0.18,0.01,0.01,75418.88,1776810073000
1776810074.901,74.901,0.82,0.83,0.17,0.18,0.01,0.01,75418.88,1776810073000
1776810075.272,75.272,0.84,0.85,0.15,0.16,0.01,0.01,75422.23,1776810074000
1776810075.607,75.607,0.84,0.85,0.15,0.16,0.01,0.01,75422.23,1776810074000
1776810075.948,75.948,0.86,0.87,0.13,0.14,0.01,0.01,75422.23,1776810074000
1776810076.366,76.366,0.84,0.86,0.14,0.15,0.02,0.01,75422.23,1776810074000
1776810076.701,76.701,0.84,0.85,0.15,0.16,0.01,0.01,75422.66,1776810075000
1776810077.162,77.162,0.84,0.85,0.15,0.16,0.01,0.01,75422.66,1776810075000
1776810077.554,77.554,0.84,0.85,0.15,0.16,0.01,0.01,75425.35,1776810076000
1776810077.887,77.887,0.84,0.85,0.15,0.16,0.01,0.01,75425.35,1776810076000
1776810078.245,78.245,0.84,0.85,0.15,0.16,0.01,0.01,75425.35,1776810076000
1776810078.641,78.641,0.84,0.85,0.15,0.16,0.01,0.01,75425.35,1776810076000
1776810078.975,78.975,0.84,0.85,0.15,0.16,0.01,0.01,75425.3,1776810077000
1776810079.34,79.34,0.84,0.85,0.15,0.16,0.01,0.01,75425.3,1776810077000
1776810079.792,79.792,0.84,0.85,0.15,0.16,0.01,0.01,75424.7,1776810078000
1776810080.135,80.135,0.84,0.85,0.15,0.16,0.01,0.01,75424.7,1776810078000
1776810080.589,80.589,0.84,0.85,0.15,0.16,0.01,0.01,75424.19,1776810079000
1776810080.965,80.965,0.84,0.85,0.15,0.16,0.01,0.01,75426.88,1776810080000
1776810081.354,81.354,0.84,0.85,0.15,0.16,0.01,0.01,75426.88,1776810080000
1776810081.737,81.737,0.84,0.85,0.15,0.16,0.01,0.01,75426.88,1776810080000
1776810082.08,82.08,0.7,0.79,0.21,0.25,0.09,0.04,75426.88,1776810080000
1776810082.484,82.484,0.65,0.69,0.31,0.35,0.04,0.04,75426.88,1776810081000
1776810082.822,82.822,0.62,0.67,0.33,0.38,0.05,0.05,75426.88,1776810081000
1776810083.187,83.187,0.62,0.67,0.33,0.38,0.05,0.05,75426.88,1776810081000
1776810083.528,83.528,0.6,0.63,0.36,0.38,0.03,0.02,75426.88,1776810081000
1776810083.865,83.865,0.61,0.63,0.37,0.38,0.02,0.01,75424.42,1776810082000
1776810084.206,84.206,0.62,0.63,0.37,0.38,0.01,0.01,75424.42,1776810082000
1776810084.548,84.548,0.61,0.62,0.38,0.39,0.01,0.01,75388.15,1776810083000
1776810084.882,84.882,0.61,0.62,0.38,0.39,0.01,0.01,75384.33,1776810084000
1776810085.227,85.227,0.61,0.62,0.38,0.39,0.01,0.01,75384.33,1776810084000
1776810085.567,85.567,0.63,0.65,0.35,0.37,0.02,0.02,75384.33,1776810084000
1776810085.991,85.991,0.66,0.68,0.32,0.37,0.02,0.05,75384.33,1776810084000
1776810086.341,86.341,0.67,0.68,0.32,0.33,0.01,0.01,75381.02,1776810085000
1776810086.694,86.694,0.68,0.69,0.31,0.32,0.01,0.01,75381.02,1776810085000
1776810087.056,87.056,0.69,0.7,0.3,0.31,0.01,0.01,75381.02,1776810085000
1776810088.165,88.165,0.69,0.7,0.3,0.31,0.01,0.01,75383.91,1776810086000
1776810088.534,88.534,0.69,0.7,0.3,0.31,0.01,0.01,75383.91,1776810086000
1776810088.884,88.884,0.69,0.7,0.3,0.31,0.01,0.01,75387.0,1776810087000
1776810089.272,89.272,0.69,0.7,0.3,0.31,0.01,0.01,75391.85,1776810088000
1776810089.75,89.75,0.69,0.7,0.3,0.31,0.01,0.01,75391.85,1776810088000
1776810090.153,90.153,0.69,0.7,0.3,0.31,0.01,0.01,75391.78,1776810089000
1776810090.658,90.658,0.69,0.7,0.3,0.31,0.01,0.01,75391.78,1776810089000
1776810091.184,91.184,0.69,0.7,0.3,0.31,0.01,0.01,75391.78,1776810089000
1776810091.548,91.548,0.69,0.7,0.3,0.31,0.01,0.01,75389.78,1776810090000
1776810091.955,91.955,0.69,0.7,0.3,0.31,0.01,0.01,75388.04,1776810091000
1776810092.316,92.316,0.68,0.7,0.3,0.32,0.02,0.02,75388.04,1776810091000
1776810092.69,92.69,0.69,0.7,0.3,0.31,0.01,0.01,75388.04,1776810091000
1776810093.153,93.153,0.69,0.7,0.3,0.31,0.01,0.01,75388.04,1776810091000
1776810093.566,93.566,0.69,0.7,0.3,0.31,0.01,0.01,75387.99,1776810092000
1776810093.903,93.903,0.69,0.7,0.3,0.31,0.01,0.01,75387.99,1776810092000
1776810094.251,94.251,0.69,0.7,0.3,0.31,0.01,0.01,75387.99,1776810092000
1776810094.616,94.616,0.69,0.7,0.3,0.31,0.01,0.01,75387.99,1776810092000
1776810095.403,95.403,0.69,0.7,0.3,0.31,0.01,0.01,75387.99,1776810094000
1776810095.776,95.776,0.64,0.65,0.32,0.37,0.01,0.05,75387.99,1776810094000
1776810096.179,96.179,0.63,0.65,0.35,0.36,0.02,0.01,75387.99,1776810094000
1776810096.563,96.563,0.64,0.65,0.35,0.36,0.01,0.01,75387.99,1776810095000
1776810096.988,96.988,0.63,0.64,0.36,0.37,0.01,0.01,75387.99,1776810095000
1776810097.365,97.365,0.63,0.65,0.35,0.37,0.02,0.02,75386.65,1776810096000
1776810098.012,98.012,0.64,0.65,0.35,0.36,0.01,0.01,75386.65,1776810096000
1776810098.385,98.385,0.64,0.65,0.35,0.36,0.01,0.01,75386.11,1776810097000
1776810098.786,98.786,0.64,0.65,0.35,0.36,0.01,0.01,75386.11,1776810097000
1776810099.189,99.189,0.64,0.65,0.35,0.36,0.01,0.01,75386.11,1776810097000
1776810099.897,99.897,0.64,0.65,0.35,0.36,0.01,0.01,75385.03,1776810099000
1776810100.303,100.303,0.64,0.65,0.35,0.36,0.01,0.01,75385.03,1776810099000
1776810100.916,100.916,0.65,0.66,0.34,0.35,0.01,0.01,75384.01,1776810100000
1776810101.34,101.34,0.65,0.66,0.34,0.35,0.01,0.01,75384.01,1776810100000
1776810101.96,101.96,0.65,0.66,0.34,0.35,0.01,0.01,75384.01,1776810100000
1776810102.308,102.308,0.65,0.66,0.34,0.35,0.01,0.01,75383.84,1776810101000
1776810102.725,102.725,0.65,0.66,0.34,0.35,0.01,0.01,75383.84,1776810101000
1776810103.178,103.178,0.65,0.66,0.34,0.35,0.01,0.01,75384.16,1776810102000
1776810103.796,103.796,0.65,0.66,0.34,0.35,0.01,0.01,75384.16,1776810102000
1776810104.157,104.157,0.66,0.67,0.33,0.35,0.01,0.02,75384.16,1776810102000
1776810105.185,105.185,0.66,0.67,0.33,0.34,0.01,0.01,75384.63,1776810104000
1776810105.536,105.536,0.66,0.67,0.33,0.34,0.01,0.01,75384.63,1776810104000
1776810106.063,106.063,0.66,0.67,0.33,0.34,0.01,0.01,75384.63,1776810104000
1776810106.398,106.398,0.62,0.63,0.36,0.38,0.01,0.02,75386.12,1776810105000
1776810106.738,106.738,0.62,0.63,0.37,0.38,0.01,0.01,75386.12,1776810105000
1776810107.111,107.111,0.62,0.63,0.37,0.38,0.01,0.01,75386.12,1776810105000
1776810107.582,107.582,0.62,0.63,0.37,0.38,0.01,0.01,75386.12,1776810105000
1776810108.085,108.085,0.61,0.62,0.38,0.39,0.01,0.01,75386.12,1776810105000
1776810108.512,108.512,0.61,0.62,0.38,0.39,0.01,0.01,75380.51,1776810107000
1776810108.851,108.851,0.66,0.67,0.32,0.34,0.01,0.02,75380.51,1776810107000
1776810109.225,109.225,0.67,0.68,0.32,0.33,0.01,0.01,75380.51,1776810107000
1776810109.688,109.688,0.67,0.68,0.32,0.33,0.01,0.01,75380.51,1776810107000
1776810110.264,110.264,0.67,0.68,0.32,0.33,0.01,0.01,75380.32,1776810108000
1776810110.861,110.861,0.67,0.68,0.32,0.33,0.01,0.01,75380.13,1776810109000
1776810111.224,111.224,0.67,0.69,0.32,0.33,0.02,0.01,75380.13,1776810109000
1776810111.713,111.713,0.69,0.7,0.3,0.31,0.01,0.01,75380.13,1776810109000
1776810112.286,112.286,0.69,0.7,0.3,0.31,0.01,0.01,75387.77,1776810111000
1776810112.642,112.642,0.69,0.7,0.3,0.31,0.01,0.01,75387.77,1776810111000
1776810113.066,113.066,0.7,0.71,0.3,0.31,0.01,0.01,75387.77,1776810111000
1776810113.406,113.406,0.7,0.71,0.29,0.3,0.01,0.01,75387.77,1776810111000
1776810113.816,113.816,0.7,0.71,0.29,0.3,0.01,0.01,75388.5,1776810112000
1776810114.165,114.165,0.71,0.73,0.27,0.29,0.02,0.02,75388.5,1776810112000
1776810114.583,114.583,0.74,0.75,0.25,0.26,0.01,0.01,75388.66,1776810113000
1776810114.951,114.951,0.74,0.75,0.25,0.26,0.01,0.01,75388.66,1776810113000
1776810115.665,115.665,0.74,0.75,0.25,0.26,0.01,0.01,75388.69,1776810114000
1776810116.104,116.104,0.74,0.75,0.25,0.26,0.01,0.01,75388.69,1776810114000
1776810116.522,116.522,0.74,0.75,0.25,0.26,0.01,0.01,75396.54,1776810115000
1776810116.894,116.894,0.74,0.75,0.25,0.26,0.01,0.01,75396.54,1776810115000
1776810117.245,117.245,0.74,0.75,0.25,0.26,0.01,0.01,75396.71,1776810116000
1776810118.477,118.477,0.74,0.75,0.25,0.26,0.01,0.01,75396.71,1776810116000
1776810119.096,119.096,0.74,0.75,0.25,0.26,0.01,0.01,75397.41,1776810118000
1776810119.873,119.873,0.74,0.75,0.25,0.26,0.01,0.01,75397.41,1776810118000
1776810120.279,120.279,0.74,0.75,0.25,0.26,0.01,0.01,75397.41,1776810118000
1776810120.614,120.614,0.74,0.75,0.25,0.26,0.01,0.01,75397.29,1776810119000
1776810121.018,121.018,0.74,0.75,0.25,0.26,0.01,0.01,75397.29,1776810119000
1776810121.442,121.442,0.74,0.75,0.25,0.26,0.01,0.01,75397.29,1776810120000
1776810122.188,122.188,0.74,0.75,0.25,0.26,0.01,0.01,75397.29,1776810120000
1776810122.614,122.614,0.74,0.75,0.25,0.26,0.01,0.01,75397.24,1776810121000
1776810123.016,123.016,0.74,0.75,0.25,0.26,0.01,0.01,75397.24,1776810121000
1776810123.43,123.43,0.74,0.75,0.25,0.26,0.01,0.01,75397.24,1776810122000
1776810123.853,123.853,0.74,0.75,0.25,0.26,0.01,0.01,75397.24,1776810122000
1776810124.459,124.459,0.74,0.75,0.25,0.26,0.01,0.01,75397.24,1776810122000
1776810124.852,124.852,0.74,0.75,0.25,0.26,0.01,0.01,75396.83,1776810123000
1776810125.192,125.192,0.74,0.75,0.25,0.26,0.01,0.01,75396.83,1776810123000
1776810125.691,125.691,0.74,0.75,0.25,0.26,0.01,0.01,75396.83,1776810124000
1776810126.075,126.075,0.74,0.75,0.25,0.26,0.01,0.01,75396.83,1776810124000
1776810126.872,126.872,0.74,0.75,0.25,0.26,0.01,0.01,75396.89,1776810125000
1776810127.229,127.229,0.74,0.75,0.25,0.26,0.01,0.01,75396.87,1776810126000
1776810127.596,127.596,0.73,0.75,0.25,0.26,0.02,0.01,75396.87,1776810126000
1776810128.191,128.191,0.73,0.74,0.26,0.27,0.01,0.01,75397.02,1776810127000
1776810129.077,129.077,0.73,0.74,0.26,0.27,0.01,0.01,75397.03,1776810128000
1776810129.446,129.446,0.73,0.74,0.26,0.27,0.01,0.01,75397.03,1776810128000
1776810129.828,129.828,0.61,0.62,0.38,0.4,0.01,0.02,75397.03,1776810128000
1776810130.165,130.165,0.57,0.61,0.39,0.43,0.04,0.04,75396.92,1776810129000
1776810130.505,130.505,0.59,0.6,0.4,0.41,0.01,0.01,75396.92,1776810129000
1776810130.849,130.849,0.58,0.59,0.41,0.42,0.01,0.01,75396.92,1776810129000
1776810131.183,131.183,0.55,0.56,0.44,0.45,0.01,0.01,75386.18,1776810130000
1776810131.528,131.528,0.55,0.56,0.44,0.45,0.01,0.01,75386.18,1776810130000
1776810131.864,131.864,0.54,0.55,0.45,0.46,0.01,0.01,75386.18,1776810130000
1776810132.218,132.218,0.54,0.55,0.45,0.46,0.01,0.01,75369.41,1776810131000
1776810132.622,132.622,0.56,0.57,0.43,0.44,0.01,0.01,75369.41,1776810131000
1776810132.993,132.993,0.57,0.58,0.41,0.44,0.01,0.03,75369.41,1776810131000
1776810133.328,133.328,0.57,0.58,0.42,0.43,0.01,0.01,75361.42,1776810132000
1776810133.675,133.675,0.57,0.59,0.42,0.43,0.02,0.01,75361.42,1776810132000
1776810134.047,134.047,0.58,0.59,0.41,0.42,0.01,0.01,75361.42,1776810132000
1776810134.491,134.491,0.58,0.59,0.41,0.42,0.01,0.01,75362.42,1776810133000
1776810134.857,134.857,0.58,0.59,0.41,0.42,0.01,0.01,75362.42,1776810133000
1776810135.331,135.331,0.58,0.59,0.41,0.42,0.01,0.01,75362.42,1776810133000
1776810136.079,136.079,0.58,0.59,0.41,0.42,0.01,0.01,75365.03,1776810134000
1776810136.526,136.526,0.58,0.59,0.41,0.42,0.01,0.01,75365.03,1776810134000
1776810136.921,136.921,0.58,0.59,0.41,0.42,0.01,0.01,75369.54,1776810135000
1776810137.34,137.34,0.58,0.59,0.41,0.42,0.01,0.01,75369.54,1776810135000
1776810137.752,137.752,0.57,0.59,0.41,0.42,0.02,0.01,75369.66,1776810136000
1776810138.476,138.476,0.55,0.56,0.44,0.45,0.01,0.01,75369.66,1776810136000
1776810138.832,138.832,0.52,0.53,0.47,0.48,0.01,0.01,75369.7,1776810137000
1776810139.195,139.195,0.52,0.53,0.47,0.48,0.01,0.01,75369.7,1776810137000
1776810139.609,139.609,0.52,0.53,0.47,0.48,0.01,0.01,75367.05,1776810138000
1776810140.121,140.121,0.52,0.53,0.47,0.48,0.01,0.01,75367.05,1776810138000
1776810140.61,140.61,0.52,0.53,0.47,0.48,0.01,0.01,75362.8,1776810139000
1776810140.997,140.997,0.51,0.52,0.48,0.49,0.01,0.01,75362.8,1776810139000
1776810141.425,141.425,0.51,0.52,0.48,0.49,0.01,0.01,75362.8,1776810139000
1776810141.81,141.81,0.51,0.52,0.48,0.49,0.01,0.01,75358.84,1776810140000
1776810142.372,142.372,0.52,0.53,0.47,0.48,0.01,0.01,75354.79,1776810141000
1776810142.809,142.809,0.51,0.53,0.47,0.48,0.02,0.01,75354.79,1776810141000
1776810143.184,143.184,0.51,0.52,0.48,0.5,0.01,0.02,75354.79,1776810141000
1776810143.55,143.55,0.51,0.52,0.48,0.49,0.01,0.01,75356.18,1776810142000
1776810143.911,143.911,0.51,0.52,0.48,0.49,0.01,0.01,75356.18,1776810142000
1776810144.271,144.271,0.51,0.52,0.48,0.49,0.01,0.01,75357.15,1776810143000
1776810144.831,144.831,0.51,0.52,0.48,0.49,0.01,0.01,75357.15,1776810143000
1776810145.212,145.212,0.51,0.55,0.45,0.49,0.04,0.04,75357.15,1776810143000
1776810145.547,145.547,0.51,0.54,0.46,0.47,0.03,0.01,75356.66,1776810144000
1776810145.921,145.921,0.5,0.51,0.49,0.5,0.01,0.01,75356.66,1776810144000
1776810146.341,146.341,0.5,0.51,0.49,0.5,0.01,0.01,75356.66,1776810144000
1776810146.767,146.767,0.5,0.51,0.49,0.5,0.01,0.01,75356.2,1776810145000
1776810147.197,147.197,0.5,0.51,0.49,0.5,0.01,0.01,75355.32,1776810146000
1776810147.591,147.591,0.5,0.51,0.49,0.5,0.01,0.01,75355.32,1776810146000
1776810148.102,148.102,0.5,0.51,0.49,0.5,0.01,0.01,75350.57,1776810147000
1776810148.508,148.508,0.5,0.51,0.49,0.5,0.01,0.01,75350.57,1776810147000
1776810148.99,148.99,0.5,0.51,0.49,0.5,0.01,0.01,75350.66,1776810148000
1776810149.635,149.635,0.5,0.51,0.49,0.5,0.01,0.01,75350.66,1776810148000
1776810149.974,149.974,0.48,0.49,0.51,0.52,0.01,0.01,75350.66,1776810148000
1776810150.339,150.339,0.48,0.49,0.51,0.52,0.01,0.01,75349.52,1776810149000
1776810150.687,150.687,0.48,0.49,0.51,0.52,0.01,0.01,75349.52,1776810149000
1776810151.023,151.023,0.48,0.49,0.51,0.52,0.01,0.01,75347.62,1776810150000
1776810151.485,151.485,0.5,0.51,0.49,0.5,0.01,0.01,75347.62,1776810150000
1776810151.868,151.868,0.5,0.51,0.49,0.5,0.01,0.01,75347.62,1776810150000
1776810152.21,152.21,0.5,0.51,0.49,0.5,0.01,0.01,75347.62,1776810150000
1776810152.555,152.555,0.5,0.51,0.49,0.5,0.01,0.01,75346.47,1776810151000
1776810152.958,152.958,0.5,0.51,0.49,0.5,0.01,0.01,75346.47,1776810151000
1776810153.402,153.402,0.5,0.51,0.49,0.5,0.01,0.01,75349.1,1776810152000
1776810153.805,153.805,0.5,0.51,0.49,0.5,0.01,0.01,75349.1,1776810152000
1776810154.189,154.189,0.49,0.5,0.49,0.51,0.01,0.02,75348.39,1776810153000
1776810154.554,154.554,0.5,0.51,0.49,0.5,0.01,0.01,75348.39,1776810153000
1776810154.903,154.903,0.52,0.53,0.47,0.49,0.01,0.02,75348.39,1776810153000
1776810155.341,155.341,0.52,0.53,0.47,0.48,0.01,0.01,75348.53,1776810154000
1776810155.733,155.733,0.52,0.53,0.47,0.48,0.01,0.01,75348.53,1776810154000
1776810156.225,156.225,0.52,0.53,0.47,0.48,0.01,0.01,75348.53,1776810154000
1776810156.861,156.861,0.52,0.53,0.47,0.48,0.01,0.01,75349.03,1776810155000
1776810157.35,157.35,0.52,0.53,0.47,0.48,0.01,0.01,75349.03,1776810156000
1776810157.811,157.811,0.52,0.53,0.47,0.48,0.01,0.01,75349.03,1776810156000
1776810158.253,158.253,0.52,0.53,0.47,0.48,0.01,0.01,75351.25,1776810157000
1776810158.732,158.732,0.52,0.53,0.47,0.48,0.01,0.01,75351.25,1776810157000
1776810159.127,159.127,0.51,0.53,0.47,0.48,0.02,0.01,75351.25,1776810157000
1776810159.476,159.476,0.51,0.52,0.47,0.49,0.01,0.02,75351.18,1776810158000
1776810159.955,159.955,0.51,0.52,0.48,0.49,0.01,0.01,75351.18,1776810158000
1776810160.516,160.516,0.51,0.52,0.48,0.49,0.01,0.01,75351.15,1776810159000
1776810161.039,161.039,0.5,0.51,0.49,0.5,0.01,0.01,75351.15,1776810159000
1776810161.982,161.982,0.49,0.51,0.49,0.5,0.02,0.01,75351.45,1776810160000
1776810162.802,162.802,0.49,0.5,0.5,0.51,0.01,0.01,75348.0,1776810161000
1776810163.28,163.28,0.5,0.51,0.49,0.5,0.01,0.01,75348.0,1776810161000
1776810163.832,163.832,0.5,0.57,0.43,0.5,0.07,0.07,75350.13,1776810163000
1776810164.238,164.238,0.51,0.52,0.43,0.5,0.01,0.07,75350.13,1776810163000
1776810164.626,164.626,0.51,0.52,0.48,0.49,0.01,0.01,75350.13,1776810163000
1776810165.043,165.043,0.51,0.52,0.48,0.49,0.01,0.01,75350.13,1776810163000
1776810165.426,165.426,0.51,0.52,0.48,0.49,0.01,0.01,75350.42,1776810164000
1776810165.971,165.971,0.51,0.52,0.48,0.49,0.01,0.01,75350.42,1776810164000
1776810166.354,166.354,0.51,0.52,0.48,0.49,0.01,0.01,75350.62,1776810165000
1776810166.698,166.698,0.51,0.52,0.48,0.49,0.01,0.01,75350.62,1776810165000
1776810167.153,167.153,0.51,0.52,0.48,0.49,0.01,0.01,75350.62,1776810165000
1776810168.192,168.192,0.51,0.52,0.48,0.49,0.01,0.01,75350.35,1776810167000
1776810168.711,168.711,0.51,0.52,0.48,0.49,0.01,0.01,75350.35,1776810167000
1776810169.122,169.122,0.51,0.52,0.48,0.49,0.01,0.01,75349.76,1776810168000
1776810169.505,169.505,0.51,0.52,0.48,0.49,0.01,0.01,75349.76,1776810168000
1776810169.863,169.863,0.51,0.52,0.48,0.49,0.01,0.01,75349.76,1776810168000
1776810170.587,170.587,0.51,0.52,0.48,0.49,0.01,0.01,75350.23,1776810169000
1776810171.014,171.014,0.51,0.52,0.48,0.49,0.01,0.01,75350.23,1776810169000
1776810171.928,171.928,0.51,0.53,0.48,0.49,0.02,0.01,75350.77,1776810170000
1776810172.306,172.306,0.52,0.53,0.47,0.48,0.01,0.01,75350.5,1776810171000
1776810172.669,172.669,0.52,0.53,0.47,0.48,0.01,0.01,75350.5,1776810171000
1776810173.067,173.067,0.52,0.53,0.47,0.48,0.01,0.01,75350.41,1776810172000
1776810173.635,173.635,0.52,0.53,0.47,0.48,0.01,0.01,75350.41,1776810172000
1776810174.035,174.035,0.52,0.53,0.47,0.48,0.01,0.01,75350.5,1776810173000
1776810175.122,175.122,0.51,0.53,0.47,0.49,0.02,0.02,75350.68,1776810174000
1776810175.463,175.463,0.52,0.53,0.47,0.48,0.01,0.01,75350.68,1776810174000
1776810175.984,175.984,0.52,0.53,0.47,0.48,0.01,0.01,75350.68,1776810174000
1776810176.736,176.736,0.52,0.53,0.47,0.48,0.01,0.01,75350.88,1776810175000
1776810177.081,177.081,0.59,0.6,0.38,0.41,0.01,0.03,75350.88,1776810175000
1776810177.509,177.509,0.56,0.57,0.41,0.44,0.01,0.03,75350.91,1776810176000
1776810177.865,177.865,0.56,0.57,0.43,0.44,0.01,0.01,75350.91,1776810176000
1776810178.342,178.342,0.56,0.57,0.43,0.44,0.01,0.01,75351.15,1776810177000
1776810178.741,178.741,0.56,0.57,0.43,0.44,0.01,0.01,75351.15,1776810177000
1776810179.152,179.152,0.56,0.57,0.43,0.44,0.01,0.01,75351.15,1776810177000
1776810179.681,179.681,0.48,0.49,0.43,0.53,0.01,0.1,75355.16,1776810178000
1776810180.073,180.073,0.52,0.53,0.47,0.48,0.01,0.01,75359.1,1776810179000
1776810180.423,180.423,0.52,0.53,0.47,0.48,0.01,0.01,75359.1,1776810179000
1776810181.013,181.013,0.54,0.55,0.45,0.46,0.01,0.01,75359.1,1776810179000
1776810181.421,181.421,0.54,0.55,0.45,0.46,0.01,0.01,75359.1,1776810179000
1776810181.812,181.812,0.54,0.55,0.45,0.46,0.01,0.01,75356.41,1776810180000
1776810182.158,182.158,0.54,0.55,0.45,0.46,0.01,0.01,75356.41,1776810181000
1776810182.499,182.499,0.54,0.55,0.45,0.46,0.01,0.01,75356.41,1776810181000
1776810182.881,182.881,0.54,0.55,0.45,0.46,0.01,0.01,75356.41,1776810181000
1776810183.266,183.266,0.54,0.55,0.45,0.46,0.01,0.01,75356.41,1776810181000
1776810183.601,183.601,0.44,0.45,0.55,0.56,0.01,0.01,75356.21,1776810182000
1776810183.945,183.945,0.44,0.45,0.55,0.56,0.01,0.01,75356.21,1776810182000
1776810184.432,184.432,0.44,0.45,0.55,0.56,0.01,0.01,75356.07,1776810183000
1776810184.766,184.766,0.44,0.45,0.55,0.56,0.01,0.01,75356.07,1776810183000
1776810185.18,185.18,0.44,0.45,0.55,0.56,0.01,0.01,75356.07,1776810183000
1776810185.668,185.668,0.44,0.45,0.55,0.56,0.01,0.01,75349.57,1776810184000
1776810186.067,186.067,0.44,0.47,0.55,0.56,0.03,0.01,75349.57,1776810184000
1776810186.668,186.668,0.45,0.46,0.54,0.55,0.01,0.01,75350.97,1776810185000
1776810187.046,187.046,0.45,0.46,0.54,0.55,0.01,0.01,75350.93,1776810186000
1776810187.446,187.446,0.45,0.46,0.54,0.55,0.01,0.01,75350.93,1776810186000
1776810187.985,187.985,0.45,0.46,0.54,0.55,0.01,0.01,75349.58,1776810187000
1776810188.788,188.788,0.45,0.46,0.54,0.55,0.01,0.01,75349.58,1776810187000
1776810189.33,189.33,0.45,0.46,0.54,0.55,0.01,0.01,75348.38,1776810188000
1776810189.711,189.711,0.45,0.46,0.54,0.56,0.01,0.02,75348.38,1776810188000
1776810190.18,190.18,0.45,0.46,0.54,0.55,0.01,0.01,75348.32,1776810189000
1776810190.548,190.548,0.22,0.27,0.7,0.78,0.05,0.08,75348.32,1776810189000
1776810190.899,190.899,0.25,0.31,0.69,0.75,0.06,0.06,75348.32,1776810189000
1776810191.248,191.248,0.26,0.32,0.68,0.74,0.06,0.06,75347.38,1776810190000
1776810191.601,191.601,0.26,0.27,0.72,0.74,0.01,0.02,75347.38,1776810190000
1776810191.956,191.956,0.29,0.3,0.7,0.71,0.01,0.01,75347.38,1776810190000
1776810192.297,192.297,0.29,0.3,0.7,0.71,0.01,0.01,75347.38,1776810190000
1776810192.631,192.631,0.29,0.3,0.7,0.71,0.01,0.01,75333.74,1776810191000
1776810193.064,193.064,0.29,0.3,0.7,0.71,0.01,0.01,75333.74,1776810191000
1776810193.413,193.413,0.29,0.3,0.7,0.71,0.01,0.01,75333.74,1776810191000
1776810193.871,193.871,0.29,0.3,0.7,0.71,0.01,0.01,75331.38,1776810192000
1776810194.23,194.23,0.29,0.3,0.7,0.71,0.01,0.01,75329.26,1776810193000
1776810194.565,194.565,0.29,0.3,0.7,0.71,0.01,0.01,75329.26,1776810193000
1776810194.92,194.92,0.28,0.29,0.71,0.72,0.01,0.01,75329.26,1776810193000
1776810195.378,195.378,0.27,0.28,0.72,0.73,0.01,0.01,75329.26,1776810193000
1776810195.804,195.804,0.26,0.27,0.73,0.74,0.01,0.01,75328.06,1776810194000
1776810196.27,196.27,0.25,0.26,0.73,0.75,0.01,0.02,75328.06,1776810194000
1776810196.608,196.608,0.22,0.24,0.76,0.79,0.02,0.03,75328.06,1776810194000
1776810197.489,197.489,0.2,0.21,0.79,0.82,0.01,0.03,75328.32,1776810195000
1776810197.829,197.829,0.22,0.24,0.76,0.78,0.02,0.02,75328.32,1776810195000
1776810198.543,198.543,0.23,0.24,0.76,0.78,0.01,0.02,75327.62,1776810196000
1776810198.991,198.991,0.23,0.24,0.76,0.77,0.01,0.01,75324.97,1776810197000
1776810199.545,199.545,0.23,0.25,0.75,0.77,0.02,0.02,75324.97,1776810197000
1776810199.902,199.902,0.24,0.25,0.75,0.76,0.01,0.01,75327.44,1776810198000
1776810200.239,200.239,0.27,0.34,0.7,0.73,0.07,0.03,75327.44,1776810198000
1776810200.596,200.596,0.3,0.32,0.69,0.7,0.02,0.01,75327.44,1776810198000
1776810200.934,200.934,0.3,0.31,0.69,0.7,0.01,0.01,75330.52,1776810199000
1776810201.271,201.271,0.3,0.31,0.69,0.7,0.01,0.01,75334.28,1776810200000
1776810201.658,201.658,0.29,0.3,0.7,0.71,0.01,0.01,75334.28,1776810200000
1776810202.038,202.038,0.29,0.3,0.7,0.71,0.01,0.01,75334.28,1776810200000
1776810202.426,202.426,0.29,0.3,0.7,0.71,0.01,0.01,75334.91,1776810201000
1776810202.784,202.784,0.28,0.29,0.7,0.71,0.01,0.01,75334.91,1776810201000
1776810203.122,203.122,0.28,0.29,0.71,0.72,0.01,0.01,75334.91,1776810201000
1776810203.627,203.627,0.27,0.28,0.72,0.73,0.01,0.01,75330.8,1776810202000
1776810203.968,203.968,0.27,0.28,0.72,0.73,0.01,0.01,75330.8,1776810202000
1776810204.578,204.578,0.27,0.28,0.72,0.73,0.01,0.01,75330.8,1776810203000
1776810205.118,205.118,0.27,0.28,0.72,0.73,0.01,0.01,75331.82,1776810204000
1776810205.48,205.48,0.18,0.2,0.8,0.82,0.02,0.02,75331.82,1776810204000
1776810205.936,205.936,0.17,0.18,0.82,0.83,0.01,0.01,75331.82,1776810204000
1776810206.274,206.274,0.17,0.18,0.82,0.83,0.01,0.01,75327.43,1776810205000
1776810207.141,207.141,0.17,0.18,0.82,0.83,0.01,0.01,75321.86,1776810206000
1776810207.533,207.533,0.17,0.18,0.82,0.83,0.01,0.01,75321.86,1776810206000
1776810207.89,207.89,0.17,0.18,0.81,0.83,0.01,0.02,75321.86,1776810206000
1776810208.342,208.342,0.2,0.21,0.79,0.82,0.01,0.03,75321.86,1776810206000
1776810208.7,208.7,0.2,0.21,0.79,0.8,0.01,0.01,75320.65,1776810207000
1776810209.052,209.052,0.2,0.21,0.79,0.8,0.01,0.01,75320.65,1776810208000
1776810209.558,209.558,0.2,0.21,0.79,0.8,0.01,0.01,75320.65,1776810208000
1776810209.964,209.964,0.2,0.21,0.79,0.8,0.01,0.01,75320.65,1776810208000
1776810210.434,210.434,0.2,0.21,0.79,0.8,0.01,0.01,75319.61,1776810209000
1776810210.917,210.917,0.2,0.21,0.79,0.8,0.01,0.01,75319.61,1776810209000
1776810211.286,211.286,0.23,0.24,0.76,0.77,0.01,0.01,75319.22,1776810210000
1776810211.628,211.628,0.24,0.26,0.74,0.76,0.02,0.02,75319.22,1776810210000
1776810211.968,211.968,0.25,0.26,0.74,0.75,0.01,0.01,75319.22,1776810210000
1776810212.454,212.454,0.25,0.26,0.74,0.75,0.01,0.01,75319.22,1776810210000
1776810212.846,212.846,0.27,0.28,0.72,0.73,0.01,0.01,75321.67,1776810211000
1776810213.291,213.291,0.27,0.28,0.72,0.73,0.01,0.01,75321.67,1776810212000
1776810213.948,213.948,0.27,0.28,0.72,0.73,0.01,0.01,75321.67,1776810212000
1776810214.468,214.468,0.27,0.28,0.72,0.73,0.01,0.01,75325.56,1776810213000
1776810214.852,214.852,0.27,0.28,0.72,0.73,0.01,0.01,75325.56,1776810213000
1776810215.56,215.56,0.27,0.28,0.72,0.73,0.01,0.01,75329.01,1776810214000
1776810215.952,215.952,0.27,0.28,0.72,0.73,0.01,0.01,75329.01,1776810214000
1776810216.286,216.286,0.27,0.28,0.72,0.73,0.01,0.01,75329.36,1776810215000
1776810216.737,216.737,0.27,0.28,0.72,0.73,0.01,0.01,75329.36,1776810215000
1776810217.08,217.08,0.25,0.28,0.72,0.75,0.03,0.03,75329.36,1776810215000
1776810217.516,217.516,0.27,0.28,0.72,0.73,0.01,0.01,75329.36,1776810215000
1776810217.879,217.879,0.27,0.28,0.72,0.73,0.01,0.01,75329.64,1776810216000
1776810218.364,218.364,0.27,0.28,0.72,0.73,0.01,0.01,75329.78,1776810217000
1776810218.749,218.749,0.27,0.28,0.72,0.73,0.01,0.01,75329.78,1776810217000
1776810219.115,219.115,0.25,0.26,0.74,0.75,0.01,0.01,75329.78,1776810217000
1776810219.493,219.493,0.25,0.26,0.74,0.75,0.01,0.01,75329.84,1776810218000
1776810219.926,219.926,0.25,0.26,0.74,0.75,0.01,0.01,75329.84,1776810218000
1776810220.306,220.306,0.25,0.26,0.74,0.75,0.01,0.01,75329.67,1776810219000
1776810220.772,220.772,0.25,0.26,0.74,0.75,0.01,0.01,75329.67,1776810219000
1776810221.288,221.288,0.24,0.25,0.75,0.76,0.01,0.01,75329.67,1776810219000
1776810221.622,221.622,0.25,0.26,0.74,0.75,0.01,0.01,75329.67,1776810219000
1776810221.965,221.965,0.26,0.32,0.68,0.74,0.06,0.06,75328.81,1776810220000
1776810222.578,222.578,0.26,0.32,0.68,0.74,0.06,0.06,75328.81,1776810221000
1776810223.135,223.135,0.28,0.33,0.67,0.72,0.05,0.05,75329.48,1776810222000
1776810223.793,223.793,0.28,0.32,0.68,0.72,0.04,0.04,75329.48,1776810222000
1776810224.434,224.434,0.28,0.33,0.68,0.72,0.05,0.04,75334.55,1776810223000
1776810225.082,225.082,0.28,0.33,0.67,0.72,0.05,0.05,75334.55,1776810223000
1776810225.45,225.45,0.28,0.31,0.67,0.72,0.03,0.05,75336.29,1776810224000
1776810226.299,226.299,0.3,0.31,0.69,0.7,0.01,0.01,75335.39,1776810225000
1776810226.816,226.816,0.3,0.31,0.68,0.7,0.01,0.02,75335.39,1776810225000
1776810227.243,227.243,0.3,0.31,0.69,0.7,0.01,0.01,75335.39,1776810225000
1776810227.591,227.591,0.3,0.33,0.68,0.7,0.03,0.02,75336.94,1776810226000
1776810228.041,228.041,0.3,0.32,0.68,0.7,0.02,0.02,75337.06,1776810227000
1776810228.458,228.458,0.31,0.33,0.67,0.69,0.02,0.02,75337.06,1776810227000
1776810228.863,228.863,0.32,0.35,0.65,0.68,0.03,0.03,75338.84,1776810228000
1776810229.224,229.224,0.36,0.4,0.6,0.66,0.04,0.06,75338.84,1776810228000
1776810229.567,229.567,0.38,0.4,0.6,0.62,0.02,0.02,75338.84,1776810228000
1776810230.261,230.261,0.39,0.4,0.59,0.61,0.01,0.02,75338.84,1776810228000
1776810231.033,231.033,0.39,0.4,0.6,0.61,0.01,0.01,75339.97,1776810230000
1776810231.84,231.84,0.39,0.4,0.6,0.61,0.01,0.01,75339.97,1776810230000
1776810232.281,232.281,0.39,0.4,0.6,0.61,0.01,0.01,75339.97,1776810230000
1776810233.27,233.27,0.39,0.4,0.6,0.61,0.01,0.01,75343.31,1776810232000
1776810233.677,233.677,0.39,0.4,0.6,0.61,0.01,0.01,75343.31,1776810232000
1776810234.372,234.372,0.39,0.4,0.6,0.61,0.01,0.01,75343.36,1776810233000
1776810234.755,234.755,0.39,0.4,0.6,0.61,0.01,0.01,75343.36,1776810233000
1776810235.566,235.566,0.39,0.41,0.48,0.61,0.02,0.13,75343.36,1776810233000
1776810235.911,235.911,0.36,0.4,0.6,0.64,0.04,0.04,75343.37,1776810234000
1776810236.374,236.374,0.36,0.37,0.63,0.64,0.01,0.01,75343.37,1776810235000
1776810236.768,236.768,0.36,0.37,0.63,0.64,0.01,0.01,75343.37,1776810235000
1776810237.139,237.139,0.35,0.36,0.63,0.65,0.01,0.02,75343.37,1776810235000
1776810237.529,237.529,0.35,0.36,0.64,0.65,0.01,0.01,75343.37,1776810235000
1776810237.865,237.865,0.35,0.36,0.64,0.65,0.01,0.01,75339.86,1776810236000
1776810238.211,238.211,0.35,0.36,0.64,0.65,0.01,0.01,75339.86,1776810237000
1776810238.696,238.696,0.38,0.39,0.61,0.65,0.01,0.04,75339.86,1776810237000
1776810239.149,239.149,0.38,0.39,0.61,0.62,0.01,0.01,75341.69,1776810238000
1776810239.502,239.502,0.45,0.56,0.44,0.58,0.11,0.14,75341.69,1776810238000
1776810239.916,239.916,0.52,0.58,0.47,0.48,0.06,0.01,75341.69,1776810238000
1776810240.71,240.71,0.5,0.51,0.4,0.5,0.01,0.1,75341.86,1776810239000
1776810241.142,241.142,0.52,0.53,0.47,0.48,0.01,0.01,75341.86,1776810239000
1776810241.954,241.954,0.5,0.51,0.49,0.5,0.01,0.01,75349.03,1776810241000
1776810242.412,242.412,0.5,0.53,0.49,0.5,0.03,0.01,75349.03,1776810241000
1776810242.807,242.807,0.51,0.52,0.48,0.5,0.01,0.02,75349.03,1776810241000
1776810243.14,243.14,0.51,0.52,0.48,0.49,0.01,0.01,75347.75,1776810242000
1776810243.507,243.507,0.51,0.52,0.48,0.49,0.01,0.01,75347.75,1776810242000
1776810244.156,244.156,0.51,0.52,0.48,0.49,0.01,0.01,75350.12,1776810243000
1776810244.555,244.555,0.51,0.52,0.48,0.49,0.01,0.01,75350.12,1776810243000
1776810244.991,244.991,0.5,0.51,0.49,0.5,0.01,0.01,75350.12,1776810243000
1776810245.372,245.372,0.5,0.51,0.49,0.5,0.01,0.01,75352.51,1776810244000
1776810245.776,245.776,0.5,0.51,0.49,0.5,0.01,0.01,75352.51,1776810244000
1776810246.298,246.298,0.51,0.52,0.49,0.5,0.01,0.01,75352.48,1776810245000
1776810246.691,246.691,0.52,0.53,0.47,0.49,0.01,0.02,75352.48,1776810245000
1776810247.246,247.246,0.53,0.54,0.46,0.48,0.01,0.02,75352.86,1776810246000
1776810247.81,247.81,0.53,0.54,0.46,0.47,0.01,0.01,75352.86,1776810246000
1776810248.157,248.157,0.53,0.54,0.46,0.47,0.01,0.01,75352.88,1776810247000
1776810248.512,248.512,0.53,0.54,0.46,0.47,0.01,0.01,75352.88,1776810247000
1776810248.877,248.877,0.52,0.53,0.47,0.48,0.01,0.01,75352.88,1776810247000
1776810249.442,249.442,0.52,0.54,0.47,0.48,0.02,0.01,75352.88,1776810247000
1776810250.667,250.667,0.53,0.54,0.46,0.47,0.01,0.01,75353.57,1776810249000
1776810251.098,251.098,0.53,0.54,0.46,0.47,0.01,0.01,75353.57,1776810249000
1776810251.561,251.561,0.53,0.54,0.46,0.47,0.01,0.01,75353.57,1776810249000
1776810251.92,251.92,0.53,0.54,0.46,0.47,0.01,0.01,75353.76,1776810250000
1776810252.498,252.498,0.53,0.54,0.46,0.47,0.01,0.01,75353.77,1776810251000
1776810252.963,252.963,0.53,0.54,0.46,0.47,0.01,0.01,75353.77,1776810251000
1776810253.38,253.38,0.53,0.54,0.46,0.47,0.01,0.01,75353.77,1776810251000
1776810254.167,254.167,0.53,0.54,0.46,0.47,0.01,0.01,75353.78,1776810252000
1776810254.521,254.521,0.53,0.54,0.46,0.47,0.01,0.01,75353.67,1776810253000
1776810254.866,254.866,0.53,0.54,0.46,0.47,0.01,0.01,75353.67,1776810253000
1776810255.365,255.365,0.54,0.55,0.46,0.47,0.01,0.01,75353.67,1776810253000
1776810255.737,255.737,0.54,0.55,0.45,0.46,0.01,0.01,75353.84,1776810254000
1776810256.113,256.113,0.54,0.55,0.45,0.46,0.01,0.01,75353.84,1776810254000
1776810256.475,256.475,0.54,0.55,0.45,0.46,0.01,0.01,75353.84,1776810255000
1776810256.852,256.852,0.54,0.55,0.45,0.46,0.01,0.01,75353.84,1776810255000
1776810257.427,257.427,0.53,0.54,0.46,0.47,0.01,0.01,75353.84,1776810256000
1776810257.86,257.86,0.53,0.54,0.46,0.47,0.01,0.01,75353.84,1776810256000
1776810258.433,258.433,0.53,0.54,0.46,0.47,0.01,0.01,75353.84,1776810256000
1776810258.885,258.885,0.53,0.54,0.46,0.47,0.01,0.01,75354.05,1776810257000
1776810259.305,259.305,0.53,0.54,0.46,0.47,0.01,0.01,75354.05,1776810257000
1776810259.773,259.773,0.53,0.54,0.46,0.47,0.01,0.01,75354.06,1776810258000
1776810260.143,260.143,0.53,0.54,0.46,0.47,0.01,0.01,75354.09,1776810259000
1776810260.506,260.506,0.53,0.54,0.46,0.47,0.01,0.01,75354.09,1776810259000
1776810260.984,260.984,0.53,0.54,0.46,0.47,0.01,0.01,75354.09,1776810259000
1776810261.504,261.504,0.55,0.56,0.46,0.47,0.01,0.01,75354.09,1776810259000
1776810261.851,261.851,0.53,0.54,0.44,0.48,0.01,0.04,75354.06,1776810260000
1776810262.303,262.303,0.53,0.54,0.46,0.47,0.01,0.01,75354.06,1776810261000
1776810262.88,262.88,0.52,0.54,0.46,0.47,0.02,0.01,75354.06,1776810261000
1776810263.278,263.278,0.53,0.54,0.46,0.48,0.01,0.02,75354.07,1776810262000
1776810263.947,263.947,0.53,0.54,0.46,0.47,0.01,0.01,75354.07,1776810262000
1776810264.411,264.411,0.53,0.54,0.46,0.47,0.01,0.01,75354.07,1776810262000
1776810264.766,264.766,0.53,0.55,0.45,0.46,0.02,0.01,75354.57,1776810263000
1776810265.17,265.17,0.53,0.54,0.46,0.47,0.01,0.01,75354.57,1776810264000
1776810265.927,265.927,0.54,0.57,0.46,0.48,0.03,0.02,75354.57,1776810264000
1776810266.407,266.407,0.54,0.57,0.43,0.46,0.03,0.03,75354.57,1776810264000
1776810266.88,266.88,0.55,0.56,0.43,0.46,0.01,0.03,75354.52,1776810265000
1776810267.262,267.262,0.55,0.56,0.44,0.45,0.01,0.01,75354.52,1776810265000
1776810267.675,267.675,0.55,0.56,0.44,0.45,0.01,0.01,75356.42,1776810266000
1776810268.079,268.079,0.55,0.56,0.44,0.45,0.01,0.01,75354.52,1776810267000
1776810269.52,269.52,0.56,0.64,0.44,0.45,0.08,0.01,75354.52,1776810267000
1776810269.878,269.878,0.72,0.73,0.27,0.28,0.01,0.01,75354.76,1776810268000
1776810270.212,270.212,0.76,0.77,0.23,0.24,0.01,0.01,75354.76,1776810268000
1776810270.594,270.594,0.76,0.77,0.23,0.24,0.01,0.01,75354.76,1776810268000
1776810270.938,270.938,0.76,0.77,0.23,0.26,0.01,0.03,75354.76,1776810269000
1776810271.34,271.34,0.74,0.77,0.23,0.24,0.03,0.01,75354.76,1776810269000
1776810271.698,271.698,0.75,0.76,0.24,0.25,0.01,0.01,75355.07,1776810270000
1776810272.143,272.143,0.75,0.76,0.24,0.25,0.01,0.01,75359.38,1776810271000
1776810272.489,272.489,0.75,0.76,0.24,0.25,0.01,0.01,75359.38,1776810271000
1776810272.831,272.831,0.75,0.76,0.24,0.25,0.01,0.01,75359.38,1776810271000
1776810273.18,273.18,0.87,0.88,0.12,0.13,0.01,0.01,75361.1,1776810272000
1776810273.518,273.518,0.87,0.88,0.12,0.13,0.01,0.01,75361.1,1776810272000
1776810273.865,273.865,0.88,0.89,0.11,0.12,0.01,0.01,75361.1,1776810272000
1776810274.244,274.244,0.88,0.89,0.11,0.12,0.01,0.01,75361.1,1776810272000
1776810274.593,274.593,0.88,0.89,0.11,0.12,0.01,0.01,75361.85,1776810273000
1776810274.972,274.972,0.89,0.9,0.11,0.12,0.01,0.01,75361.85,1776810273000
1776810275.335,275.335,0.88,0.9,0.1,0.11,0.02,0.01,75361.85,1776810273000
1776810275.671,275.671,0.89,0.9,0.1,0.11,0.01,0.01,75361.85,1776810273000
1776810276.028,276.028,0.89,0.9,0.1,0.11,0.01,0.01,75367.36,1776810274000
1776810276.448,276.448,0.91,0.92,0.09,0.1,0.01,0.01,75371.31,1776810275000
1776810276.836,276.836,0.91,0.92,0.08,0.09,0.01,0.01,75371.31,1776810275000
1776810277.185,277.185,0.92,0.93,0.07,0.09,0.01,0.02,75371.31,1776810275000
1776810277.557,277.557,0.93,0.94,0.06,0.07,0.01,0.01,75372.42,1776810276000
1776810277.914,277.914,0.91,0.92,0.07,0.09,0.01,0.02,75372.42,1776810276000
1776810278.257,278.257,0.91,0.94,0.08,0.09,0.03,0.01,75372.49,1776810277000
1776810278.614,278.614,0.93,0.94,0.06,0.07,0.01,0.01,75372.49,1776810277000
1776810278.984,278.984,0.93,0.94,0.06,0.07,0.01,0.01,75372.49,1776810277000
1776810279.322,279.322,0.93,0.94,0.06,0.07,0.01,0.01,75372.58,1776810278000
1776810279.659,279.659,0.89,0.9,0.08,0.11,0.01,0.03,75372.58,1776810278000
1776810280.062,280.062,0.9,0.91,0.09,0.11,0.01,0.02,75372.58,1776810278000
1776810280.438,280.438,0.93,0.94,0.06,0.07,0.01,0.01,75372.52,1776810279000
1776810280.816,280.816,0.93,0.94,0.06,0.07,0.01,0.01,75372.52,1776810279000
1776810281.162,281.162,0.92,0.93,0.06,0.07,0.01,0.01,75372.52,1776810279000
1776810281.505,281.505,0.92,0.93,0.07,0.08,0.01,0.01,75372.52,1776810279000
1776810281.974,281.974,0.88,0.89,0.11,0.12,0.01,0.01,75371.83,1776810280000
1776810282.382,282.382,0.9,0.91,0.08,0.1,0.01,0.02,75371.73,1776810281000
1776810282.745,282.745,0.9,0.91,0.09,0.1,0.01,0.01,75371.73,1776810281000
1776810283.222,283.222,0.9,0.91,0.09,0.1,0.01,0.01,75371.73,1776810281000
1776810283.596,283.596,0.88,0.92,0.08,0.09,0.04,0.01,75371.76,1776810282000
1776810283.978,283.978,0.9,0.91,0.09,0.11,0.01,0.02,75371.76,1776810282000
1776810284.327,284.327,0.9,0.91,0.09,0.1,0.01,0.01,75371.76,1776810282000
1776810284.661,284.661,0.88,0.89,0.11,0.12,0.01,0.01,75371.76,1776810283000
1776810285.225,285.225,0.87,0.9,0.1,0.11,0.03,0.01,75371.76,1776810283000
1776810285.585,285.585,0.89,0.9,0.1,0.11,0.01,0.01,75371.76,1776810283000
1776810285.97,285.97,0.9,0.91,0.09,0.1,0.01,0.01,75371.76,1776810284000
1776810286.384,286.384,0.9,0.91,0.09,0.1,0.01,0.01,75371.76,1776810285000
1776810286.746,286.746,0.89,0.91,0.09,0.1,0.02,0.01,75371.76,1776810285000
1776810287.091,287.091,0.9,0.91,0.09,0.11,0.01,0.02,75371.75,1776810286000
1776810287.469,287.469,0.92,0.94,0.07,0.09,0.02,0.02,75371.75,1776810286000
1776810287.968,287.968,0.92,0.94,0.06,0.08,0.02,0.02,75371.73,1776810287000
1776810288.434,288.434,0.94,0.95,0.05,0.07,0.01,0.02,75371.73,1776810287000
1776810288.777,288.777,0.94,0.95,0.05,0.06,0.01,0.01,75371.73,1776810287000
1776810289.157,289.157,0.94,0.95,0.05,0.06,0.01,0.01,75371.73,1776810288000
1776810289.573,289.573,0.94,0.97,0.05,0.07,0.03,0.02,75371.73,1776810288000
1776810289.929,289.929,0.95,0.96,0.03,0.04,0.01,0.01,75371.73,1776810288000
1776810290.293,290.293,0.95,0.96,0.04,0.05,0.01,0.01,75372.26,1776810289000
1776810290.682,290.682,0.96,0.97,0.03,0.04,0.01,0.01,75372.26,1776810289000
1776810291.129,291.129,0.96,0.97,0.03,0.04,0.01,0.01,75372.74,1776810290000
1776810291.501,291.501,0.96,0.97,0.03,0.06,0.01,0.03,75372.74,1776810290000
1776810291.905,291.905,0.96,0.97,0.03,0.04,0.01,0.01,75372.74,1776810290000
1776810292.244,292.244,0.96,0.97,0.03,0.04,0.01,0.01,75372.68,1776810291000
1776810292.714,292.714,0.96,0.97,0.03,0.04,0.01,0.01,75372.68,1776810291000
1776810293.327,293.327,0.93,0.95,0.06,0.07,0.02,0.01,75372.7,1776810292000
1776810293.663,293.663,0.94,0.97,0.05,0.06,0.03,0.01,75372.7,1776810292000
1776810294.0,294.0,0.97,0.98,0.02,0.03,0.01,0.01,75372.57,1776810293000
1776810294.337,294.337,0.95,0.97,0.04,0.05,0.02,0.01,75372.57,1776810293000
1776810294.753,294.753,0.96,0.98,0.03,0.04,0.02,0.01,75372.57,1776810293000
1776810295.099,295.099,0.97,0.98,0.02,0.03,0.01,0.01,75372.9,1776810294000
1776810295.433,295.433,0.97,0.98,0.02,0.03,0.01,0.01,75372.9,1776810294000
1776810295.776,295.776,0.97,0.98,0.01,0.03,0.01,0.02,75372.9,1776810294000
1776810296.15,296.15,0.98,0.99,0.01,0.02,0.01,0.01,75372.95,1776810295000
1776810296.489,296.489,0.98,0.99,0.01,0.02,0.01,0.01,75372.95,1776810295000
1776810296.84,296.84,0.98,0.99,0.01,0.02,0.01,0.01,75372.98,1776810296000
1776810297.226,297.226,0.99,0.99,0.01,0.02,0.0,0.01,75372.98,1776810296000
1776810297.728,297.728,0.99,0.99,0.01,0.01,0.0,0.0,75372.98,1776810296000
1776810298.134,298.134,0.99,0.99,0.01,0.01,0.0,0.0,75372.98,1776810296000
1776810298.519,298.519,0.99,0.99,0.01,0.01,0.0,0.0,75373.09,1776810297000
1776810299.29,299.29,0.99,0.99,0.01,0.01,0.0,0.0,75373.02,1776810298000
1776810299.85,299.85,0.99,0.99,0.01,0.01,0.0,0.0,75373.02,1776810298000
1776810300.355,300.355,0.99,0.99,0.01,0.01,0.0,0.0,75373.02,1776810298000
1776810300.925,300.925,0.99,0.99,0.01,0.01,0.0,0.0,75369.83,1776810299000

# RESULT,winner=Up,slug=btc-updown-5m-1776810000,ticks=682
