timestamp,elapsed_sec,up_bid,up_ask,down_bid,down_ask,up_spread,down_spread,btc_price,btc_oracle_ts
1776298500.591,0.591,0.5,0.51,0.49,0.5,0.01,0.01,74631.69,1776298499000
1776298500.949,0.949,0.5,0.51,0.49,0.5,0.01,0.01,74631.69,1776298499000
1776298501.339,1.339,0.51,0.52,0.48,0.49,0.01,0.01,74631.69,1776298499000
1776298501.77,1.77,0.51,0.52,0.48,0.49,0.01,0.01,74623.29,1776298500000
1776298502.201,2.201,0.51,0.52,0.48,0.49,0.01,0.01,74623.29,1776298500000
1776298502.558,2.558,0.51,0.52,0.48,0.49,0.01,0.01,74622.95,1776298501000
1776298503.174,3.174,0.51,0.52,0.48,0.49,0.01,0.01,74622.95,1776298501000
1776298503.595,3.595,0.51,0.52,0.48,0.49,0.01,0.01,74622.47,1776298502000
1776298503.961,3.961,0.51,0.52,0.48,0.49,0.01,0.01,74622.47,1776298502000
1776298504.324,4.324,0.51,0.52,0.48,0.49,0.01,0.01,74622.02,1776298503000
1776298504.66,4.66,0.51,0.53,0.47,0.49,0.02,0.02,74622.02,1776298503000
1776298504.999,4.999,0.53,0.59,0.42,0.47,0.06,0.05,74622.02,1776298503000
1776298505.349,5.349,0.53,0.54,0.46,0.47,0.01,0.01,74629.58,1776298504000
1776298505.695,5.695,0.53,0.54,0.46,0.47,0.01,0.01,74629.58,1776298504000
1776298506.029,6.029,0.55,0.57,0.43,0.45,0.02,0.02,74629.58,1776298504000
1776298506.377,6.377,0.55,0.56,0.44,0.45,0.01,0.01,74629.58,1776298504000
1776298506.757,6.757,0.55,0.56,0.44,0.45,0.01,0.01,74635.06,1776298505000
1776298507.139,7.139,0.55,0.56,0.44,0.45,0.01,0.01,74636.54,1776298506000
1776298507.675,7.675,0.54,0.55,0.45,0.46,0.01,0.01,74636.54,1776298506000
1776298508.052,8.052,0.54,0.55,0.45,0.46,0.01,0.01,74636.54,1776298506000
1776298508.446,8.446,0.54,0.55,0.45,0.46,0.01,0.01,74634.82,1776298507000
1776298508.78,8.78,0.54,0.56,0.45,0.46,0.02,0.01,74634.82,1776298507000
1776298509.321,9.321,0.55,0.56,0.44,0.45,0.01,0.01,74631.3,1776298508000
1776298509.655,9.655,0.56,0.57,0.43,0.44,0.01,0.01,74631.3,1776298508000
1776298510.416,10.416,0.56,0.57,0.43,0.44,0.01,0.01,74630.58,1776298509000
1776298511.096,11.096,0.56,0.57,0.43,0.44,0.01,0.01,74635.36,1776298510000
1776298511.712,11.712,0.59,0.6,0.4,0.41,0.01,0.01,74635.36,1776298510000
1776298512.184,12.184,0.59,0.6,0.4,0.41,0.01,0.01,74635.36,1776298510000
1776298512.657,12.657,0.6,0.62,0.39,0.4,0.02,0.01,74640.65,1776298511000
1776298513.022,13.022,0.62,0.63,0.37,0.38,0.01,0.01,74640.65,1776298511000
1776298513.466,13.466,0.63,0.64,0.36,0.37,0.01,0.01,74646.03,1776298512000
1776298513.873,13.873,0.63,0.64,0.36,0.37,0.01,0.01,74646.03,1776298512000
1776298514.273,14.273,0.63,0.64,0.36,0.37,0.01,0.01,74646.03,1776298512000
1776298514.7,14.7,0.63,0.64,0.36,0.37,0.01,0.01,74648.47,1776298513000
1776298515.09,15.09,0.63,0.64,0.36,0.37,0.01,0.01,74648.47,1776298514000
1776298515.461,15.461,0.63,0.64,0.36,0.37,0.01,0.01,74648.47,1776298514000
1776298515.88,15.88,0.64,0.65,0.35,0.37,0.01,0.02,74648.47,1776298514000
1776298516.263,16.263,0.64,0.65,0.35,0.36,0.01,0.01,74648.47,1776298514000
1776298516.597,16.597,0.64,0.65,0.35,0.36,0.01,0.01,74648.47,1776298514000
1776298516.937,16.937,0.64,0.65,0.35,0.36,0.01,0.01,74648.24,1776298515000
1776298517.309,17.309,0.64,0.65,0.35,0.36,0.01,0.01,74646.46,1776298516000
1776298517.643,17.643,0.62,0.63,0.35,0.39,0.01,0.04,74646.46,1776298516000
1776298517.986,17.986,0.61,0.62,0.38,0.4,0.01,0.02,74646.46,1776298516000
1776298518.359,18.359,0.61,0.62,0.38,0.39,0.01,0.01,74646.45,1776298517000
1776298518.859,18.859,0.61,0.62,0.38,0.39,0.01,0.01,74646.45,1776298517000
1776298519.249,19.249,0.61,0.62,0.38,0.39,0.01,0.01,74646.06,1776298518000
1776298519.958,19.958,0.61,0.62,0.38,0.39,0.01,0.01,74646.06,1776298518000
1776298520.399,20.399,0.61,0.62,0.38,0.39,0.01,0.01,74639.93,1776298519000
1776298520.76,20.76,0.61,0.62,0.38,0.39,0.01,0.01,74639.93,1776298519000
1776298521.124,21.124,0.61,0.62,0.38,0.39,0.01,0.01,74640.91,1776298520000
1776298521.599,21.599,0.61,0.62,0.38,0.39,0.01,0.01,74640.91,1776298520000
1776298522.027,22.027,0.61,0.62,0.38,0.39,0.01,0.01,74640.91,1776298520000
1776298522.409,22.409,0.6,0.62,0.38,0.39,0.02,0.01,74642.79,1776298521000
1776298522.867,22.867,0.57,0.59,0.41,0.42,0.02,0.01,74642.79,1776298521000
1776298523.204,23.204,0.57,0.58,0.42,0.43,0.01,0.01,74643.5,1776298522000
1776298523.606,23.606,0.57,0.58,0.42,0.43,0.01,0.01,74643.5,1776298522000
1776298524.091,24.091,0.57,0.58,0.42,0.43,0.01,0.01,74643.5,1776298522000
1776298524.427,24.427,0.57,0.58,0.42,0.43,0.01,0.01,74638.84,1776298523000
1776298525.11,25.11,0.57,0.58,0.42,0.43,0.01,0.01,74638.84,1776298523000
1776298525.704,25.704,0.57,0.58,0.42,0.43,0.01,0.01,74636.81,1776298524000
1776298526.227,26.227,0.57,0.58,0.42,0.43,0.01,0.01,74636.81,1776298524000
1776298526.995,26.995,0.57,0.58,0.42,0.43,0.01,0.01,74636.36,1776298525000
1776298527.385,27.385,0.57,0.58,0.42,0.43,0.01,0.01,74636.36,1776298525000
1776298527.994,27.994,0.57,0.58,0.42,0.43,0.01,0.01,74634.6,1776298527000
1776298528.728,28.728,0.57,0.58,0.42,0.43,0.01,0.01,74634.6,1776298527000
1776298529.201,29.201,0.57,0.58,0.42,0.43,0.01,0.01,74635.02,1776298528000
1776298529.557,29.557,0.57,0.58,0.42,0.43,0.01,0.01,74635.02,1776298528000
1776298530.015,30.015,0.57,0.58,0.42,0.43,0.01,0.01,74635.02,1776298528000
1776298530.393,30.393,0.57,0.58,0.42,0.43,0.01,0.01,74635.02,1776298528000
1776298530.742,30.742,0.57,0.58,0.42,0.43,0.01,0.01,74635.1,1776298529000
1776298531.09,31.09,0.57,0.58,0.42,0.43,0.01,0.01,74635.1,1776298529000
1776298531.495,31.495,0.57,0.58,0.42,0.43,0.01,0.01,74633.08,1776298530000
1776298531.923,31.923,0.57,0.58,0.42,0.43,0.01,0.01,74633.08,1776298530000
1776298532.318,32.318,0.57,0.58,0.42,0.43,0.01,0.01,74633.08,1776298530000
1776298532.905,32.905,0.57,0.58,0.42,0.43,0.01,0.01,74633.22,1776298532000
1776298533.401,33.401,0.57,0.58,0.42,0.43,0.01,0.01,74633.22,1776298532000
1776298533.849,33.849,0.57,0.58,0.42,0.43,0.01,0.01,74633.22,1776298532000
1776298534.308,34.308,0.57,0.58,0.42,0.43,0.01,0.01,74633.62,1776298533000
1776298535.006,35.006,0.57,0.58,0.42,0.43,0.01,0.01,74634.22,1776298534000
1776298535.539,35.539,0.56,0.57,0.43,0.44,0.01,0.01,74634.22,1776298534000
1776298535.879,35.879,0.49,0.54,0.46,0.51,0.05,0.05,74634.22,1776298534000
1776298536.212,36.212,0.51,0.52,0.48,0.49,0.01,0.01,74634.22,1776298534000
1776298536.552,36.552,0.5,0.52,0.48,0.49,0.02,0.01,74632.4,1776298535000
1776298536.886,36.886,0.5,0.51,0.49,0.5,0.01,0.01,74632.4,1776298535000
1776298537.319,37.319,0.5,0.51,0.49,0.5,0.01,0.01,74625.94,1776298536000
1776298537.658,37.658,0.48,0.5,0.5,0.52,0.02,0.02,74625.94,1776298536000
1776298538.009,38.009,0.44,0.45,0.55,0.56,0.01,0.01,74625.94,1776298536000
1776298538.381,38.381,0.44,0.45,0.55,0.56,0.01,0.01,74625.94,1776298536000
1776298538.776,38.776,0.44,0.45,0.55,0.56,0.01,0.01,74621.35,1776298537000
1776298539.122,39.122,0.44,0.45,0.55,0.56,0.01,0.01,74620.7,1776298538000
1776298539.56,39.56,0.43,0.44,0.55,0.57,0.01,0.02,74620.7,1776298538000
1776298539.96,39.96,0.43,0.44,0.56,0.57,0.01,0.01,74620.7,1776298538000
1776298540.312,40.312,0.43,0.44,0.56,0.57,0.01,0.01,74609.94,1776298539000
1776298540.732,40.732,0.43,0.44,0.56,0.57,0.01,0.01,74609.94,1776298539000
1776298541.195,41.195,0.42,0.43,0.57,0.58,0.01,0.01,74609.59,1776298540000
1776298541.536,41.536,0.41,0.43,0.57,0.58,0.02,0.01,74609.59,1776298540000
1776298541.884,41.884,0.41,0.42,0.58,0.59,0.01,0.01,74609.59,1776298540000
1776298542.269,42.269,0.41,0.42,0.58,0.59,0.01,0.01,74609.59,1776298540000
1776298542.612,42.612,0.4,0.41,0.59,0.6,0.01,0.01,74605.94,1776298541000
1776298542.968,42.968,0.4,0.41,0.59,0.6,0.01,0.01,74605.94,1776298541000
1776298543.539,43.539,0.4,0.41,0.59,0.6,0.01,0.01,74604.27,1776298542000
1776298544.062,44.062,0.4,0.41,0.59,0.6,0.01,0.01,74604.27,1776298542000
1776298544.417,44.417,0.48,0.5,0.5,0.52,0.02,0.02,74604.27,1776298542000
1776298544.779,44.779,0.48,0.49,0.51,0.52,0.01,0.01,74599.57,1776298543000
1776298545.251,45.251,0.48,0.49,0.49,0.52,0.01,0.03,74600.19,1776298544000
1776298545.749,45.749,0.49,0.5,0.5,0.51,0.01,0.01,74600.19,1776298544000
1776298546.104,46.104,0.46,0.48,0.52,0.54,0.02,0.02,74600.19,1776298544000
1776298546.443,46.443,0.45,0.46,0.54,0.55,0.01,0.01,74617.94,1776298545000
1776298546.959,46.959,0.45,0.46,0.54,0.55,0.01,0.01,74617.94,1776298545000
1776298547.294,47.294,0.45,0.46,0.54,0.55,0.01,0.01,74618.08,1776298546000
1776298547.638,47.638,0.44,0.45,0.55,0.56,0.01,0.01,74618.08,1776298546000
1776298547.99,47.99,0.44,0.45,0.55,0.56,0.01,0.01,74618.08,1776298546000
1776298548.425,48.425,0.43,0.44,0.56,0.57,0.01,0.01,74618.08,1776298546000
1776298548.91,48.91,0.43,0.44,0.56,0.57,0.01,0.01,74618.08,1776298546000
1776298549.283,49.283,0.43,0.44,0.56,0.57,0.01,0.01,74618.08,1776298546000
1776298549.651,49.651,0.44,0.46,0.54,0.56,0.02,0.02,74603.35,1776298548000
1776298549.99,49.99,0.45,0.47,0.53,0.55,0.02,0.02,74603.35,1776298548000
1776298550.335,50.335,0.46,0.47,0.53,0.54,0.01,0.01,74603.35,1776298548000
1776298550.708,50.708,0.46,0.48,0.53,0.54,0.02,0.01,74601.96,1776298549000
1776298551.093,51.093,0.48,0.49,0.51,0.53,0.01,0.02,74601.96,1776298549000
1776298551.457,51.457,0.48,0.5,0.51,0.52,0.02,0.01,74601.96,1776298549000
1776298551.904,51.904,0.49,0.5,0.5,0.51,0.01,0.01,74606.79,1776298550000
1776298552.247,52.247,0.49,0.5,0.5,0.51,0.01,0.01,74606.79,1776298550000
1776298552.607,52.607,0.49,0.5,0.5,0.51,0.01,0.01,74612.78,1776298551000
1776298552.999,52.999,0.5,0.51,0.49,0.5,0.01,0.01,74612.78,1776298551000
1776298553.391,53.391,0.5,0.51,0.49,0.5,0.01,0.01,74612.78,1776298551000
1776298553.758,53.758,0.5,0.51,0.49,0.5,0.01,0.01,74614.26,1776298552000
1776298554.226,54.226,0.5,0.51,0.49,0.5,0.01,0.01,74614.26,1776298552000
1776298554.878,54.878,0.52,0.53,0.47,0.49,0.01,0.02,74615.24,1776298553000
1776298555.277,55.277,0.54,0.55,0.45,0.47,0.01,0.02,74615.24,1776298553000
1776298555.941,55.941,0.56,0.57,0.44,0.46,0.01,0.02,74618.09,1776298554000
1776298556.277,56.277,0.56,0.58,0.42,0.44,0.02,0.02,74618.09,1776298554000
1776298556.784,56.784,0.58,0.59,0.41,0.43,0.01,0.02,74618.51,1776298555000
1776298557.126,57.126,0.58,0.59,0.41,0.42,0.01,0.01,74618.51,1776298555000
1776298557.549,57.549,0.58,0.59,0.41,0.42,0.01,0.01,74624.04,1776298556000
1776298557.912,57.912,0.58,0.59,0.41,0.42,0.01,0.01,74624.04,1776298556000
1776298558.355,58.355,0.58,0.59,0.41,0.42,0.01,0.01,74624.04,1776298556000
1776298558.713,58.713,0.57,0.58,0.41,0.43,0.01,0.02,74627.42,1776298557000
1776298559.101,59.101,0.57,0.58,0.42,0.43,0.01,0.01,74627.42,1776298557000
1776298559.454,59.454,0.57,0.58,0.42,0.43,0.01,0.01,74628.69,1776298558000
1776298559.941,59.941,0.56,0.58,0.42,0.43,0.02,0.01,74628.69,1776298558000
1776298560.276,60.276,0.56,0.57,0.43,0.44,0.01,0.01,74629.25,1776298559000
1776298560.681,60.681,0.56,0.57,0.43,0.44,0.01,0.01,74629.25,1776298559000
1776298561.276,61.276,0.5,0.51,0.46,0.51,0.01,0.05,74629.25,1776298559000
1776298561.648,61.648,0.49,0.5,0.5,0.51,0.01,0.01,74628.57,1776298560000
1776298562.148,62.148,0.46,0.47,0.5,0.53,0.01,0.03,74628.57,1776298560000
1776298562.578,62.578,0.46,0.47,0.53,0.54,0.01,0.01,74627.56,1776298561000
1776298562.981,62.981,0.46,0.47,0.53,0.54,0.01,0.01,74627.56,1776298561000
1776298563.436,63.436,0.46,0.47,0.53,0.54,0.01,0.01,74627.56,1776298561000
1776298563.825,63.825,0.46,0.47,0.53,0.54,0.01,0.01,74620.47,1776298562000
1776298564.214,64.214,0.46,0.47,0.53,0.54,0.01,0.01,74620.47,1776298562000
1776298564.558,64.558,0.46,0.47,0.53,0.54,0.01,0.01,74620.47,1776298562000
1776298564.92,64.92,0.45,0.46,0.53,0.55,0.01,0.02,74615.05,1776298563000
1776298565.307,65.307,0.45,0.46,0.54,0.55,0.01,0.01,74615.05,1776298563000
1776298565.685,65.685,0.45,0.46,0.54,0.55,0.01,0.01,74615.05,1776298563000
1776298566.186,66.186,0.45,0.46,0.54,0.55,0.01,0.01,74613.87,1776298564000
1776298566.607,66.607,0.45,0.46,0.53,0.55,0.01,0.02,74614.23,1776298565000
1776298567.003,67.003,0.45,0.46,0.54,0.55,0.01,0.01,74614.29,1776298566000
1776298567.6,67.6,0.45,0.46,0.54,0.55,0.01,0.01,74614.29,1776298566000
1776298568.003,68.003,0.45,0.46,0.54,0.55,0.01,0.01,74614.29,1776298566000
1776298568.375,68.375,0.45,0.46,0.54,0.55,0.01,0.01,74613.73,1776298567000
1776298568.798,68.798,0.45,0.46,0.54,0.55,0.01,0.01,74613.73,1776298567000
1776298569.177,69.177,0.45,0.46,0.54,0.55,0.01,0.01,74613.73,1776298567000
1776298569.782,69.782,0.45,0.46,0.54,0.55,0.01,0.01,74613.59,1776298568000
1776298570.306,70.306,0.45,0.46,0.54,0.55,0.01,0.01,74611.51,1776298569000
1776298570.653,70.653,0.45,0.46,0.54,0.55,0.01,0.01,74611.51,1776298569000
1776298571.058,71.058,0.44,0.46,0.54,0.55,0.02,0.01,74611.51,1776298569000
1776298571.468,71.468,0.43,0.45,0.55,0.57,0.02,0.02,74612.52,1776298570000
1776298571.812,71.812,0.41,0.42,0.57,0.58,0.01,0.01,74612.52,1776298570000
1776298572.229,72.229,0.4,0.41,0.59,0.6,0.01,0.01,74611.82,1776298571000
1776298572.573,72.573,0.4,0.41,0.59,0.6,0.01,0.01,74611.82,1776298571000
1776298572.975,72.975,0.4,0.41,0.59,0.6,0.01,0.01,74608.93,1776298572000
1776298573.336,73.336,0.39,0.4,0.59,0.61,0.01,0.02,74608.93,1776298572000
1776298573.711,73.711,0.39,0.4,0.6,0.61,0.01,0.01,74608.93,1776298572000
1776298574.048,74.048,0.39,0.4,0.6,0.61,0.01,0.01,74604.16,1776298573000
1776298574.409,74.409,0.39,0.4,0.6,0.61,0.01,0.01,74604.16,1776298573000
1776298574.832,74.832,0.39,0.4,0.6,0.61,0.01,0.01,74604.16,1776298573000
1776298575.236,75.236,0.39,0.4,0.6,0.61,0.01,0.01,74605.87,1776298574000
1776298575.607,75.607,0.39,0.4,0.6,0.61,0.01,0.01,74605.87,1776298574000
1776298575.965,75.965,0.39,0.4,0.6,0.61,0.01,0.01,74605.87,1776298574000
1776298576.495,76.495,0.39,0.4,0.6,0.61,0.01,0.01,74605.29,1776298575000
1776298576.851,76.851,0.39,0.4,0.6,0.61,0.01,0.01,74605.29,1776298575000
1776298577.222,77.222,0.39,0.4,0.6,0.61,0.01,0.01,74605.29,1776298575000
1776298577.807,77.807,0.39,0.4,0.6,0.61,0.01,0.01,74603.81,1776298576000
1776298578.197,78.197,0.39,0.4,0.6,0.61,0.01,0.01,74603.81,1776298576000
1776298578.579,78.579,0.4,0.42,0.6,0.61,0.02,0.01,74603.41,1776298577000
1776298578.929,78.929,0.38,0.42,0.58,0.62,0.04,0.04,74603.41,1776298577000
1776298579.33,79.33,0.44,0.45,0.55,0.56,0.01,0.01,74603.42,1776298578000
1776298579.704,79.704,0.44,0.45,0.55,0.56,0.01,0.01,74603.42,1776298578000
1776298580.114,80.114,0.47,0.49,0.52,0.53,0.02,0.01,74605.41,1776298579000
1776298580.597,80.597,0.48,0.52,0.5,0.52,0.04,0.02,74605.41,1776298579000
1776298580.93,80.93,0.5,0.52,0.48,0.49,0.02,0.01,74605.41,1776298579000
1776298581.283,81.283,0.51,0.52,0.47,0.49,0.01,0.02,74615.46,1776298580000
1776298581.644,81.644,0.52,0.54,0.47,0.48,0.02,0.01,74615.46,1776298580000
1776298582.107,82.107,0.54,0.55,0.45,0.47,0.01,0.02,74615.46,1776298580000
1776298582.473,82.473,0.54,0.55,0.45,0.46,0.01,0.01,74621.06,1776298581000
1776298582.861,82.861,0.54,0.55,0.45,0.46,0.01,0.01,74621.06,1776298581000
1776298583.257,83.257,0.54,0.55,0.45,0.46,0.01,0.01,74621.06,1776298581000
1776298583.998,83.998,0.54,0.55,0.45,0.46,0.01,0.01,74624.26,1776298582000
1776298584.339,84.339,0.56,0.57,0.43,0.45,0.01,0.02,74626.15,1776298583000
1776298584.736,84.736,0.57,0.58,0.42,0.43,0.01,0.01,74626.15,1776298583000
1776298585.173,85.173,0.57,0.58,0.42,0.43,0.01,0.01,74626.15,1776298583000
1776298585.724,85.724,0.57,0.58,0.42,0.43,0.01,0.01,74626.76,1776298584000
1776298586.269,86.269,0.59,0.6,0.4,0.43,0.01,0.03,74627.91,1776298585000
1776298586.602,86.602,0.6,0.62,0.38,0.4,0.02,0.02,74627.91,1776298585000
1776298586.942,86.942,0.66,0.68,0.32,0.34,0.02,0.02,74627.91,1776298585000
1776298587.301,87.301,0.67,0.69,0.31,0.33,0.02,0.02,74628.55,1776298586000
1776298587.659,87.659,0.68,0.71,0.29,0.32,0.03,0.03,74628.55,1776298586000
1776298588.005,88.005,0.7,0.71,0.29,0.3,0.01,0.01,74628.55,1776298586000
1776298588.388,88.388,0.7,0.71,0.29,0.3,0.01,0.01,74628.55,1776298586000
1776298588.751,88.751,0.71,0.73,0.27,0.29,0.02,0.02,74628.55,1776298586000
1776298589.123,89.123,0.72,0.73,0.27,0.28,0.01,0.01,74638.14,1776298587000
1776298589.457,89.457,0.72,0.74,0.26,0.28,0.02,0.02,74649.92,1776298588000
1776298589.835,89.835,0.73,0.74,0.26,0.27,0.01,0.01,74649.92,1776298588000
1776298590.169,90.169,0.73,0.74,0.26,0.27,0.01,0.01,74652.91,1776298589000
1776298590.533,90.533,0.73,0.74,0.26,0.27,0.01,0.01,74652.91,1776298589000
1776298590.883,90.883,0.73,0.74,0.26,0.27,0.01,0.01,74652.91,1776298589000
1776298591.296,91.296,0.73,0.74,0.26,0.27,0.01,0.01,74655.71,1776298590000
1776298591.724,91.724,0.73,0.74,0.26,0.27,0.01,0.01,74655.71,1776298590000
1776298592.218,92.218,0.73,0.74,0.26,0.27,0.01,0.01,74655.71,1776298590000
1776298592.557,92.557,0.73,0.74,0.26,0.27,0.01,0.01,74655.71,1776298590000
1776298592.894,92.894,0.73,0.75,0.26,0.27,0.02,0.01,74655.45,1776298591000
1776298593.242,93.242,0.76,0.78,0.22,0.24,0.02,0.02,74654.35,1776298592000
1776298593.576,93.576,0.77,0.78,0.22,0.23,0.01,0.01,74654.35,1776298592000
1776298593.912,93.912,0.77,0.78,0.22,0.23,0.01,0.01,74654.35,1776298592000
1776298594.372,94.372,0.77,0.78,0.22,0.23,0.01,0.01,74654.35,1776298592000
1776298594.711,94.711,0.79,0.8,0.2,0.21,0.01,0.01,74657.86,1776298593000
1776298595.049,95.049,0.8,0.81,0.19,0.2,0.01,0.01,74657.86,1776298593000
1776298595.388,95.388,0.8,0.81,0.19,0.2,0.01,0.01,74661.52,1776298594000
1776298595.723,95.723,0.8,0.81,0.19,0.2,0.01,0.01,74661.52,1776298594000
1776298596.057,96.057,0.8,0.81,0.19,0.2,0.01,0.01,74661.52,1776298594000
1776298596.505,96.505,0.8,0.82,0.18,0.2,0.02,0.02,74669.07,1776298595000
1776298596.876,96.876,0.81,0.82,0.18,0.19,0.01,0.01,74669.07,1776298595000
1776298597.259,97.259,0.81,0.82,0.18,0.19,0.01,0.01,74670.17,1776298596000
1776298597.613,97.613,0.81,0.82,0.18,0.19,0.01,0.01,74670.17,1776298596000
1776298597.973,97.973,0.81,0.82,0.18,0.19,0.01,0.01,74670.17,1776298596000
1776298598.316,98.316,0.82,0.83,0.17,0.18,0.01,0.01,74670.17,1776298596000
1776298598.7,98.7,0.82,0.83,0.17,0.18,0.01,0.01,74670.17,1776298596000
1776298599.211,99.211,0.82,0.83,0.17,0.18,0.01,0.01,74673.48,1776298598000
1776298599.565,99.565,0.82,0.83,0.17,0.18,0.01,0.01,74673.48,1776298598000
1776298599.907,99.907,0.82,0.83,0.17,0.18,0.01,0.01,74673.48,1776298598000
1776298600.264,100.264,0.82,0.83,0.17,0.18,0.01,0.01,74673.48,1776298598000
1776298600.612,100.612,0.82,0.83,0.17,0.18,0.01,0.01,74673.48,1776298598000
1776298600.953,100.953,0.82,0.83,0.17,0.18,0.01,0.01,74672.48,1776298599000
1776298601.396,101.396,0.82,0.83,0.17,0.18,0.01,0.01,74672.48,1776298599000
1776298601.849,101.849,0.82,0.83,0.17,0.18,0.01,0.01,74676.19,1776298600000
1776298602.187,102.187,0.82,0.83,0.17,0.18,0.01,0.01,74676.19,1776298601000
1776298602.531,102.531,0.82,0.83,0.17,0.18,0.01,0.01,74676.19,1776298601000
1776298602.94,102.94,0.82,0.83,0.17,0.18,0.01,0.01,74676.19,1776298601000
1776298603.285,103.285,0.82,0.83,0.17,0.18,0.01,0.01,74678.84,1776298602000
1776298603.65,103.65,0.82,0.83,0.17,0.18,0.01,0.01,74678.84,1776298602000
1776298604.219,104.219,0.82,0.83,0.17,0.18,0.01,0.01,74678.84,1776298602000
1776298604.646,104.646,0.82,0.83,0.17,0.18,0.01,0.01,74678.95,1776298603000
1776298605.115,105.115,0.8,0.81,0.18,0.2,0.01,0.02,74678.95,1776298603000
1776298605.564,105.564,0.8,0.81,0.19,0.2,0.01,0.01,74676.84,1776298604000
1776298605.983,105.983,0.79,0.8,0.19,0.22,0.01,0.03,74676.84,1776298604000
1776298606.388,106.388,0.79,0.8,0.2,0.21,0.01,0.01,74676.84,1776298604000
1776298606.874,106.874,0.79,0.8,0.2,0.21,0.01,0.01,74670.86,1776298605000
1776298607.244,107.244,0.79,0.8,0.2,0.21,0.01,0.01,74670.05,1776298606000
1776298607.721,107.721,0.79,0.8,0.2,0.21,0.01,0.01,74670.05,1776298606000
1776298608.17,108.17,0.79,0.8,0.2,0.21,0.01,0.01,74670.05,1776298606000
1776298608.546,108.546,0.79,0.8,0.2,0.21,0.01,0.01,74668.95,1776298607000
1776298608.934,108.934,0.79,0.8,0.2,0.21,0.01,0.01,74668.95,1776298607000
1776298609.439,109.439,0.79,0.8,0.2,0.21,0.01,0.01,74668.03,1776298608000
1776298609.852,109.852,0.78,0.79,0.2,0.22,0.01,0.02,74668.03,1776298608000
1776298610.428,110.428,0.77,0.78,0.22,0.23,0.01,0.01,74665.92,1776298609000
1776298610.771,110.771,0.77,0.78,0.22,0.23,0.01,0.01,74665.92,1776298609000
1776298611.328,111.328,0.77,0.78,0.22,0.23,0.01,0.01,74665.92,1776298609000
1776298611.714,111.714,0.77,0.78,0.22,0.23,0.01,0.01,74663.7,1776298610000
1776298612.278,112.278,0.77,0.78,0.22,0.23,0.01,0.01,74663.7,1776298610000
1776298612.626,112.626,0.77,0.78,0.22,0.23,0.01,0.01,74663.7,1776298611000
1776298613.051,113.051,0.77,0.78,0.22,0.23,0.01,0.01,74663.7,1776298611000
1776298613.464,113.464,0.77,0.78,0.22,0.23,0.01,0.01,74663.7,1776298611000
1776298614.303,114.303,0.76,0.78,0.22,0.24,0.02,0.02,74663.32,1776298613000
1776298614.744,114.744,0.76,0.77,0.23,0.24,0.01,0.01,74663.32,1776298613000
1776298615.165,115.165,0.76,0.77,0.23,0.24,0.01,0.01,74663.32,1776298613000
1776298615.908,115.908,0.75,0.77,0.23,0.24,0.02,0.01,74663.32,1776298613000
1776298616.393,116.393,0.74,0.75,0.24,0.26,0.01,0.02,74663.32,1776298615000
1776298616.789,116.789,0.74,0.75,0.25,0.27,0.01,0.02,74663.32,1776298615000
1776298617.258,117.258,0.76,0.77,0.25,0.27,0.01,0.02,74663.32,1776298616000
1776298617.609,117.609,0.76,0.77,0.23,0.24,0.01,0.01,74663.32,1776298616000
1776298618.083,118.083,0.77,0.78,0.22,0.23,0.01,0.01,74663.32,1776298616000
1776298618.673,118.673,0.77,0.78,0.22,0.23,0.01,0.01,74662.19,1776298617000
1776298619.114,119.114,0.77,0.78,0.22,0.23,0.01,0.01,74662.19,1776298617000
1776298619.869,119.869,0.77,0.78,0.22,0.23,0.01,0.01,74663.55,1776298618000
1776298620.543,120.543,0.78,0.79,0.21,0.23,0.01,0.02,74666.91,1776298619000
1776298620.916,120.916,0.79,0.8,0.2,0.21,0.01,0.01,74666.91,1776298619000
1776298621.27,121.27,0.79,0.8,0.2,0.21,0.01,0.01,74666.81,1776298620000
1776298621.622,121.622,0.79,0.8,0.2,0.21,0.01,0.01,74666.81,1776298620000
1776298621.97,121.97,0.77,0.78,0.22,0.23,0.01,0.01,74666.81,1776298620000
1776298622.484,122.484,0.76,0.77,0.23,0.24,0.01,0.01,74666.23,1776298621000
1776298622.837,122.837,0.75,0.76,0.24,0.26,0.01,0.02,74666.23,1776298621000
1776298623.177,123.177,0.75,0.76,0.24,0.25,0.01,0.01,74666.23,1776298621000
1776298623.622,123.622,0.75,0.76,0.24,0.25,0.01,0.01,74668.63,1776298622000
1776298623.997,123.997,0.75,0.76,0.24,0.25,0.01,0.01,74668.63,1776298622000
1776298624.37,124.37,0.75,0.76,0.24,0.25,0.01,0.01,74662.24,1776298623000
1776298624.771,124.771,0.74,0.75,0.24,0.26,0.01,0.02,74662.24,1776298623000
1776298625.234,125.234,0.73,0.74,0.26,0.27,0.01,0.01,74662.24,1776298623000
1776298625.598,125.598,0.73,0.74,0.26,0.27,0.01,0.01,74662.01,1776298624000
1776298625.933,125.933,0.73,0.74,0.26,0.27,0.01,0.01,74662.01,1776298624000
1776298626.294,126.294,0.73,0.74,0.26,0.27,0.01,0.01,74662.01,1776298624000
1776298627.04,127.04,0.72,0.74,0.27,0.28,0.02,0.01,74661.7,1776298625000
1776298627.398,127.398,0.71,0.72,0.26,0.29,0.01,0.03,74660.01,1776298626000
1776298627.739,127.739,0.69,0.72,0.28,0.31,0.03,0.03,74660.01,1776298626000
1776298628.117,128.117,0.65,0.68,0.32,0.35,0.03,0.03,74660.01,1776298626000
1776298628.471,128.471,0.66,0.67,0.33,0.34,0.01,0.01,74648.43,1776298627000
1776298628.806,128.806,0.65,0.67,0.33,0.35,0.02,0.02,74648.43,1776298627000
1776298629.177,129.177,0.64,0.65,0.34,0.36,0.01,0.02,74648.43,1776298627000
1776298629.545,129.545,0.63,0.64,0.35,0.37,0.01,0.02,74647.04,1776298628000
1776298629.944,129.944,0.63,0.64,0.36,0.37,0.01,0.01,74647.04,1776298628000
1776298630.393,130.393,0.63,0.64,0.36,0.37,0.01,0.01,74646.8,1776298629000
1776298630.815,130.815,0.63,0.64,0.36,0.37,0.01,0.01,74646.8,1776298629000
1776298631.171,131.171,0.63,0.64,0.36,0.37,0.01,0.01,74646.8,1776298629000
1776298631.519,131.519,0.63,0.64,0.36,0.37,0.01,0.01,74646.8,1776298630000
1776298632.072,132.072,0.63,0.64,0.36,0.37,0.01,0.01,74646.8,1776298630000
1776298632.548,132.548,0.63,0.64,0.36,0.37,0.01,0.01,74646.8,1776298631000
1776298632.886,132.886,0.63,0.64,0.36,0.37,0.01,0.01,74645.72,1776298632000
1776298633.231,133.231,0.63,0.64,0.36,0.37,0.01,0.01,74645.72,1776298632000
1776298633.733,133.733,0.63,0.64,0.36,0.37,0.01,0.01,74645.72,1776298632000
1776298634.104,134.104,0.63,0.64,0.36,0.37,0.01,0.01,74641.19,1776298633000
1776298634.478,134.478,0.63,0.64,0.36,0.37,0.01,0.01,74641.19,1776298633000
1776298634.826,134.826,0.63,0.64,0.36,0.37,0.01,0.01,74641.19,1776298633000
1776298635.417,135.417,0.63,0.64,0.36,0.37,0.01,0.01,74642.96,1776298634000
1776298635.921,135.921,0.63,0.64,0.36,0.37,0.01,0.01,74642.96,1776298634000
1776298636.258,136.258,0.63,0.64,0.36,0.37,0.01,0.01,74642.99,1776298635000
1776298636.596,136.596,0.63,0.64,0.36,0.37,0.01,0.01,74642.99,1776298635000
1776298637.044,137.044,0.62,0.63,0.37,0.38,0.01,0.01,74643.03,1776298636000
1776298637.383,137.383,0.62,0.63,0.37,0.38,0.01,0.01,74643.03,1776298636000
1776298637.719,137.719,0.62,0.63,0.37,0.38,0.01,0.01,74643.03,1776298636000
1776298638.073,138.073,0.62,0.63,0.37,0.38,0.01,0.01,74643.03,1776298636000
1776298638.419,138.419,0.62,0.63,0.37,0.38,0.01,0.01,74640.94,1776298637000
1776298638.758,138.758,0.62,0.63,0.37,0.38,0.01,0.01,74640.94,1776298637000
1776298639.111,139.111,0.62,0.63,0.37,0.38,0.01,0.01,74640.94,1776298637000
1776298639.451,139.451,0.62,0.63,0.37,0.38,0.01,0.01,74642.93,1776298638000
1776298639.812,139.812,0.62,0.63,0.37,0.38,0.01,0.01,74642.93,1776298638000
1776298640.26,140.26,0.62,0.63,0.37,0.38,0.01,0.01,74642.93,1776298638000
1776298640.893,140.893,0.62,0.64,0.37,0.38,0.02,0.01,74645.09,1776298639000
1776298641.369,141.369,0.63,0.64,0.36,0.37,0.01,0.01,74645.45,1776298640000
1776298641.763,141.763,0.64,0.66,0.35,0.37,0.02,0.02,74645.45,1776298640000
1776298642.109,142.109,0.7,0.73,0.27,0.3,0.03,0.03,74645.45,1776298640000
1776298642.534,142.534,0.74,0.76,0.25,0.26,0.02,0.01,74645.45,1776298640000
1776298642.873,142.873,0.74,0.75,0.25,0.26,0.01,0.01,74645.45,1776298640000
1776298643.208,143.208,0.74,0.77,0.23,0.26,0.03,0.03,74645.45,1776298640000
1776298643.562,143.562,0.76,0.77,0.23,0.25,0.01,0.02,74645.97,1776298642000
1776298644.073,144.073,0.76,0.77,0.23,0.24,0.01,0.01,74645.97,1776298642000
1776298644.671,144.671,0.77,0.78,0.22,0.24,0.01,0.02,74658.58,1776298643000
1776298645.017,145.017,0.77,0.79,0.22,0.23,0.02,0.01,74658.58,1776298643000
1776298645.378,145.378,0.78,0.8,0.2,0.22,0.02,0.02,74658.58,1776298643000
1776298645.721,145.721,0.79,0.8,0.2,0.21,0.01,0.01,74658.58,1776298643000
1776298646.083,146.083,0.79,0.8,0.2,0.21,0.01,0.01,74662.28,1776298645000
1776298646.532,146.532,0.79,0.8,0.2,0.21,0.01,0.01,74662.28,1776298645000
1776298646.873,146.873,0.78,0.79,0.21,0.22,0.01,0.01,74662.28,1776298645000
1776298647.236,147.236,0.78,0.79,0.21,0.22,0.01,0.01,74662.28,1776298645000
1776298647.6,147.6,0.78,0.79,0.21,0.22,0.01,0.01,74667.22,1776298646000
1776298647.965,147.965,0.78,0.79,0.21,0.22,0.01,0.01,74667.22,1776298646000
1776298648.339,148.339,0.78,0.79,0.21,0.22,0.01,0.01,74667.22,1776298646000
1776298648.874,148.874,0.78,0.79,0.21,0.22,0.01,0.01,74667.49,1776298647000
1776298649.239,149.239,0.78,0.79,0.21,0.22,0.01,0.01,74667.49,1776298647000
1776298649.597,149.597,0.78,0.79,0.21,0.22,0.01,0.01,74667.49,1776298647000
1776298650.008,150.008,0.78,0.79,0.21,0.22,0.01,0.01,74667.44,1776298648000
1776298650.416,150.416,0.78,0.79,0.21,0.22,0.01,0.01,74667.44,1776298648000
1776298650.756,150.756,0.77,0.78,0.22,0.23,0.01,0.01,74666.29,1776298649000
1776298651.111,151.111,0.77,0.78,0.22,0.23,0.01,0.01,74666.29,1776298649000
1776298651.661,151.661,0.77,0.78,0.22,0.23,0.01,0.01,74666.29,1776298650000
1776298652.118,152.118,0.77,0.78,0.22,0.23,0.01,0.01,74666.29,1776298650000
1776298652.474,152.474,0.77,0.78,0.22,0.23,0.01,0.01,74666.11,1776298651000
1776298653.019,153.019,0.77,0.78,0.22,0.23,0.01,0.01,74666.11,1776298651000
1776298653.355,153.355,0.77,0.78,0.22,0.23,0.01,0.01,74666.11,1776298651000
1776298653.708,153.708,0.77,0.78,0.22,0.23,0.01,0.01,74666.12,1776298652000
1776298654.385,154.385,0.77,0.78,0.22,0.23,0.01,0.01,74666.12,1776298652000
1776298654.985,154.985,0.77,0.78,0.22,0.23,0.01,0.01,74666.17,1776298653000
1776298655.358,155.358,0.77,0.78,0.22,0.23,0.01,0.01,74666.17,1776298654000
1776298655.753,155.753,0.77,0.78,0.22,0.23,0.01,0.01,74666.17,1776298654000
1776298656.349,156.349,0.77,0.78,0.22,0.23,0.01,0.01,74666.2,1776298655000
1776298656.741,156.741,0.77,0.78,0.22,0.23,0.01,0.01,74666.2,1776298655000
1776298657.367,157.367,0.77,0.78,0.22,0.23,0.01,0.01,74666.19,1776298656000
1776298657.747,157.747,0.77,0.78,0.22,0.23,0.01,0.01,74666.19,1776298656000
1776298658.258,158.258,0.77,0.78,0.22,0.23,0.01,0.01,74666.17,1776298657000
1776298658.79,158.79,0.77,0.78,0.22,0.23,0.01,0.01,74666.17,1776298657000
1776298659.173,159.173,0.77,0.78,0.22,0.23,0.01,0.01,74666.17,1776298657000
1776298660.003,160.003,0.77,0.78,0.22,0.23,0.01,0.01,74666.17,1776298657000
1776298660.362,160.362,0.77,0.78,0.22,0.23,0.01,0.01,74666.19,1776298659000
1776298660.714,160.714,0.77,0.78,0.22,0.23,0.01,0.01,74666.19,1776298659000
1776298661.211,161.211,0.74,0.75,0.22,0.25,0.01,0.03,74666.19,1776298659000
1776298661.558,161.558,0.74,0.75,0.25,0.26,0.01,0.01,74666.19,1776298660000
1776298662.391,162.391,0.73,0.74,0.26,0.27,0.01,0.01,74665.57,1776298661000
1776298662.816,162.816,0.72,0.73,0.26,0.27,0.01,0.01,74665.57,1776298661000
1776298663.208,163.208,0.69,0.71,0.29,0.31,0.02,0.02,74665.57,1776298661000
1776298663.79,163.79,0.7,0.72,0.27,0.32,0.02,0.05,74661.45,1776298662000
1776298664.185,164.185,0.7,0.72,0.28,0.3,0.02,0.02,74653.65,1776298663000
1776298664.525,164.525,0.7,0.72,0.28,0.3,0.02,0.02,74653.65,1776298663000
1776298664.865,164.865,0.7,0.71,0.29,0.3,0.01,0.01,74653.65,1776298663000
1776298665.201,165.201,0.71,0.73,0.28,0.29,0.02,0.01,74653.65,1776298663000
1776298665.55,165.55,0.72,0.73,0.27,0.28,0.01,0.01,74653.65,1776298663000
1776298665.919,165.919,0.72,0.74,0.26,0.28,0.02,0.02,74659.25,1776298664000
1776298666.259,166.259,0.73,0.74,0.26,0.27,0.01,0.01,74659.25,1776298664000
1776298666.594,166.594,0.73,0.75,0.25,0.27,0.02,0.02,74660.72,1776298665000
1776298666.999,166.999,0.74,0.75,0.25,0.26,0.01,0.01,74660.72,1776298665000
1776298667.356,167.356,0.74,0.76,0.24,0.26,0.02,0.02,74662.12,1776298666000
1776298667.697,167.697,0.75,0.76,0.24,0.25,0.01,0.01,74662.12,1776298666000
1776298668.141,168.141,0.76,0.77,0.24,0.25,0.01,0.01,74662.12,1776298666000
1776298668.506,168.506,0.76,0.78,0.23,0.24,0.02,0.01,74662.22,1776298667000
1776298669.018,169.018,0.77,0.78,0.22,0.23,0.01,0.01,74664.99,1776298668000
1776298669.414,169.414,0.77,0.78,0.22,0.23,0.01,0.01,74664.99,1776298668000
1776298669.947,169.947,0.77,0.78,0.22,0.23,0.01,0.01,74664.99,1776298668000
1776298670.379,170.379,0.77,0.78,0.22,0.23,0.01,0.01,74664.92,1776298669000
1776298670.972,170.972,0.77,0.78,0.22,0.23,0.01,0.01,74664.92,1776298669000
1776298671.327,171.327,0.77,0.78,0.22,0.23,0.01,0.01,74665.0,1776298670000
1776298672.4,172.4,0.77,0.78,0.22,0.23,0.01,0.01,74665.0,1776298670000
1776298673.014,173.014,0.77,0.78,0.22,0.23,0.01,0.01,74666.68,1776298671000
1776298673.758,173.758,0.77,0.78,0.22,0.23,0.01,0.01,74665.9,1776298672000
1776298674.102,174.102,0.72,0.78,0.22,0.27,0.06,0.05,74665.9,1776298672000
1776298674.528,174.528,0.72,0.73,0.27,0.28,0.01,0.01,74665.9,1776298673000
1776298675.058,175.058,0.71,0.73,0.27,0.29,0.02,0.02,74665.9,1776298673000
1776298675.427,175.427,0.7,0.72,0.28,0.29,0.02,0.01,74662.52,1776298674000
1776298675.866,175.866,0.7,0.71,0.29,0.3,0.01,0.01,74662.52,1776298674000
1776298676.275,176.275,0.69,0.7,0.3,0.31,0.01,0.01,74662.52,1776298674000
1776298676.651,176.651,0.69,0.7,0.3,0.31,0.01,0.01,74653.84,1776298675000
1776298676.996,176.996,0.68,0.69,0.3,0.31,0.01,0.01,74653.84,1776298675000
1776298677.41,177.41,0.68,0.69,0.31,0.32,0.01,0.01,74651.96,1776298676000
1776298677.829,177.829,0.68,0.69,0.31,0.32,0.01,0.01,74651.96,1776298676000
1776298679.134,179.134,0.67,0.68,0.32,0.33,0.01,0.01,74650.18,1776298678000
1776298679.756,179.756,0.67,0.68,0.32,0.33,0.01,0.01,74650.18,1776298678000
1776298680.185,180.185,0.67,0.68,0.32,0.33,0.01,0.01,74650.18,1776298678000
1776298680.646,180.646,0.67,0.68,0.32,0.33,0.01,0.01,74650.18,1776298678000
1776298681.019,181.019,0.66,0.67,0.32,0.34,0.01,0.02,74645.64,1776298679000
1776298681.443,181.443,0.66,0.67,0.33,0.34,0.01,0.01,74645.64,1776298679000
1776298682.188,182.188,0.66,0.67,0.33,0.34,0.01,0.01,74645.64,1776298679000
1776298682.564,182.564,0.65,0.66,0.34,0.35,0.01,0.01,74644.81,1776298680000
1776298682.899,182.899,0.65,0.66,0.34,0.35,0.01,0.01,74644.81,1776298680000
1776298683.271,183.271,0.64,0.65,0.35,0.36,0.01,0.01,74644.81,1776298680000
1776298683.64,183.64,0.63,0.64,0.36,0.37,0.01,0.01,74645.72,1776298682000
1776298684.109,184.109,0.63,0.64,0.36,0.37,0.01,0.01,74645.72,1776298682000
1776298684.465,184.465,0.63,0.64,0.36,0.37,0.01,0.01,74645.72,1776298682000
1776298684.837,184.837,0.63,0.64,0.36,0.37,0.01,0.01,74645.72,1776298682000
1776298685.552,185.552,0.63,0.64,0.36,0.37,0.01,0.01,74645.71,1776298683000
1776298686.561,186.561,0.62,0.64,0.36,0.38,0.02,0.02,74645.49,1776298685000
1776298687.31,187.31,0.62,0.64,0.36,0.38,0.02,0.02,74643.29,1776298686000
1776298688.417,188.417,0.62,0.63,0.36,0.38,0.01,0.02,74643.29,1776298686000
1776298688.786,188.786,0.62,0.63,0.37,0.38,0.01,0.01,74643.29,1776298686000
1776298689.224,189.224,0.62,0.63,0.37,0.38,0.01,0.01,74642.11,1776298687000
1776298689.644,189.644,0.62,0.63,0.37,0.38,0.01,0.01,74642.1,1776298688000
1776298690.205,190.205,0.62,0.63,0.37,0.38,0.01,0.01,74642.1,1776298688000
1776298691.038,191.038,0.62,0.63,0.37,0.38,0.01,0.01,74641.08,1776298689000
1776298691.547,191.547,0.63,0.64,0.36,0.38,0.01,0.02,74641.06,1776298690000
1776298692.006,192.006,0.63,0.64,0.36,0.37,0.01,0.01,74641.06,1776298690000
1776298692.605,192.605,0.63,0.64,0.36,0.37,0.01,0.01,74641.06,1776298690000
1776298693.434,193.434,0.63,0.64,0.36,0.37,0.01,0.01,74640.89,1776298691000
1776298694.585,194.585,0.63,0.64,0.36,0.37,0.01,0.01,74642.07,1776298693000
1776298695.169,195.169,0.63,0.64,0.36,0.37,0.01,0.01,74642.07,1776298693000
1776298695.673,195.673,0.63,0.64,0.36,0.37,0.01,0.01,74642.13,1776298694000
1776298696.099,196.099,0.63,0.64,0.36,0.37,0.01,0.01,74642.11,1776298695000
1776298697.037,197.037,0.63,0.64,0.36,0.37,0.01,0.01,74642.11,1776298695000
1776298697.734,197.734,0.62,0.64,0.36,0.37,0.02,0.01,74642.11,1776298695000
1776298698.128,198.128,0.62,0.63,0.36,0.38,0.01,0.02,74641.82,1776298696000
1776298698.537,198.537,0.62,0.63,0.37,0.38,0.01,0.01,74641.82,1776298696000
1776298698.959,198.959,0.61,0.62,0.38,0.4,0.01,0.02,74639.37,1776298697000
1776298699.358,199.358,0.6,0.61,0.39,0.4,0.01,0.01,74638.87,1776298698000
1776298699.948,199.948,0.59,0.6,0.4,0.41,0.01,0.01,74638.87,1776298698000
1776298700.463,200.463,0.59,0.6,0.4,0.41,0.01,0.01,74636.9,1776298699000
1776298701.247,201.247,0.59,0.6,0.4,0.41,0.01,0.01,74636.9,1776298699000
1776298702.157,202.157,0.58,0.6,0.4,0.42,0.02,0.02,74637.34,1776298701000
1776298702.662,202.662,0.59,0.6,0.4,0.42,0.01,0.02,74637.34,1776298701000
1776298703.168,203.168,0.59,0.6,0.4,0.41,0.01,0.01,74637.34,1776298701000
1776298703.626,203.626,0.59,0.6,0.4,0.41,0.01,0.01,74637.35,1776298702000
1776298704.025,204.025,0.58,0.59,0.41,0.42,0.01,0.01,74637.3,1776298703000
1776298704.575,204.575,0.58,0.59,0.41,0.42,0.01,0.01,74637.3,1776298703000
1776298704.932,204.932,0.58,0.59,0.41,0.42,0.01,0.01,74637.3,1776298703000
1776298705.551,205.551,0.58,0.59,0.41,0.42,0.01,0.01,74630.67,1776298704000
1776298705.885,205.885,0.58,0.59,0.41,0.42,0.01,0.01,74630.67,1776298704000
1776298706.276,206.276,0.58,0.59,0.41,0.42,0.01,0.01,74630.67,1776298704000
1776298706.789,206.789,0.58,0.59,0.41,0.42,0.01,0.01,74630.68,1776298705000
1776298707.558,207.558,0.58,0.59,0.41,0.42,0.01,0.01,74630.68,1776298706000
1776298708.069,208.069,0.58,0.59,0.41,0.42,0.01,0.01,74630.68,1776298706000
1776298708.798,208.798,0.58,0.59,0.41,0.42,0.01,0.01,74630.7,1776298707000
1776298709.163,209.163,0.58,0.59,0.41,0.42,0.01,0.01,74630.7,1776298707000
1776298709.496,209.496,0.58,0.59,0.41,0.42,0.01,0.01,74630.71,1776298708000
1776298710.164,210.164,0.58,0.59,0.41,0.42,0.01,0.01,74630.71,1776298709000
1776298710.743,210.743,0.58,0.59,0.41,0.42,0.01,0.01,74630.71,1776298709000
1776298711.281,211.281,0.58,0.59,0.41,0.42,0.01,0.01,74630.71,1776298710000
1776298711.812,211.812,0.58,0.59,0.41,0.42,0.01,0.01,74630.71,1776298710000
1776298712.407,212.407,0.58,0.59,0.41,0.42,0.01,0.01,74630.69,1776298711000
1776298712.765,212.765,0.58,0.59,0.41,0.42,0.01,0.01,74630.69,1776298711000
1776298713.267,213.267,0.57,0.59,0.41,0.43,0.02,0.02,74630.69,1776298712000
1776298713.841,213.841,0.58,0.59,0.41,0.43,0.01,0.02,74630.69,1776298712000
1776298714.191,214.191,0.58,0.59,0.41,0.42,0.01,0.01,74630.69,1776298712000
1776298714.529,214.529,0.58,0.59,0.41,0.42,0.01,0.01,74638.13,1776298713000
1776298714.866,214.866,0.59,0.62,0.38,0.41,0.03,0.03,74638.13,1776298713000
1776298715.295,215.295,0.61,0.63,0.38,0.4,0.02,0.02,74640.23,1776298714000
1776298715.631,215.631,0.64,0.65,0.35,0.36,0.01,0.01,74640.23,1776298714000
1776298716.163,216.163,0.64,0.65,0.35,0.36,0.01,0.01,74640.23,1776298714000
1776298717.417,217.417,0.64,0.65,0.35,0.36,0.01,0.01,74640.43,1776298716000
1776298717.975,217.975,0.64,0.65,0.35,0.36,0.01,0.01,74640.43,1776298716000
1776298718.464,218.464,0.64,0.65,0.35,0.36,0.01,0.01,74640.53,1776298717000
1776298718.991,218.991,0.64,0.65,0.35,0.36,0.01,0.01,74640.53,1776298717000
1776298719.43,219.43,0.64,0.66,0.34,0.36,0.02,0.02,74640.7,1776298718000
1776298719.897,219.897,0.64,0.65,0.34,0.36,0.01,0.02,74640.7,1776298718000
1776298720.252,220.252,0.65,0.66,0.34,0.35,0.01,0.01,74640.7,1776298718000
1776298720.719,220.719,0.65,0.66,0.34,0.35,0.01,0.01,74640.17,1776298719000
1776298721.099,221.099,0.66,0.67,0.33,0.35,0.01,0.02,74640.17,1776298719000
1776298721.532,221.532,0.66,0.67,0.33,0.34,0.01,0.01,74641.55,1776298720000
1776298722.0,222.0,0.66,0.69,0.31,0.34,0.03,0.03,74641.78,1776298721000
1776298722.418,222.418,0.67,0.68,0.32,0.33,0.01,0.01,74641.78,1776298721000
1776298722.864,222.864,0.67,0.68,0.32,0.33,0.01,0.01,74641.78,1776298721000
1776298723.275,223.275,0.67,0.68,0.32,0.33,0.01,0.01,74642.59,1776298722000
1776298723.806,223.806,0.67,0.68,0.32,0.33,0.01,0.01,74642.59,1776298722000
1776298724.181,224.181,0.67,0.68,0.32,0.33,0.01,0.01,74642.59,1776298722000
1776298724.52,224.52,0.67,0.68,0.32,0.33,0.01,0.01,74642.22,1776298723000
1776298725.344,225.344,0.67,0.68,0.32,0.33,0.01,0.01,74643.15,1776298724000
1776298725.73,225.73,0.67,0.68,0.32,0.33,0.01,0.01,74643.15,1776298724000
1776298726.438,226.438,0.67,0.68,0.32,0.33,0.01,0.01,74643.42,1776298725000
1776298726.905,226.905,0.67,0.68,0.32,0.33,0.01,0.01,74643.42,1776298725000
1776298727.548,227.548,0.67,0.68,0.32,0.33,0.01,0.01,74643.42,1776298726000
1776298727.903,227.903,0.67,0.68,0.32,0.33,0.01,0.01,74643.42,1776298726000
1776298729.112,229.112,0.68,0.69,0.31,0.33,0.01,0.02,74644.04,1776298727000
1776298729.735,229.735,0.68,0.69,0.31,0.32,0.01,0.01,74644.0,1776298728000
1776298730.279,230.279,0.68,0.69,0.31,0.32,0.01,0.01,74644.0,1776298728000
1776298731.424,231.424,0.69,0.7,0.3,0.31,0.01,0.01,74644.05,1776298730000
1776298731.77,231.77,0.69,0.71,0.3,0.31,0.02,0.01,74644.05,1776298730000
1776298732.105,232.105,0.7,0.71,0.29,0.31,0.01,0.02,74644.05,1776298730000
1776298733.013,233.013,0.7,0.71,0.29,0.3,0.01,0.01,74643.35,1776298732000
1776298733.519,233.519,0.7,0.71,0.29,0.3,0.01,0.01,74643.35,1776298732000
1776298733.927,233.927,0.7,0.71,0.29,0.3,0.01,0.01,74643.35,1776298732000
1776298734.388,234.388,0.7,0.71,0.29,0.3,0.01,0.01,74642.65,1776298733000
1776298734.908,234.908,0.7,0.71,0.29,0.3,0.01,0.01,74642.65,1776298733000
1776298735.402,235.402,0.7,0.71,0.29,0.3,0.01,0.01,74641.86,1776298734000
1776298735.879,235.879,0.7,0.71,0.29,0.3,0.01,0.01,74641.86,1776298734000
1776298736.729,236.729,0.69,0.7,0.3,0.31,0.01,0.01,74640.24,1776298735000
1776298737.072,237.072,0.69,0.7,0.3,0.31,0.01,0.01,74643.79,1776298736000
1776298737.413,237.413,0.69,0.7,0.3,0.31,0.01,0.01,74643.79,1776298736000
1776298737.764,237.764,0.69,0.7,0.3,0.31,0.01,0.01,74643.79,1776298736000
1776298738.216,238.216,0.68,0.69,0.31,0.32,0.01,0.01,74639.49,1776298737000
1776298738.668,238.668,0.68,0.69,0.31,0.32,0.01,0.01,74639.49,1776298737000
1776298739.193,239.193,0.68,0.69,0.31,0.32,0.01,0.01,74641.28,1776298738000
1776298739.538,239.538,0.68,0.7,0.31,0.32,0.02,0.01,74641.28,1776298738000
1776298739.965,239.965,0.69,0.7,0.3,0.31,0.01,0.01,74641.24,1776298739000
1776298740.35,240.35,0.68,0.7,0.3,0.31,0.02,0.01,74641.24,1776298739000
1776298741.281,241.281,0.67,0.68,0.31,0.32,0.01,0.01,74641.24,1776298739000
1776298741.735,241.735,0.67,0.68,0.32,0.33,0.01,0.01,74643.15,1776298740000
1776298742.311,242.311,0.67,0.68,0.32,0.33,0.01,0.01,74643.06,1776298741000
1776298742.697,242.697,0.67,0.68,0.32,0.33,0.01,0.01,74643.06,1776298741000
1776298743.07,243.07,0.67,0.68,0.32,0.33,0.01,0.01,74643.06,1776298741000
1776298743.572,243.572,0.66,0.67,0.33,0.34,0.01,0.01,74643.43,1776298742000
1776298744.226,244.226,0.66,0.67,0.33,0.34,0.01,0.01,74642.86,1776298743000
1776298744.6,244.6,0.67,0.68,0.32,0.33,0.01,0.01,74642.86,1776298743000
1776298744.968,244.968,0.68,0.69,0.31,0.32,0.01,0.01,74642.86,1776298743000
1776298745.567,245.567,0.68,0.69,0.31,0.32,0.01,0.01,74642.86,1776298743000
1776298745.926,245.926,0.68,0.69,0.31,0.32,0.01,0.01,74642.71,1776298744000
1776298746.306,246.306,0.68,0.69,0.31,0.32,0.01,0.01,74642.71,1776298745000
1776298746.661,246.661,0.66,0.69,0.31,0.32,0.03,0.01,74642.71,1776298745000
1776298747.249,247.249,0.63,0.64,0.35,0.37,0.01,0.02,74642.71,1776298745000
1776298747.729,247.729,0.63,0.64,0.36,0.37,0.01,0.01,74642.68,1776298746000
1776298748.39,248.39,0.63,0.64,0.36,0.37,0.01,0.01,74641.12,1776298747000
1776298748.879,248.879,0.62,0.63,0.37,0.38,0.01,0.01,74639.02,1776298748000
1776298749.238,249.238,0.61,0.62,0.38,0.39,0.01,0.01,74639.02,1776298748000
1776298749.996,249.996,0.61,0.62,0.38,0.39,0.01,0.01,74634.8,1776298749000
1776298750.524,250.524,0.59,0.62,0.38,0.41,0.03,0.03,74634.8,1776298749000
1776298750.968,250.968,0.59,0.62,0.38,0.41,0.03,0.03,74632.23,1776298750000
1776298751.364,251.364,0.6,0.61,0.39,0.4,0.01,0.01,74632.23,1776298750000
1776298751.961,251.961,0.6,0.61,0.39,0.4,0.01,0.01,74632.23,1776298750000
1776298752.357,252.357,0.6,0.61,0.39,0.4,0.01,0.01,74632.23,1776298751000
1776298752.989,252.989,0.6,0.61,0.39,0.4,0.01,0.01,74632.23,1776298751000
1776298753.393,253.393,0.6,0.61,0.39,0.4,0.01,0.01,74634.31,1776298752000
1776298753.797,253.797,0.6,0.61,0.39,0.4,0.01,0.01,74634.31,1776298752000
1776298754.202,254.202,0.56,0.57,0.43,0.44,0.01,0.01,74637.84,1776298753000
1776298754.551,254.551,0.55,0.56,0.44,0.45,0.01,0.01,74637.84,1776298753000
1776298754.89,254.89,0.53,0.54,0.46,0.47,0.01,0.01,74637.84,1776298753000
1776298755.257,255.257,0.52,0.53,0.46,0.48,0.01,0.02,74638.15,1776298754000
1776298755.646,255.646,0.5,0.51,0.47,0.5,0.01,0.03,74638.15,1776298754000
1776298756.03,256.03,0.49,0.5,0.5,0.51,0.01,0.01,74638.15,1776298754000
1776298756.396,256.396,0.48,0.49,0.51,0.52,0.01,0.01,74632.75,1776298755000
1776298756.739,256.739,0.47,0.48,0.51,0.53,0.01,0.02,74632.75,1776298755000
1776298757.129,257.129,0.47,0.48,0.52,0.53,0.01,0.01,74632.75,1776298755000
1776298757.481,257.481,0.47,0.48,0.52,0.53,0.01,0.01,74631.24,1776298756000
1776298757.823,257.823,0.47,0.48,0.52,0.53,0.01,0.01,74631.24,1776298756000
1776298758.179,258.179,0.47,0.48,0.52,0.53,0.01,0.01,74630.87,1776298757000
1776298758.53,258.53,0.47,0.48,0.52,0.53,0.01,0.01,74630.87,1776298757000
1776298758.906,258.906,0.47,0.48,0.52,0.53,0.01,0.01,74630.87,1776298757000
1776298759.262,259.262,0.47,0.48,0.52,0.53,0.01,0.01,74630.87,1776298757000
1776298759.628,259.628,0.47,0.48,0.52,0.53,0.01,0.01,74630.87,1776298757000
1776298760.002,260.002,0.47,0.49,0.52,0.53,0.02,0.01,74630.87,1776298757000
1776298760.401,260.401,0.48,0.49,0.51,0.52,0.01,0.01,74630.87,1776298757000
1776298760.768,260.768,0.48,0.49,0.51,0.52,0.01,0.01,74629.18,1776298759000
1776298761.107,261.107,0.47,0.48,0.52,0.53,0.01,0.01,74629.17,1776298760000
1776298761.481,261.481,0.45,0.46,0.52,0.55,0.01,0.03,74629.17,1776298760000
1776298761.821,261.821,0.45,0.46,0.54,0.55,0.01,0.01,74629.17,1776298760000
1776298762.201,262.201,0.45,0.46,0.54,0.55,0.01,0.01,74628.68,1776298761000
1776298762.549,262.549,0.45,0.46,0.54,0.55,0.01,0.01,74628.68,1776298761000
1776298762.919,262.919,0.45,0.46,0.54,0.55,0.01,0.01,74628.68,1776298761000
1776298763.273,263.273,0.42,0.43,0.57,0.59,0.01,0.02,74628.09,1776298762000
1776298763.628,263.628,0.41,0.42,0.58,0.59,0.01,0.01,74628.09,1776298762000
1776298764.03,264.03,0.4,0.41,0.59,0.6,0.01,0.01,74628.09,1776298762000
1776298764.458,264.458,0.39,0.41,0.59,0.6,0.02,0.01,74626.71,1776298763000
1776298764.928,264.928,0.39,0.4,0.6,0.61,0.01,0.01,74626.71,1776298763000
1776298765.324,265.324,0.39,0.4,0.6,0.61,0.01,0.01,74625.04,1776298764000
1776298765.685,265.685,0.38,0.39,0.6,0.63,0.01,0.03,74625.04,1776298764000
1776298766.035,266.035,0.37,0.38,0.62,0.63,0.01,0.01,74625.28,1776298765000
1776298766.385,266.385,0.36,0.38,0.62,0.63,0.02,0.01,74625.28,1776298765000
1776298766.774,266.774,0.36,0.37,0.63,0.64,0.01,0.01,74625.28,1776298765000
1776298767.11,267.11,0.35,0.37,0.63,0.64,0.02,0.01,74625.42,1776298766000
1776298767.577,267.577,0.35,0.36,0.63,0.65,0.01,0.02,74625.42,1776298766000
1776298767.912,267.912,0.28,0.31,0.67,0.72,0.03,0.05,74625.42,1776298766000
1776298768.259,268.259,0.27,0.28,0.72,0.73,0.01,0.01,74620.21,1776298767000
1776298768.668,268.668,0.26,0.27,0.72,0.74,0.01,0.02,74620.21,1776298767000
1776298769.012,269.012,0.26,0.27,0.73,0.74,0.01,0.01,74620.21,1776298767000
1776298769.346,269.346,0.26,0.27,0.73,0.74,0.01,0.01,74620.22,1776298768000
1776298769.682,269.682,0.23,0.27,0.73,0.77,0.04,0.04,74620.22,1776298768000
1776298770.019,270.019,0.24,0.25,0.75,0.76,0.01,0.01,74620.22,1776298768000
1776298770.388,270.388,0.21,0.22,0.78,0.79,0.01,0.01,74618.29,1776298769000
1776298770.767,270.767,0.18,0.19,0.81,0.82,0.01,0.01,74618.29,1776298769000
1776298771.111,271.111,0.18,0.19,0.81,0.82,0.01,0.01,74618.29,1776298769000
1776298771.46,271.46,0.17,0.18,0.82,0.83,0.01,0.01,74617.48,1776298770000
1776298771.868,271.868,0.16,0.17,0.82,0.84,0.01,0.02,74617.48,1776298770000
1776298772.234,272.234,0.16,0.17,0.83,0.84,0.01,0.01,74617.48,1776298770000
1776298772.636,272.636,0.16,0.17,0.83,0.84,0.01,0.01,74615.14,1776298771000
1776298773.047,273.047,0.16,0.17,0.83,0.84,0.01,0.01,74615.14,1776298771000
1776298773.435,273.435,0.16,0.17,0.83,0.84,0.01,0.01,74614.0,1776298772000
1776298773.799,273.799,0.16,0.17,0.83,0.84,0.01,0.01,74614.0,1776298772000
1776298774.206,274.206,0.16,0.17,0.83,0.84,0.01,0.01,74614.0,1776298772000
1776298774.559,274.559,0.16,0.17,0.83,0.84,0.01,0.01,74610.89,1776298773000
1776298774.896,274.896,0.16,0.17,0.83,0.84,0.01,0.01,74610.89,1776298774000
1776298775.312,275.312,0.16,0.17,0.83,0.84,0.01,0.01,74610.89,1776298774000
1776298775.658,275.658,0.15,0.16,0.8,0.85,0.01,0.05,74610.89,1776298774000
1776298776.022,276.022,0.15,0.16,0.84,0.85,0.01,0.01,74610.84,1776298775000
1776298776.389,276.389,0.15,0.16,0.84,0.85,0.01,0.01,74610.84,1776298775000
1776298776.837,276.837,0.15,0.16,0.84,0.85,0.01,0.01,74610.84,1776298775000
1776298777.25,277.25,0.1,0.13,0.87,0.9,0.03,0.03,74610.8,1776298776000
1776298777.646,277.646,0.08,0.09,0.91,0.92,0.01,0.01,74610.8,1776298776000
1776298778.026,278.026,0.08,0.09,0.91,0.92,0.01,0.01,74610.8,1776298776000
1776298778.375,278.375,0.08,0.09,0.91,0.92,0.01,0.01,74610.81,1776298777000
1776298778.753,278.753,0.08,0.09,0.91,0.92,0.01,0.01,74610.81,1776298777000
1776298779.09,279.09,0.09,0.1,0.9,0.91,0.01,0.01,74610.81,1776298777000
1776298779.625,279.625,0.09,0.1,0.9,0.91,0.01,0.01,74610.65,1776298778000
1776298779.963,279.963,0.09,0.1,0.9,0.91,0.01,0.01,74610.65,1776298778000
1776298780.373,280.373,0.09,0.1,0.9,0.91,0.01,0.01,74610.65,1776298778000
1776298780.81,280.81,0.09,0.1,0.89,0.9,0.01,0.01,74610.61,1776298779000
1776298781.208,281.208,0.09,0.1,0.9,0.91,0.01,0.01,74610.49,1776298780000
1776298781.641,281.641,0.1,0.11,0.89,0.9,0.01,0.01,74610.49,1776298780000
1776298781.974,281.974,0.1,0.11,0.89,0.9,0.01,0.01,74610.49,1776298780000
1776298782.329,282.329,0.1,0.11,0.89,0.9,0.01,0.01,74610.5,1776298781000
1776298782.721,282.721,0.09,0.12,0.83,0.9,0.03,0.07,74610.5,1776298781000
1776298783.201,283.201,0.11,0.12,0.88,0.89,0.01,0.01,74610.5,1776298781000
1776298783.6,283.6,0.1,0.11,0.89,0.9,0.01,0.01,74610.49,1776298782000
1776298783.952,283.952,0.1,0.11,0.89,0.9,0.01,0.01,74610.49,1776298782000
1776298784.318,284.318,0.1,0.11,0.89,0.9,0.01,0.01,74610.5,1776298783000
1776298784.765,284.765,0.09,0.11,0.89,0.9,0.02,0.01,74610.5,1776298783000
1776298785.224,285.224,0.09,0.1,0.9,0.91,0.01,0.01,74610.5,1776298783000
1776298785.773,285.773,0.09,0.13,0.9,0.91,0.04,0.01,74610.59,1776298784000
1776298786.143,286.143,0.11,0.12,0.88,0.89,0.01,0.01,74610.59,1776298785000
1776298786.494,286.494,0.1,0.12,0.88,0.89,0.02,0.01,74610.59,1776298785000
1776298787.084,287.084,0.09,0.1,0.9,0.91,0.01,0.01,74610.59,1776298785000
1776298787.446,287.446,0.1,0.11,0.89,0.9,0.01,0.01,74610.6,1776298786000
1776298787.785,287.785,0.1,0.11,0.89,0.9,0.01,0.01,74610.6,1776298786000
1776298788.128,288.128,0.1,0.11,0.89,0.9,0.01,0.01,74610.6,1776298786000
1776298788.47,288.47,0.09,0.11,0.89,0.9,0.02,0.01,74610.6,1776298786000
1776298788.849,288.849,0.09,0.1,0.9,0.91,0.01,0.01,74610.6,1776298786000
1776298789.317,289.317,0.09,0.1,0.9,0.91,0.01,0.01,74610.6,1776298787000
1776298789.681,289.681,0.09,0.1,0.9,0.91,0.01,0.01,74610.6,1776298787000
1776298790.318,290.318,0.09,0.1,0.9,0.91,0.01,0.01,74606.5,1776298788000
1776298790.693,290.693,0.09,0.1,0.9,0.91,0.01,0.01,74606.5,1776298789000
1776298791.147,291.147,0.09,0.1,0.9,0.91,0.01,0.01,74606.5,1776298789000
1776298791.483,291.483,0.09,0.1,0.9,0.91,0.01,0.01,74605.94,1776298790000
1776298791.84,291.84,0.09,0.1,0.9,0.91,0.01,0.01,74605.94,1776298790000
1776298792.316,292.316,0.07,0.1,0.9,0.91,0.03,0.01,74605.94,1776298790000
1776298792.694,292.694,0.07,0.08,0.92,0.93,0.01,0.01,74605.94,1776298791000
1776298793.056,293.056,0.06,0.07,0.93,0.94,0.01,0.01,74605.94,1776298791000
1776298793.426,293.426,0.06,0.07,0.93,0.94,0.01,0.01,74605.63,1776298792000
1776298793.832,293.832,0.05,0.06,0.94,0.95,0.01,0.01,74605.63,1776298792000
1776298794.278,294.278,0.05,0.06,0.94,0.95,0.01,0.01,74605.63,1776298792000
1776298794.614,294.614,0.05,0.06,0.94,0.95,0.01,0.01,74605.63,1776298792000
1776298794.955,294.955,0.05,0.06,0.94,0.95,0.01,0.01,74605.63,1776298793000
1776298795.364,295.364,0.01,0.02,0.97,0.98,0.01,0.01,74605.63,1776298793000
1776298795.699,295.699,0.01,0.03,0.97,0.99,0.02,0.02,74607.53,1776298794000
1776298796.047,296.047,0.01,0.02,0.98,0.99,0.01,0.01,74607.53,1776298794000
1776298796.412,296.412,0.01,0.02,0.98,0.99,0.01,0.01,74607.53,1776298795000
1776298796.771,296.771,0.01,0.02,0.98,0.99,0.01,0.01,74607.53,1776298795000
1776298797.135,297.135,0.01,0.02,0.98,0.99,0.01,0.01,74607.53,1776298795000
1776298797.476,297.476,0.01,0.02,0.98,0.99,0.01,0.01,74607.53,1776298795000
1776298797.942,297.942,0.01,0.01,0.99,0.99,0.0,0.0,74603.7,1776298796000
1776298798.277,298.277,0.01,0.02,0.98,0.99,0.01,0.01,74603.7,1776298797000
1776298798.625,298.625,0.01,0.02,0.98,0.99,0.01,0.01,74603.7,1776298797000
1776298799.268,299.268,0.01,0.01,0.99,0.99,0.0,0.0,74603.7,1776298797000
1776298799.626,299.626,0.01,0.01,0.99,0.99,0.0,0.0,74601.74,1776298798000
1776298800.001,300.001,0.01,0.01,0.99,0.99,0.0,0.0,74601.74,1776298798000
1776298800.407,300.407,0.01,0.01,0.99,0.99,0.0,0.0,74601.74,1776298798000
1776298800.771,300.771,0.01,0.01,0.99,0.99,0.0,0.0,74601.81,1776298799000
1776298802.473,302.473,0.01,0.01,0.99,0.99,0.0,0.0,74600.25,1776298801000

# RESULT,winner=Down,slug=btc-updown-5m-1776298500,ticks=687
