timestamp,elapsed_sec,up_bid,up_ask,down_bid,down_ask,up_spread,down_spread,btc_price,btc_oracle_ts
1777249500.533,0.533,0.5,0.51,0.49,0.5,0.01,0.01,78563.14,1777249499000
1777249500.93,0.93,0.51,0.54,0.47,0.5,0.03,0.03,78563.14,1777249499000
1777249501.32,1.32,0.52,0.53,0.47,0.48,0.01,0.01,78563.36,1777249500000
1777249501.682,1.682,0.52,0.53,0.47,0.48,0.01,0.01,78563.36,1777249500000
1777249502.166,2.166,0.52,0.53,0.47,0.48,0.01,0.01,78563.36,1777249500000
1777249502.549,2.549,0.52,0.53,0.47,0.48,0.01,0.01,78564.4,1777249501000
1777249503.334,3.334,0.54,0.55,0.45,0.46,0.01,0.01,78564.4,1777249501000
1777249503.695,3.695,0.53,0.54,0.46,0.47,0.01,0.01,78567.48,1777249502000
1777249504.129,4.129,0.53,0.54,0.46,0.47,0.01,0.01,78567.48,1777249503000
1777249504.608,4.608,0.53,0.54,0.46,0.47,0.01,0.01,78567.48,1777249503000
1777249505.215,5.215,0.54,0.55,0.45,0.47,0.01,0.02,78567.48,1777249503000
1777249505.549,5.549,0.53,0.55,0.45,0.46,0.02,0.01,78567.31,1777249504000
1777249506.483,6.483,0.52,0.54,0.45,0.47,0.02,0.02,78567.31,1777249505000
1777249506.909,6.909,0.53,0.54,0.46,0.47,0.01,0.01,78567.31,1777249505000
1777249507.249,7.249,0.53,0.54,0.46,0.47,0.01,0.01,78567.27,1777249506000
1777249508.191,8.191,0.53,0.54,0.46,0.47,0.01,0.01,78567.27,1777249506000
1777249508.704,8.704,0.53,0.54,0.46,0.47,0.01,0.01,78566.74,1777249507000
1777249509.108,9.108,0.53,0.54,0.46,0.47,0.01,0.01,78566.69,1777249508000
1777249509.484,9.484,0.52,0.53,0.46,0.48,0.01,0.02,78566.69,1777249508000
1777249510.129,10.129,0.52,0.53,0.47,0.48,0.01,0.01,78566.69,1777249508000
1777249510.551,10.551,0.51,0.53,0.47,0.48,0.02,0.01,78567.02,1777249509000
1777249511.255,11.255,0.51,0.52,0.48,0.49,0.01,0.01,78567.02,1777249509000
1777249511.923,11.923,0.51,0.52,0.48,0.49,0.01,0.01,78567.1,1777249510000
1777249512.472,12.472,0.51,0.52,0.48,0.49,0.01,0.01,78567.1,1777249510000
1777249513.164,13.164,0.51,0.52,0.48,0.49,0.01,0.01,78566.01,1777249511000
1777249513.579,13.579,0.51,0.52,0.48,0.49,0.01,0.01,78566.01,1777249512000
1777249513.973,13.973,0.5,0.51,0.48,0.49,0.01,0.01,78566.01,1777249512000
1777249514.399,14.399,0.5,0.51,0.49,0.5,0.01,0.01,78566.01,1777249513000
1777249514.755,14.755,0.49,0.5,0.49,0.51,0.01,0.02,78566.01,1777249513000
1777249515.387,15.387,0.49,0.5,0.5,0.51,0.01,0.01,78566.01,1777249514000
1777249515.732,15.732,0.46,0.49,0.5,0.53,0.03,0.03,78566.01,1777249514000
1777249516.068,16.068,0.46,0.47,0.51,0.54,0.01,0.03,78566.01,1777249514000
1777249516.425,16.425,0.46,0.47,0.53,0.54,0.01,0.01,78565.99,1777249515000
1777249516.768,16.768,0.46,0.47,0.53,0.54,0.01,0.01,78565.99,1777249515000
1777249517.586,17.586,0.46,0.47,0.53,0.54,0.01,0.01,78564.83,1777249516000
1777249518.177,18.177,0.46,0.47,0.53,0.54,0.01,0.01,78564.83,1777249516000
1777249518.536,18.536,0.46,0.47,0.53,0.54,0.01,0.01,78559.47,1777249517000
1777249519.485,19.485,0.46,0.47,0.53,0.54,0.01,0.01,78556.68,1777249518000
1777249519.853,19.853,0.46,0.47,0.53,0.54,0.01,0.01,78556.68,1777249518000
1777249520.677,20.677,0.45,0.46,0.54,0.55,0.01,0.01,78558.18,1777249519000
1777249521.238,21.238,0.45,0.46,0.54,0.55,0.01,0.01,78558.17,1777249520000
1777249521.717,21.717,0.45,0.46,0.54,0.55,0.01,0.01,78558.17,1777249520000
1777249522.515,22.515,0.45,0.46,0.54,0.55,0.01,0.01,78558.17,1777249521000
1777249523.084,23.084,0.45,0.46,0.54,0.55,0.01,0.01,78557.37,1777249522000
1777249523.637,23.637,0.45,0.46,0.54,0.55,0.01,0.01,78557.37,1777249522000
1777249524.182,24.182,0.45,0.46,0.54,0.55,0.01,0.01,78558.2,1777249523000
1777249524.678,24.678,0.45,0.46,0.54,0.55,0.01,0.01,78558.2,1777249523000
1777249525.104,25.104,0.39,0.41,0.59,0.6,0.02,0.01,78558.2,1777249523000
1777249525.489,25.489,0.39,0.4,0.6,0.61,0.01,0.01,78558.2,1777249523000
1777249525.902,25.902,0.39,0.4,0.6,0.61,0.01,0.01,78554.91,1777249524000
1777249526.252,26.252,0.39,0.4,0.6,0.61,0.01,0.01,78554.91,1777249524000
1777249526.672,26.672,0.39,0.4,0.6,0.61,0.01,0.01,78553.57,1777249525000
1777249527.13,27.13,0.39,0.4,0.6,0.61,0.01,0.01,78553.57,1777249526000
1777249528.095,28.095,0.39,0.4,0.6,0.61,0.01,0.01,78547.66,1777249527000
1777249528.497,28.497,0.39,0.4,0.6,0.61,0.01,0.01,78547.66,1777249527000
1777249528.941,28.941,0.39,0.4,0.6,0.61,0.01,0.01,78547.66,1777249527000
1777249529.329,29.329,0.39,0.4,0.6,0.61,0.01,0.01,78547.66,1777249527000
1777249529.694,29.694,0.39,0.4,0.6,0.61,0.01,0.01,78549.57,1777249528000
1777249530.107,30.107,0.35,0.36,0.61,0.67,0.01,0.06,78549.57,1777249528000
1777249530.45,30.45,0.34,0.35,0.65,0.66,0.01,0.01,78548.85,1777249529000
1777249530.805,30.805,0.32,0.34,0.65,0.68,0.02,0.03,78548.85,1777249529000
1777249531.285,31.285,0.32,0.33,0.67,0.68,0.01,0.01,78547.43,1777249530000
1777249531.619,31.619,0.33,0.35,0.66,0.67,0.02,0.01,78547.43,1777249530000
1777249531.989,31.989,0.33,0.34,0.66,0.67,0.01,0.01,78547.43,1777249530000
1777249532.371,32.371,0.33,0.34,0.66,0.67,0.01,0.01,78540.95,1777249531000
1777249532.817,32.817,0.34,0.35,0.65,0.66,0.01,0.01,78540.95,1777249531000
1777249533.213,33.213,0.33,0.35,0.65,0.67,0.02,0.02,78540.95,1777249531000
1777249533.601,33.601,0.33,0.34,0.66,0.67,0.01,0.01,78533.83,1777249532000
1777249533.98,33.98,0.33,0.34,0.66,0.67,0.01,0.01,78533.83,1777249532000
1777249534.523,34.523,0.31,0.32,0.68,0.69,0.01,0.01,78534.19,1777249533000
1777249535.002,35.002,0.31,0.32,0.68,0.69,0.01,0.01,78532.92,1777249534000
1777249535.337,35.337,0.31,0.32,0.68,0.69,0.01,0.01,78532.92,1777249534000
1777249535.743,35.743,0.31,0.32,0.68,0.69,0.01,0.01,78532.92,1777249534000
1777249536.374,36.374,0.31,0.32,0.68,0.69,0.01,0.01,78532.38,1777249535000
1777249536.937,36.937,0.31,0.32,0.68,0.69,0.01,0.01,78532.22,1777249536000
1777249537.308,37.308,0.28,0.3,0.68,0.71,0.02,0.03,78532.22,1777249536000
1777249537.946,37.946,0.29,0.3,0.7,0.71,0.01,0.01,78532.22,1777249536000
1777249538.304,38.304,0.29,0.3,0.7,0.71,0.01,0.01,78532.21,1777249537000
1777249538.64,38.64,0.27,0.3,0.7,0.73,0.03,0.03,78532.21,1777249537000
1777249538.976,38.976,0.22,0.25,0.75,0.78,0.03,0.03,78532.21,1777249537000
1777249539.387,39.387,0.17,0.23,0.77,0.83,0.06,0.06,78527.49,1777249538000
1777249539.827,39.827,0.17,0.18,0.82,0.83,0.01,0.01,78527.49,1777249538000
1777249540.365,40.365,0.14,0.2,0.8,0.84,0.06,0.04,78479.73,1777249539000
1777249540.783,40.783,0.18,0.2,0.8,0.82,0.02,0.02,78479.73,1777249539000
1777249541.157,41.157,0.11,0.18,0.81,0.84,0.07,0.03,78479.73,1777249539000
1777249541.503,41.503,0.13,0.18,0.82,0.83,0.05,0.01,78444.72,1777249540000
1777249542.04,42.04,0.13,0.17,0.82,0.87,0.04,0.05,78444.72,1777249540000
1777249542.507,42.507,0.13,0.17,0.83,0.87,0.04,0.04,78444.72,1777249540000
1777249542.868,42.868,0.11,0.14,0.86,0.89,0.03,0.03,78432.12,1777249541000
1777249543.215,43.215,0.11,0.17,0.83,0.89,0.06,0.06,78432.12,1777249541000
1777249543.559,43.559,0.16,0.17,0.83,0.84,0.01,0.01,78432.12,1777249541000
1777249543.894,43.894,0.13,0.16,0.85,0.87,0.03,0.02,78423.76,1777249542000
1777249544.279,44.279,0.12,0.17,0.83,0.88,0.05,0.05,78423.42,1777249543000
1777249544.659,44.659,0.1,0.12,0.88,0.9,0.02,0.02,78423.42,1777249543000
1777249545.041,45.041,0.1,0.11,0.87,0.9,0.01,0.03,78423.42,1777249543000
1777249545.397,45.397,0.1,0.11,0.89,0.9,0.01,0.01,78423.89,1777249544000
1777249545.736,45.736,0.1,0.11,0.89,0.9,0.01,0.01,78423.89,1777249544000
1777249546.088,46.088,0.11,0.12,0.88,0.89,0.01,0.01,78424.25,1777249545000
1777249546.464,46.464,0.1,0.11,0.89,0.9,0.01,0.01,78424.25,1777249545000
1777249546.868,46.868,0.1,0.11,0.89,0.9,0.01,0.01,78424.25,1777249545000
1777249547.245,47.245,0.13,0.14,0.86,0.88,0.01,0.02,78424.25,1777249545000
1777249547.691,47.691,0.13,0.14,0.86,0.87,0.01,0.01,78422.14,1777249546000
1777249548.068,48.068,0.13,0.14,0.86,0.87,0.01,0.01,78422.14,1777249546000
1777249548.689,48.689,0.13,0.14,0.86,0.87,0.01,0.01,78425.19,1777249547000
1777249549.061,49.061,0.13,0.15,0.85,0.87,0.02,0.02,78425.19,1777249547000
1777249549.428,49.428,0.13,0.16,0.85,0.87,0.03,0.02,78427.85,1777249548000
1777249550.164,50.164,0.14,0.16,0.84,0.87,0.02,0.03,78427.85,1777249548000
1777249550.612,50.612,0.14,0.15,0.84,0.86,0.01,0.02,78435.24,1777249549000
1777249551.111,51.111,0.16,0.17,0.83,0.84,0.01,0.01,78435.24,1777249549000
1777249551.471,51.471,0.16,0.19,0.81,0.84,0.03,0.03,78448.09,1777249550000
1777249551.914,51.914,0.15,0.16,0.79,0.86,0.01,0.07,78448.09,1777249550000
1777249552.26,52.26,0.16,0.17,0.83,0.84,0.01,0.01,78452.26,1777249551000
1777249552.634,52.634,0.2,0.21,0.79,0.8,0.01,0.01,78452.26,1777249551000
1777249552.978,52.978,0.2,0.21,0.79,0.8,0.01,0.01,78452.26,1777249551000
1777249553.36,53.36,0.2,0.21,0.79,0.8,0.01,0.01,78459.75,1777249552000
1777249553.768,53.768,0.18,0.2,0.8,0.82,0.02,0.02,78459.75,1777249552000
1777249554.138,54.138,0.17,0.18,0.81,0.84,0.01,0.03,78459.75,1777249552000
1777249554.509,54.509,0.17,0.18,0.82,0.83,0.01,0.01,78469.6,1777249553000
1777249554.907,54.907,0.18,0.2,0.8,0.83,0.02,0.03,78469.6,1777249553000
1777249555.421,55.421,0.19,0.2,0.8,0.82,0.01,0.02,78469.6,1777249553000
1777249556.017,56.017,0.19,0.2,0.8,0.81,0.01,0.01,78463.43,1777249555000
1777249556.365,56.365,0.19,0.2,0.8,0.81,0.01,0.01,78463.43,1777249555000
1777249556.943,56.943,0.19,0.2,0.8,0.81,0.01,0.01,78463.43,1777249555000
1777249557.295,57.295,0.19,0.2,0.8,0.81,0.01,0.01,78465.23,1777249556000
1777249557.708,57.708,0.19,0.2,0.8,0.81,0.01,0.01,78465.23,1777249556000
1777249558.156,58.156,0.19,0.2,0.8,0.81,0.01,0.01,78465.23,1777249556000
1777249558.489,58.489,0.16,0.2,0.8,0.84,0.04,0.04,78465.23,1777249556000
1777249558.836,58.836,0.19,0.2,0.8,0.81,0.01,0.01,78465.23,1777249556000
1777249559.258,59.258,0.19,0.21,0.8,0.81,0.02,0.01,78465.8,1777249557000
1777249559.76,59.76,0.19,0.2,0.8,0.81,0.01,0.01,78465.8,1777249558000
1777249560.118,60.118,0.19,0.2,0.8,0.81,0.01,0.01,78465.8,1777249558000
1777249560.478,60.478,0.18,0.2,0.8,0.82,0.02,0.02,78465.8,1777249558000
1777249560.896,60.896,0.15,0.16,0.84,0.85,0.01,0.01,78467.39,1777249559000
1777249561.364,61.364,0.15,0.16,0.84,0.85,0.01,0.01,78467.39,1777249560000
1777249561.776,61.776,0.15,0.16,0.84,0.85,0.01,0.01,78467.39,1777249560000
1777249562.128,62.128,0.14,0.15,0.84,0.85,0.01,0.01,78467.39,1777249560000
1777249563.207,63.207,0.14,0.15,0.85,0.86,0.01,0.01,78458.35,1777249562000
1777249563.597,63.597,0.14,0.15,0.85,0.86,0.01,0.01,78458.35,1777249562000
1777249564.182,64.182,0.14,0.15,0.85,0.86,0.01,0.01,78453.06,1777249563000
1777249564.541,64.541,0.14,0.15,0.85,0.86,0.01,0.01,78453.06,1777249563000
1777249564.909,64.909,0.14,0.15,0.85,0.86,0.01,0.01,78453.06,1777249563000
1777249565.286,65.286,0.14,0.15,0.85,0.86,0.01,0.01,78451.25,1777249564000
1777249565.718,65.718,0.14,0.15,0.85,0.86,0.01,0.01,78451.25,1777249564000
1777249566.075,66.075,0.12,0.14,0.86,0.88,0.02,0.02,78451.25,1777249564000
1777249566.561,66.561,0.13,0.15,0.85,0.88,0.02,0.03,78449.94,1777249565000
1777249566.929,66.929,0.13,0.15,0.85,0.88,0.02,0.03,78449.94,1777249565000
1777249567.327,67.327,0.14,0.15,0.85,0.86,0.01,0.01,78449.94,1777249565000
1777249567.691,67.691,0.18,0.19,0.81,0.82,0.01,0.01,78448.81,1777249566000
1777249568.025,68.025,0.18,0.19,0.81,0.82,0.01,0.01,78450.82,1777249567000
1777249568.369,68.369,0.18,0.19,0.81,0.82,0.01,0.01,78450.82,1777249567000
1777249568.769,68.769,0.17,0.18,0.81,0.83,0.01,0.02,78450.82,1777249567000
1777249569.14,69.14,0.17,0.18,0.82,0.83,0.01,0.01,78456.55,1777249568000
1777249569.636,69.636,0.17,0.18,0.82,0.83,0.01,0.01,78456.55,1777249568000
1777249570.012,70.012,0.16,0.17,0.83,0.84,0.01,0.01,78462.93,1777249569000
1777249570.371,70.371,0.16,0.17,0.83,0.84,0.01,0.01,78462.93,1777249569000
1777249570.749,70.749,0.16,0.18,0.83,0.84,0.02,0.01,78462.93,1777249569000
1777249571.109,71.109,0.16,0.17,0.83,0.84,0.01,0.01,78463.55,1777249570000
1777249571.91,71.91,0.16,0.17,0.83,0.84,0.01,0.01,78463.55,1777249570000
1777249572.284,72.284,0.16,0.17,0.83,0.84,0.01,0.01,78463.55,1777249570000
1777249572.629,72.629,0.16,0.17,0.83,0.84,0.01,0.01,78463.55,1777249570000
1777249573.055,73.055,0.16,0.17,0.83,0.84,0.01,0.01,78463.86,1777249571000
1777249573.404,73.404,0.15,0.16,0.84,0.85,0.01,0.01,78463.86,1777249571000
1777249573.927,73.927,0.14,0.15,0.85,0.86,0.01,0.01,78463.68,1777249572000
1777249574.503,74.503,0.14,0.15,0.85,0.86,0.01,0.01,78463.68,1777249573000
1777249574.946,74.946,0.14,0.15,0.85,0.86,0.01,0.01,78463.68,1777249573000
1777249575.314,75.314,0.14,0.15,0.85,0.86,0.01,0.01,78463.68,1777249573000
1777249575.682,75.682,0.14,0.15,0.85,0.86,0.01,0.01,78462.42,1777249574000
1777249576.057,76.057,0.14,0.15,0.85,0.86,0.01,0.01,78462.42,1777249574000
1777249576.486,76.486,0.14,0.15,0.85,0.86,0.01,0.01,78462.42,1777249574000
1777249576.859,76.859,0.15,0.16,0.83,0.86,0.01,0.03,78458.4,1777249575000
1777249577.194,77.194,0.15,0.16,0.84,0.85,0.01,0.01,78458.4,1777249576000
1777249577.551,77.551,0.15,0.16,0.84,0.85,0.01,0.01,78458.4,1777249576000
1777249577.94,77.94,0.15,0.16,0.84,0.85,0.01,0.01,78458.4,1777249576000
1777249578.315,78.315,0.15,0.16,0.84,0.85,0.01,0.01,78458.54,1777249577000
1777249578.77,78.77,0.15,0.16,0.84,0.85,0.01,0.01,78458.54,1777249577000
1777249579.44,79.44,0.15,0.16,0.84,0.85,0.01,0.01,78458.6,1777249578000
1777249579.835,79.835,0.15,0.18,0.82,0.85,0.03,0.03,78458.6,1777249578000
1777249580.389,80.389,0.15,0.17,0.83,0.85,0.02,0.02,78458.37,1777249579000
1777249580.784,80.784,0.16,0.17,0.83,0.84,0.01,0.01,78458.37,1777249579000
1777249581.149,81.149,0.16,0.17,0.83,0.84,0.01,0.01,78459.5,1777249580000
1777249581.745,81.745,0.16,0.17,0.83,0.84,0.01,0.01,78459.5,1777249580000
1777249582.24,82.24,0.16,0.17,0.83,0.84,0.01,0.01,78459.5,1777249580000
1777249582.709,82.709,0.16,0.17,0.83,0.84,0.01,0.01,78460.87,1777249581000
1777249583.085,83.085,0.16,0.17,0.83,0.84,0.01,0.01,78460.87,1777249581000
1777249583.672,83.672,0.16,0.17,0.83,0.84,0.01,0.01,78460.87,1777249581000
1777249584.03,84.03,0.16,0.17,0.83,0.84,0.01,0.01,78462.37,1777249582000
1777249584.47,84.47,0.16,0.17,0.83,0.84,0.01,0.01,78462.37,1777249583000
1777249585.269,85.269,0.16,0.17,0.83,0.84,0.01,0.01,78462.37,1777249583000
1777249585.709,85.709,0.16,0.17,0.83,0.84,0.01,0.01,78463.69,1777249584000
1777249586.398,86.398,0.16,0.17,0.83,0.84,0.01,0.01,78463.2,1777249585000
1777249586.907,86.907,0.16,0.17,0.83,0.84,0.01,0.01,78463.2,1777249585000
1777249587.611,87.611,0.16,0.17,0.83,0.84,0.01,0.01,78463.04,1777249586000
1777249588.126,88.126,0.16,0.17,0.83,0.84,0.01,0.01,78464.5,1777249587000
1777249588.585,88.585,0.16,0.17,0.83,0.84,0.01,0.01,78464.5,1777249587000
1777249589.03,89.03,0.15,0.16,0.83,0.84,0.01,0.01,78464.5,1777249587000
1777249589.434,89.434,0.15,0.16,0.84,0.85,0.01,0.01,78462.95,1777249588000
1777249589.778,89.778,0.15,0.16,0.84,0.85,0.01,0.01,78462.95,1777249588000
1777249590.147,90.147,0.15,0.16,0.84,0.85,0.01,0.01,78462.95,1777249588000
1777249590.735,90.735,0.15,0.16,0.84,0.85,0.01,0.01,78462.95,1777249589000
1777249591.071,91.071,0.14,0.15,0.84,0.86,0.01,0.02,78462.95,1777249589000
1777249591.542,91.542,0.13,0.14,0.86,0.87,0.01,0.01,78462.78,1777249590000
1777249592.083,92.083,0.13,0.14,0.86,0.87,0.01,0.01,78462.78,1777249590000
1777249592.792,92.792,0.14,0.15,0.85,0.86,0.01,0.01,78462.78,1777249591000
1777249593.295,93.295,0.14,0.15,0.85,0.86,0.01,0.01,78464.4,1777249592000
1777249594.1,94.1,0.14,0.15,0.85,0.86,0.01,0.01,78464.4,1777249592000
1777249594.56,94.56,0.14,0.15,0.85,0.86,0.01,0.01,78464.93,1777249593000
1777249595.034,95.034,0.14,0.15,0.85,0.86,0.01,0.01,78464.93,1777249593000
1777249595.417,95.417,0.14,0.15,0.85,0.86,0.01,0.01,78464.93,1777249593000
1777249595.77,95.77,0.13,0.15,0.85,0.86,0.02,0.01,78465.09,1777249594000
1777249596.181,96.181,0.15,0.16,0.84,0.86,0.01,0.02,78465.09,1777249594000
1777249596.536,96.536,0.15,0.16,0.84,0.85,0.01,0.01,78465.62,1777249595000
1777249596.878,96.878,0.15,0.16,0.84,0.85,0.01,0.01,78465.62,1777249596000
1777249597.266,97.266,0.15,0.16,0.84,0.85,0.01,0.01,78465.62,1777249596000
1777249597.685,97.685,0.11,0.12,0.88,0.89,0.01,0.01,78465.62,1777249596000
1777249598.02,98.02,0.12,0.14,0.86,0.88,0.02,0.02,78466.04,1777249597000
1777249598.383,98.383,0.14,0.15,0.85,0.86,0.01,0.01,78466.04,1777249597000
1777249598.756,98.756,0.14,0.15,0.85,0.86,0.01,0.01,78466.04,1777249597000
1777249599.679,99.679,0.15,0.16,0.84,0.85,0.01,0.01,78465.95,1777249598000
1777249600.175,100.175,0.15,0.16,0.84,0.85,0.01,0.01,78466.3,1777249599000
1777249600.524,100.524,0.15,0.16,0.84,0.85,0.01,0.01,78466.3,1777249599000
1777249600.871,100.871,0.15,0.16,0.84,0.85,0.01,0.01,78466.3,1777249599000
1777249601.865,101.865,0.15,0.16,0.84,0.85,0.01,0.01,78467.36,1777249600000
1777249602.319,102.319,0.15,0.16,0.84,0.85,0.01,0.01,78468.26,1777249601000
1777249602.693,102.693,0.15,0.16,0.84,0.85,0.01,0.01,78468.26,1777249601000
1777249603.058,103.058,0.19,0.2,0.8,0.81,0.01,0.01,78468.26,1777249601000
1777249603.423,103.423,0.19,0.2,0.8,0.81,0.01,0.01,78485.82,1777249602000
1777249603.881,103.881,0.21,0.22,0.78,0.79,0.01,0.01,78485.82,1777249602000
1777249604.443,104.443,0.21,0.22,0.78,0.79,0.01,0.01,78487.9,1777249603000
1777249605.103,105.103,0.21,0.23,0.78,0.79,0.02,0.01,78487.9,1777249603000
1777249605.53,105.53,0.22,0.23,0.77,0.78,0.01,0.01,78487.9,1777249603000
1777249606.166,106.166,0.22,0.23,0.77,0.78,0.01,0.01,78490.31,1777249604000
1777249606.831,106.831,0.22,0.23,0.77,0.78,0.01,0.01,78492.23,1777249605000
1777249607.26,107.26,0.2,0.21,0.79,0.8,0.01,0.01,78492.23,1777249605000
1777249607.652,107.652,0.2,0.21,0.79,0.8,0.01,0.01,78493.23,1777249606000
1777249608.375,108.375,0.2,0.21,0.79,0.8,0.01,0.01,78492.44,1777249607000
1777249608.713,108.713,0.2,0.24,0.79,0.8,0.04,0.01,78492.44,1777249607000
1777249609.139,109.139,0.19,0.21,0.79,0.8,0.02,0.01,78492.44,1777249607000
1777249609.498,109.498,0.2,0.21,0.79,0.8,0.01,0.01,78490.7,1777249608000
1777249609.909,109.909,0.2,0.21,0.79,0.8,0.01,0.01,78490.7,1777249608000
1777249610.371,110.371,0.19,0.2,0.8,0.81,0.01,0.01,78490.69,1777249609000
1777249610.724,110.724,0.19,0.2,0.8,0.81,0.01,0.01,78490.69,1777249609000
1777249611.06,111.06,0.19,0.2,0.8,0.81,0.01,0.01,78491.5,1777249610000
1777249611.553,111.553,0.19,0.22,0.8,0.81,0.03,0.01,78491.5,1777249610000
1777249611.913,111.913,0.26,0.27,0.73,0.74,0.01,0.01,78491.5,1777249610000
1777249612.622,112.622,0.28,0.29,0.71,0.72,0.01,0.01,78491.47,1777249611000
1777249613.121,113.121,0.28,0.29,0.71,0.72,0.01,0.01,78491.47,1777249611000
1777249613.585,113.585,0.28,0.29,0.71,0.72,0.01,0.01,78492.51,1777249612000
1777249614.098,114.098,0.28,0.29,0.71,0.72,0.01,0.01,78492.51,1777249612000
1777249614.585,114.585,0.28,0.29,0.71,0.72,0.01,0.01,78508.82,1777249613000
1777249615.07,115.07,0.28,0.29,0.71,0.72,0.01,0.01,78508.82,1777249613000
1777249615.577,115.577,0.25,0.29,0.71,0.72,0.04,0.01,78508.89,1777249614000
1777249616.035,116.035,0.28,0.29,0.71,0.72,0.01,0.01,78508.89,1777249614000
1777249616.44,116.44,0.28,0.29,0.71,0.72,0.01,0.01,78512.2,1777249615000
1777249616.781,116.781,0.31,0.33,0.7,0.72,0.02,0.02,78512.2,1777249615000
1777249617.298,117.298,0.31,0.32,0.68,0.71,0.01,0.03,78512.2,1777249615000
1777249617.664,117.664,0.32,0.33,0.67,0.68,0.01,0.01,78512.2,1777249615000
1777249618.001,118.001,0.32,0.33,0.67,0.68,0.01,0.01,78512.2,1777249615000
1777249618.36,118.36,0.32,0.33,0.67,0.68,0.01,0.01,78512.2,1777249615000
1777249618.78,118.78,0.31,0.32,0.68,0.69,0.01,0.01,78514.15,1777249616000
1777249619.159,119.159,0.31,0.32,0.68,0.69,0.01,0.01,78514.15,1777249616000
1777249619.577,119.577,0.3,0.31,0.68,0.69,0.01,0.01,78514.15,1777249616000
1777249619.987,119.987,0.27,0.3,0.69,0.73,0.03,0.04,78522.64,1777249618000
1777249620.551,120.551,0.27,0.28,0.72,0.73,0.01,0.01,78522.64,1777249618000
1777249620.948,120.948,0.24,0.27,0.73,0.76,0.03,0.03,78523.86,1777249619000
1777249622.039,122.039,0.24,0.27,0.73,0.76,0.03,0.03,78522.69,1777249620000
1777249622.922,122.922,0.24,0.25,0.75,0.76,0.01,0.01,78522.69,1777249620000
1777249623.479,123.479,0.24,0.25,0.75,0.76,0.01,0.01,78517.03,1777249621000
1777249623.9,123.9,0.23,0.25,0.75,0.77,0.02,0.02,78517.03,1777249621000
1777249624.243,124.243,0.22,0.24,0.75,0.77,0.02,0.02,78512.74,1777249622000
1777249624.607,124.607,0.23,0.24,0.76,0.77,0.01,0.01,78512.74,1777249622000
1777249625.013,125.013,0.23,0.24,0.76,0.77,0.01,0.01,78512.74,1777249622000
1777249625.406,125.406,0.23,0.24,0.76,0.77,0.01,0.01,78512.11,1777249623000
1777249626.116,126.116,0.24,0.25,0.75,0.76,0.01,0.01,78512.11,1777249623000
1777249626.638,126.638,0.24,0.25,0.75,0.76,0.01,0.01,78511.24,1777249624000
1777249627.157,127.157,0.24,0.25,0.75,0.76,0.01,0.01,78511.24,1777249624000
1777249627.535,127.535,0.24,0.25,0.75,0.76,0.01,0.01,78511.75,1777249625000
1777249627.96,127.96,0.24,0.25,0.75,0.76,0.01,0.01,78511.75,1777249625000
1777249628.658,128.658,0.24,0.25,0.75,0.76,0.01,0.01,78512.9,1777249626000
1777249629.333,129.333,0.24,0.25,0.75,0.76,0.01,0.01,78512.9,1777249627000
1777249629.774,129.774,0.24,0.25,0.75,0.76,0.01,0.01,78512.9,1777249627000
1777249630.142,130.142,0.24,0.25,0.75,0.76,0.01,0.01,78512.9,1777249627000
1777249630.869,130.869,0.24,0.25,0.75,0.76,0.01,0.01,78513.03,1777249629000
1777249631.352,131.352,0.25,0.26,0.74,0.75,0.01,0.01,78512.78,1777249630000
1777249632.038,132.038,0.25,0.26,0.74,0.75,0.01,0.01,78512.78,1777249630000
1777249632.381,132.381,0.25,0.26,0.74,0.75,0.01,0.01,78513.29,1777249631000
1777249632.952,132.952,0.25,0.26,0.74,0.75,0.01,0.01,78513.29,1777249631000
1777249633.38,133.38,0.25,0.26,0.74,0.75,0.01,0.01,78512.72,1777249632000
1777249633.765,133.765,0.18,0.22,0.77,0.82,0.04,0.05,78512.72,1777249632000
1777249634.209,134.209,0.18,0.19,0.8,0.82,0.01,0.02,78512.72,1777249632000
1777249634.561,134.561,0.16,0.18,0.81,0.83,0.02,0.02,78512.72,1777249632000
1777249634.97,134.97,0.16,0.17,0.83,0.84,0.01,0.01,78512.72,1777249632000
1777249635.4,135.4,0.15,0.16,0.84,0.85,0.01,0.01,78513.04,1777249633000
1777249635.777,135.777,0.15,0.16,0.84,0.85,0.01,0.01,78513.04,1777249633000
1777249636.389,136.389,0.15,0.16,0.84,0.85,0.01,0.01,78501.44,1777249634000
1777249636.865,136.865,0.15,0.16,0.84,0.85,0.01,0.01,78491.32,1777249635000
1777249637.208,137.208,0.15,0.16,0.84,0.85,0.01,0.01,78491.32,1777249635000
1777249637.596,137.596,0.15,0.16,0.84,0.85,0.01,0.01,78491.32,1777249635000
1777249637.963,137.963,0.15,0.16,0.84,0.85,0.01,0.01,78488.69,1777249636000
1777249638.697,138.697,0.15,0.16,0.84,0.85,0.01,0.01,78488.69,1777249636000
1777249639.314,139.314,0.15,0.16,0.84,0.85,0.01,0.01,78486.35,1777249637000
1777249639.649,139.649,0.15,0.16,0.84,0.85,0.01,0.01,78485.48,1777249638000
1777249640.047,140.047,0.15,0.16,0.84,0.85,0.01,0.01,78485.48,1777249638000
1777249640.427,140.427,0.15,0.16,0.84,0.85,0.01,0.01,78484.5,1777249639000
1777249641.591,141.591,0.15,0.16,0.84,0.85,0.01,0.01,78484.5,1777249639000
1777249642.134,142.134,0.13,0.16,0.84,0.85,0.03,0.01,78482.8,1777249640000
1777249642.662,142.662,0.13,0.16,0.84,0.87,0.03,0.03,78483.82,1777249641000
1777249643.161,143.161,0.13,0.14,0.86,0.87,0.01,0.01,78483.77,1777249642000
1777249643.855,143.855,0.13,0.14,0.86,0.87,0.01,0.01,78483.77,1777249642000
1777249644.48,144.48,0.13,0.16,0.85,0.87,0.03,0.02,78483.24,1777249643000
1777249644.926,144.926,0.2,0.21,0.79,0.81,0.01,0.02,78483.24,1777249643000
1777249645.403,145.403,0.2,0.21,0.77,0.81,0.01,0.04,78500.1,1777249644000
1777249645.834,145.834,0.21,0.22,0.78,0.79,0.01,0.01,78500.1,1777249644000
1777249646.195,146.195,0.21,0.22,0.78,0.79,0.01,0.01,78507.13,1777249645000
1777249646.662,146.662,0.21,0.22,0.78,0.79,0.01,0.01,78507.13,1777249645000
1777249647.039,147.039,0.21,0.22,0.78,0.79,0.01,0.01,78507.79,1777249646000
1777249647.638,147.638,0.22,0.23,0.78,0.79,0.01,0.01,78507.79,1777249646000
1777249647.977,147.977,0.22,0.26,0.77,0.78,0.04,0.01,78507.79,1777249647000
1777249648.316,148.316,0.26,0.27,0.73,0.74,0.01,0.01,78507.79,1777249647000
1777249648.798,148.798,0.26,0.27,0.73,0.74,0.01,0.01,78507.79,1777249648000
1777249649.545,149.545,0.26,0.28,0.73,0.74,0.02,0.01,78507.79,1777249648000
1777249650.077,150.077,0.27,0.28,0.72,0.74,0.01,0.02,78507.79,1777249648000
1777249650.67,150.67,0.27,0.28,0.72,0.73,0.01,0.01,78511.28,1777249649000
1777249651.017,151.017,0.27,0.28,0.72,0.73,0.01,0.01,78511.28,1777249649000
1777249651.446,151.446,0.27,0.28,0.72,0.73,0.01,0.01,78511.16,1777249650000
1777249652.018,152.018,0.27,0.28,0.72,0.73,0.01,0.01,78511.16,1777249650000
1777249652.444,152.444,0.27,0.28,0.72,0.73,0.01,0.01,78512.28,1777249651000
1777249652.8,152.8,0.27,0.28,0.72,0.73,0.01,0.01,78512.28,1777249651000
1777249653.423,153.423,0.27,0.28,0.72,0.73,0.01,0.01,78513.24,1777249652000
1777249653.776,153.776,0.27,0.28,0.72,0.73,0.01,0.01,78513.24,1777249652000
1777249654.115,154.115,0.22,0.23,0.77,0.79,0.01,0.02,78513.24,1777249652000
1777249654.591,154.591,0.21,0.22,0.78,0.79,0.01,0.01,78513.51,1777249653000
1777249654.931,154.931,0.18,0.19,0.78,0.82,0.01,0.04,78513.51,1777249653000
1777249655.881,155.881,0.18,0.19,0.81,0.82,0.01,0.01,78513.51,1777249654000
1777249656.63,156.63,0.18,0.19,0.81,0.82,0.01,0.01,78513.51,1777249654000
1777249657.135,157.135,0.18,0.19,0.81,0.82,0.01,0.01,78506.08,1777249655000
1777249657.991,157.991,0.18,0.19,0.81,0.82,0.01,0.01,78505.05,1777249657000
1777249658.774,158.774,0.18,0.19,0.81,0.82,0.01,0.01,78505.05,1777249657000
1777249659.273,159.273,0.18,0.19,0.81,0.82,0.01,0.01,78505.05,1777249657000
1777249659.701,159.701,0.18,0.19,0.81,0.82,0.01,0.01,78506.38,1777249658000
1777249660.091,160.091,0.18,0.19,0.81,0.84,0.01,0.03,78506.38,1777249658000
1777249660.441,160.441,0.16,0.18,0.81,0.84,0.02,0.03,78506.38,1777249658000
1777249660.844,160.844,0.16,0.17,0.83,0.84,0.01,0.01,78506.28,1777249659000
1777249661.374,161.374,0.16,0.17,0.83,0.84,0.01,0.01,78505.61,1777249660000
1777249662.395,162.395,0.16,0.17,0.83,0.84,0.01,0.01,78503.77,1777249661000
1777249662.919,162.919,0.16,0.17,0.83,0.84,0.01,0.01,78503.77,1777249661000
1777249663.377,163.377,0.15,0.17,0.83,0.84,0.02,0.01,78502.64,1777249662000
1777249663.932,163.932,0.15,0.16,0.84,0.85,0.01,0.01,78502.64,1777249662000
1777249665.198,165.198,0.15,0.16,0.84,0.85,0.01,0.01,78501.24,1777249663000
1777249665.675,165.675,0.15,0.16,0.84,0.85,0.01,0.01,78500.16,1777249664000
1777249666.899,166.899,0.15,0.16,0.84,0.85,0.01,0.01,78500.03,1777249665000
1777249667.286,167.286,0.15,0.16,0.84,0.85,0.01,0.01,78502.76,1777249666000
1777249667.649,167.649,0.17,0.18,0.83,0.85,0.01,0.02,78502.76,1777249666000
1777249668.054,168.054,0.17,0.18,0.82,0.83,0.01,0.01,78502.76,1777249666000
1777249668.969,168.969,0.17,0.2,0.82,0.83,0.03,0.01,78502.7,1777249667000
1777249669.334,169.334,0.18,0.19,0.81,0.82,0.01,0.01,78503.18,1777249668000
1777249669.914,169.914,0.18,0.19,0.81,0.82,0.01,0.01,78503.18,1777249668000
1777249670.619,170.619,0.18,0.19,0.81,0.82,0.01,0.01,78503.18,1777249668000
1777249671.333,171.333,0.18,0.19,0.81,0.82,0.01,0.01,78504.37,1777249670000
1777249672.248,172.248,0.18,0.19,0.81,0.82,0.01,0.01,78501.75,1777249671000
1777249672.587,172.587,0.12,0.15,0.85,0.88,0.03,0.03,78501.75,1777249671000
1777249673.44,173.44,0.11,0.13,0.87,0.89,0.02,0.02,78501.68,1777249672000
1777249673.79,173.79,0.11,0.12,0.88,0.89,0.01,0.01,78501.68,1777249672000
1777249674.19,174.19,0.11,0.12,0.88,0.9,0.01,0.02,78497.27,1777249673000
1777249674.529,174.529,0.09,0.11,0.89,0.91,0.02,0.02,78497.27,1777249673000
1777249674.979,174.979,0.08,0.11,0.89,0.91,0.03,0.02,78497.27,1777249673000
1777249675.364,175.364,0.09,0.1,0.89,0.9,0.01,0.01,78488.59,1777249674000
1777249675.711,175.711,0.07,0.08,0.92,0.93,0.01,0.01,78488.59,1777249674000
1777249676.145,176.145,0.07,0.08,0.92,0.93,0.01,0.01,78485.68,1777249675000
1777249676.565,176.565,0.07,0.08,0.92,0.93,0.01,0.01,78485.68,1777249675000
1777249676.901,176.901,0.07,0.08,0.92,0.93,0.01,0.01,78485.68,1777249675000
1777249677.249,177.249,0.07,0.08,0.92,0.93,0.01,0.01,78485.68,1777249675000
1777249677.63,177.63,0.06,0.07,0.92,0.94,0.01,0.02,78477.52,1777249676000
1777249677.982,177.982,0.06,0.07,0.93,0.94,0.01,0.01,78476.18,1777249677000
1777249678.853,178.853,0.06,0.07,0.93,0.94,0.01,0.01,78476.18,1777249677000
1777249679.287,179.287,0.06,0.07,0.93,0.94,0.01,0.01,78471.69,1777249678000
1777249679.676,179.676,0.06,0.07,0.93,0.94,0.01,0.01,78471.69,1777249678000
1777249680.287,180.287,0.06,0.07,0.93,0.94,0.01,0.01,78471.52,1777249679000
1777249680.73,180.73,0.06,0.07,0.93,0.94,0.01,0.01,78471.52,1777249679000
1777249681.094,181.094,0.06,0.07,0.93,0.94,0.01,0.01,78472.35,1777249680000
1777249681.433,181.433,0.05,0.07,0.93,0.94,0.02,0.01,78472.35,1777249680000
1777249681.834,181.834,0.05,0.06,0.94,0.95,0.01,0.01,78472.35,1777249680000
1777249682.216,182.216,0.04,0.05,0.95,0.96,0.01,0.01,78472.12,1777249681000
1777249682.595,182.595,0.04,0.05,0.95,0.96,0.01,0.01,78472.12,1777249681000
1777249682.959,182.959,0.04,0.05,0.95,0.96,0.01,0.01,78472.12,1777249681000
1777249683.355,183.355,0.04,0.05,0.95,0.96,0.01,0.01,78472.12,1777249681000
1777249683.843,183.843,0.04,0.05,0.95,0.96,0.01,0.01,78468.77,1777249682000
1777249684.282,184.282,0.03,0.04,0.96,0.97,0.01,0.01,78468.77,1777249682000
1777249684.718,184.718,0.03,0.04,0.96,0.97,0.01,0.01,78467.84,1777249683000
1777249685.099,185.099,0.03,0.04,0.96,0.97,0.01,0.01,78467.84,1777249683000
1777249685.637,185.637,0.03,0.04,0.96,0.97,0.01,0.01,78466.17,1777249684000
1777249686.025,186.025,0.03,0.04,0.96,0.97,0.01,0.01,78466.17,1777249684000
1777249686.417,186.417,0.03,0.04,0.96,0.97,0.01,0.01,78466.17,1777249684000
1777249686.885,186.885,0.03,0.04,0.96,0.97,0.01,0.01,78466.02,1777249685000
1777249687.37,187.37,0.03,0.04,0.96,0.97,0.01,0.01,78466.08,1777249686000
1777249687.711,187.711,0.03,0.04,0.96,0.97,0.01,0.01,78466.08,1777249686000
1777249688.137,188.137,0.02,0.03,0.97,0.98,0.01,0.01,78466.08,1777249686000
1777249688.719,188.719,0.04,0.05,0.95,0.96,0.01,0.01,78465.8,1777249687000
1777249689.161,189.161,0.04,0.05,0.95,0.96,0.01,0.01,78465.8,1777249687000
1777249689.495,189.495,0.04,0.05,0.95,0.96,0.01,0.01,78465.8,1777249687000
1777249689.836,189.836,0.04,0.05,0.95,0.96,0.01,0.01,78461.56,1777249688000
1777249690.615,190.615,0.04,0.05,0.95,0.96,0.01,0.01,78458.61,1777249689000
1777249691.213,191.213,0.04,0.05,0.95,0.96,0.01,0.01,78465.24,1777249690000
1777249691.714,191.714,0.04,0.05,0.95,0.96,0.01,0.01,78465.24,1777249690000
1777249692.117,192.117,0.05,0.06,0.94,0.95,0.01,0.01,78465.24,1777249690000
1777249692.482,192.482,0.05,0.06,0.94,0.95,0.01,0.01,78466.83,1777249691000
1777249692.888,192.888,0.1,0.11,0.89,0.9,0.01,0.01,78466.83,1777249691000
1777249693.239,193.239,0.11,0.12,0.88,0.89,0.01,0.01,78468.67,1777249692000
1777249693.577,193.577,0.11,0.12,0.88,0.89,0.01,0.01,78468.67,1777249692000
1777249694.103,194.103,0.11,0.12,0.88,0.89,0.01,0.01,78468.67,1777249692000
1777249694.59,194.59,0.12,0.13,0.87,0.89,0.01,0.02,78473.75,1777249693000
1777249694.993,194.993,0.12,0.13,0.87,0.88,0.01,0.01,78473.75,1777249693000
1777249695.481,195.481,0.12,0.13,0.87,0.88,0.01,0.01,78487.24,1777249694000
1777249695.944,195.944,0.13,0.14,0.86,0.87,0.01,0.01,78487.24,1777249694000
1777249696.28,196.28,0.12,0.13,0.87,0.88,0.01,0.01,78487.24,1777249694000
1777249696.882,196.882,0.11,0.12,0.87,0.89,0.01,0.02,78490.22,1777249695000
1777249697.29,197.29,0.11,0.12,0.88,0.89,0.01,0.01,78493.26,1777249696000
1777249697.636,197.636,0.11,0.12,0.88,0.89,0.01,0.01,78493.26,1777249696000
1777249697.989,197.989,0.1,0.11,0.89,0.9,0.01,0.01,78493.26,1777249696000
1777249698.332,198.332,0.12,0.13,0.87,0.88,0.01,0.01,78497.48,1777249697000
1777249698.716,198.716,0.12,0.13,0.87,0.88,0.01,0.01,78497.48,1777249697000
1777249699.052,199.052,0.12,0.13,0.87,0.88,0.01,0.01,78498.23,1777249698000
1777249699.444,199.444,0.12,0.13,0.87,0.88,0.01,0.01,78498.23,1777249698000
1777249699.988,199.988,0.13,0.18,0.87,0.88,0.05,0.01,78498.23,1777249698000
1777249700.35,200.35,0.14,0.15,0.85,0.86,0.01,0.01,78498.12,1777249699000
1777249700.683,200.683,0.14,0.15,0.85,0.86,0.01,0.01,78498.12,1777249699000
1777249701.147,201.147,0.14,0.15,0.85,0.86,0.01,0.01,78498.12,1777249699000
1777249701.632,201.632,0.14,0.15,0.85,0.86,0.01,0.01,78498.12,1777249699000
1777249701.985,201.985,0.14,0.15,0.85,0.86,0.01,0.01,78500.02,1777249700000
1777249702.322,202.322,0.14,0.15,0.85,0.86,0.01,0.01,78501.98,1777249701000
1777249702.98,202.98,0.14,0.15,0.85,0.86,0.01,0.01,78501.98,1777249701000
1777249703.392,203.392,0.14,0.15,0.85,0.86,0.01,0.01,78504.98,1777249702000
1777249703.751,203.751,0.11,0.12,0.88,0.89,0.01,0.01,78504.98,1777249702000
1777249704.091,204.091,0.11,0.12,0.88,0.89,0.01,0.01,78505.54,1777249703000
1777249704.465,204.465,0.09,0.11,0.88,0.89,0.02,0.01,78505.54,1777249703000
1777249704.889,204.889,0.08,0.09,0.91,0.92,0.01,0.01,78505.54,1777249703000
1777249705.434,205.434,0.07,0.08,0.91,0.92,0.01,0.01,78507.42,1777249704000
1777249706.031,206.031,0.06,0.07,0.92,0.94,0.01,0.02,78507.42,1777249704000
1777249707.218,207.218,0.06,0.07,0.93,0.94,0.01,0.01,78498.95,1777249705000
1777249707.761,207.761,0.06,0.07,0.93,0.94,0.01,0.01,78487.56,1777249706000
1777249708.391,208.391,0.06,0.07,0.93,0.94,0.01,0.01,78487.56,1777249706000
1777249708.967,208.967,0.06,0.07,0.93,0.94,0.01,0.01,78486.24,1777249708000
1777249709.964,209.964,0.06,0.07,0.93,0.94,0.01,0.01,78486.24,1777249708000
1777249710.299,210.299,0.06,0.07,0.93,0.94,0.01,0.01,78484.05,1777249709000
1777249710.632,210.632,0.06,0.07,0.93,0.94,0.01,0.01,78484.05,1777249709000
1777249711.079,211.079,0.06,0.07,0.93,0.94,0.01,0.01,78483.9,1777249710000
1777249711.464,211.464,0.05,0.06,0.94,0.95,0.01,0.01,78483.9,1777249710000
1777249711.83,211.83,0.05,0.06,0.94,0.95,0.01,0.01,78483.9,1777249710000
1777249712.376,212.376,0.05,0.06,0.94,0.95,0.01,0.01,78483.42,1777249711000
1777249712.778,212.778,0.05,0.06,0.94,0.95,0.01,0.01,78483.42,1777249711000
1777249713.234,213.234,0.05,0.06,0.94,0.95,0.01,0.01,78484.04,1777249712000
1777249713.629,213.629,0.05,0.06,0.94,0.95,0.01,0.01,78484.04,1777249712000
1777249714.268,214.268,0.05,0.06,0.94,0.95,0.01,0.01,78484.05,1777249713000
1777249714.64,214.64,0.04,0.05,0.95,0.96,0.01,0.01,78484.05,1777249713000
1777249715.202,215.202,0.04,0.05,0.95,0.96,0.01,0.01,78484.05,1777249713000
1777249715.713,215.713,0.04,0.05,0.95,0.96,0.01,0.01,78484.05,1777249713000
1777249716.208,216.208,0.04,0.05,0.95,0.96,0.01,0.01,78483.72,1777249714000
1777249716.562,216.562,0.04,0.05,0.95,0.96,0.01,0.01,78483.97,1777249715000
1777249716.945,216.945,0.04,0.05,0.95,0.96,0.01,0.01,78483.97,1777249715000
1777249717.4,217.4,0.04,0.05,0.95,0.96,0.01,0.01,78483.97,1777249716000
1777249717.813,217.813,0.04,0.05,0.95,0.96,0.01,0.01,78483.97,1777249716000
1777249718.166,218.166,0.07,0.08,0.92,0.93,0.01,0.01,78484.01,1777249717000
1777249718.653,218.653,0.07,0.08,0.92,0.93,0.01,0.01,78484.01,1777249717000
1777249719.385,219.385,0.08,0.09,0.91,0.92,0.01,0.01,78484.01,1777249717000
1777249719.952,219.952,0.08,0.09,0.91,0.92,0.01,0.01,78488.82,1777249718000
1777249720.379,220.379,0.08,0.09,0.91,0.92,0.01,0.01,78488.82,1777249718000
1777249720.894,220.894,0.08,0.09,0.91,0.92,0.01,0.01,78490.95,1777249719000
1777249721.651,221.651,0.08,0.09,0.91,0.92,0.01,0.01,78491.56,1777249720000
1777249722.146,222.146,0.08,0.09,0.91,0.92,0.01,0.01,78491.56,1777249720000
1777249722.716,222.716,0.08,0.1,0.9,0.92,0.02,0.02,78492.94,1777249721000
1777249723.31,223.31,0.08,0.09,0.91,0.92,0.01,0.01,78492.94,1777249721000
1777249723.911,223.911,0.08,0.09,0.91,0.92,0.01,0.01,78492.35,1777249723000
1777249724.36,224.36,0.08,0.09,0.91,0.92,0.01,0.01,78492.35,1777249723000
1777249724.832,224.832,0.08,0.09,0.91,0.92,0.01,0.01,78492.35,1777249723000
1777249725.218,225.218,0.08,0.09,0.91,0.92,0.01,0.01,78495.6,1777249724000
1777249725.649,225.649,0.08,0.09,0.91,0.92,0.01,0.01,78495.6,1777249724000
1777249726.028,226.028,0.07,0.08,0.91,0.92,0.01,0.01,78495.6,1777249724000
1777249726.584,226.584,0.07,0.08,0.92,0.93,0.01,0.01,78496.63,1777249725000
1777249727.128,227.128,0.07,0.08,0.92,0.93,0.01,0.01,78496.63,1777249725000
1777249727.5,227.5,0.07,0.08,0.92,0.93,0.01,0.01,78496.84,1777249726000
1777249727.952,227.952,0.07,0.08,0.92,0.93,0.01,0.01,78497.07,1777249727000
1777249728.389,228.389,0.07,0.08,0.92,0.93,0.01,0.01,78497.07,1777249727000
1777249729.022,229.022,0.07,0.08,0.92,0.93,0.01,0.01,78497.72,1777249728000
1777249729.762,229.762,0.08,0.09,0.91,0.93,0.01,0.02,78497.72,1777249728000
1777249730.324,230.324,0.08,0.09,0.91,0.92,0.01,0.01,78497.72,1777249728000
1777249730.783,230.783,0.08,0.09,0.91,0.92,0.01,0.01,78500.73,1777249729000
1777249731.716,231.716,0.08,0.09,0.91,0.92,0.01,0.01,78502.01,1777249730000
1777249732.231,232.231,0.09,0.1,0.9,0.92,0.01,0.02,78502.01,1777249730000
1777249733.021,233.021,0.09,0.1,0.9,0.91,0.01,0.01,78502.27,1777249731000
1777249733.623,233.623,0.09,0.1,0.9,0.91,0.01,0.01,78503.4,1777249732000
1777249733.993,233.993,0.09,0.1,0.9,0.91,0.01,0.01,78503.4,1777249732000
1777249734.418,234.418,0.09,0.1,0.9,0.91,0.01,0.01,78505.41,1777249733000
1777249735.031,235.031,0.09,0.1,0.9,0.91,0.01,0.01,78506.45,1777249734000
1777249736.029,236.029,0.09,0.1,0.9,0.91,0.01,0.01,78506.45,1777249734000
1777249736.534,236.534,0.09,0.1,0.9,0.91,0.01,0.01,78506.8,1777249735000
1777249737.176,237.176,0.09,0.1,0.9,0.91,0.01,0.01,78506.9,1777249736000
1777249738.016,238.016,0.09,0.1,0.9,0.91,0.01,0.01,78506.9,1777249736000
1777249738.526,238.526,0.09,0.1,0.9,0.91,0.01,0.01,78506.9,1777249736000
1777249738.88,238.88,0.09,0.1,0.9,0.91,0.01,0.01,78507.01,1777249737000
1777249739.387,239.387,0.09,0.1,0.9,0.91,0.01,0.01,78507.25,1777249738000
1777249740.386,240.386,0.09,0.1,0.9,0.91,0.01,0.01,78507.25,1777249738000
1777249740.769,240.769,0.09,0.1,0.9,0.91,0.01,0.01,78507.25,1777249738000
1777249741.134,241.134,0.08,0.09,0.91,0.92,0.01,0.01,78507.19,1777249739000
1777249741.542,241.542,0.08,0.09,0.91,0.92,0.01,0.01,78507.13,1777249740000
1777249741.931,241.931,0.07,0.08,0.92,0.93,0.01,0.01,78507.13,1777249740000
1777249742.264,242.264,0.07,0.08,0.92,0.93,0.01,0.01,78507.15,1777249741000
1777249742.689,242.689,0.09,0.1,0.9,0.91,0.01,0.01,78507.15,1777249741000
1777249743.054,243.054,0.07,0.09,0.9,0.91,0.02,0.01,78507.15,1777249741000
1777249743.457,243.457,0.07,0.08,0.92,0.93,0.01,0.01,78507.1,1777249742000
1777249743.797,243.797,0.06,0.07,0.92,0.94,0.01,0.02,78507.1,1777249742000
1777249744.169,244.169,0.06,0.07,0.93,0.94,0.01,0.01,78507.09,1777249743000
1777249744.909,244.909,0.06,0.07,0.93,0.94,0.01,0.01,78507.09,1777249743000
1777249745.319,245.319,0.06,0.07,0.93,0.94,0.01,0.01,78507.09,1777249743000
1777249745.666,245.666,0.06,0.07,0.93,0.94,0.01,0.01,78507.12,1777249744000
1777249746.203,246.203,0.06,0.07,0.93,0.94,0.01,0.01,78507.11,1777249745000
1777249746.645,246.645,0.06,0.07,0.93,0.94,0.01,0.01,78507.11,1777249745000
1777249747.159,247.159,0.06,0.13,0.93,0.94,0.07,0.01,78507.11,1777249745000
1777249747.499,247.499,0.09,0.1,0.87,0.94,0.01,0.07,78507.11,1777249745000
1777249747.873,247.873,0.09,0.1,0.9,0.91,0.01,0.01,78506.96,1777249746000
1777249748.505,248.505,0.09,0.1,0.9,0.91,0.01,0.01,78509.5,1777249747000
1777249748.929,248.929,0.13,0.14,0.86,0.88,0.01,0.02,78509.5,1777249747000
1777249749.285,249.285,0.13,0.14,0.86,0.87,0.01,0.01,78509.69,1777249748000
1777249749.737,249.737,0.12,0.13,0.87,0.88,0.01,0.01,78509.69,1777249748000
1777249750.346,250.346,0.12,0.13,0.87,0.88,0.01,0.01,78509.68,1777249749000
1777249750.775,250.775,0.12,0.13,0.87,0.88,0.01,0.01,78509.68,1777249749000
1777249751.123,251.123,0.12,0.14,0.86,0.88,0.02,0.02,78514.94,1777249750000
1777249751.474,251.474,0.15,0.16,0.84,0.85,0.01,0.01,78514.94,1777249750000
1777249751.814,251.814,0.17,0.18,0.81,0.83,0.01,0.02,78514.94,1777249750000
1777249752.162,252.162,0.18,0.19,0.81,0.82,0.01,0.01,78514.94,1777249750000
1777249752.521,252.521,0.17,0.18,0.82,0.83,0.01,0.01,78514.94,1777249750000
1777249752.866,252.866,0.16,0.18,0.82,0.83,0.02,0.01,78517.72,1777249751000
1777249753.235,253.235,0.16,0.17,0.83,0.84,0.01,0.01,78517.72,1777249751000
1777249753.658,253.658,0.16,0.17,0.83,0.84,0.01,0.01,78523.74,1777249752000
1777249754.018,254.018,0.13,0.17,0.83,0.84,0.04,0.01,78523.74,1777249752000
1777249754.409,254.409,0.1,0.11,0.89,0.9,0.01,0.01,78527.68,1777249753000
1777249754.758,254.758,0.1,0.11,0.89,0.9,0.01,0.01,78527.68,1777249753000
1777249755.132,255.132,0.1,0.11,0.89,0.9,0.01,0.01,78527.68,1777249753000
1777249755.587,255.587,0.1,0.11,0.89,0.9,0.01,0.01,78529.13,1777249754000
1777249755.972,255.972,0.14,0.15,0.85,0.86,0.01,0.01,78529.13,1777249754000
1777249756.471,256.471,0.14,0.15,0.85,0.86,0.01,0.01,78527.47,1777249755000
1777249756.893,256.893,0.13,0.14,0.86,0.87,0.01,0.01,78527.47,1777249755000
1777249757.229,257.229,0.1,0.13,0.86,0.87,0.03,0.01,78526.93,1777249756000
1777249757.663,257.663,0.06,0.07,0.93,0.94,0.01,0.01,78526.93,1777249756000
1777249758.057,258.057,0.06,0.07,0.93,0.94,0.01,0.01,78526.93,1777249756000
1777249758.425,258.425,0.05,0.06,0.94,0.95,0.01,0.01,78526.93,1777249756000
1777249758.877,258.877,0.05,0.06,0.94,0.95,0.01,0.01,78528.48,1777249757000
1777249759.248,259.248,0.05,0.06,0.94,0.95,0.01,0.01,78527.75,1777249758000
1777249759.65,259.65,0.05,0.06,0.94,0.95,0.01,0.01,78527.75,1777249758000
1777249760.028,260.028,0.05,0.06,0.94,0.95,0.01,0.01,78527.75,1777249758000
1777249760.471,260.471,0.05,0.06,0.94,0.95,0.01,0.01,78516.78,1777249759000
1777249760.806,260.806,0.05,0.06,0.94,0.95,0.01,0.01,78516.78,1777249759000
1777249761.155,261.155,0.05,0.06,0.94,0.95,0.01,0.01,78515.5,1777249760000
1777249761.764,261.764,0.04,0.05,0.95,0.96,0.01,0.01,78515.5,1777249760000
1777249762.6,262.6,0.04,0.05,0.95,0.96,0.01,0.01,78515.5,1777249760000
1777249763.024,263.024,0.04,0.05,0.95,0.96,0.01,0.01,78514.86,1777249761000
1777249763.38,263.38,0.04,0.05,0.95,0.96,0.01,0.01,78514.84,1777249762000
1777249764.093,264.093,0.03,0.04,0.96,0.97,0.01,0.01,78514.84,1777249762000
1777249764.438,264.438,0.03,0.04,0.96,0.97,0.01,0.01,78513.0,1777249763000
1777249764.782,264.782,0.03,0.04,0.96,0.97,0.01,0.01,78513.0,1777249763000
1777249765.223,265.223,0.03,0.04,0.96,0.97,0.01,0.01,78513.0,1777249763000
1777249765.568,265.568,0.03,0.04,0.96,0.97,0.01,0.01,78511.65,1777249764000
1777249765.905,265.905,0.02,0.03,0.96,0.97,0.01,0.01,78511.65,1777249764000
1777249766.251,266.251,0.02,0.03,0.97,0.98,0.01,0.01,78511.65,1777249764000
1777249766.594,266.594,0.02,0.03,0.97,0.98,0.01,0.01,78511.91,1777249765000
1777249766.938,266.938,0.02,0.03,0.97,0.98,0.01,0.01,78511.91,1777249765000
1777249767.276,267.276,0.02,0.03,0.97,0.98,0.01,0.01,78511.91,1777249766000
1777249767.722,267.722,0.02,0.03,0.97,0.98,0.01,0.01,78511.91,1777249766000
1777249768.129,268.129,0.02,0.03,0.97,0.98,0.01,0.01,78511.3,1777249767000
1777249768.484,268.484,0.02,0.03,0.97,0.98,0.01,0.01,78511.3,1777249767000
1777249769.189,269.189,0.02,0.03,0.97,0.98,0.01,0.01,78510.69,1777249768000
1777249769.8,269.8,0.02,0.03,0.97,0.98,0.01,0.01,78510.69,1777249768000
1777249770.294,270.294,0.02,0.03,0.97,0.98,0.01,0.01,78510.13,1777249769000
1777249770.673,270.673,0.02,0.03,0.97,0.98,0.01,0.01,78510.13,1777249769000
1777249771.139,271.139,0.02,0.03,0.97,0.98,0.01,0.01,78510.13,1777249769000
1777249771.472,271.472,0.03,0.04,0.96,0.97,0.01,0.01,78510.07,1777249770000
1777249771.899,271.899,0.02,0.03,0.96,0.97,0.01,0.01,78510.07,1777249770000
1777249772.486,272.486,0.02,0.03,0.97,0.98,0.01,0.01,78509.75,1777249771000
1777249772.828,272.828,0.02,0.03,0.97,0.98,0.01,0.01,78509.75,1777249771000
1777249773.306,273.306,0.02,0.03,0.97,0.98,0.01,0.01,78509.75,1777249772000
1777249773.959,273.959,0.02,0.03,0.97,0.98,0.01,0.01,78509.75,1777249772000
1777249774.335,274.335,0.03,0.04,0.96,0.97,0.01,0.01,78508.57,1777249773000
1777249774.747,274.747,0.03,0.04,0.96,0.97,0.01,0.01,78508.57,1777249773000
1777249775.194,275.194,0.03,0.04,0.96,0.97,0.01,0.01,78508.57,1777249774000
1777249775.617,275.617,0.03,0.04,0.96,0.97,0.01,0.01,78508.57,1777249774000
1777249776.077,276.077,0.03,0.04,0.96,0.97,0.01,0.01,78508.57,1777249774000
1777249776.602,276.602,0.03,0.04,0.96,0.97,0.01,0.01,78508.27,1777249775000
1777249777.083,277.083,0.03,0.04,0.96,0.97,0.01,0.01,78508.27,1777249775000
1777249777.42,277.42,0.03,0.05,0.96,0.97,0.02,0.01,78508.27,1777249776000
1777249777.797,277.797,0.03,0.05,0.95,0.97,0.02,0.02,78508.27,1777249776000
1777249778.312,278.312,0.03,0.04,0.95,0.97,0.01,0.02,78508.27,1777249776000
1777249778.66,278.66,0.03,0.04,0.95,0.97,0.01,0.02,78508.71,1777249777000
1777249779.106,279.106,0.03,0.04,0.96,0.97,0.01,0.01,78508.71,1777249777000
1777249779.449,279.449,0.03,0.05,0.96,0.97,0.02,0.01,78508.71,1777249777000
1777249779.805,279.805,0.03,0.05,0.95,0.96,0.02,0.01,78508.61,1777249778000
1777249780.171,280.171,0.03,0.04,0.96,0.97,0.01,0.01,78508.61,1777249778000
1777249780.538,280.538,0.03,0.05,0.95,0.97,0.02,0.02,78508.53,1777249779000
1777249780.872,280.872,0.03,0.04,0.96,0.97,0.01,0.01,78508.53,1777249779000
1777249781.228,281.228,0.03,0.04,0.96,0.97,0.01,0.01,78508.53,1777249780000
1777249781.589,281.589,0.03,0.04,0.96,0.97,0.01,0.01,78508.53,1777249780000
1777249781.939,281.939,0.03,0.04,0.96,0.97,0.01,0.01,78508.53,1777249780000
1777249782.285,282.285,0.03,0.04,0.96,0.97,0.01,0.01,78508.53,1777249780000
1777249782.768,282.768,0.03,0.04,0.96,0.97,0.01,0.01,78507.66,1777249781000
1777249783.121,283.121,0.03,0.04,0.96,0.97,0.01,0.01,78505.1,1777249782000
1777249783.486,283.486,0.03,0.04,0.96,0.97,0.01,0.01,78505.1,1777249782000
1777249783.972,283.972,0.02,0.04,0.96,0.97,0.02,0.01,78505.1,1777249782000
1777249784.309,284.309,0.01,0.02,0.97,0.99,0.01,0.02,78501.19,1777249783000
1777249784.744,284.744,0.01,0.02,0.98,0.99,0.01,0.01,78501.19,1777249783000
1777249785.215,285.215,0.01,0.02,0.98,0.99,0.01,0.01,78501.19,1777249783000
1777249785.617,285.617,0.02,0.03,0.97,0.98,0.01,0.01,78500.39,1777249784000
1777249785.952,285.952,0.02,0.03,0.97,0.98,0.01,0.01,78499.85,1777249785000
1777249786.312,286.312,0.02,0.03,0.97,0.98,0.01,0.01,78499.85,1777249785000
1777249786.645,286.645,0.02,0.03,0.97,0.98,0.01,0.01,78499.85,1777249785000
1777249787.062,287.062,0.02,0.03,0.97,0.98,0.01,0.01,78499.85,1777249785000
1777249787.561,287.561,0.05,0.06,0.95,0.98,0.01,0.03,78497.64,1777249786000
1777249787.895,287.895,0.03,0.04,0.95,0.97,0.01,0.02,78497.64,1777249786000
1777249788.296,288.296,0.02,0.03,0.97,0.98,0.01,0.01,78496.19,1777249787000
1777249788.688,288.688,0.02,0.03,0.97,0.98,0.01,0.01,78496.19,1777249787000
1777249789.122,289.122,0.06,0.07,0.97,0.98,0.01,0.01,78496.19,1777249787000
1777249789.505,289.505,0.06,0.07,0.93,0.94,0.01,0.01,78496.8,1777249788000
1777249789.948,289.948,0.03,0.04,0.96,0.98,0.01,0.02,78496.8,1777249788000
1777249790.332,290.332,0.01,0.02,0.98,0.99,0.01,0.01,78496.8,1777249788000
1777249790.723,290.723,0.01,0.01,0.98,0.99,0.0,0.01,78498.8,1777249789000
1777249791.063,291.063,0.01,0.01,0.99,0.99,0.0,0.0,78499.55,1777249790000
1777249791.426,291.426,0.01,0.01,0.99,0.99,0.0,0.0,78499.55,1777249790000
1777249792.063,292.063,0.01,0.01,0.99,0.99,0.0,0.0,78499.55,1777249790000
1777249792.462,292.462,0.01,0.01,0.99,0.99,0.0,0.0,78499.55,1777249791000
1777249792.802,292.802,0.01,0.01,0.99,0.99,0.0,0.0,78499.55,1777249791000
1777249793.261,293.261,0.01,0.01,0.99,0.99,0.0,0.0,78499.52,1777249792000
1777249794.425,294.425,0.01,0.01,0.99,0.99,0.0,0.0,78499.57,1777249793000
1777249794.987,294.987,0.01,0.01,0.99,0.99,0.0,0.0,78499.57,1777249793000
1777249795.333,295.333,0.01,0.01,0.99,0.99,0.0,0.0,78499.59,1777249794000
1777249796.381,296.381,0.01,0.01,0.99,0.99,0.0,0.0,78499.44,1777249795000
1777249796.866,296.866,0.01,0.01,0.99,0.99,0.0,0.0,78499.49,1777249796000
1777249797.911,297.911,0.01,0.01,0.99,0.99,0.0,0.0,78499.47,1777249797000
1777249798.372,298.372,0.01,0.01,0.99,0.99,0.0,0.0,78499.47,1777249797000
1777249798.743,298.743,0.01,0.01,0.99,0.99,0.0,0.0,78499.47,1777249797000
1777249799.355,299.355,0.01,0.01,0.99,0.99,0.0,0.0,78499.48,1777249798000
1777249799.965,299.965,0.01,0.01,0.99,0.99,0.0,0.0,78499.48,1777249798000
1777249800.358,300.358,0.01,0.01,0.99,0.99,0.0,0.0,78499.48,1777249799000
1777249800.76,300.76,0.01,0.01,0.99,0.99,0.0,0.0,78499.48,1777249799000

# RESULT,winner=Down,slug=btc-updown-5m-1777249500,ticks=639
