timestamp,elapsed_sec,up_bid,up_ask,down_bid,down_ask,up_spread,down_spread,btc_price,btc_oracle_ts
1776963300.565,0.565,0.55,0.56,0.44,0.45,0.01,0.01,78129.48,1776963298000
1776963300.929,0.929,0.58,0.59,0.41,0.42,0.01,0.01,78128.92,1776963299000
1776963301.289,1.289,0.53,0.54,0.46,0.47,0.01,0.01,78128.92,1776963299000
1776963301.631,1.631,0.53,0.54,0.46,0.47,0.01,0.01,78128.92,1776963299000
1776963302.08,2.08,0.53,0.54,0.46,0.47,0.01,0.01,78128.92,1776963299000
1776963302.431,2.431,0.53,0.54,0.46,0.47,0.01,0.01,78128.92,1776963299000
1776963303.091,3.091,0.53,0.54,0.46,0.47,0.01,0.01,78128.92,1776963299000
1776963304.608,4.608,0.53,0.54,0.46,0.47,0.01,0.01,78128.92,1776963299000
1776963304.984,4.984,0.53,0.54,0.46,0.47,0.01,0.01,78128.92,1776963299000
1776963305.532,5.532,0.53,0.54,0.46,0.47,0.01,0.01,78128.92,1776963299000
1776963306.192,6.192,0.53,0.54,0.46,0.48,0.01,0.02,78128.92,1776963299000
1776963306.563,6.563,0.53,0.54,0.46,0.47,0.01,0.01,78128.92,1776963299000
1776963306.973,6.973,0.53,0.54,0.46,0.47,0.01,0.01,78128.92,1776963299000
1776963307.358,7.358,0.53,0.54,0.46,0.47,0.01,0.01,78128.92,1776963299000
1776963307.985,7.985,0.54,0.55,0.45,0.46,0.01,0.01,78128.92,1776963299000
1776963308.319,8.319,0.54,0.55,0.45,0.46,0.01,0.01,78128.92,1776963299000
1776963308.674,8.674,0.56,0.59,0.41,0.46,0.03,0.05,78128.92,1776963299000
1776963309.013,9.013,0.59,0.62,0.38,0.41,0.03,0.03,78148.21,1776963308000
1776963309.358,9.358,0.59,0.61,0.39,0.41,0.02,0.02,78148.21,1776963308000
1776963309.729,9.729,0.61,0.63,0.33,0.41,0.02,0.08,78148.21,1776963308000
1776963310.274,10.274,0.66,0.67,0.33,0.34,0.01,0.01,78155.73,1776963309000
1776963310.615,10.615,0.66,0.67,0.33,0.34,0.01,0.01,78155.73,1776963309000
1776963310.963,10.963,0.66,0.67,0.33,0.34,0.01,0.01,78155.73,1776963309000
1776963311.687,11.687,0.66,0.67,0.33,0.34,0.01,0.01,78159.48,1776963310000
1776963312.456,12.456,0.66,0.67,0.33,0.34,0.01,0.01,78159.48,1776963310000
1776963312.846,12.846,0.66,0.67,0.33,0.34,0.01,0.01,78163.1,1776963311000
1776963313.286,13.286,0.66,0.67,0.33,0.34,0.01,0.01,78162.02,1776963312000
1776963313.983,13.983,0.66,0.67,0.33,0.34,0.01,0.01,78162.02,1776963312000
1776963314.316,14.316,0.66,0.67,0.33,0.34,0.01,0.01,78162.02,1776963312000
1776963314.695,14.695,0.66,0.67,0.33,0.34,0.01,0.01,78161.81,1776963313000
1776963315.248,15.248,0.66,0.67,0.33,0.34,0.01,0.01,78163.43,1776963314000
1776963315.605,15.605,0.66,0.67,0.33,0.34,0.01,0.01,78163.43,1776963314000
1776963316.068,16.068,0.66,0.67,0.33,0.34,0.01,0.01,78163.43,1776963314000
1776963316.459,16.459,0.66,0.67,0.33,0.34,0.01,0.01,78164.58,1776963315000
1776963316.801,16.801,0.65,0.66,0.33,0.35,0.01,0.02,78164.58,1776963315000
1776963317.163,17.163,0.65,0.66,0.34,0.35,0.01,0.01,78164.58,1776963315000
1776963317.502,17.502,0.65,0.66,0.34,0.35,0.01,0.01,78164.58,1776963315000
1776963317.883,17.883,0.64,0.65,0.35,0.36,0.01,0.01,78162.69,1776963316000
1776963318.252,18.252,0.63,0.64,0.36,0.37,0.01,0.01,78162.69,1776963316000
1776963318.614,18.614,0.62,0.63,0.37,0.38,0.01,0.01,78162.69,1776963316000
1776963319.029,19.029,0.62,0.63,0.37,0.38,0.01,0.01,78162.69,1776963316000
1776963319.657,19.657,0.62,0.63,0.37,0.38,0.01,0.01,78161.6,1776963317000
1776963320.261,20.261,0.61,0.62,0.37,0.39,0.01,0.02,78161.6,1776963317000
1776963321.483,21.483,0.61,0.62,0.38,0.39,0.01,0.01,78159.48,1776963319000
1776963321.928,21.928,0.61,0.62,0.38,0.39,0.01,0.01,78157.74,1776963320000
1776963322.529,22.529,0.61,0.62,0.38,0.39,0.01,0.01,78157.65,1776963321000
1776963322.929,22.929,0.61,0.62,0.38,0.39,0.01,0.01,78157.65,1776963321000
1776963323.272,23.272,0.61,0.62,0.38,0.39,0.01,0.01,78157.75,1776963322000
1776963323.899,23.899,0.61,0.62,0.38,0.39,0.01,0.01,78157.75,1776963322000
1776963324.273,24.273,0.61,0.62,0.38,0.39,0.01,0.01,78157.75,1776963322000
1776963324.614,24.614,0.61,0.62,0.38,0.39,0.01,0.01,78157.93,1776963323000
1776963324.948,24.948,0.61,0.62,0.38,0.39,0.01,0.01,78157.93,1776963323000
1776963325.332,25.332,0.61,0.63,0.38,0.39,0.02,0.01,78157.93,1776963323000
1776963325.688,25.688,0.61,0.63,0.37,0.39,0.02,0.02,78158.67,1776963324000
1776963326.038,26.038,0.6,0.62,0.38,0.4,0.02,0.02,78158.67,1776963324000
1776963326.429,26.429,0.61,0.62,0.38,0.39,0.01,0.01,78159.65,1776963325000
1776963326.846,26.846,0.61,0.62,0.38,0.39,0.01,0.01,78159.65,1776963325000
1776963327.238,27.238,0.61,0.62,0.38,0.39,0.01,0.01,78159.65,1776963325000
1776963327.584,27.584,0.61,0.62,0.38,0.39,0.01,0.01,78159.65,1776963325000
1776963328.027,28.027,0.61,0.62,0.38,0.39,0.01,0.01,78159.52,1776963326000
1776963328.474,28.474,0.62,0.63,0.37,0.39,0.01,0.02,78159.24,1776963327000
1776963328.835,28.835,0.62,0.63,0.37,0.38,0.01,0.01,78159.24,1776963327000
1776963329.226,29.226,0.62,0.63,0.37,0.38,0.01,0.01,78159.24,1776963327000
1776963329.563,29.563,0.62,0.63,0.37,0.38,0.01,0.01,78159.24,1776963328000
1776963330.135,30.135,0.62,0.63,0.37,0.38,0.01,0.01,78159.24,1776963329000
1776963330.525,30.525,0.62,0.64,0.37,0.38,0.02,0.01,78159.24,1776963329000
1776963331.041,31.041,0.62,0.64,0.36,0.38,0.02,0.02,78159.24,1776963329000
1776963331.592,31.592,0.62,0.64,0.36,0.38,0.02,0.02,78159.5,1776963330000
1776963332.246,32.246,0.62,0.64,0.36,0.38,0.02,0.02,78159.5,1776963331000
1776963333.043,33.043,0.63,0.64,0.36,0.38,0.01,0.02,78159.5,1776963331000
1776963333.464,33.464,0.63,0.64,0.36,0.37,0.01,0.01,78159.5,1776963331000
1776963333.805,33.805,0.63,0.65,0.35,0.37,0.02,0.02,78159.65,1776963332000
1776963334.159,34.159,0.63,0.65,0.35,0.37,0.02,0.02,78159.5,1776963333000
1776963334.493,34.493,0.63,0.65,0.35,0.37,0.02,0.02,78159.5,1776963333000
1776963335.347,35.347,0.64,0.65,0.35,0.36,0.01,0.01,78159.39,1776963334000
1776963335.713,35.713,0.64,0.65,0.35,0.36,0.01,0.01,78159.39,1776963334000
1776963336.511,36.511,0.64,0.66,0.35,0.36,0.02,0.01,78159.39,1776963334000
1776963336.846,36.846,0.66,0.7,0.3,0.34,0.04,0.04,78159.37,1776963335000
1776963337.199,37.199,0.7,0.71,0.29,0.3,0.01,0.01,78159.36,1776963336000
1776963337.579,37.579,0.7,0.71,0.29,0.3,0.01,0.01,78159.36,1776963336000
1776963337.981,37.981,0.7,0.71,0.29,0.3,0.01,0.01,78159.36,1776963336000
1776963338.44,38.44,0.7,0.71,0.29,0.3,0.01,0.01,78159.36,1776963336000
1776963338.785,38.785,0.7,0.71,0.29,0.3,0.01,0.01,78172.8,1776963337000
1776963339.214,39.214,0.7,0.71,0.29,0.3,0.01,0.01,78170.45,1776963338000
1776963339.617,39.617,0.7,0.73,0.29,0.3,0.03,0.01,78170.45,1776963338000
1776963340.128,40.128,0.69,0.73,0.27,0.31,0.04,0.04,78170.39,1776963339000
1776963341.382,41.382,0.69,0.73,0.27,0.31,0.04,0.04,78170.62,1776963340000
1776963342.444,42.444,0.69,0.73,0.27,0.31,0.04,0.04,78180.3,1776963341000
1776963343.107,43.107,0.69,0.73,0.27,0.31,0.04,0.04,78184.5,1776963342000
1776963343.806,43.806,0.72,0.74,0.27,0.31,0.02,0.04,78184.5,1776963342000
1776963344.14,44.14,0.72,0.74,0.26,0.28,0.02,0.02,78176.74,1776963343000
1776963345.199,45.199,0.72,0.74,0.26,0.28,0.02,0.02,78176.74,1776963343000
1776963345.586,45.586,0.62,0.73,0.26,0.28,0.11,0.02,78174.38,1776963344000
1776963345.929,45.929,0.71,0.74,0.26,0.29,0.03,0.03,78174.38,1776963344000
1776963346.298,46.298,0.71,0.74,0.26,0.29,0.03,0.03,78175.75,1776963345000
1776963346.632,46.632,0.69,0.72,0.28,0.31,0.03,0.03,78175.75,1776963345000
1776963346.977,46.977,0.72,0.73,0.27,0.28,0.01,0.01,78175.75,1776963345000
1776963347.342,47.342,0.72,0.73,0.27,0.28,0.01,0.01,78178.49,1776963346000
1776963347.692,47.692,0.72,0.73,0.27,0.28,0.01,0.01,78178.49,1776963346000
1776963348.046,48.046,0.72,0.73,0.27,0.28,0.01,0.01,78178.49,1776963346000
1776963348.425,48.425,0.73,0.74,0.26,0.27,0.01,0.01,78180.49,1776963347000
1776963348.794,48.794,0.74,0.75,0.25,0.26,0.01,0.01,78180.49,1776963347000
1776963349.155,49.155,0.74,0.75,0.25,0.27,0.01,0.02,78180.49,1776963347000
1776963349.559,49.559,0.74,0.75,0.25,0.26,0.01,0.01,78181.62,1776963348000
1776963349.912,49.912,0.74,0.75,0.25,0.26,0.01,0.01,78181.62,1776963348000
1776963350.338,50.338,0.74,0.75,0.25,0.26,0.01,0.01,78181.71,1776963349000
1776963350.686,50.686,0.73,0.74,0.26,0.28,0.01,0.02,78181.71,1776963349000
1776963351.103,51.103,0.71,0.74,0.26,0.29,0.03,0.03,78181.71,1776963349000
1776963351.508,51.508,0.71,0.74,0.26,0.29,0.03,0.03,78181.71,1776963349000
1776963351.9,51.9,0.64,0.74,0.26,0.29,0.1,0.03,78181.71,1776963349000
1776963352.309,52.309,0.71,0.73,0.26,0.36,0.02,0.1,78183.51,1776963351000
1776963352.721,52.721,0.71,0.74,0.26,0.29,0.03,0.03,78183.51,1776963351000
1776963353.18,53.18,0.72,0.73,0.27,0.28,0.01,0.01,78182.57,1776963352000
1776963353.574,53.574,0.71,0.73,0.26,0.28,0.02,0.02,78182.57,1776963352000
1776963354.408,54.408,0.72,0.73,0.27,0.29,0.01,0.02,78182.33,1776963353000
1776963354.76,54.76,0.71,0.72,0.28,0.29,0.01,0.01,78182.33,1776963353000
1776963355.365,55.365,0.71,0.72,0.28,0.29,0.01,0.01,78182.53,1776963354000
1776963355.962,55.962,0.71,0.72,0.28,0.29,0.01,0.01,78183.26,1776963355000
1776963356.307,56.307,0.71,0.72,0.28,0.29,0.01,0.01,78183.26,1776963355000
1776963356.649,56.649,0.63,0.66,0.34,0.37,0.03,0.03,78183.26,1776963355000
1776963356.995,56.995,0.62,0.64,0.36,0.38,0.02,0.02,78183.26,1776963355000
1776963357.348,57.348,0.63,0.64,0.36,0.38,0.01,0.02,78183.26,1776963355000
1776963357.685,57.685,0.63,0.64,0.36,0.37,0.01,0.01,78171.49,1776963356000
1776963358.022,58.022,0.63,0.64,0.36,0.37,0.01,0.01,78171.49,1776963356000
1776963358.4,58.4,0.63,0.64,0.36,0.37,0.01,0.01,78162.39,1776963357000
1776963359.082,59.082,0.63,0.64,0.36,0.37,0.01,0.01,78162.39,1776963357000
1776963359.416,59.416,0.63,0.64,0.36,0.37,0.01,0.01,78162.38,1776963358000
1776963359.823,59.823,0.63,0.64,0.36,0.37,0.01,0.01,78162.38,1776963358000
1776963360.171,60.171,0.63,0.64,0.36,0.37,0.01,0.01,78162.38,1776963358000
1776963360.573,60.573,0.63,0.64,0.36,0.37,0.01,0.01,78160.79,1776963359000
1776963361.118,61.118,0.63,0.64,0.36,0.37,0.01,0.01,78160.33,1776963360000
1776963361.475,61.475,0.63,0.64,0.36,0.37,0.01,0.01,78160.33,1776963360000
1776963362.137,62.137,0.63,0.64,0.36,0.37,0.01,0.01,78159.39,1776963361000
1776963362.528,62.528,0.63,0.64,0.36,0.37,0.01,0.01,78159.39,1776963361000
1776963362.877,62.877,0.63,0.64,0.36,0.37,0.01,0.01,78159.39,1776963361000
1776963363.534,63.534,0.61,0.64,0.36,0.39,0.03,0.03,78158.44,1776963362000
1776963363.915,63.915,0.61,0.64,0.36,0.39,0.03,0.03,78158.44,1776963362000
1776963364.251,64.251,0.61,0.64,0.36,0.39,0.03,0.03,78158.44,1776963362000
1776963364.819,64.819,0.61,0.64,0.36,0.39,0.03,0.03,78158.97,1776963363000
1776963365.156,65.156,0.62,0.64,0.36,0.37,0.02,0.01,78158.97,1776963363000
1776963365.544,65.544,0.62,0.64,0.36,0.38,0.02,0.02,78159.86,1776963364000
1776963365.956,65.956,0.61,0.62,0.38,0.39,0.01,0.01,78159.86,1776963364000
1776963366.291,66.291,0.51,0.53,0.47,0.49,0.02,0.02,78159.86,1776963364000
1776963366.636,66.636,0.51,0.52,0.48,0.49,0.01,0.01,78159.22,1776963365000
1776963366.972,66.972,0.51,0.52,0.48,0.49,0.01,0.01,78159.22,1776963365000
1776963367.309,67.309,0.51,0.52,0.48,0.49,0.01,0.01,78159.22,1776963365000
1776963367.665,67.665,0.51,0.52,0.48,0.49,0.01,0.01,78141.0,1776963366000
1776963368.084,68.084,0.51,0.52,0.48,0.49,0.01,0.01,78137.65,1776963367000
1776963368.436,68.436,0.5,0.51,0.49,0.5,0.01,0.01,78137.65,1776963367000
1776963368.801,68.801,0.5,0.51,0.49,0.5,0.01,0.01,78137.65,1776963367000
1776963369.256,69.256,0.5,0.51,0.49,0.5,0.01,0.01,78134.1,1776963368000
1776963369.739,69.739,0.5,0.51,0.49,0.5,0.01,0.01,78134.1,1776963368000
1776963370.118,70.118,0.5,0.51,0.49,0.5,0.01,0.01,78134.1,1776963368000
1776963370.598,70.598,0.5,0.51,0.49,0.5,0.01,0.01,78130.22,1776963369000
1776963371.132,71.132,0.5,0.51,0.49,0.5,0.01,0.01,78130.22,1776963369000
1776963371.666,71.666,0.5,0.51,0.49,0.5,0.01,0.01,78130.05,1776963370000
1776963372.007,72.007,0.5,0.51,0.49,0.5,0.01,0.01,78130.05,1776963370000
1776963372.345,72.345,0.49,0.5,0.49,0.51,0.01,0.02,78130.05,1776963370000
1776963372.738,72.738,0.42,0.51,0.55,0.58,0.09,0.03,78120.72,1776963371000
1776963373.107,73.107,0.42,0.43,0.57,0.58,0.01,0.01,78120.72,1776963371000
1776963373.446,73.446,0.4,0.41,0.59,0.6,0.01,0.01,78120.72,1776963371000
1776963373.882,73.882,0.42,0.43,0.57,0.58,0.01,0.01,78118.64,1776963372000
1776963374.281,74.281,0.39,0.4,0.6,0.61,0.01,0.01,78118.61,1776963373000
1776963374.637,74.637,0.37,0.4,0.6,0.63,0.03,0.03,78118.61,1776963373000
1776963374.973,74.973,0.35,0.39,0.61,0.65,0.04,0.04,78118.61,1776963373000
1776963375.366,75.366,0.32,0.33,0.64,0.68,0.01,0.04,78111.1,1776963374000
1776963375.7,75.7,0.32,0.37,0.64,0.68,0.05,0.04,78111.1,1776963374000
1776963376.048,76.048,0.32,0.34,0.66,0.68,0.02,0.02,78111.1,1776963374000
1776963376.382,76.382,0.31,0.34,0.66,0.69,0.03,0.03,78111.1,1776963374000
1776963376.725,76.725,0.3,0.34,0.66,0.7,0.04,0.04,78089.76,1776963375000
1776963377.077,77.077,0.32,0.34,0.66,0.67,0.02,0.01,78089.76,1776963375000
1776963377.445,77.445,0.25,0.27,0.73,0.75,0.02,0.02,78083.98,1776963376000
1776963378.441,78.441,0.26,0.27,0.73,0.74,0.01,0.01,78083.22,1776963377000
1776963378.898,78.898,0.26,0.27,0.73,0.74,0.01,0.01,78083.22,1776963377000
1776963379.535,79.535,0.26,0.28,0.73,0.74,0.02,0.01,78083.22,1776963377000
1776963380.103,80.103,0.26,0.28,0.72,0.74,0.02,0.02,78078.0,1776963378000
1776963380.599,80.599,0.26,0.27,0.72,0.74,0.01,0.02,78078.0,1776963378000
1776963381.004,81.004,0.26,0.27,0.73,0.74,0.01,0.01,78074.34,1776963379000
1776963381.576,81.576,0.26,0.27,0.73,0.74,0.01,0.01,78074.34,1776963379000
1776963381.997,81.997,0.26,0.27,0.73,0.74,0.01,0.01,78068.74,1776963380000
1776963382.405,82.405,0.26,0.27,0.73,0.74,0.01,0.01,78068.74,1776963380000
1776963382.863,82.863,0.26,0.27,0.73,0.74,0.01,0.01,78067.09,1776963381000
1776963383.257,83.257,0.26,0.27,0.73,0.74,0.01,0.01,78068.55,1776963382000
1776963383.735,83.735,0.25,0.27,0.73,0.75,0.02,0.02,78068.55,1776963382000
1776963384.075,84.075,0.25,0.27,0.71,0.75,0.02,0.04,78068.55,1776963382000
1776963384.434,84.434,0.26,0.27,0.68,0.74,0.01,0.06,78068.55,1776963382000
1776963384.785,84.785,0.25,0.27,0.73,0.74,0.02,0.01,78068.55,1776963382000
1776963385.118,85.118,0.24,0.27,0.73,0.76,0.03,0.03,78063.72,1776963383000
1776963385.476,85.476,0.26,0.28,0.73,0.74,0.02,0.01,78063.72,1776963383000
1776963385.82,85.82,0.27,0.29,0.71,0.73,0.02,0.02,78063.72,1776963383000
1776963386.162,86.162,0.28,0.3,0.71,0.72,0.02,0.01,78065.3,1776963384000
1776963386.513,86.513,0.28,0.3,0.71,0.72,0.02,0.01,78065.35,1776963385000
1776963386.963,86.963,0.28,0.29,0.71,0.72,0.01,0.01,78065.35,1776963385000
1776963387.298,87.298,0.28,0.29,0.71,0.72,0.01,0.01,78065.35,1776963385000
1776963387.672,87.672,0.27,0.29,0.71,0.72,0.02,0.01,78065.35,1776963385000
1776963388.264,88.264,0.28,0.29,0.71,0.73,0.01,0.02,78074.72,1776963386000
1776963388.805,88.805,0.27,0.29,0.71,0.73,0.02,0.02,78074.72,1776963386000
1776963389.146,89.146,0.27,0.29,0.71,0.73,0.02,0.02,78078.65,1776963387000
1776963389.725,89.725,0.28,0.29,0.71,0.72,0.01,0.01,78078.27,1776963388000
1776963390.084,90.084,0.28,0.29,0.71,0.72,0.01,0.01,78078.27,1776963388000
1776963390.45,90.45,0.28,0.29,0.71,0.72,0.01,0.01,78078.27,1776963388000
1776963390.807,90.807,0.28,0.29,0.71,0.72,0.01,0.01,78077.73,1776963389000
1776963391.141,91.141,0.28,0.29,0.71,0.72,0.01,0.01,78077.73,1776963389000
1776963391.582,91.582,0.28,0.29,0.71,0.72,0.01,0.01,78077.73,1776963389000
1776963392.149,92.149,0.28,0.29,0.71,0.72,0.01,0.01,78077.67,1776963390000
1776963392.508,92.508,0.27,0.29,0.71,0.73,0.02,0.02,78077.73,1776963391000
1776963392.872,92.872,0.25,0.26,0.72,0.75,0.01,0.03,78077.73,1776963391000
1776963393.212,93.212,0.24,0.25,0.75,0.76,0.01,0.01,78077.84,1776963392000
1776963393.546,93.546,0.24,0.25,0.75,0.76,0.01,0.01,78077.84,1776963392000
1776963393.913,93.913,0.24,0.25,0.75,0.76,0.01,0.01,78077.84,1776963392000
1776963394.263,94.263,0.24,0.25,0.75,0.76,0.01,0.01,78077.84,1776963392000
1776963394.6,94.6,0.24,0.25,0.75,0.76,0.01,0.01,78077.84,1776963392000
1776963395.581,95.581,0.24,0.25,0.75,0.76,0.01,0.01,78071.9,1776963394000
1776963395.955,95.955,0.22,0.23,0.77,0.78,0.01,0.01,78071.9,1776963394000
1776963396.342,96.342,0.22,0.23,0.77,0.78,0.01,0.01,78072.22,1776963395000
1776963397.097,97.097,0.22,0.23,0.77,0.78,0.01,0.01,78070.36,1776963396000
1776963397.863,97.863,0.22,0.23,0.77,0.78,0.01,0.01,78070.36,1776963396000
1776963398.353,98.353,0.22,0.23,0.77,0.78,0.01,0.01,78070.36,1776963396000
1776963398.819,98.819,0.22,0.23,0.77,0.78,0.01,0.01,78063.4,1776963397000
1776963399.162,99.162,0.22,0.23,0.77,0.78,0.01,0.01,78063.4,1776963397000
1776963399.551,99.551,0.22,0.23,0.77,0.78,0.01,0.01,78063.4,1776963397000
1776963400.035,100.035,0.22,0.23,0.77,0.78,0.01,0.01,78064.14,1776963398000
1776963400.38,100.38,0.22,0.23,0.77,0.78,0.01,0.01,78064.95,1776963399000
1776963400.753,100.753,0.22,0.23,0.77,0.78,0.01,0.01,78064.95,1776963399000
1776963401.296,101.296,0.22,0.23,0.77,0.78,0.01,0.01,78064.4,1776963400000
1776963401.688,101.688,0.22,0.23,0.77,0.78,0.01,0.01,78064.4,1776963400000
1776963402.024,102.024,0.22,0.23,0.77,0.78,0.01,0.01,78064.4,1776963400000
1776963402.562,102.562,0.22,0.23,0.77,0.78,0.01,0.01,78063.21,1776963401000
1776963402.921,102.921,0.22,0.23,0.77,0.78,0.01,0.01,78063.21,1776963401000
1776963403.375,103.375,0.22,0.23,0.77,0.78,0.01,0.01,78063.21,1776963401000
1776963403.708,103.708,0.22,0.23,0.77,0.78,0.01,0.01,78062.99,1776963402000
1776963404.069,104.069,0.22,0.24,0.77,0.78,0.02,0.01,78062.99,1776963403000
1776963404.426,104.426,0.23,0.25,0.76,0.77,0.02,0.01,78062.99,1776963403000
1776963404.811,104.811,0.24,0.26,0.74,0.76,0.02,0.02,78062.99,1776963403000
1776963405.147,105.147,0.24,0.25,0.75,0.76,0.01,0.01,78065.51,1776963404000
1776963405.563,105.563,0.24,0.25,0.75,0.76,0.01,0.01,78065.51,1776963404000
1776963405.96,105.96,0.24,0.26,0.74,0.76,0.02,0.02,78071.42,1776963405000
1776963406.356,106.356,0.25,0.26,0.74,0.75,0.01,0.01,78071.42,1776963405000
1776963406.787,106.787,0.25,0.26,0.74,0.75,0.01,0.01,78071.42,1776963405000
1776963407.128,107.128,0.25,0.26,0.74,0.75,0.01,0.01,78076.78,1776963406000
1776963407.813,107.813,0.25,0.28,0.74,0.75,0.03,0.01,78076.78,1776963406000
1776963408.334,108.334,0.26,0.28,0.72,0.75,0.02,0.03,78076.74,1776963407000
1776963408.768,108.768,0.28,0.29,0.72,0.74,0.01,0.02,78076.74,1776963407000
1776963409.243,109.243,0.28,0.36,0.65,0.73,0.08,0.08,78079.73,1776963408000
1776963409.576,109.576,0.35,0.37,0.63,0.65,0.02,0.02,78079.73,1776963408000
1776963409.927,109.927,0.36,0.37,0.63,0.64,0.01,0.01,78090.65,1776963409000
1776963410.337,110.337,0.36,0.37,0.63,0.64,0.01,0.01,78090.65,1776963409000
1776963410.752,110.752,0.38,0.4,0.61,0.62,0.02,0.01,78090.65,1776963409000
1776963411.165,111.165,0.38,0.39,0.61,0.62,0.01,0.01,78101.0,1776963410000
1776963411.524,111.524,0.38,0.4,0.61,0.62,0.02,0.01,78101.0,1776963410000
1776963411.975,111.975,0.4,0.41,0.6,0.61,0.01,0.01,78101.0,1776963410000
1776963412.31,112.31,0.4,0.41,0.59,0.6,0.01,0.01,78102.21,1776963411000
1776963412.68,112.68,0.41,0.42,0.58,0.59,0.01,0.01,78102.21,1776963411000
1776963413.034,113.034,0.42,0.43,0.57,0.59,0.01,0.02,78102.21,1776963411000
1776963413.574,113.574,0.42,0.43,0.57,0.58,0.01,0.01,78105.22,1776963412000
1776963413.988,113.988,0.43,0.44,0.56,0.58,0.01,0.02,78105.22,1776963412000
1776963414.332,114.332,0.43,0.44,0.56,0.57,0.01,0.01,78109.04,1776963413000
1776963414.83,114.83,0.43,0.44,0.56,0.57,0.01,0.01,78109.04,1776963413000
1776963415.166,115.166,0.43,0.44,0.56,0.57,0.01,0.01,78109.9,1776963414000
1776963415.554,115.554,0.43,0.44,0.56,0.57,0.01,0.01,78109.9,1776963414000
1776963415.917,115.917,0.41,0.44,0.56,0.57,0.03,0.01,78110.44,1776963415000
1776963416.685,116.685,0.41,0.42,0.58,0.59,0.01,0.01,78110.44,1776963415000
1776963417.109,117.109,0.41,0.42,0.58,0.59,0.01,0.01,78110.44,1776963415000
1776963417.603,117.603,0.41,0.42,0.56,0.59,0.01,0.03,78110.24,1776963416000
1776963417.952,117.952,0.41,0.42,0.58,0.59,0.01,0.01,78110.24,1776963416000
1776963418.336,118.336,0.41,0.42,0.58,0.59,0.01,0.01,78110.57,1776963417000
1776963418.703,118.703,0.41,0.42,0.58,0.59,0.01,0.01,78110.57,1776963417000
1776963419.107,119.107,0.41,0.42,0.58,0.59,0.01,0.01,78110.57,1776963417000
1776963419.443,119.443,0.43,0.46,0.54,0.57,0.03,0.03,78110.57,1776963417000
1776963419.783,119.783,0.44,0.45,0.55,0.56,0.01,0.01,78109.32,1776963418000
1776963420.171,120.171,0.44,0.45,0.55,0.56,0.01,0.01,78109.32,1776963418000
1776963420.573,120.573,0.46,0.47,0.53,0.55,0.01,0.02,78111.01,1776963419000
1776963420.906,120.906,0.47,0.48,0.52,0.53,0.01,0.01,78111.01,1776963419000
1776963421.546,121.546,0.47,0.48,0.52,0.53,0.01,0.01,78115.41,1776963420000
1776963421.998,121.998,0.47,0.48,0.52,0.53,0.01,0.01,78115.41,1776963420000
1776963422.455,122.455,0.47,0.48,0.52,0.53,0.01,0.01,78118.9,1776963421000
1776963422.907,122.907,0.47,0.48,0.52,0.54,0.01,0.02,78118.9,1776963421000
1776963423.342,123.342,0.47,0.48,0.52,0.53,0.01,0.01,78120.75,1776963422000
1776963423.849,123.849,0.46,0.47,0.53,0.54,0.01,0.01,78120.75,1776963422000
1776963424.206,124.206,0.46,0.47,0.53,0.54,0.01,0.01,78120.75,1776963422000
1776963424.543,124.543,0.47,0.49,0.52,0.53,0.02,0.01,78119.74,1776963423000
1776963425.143,125.143,0.48,0.49,0.51,0.52,0.01,0.01,78119.86,1776963424000
1776963426.212,126.212,0.48,0.49,0.51,0.52,0.01,0.01,78120.95,1776963425000
1776963426.656,126.656,0.48,0.49,0.51,0.52,0.01,0.01,78120.95,1776963425000
1776963426.997,126.997,0.48,0.49,0.51,0.52,0.01,0.01,78120.95,1776963425000
1776963427.335,127.335,0.48,0.49,0.51,0.52,0.01,0.01,78120.95,1776963425000
1776963427.725,127.725,0.48,0.49,0.51,0.52,0.01,0.01,78122.43,1776963426000
1776963428.302,128.302,0.48,0.5,0.51,0.52,0.02,0.01,78122.01,1776963427000
1776963428.75,128.75,0.49,0.5,0.5,0.51,0.01,0.01,78122.01,1776963427000
1776963429.174,129.174,0.51,0.52,0.48,0.51,0.01,0.03,78122.01,1776963427000
1776963429.612,129.612,0.52,0.53,0.47,0.49,0.01,0.02,78122.59,1776963428000
1776963429.949,129.949,0.52,0.56,0.44,0.48,0.04,0.04,78122.59,1776963428000
1776963430.36,130.36,0.55,0.57,0.43,0.45,0.02,0.02,78122.59,1776963428000
1776963430.766,130.766,0.57,0.58,0.42,0.43,0.01,0.01,78123.49,1776963429000
1776963431.216,131.216,0.58,0.59,0.4,0.42,0.01,0.02,78131.18,1776963430000
1776963431.622,131.622,0.59,0.6,0.41,0.42,0.01,0.01,78131.18,1776963430000
1776963432.315,132.315,0.59,0.61,0.39,0.41,0.02,0.02,78139.52,1776963431000
1776963432.694,132.694,0.61,0.62,0.38,0.4,0.01,0.02,78139.52,1776963431000
1776963433.268,133.268,0.61,0.62,0.38,0.39,0.01,0.01,78139.52,1776963431000
1776963433.973,133.973,0.6,0.62,0.38,0.4,0.02,0.02,78141.05,1776963433000
1776963435.179,135.179,0.61,0.62,0.38,0.4,0.01,0.02,78141.05,1776963433000
1776963435.692,135.692,0.61,0.62,0.38,0.39,0.01,0.01,78141.2,1776963434000
1776963436.035,136.035,0.61,0.62,0.38,0.39,0.01,0.01,78141.2,1776963434000
1776963436.381,136.381,0.61,0.62,0.38,0.39,0.01,0.01,78142.51,1776963435000
1776963436.735,136.735,0.61,0.62,0.38,0.39,0.01,0.01,78142.51,1776963435000
1776963437.214,137.214,0.6,0.61,0.39,0.4,0.01,0.01,78142.51,1776963436000
1776963437.574,137.574,0.6,0.61,0.39,0.4,0.01,0.01,78142.51,1776963436000
1776963438.026,138.026,0.6,0.61,0.39,0.4,0.01,0.01,78144.66,1776963437000
1776963438.367,138.367,0.59,0.62,0.38,0.41,0.03,0.03,78144.66,1776963437000
1776963438.825,138.825,0.61,0.62,0.38,0.39,0.01,0.01,78144.66,1776963437000
1776963439.196,139.196,0.61,0.62,0.38,0.39,0.01,0.01,78144.38,1776963438000
1776963439.68,139.68,0.63,0.65,0.36,0.37,0.02,0.01,78144.38,1776963438000
1776963440.046,140.046,0.64,0.65,0.35,0.36,0.01,0.01,78144.38,1776963438000
1776963440.427,140.427,0.64,0.65,0.35,0.36,0.01,0.01,78146.19,1776963439000
1776963440.781,140.781,0.64,0.65,0.35,0.36,0.01,0.01,78146.19,1776963439000
1776963441.203,141.203,0.57,0.59,0.4,0.43,0.02,0.03,78146.19,1776963439000
1776963441.961,141.961,0.58,0.59,0.41,0.43,0.01,0.02,78146.89,1776963440000
1776963442.746,142.746,0.57,0.59,0.41,0.42,0.02,0.01,78147.4,1776963441000
1776963443.233,143.233,0.57,0.59,0.41,0.43,0.02,0.02,78147.4,1776963441000
1776963444.116,144.116,0.57,0.59,0.41,0.43,0.02,0.02,78141.51,1776963442000
1776963444.602,144.602,0.58,0.59,0.41,0.42,0.01,0.01,78142.78,1776963443000
1776963444.993,144.993,0.58,0.59,0.41,0.42,0.01,0.01,78142.78,1776963443000
1776963445.381,145.381,0.57,0.59,0.41,0.44,0.02,0.03,78142.78,1776963443000
1776963445.853,145.853,0.58,0.59,0.41,0.42,0.01,0.01,78144.7,1776963444000
1776963446.319,146.319,0.58,0.6,0.41,0.42,0.02,0.01,78144.96,1776963445000
1776963446.705,146.705,0.58,0.6,0.4,0.42,0.02,0.02,78144.96,1776963445000
1776963447.11,147.11,0.53,0.6,0.4,0.42,0.07,0.02,78144.99,1776963446000
1776963447.548,147.548,0.58,0.62,0.38,0.42,0.04,0.04,78144.99,1776963446000
1776963447.887,147.887,0.62,0.63,0.37,0.38,0.01,0.01,78144.99,1776963446000
1776963448.228,148.228,0.63,0.64,0.36,0.37,0.01,0.01,78144.99,1776963446000
1776963448.699,148.699,0.63,0.64,0.36,0.37,0.01,0.01,78150.83,1776963447000
1776963449.033,149.033,0.63,0.64,0.37,0.38,0.01,0.01,78150.83,1776963447000
1776963449.418,149.418,0.61,0.63,0.37,0.39,0.02,0.02,78153.81,1776963448000
1776963449.757,149.757,0.61,0.62,0.38,0.39,0.01,0.01,78153.81,1776963448000
1776963450.139,150.139,0.61,0.62,0.38,0.39,0.01,0.01,78153.81,1776963449000
1776963450.984,150.984,0.61,0.62,0.38,0.39,0.01,0.01,78149.84,1776963450000
1776963452.041,152.041,0.61,0.62,0.38,0.39,0.01,0.01,78147.72,1776963451000
1776963452.948,152.948,0.61,0.62,0.38,0.39,0.01,0.01,78147.72,1776963451000
1776963453.329,153.329,0.61,0.62,0.38,0.39,0.01,0.01,78147.48,1776963452000
1776963453.682,153.682,0.61,0.62,0.38,0.39,0.01,0.01,78147.48,1776963452000
1776963454.032,154.032,0.61,0.62,0.38,0.39,0.01,0.01,78147.48,1776963452000
1776963454.408,154.408,0.61,0.62,0.38,0.39,0.01,0.01,78148.64,1776963453000
1776963454.929,154.929,0.61,0.63,0.37,0.39,0.02,0.02,78148.64,1776963454000
1776963455.6,155.6,0.62,0.63,0.37,0.39,0.01,0.02,78148.64,1776963454000
1776963456.293,156.293,0.62,0.63,0.36,0.38,0.01,0.02,78148.64,1776963454000
1776963456.671,156.671,0.62,0.64,0.37,0.38,0.02,0.01,78147.98,1776963455000
1776963457.009,157.009,0.64,0.65,0.35,0.36,0.01,0.01,78147.98,1776963455000
1776963457.407,157.407,0.64,0.65,0.35,0.36,0.01,0.01,78147.73,1776963456000
1776963457.776,157.776,0.64,0.65,0.35,0.36,0.01,0.01,78147.73,1776963456000
1776963458.113,158.113,0.64,0.65,0.35,0.36,0.01,0.01,78148.99,1776963457000
1776963458.641,158.641,0.65,0.67,0.33,0.36,0.02,0.03,78148.99,1776963457000
1776963459.033,159.033,0.67,0.68,0.32,0.33,0.01,0.01,78148.99,1776963457000
1776963459.388,159.388,0.67,0.68,0.32,0.33,0.01,0.01,78148.99,1776963457000
1776963460.006,160.006,0.67,0.68,0.32,0.33,0.01,0.01,78148.99,1776963457000
1776963460.414,160.414,0.67,0.68,0.32,0.33,0.01,0.01,78148.99,1776963457000
1776963462.49,162.49,0.66,0.67,0.32,0.33,0.01,0.01,78148.99,1776963457000
1776963462.843,162.843,0.58,0.62,0.34,0.42,0.04,0.08,78148.99,1776963457000
1776963463.185,163.185,0.51,0.56,0.44,0.48,0.05,0.04,78148.99,1776963457000
1776963463.638,163.638,0.53,0.57,0.43,0.47,0.04,0.04,78148.99,1776963457000
1776963463.978,163.978,0.49,0.5,0.5,0.51,0.01,0.01,78148.99,1776963457000
1776963464.335,164.335,0.5,0.51,0.49,0.5,0.01,0.01,78148.99,1776963457000
1776963464.672,164.672,0.51,0.52,0.48,0.49,0.01,0.01,78148.99,1776963457000
1776963465.01,165.01,0.51,0.52,0.48,0.49,0.01,0.01,78148.99,1776963457000
1776963465.489,165.489,0.48,0.5,0.49,0.5,0.02,0.01,78148.99,1776963457000
1776963465.871,165.871,0.49,0.5,0.5,0.51,0.01,0.01,78148.99,1776963457000
1776963466.254,166.254,0.49,0.5,0.5,0.51,0.01,0.01,78131.08,1776963465000
1776963466.589,166.589,0.49,0.5,0.5,0.51,0.01,0.01,78131.08,1776963465000
1776963467.035,167.035,0.49,0.5,0.5,0.51,0.01,0.01,78131.08,1776963465000
1776963467.45,167.45,0.47,0.48,0.5,0.53,0.01,0.03,78131.19,1776963466000
1776963468.038,168.038,0.47,0.48,0.52,0.53,0.01,0.01,78131.19,1776963466000
1776963468.608,168.608,0.47,0.48,0.52,0.53,0.01,0.01,78130.91,1776963467000
1776963469.023,169.023,0.47,0.48,0.52,0.53,0.01,0.01,78130.91,1776963467000
1776963469.372,169.372,0.47,0.48,0.52,0.53,0.01,0.01,78130.91,1776963467000
1776963469.732,169.732,0.47,0.48,0.52,0.53,0.01,0.01,78130.84,1776963468000
1776963470.214,170.214,0.47,0.48,0.52,0.53,0.01,0.01,78130.42,1776963469000
1776963471.211,171.211,0.47,0.48,0.52,0.53,0.01,0.01,78130.97,1776963470000
1776963471.689,171.689,0.47,0.48,0.52,0.53,0.01,0.01,78130.97,1776963470000
1776963472.2,172.2,0.47,0.48,0.52,0.53,0.01,0.01,78130.97,1776963471000
1776963472.537,172.537,0.47,0.48,0.52,0.53,0.01,0.01,78130.97,1776963471000
1776963472.989,172.989,0.47,0.48,0.52,0.53,0.01,0.01,78130.97,1776963471000
1776963473.818,173.818,0.47,0.48,0.52,0.53,0.01,0.01,78130.97,1776963472000
1776963474.184,174.184,0.46,0.47,0.53,0.54,0.01,0.01,78130.97,1776963472000
1776963474.531,174.531,0.38,0.39,0.61,0.63,0.01,0.02,78128.63,1776963473000
1776963474.892,174.892,0.38,0.39,0.61,0.62,0.01,0.01,78128.63,1776963473000
1776963475.276,175.276,0.38,0.39,0.61,0.62,0.01,0.01,78120.2,1776963474000
1776963475.67,175.67,0.37,0.38,0.61,0.63,0.01,0.02,78120.2,1776963474000
1776963476.044,176.044,0.37,0.38,0.62,0.64,0.01,0.02,78120.2,1776963474000
1776963476.399,176.399,0.36,0.38,0.62,0.64,0.02,0.02,78117.63,1776963475000
1776963476.87,176.87,0.34,0.36,0.63,0.66,0.02,0.03,78117.63,1776963475000
1776963477.203,177.203,0.28,0.33,0.67,0.72,0.05,0.05,78115.73,1776963476000
1776963477.894,177.894,0.28,0.3,0.7,0.72,0.02,0.02,78115.73,1776963476000
1776963478.24,178.24,0.28,0.3,0.7,0.72,0.02,0.02,78114.97,1776963477000
1776963478.854,178.854,0.29,0.3,0.7,0.71,0.01,0.01,78114.97,1776963477000
1776963479.75,179.75,0.29,0.3,0.7,0.71,0.01,0.01,78107.11,1776963478000
1776963480.361,180.361,0.28,0.3,0.7,0.72,0.02,0.02,78103.45,1776963479000
1776963480.87,180.87,0.28,0.3,0.7,0.72,0.02,0.02,78103.45,1776963479000
1776963481.265,181.265,0.29,0.3,0.7,0.71,0.01,0.01,78103.16,1776963480000
1776963481.74,181.74,0.29,0.3,0.7,0.71,0.01,0.01,78103.16,1776963480000
1776963482.077,182.077,0.29,0.32,0.65,0.71,0.03,0.06,78103.16,1776963480000
1776963482.839,182.839,0.29,0.3,0.7,0.71,0.01,0.01,78105.38,1776963481000
1776963483.176,183.176,0.33,0.34,0.66,0.67,0.01,0.01,78105.38,1776963481000
1776963483.618,183.618,0.37,0.41,0.59,0.63,0.04,0.04,78107.1,1776963482000
1776963484.078,184.078,0.37,0.39,0.61,0.63,0.02,0.02,78107.1,1776963482000
1776963484.415,184.415,0.38,0.39,0.61,0.62,0.01,0.01,78107.87,1776963483000
1776963484.815,184.815,0.39,0.4,0.6,0.61,0.01,0.01,78107.87,1776963483000
1776963485.15,185.15,0.39,0.4,0.6,0.61,0.01,0.01,78107.87,1776963483000
1776963485.584,185.584,0.41,0.42,0.59,0.61,0.01,0.02,78116.08,1776963484000
1776963486.199,186.199,0.41,0.42,0.58,0.59,0.01,0.01,78116.08,1776963484000
1776963486.854,186.854,0.41,0.42,0.58,0.59,0.01,0.01,78117.76,1776963486000
1776963487.798,187.798,0.41,0.42,0.58,0.59,0.01,0.01,78117.76,1776963486000
1776963488.875,188.875,0.41,0.42,0.58,0.59,0.01,0.01,78124.57,1776963487000
1776963489.384,189.384,0.41,0.42,0.58,0.59,0.01,0.01,78138.42,1776963488000
1776963489.974,189.974,0.41,0.42,0.58,0.59,0.01,0.01,78138.42,1776963488000
1776963491.183,191.183,0.41,0.42,0.58,0.59,0.01,0.01,78143.6,1776963490000
1776963491.648,191.648,0.41,0.43,0.58,0.59,0.02,0.01,78143.6,1776963490000
1776963492.106,192.106,0.42,0.43,0.57,0.59,0.01,0.02,78143.6,1776963490000
1776963492.575,192.575,0.44,0.48,0.52,0.58,0.04,0.06,78143.6,1776963491000
1776963492.912,192.912,0.45,0.48,0.52,0.55,0.03,0.03,78143.6,1776963491000
1776963493.25,193.25,0.45,0.48,0.52,0.55,0.03,0.03,78143.39,1776963492000
1776963493.583,193.583,0.49,0.54,0.46,0.51,0.05,0.05,78143.39,1776963492000
1776963494.106,194.106,0.42,0.54,0.46,0.58,0.12,0.12,78142.37,1776963493000
1776963495.461,195.461,0.5,0.54,0.46,0.58,0.04,0.12,78142.37,1776963493000
1776963495.833,195.833,0.51,0.57,0.43,0.49,0.06,0.06,78142.37,1776963493000
1776963496.167,196.167,0.55,0.63,0.38,0.45,0.08,0.07,78144.6,1776963494000
1776963496.511,196.511,0.55,0.63,0.37,0.45,0.08,0.08,78144.6,1776963494000
1776963497.183,197.183,0.55,0.62,0.38,0.45,0.07,0.07,78146.21,1776963496000
1776963497.527,197.527,0.62,0.64,0.36,0.38,0.02,0.02,78146.21,1776963496000
1776963497.867,197.867,0.64,0.65,0.35,0.36,0.01,0.01,78146.21,1776963496000
1776963498.399,198.399,0.64,0.65,0.35,0.36,0.01,0.01,78146.21,1776963496000
1776963498.981,198.981,0.64,0.65,0.35,0.36,0.01,0.01,78146.21,1776963496000
1776963499.648,199.648,0.61,0.67,0.33,0.39,0.06,0.06,78151.15,1776963497000
1776963500.007,200.007,0.64,0.65,0.35,0.36,0.01,0.01,78153.32,1776963498000
1776963500.421,200.421,0.65,0.67,0.31,0.34,0.02,0.03,78153.74,1776963499000
1776963500.756,200.756,0.71,0.72,0.28,0.29,0.01,0.01,78153.74,1776963499000
1776963501.163,201.163,0.71,0.73,0.28,0.29,0.02,0.01,78153.74,1776963499000
1776963501.512,201.512,0.73,0.74,0.26,0.27,0.01,0.01,78153.74,1776963499000
1776963501.868,201.868,0.73,0.74,0.26,0.27,0.01,0.01,78165.05,1776963500000
1776963502.238,202.238,0.73,0.74,0.26,0.27,0.01,0.01,78169.86,1776963501000
1776963502.59,202.59,0.73,0.74,0.26,0.27,0.01,0.01,78169.86,1776963501000
1776963502.931,202.931,0.73,0.74,0.26,0.27,0.01,0.01,78169.86,1776963501000
1776963503.303,203.303,0.7,0.74,0.26,0.33,0.04,0.07,78169.86,1776963501000
1776963503.64,203.64,0.73,0.74,0.26,0.27,0.01,0.01,78176.56,1776963502000
1776963503.998,203.998,0.68,0.71,0.29,0.32,0.03,0.03,78176.56,1776963502000
1776963504.436,204.436,0.66,0.67,0.32,0.34,0.01,0.02,78176.1,1776963503000
1776963504.779,204.779,0.66,0.67,0.33,0.34,0.01,0.01,78176.1,1776963503000
1776963505.161,205.161,0.66,0.67,0.33,0.34,0.01,0.01,78169.88,1776963504000
1776963505.522,205.522,0.66,0.67,0.33,0.34,0.01,0.01,78169.88,1776963504000
1776963505.865,205.865,0.63,0.65,0.33,0.37,0.02,0.04,78169.88,1776963504000
1776963506.198,206.198,0.62,0.63,0.37,0.38,0.01,0.01,78169.88,1776963504000
1776963506.54,206.54,0.62,0.63,0.37,0.38,0.01,0.01,78164.46,1776963505000
1776963507.114,207.114,0.61,0.62,0.38,0.39,0.01,0.01,78164.46,1776963505000
1776963507.461,207.461,0.61,0.62,0.38,0.39,0.01,0.01,78164.46,1776963505000
1776963508.023,208.023,0.6,0.61,0.39,0.4,0.01,0.01,78164.46,1776963505000
1776963508.443,208.443,0.6,0.61,0.39,0.4,0.01,0.01,78159.94,1776963506000
1776963508.906,208.906,0.59,0.6,0.39,0.41,0.01,0.02,78153.39,1776963507000
1776963509.305,209.305,0.58,0.59,0.4,0.41,0.01,0.01,78153.39,1776963507000
1776963509.64,209.64,0.55,0.59,0.41,0.44,0.04,0.03,78152.49,1776963508000
1776963510.179,210.179,0.54,0.55,0.41,0.46,0.01,0.05,78152.49,1776963508000
1776963510.634,210.634,0.54,0.58,0.45,0.46,0.04,0.01,78150.57,1776963509000
1776963511.12,211.12,0.5,0.55,0.45,0.48,0.05,0.03,78150.57,1776963509000
1776963511.516,211.516,0.42,0.54,0.46,0.58,0.12,0.12,78150.57,1776963509000
1776963511.898,211.898,0.48,0.49,0.51,0.52,0.01,0.01,78127.7,1776963510000
1776963512.238,212.238,0.41,0.42,0.58,0.59,0.01,0.01,78127.7,1776963510000
1776963512.574,212.574,0.3,0.4,0.6,0.7,0.1,0.1,78112.54,1776963511000
1776963512.988,212.988,0.37,0.39,0.61,0.69,0.02,0.08,78112.54,1776963511000
1776963513.323,213.323,0.36,0.41,0.59,0.64,0.05,0.05,78112.54,1776963511000
1776963513.663,213.663,0.35,0.38,0.62,0.65,0.03,0.03,78112.54,1776963511000
1776963514.0,214.0,0.36,0.38,0.62,0.63,0.02,0.01,78112.54,1776963511000
1776963514.341,214.341,0.3,0.31,0.68,0.7,0.01,0.02,78112.54,1776963511000
1776963514.682,214.682,0.3,0.31,0.69,0.7,0.01,0.01,78106.44,1776963513000
1776963515.017,215.017,0.3,0.31,0.69,0.7,0.01,0.01,78110.23,1776963514000
1776963515.352,215.352,0.27,0.28,0.72,0.73,0.01,0.01,78110.23,1776963514000
1776963515.694,215.694,0.28,0.29,0.71,0.72,0.01,0.01,78110.23,1776963514000
1776963516.067,216.067,0.26,0.27,0.73,0.74,0.01,0.01,78110.23,1776963514000
1776963516.418,216.418,0.26,0.27,0.73,0.74,0.01,0.01,78106.27,1776963515000
1776963516.795,216.795,0.24,0.25,0.73,0.76,0.01,0.03,78106.27,1776963515000
1776963517.276,217.276,0.24,0.25,0.75,0.76,0.01,0.01,78100.28,1776963516000
1776963517.63,217.63,0.24,0.25,0.75,0.76,0.01,0.01,78100.28,1776963516000
1776963517.969,217.969,0.23,0.24,0.76,0.77,0.01,0.01,78100.28,1776963516000
1776963518.304,218.304,0.25,0.29,0.73,0.75,0.04,0.02,78100.28,1776963516000
1776963518.796,218.796,0.28,0.35,0.65,0.72,0.07,0.07,78101.25,1776963517000
1776963519.153,219.153,0.31,0.32,0.68,0.69,0.01,0.01,78101.25,1776963517000
1776963519.514,219.514,0.29,0.3,0.7,0.71,0.01,0.01,78101.25,1776963517000
1776963519.855,219.855,0.26,0.27,0.73,0.74,0.01,0.01,78102.97,1776963518000
1776963520.189,220.189,0.25,0.26,0.74,0.75,0.01,0.01,78102.97,1776963518000
1776963520.523,220.523,0.26,0.27,0.72,0.74,0.01,0.02,78104.68,1776963519000
1776963520.864,220.864,0.26,0.27,0.73,0.74,0.01,0.01,78104.68,1776963519000
1776963521.217,221.217,0.26,0.28,0.72,0.74,0.02,0.02,78103.93,1776963520000
1776963521.552,221.552,0.27,0.28,0.72,0.73,0.01,0.01,78103.93,1776963520000
1776963521.895,221.895,0.27,0.28,0.72,0.73,0.01,0.01,78103.93,1776963520000
1776963522.246,222.246,0.27,0.28,0.72,0.73,0.01,0.01,78103.93,1776963520000
1776963522.587,222.587,0.27,0.28,0.72,0.73,0.01,0.01,78099.46,1776963521000
1776963523.048,223.048,0.27,0.28,0.72,0.73,0.01,0.01,78099.46,1776963521000
1776963523.394,223.394,0.28,0.31,0.71,0.73,0.03,0.02,78099.46,1776963521000
1776963523.838,223.838,0.38,0.39,0.61,0.63,0.01,0.02,78102.74,1776963522000
1776963524.176,224.176,0.38,0.39,0.61,0.62,0.01,0.01,78103.09,1776963523000
1776963524.512,224.512,0.37,0.38,0.62,0.63,0.01,0.01,78103.09,1776963523000
1776963524.853,224.853,0.35,0.36,0.64,0.65,0.01,0.01,78103.09,1776963523000
1776963525.345,225.345,0.36,0.37,0.63,0.64,0.01,0.01,78109.92,1776963524000
1776963525.721,225.721,0.36,0.37,0.63,0.64,0.01,0.01,78109.92,1776963524000
1776963526.18,226.18,0.36,0.37,0.63,0.64,0.01,0.01,78109.92,1776963524000
1776963526.715,226.715,0.36,0.37,0.63,0.64,0.01,0.01,78114.66,1776963525000
1776963527.084,227.084,0.34,0.35,0.65,0.66,0.01,0.01,78116.05,1776963526000
1776963527.49,227.49,0.32,0.34,0.65,0.66,0.02,0.01,78116.05,1776963526000
1776963527.967,227.967,0.31,0.33,0.67,0.68,0.02,0.01,78116.05,1776963526000
1776963528.489,228.489,0.31,0.32,0.68,0.69,0.01,0.01,78114.74,1776963527000
1776963528.851,228.851,0.31,0.32,0.68,0.69,0.01,0.01,78114.74,1776963527000
1776963529.238,229.238,0.31,0.32,0.68,0.69,0.01,0.01,78114.74,1776963527000
1776963529.576,229.576,0.31,0.33,0.68,0.69,0.02,0.01,78113.0,1776963528000
1776963530.05,230.05,0.32,0.33,0.67,0.68,0.01,0.01,78111.99,1776963529000
1776963530.395,230.395,0.32,0.33,0.67,0.68,0.01,0.01,78111.99,1776963529000
1776963530.895,230.895,0.33,0.34,0.66,0.67,0.01,0.01,78111.99,1776963529000
1776963531.278,231.278,0.33,0.34,0.66,0.67,0.01,0.01,78111.18,1776963530000
1776963531.806,231.806,0.32,0.33,0.66,0.68,0.01,0.02,78111.18,1776963530000
1776963532.161,232.161,0.3,0.31,0.67,0.7,0.01,0.03,78111.18,1776963530000
1776963532.503,232.503,0.29,0.3,0.7,0.71,0.01,0.01,78111.16,1776963531000
1776963533.011,233.011,0.29,0.3,0.7,0.71,0.01,0.01,78111.16,1776963531000
1776963533.389,233.389,0.29,0.3,0.7,0.71,0.01,0.01,78111.16,1776963531000
1776963533.732,233.732,0.29,0.3,0.7,0.71,0.01,0.01,78111.16,1776963532000
1776963534.113,234.113,0.28,0.29,0.71,0.72,0.01,0.01,78111.09,1776963533000
1776963534.545,234.545,0.31,0.33,0.69,0.7,0.02,0.01,78111.09,1776963533000
1776963535.037,235.037,0.33,0.34,0.66,0.67,0.01,0.01,78111.09,1776963533000
1776963536.045,236.045,0.33,0.34,0.66,0.67,0.01,0.01,78110.15,1776963534000
1776963536.667,236.667,0.32,0.33,0.66,0.67,0.01,0.01,78109.87,1776963535000
1776963537.002,237.002,0.32,0.33,0.67,0.68,0.01,0.01,78109.87,1776963535000
1776963537.397,237.397,0.33,0.34,0.66,0.68,0.01,0.02,78109.87,1776963535000
1776963537.77,237.77,0.33,0.34,0.66,0.67,0.01,0.01,78112.25,1776963536000
1776963538.397,238.397,0.33,0.34,0.66,0.67,0.01,0.01,78111.78,1776963537000
1776963538.937,238.937,0.33,0.34,0.66,0.67,0.01,0.01,78111.78,1776963537000
1776963539.641,239.641,0.32,0.33,0.66,0.67,0.01,0.01,78111.8,1776963538000
1776963540.031,240.031,0.3,0.31,0.69,0.7,0.01,0.01,78111.8,1776963538000
1776963540.431,240.431,0.29,0.3,0.69,0.7,0.01,0.01,78113.4,1776963539000
1776963540.822,240.822,0.28,0.29,0.7,0.72,0.01,0.02,78113.4,1776963539000
1776963542.3,242.3,0.28,0.29,0.71,0.72,0.01,0.01,78112.04,1776963541000
1776963542.66,242.66,0.28,0.29,0.71,0.72,0.01,0.01,78112.04,1776963541000
1776963543.553,243.553,0.28,0.29,0.71,0.72,0.01,0.01,78112.04,1776963541000
1776963543.908,243.908,0.28,0.3,0.7,0.72,0.02,0.02,78111.9,1776963542000
1776963544.242,244.242,0.28,0.31,0.69,0.72,0.03,0.03,78111.9,1776963542000
1776963544.645,244.645,0.33,0.34,0.66,0.67,0.01,0.01,78112.02,1776963543000
1776963545.006,245.006,0.33,0.34,0.66,0.67,0.01,0.01,78112.36,1776963544000
1776963545.342,245.342,0.3,0.31,0.69,0.7,0.01,0.01,78112.36,1776963544000
1776963545.705,245.705,0.27,0.29,0.71,0.73,0.02,0.02,78112.36,1776963544000
1776963546.337,246.337,0.25,0.27,0.73,0.75,0.02,0.02,78112.11,1776963545000
1776963546.706,246.706,0.2,0.21,0.79,0.8,0.01,0.01,78112.11,1776963545000
1776963547.055,247.055,0.2,0.22,0.78,0.8,0.02,0.02,78100.85,1776963546000
1776963547.409,247.409,0.2,0.21,0.78,0.8,0.01,0.02,78100.85,1776963546000
1776963547.782,247.782,0.2,0.21,0.79,0.8,0.01,0.01,78100.85,1776963546000
1776963548.163,248.163,0.2,0.21,0.79,0.8,0.01,0.01,78098.93,1776963547000
1776963548.576,248.576,0.22,0.23,0.77,0.79,0.01,0.02,78098.93,1776963547000
1776963549.045,249.045,0.22,0.23,0.77,0.78,0.01,0.01,78098.9,1776963548000
1776963549.415,249.415,0.21,0.22,0.78,0.79,0.01,0.01,78098.9,1776963548000
1776963549.785,249.785,0.19,0.2,0.8,0.81,0.01,0.01,78098.9,1776963548000
1776963550.193,250.193,0.19,0.2,0.8,0.81,0.01,0.01,78099.08,1776963549000
1776963550.562,250.562,0.18,0.2,0.8,0.81,0.02,0.01,78099.08,1776963549000
1776963550.996,250.996,0.18,0.2,0.8,0.81,0.02,0.01,78099.08,1776963549000
1776963551.374,251.374,0.18,0.19,0.81,0.82,0.01,0.01,78099.46,1776963550000
1776963551.719,251.719,0.18,0.19,0.81,0.82,0.01,0.01,78099.46,1776963550000
1776963552.079,252.079,0.19,0.2,0.8,0.81,0.01,0.01,78099.46,1776963550000
1776963552.517,252.517,0.21,0.22,0.78,0.81,0.01,0.03,78099.32,1776963551000
1776963552.855,252.855,0.21,0.22,0.78,0.79,0.01,0.01,78099.32,1776963551000
1776963553.292,253.292,0.22,0.23,0.77,0.78,0.01,0.01,78099.43,1776963552000
1776963553.675,253.675,0.22,0.23,0.77,0.78,0.01,0.01,78099.43,1776963552000
1776963554.046,254.046,0.22,0.23,0.77,0.78,0.01,0.01,78099.43,1776963552000
1776963554.436,254.436,0.22,0.23,0.77,0.78,0.01,0.01,78099.53,1776963553000
1776963554.781,254.781,0.22,0.23,0.77,0.78,0.01,0.01,78099.53,1776963553000
1776963555.124,255.124,0.22,0.23,0.77,0.78,0.01,0.01,78101.65,1776963554000
1776963555.487,255.487,0.22,0.23,0.77,0.78,0.01,0.01,78101.65,1776963554000
1776963555.875,255.875,0.22,0.23,0.77,0.78,0.01,0.01,78101.65,1776963554000
1776963556.284,256.284,0.22,0.23,0.77,0.78,0.01,0.01,78101.65,1776963554000
1776963556.617,256.617,0.22,0.23,0.77,0.78,0.01,0.01,78101.87,1776963555000
1776963557.087,257.087,0.22,0.23,0.77,0.78,0.01,0.01,78101.87,1776963555000
1776963557.482,257.482,0.22,0.23,0.77,0.78,0.01,0.01,78101.87,1776963555000
1776963557.874,257.874,0.22,0.23,0.77,0.78,0.01,0.01,78103.45,1776963556000
1776963558.222,258.222,0.22,0.23,0.77,0.78,0.01,0.01,78103.45,1776963556000
1776963558.597,258.597,0.22,0.23,0.77,0.78,0.01,0.01,78104.42,1776963557000
1776963559.004,259.004,0.22,0.23,0.77,0.78,0.01,0.01,78104.42,1776963557000
1776963559.36,259.36,0.22,0.23,0.77,0.78,0.01,0.01,78104.42,1776963557000
1776963559.729,259.729,0.22,0.23,0.77,0.78,0.01,0.01,78105.82,1776963558000
1776963560.086,260.086,0.22,0.23,0.77,0.78,0.01,0.01,78105.82,1776963558000
1776963560.522,260.522,0.22,0.23,0.77,0.78,0.01,0.01,78106.13,1776963559000
1776963560.942,260.942,0.22,0.23,0.77,0.78,0.01,0.01,78106.13,1776963559000
1776963561.395,261.395,0.22,0.23,0.77,0.78,0.01,0.01,78106.01,1776963560000
1776963561.787,261.787,0.22,0.23,0.77,0.78,0.01,0.01,78106.01,1776963560000
1776963562.259,262.259,0.22,0.23,0.77,0.78,0.01,0.01,78104.46,1776963561000
1776963562.616,262.616,0.22,0.23,0.77,0.78,0.01,0.01,78104.46,1776963561000
1776963563.093,263.093,0.22,0.23,0.77,0.78,0.01,0.01,78107.62,1776963562000
1776963563.475,263.475,0.22,0.23,0.77,0.78,0.01,0.01,78107.62,1776963562000
1776963564.028,264.028,0.22,0.23,0.77,0.78,0.01,0.01,78107.62,1776963562000
1776963564.433,264.433,0.22,0.23,0.77,0.78,0.01,0.01,78108.71,1776963563000
1776963564.956,264.956,0.22,0.23,0.77,0.78,0.01,0.01,78108.71,1776963563000
1776963565.494,265.494,0.22,0.23,0.77,0.78,0.01,0.01,78108.23,1776963564000
1776963565.884,265.884,0.22,0.23,0.77,0.78,0.01,0.01,78108.23,1776963564000
1776963566.53,266.53,0.22,0.23,0.77,0.78,0.01,0.01,78108.23,1776963565000
1776963566.876,266.876,0.26,0.27,0.73,0.77,0.01,0.04,78108.23,1776963565000
1776963567.267,267.267,0.29,0.3,0.7,0.74,0.01,0.04,78108.77,1776963566000
1776963567.66,267.66,0.29,0.3,0.7,0.71,0.01,0.01,78108.77,1776963566000
1776963568.068,268.068,0.29,0.3,0.7,0.71,0.01,0.01,78108.77,1776963566000
1776963568.705,268.705,0.29,0.3,0.7,0.71,0.01,0.01,78109.11,1776963567000
1776963569.077,269.077,0.29,0.3,0.7,0.71,0.01,0.01,78109.11,1776963567000
1776963569.482,269.482,0.25,0.3,0.7,0.71,0.05,0.01,78112.45,1776963568000
1776963569.867,269.867,0.26,0.27,0.73,0.75,0.01,0.02,78112.45,1776963568000
1776963570.326,270.326,0.26,0.27,0.73,0.74,0.01,0.01,78112.45,1776963568000
1776963570.67,270.67,0.26,0.27,0.73,0.74,0.01,0.01,78112.45,1776963568000
1776963571.057,271.057,0.26,0.27,0.73,0.74,0.01,0.01,78113.9,1776963569000
1776963571.39,271.39,0.26,0.27,0.73,0.74,0.01,0.01,78113.9,1776963569000
1776963571.812,271.812,0.26,0.27,0.73,0.74,0.01,0.01,78114.32,1776963570000
1776963572.283,272.283,0.25,0.26,0.73,0.75,0.01,0.02,78114.12,1776963571000
1776963572.624,272.624,0.24,0.25,0.75,0.76,0.01,0.01,78114.12,1776963571000
1776963573.036,273.036,0.25,0.26,0.72,0.76,0.01,0.04,78114.12,1776963571000
1776963573.509,273.509,0.25,0.26,0.75,0.76,0.01,0.01,78114.22,1776963572000
1776963574.103,274.103,0.24,0.25,0.75,0.77,0.01,0.02,78114.22,1776963572000
1776963574.526,274.526,0.27,0.28,0.72,0.73,0.01,0.01,78113.97,1776963573000
1776963575.157,275.157,0.27,0.28,0.72,0.73,0.01,0.01,78113.97,1776963573000
1776963575.571,275.571,0.27,0.28,0.72,0.73,0.01,0.01,78113.97,1776963573000
1776963576.206,276.206,0.26,0.27,0.72,0.73,0.01,0.01,78114.69,1776963575000
1776963576.768,276.768,0.24,0.25,0.75,0.76,0.01,0.01,78114.69,1776963575000
1776963577.198,277.198,0.24,0.26,0.73,0.74,0.02,0.01,78115.15,1776963576000
1776963577.557,277.557,0.3,0.32,0.68,0.72,0.02,0.04,78115.15,1776963576000
1776963577.933,277.933,0.39,0.4,0.6,0.61,0.01,0.01,78115.15,1776963576000
1776963578.273,278.273,0.39,0.4,0.6,0.61,0.01,0.01,78115.15,1776963577000
1776963578.846,278.846,0.36,0.37,0.6,0.65,0.01,0.05,78115.15,1776963577000
1776963579.26,279.26,0.36,0.37,0.63,0.64,0.01,0.01,78117.48,1776963578000
1776963579.703,279.703,0.36,0.37,0.63,0.64,0.01,0.01,78117.48,1776963578000
1776963580.038,280.038,0.47,0.5,0.52,0.53,0.03,0.01,78117.48,1776963578000
1776963580.371,280.371,0.55,0.61,0.39,0.45,0.06,0.06,78120.16,1776963579000
1776963580.725,280.725,0.66,0.72,0.3,0.34,0.06,0.04,78120.16,1776963579000
1776963581.075,281.075,0.69,0.72,0.3,0.31,0.03,0.01,78120.44,1776963580000
1776963581.444,281.444,0.75,0.76,0.24,0.25,0.01,0.01,78120.44,1776963580000
1776963581.813,281.813,0.78,0.79,0.21,0.22,0.01,0.01,78120.44,1776963580000
1776963582.194,282.194,0.78,0.79,0.21,0.22,0.01,0.01,78125.87,1776963581000
1776963582.633,282.633,0.77,0.79,0.21,0.22,0.02,0.01,78125.87,1776963581000
1776963582.979,282.979,0.73,0.74,0.26,0.27,0.01,0.01,78125.87,1776963581000
1776963583.324,283.324,0.71,0.72,0.28,0.3,0.01,0.02,78137.38,1776963582000
1776963583.679,283.679,0.65,0.66,0.3,0.31,0.01,0.01,78137.38,1776963582000
1776963584.136,284.136,0.67,0.68,0.32,0.33,0.01,0.01,78137.38,1776963582000
1776963584.541,284.541,0.65,0.66,0.34,0.35,0.01,0.01,78142.34,1776963583000
1776963584.891,284.891,0.65,0.66,0.34,0.35,0.01,0.01,78142.34,1776963583000
1776963585.227,285.227,0.43,0.5,0.5,0.57,0.07,0.07,78142.34,1776963583000
1776963585.61,285.61,0.26,0.33,0.67,0.74,0.07,0.07,78140.33,1776963584000
1776963585.953,285.953,0.19,0.2,0.8,0.82,0.01,0.02,78140.33,1776963584000
1776963586.347,286.347,0.18,0.21,0.81,0.82,0.03,0.01,78140.33,1776963584000
1776963586.699,286.699,0.19,0.2,0.77,0.81,0.01,0.04,78140.33,1776963584000
1776963587.038,287.038,0.24,0.34,0.5,0.76,0.1,0.26,78131.8,1776963586000
1776963587.393,287.393,0.31,0.33,0.63,0.69,0.02,0.06,78131.8,1776963586000
1776963587.759,287.759,0.35,0.36,0.59,0.65,0.01,0.06,78131.8,1776963586000
1776963588.092,288.092,0.38,0.39,0.61,0.62,0.01,0.01,78131.8,1776963586000
1776963588.46,288.46,0.4,0.41,0.59,0.6,0.01,0.01,78123.74,1776963587000
1776963588.869,288.869,0.43,0.44,0.57,0.59,0.01,0.02,78123.74,1776963587000
1776963589.221,289.221,0.51,0.52,0.48,0.49,0.01,0.01,78123.74,1776963587000
1776963589.621,289.621,0.54,0.55,0.45,0.46,0.01,0.01,78127.83,1776963588000
1776963590.342,290.342,0.54,0.55,0.45,0.46,0.01,0.01,78127.83,1776963588000
1776963590.802,290.802,0.64,0.65,0.35,0.37,0.01,0.02,78128.55,1776963589000
1776963591.141,291.141,0.7,0.71,0.29,0.3,0.01,0.01,78128.55,1776963589000
1776963591.482,291.482,0.7,0.71,0.29,0.3,0.01,0.01,78131.46,1776963590000
1776963591.858,291.858,0.75,0.76,0.24,0.25,0.01,0.01,78131.46,1776963590000
1776963592.212,292.212,0.84,0.87,0.12,0.17,0.03,0.05,78131.46,1776963590000
1776963592.551,292.551,0.76,0.81,0.19,0.24,0.05,0.05,78131.46,1776963590000
1776963592.893,292.893,0.39,0.4,0.6,0.61,0.01,0.01,78132.72,1776963591000
1776963593.252,293.252,0.29,0.32,0.67,0.72,0.03,0.05,78132.72,1776963591000
1776963593.586,293.586,0.15,0.16,0.84,0.85,0.01,0.01,78132.72,1776963591000
1776963593.958,293.958,0.01,0.16,0.84,0.85,0.15,0.01,78135.53,1776963592000
1776963594.299,294.299,0.15,0.16,0.84,0.85,0.01,0.01,78135.0,1776963593000
1776963594.643,294.643,0.15,0.16,0.84,0.85,0.01,0.01,78135.0,1776963593000
1776963595.01,295.01,0.15,0.16,0.84,0.85,0.01,0.01,78135.0,1776963593000
1776963595.414,295.414,0.19,0.39,0.8,0.81,0.2,0.01,78134.89,1776963594000
1776963595.766,295.766,0.22,0.23,0.77,0.78,0.01,0.01,78134.89,1776963594000
1776963596.113,296.113,0.03,0.04,0.95,0.98,0.01,0.03,78134.89,1776963594000
1776963596.469,296.469,0.02,0.03,0.97,0.98,0.01,0.01,78134.89,1776963594000
1776963596.803,296.803,0.03,0.04,0.96,0.97,0.01,0.01,78135.29,1776963595000
1776963597.16,297.16,0.06,0.07,0.93,0.94,0.01,0.01,78135.8,1776963596000
1776963597.496,297.496,0.06,0.08,0.93,0.94,0.02,0.01,78135.8,1776963596000
1776963597.862,297.862,0.14,0.15,0.85,0.86,0.01,0.01,78135.8,1776963596000
1776963598.243,298.243,0.05,0.06,0.94,0.95,0.01,0.01,78135.8,1776963596000
1776963598.577,298.577,0.08,0.4,0.84,0.92,0.32,0.08,78128.93,1776963597000
1776963598.927,298.927,0.11,0.12,0.88,0.89,0.01,0.01,78128.93,1776963597000
1776963599.334,299.334,0.13,0.18,0.75,0.79,0.05,0.04,78128.93,1776963597000
1776963599.673,299.673,0.14,0.01,0.99,0.86,-0.13,-0.13,78128.81,1776963598000
1776963600.016,300.016,0.14,0.01,0.99,0.86,-0.13,-0.13,78128.81,1776963598000
1776963600.349,300.349,0.14,0.01,0.99,0.86,-0.13,-0.13,78128.72,1776963599000
1776963600.689,300.689,0.14,0.01,0.99,0.86,-0.13,-0.13,78128.72,1776963599000

# RESULT,winner=Down,slug=btc-updown-5m-1776963300,ticks=680
