timestamp,elapsed_sec,up_bid,up_ask,down_bid,down_ask,up_spread,down_spread,btc_price,btc_oracle_ts
1776069600.572,0.572,0.5,0.53,0.49,0.5,0.03,0.01,70701.91,1776069599000
1776069600.914,0.914,0.5,0.51,0.47,0.5,0.01,0.03,70701.91,1776069599000
1776069601.33,1.33,0.5,0.51,0.49,0.5,0.01,0.01,70700.47,1776069600000
1776069601.701,1.701,0.5,0.51,0.49,0.5,0.01,0.01,70700.47,1776069600000
1776069602.066,2.066,0.5,0.51,0.49,0.5,0.01,0.01,70700.47,1776069600000
1776069602.412,2.412,0.5,0.51,0.49,0.5,0.01,0.01,70700.47,1776069600000
1776069602.791,2.791,0.5,0.51,0.49,0.5,0.01,0.01,70697.28,1776069601000
1776069603.138,3.138,0.45,0.46,0.53,0.55,0.01,0.02,70697.28,1776069601000
1776069603.514,3.514,0.45,0.46,0.54,0.55,0.01,0.01,70697.28,1776069601000
1776069603.864,3.864,0.42,0.45,0.55,0.59,0.03,0.04,70697.18,1776069602000
1776069604.203,4.203,0.41,0.42,0.58,0.59,0.01,0.01,70695.13,1776069603000
1776069604.653,4.653,0.39,0.4,0.59,0.6,0.01,0.01,70695.13,1776069603000
1776069605.001,5.001,0.39,0.4,0.6,0.61,0.01,0.01,70695.13,1776069603000
1776069605.364,5.364,0.39,0.4,0.6,0.61,0.01,0.01,70695.13,1776069603000
1776069605.71,5.71,0.39,0.4,0.6,0.61,0.01,0.01,70688.16,1776069604000
1776069606.24,6.24,0.39,0.4,0.6,0.61,0.01,0.01,70688.16,1776069604000
1776069606.649,6.649,0.4,0.41,0.59,0.6,0.01,0.01,70686.2,1776069605000
1776069607.018,7.018,0.39,0.4,0.6,0.61,0.01,0.01,70686.2,1776069605000
1776069607.399,7.399,0.39,0.4,0.6,0.61,0.01,0.01,70686.2,1776069605000
1776069607.983,7.983,0.39,0.4,0.6,0.61,0.01,0.01,70686.2,1776069606000
1776069608.4,8.4,0.38,0.39,0.61,0.62,0.01,0.01,70686.2,1776069607000
1776069608.792,8.792,0.39,0.4,0.6,0.62,0.01,0.02,70686.2,1776069607000
1776069609.217,9.217,0.39,0.4,0.6,0.61,0.01,0.01,70686.2,1776069607000
1776069609.582,9.582,0.4,0.41,0.59,0.6,0.01,0.01,70686.2,1776069608000
1776069610.078,10.078,0.4,0.41,0.59,0.6,0.01,0.01,70686.2,1776069609000
1776069610.454,10.454,0.4,0.41,0.59,0.6,0.01,0.01,70686.2,1776069609000
1776069610.809,10.809,0.4,0.41,0.59,0.6,0.01,0.01,70686.2,1776069609000
1776069611.265,11.265,0.4,0.41,0.59,0.6,0.01,0.01,70686.2,1776069609000
1776069611.632,11.632,0.4,0.41,0.59,0.6,0.01,0.01,70687.0,1776069610000
1776069612.127,12.127,0.4,0.41,0.59,0.6,0.01,0.01,70687.0,1776069611000
1776069612.656,12.656,0.4,0.41,0.59,0.6,0.01,0.01,70687.0,1776069611000
1776069612.989,12.989,0.41,0.42,0.58,0.59,0.01,0.01,70687.0,1776069611000
1776069613.335,13.335,0.41,0.42,0.58,0.59,0.01,0.01,70687.0,1776069611000
1776069613.712,13.712,0.41,0.42,0.58,0.59,0.01,0.01,70687.0,1776069612000
1776069614.251,14.251,0.41,0.42,0.58,0.59,0.01,0.01,70688.2,1776069613000
1776069614.961,14.961,0.42,0.43,0.54,0.59,0.01,0.05,70688.2,1776069613000
1776069615.482,15.482,0.44,0.47,0.53,0.58,0.03,0.05,70688.2,1776069613000
1776069615.845,15.845,0.35,0.39,0.61,0.64,0.04,0.03,70687.05,1776069614000
1776069616.21,16.21,0.37,0.38,0.62,0.63,0.01,0.01,70687.05,1776069614000
1776069616.543,16.543,0.37,0.38,0.62,0.63,0.01,0.01,70686.83,1776069615000
1776069616.903,16.903,0.37,0.38,0.62,0.63,0.01,0.01,70686.83,1776069615000
1776069617.272,17.272,0.37,0.38,0.62,0.63,0.01,0.01,70686.14,1776069616000
1776069617.632,17.632,0.37,0.38,0.62,0.63,0.01,0.01,70686.14,1776069616000
1776069618.087,18.087,0.37,0.38,0.62,0.63,0.01,0.01,70686.14,1776069616000
1776069618.568,18.568,0.38,0.39,0.61,0.62,0.01,0.01,70680.89,1776069617000
1776069619.16,19.16,0.39,0.4,0.61,0.62,0.01,0.01,70680.89,1776069617000
1776069619.733,19.733,0.41,0.42,0.58,0.59,0.01,0.01,70680.89,1776069617000
1776069620.497,20.497,0.42,0.43,0.57,0.59,0.01,0.02,70678.49,1776069619000
1776069620.968,20.968,0.44,0.47,0.53,0.56,0.03,0.03,70678.49,1776069619000
1776069621.31,21.31,0.46,0.47,0.53,0.54,0.01,0.01,70678.49,1776069620000
1776069621.696,21.696,0.46,0.47,0.53,0.54,0.01,0.01,70678.49,1776069620000
1776069622.041,22.041,0.46,0.47,0.53,0.54,0.01,0.01,70681.02,1776069621000
1776069622.479,22.479,0.48,0.49,0.5,0.54,0.01,0.04,70681.02,1776069621000
1776069622.888,22.888,0.49,0.5,0.5,0.51,0.01,0.01,70681.02,1776069621000
1776069623.234,23.234,0.48,0.5,0.5,0.51,0.02,0.01,70685.77,1776069622000
1776069623.609,23.609,0.48,0.49,0.51,0.52,0.01,0.01,70685.77,1776069622000
1776069623.997,23.997,0.48,0.49,0.51,0.52,0.01,0.01,70685.77,1776069622000
1776069624.417,24.417,0.48,0.49,0.51,0.52,0.01,0.01,70683.65,1776069623000
1776069624.811,24.811,0.48,0.51,0.51,0.52,0.03,0.01,70683.65,1776069623000
1776069625.154,25.154,0.49,0.5,0.49,0.52,0.01,0.03,70683.65,1776069623000
1776069625.67,25.67,0.49,0.5,0.5,0.51,0.01,0.01,70684.36,1776069624000
1776069626.024,26.024,0.51,0.52,0.49,0.51,0.01,0.02,70684.36,1776069624000
1776069626.408,26.408,0.52,0.53,0.47,0.48,0.01,0.01,70683.71,1776069625000
1776069626.839,26.839,0.53,0.54,0.45,0.47,0.01,0.02,70683.71,1776069625000
1776069627.173,27.173,0.54,0.55,0.45,0.46,0.01,0.01,70685.16,1776069626000
1776069627.535,27.535,0.54,0.55,0.45,0.46,0.01,0.01,70685.16,1776069626000
1776069628.03,28.03,0.54,0.55,0.45,0.46,0.01,0.01,70686.37,1776069627000
1776069628.375,28.375,0.54,0.55,0.45,0.46,0.01,0.01,70686.37,1776069627000
1776069628.712,28.712,0.54,0.55,0.45,0.46,0.01,0.01,70686.37,1776069627000
1776069629.087,29.087,0.54,0.55,0.45,0.46,0.01,0.01,70687.75,1776069628000
1776069629.508,29.508,0.54,0.55,0.45,0.46,0.01,0.01,70687.75,1776069628000
1776069630.027,30.027,0.54,0.55,0.45,0.46,0.01,0.01,70687.75,1776069628000
1776069630.376,30.376,0.56,0.57,0.43,0.44,0.01,0.01,70687.26,1776069629000
1776069630.714,30.714,0.55,0.57,0.43,0.44,0.02,0.01,70687.26,1776069629000
1776069631.067,31.067,0.55,0.56,0.44,0.45,0.01,0.01,70687.26,1776069629000
1776069631.418,31.418,0.55,0.56,0.44,0.45,0.01,0.01,70687.25,1776069630000
1776069631.751,31.751,0.55,0.56,0.44,0.45,0.01,0.01,70687.25,1776069630000
1776069632.123,32.123,0.55,0.57,0.44,0.45,0.02,0.01,70687.25,1776069630000
1776069632.465,32.465,0.58,0.59,0.41,0.44,0.01,0.03,70687.25,1776069631000
1776069632.876,32.876,0.58,0.59,0.41,0.42,0.01,0.01,70687.25,1776069631000
1776069633.258,33.258,0.59,0.6,0.4,0.42,0.01,0.02,70687.25,1776069631000
1776069633.626,33.626,0.59,0.6,0.4,0.41,0.01,0.01,70687.25,1776069631000
1776069633.962,33.962,0.6,0.64,0.36,0.4,0.04,0.04,70687.35,1776069632000
1776069634.313,34.313,0.62,0.63,0.37,0.38,0.01,0.01,70687.35,1776069632000
1776069634.667,34.667,0.62,0.63,0.37,0.38,0.01,0.01,70687.35,1776069633000
1776069635.005,35.005,0.63,0.64,0.36,0.37,0.01,0.01,70687.35,1776069633000
1776069635.339,35.339,0.62,0.63,0.37,0.38,0.01,0.01,70687.35,1776069634000
1776069635.715,35.715,0.62,0.63,0.37,0.38,0.01,0.01,70687.35,1776069634000
1776069636.346,36.346,0.61,0.62,0.38,0.39,0.01,0.01,70687.35,1776069634000
1776069636.687,36.687,0.62,0.64,0.37,0.38,0.02,0.01,70690.15,1776069635000
1776069637.035,37.035,0.62,0.63,0.37,0.38,0.01,0.01,70690.15,1776069635000
1776069637.386,37.386,0.65,0.66,0.32,0.35,0.01,0.03,70691.26,1776069636000
1776069637.746,37.746,0.65,0.66,0.34,0.35,0.01,0.01,70691.26,1776069636000
1776069638.183,38.183,0.64,0.65,0.35,0.36,0.01,0.01,70691.37,1776069637000
1776069638.538,38.538,0.58,0.65,0.35,0.4,0.07,0.05,70691.37,1776069637000
1776069638.889,38.889,0.44,0.54,0.46,0.56,0.1,0.1,70691.37,1776069637000
1776069639.234,39.234,0.47,0.51,0.49,0.56,0.04,0.07,70691.37,1776069637000
1776069639.617,39.617,0.49,0.5,0.5,0.51,0.01,0.01,70695.17,1776069638000
1776069639.952,39.952,0.49,0.5,0.44,0.45,0.01,0.01,70695.17,1776069638000
1776069640.337,40.337,0.49,0.5,0.5,0.51,0.01,0.01,70695.17,1776069638000
1776069640.682,40.682,0.49,0.5,0.5,0.51,0.01,0.01,70684.24,1776069639000
1776069641.099,41.099,0.48,0.49,0.51,0.52,0.01,0.01,70683.9,1776069640000
1776069641.47,41.47,0.48,0.49,0.51,0.52,0.01,0.01,70683.9,1776069640000
1776069641.829,41.829,0.48,0.49,0.51,0.52,0.01,0.01,70683.9,1776069640000
1776069642.383,42.383,0.48,0.49,0.51,0.52,0.01,0.01,70681.1,1776069641000
1776069642.742,42.742,0.48,0.49,0.51,0.52,0.01,0.01,70681.1,1776069641000
1776069643.133,43.133,0.48,0.49,0.51,0.52,0.01,0.01,70681.1,1776069641000
1776069643.468,43.468,0.49,0.51,0.49,0.5,0.02,0.01,70681.1,1776069642000
1776069643.806,43.806,0.49,0.5,0.5,0.51,0.01,0.01,70681.1,1776069642000
1776069644.192,44.192,0.49,0.5,0.5,0.52,0.01,0.02,70681.1,1776069642000
1776069644.551,44.551,0.49,0.5,0.5,0.51,0.01,0.01,70680.36,1776069643000
1776069644.897,44.897,0.49,0.5,0.5,0.51,0.01,0.01,70680.36,1776069643000
1776069645.236,45.236,0.49,0.5,0.5,0.51,0.01,0.01,70680.36,1776069643000
1776069645.602,45.602,0.49,0.5,0.5,0.51,0.01,0.01,70681.32,1776069644000
1776069645.942,45.942,0.49,0.5,0.5,0.51,0.01,0.01,70681.32,1776069644000
1776069646.289,46.289,0.49,0.5,0.5,0.51,0.01,0.01,70681.32,1776069645000
1776069646.702,46.702,0.49,0.5,0.48,0.51,0.01,0.03,70681.32,1776069645000
1776069647.091,47.091,0.49,0.5,0.5,0.51,0.01,0.01,70681.36,1776069646000
1776069647.437,47.437,0.49,0.5,0.5,0.51,0.01,0.01,70681.36,1776069646000
1776069647.799,47.799,0.49,0.5,0.5,0.51,0.01,0.01,70681.36,1776069646000
1776069648.239,48.239,0.49,0.5,0.5,0.51,0.01,0.01,70681.36,1776069646000
1776069648.583,48.583,0.45,0.47,0.53,0.54,0.02,0.01,70681.36,1776069646000
1776069648.946,48.946,0.45,0.46,0.54,0.55,0.01,0.01,70681.36,1776069646000
1776069649.556,49.556,0.45,0.46,0.54,0.55,0.01,0.01,70681.58,1776069647000
1776069649.933,49.933,0.45,0.46,0.54,0.55,0.01,0.01,70681.58,1776069647000
1776069650.49,50.49,0.45,0.46,0.54,0.55,0.01,0.01,70680.38,1776069648000
1776069650.904,50.904,0.45,0.46,0.54,0.55,0.01,0.01,70679.62,1776069649000
1776069651.321,51.321,0.45,0.46,0.54,0.55,0.01,0.01,70679.62,1776069649000
1776069651.692,51.692,0.45,0.46,0.54,0.55,0.01,0.01,70679.62,1776069650000
1776069652.033,52.033,0.45,0.46,0.54,0.55,0.01,0.01,70679.62,1776069650000
1776069652.479,52.479,0.45,0.46,0.54,0.55,0.01,0.01,70679.62,1776069650000
1776069653.013,53.013,0.45,0.46,0.54,0.55,0.01,0.01,70679.62,1776069651000
1776069653.481,53.481,0.46,0.47,0.53,0.54,0.01,0.01,70679.62,1776069651000
1776069654.108,54.108,0.45,0.46,0.54,0.55,0.01,0.01,70678.33,1776069652000
1776069654.45,54.45,0.43,0.44,0.56,0.57,0.01,0.01,70678.3,1776069653000
1776069654.81,54.81,0.43,0.44,0.56,0.57,0.01,0.01,70678.3,1776069653000
1776069655.152,55.152,0.42,0.44,0.56,0.57,0.02,0.01,70678.28,1776069654000
1776069655.565,55.565,0.41,0.42,0.57,0.6,0.01,0.03,70678.28,1776069654000
1776069655.924,55.924,0.4,0.43,0.59,0.6,0.03,0.01,70678.28,1776069654000
1776069656.325,56.325,0.41,0.42,0.58,0.59,0.01,0.01,70678.28,1776069654000
1776069656.658,56.658,0.4,0.42,0.58,0.6,0.02,0.02,70675.33,1776069655000
1776069657.01,57.01,0.38,0.39,0.59,0.63,0.01,0.04,70675.33,1776069655000
1776069657.589,57.589,0.38,0.39,0.61,0.62,0.01,0.01,70672.71,1776069656000
1776069657.964,57.964,0.38,0.39,0.61,0.62,0.01,0.01,70672.71,1776069656000
1776069658.604,58.604,0.38,0.39,0.61,0.62,0.01,0.01,70672.71,1776069656000
1776069658.984,58.984,0.41,0.42,0.58,0.6,0.01,0.02,70669.19,1776069657000
1776069659.326,59.326,0.42,0.43,0.57,0.58,0.01,0.01,70663.77,1776069658000
1776069659.659,59.659,0.42,0.43,0.57,0.58,0.01,0.01,70663.77,1776069658000
1776069660.004,60.004,0.42,0.43,0.57,0.58,0.01,0.01,70663.77,1776069658000
1776069660.36,60.36,0.41,0.43,0.58,0.59,0.02,0.01,70663.77,1776069658000
1776069660.72,60.72,0.41,0.42,0.58,0.59,0.01,0.01,70663.77,1776069659000
1776069661.073,61.073,0.41,0.42,0.58,0.59,0.01,0.01,70663.77,1776069659000
1776069661.469,61.469,0.41,0.42,0.58,0.59,0.01,0.01,70663.77,1776069659000
1776069661.898,61.898,0.44,0.45,0.55,0.56,0.01,0.01,70663.77,1776069660000
1776069662.305,62.305,0.44,0.45,0.55,0.56,0.01,0.01,70664.19,1776069661000
1776069662.709,62.709,0.43,0.44,0.56,0.57,0.01,0.01,70664.19,1776069661000
1776069663.05,63.05,0.44,0.46,0.54,0.56,0.02,0.02,70664.19,1776069661000
1776069663.39,63.39,0.45,0.46,0.54,0.55,0.01,0.01,70664.19,1776069661000
1776069663.956,63.956,0.45,0.46,0.54,0.55,0.01,0.01,70669.22,1776069662000
1776069664.45,64.45,0.45,0.46,0.54,0.55,0.01,0.01,70669.22,1776069662000
1776069664.926,64.926,0.37,0.38,0.62,0.64,0.01,0.02,70670.48,1776069663000
1776069665.297,65.297,0.37,0.38,0.62,0.64,0.01,0.02,70670.48,1776069663000
1776069665.634,65.634,0.37,0.38,0.62,0.63,0.01,0.01,70670.08,1776069664000
1776069666.006,66.006,0.36,0.37,0.63,0.64,0.01,0.01,70670.08,1776069664000
1776069666.431,66.431,0.36,0.37,0.63,0.64,0.01,0.01,70670.08,1776069664000
1776069666.805,66.805,0.36,0.37,0.63,0.64,0.01,0.01,70670.08,1776069664000
1776069667.227,67.227,0.36,0.37,0.63,0.64,0.01,0.01,70663.53,1776069665000
1776069667.575,67.575,0.35,0.37,0.63,0.65,0.02,0.02,70663.53,1776069666000
1776069667.913,67.913,0.35,0.36,0.64,0.65,0.01,0.01,70663.53,1776069666000
1776069668.272,68.272,0.35,0.36,0.64,0.65,0.01,0.01,70663.53,1776069666000
1776069668.673,68.673,0.35,0.36,0.64,0.65,0.01,0.01,70663.53,1776069666000
1776069669.018,69.018,0.35,0.36,0.64,0.65,0.01,0.01,70663.53,1776069667000
1776069669.379,69.379,0.35,0.36,0.64,0.65,0.01,0.01,70663.53,1776069668000
1776069669.776,69.776,0.35,0.38,0.64,0.65,0.03,0.01,70663.53,1776069668000
1776069670.262,70.262,0.36,0.37,0.63,0.64,0.01,0.01,70660.44,1776069669000
1776069670.731,70.731,0.36,0.37,0.63,0.64,0.01,0.01,70660.44,1776069669000
1776069671.07,71.07,0.41,0.42,0.58,0.59,0.01,0.01,70659.84,1776069670000
1776069671.421,71.421,0.4,0.41,0.59,0.6,0.01,0.01,70659.84,1776069670000
1776069671.86,71.86,0.4,0.41,0.59,0.6,0.01,0.01,70659.84,1776069670000
1776069672.194,72.194,0.4,0.41,0.59,0.6,0.01,0.01,70659.84,1776069671000
1776069672.55,72.55,0.38,0.39,0.61,0.62,0.01,0.01,70659.84,1776069671000
1776069673.042,73.042,0.37,0.38,0.62,0.63,0.01,0.01,70659.84,1776069672000
1776069673.444,73.444,0.37,0.38,0.62,0.63,0.01,0.01,70659.84,1776069672000
1776069673.806,73.806,0.36,0.38,0.62,0.63,0.02,0.01,70659.84,1776069672000
1776069674.209,74.209,0.36,0.37,0.63,0.64,0.01,0.01,70659.84,1776069673000
1776069674.818,74.818,0.36,0.37,0.63,0.64,0.01,0.01,70659.84,1776069673000
1776069675.199,75.199,0.36,0.37,0.63,0.64,0.01,0.01,70659.8,1776069674000
1776069675.74,75.74,0.4,0.41,0.59,0.6,0.01,0.01,70659.8,1776069674000
1776069676.164,76.164,0.42,0.44,0.56,0.59,0.02,0.03,70659.84,1776069675000
1776069676.521,76.521,0.42,0.43,0.57,0.58,0.01,0.01,70659.84,1776069675000
1776069676.91,76.91,0.4,0.41,0.58,0.59,0.01,0.01,70659.84,1776069675000
1776069677.257,77.257,0.39,0.4,0.6,0.61,0.01,0.01,70659.84,1776069675000
1776069677.594,77.594,0.38,0.39,0.6,0.62,0.01,0.02,70661.92,1776069676000
1776069678.033,78.033,0.38,0.39,0.61,0.62,0.01,0.01,70661.92,1776069676000
1776069678.608,78.608,0.38,0.39,0.61,0.62,0.01,0.01,70660.86,1776069677000
1776069679.106,79.106,0.38,0.39,0.61,0.62,0.01,0.01,70660.86,1776069677000
1776069679.454,79.454,0.35,0.36,0.64,0.65,0.01,0.01,70661.78,1776069678000
1776069679.867,79.867,0.35,0.36,0.64,0.65,0.01,0.01,70661.78,1776069678000
1776069680.204,80.204,0.35,0.38,0.62,0.65,0.03,0.03,70660.67,1776069679000
1776069680.557,80.557,0.37,0.38,0.62,0.63,0.01,0.01,70660.67,1776069679000
1776069680.89,80.89,0.36,0.38,0.62,0.63,0.02,0.01,70660.67,1776069679000
1776069681.274,81.274,0.37,0.38,0.62,0.63,0.01,0.01,70660.67,1776069679000
1776069681.607,81.607,0.36,0.37,0.63,0.65,0.01,0.02,70659.15,1776069680000
1776069681.961,81.961,0.35,0.36,0.64,0.65,0.01,0.01,70659.15,1776069680000
1776069682.295,82.295,0.33,0.35,0.65,0.66,0.02,0.01,70659.15,1776069680000
1776069682.629,82.629,0.3,0.32,0.68,0.7,0.02,0.02,70658.59,1776069681000
1776069682.966,82.966,0.3,0.32,0.68,0.7,0.02,0.02,70658.59,1776069681000
1776069683.307,83.307,0.27,0.28,0.72,0.73,0.01,0.01,70658.59,1776069682000
1776069683.652,83.652,0.26,0.27,0.73,0.74,0.01,0.01,70658.59,1776069682000
1776069683.988,83.988,0.27,0.28,0.73,0.74,0.01,0.01,70658.59,1776069682000
1776069684.325,84.325,0.27,0.29,0.71,0.73,0.02,0.02,70640.4,1776069683000
1776069684.669,84.669,0.28,0.3,0.7,0.72,0.02,0.02,70640.4,1776069683000
1776069685.012,85.012,0.31,0.32,0.68,0.69,0.01,0.01,70640.4,1776069683000
1776069685.353,85.353,0.31,0.33,0.67,0.69,0.02,0.02,70640.4,1776069683000
1776069685.688,85.688,0.33,0.34,0.66,0.67,0.01,0.01,70631.63,1776069684000
1776069686.028,86.028,0.34,0.35,0.65,0.66,0.01,0.01,70631.63,1776069684000
1776069686.39,86.39,0.34,0.35,0.65,0.66,0.01,0.01,70631.63,1776069684000
1776069686.741,86.741,0.34,0.35,0.65,0.66,0.01,0.01,70654.23,1776069685000
1776069687.082,87.082,0.34,0.35,0.65,0.66,0.01,0.01,70654.3,1776069686000
1776069687.565,87.565,0.34,0.35,0.65,0.66,0.01,0.01,70654.3,1776069686000
1776069688.012,88.012,0.34,0.35,0.65,0.66,0.01,0.01,70655.56,1776069687000
1776069688.543,88.543,0.34,0.35,0.65,0.66,0.01,0.01,70655.56,1776069687000
1776069688.877,88.877,0.35,0.37,0.63,0.65,0.02,0.02,70655.56,1776069687000
1776069689.211,89.211,0.32,0.33,0.67,0.68,0.01,0.01,70655.56,1776069688000
1776069689.551,89.551,0.32,0.33,0.67,0.68,0.01,0.01,70655.56,1776069688000
1776069689.886,89.886,0.36,0.37,0.63,0.64,0.01,0.01,70655.56,1776069688000
1776069690.219,90.219,0.37,0.38,0.62,0.63,0.01,0.01,70655.56,1776069688000
1776069690.573,90.573,0.37,0.38,0.62,0.63,0.01,0.01,70655.64,1776069689000
1776069690.91,90.91,0.37,0.38,0.62,0.63,0.01,0.01,70655.64,1776069689000
1776069691.253,91.253,0.37,0.38,0.62,0.63,0.01,0.01,70654.59,1776069690000
1776069691.593,91.593,0.37,0.39,0.61,0.63,0.02,0.02,70654.59,1776069690000
1776069691.935,91.935,0.38,0.39,0.61,0.62,0.01,0.01,70654.59,1776069690000
1776069692.278,92.278,0.38,0.4,0.6,0.62,0.02,0.02,70657.69,1776069691000
1776069692.615,92.615,0.42,0.43,0.57,0.58,0.01,0.01,70657.69,1776069691000
1776069692.954,92.954,0.42,0.44,0.56,0.58,0.02,0.02,70657.69,1776069691000
1776069693.289,93.289,0.43,0.44,0.56,0.57,0.01,0.01,70672.22,1776069692000
1776069693.636,93.636,0.43,0.44,0.56,0.57,0.01,0.01,70672.22,1776069692000
1776069694.103,94.103,0.44,0.46,0.55,0.56,0.02,0.01,70672.22,1776069692000
1776069694.511,94.511,0.44,0.45,0.55,0.56,0.01,0.01,70680.64,1776069693000
1776069694.882,94.882,0.44,0.45,0.55,0.56,0.01,0.01,70680.64,1776069693000
1776069695.826,95.826,0.44,0.45,0.55,0.56,0.01,0.01,70680.64,1776069693000
1776069696.217,96.217,0.45,0.46,0.54,0.55,0.01,0.01,70683.29,1776069694000
1776069696.572,96.572,0.45,0.46,0.54,0.55,0.01,0.01,70683.07,1776069695000
1776069697.098,97.098,0.45,0.46,0.54,0.55,0.01,0.01,70681.73,1776069696000
1776069697.528,97.528,0.45,0.46,0.54,0.55,0.01,0.01,70681.73,1776069696000
1776069697.869,97.869,0.46,0.47,0.53,0.55,0.01,0.02,70681.73,1776069696000
1776069698.203,98.203,0.47,0.48,0.52,0.53,0.01,0.01,70681.69,1776069697000
1776069698.539,98.539,0.48,0.49,0.51,0.52,0.01,0.01,70681.69,1776069697000
1776069698.875,98.875,0.45,0.47,0.53,0.55,0.02,0.02,70681.69,1776069697000
1776069699.217,99.217,0.47,0.48,0.52,0.53,0.01,0.01,70681.69,1776069697000
1776069699.551,99.551,0.47,0.48,0.52,0.53,0.01,0.01,70687.11,1776069698000
1776069699.885,99.885,0.47,0.48,0.52,0.53,0.01,0.01,70687.11,1776069698000
1776069700.223,100.223,0.47,0.48,0.52,0.53,0.01,0.01,70687.11,1776069698000
1776069700.606,100.606,0.46,0.47,0.53,0.54,0.01,0.01,70686.92,1776069699000
1776069700.961,100.961,0.46,0.47,0.53,0.54,0.01,0.01,70687.15,1776069700000
1776069701.33,101.33,0.47,0.48,0.51,0.54,0.01,0.03,70687.15,1776069700000
1776069701.758,101.758,0.47,0.48,0.52,0.53,0.01,0.01,70687.15,1776069700000
1776069702.101,102.101,0.46,0.48,0.52,0.53,0.02,0.01,70687.15,1776069700000
1776069702.436,102.436,0.46,0.47,0.53,0.54,0.01,0.01,70686.66,1776069701000
1776069702.769,102.769,0.47,0.48,0.52,0.53,0.01,0.01,70686.66,1776069701000
1776069703.203,103.203,0.47,0.48,0.52,0.53,0.01,0.01,70686.66,1776069701000
1776069703.537,103.537,0.47,0.48,0.52,0.53,0.01,0.01,70686.33,1776069702000
1776069704.141,104.141,0.47,0.48,0.52,0.53,0.01,0.01,70686.33,1776069702000
1776069704.512,104.512,0.47,0.48,0.52,0.53,0.01,0.01,70686.61,1776069703000
1776069704.846,104.846,0.46,0.48,0.52,0.54,0.02,0.02,70686.61,1776069703000
1776069705.196,105.196,0.46,0.47,0.53,0.54,0.01,0.01,70686.61,1776069703000
1776069705.53,105.53,0.46,0.47,0.53,0.54,0.01,0.01,70686.86,1776069704000
1776069705.869,105.869,0.46,0.47,0.53,0.54,0.01,0.01,70686.86,1776069704000
1776069706.455,106.455,0.46,0.47,0.53,0.54,0.01,0.01,70686.89,1776069705000
1776069706.836,106.836,0.46,0.47,0.53,0.54,0.01,0.01,70686.89,1776069705000
1776069707.184,107.184,0.46,0.47,0.53,0.54,0.01,0.01,70686.95,1776069706000
1776069707.653,107.653,0.48,0.49,0.52,0.53,0.01,0.01,70686.95,1776069706000
1776069707.995,107.995,0.48,0.49,0.51,0.52,0.01,0.01,70686.95,1776069706000
1776069708.487,108.487,0.47,0.48,0.51,0.53,0.01,0.02,70687.83,1776069707000
1776069708.826,108.826,0.44,0.46,0.54,0.56,0.02,0.02,70687.83,1776069707000
1776069709.167,109.167,0.4,0.43,0.57,0.6,0.03,0.03,70687.83,1776069707000
1776069709.501,109.501,0.4,0.41,0.59,0.6,0.01,0.01,70686.9,1776069708000
1776069709.847,109.847,0.39,0.41,0.59,0.6,0.02,0.01,70686.9,1776069708000
1776069710.201,110.201,0.38,0.41,0.59,0.62,0.03,0.03,70683.42,1776069709000
1776069710.696,110.696,0.39,0.4,0.6,0.61,0.01,0.01,70683.42,1776069709000
1776069711.139,111.139,0.39,0.4,0.6,0.61,0.01,0.01,70677.1,1776069710000
1776069711.479,111.479,0.36,0.4,0.6,0.64,0.04,0.04,70677.1,1776069710000
1776069711.901,111.901,0.36,0.37,0.63,0.64,0.01,0.01,70677.1,1776069710000
1776069712.286,112.286,0.35,0.36,0.64,0.65,0.01,0.01,70677.17,1776069711000
1776069712.678,112.678,0.35,0.36,0.64,0.65,0.01,0.01,70677.17,1776069711000
1776069713.068,113.068,0.35,0.36,0.64,0.65,0.01,0.01,70677.17,1776069711000
1776069713.407,113.407,0.33,0.34,0.65,0.68,0.01,0.03,70675.13,1776069712000
1776069713.85,113.85,0.33,0.34,0.66,0.67,0.01,0.01,70675.13,1776069712000
1776069714.355,114.355,0.33,0.34,0.66,0.67,0.01,0.01,70671.37,1776069713000
1776069714.714,114.714,0.33,0.34,0.66,0.67,0.01,0.01,70671.37,1776069713000
1776069715.098,115.098,0.33,0.34,0.66,0.67,0.01,0.01,70669.24,1776069714000
1776069715.442,115.442,0.33,0.34,0.66,0.67,0.01,0.01,70669.24,1776069714000
1776069715.779,115.779,0.33,0.34,0.66,0.67,0.01,0.01,70669.24,1776069714000
1776069716.116,116.116,0.33,0.34,0.66,0.67,0.01,0.01,70669.24,1776069715000
1776069716.453,116.453,0.33,0.34,0.66,0.67,0.01,0.01,70669.24,1776069715000
1776069716.791,116.791,0.33,0.34,0.66,0.67,0.01,0.01,70669.24,1776069715000
1776069717.131,117.131,0.33,0.34,0.66,0.67,0.01,0.01,70669.28,1776069716000
1776069717.474,117.474,0.33,0.34,0.66,0.67,0.01,0.01,70669.28,1776069716000
1776069717.842,117.842,0.32,0.33,0.67,0.68,0.01,0.01,70669.28,1776069716000
1776069718.304,118.304,0.32,0.33,0.67,0.68,0.01,0.01,70669.28,1776069717000
1776069718.847,118.847,0.32,0.33,0.67,0.68,0.01,0.01,70669.28,1776069717000
1776069719.284,119.284,0.31,0.32,0.67,0.68,0.01,0.01,70668.93,1776069718000
1776069719.626,119.626,0.31,0.32,0.68,0.69,0.01,0.01,70668.93,1776069718000
1776069719.991,119.991,0.31,0.32,0.68,0.69,0.01,0.01,70668.66,1776069719000
1776069720.408,120.408,0.31,0.32,0.68,0.69,0.01,0.01,70668.66,1776069719000
1776069720.756,120.756,0.31,0.36,0.64,0.69,0.05,0.05,70668.66,1776069719000
1776069721.129,121.129,0.4,0.41,0.58,0.63,0.01,0.05,70668.66,1776069720000
1776069721.508,121.508,0.4,0.43,0.57,0.6,0.03,0.03,70668.66,1776069720000
1776069721.85,121.85,0.4,0.44,0.56,0.6,0.04,0.04,70668.66,1776069720000
1776069722.185,122.185,0.42,0.44,0.57,0.58,0.02,0.01,70669.08,1776069721000
1776069722.786,122.786,0.43,0.44,0.56,0.57,0.01,0.01,70669.08,1776069721000
1776069723.142,123.142,0.43,0.44,0.56,0.57,0.01,0.01,70676.05,1776069722000
1776069723.484,123.484,0.38,0.39,0.61,0.62,0.01,0.01,70676.05,1776069722000
1776069723.847,123.847,0.36,0.38,0.61,0.63,0.02,0.02,70676.05,1776069722000
1776069724.208,124.208,0.36,0.37,0.63,0.64,0.01,0.01,70679.76,1776069723000
1776069724.557,124.557,0.35,0.36,0.64,0.65,0.01,0.01,70679.76,1776069723000
1776069724.895,124.895,0.34,0.36,0.64,0.65,0.02,0.01,70679.76,1776069723000
1776069725.241,125.241,0.33,0.34,0.66,0.67,0.01,0.01,70679.76,1776069723000
1776069725.828,125.828,0.33,0.34,0.66,0.67,0.01,0.01,70675.64,1776069724000
1776069726.278,126.278,0.32,0.33,0.66,0.68,0.01,0.02,70675.64,1776069724000
1776069726.627,126.627,0.31,0.32,0.68,0.69,0.01,0.01,70671.81,1776069725000
1776069726.98,126.98,0.31,0.32,0.68,0.69,0.01,0.01,70671.81,1776069725000
1776069727.581,127.581,0.3,0.31,0.68,0.7,0.01,0.02,70670.99,1776069726000
1776069727.915,127.915,0.3,0.31,0.69,0.7,0.01,0.01,70670.99,1776069726000
1776069728.349,128.349,0.3,0.31,0.69,0.7,0.01,0.01,70670.49,1776069727000
1776069728.787,128.787,0.29,0.3,0.7,0.71,0.01,0.01,70670.49,1776069727000
1776069729.208,129.208,0.29,0.3,0.7,0.71,0.01,0.01,70668.52,1776069728000
1776069729.651,129.651,0.29,0.3,0.7,0.71,0.01,0.01,70668.52,1776069728000
1776069729.989,129.989,0.29,0.3,0.7,0.71,0.01,0.01,70668.52,1776069728000
1776069730.325,130.325,0.29,0.3,0.7,0.71,0.01,0.01,70666.95,1776069729000
1776069730.665,130.665,0.29,0.3,0.7,0.71,0.01,0.01,70666.95,1776069729000
1776069731.004,131.004,0.29,0.3,0.7,0.71,0.01,0.01,70666.95,1776069729000
1776069731.355,131.355,0.3,0.31,0.69,0.7,0.01,0.01,70666.95,1776069729000
1776069731.722,131.722,0.3,0.31,0.69,0.7,0.01,0.01,70666.62,1776069730000
1776069732.104,132.104,0.3,0.31,0.69,0.7,0.01,0.01,70666.62,1776069731000
1776069732.829,132.829,0.3,0.31,0.69,0.7,0.01,0.01,70666.62,1776069731000
1776069733.171,133.171,0.25,0.3,0.7,0.75,0.05,0.05,70666.62,1776069731000
1776069733.507,133.507,0.22,0.24,0.76,0.78,0.02,0.02,70666.56,1776069732000
1776069733.847,133.847,0.2,0.23,0.77,0.8,0.03,0.03,70666.56,1776069732000
1776069734.183,134.183,0.16,0.2,0.8,0.84,0.04,0.04,70666.56,1776069732000
1776069734.525,134.525,0.14,0.16,0.84,0.86,0.02,0.02,70642.19,1776069733000
1776069734.864,134.864,0.13,0.15,0.85,0.87,0.02,0.02,70642.19,1776069733000
1776069735.204,135.204,0.12,0.14,0.86,0.88,0.02,0.02,70606.22,1776069734000
1776069735.552,135.552,0.13,0.14,0.86,0.87,0.01,0.01,70606.22,1776069734000
1776069735.886,135.886,0.15,0.16,0.84,0.85,0.01,0.01,70606.22,1776069734000
1776069736.225,136.225,0.15,0.16,0.84,0.85,0.01,0.01,70606.22,1776069734000
1776069736.567,136.567,0.15,0.16,0.84,0.85,0.01,0.01,70606.22,1776069734000
1776069736.91,136.91,0.15,0.16,0.84,0.85,0.01,0.01,70612.06,1776069735000
1776069737.253,137.253,0.15,0.17,0.84,0.85,0.02,0.01,70612.06,1776069735000
1776069737.591,137.591,0.16,0.17,0.83,0.84,0.01,0.01,70617.72,1776069736000
1776069737.937,137.937,0.16,0.17,0.83,0.84,0.01,0.01,70617.72,1776069736000
1776069738.28,138.28,0.16,0.17,0.83,0.84,0.01,0.01,70617.72,1776069736000
1776069738.623,138.623,0.16,0.17,0.83,0.84,0.01,0.01,70615.25,1776069737000
1776069739.177,139.177,0.15,0.16,0.84,0.85,0.01,0.01,70615.25,1776069737000
1776069739.635,139.635,0.15,0.17,0.84,0.85,0.02,0.01,70617.55,1776069738000
1776069739.971,139.971,0.16,0.17,0.83,0.84,0.01,0.01,70617.55,1776069738000
1776069740.36,140.36,0.16,0.17,0.83,0.84,0.01,0.01,70616.55,1776069739000
1776069740.702,140.702,0.16,0.17,0.83,0.84,0.01,0.01,70616.55,1776069739000
1776069741.04,141.04,0.16,0.17,0.83,0.84,0.01,0.01,70616.55,1776069739000
1776069741.388,141.388,0.16,0.17,0.83,0.84,0.01,0.01,70616.55,1776069739000
1776069741.886,141.886,0.16,0.17,0.83,0.84,0.01,0.01,70619.35,1776069740000
1776069742.273,142.273,0.16,0.17,0.83,0.84,0.01,0.01,70619.76,1776069741000
1776069742.643,142.643,0.14,0.16,0.83,0.86,0.02,0.03,70619.76,1776069741000
1776069742.993,142.993,0.14,0.15,0.85,0.86,0.01,0.01,70618.09,1776069742000
1776069743.367,143.367,0.14,0.15,0.85,0.86,0.01,0.01,70618.09,1776069742000
1776069743.726,143.726,0.14,0.15,0.85,0.86,0.01,0.01,70618.09,1776069742000
1776069744.077,144.077,0.14,0.15,0.85,0.86,0.01,0.01,70618.83,1776069743000
1776069744.467,144.467,0.14,0.15,0.85,0.86,0.01,0.01,70618.83,1776069743000
1776069744.804,144.804,0.15,0.16,0.83,0.85,0.01,0.02,70618.83,1776069743000
1776069745.157,145.157,0.15,0.16,0.84,0.85,0.01,0.01,70618.83,1776069743000
1776069745.497,145.497,0.11,0.16,0.86,0.89,0.05,0.03,70618.83,1776069744000
1776069745.89,145.89,0.11,0.14,0.86,0.88,0.03,0.02,70618.83,1776069744000
1776069746.242,146.242,0.13,0.16,0.86,0.87,0.03,0.01,70618.83,1776069745000
1776069746.576,146.576,0.17,0.18,0.82,0.83,0.01,0.01,70618.83,1776069745000
1776069746.916,146.916,0.17,0.18,0.82,0.83,0.01,0.01,70618.83,1776069745000
1776069747.251,147.251,0.18,0.19,0.81,0.82,0.01,0.01,70618.83,1776069745000
1776069747.618,147.618,0.2,0.21,0.79,0.81,0.01,0.02,70618.83,1776069746000
1776069747.986,147.986,0.2,0.22,0.79,0.8,0.02,0.01,70618.83,1776069746000
1776069748.326,148.326,0.22,0.23,0.77,0.78,0.01,0.01,70626.85,1776069747000
1776069748.672,148.672,0.22,0.23,0.77,0.78,0.01,0.01,70626.85,1776069747000
1776069749.039,149.039,0.23,0.24,0.76,0.77,0.01,0.01,70626.85,1776069747000
1776069749.468,149.468,0.23,0.24,0.76,0.77,0.01,0.01,70630.33,1776069748000
1776069749.874,149.874,0.21,0.22,0.77,0.79,0.01,0.02,70630.33,1776069748000
1776069750.283,150.283,0.2,0.21,0.78,0.79,0.01,0.01,70630.33,1776069748000
1776069750.635,150.635,0.2,0.21,0.79,0.8,0.01,0.01,70633.08,1776069749000
1776069750.995,150.995,0.19,0.2,0.8,0.81,0.01,0.01,70633.08,1776069749000
1776069751.329,151.329,0.19,0.2,0.8,0.81,0.01,0.01,70637.73,1776069750000
1776069751.666,151.666,0.18,0.19,0.81,0.82,0.01,0.01,70637.73,1776069750000
1776069752.036,152.036,0.18,0.19,0.81,0.82,0.01,0.01,70637.73,1776069750000
1776069752.396,152.396,0.17,0.18,0.82,0.83,0.01,0.01,70638.16,1776069751000
1776069752.758,152.758,0.17,0.18,0.82,0.83,0.01,0.01,70638.16,1776069751000
1776069753.238,153.238,0.18,0.22,0.81,0.82,0.04,0.01,70638.16,1776069751000
1776069754.037,154.037,0.2,0.21,0.79,0.8,0.01,0.01,70637.37,1776069752000
1776069754.406,154.406,0.18,0.21,0.79,0.8,0.03,0.01,70637.37,1776069752000
1776069754.739,154.739,0.18,0.19,0.81,0.82,0.01,0.01,70635.93,1776069753000
1776069755.326,155.326,0.17,0.18,0.81,0.83,0.01,0.02,70635.93,1776069754000
1776069755.676,155.676,0.17,0.18,0.82,0.83,0.01,0.01,70635.93,1776069754000
1776069756.252,156.252,0.17,0.18,0.82,0.83,0.01,0.01,70635.52,1776069755000
1776069756.593,156.593,0.17,0.18,0.82,0.83,0.01,0.01,70635.52,1776069755000
1776069756.968,156.968,0.17,0.18,0.82,0.83,0.01,0.01,70635.52,1776069755000
1776069757.331,157.331,0.17,0.18,0.82,0.83,0.01,0.01,70635.52,1776069755000
1776069757.908,157.908,0.17,0.18,0.82,0.83,0.01,0.01,70636.01,1776069757000
1776069758.267,158.267,0.17,0.18,0.82,0.83,0.01,0.01,70636.01,1776069757000
1776069758.877,158.877,0.18,0.19,0.81,0.82,0.01,0.01,70636.01,1776069757000
1776069759.498,159.498,0.17,0.19,0.81,0.83,0.02,0.02,70635.42,1776069758000
1776069760.147,160.147,0.18,0.19,0.81,0.82,0.01,0.01,70635.73,1776069759000
1776069760.516,160.516,0.18,0.19,0.81,0.82,0.01,0.01,70635.73,1776069759000
1776069760.876,160.876,0.18,0.19,0.81,0.82,0.01,0.01,70635.73,1776069759000
1776069761.232,161.232,0.17,0.19,0.81,0.83,0.02,0.02,70635.73,1776069759000
1776069761.759,161.759,0.17,0.18,0.81,0.82,0.01,0.01,70635.07,1776069760000
1776069762.123,162.123,0.17,0.18,0.82,0.83,0.01,0.01,70635.07,1776069760000
1776069762.546,162.546,0.17,0.18,0.82,0.83,0.01,0.01,70636.27,1776069761000
1776069762.88,162.88,0.16,0.18,0.82,0.83,0.02,0.01,70636.27,1776069761000
1776069763.219,163.219,0.16,0.17,0.83,0.84,0.01,0.01,70635.67,1776069762000
1776069763.557,163.557,0.16,0.17,0.83,0.84,0.01,0.01,70635.67,1776069762000
1776069764.011,164.011,0.14,0.15,0.83,0.84,0.01,0.01,70635.67,1776069762000
1776069764.361,164.361,0.14,0.15,0.85,0.86,0.01,0.01,70635.66,1776069763000
1776069764.751,164.751,0.14,0.15,0.84,0.86,0.01,0.02,70635.66,1776069763000
1776069765.238,165.238,0.14,0.15,0.84,0.85,0.01,0.01,70635.66,1776069763000
1776069765.677,165.677,0.14,0.15,0.85,0.86,0.01,0.01,70635.66,1776069763000
1776069766.015,166.015,0.14,0.15,0.85,0.86,0.01,0.01,70635.0,1776069764000
1776069766.401,166.401,0.13,0.14,0.86,0.87,0.01,0.01,70630.65,1776069765000
1776069766.782,166.782,0.13,0.14,0.86,0.87,0.01,0.01,70630.65,1776069765000
1776069767.281,167.281,0.13,0.14,0.86,0.87,0.01,0.01,70630.65,1776069765000
1776069767.71,167.71,0.13,0.14,0.86,0.87,0.01,0.01,70630.36,1776069766000
1776069768.244,168.244,0.13,0.14,0.86,0.87,0.01,0.01,70630.35,1776069767000
1776069768.696,168.696,0.14,0.15,0.85,0.86,0.01,0.01,70630.35,1776069767000
1776069769.121,169.121,0.14,0.15,0.85,0.86,0.01,0.01,70630.35,1776069767000
1776069769.599,169.599,0.14,0.15,0.85,0.86,0.01,0.01,70630.64,1776069768000
1776069770.05,170.05,0.14,0.15,0.85,0.86,0.01,0.01,70630.9,1776069769000
1776069770.498,170.498,0.14,0.15,0.85,0.86,0.01,0.01,70630.9,1776069769000
1776069770.863,170.863,0.14,0.15,0.85,0.86,0.01,0.01,70630.9,1776069769000
1776069771.304,171.304,0.12,0.15,0.85,0.86,0.03,0.01,70630.9,1776069769000
1776069771.644,171.644,0.12,0.13,0.87,0.88,0.01,0.01,70630.92,1776069770000
1776069772.117,172.117,0.14,0.15,0.85,0.87,0.01,0.02,70630.92,1776069770000
1776069772.501,172.501,0.14,0.15,0.85,0.86,0.01,0.01,70630.7,1776069771000
1776069772.885,172.885,0.13,0.14,0.86,0.87,0.01,0.01,70630.7,1776069771000
1776069773.281,173.281,0.12,0.13,0.87,0.88,0.01,0.01,70630.7,1776069771000
1776069773.675,173.675,0.12,0.13,0.87,0.88,0.01,0.01,70630.7,1776069771000
1776069774.009,174.009,0.14,0.15,0.85,0.86,0.01,0.01,70630.7,1776069771000
1776069774.512,174.512,0.14,0.15,0.85,0.86,0.01,0.01,70630.92,1776069773000
1776069774.865,174.865,0.14,0.15,0.85,0.86,0.01,0.01,70630.92,1776069773000
1776069775.345,175.345,0.13,0.14,0.86,0.87,0.01,0.01,70630.92,1776069773000
1776069775.78,175.78,0.13,0.14,0.86,0.87,0.01,0.01,70630.92,1776069773000
1776069776.252,176.252,0.13,0.14,0.86,0.87,0.01,0.01,70633.85,1776069774000
1776069776.626,176.626,0.16,0.17,0.83,0.84,0.01,0.01,70633.85,1776069774000
1776069777.26,177.26,0.16,0.17,0.83,0.84,0.01,0.01,70634.8,1776069775000
1776069777.839,177.839,0.15,0.16,0.83,0.85,0.01,0.02,70634.81,1776069776000
1776069778.257,178.257,0.15,0.16,0.84,0.85,0.01,0.01,70637.49,1776069777000
1776069778.636,178.636,0.15,0.16,0.84,0.85,0.01,0.01,70637.49,1776069777000
1776069779.224,179.224,0.16,0.18,0.82,0.85,0.02,0.03,70637.49,1776069777000
1776069779.642,179.642,0.17,0.18,0.82,0.84,0.01,0.02,70637.49,1776069777000
1776069779.977,179.977,0.17,0.18,0.82,0.83,0.01,0.01,70637.49,1776069777000
1776069780.341,180.341,0.17,0.18,0.82,0.83,0.01,0.01,70639.17,1776069778000
1776069780.704,180.704,0.16,0.17,0.83,0.84,0.01,0.01,70639.17,1776069778000
1776069781.143,181.143,0.2,0.21,0.8,0.81,0.01,0.01,70639.17,1776069779000
1776069781.477,181.477,0.2,0.21,0.79,0.8,0.01,0.01,70639.17,1776069779000
1776069781.816,181.816,0.2,0.21,0.79,0.8,0.01,0.01,70639.17,1776069780000
1776069782.166,182.166,0.2,0.21,0.79,0.8,0.01,0.01,70639.17,1776069780000
1776069782.57,182.57,0.2,0.21,0.79,0.8,0.01,0.01,70639.64,1776069781000
1776069783.016,183.016,0.22,0.23,0.77,0.78,0.01,0.01,70639.64,1776069781000
1776069783.44,183.44,0.23,0.24,0.76,0.78,0.01,0.02,70639.64,1776069781000
1776069783.86,183.86,0.23,0.24,0.76,0.77,0.01,0.01,70649.77,1776069782000
1776069784.211,184.211,0.23,0.24,0.76,0.77,0.01,0.01,70649.77,1776069782000
1776069784.66,184.66,0.24,0.25,0.75,0.76,0.01,0.01,70649.77,1776069782000
1776069785.407,185.407,0.24,0.25,0.75,0.76,0.01,0.01,70653.07,1776069784000
1776069786.165,186.165,0.24,0.25,0.75,0.76,0.01,0.01,70653.07,1776069784000
1776069786.573,186.573,0.24,0.25,0.75,0.76,0.01,0.01,70653.07,1776069784000
1776069786.917,186.917,0.24,0.25,0.75,0.76,0.01,0.01,70653.07,1776069784000
1776069787.269,187.269,0.24,0.25,0.75,0.76,0.01,0.01,70656.97,1776069786000
1776069788.118,188.118,0.24,0.25,0.75,0.76,0.01,0.01,70657.11,1776069787000
1776069788.696,188.696,0.23,0.25,0.75,0.76,0.02,0.01,70657.11,1776069787000
1776069789.035,189.035,0.22,0.24,0.76,0.77,0.02,0.01,70657.11,1776069787000
1776069789.653,189.653,0.23,0.24,0.76,0.77,0.01,0.01,70657.85,1776069788000
1776069790.1,190.1,0.22,0.24,0.76,0.77,0.02,0.01,70657.85,1776069788000
1776069790.45,190.45,0.19,0.21,0.79,0.8,0.02,0.01,70657.85,1776069788000
1776069790.894,190.894,0.18,0.19,0.81,0.82,0.01,0.01,70658.58,1776069789000
1776069791.245,191.245,0.18,0.19,0.81,0.82,0.01,0.01,70658.58,1776069790000
1776069791.677,191.677,0.18,0.19,0.81,0.82,0.01,0.01,70658.58,1776069790000
1776069792.106,192.106,0.18,0.19,0.81,0.82,0.01,0.01,70658.58,1776069790000
1776069792.605,192.605,0.18,0.19,0.81,0.82,0.01,0.01,70657.43,1776069791000
1776069792.969,192.969,0.17,0.19,0.81,0.82,0.02,0.01,70657.43,1776069791000
1776069793.365,193.365,0.17,0.18,0.82,0.83,0.01,0.01,70652.48,1776069792000
1776069793.816,193.816,0.17,0.18,0.82,0.83,0.01,0.01,70652.48,1776069792000
1776069794.404,194.404,0.17,0.18,0.82,0.83,0.01,0.01,70651.37,1776069793000
1776069794.835,194.835,0.17,0.18,0.82,0.83,0.01,0.01,70651.37,1776069793000
1776069795.323,195.323,0.17,0.18,0.82,0.83,0.01,0.01,70651.37,1776069794000
1776069795.659,195.659,0.17,0.18,0.82,0.83,0.01,0.01,70651.37,1776069794000
1776069796.068,196.068,0.17,0.18,0.82,0.83,0.01,0.01,70651.55,1776069795000
1776069796.408,196.408,0.16,0.17,0.83,0.84,0.01,0.01,70651.55,1776069795000
1776069796.995,196.995,0.16,0.17,0.83,0.84,0.01,0.01,70651.55,1776069795000
1776069797.527,197.527,0.15,0.16,0.83,0.85,0.01,0.02,70651.37,1776069796000
1776069798.179,198.179,0.15,0.16,0.84,0.85,0.01,0.01,70651.37,1776069796000
1776069798.622,198.622,0.14,0.15,0.84,0.85,0.01,0.01,70650.06,1776069797000
1776069799.087,199.087,0.14,0.15,0.85,0.86,0.01,0.01,70649.97,1776069798000
1776069799.424,199.424,0.14,0.15,0.85,0.86,0.01,0.01,70649.97,1776069798000
1776069799.785,199.785,0.14,0.15,0.85,0.86,0.01,0.01,70649.97,1776069798000
1776069800.153,200.153,0.16,0.18,0.83,0.86,0.02,0.03,70649.97,1776069798000
1776069800.654,200.654,0.19,0.2,0.8,0.81,0.01,0.01,70648.18,1776069799000
1776069801.192,201.192,0.19,0.2,0.8,0.81,0.01,0.01,70648.01,1776069800000
1776069801.596,201.596,0.19,0.2,0.8,0.81,0.01,0.01,70648.01,1776069800000
1776069802.078,202.078,0.19,0.2,0.8,0.81,0.01,0.01,70652.88,1776069801000
1776069802.657,202.657,0.19,0.21,0.8,0.81,0.02,0.01,70652.88,1776069801000
1776069803.005,203.005,0.22,0.26,0.75,0.78,0.04,0.03,70652.88,1776069801000
1776069803.376,203.376,0.25,0.27,0.74,0.75,0.02,0.01,70653.42,1776069802000
1776069803.764,203.764,0.25,0.26,0.74,0.75,0.01,0.01,70653.42,1776069802000
1776069804.108,204.108,0.25,0.27,0.74,0.75,0.02,0.01,70653.42,1776069802000
1776069804.444,204.444,0.24,0.27,0.73,0.74,0.03,0.01,70658.92,1776069803000
1776069804.841,204.841,0.24,0.25,0.75,0.77,0.01,0.02,70658.92,1776069803000
1776069805.183,205.183,0.23,0.24,0.75,0.77,0.01,0.02,70658.92,1776069803000
1776069805.926,205.926,0.23,0.24,0.76,0.77,0.01,0.01,70663.45,1776069804000
1776069806.494,206.494,0.23,0.25,0.75,0.76,0.02,0.01,70663.36,1776069805000
1776069806.887,206.887,0.23,0.24,0.76,0.77,0.01,0.01,70663.36,1776069805000
1776069807.352,207.352,0.23,0.24,0.76,0.77,0.01,0.01,70663.36,1776069805000
1776069807.71,207.71,0.22,0.23,0.76,0.78,0.01,0.02,70662.94,1776069806000
1776069808.064,208.064,0.21,0.22,0.77,0.79,0.01,0.02,70662.94,1776069806000
1776069808.609,208.609,0.23,0.24,0.76,0.79,0.01,0.03,70662.1,1776069807000
1776069809.267,209.267,0.23,0.24,0.76,0.77,0.01,0.01,70662.04,1776069808000
1776069809.712,209.712,0.24,0.25,0.75,0.76,0.01,0.01,70662.04,1776069808000
1776069810.09,210.09,0.24,0.25,0.75,0.76,0.01,0.01,70662.04,1776069808000
1776069810.462,210.462,0.24,0.25,0.75,0.76,0.01,0.01,70664.04,1776069809000
1776069810.805,210.805,0.24,0.25,0.75,0.76,0.01,0.01,70664.04,1776069809000
1776069811.306,211.306,0.24,0.25,0.75,0.76,0.01,0.01,70664.04,1776069809000
1776069811.711,211.711,0.24,0.25,0.75,0.76,0.01,0.01,70665.18,1776069810000
1776069812.063,212.063,0.25,0.26,0.74,0.75,0.01,0.01,70665.18,1776069810000
1776069812.458,212.458,0.25,0.26,0.74,0.75,0.01,0.01,70663.82,1776069811000
1776069812.907,212.907,0.25,0.26,0.74,0.75,0.01,0.01,70663.82,1776069811000
1776069813.777,213.777,0.24,0.25,0.74,0.75,0.01,0.01,70665.64,1776069812000
1776069814.223,214.223,0.24,0.25,0.75,0.76,0.01,0.01,70665.64,1776069812000
1776069814.586,214.586,0.24,0.25,0.75,0.76,0.01,0.01,70662.62,1776069813000
1776069815.211,215.211,0.24,0.25,0.75,0.76,0.01,0.01,70662.62,1776069814000
1776069815.78,215.78,0.24,0.26,0.74,0.76,0.02,0.02,70662.62,1776069814000
1776069816.373,216.373,0.24,0.26,0.74,0.76,0.02,0.02,70662.62,1776069815000
1776069817.165,217.165,0.24,0.26,0.74,0.76,0.02,0.02,70662.62,1776069816000
1776069817.589,217.589,0.23,0.26,0.74,0.75,0.03,0.01,70662.62,1776069816000
1776069817.96,217.96,0.25,0.26,0.74,0.75,0.01,0.01,70662.62,1776069816000
1776069818.354,218.354,0.25,0.26,0.74,0.75,0.01,0.01,70662.62,1776069816000
1776069818.791,218.791,0.25,0.26,0.74,0.75,0.01,0.01,70665.52,1776069817000
1776069819.129,219.129,0.25,0.26,0.74,0.75,0.01,0.01,70666.17,1776069818000
1776069819.514,219.514,0.25,0.26,0.74,0.75,0.01,0.01,70666.17,1776069818000
1776069820.268,220.268,0.25,0.26,0.74,0.75,0.01,0.01,70665.79,1776069819000
1776069820.601,220.601,0.24,0.25,0.75,0.76,0.01,0.01,70665.79,1776069819000
1776069820.958,220.958,0.24,0.25,0.75,0.76,0.01,0.01,70665.79,1776069819000
1776069821.58,221.58,0.26,0.27,0.73,0.74,0.01,0.01,70665.79,1776069819000
1776069821.967,221.967,0.26,0.27,0.73,0.75,0.01,0.02,70667.51,1776069820000
1776069822.481,222.481,0.26,0.27,0.74,0.75,0.01,0.01,70667.51,1776069821000
1776069822.843,222.843,0.26,0.27,0.73,0.74,0.01,0.01,70667.51,1776069821000
1776069823.409,223.409,0.26,0.27,0.73,0.74,0.01,0.01,70668.22,1776069822000
1776069824.04,224.04,0.26,0.27,0.73,0.74,0.01,0.01,70668.22,1776069823000
1776069824.429,224.429,0.26,0.27,0.73,0.74,0.01,0.01,70668.22,1776069823000
1776069824.79,224.79,0.26,0.27,0.73,0.74,0.01,0.01,70668.22,1776069823000
1776069825.449,225.449,0.26,0.27,0.73,0.74,0.01,0.01,70669.12,1776069824000
1776069826.089,226.089,0.26,0.27,0.73,0.74,0.01,0.01,70666.5,1776069825000
1776069826.72,226.72,0.26,0.27,0.73,0.74,0.01,0.01,70666.5,1776069825000
1776069827.126,227.126,0.27,0.28,0.72,0.73,0.01,0.01,70666.5,1776069825000
1776069827.473,227.473,0.27,0.28,0.72,0.73,0.01,0.01,70666.5,1776069825000
1776069827.903,227.903,0.28,0.29,0.71,0.73,0.01,0.02,70666.56,1776069826000
1776069828.278,228.278,0.28,0.29,0.71,0.72,0.01,0.01,70666.59,1776069827000
1776069828.636,228.636,0.31,0.32,0.68,0.72,0.01,0.04,70666.59,1776069827000
1776069829.042,229.042,0.27,0.31,0.69,0.7,0.04,0.01,70666.59,1776069827000
1776069829.481,229.481,0.29,0.3,0.7,0.71,0.01,0.01,70666.59,1776069827000
1776069829.854,229.854,0.26,0.3,0.7,0.75,0.04,0.05,70669.45,1776069828000
1776069830.347,230.347,0.25,0.26,0.74,0.75,0.01,0.01,70672.5,1776069829000
1776069830.761,230.761,0.26,0.27,0.73,0.74,0.01,0.01,70672.5,1776069829000
1776069831.169,231.169,0.24,0.25,0.75,0.76,0.01,0.01,70673.42,1776069830000
1776069831.869,231.869,0.24,0.25,0.75,0.76,0.01,0.01,70673.42,1776069830000
1776069832.208,232.208,0.24,0.25,0.75,0.76,0.01,0.01,70670.39,1776069831000
1776069832.708,232.708,0.24,0.25,0.75,0.76,0.01,0.01,70670.39,1776069831000
1776069833.107,233.107,0.24,0.25,0.75,0.76,0.01,0.01,70669.19,1776069832000
1776069833.678,233.678,0.24,0.25,0.75,0.76,0.01,0.01,70669.19,1776069832000
1776069834.543,234.543,0.23,0.24,0.75,0.76,0.01,0.01,70669.32,1776069833000
1776069834.962,234.962,0.23,0.25,0.76,0.77,0.02,0.01,70669.58,1776069834000
1776069835.838,235.838,0.24,0.25,0.75,0.76,0.01,0.01,70669.58,1776069835000
1776069836.478,236.478,0.24,0.25,0.75,0.76,0.01,0.01,70669.58,1776069835000
1776069836.838,236.838,0.24,0.25,0.75,0.76,0.01,0.01,70669.58,1776069835000
1776069837.357,237.357,0.24,0.25,0.75,0.76,0.01,0.01,70669.59,1776069836000
1776069837.748,237.748,0.24,0.25,0.75,0.76,0.01,0.01,70669.59,1776069836000
1776069838.118,238.118,0.24,0.25,0.75,0.76,0.01,0.01,70669.59,1776069837000
1776069838.484,238.484,0.24,0.25,0.75,0.76,0.01,0.01,70669.59,1776069837000
1776069838.823,238.823,0.24,0.25,0.75,0.76,0.01,0.01,70669.59,1776069837000
1776069839.237,239.237,0.24,0.25,0.75,0.76,0.01,0.01,70669.59,1776069837000
1776069839.689,239.689,0.24,0.25,0.75,0.76,0.01,0.01,70669.33,1776069838000
1776069840.049,240.049,0.24,0.25,0.75,0.76,0.01,0.01,70669.33,1776069838000
1776069840.6,240.6,0.24,0.25,0.75,0.76,0.01,0.01,70669.04,1776069839000
1776069840.99,240.99,0.24,0.25,0.75,0.76,0.01,0.01,70669.04,1776069839000
1776069841.388,241.388,0.24,0.25,0.75,0.76,0.01,0.01,70669.01,1776069840000
1776069841.91,241.91,0.23,0.24,0.75,0.76,0.01,0.01,70669.01,1776069840000
1776069842.577,242.577,0.23,0.24,0.76,0.77,0.01,0.01,70668.75,1776069841000
1776069843.092,243.092,0.22,0.23,0.77,0.78,0.01,0.01,70668.97,1776069842000
1776069843.431,243.431,0.21,0.22,0.78,0.79,0.01,0.01,70668.97,1776069842000
1776069844.038,244.038,0.19,0.2,0.8,0.81,0.01,0.01,70668.97,1776069842000
1776069844.406,244.406,0.19,0.2,0.8,0.81,0.01,0.01,70668.97,1776069842000
1776069844.987,244.987,0.19,0.2,0.8,0.81,0.01,0.01,70669.21,1776069843000
1776069845.34,245.34,0.19,0.2,0.8,0.81,0.01,0.01,70668.56,1776069844000
1776069845.707,245.707,0.19,0.2,0.8,0.81,0.01,0.01,70668.56,1776069844000
1776069846.05,246.05,0.17,0.19,0.81,0.83,0.02,0.02,70667.48,1776069845000
1776069846.498,246.498,0.16,0.17,0.83,0.84,0.01,0.01,70667.48,1776069845000
1776069846.856,246.856,0.16,0.17,0.83,0.84,0.01,0.01,70667.48,1776069845000
1776069847.265,247.265,0.15,0.16,0.83,0.84,0.01,0.01,70667.48,1776069846000
1776069847.659,247.659,0.15,0.16,0.84,0.85,0.01,0.01,70667.48,1776069846000
1776069848.017,248.017,0.15,0.16,0.84,0.85,0.01,0.01,70667.48,1776069846000
1776069848.477,248.477,0.14,0.15,0.85,0.86,0.01,0.01,70667.01,1776069847000
1776069848.817,248.817,0.09,0.17,0.9,0.91,0.08,0.01,70667.01,1776069847000
1776069849.153,249.153,0.07,0.09,0.91,0.92,0.02,0.01,70667.25,1776069848000
1776069849.509,249.509,0.07,0.08,0.92,0.93,0.01,0.01,70667.25,1776069848000
1776069849.861,249.861,0.07,0.08,0.92,0.93,0.01,0.01,70667.25,1776069848000
1776069850.201,250.201,0.07,0.08,0.92,0.93,0.01,0.01,70666.29,1776069849000
1776069850.57,250.57,0.07,0.08,0.92,0.93,0.01,0.01,70666.29,1776069849000
1776069850.914,250.914,0.06,0.07,0.93,0.94,0.01,0.01,70650.36,1776069850000
1776069851.259,251.259,0.07,0.08,0.92,0.93,0.01,0.01,70650.36,1776069850000
1776069851.633,251.633,0.07,0.08,0.92,0.93,0.01,0.01,70650.36,1776069850000
1776069851.976,251.976,0.08,0.09,0.91,0.93,0.01,0.02,70648.91,1776069851000
1776069852.394,252.394,0.07,0.09,0.92,0.93,0.02,0.01,70648.91,1776069851000
1776069852.727,252.727,0.1,0.11,0.89,0.9,0.01,0.01,70648.91,1776069851000
1776069853.077,253.077,0.09,0.1,0.89,0.9,0.01,0.01,70648.23,1776069852000
1776069853.455,253.455,0.08,0.09,0.91,0.92,0.01,0.01,70648.23,1776069852000
1776069853.788,253.788,0.06,0.07,0.93,0.94,0.01,0.01,70648.23,1776069852000
1776069854.172,254.172,0.05,0.06,0.94,0.95,0.01,0.01,70648.23,1776069852000
1776069854.543,254.543,0.05,0.06,0.94,0.95,0.01,0.01,70647.52,1776069853000
1776069854.878,254.878,0.04,0.06,0.94,0.96,0.02,0.02,70647.52,1776069853000
1776069855.211,255.211,0.04,0.05,0.95,0.96,0.01,0.01,70647.52,1776069853000
1776069855.55,255.55,0.04,0.05,0.95,0.96,0.01,0.01,70634.94,1776069854000
1776069855.9,255.9,0.03,0.05,0.95,0.97,0.02,0.02,70634.94,1776069854000
1776069856.311,256.311,0.03,0.04,0.96,0.97,0.01,0.01,70634.94,1776069854000
1776069856.666,256.666,0.03,0.04,0.96,0.97,0.01,0.01,70631.61,1776069855000
1776069857.001,257.001,0.03,0.04,0.96,0.97,0.01,0.01,70631.61,1776069855000
1776069857.339,257.339,0.02,0.04,0.96,0.98,0.02,0.02,70631.61,1776069855000
1776069857.718,257.718,0.02,0.03,0.97,0.98,0.01,0.01,70631.53,1776069856000
1776069858.09,258.09,0.03,0.04,0.96,0.97,0.01,0.01,70631.53,1776069856000
1776069858.452,258.452,0.03,0.04,0.96,0.97,0.01,0.01,70627.87,1776069857000
1776069858.808,258.808,0.03,0.04,0.96,0.97,0.01,0.01,70627.87,1776069857000
1776069859.23,259.23,0.03,0.04,0.96,0.97,0.01,0.01,70627.87,1776069857000
1776069859.6,259.6,0.03,0.04,0.96,0.98,0.01,0.02,70624.82,1776069858000
1776069859.941,259.941,0.03,0.04,0.96,0.97,0.01,0.01,70624.82,1776069858000
1776069860.277,260.277,0.03,0.04,0.96,0.97,0.01,0.01,70624.86,1776069859000
1776069860.612,260.612,0.02,0.03,0.97,0.98,0.01,0.01,70624.86,1776069859000
1776069860.976,260.976,0.02,0.03,0.97,0.98,0.01,0.01,70624.86,1776069859000
1776069861.317,261.317,0.02,0.03,0.97,0.98,0.01,0.01,70627.18,1776069860000
1776069861.718,261.718,0.02,0.03,0.97,0.98,0.01,0.01,70627.18,1776069860000
1776069862.085,262.085,0.02,0.03,0.97,0.98,0.01,0.01,70627.18,1776069860000
1776069862.434,262.434,0.02,0.03,0.97,0.98,0.01,0.01,70628.05,1776069861000
1776069862.906,262.906,0.02,0.03,0.97,0.98,0.01,0.01,70628.05,1776069861000
1776069863.242,263.242,0.02,0.03,0.97,0.98,0.01,0.01,70628.05,1776069862000
1776069863.597,263.597,0.02,0.03,0.97,0.98,0.01,0.01,70628.05,1776069862000
1776069863.939,263.939,0.02,0.03,0.97,0.98,0.01,0.01,70628.05,1776069862000
1776069864.319,264.319,0.02,0.03,0.97,0.98,0.01,0.01,70628.05,1776069862000
1776069864.692,264.692,0.02,0.03,0.97,0.98,0.01,0.01,70628.01,1776069863000
1776069865.104,265.104,0.02,0.03,0.97,0.98,0.01,0.01,70628.85,1776069864000
1776069865.441,265.441,0.02,0.03,0.97,0.98,0.01,0.01,70628.85,1776069864000
1776069865.845,265.845,0.02,0.03,0.97,0.98,0.01,0.01,70628.85,1776069864000
1776069866.266,266.266,0.02,0.03,0.97,0.98,0.01,0.01,70628.85,1776069864000
1776069866.628,266.628,0.01,0.02,0.98,0.99,0.01,0.01,70628.85,1776069864000
1776069866.99,266.99,0.01,0.02,0.98,0.99,0.01,0.01,70628.85,1776069864000
1776069867.45,267.45,0.01,0.02,0.98,0.99,0.01,0.01,70630.48,1776069865000
1776069867.784,267.784,0.01,0.02,0.98,0.99,0.01,0.01,70629.77,1776069866000
1776069868.119,268.119,0.01,0.02,0.98,0.99,0.01,0.01,70629.77,1776069866000
1776069868.483,268.483,0.01,0.02,0.98,0.99,0.01,0.01,70629.75,1776069867000
1776069868.87,268.87,0.01,0.02,0.98,0.99,0.01,0.01,70629.75,1776069867000
1776069869.243,269.243,0.01,0.02,0.98,0.99,0.01,0.01,70629.75,1776069867000
1776069869.616,269.616,0.01,0.02,0.98,0.99,0.01,0.01,70629.73,1776069868000
1776069870.055,270.055,0.01,0.02,0.98,0.99,0.01,0.01,70629.73,1776069868000
1776069870.395,270.395,0.01,0.02,0.98,0.99,0.01,0.01,70630.49,1776069869000
1776069870.798,270.798,0.01,0.02,0.98,0.99,0.01,0.01,70630.49,1776069869000
1776069871.132,271.132,0.01,0.02,0.98,0.99,0.01,0.01,70630.49,1776069869000
1776069871.478,271.478,0.01,0.02,0.98,0.99,0.01,0.01,70630.49,1776069869000
1776069871.812,271.812,0.01,0.02,0.98,0.99,0.01,0.01,70630.41,1776069870000
1776069872.155,272.155,0.01,0.02,0.98,0.99,0.01,0.01,70630.41,1776069870000
1776069872.558,272.558,0.01,0.02,0.98,0.99,0.01,0.01,70630.43,1776069871000
1776069873.169,273.169,0.01,0.02,0.98,0.99,0.01,0.01,70630.43,1776069871000
1776069873.502,273.502,0.01,0.02,0.98,0.99,0.01,0.01,70630.43,1776069871000
1776069873.88,273.88,0.01,0.02,0.98,0.99,0.01,0.01,70630.53,1776069872000
1776069874.215,274.215,0.01,0.02,0.98,0.99,0.01,0.01,70630.53,1776069872000
1776069874.618,274.618,0.01,0.02,0.98,0.99,0.01,0.01,70630.53,1776069872000
1776069875.061,275.061,0.01,0.02,0.98,0.99,0.01,0.01,70630.53,1776069872000
1776069875.542,275.542,0.01,0.02,0.98,0.99,0.01,0.01,70630.55,1776069874000
1776069875.883,275.883,0.01,0.02,0.98,0.99,0.01,0.01,70630.55,1776069874000
1776069876.285,276.285,0.01,0.01,0.99,0.99,0.0,0.0,70632.43,1776069875000
1776069876.706,276.706,0.01,0.01,0.99,0.99,0.0,0.0,70632.43,1776069875000
1776069877.043,277.043,0.01,0.01,0.99,0.99,0.0,0.0,70632.43,1776069875000
1776069877.421,277.421,0.01,0.01,0.99,0.99,0.0,0.0,70634.68,1776069876000
1776069877.799,277.799,0.01,0.01,0.99,0.99,0.0,0.0,70634.68,1776069876000
1776069878.301,278.301,0.01,0.01,0.99,0.99,0.0,0.0,70638.02,1776069877000
1776069878.711,278.711,0.01,0.01,0.99,0.99,0.0,0.0,70638.02,1776069877000
1776069879.26,279.26,0.01,0.01,0.99,0.99,0.0,0.0,70634.18,1776069878000
1776069879.598,279.598,0.01,0.01,0.99,0.99,0.0,0.0,70634.18,1776069878000
1776069880.009,280.009,0.01,0.02,0.98,0.99,0.01,0.01,70634.18,1776069878000
1776069880.346,280.346,0.01,0.02,0.98,0.99,0.01,0.01,70634.18,1776069878000
1776069880.729,280.729,0.01,0.02,0.98,0.99,0.01,0.01,70634.22,1776069879000
1776069881.257,281.257,0.01,0.02,0.98,0.99,0.01,0.01,70633.83,1776069880000
1776069881.87,281.87,0.01,0.02,0.98,0.99,0.01,0.01,70633.83,1776069880000
1776069882.212,282.212,0.01,0.02,0.98,0.99,0.01,0.01,70633.83,1776069880000
1776069882.801,282.801,0.01,0.02,0.98,0.99,0.01,0.01,70635.27,1776069881000
1776069883.742,283.742,0.01,0.01,0.99,0.99,0.0,0.0,70634.89,1776069882000
1776069884.207,284.207,0.01,0.01,0.99,0.99,0.0,0.0,70634.46,1776069883000
1776069884.716,284.716,0.01,0.01,0.99,0.99,0.0,0.0,70634.46,1776069883000
1776069885.185,285.185,0.01,0.01,0.99,0.99,0.0,0.0,70634.46,1776069883000
1776069885.747,285.747,0.01,0.01,0.99,0.99,0.0,0.0,70634.09,1776069884000
1776069886.545,286.545,0.01,0.01,0.99,0.99,0.0,0.0,70630.5,1776069885000
1776069887.126,287.126,0.01,0.01,0.99,0.99,0.0,0.0,70628.51,1776069886000
1776069887.626,287.626,0.01,0.01,0.99,0.99,0.0,0.0,70628.51,1776069886000
1776069888.193,288.193,0.01,0.01,0.99,0.99,0.0,0.0,70626.12,1776069887000
1776069888.656,288.656,0.01,0.01,0.99,0.99,0.0,0.0,70626.12,1776069887000
1776069889.048,289.048,0.01,0.01,0.99,0.99,0.0,0.0,70626.12,1776069887000
1776069889.768,289.768,0.01,0.01,0.99,0.99,0.0,0.0,70626.12,1776069887000
1776069890.93,290.93,0.01,0.01,0.99,0.99,0.0,0.0,70628.24,1776069889000
1776069891.395,291.395,0.01,0.01,0.99,0.99,0.0,0.0,70626.95,1776069890000
1776069892.034,292.034,0.01,0.01,0.99,0.99,0.0,0.0,70627.22,1776069891000
1776069893.088,293.088,0.01,0.01,0.99,0.99,0.0,0.0,70628.02,1776069892000
1776069894.315,294.315,0.01,0.01,0.99,0.99,0.0,0.0,70616.72,1776069893000
1776069895.422,295.422,0.01,0.01,0.99,0.99,0.0,0.0,70615.54,1776069894000
1776069895.997,295.997,0.01,0.01,0.99,0.99,0.0,0.0,70615.54,1776069894000
1776069897.059,297.059,0.01,0.01,0.99,0.99,0.0,0.0,70611.2,1776069896000
1776069897.817,297.817,0.01,0.01,0.99,0.99,0.0,0.0,70611.2,1776069896000
1776069898.176,298.176,0.01,0.01,0.99,0.99,0.0,0.0,70606.24,1776069897000
1776069899.509,299.509,0.01,0.01,0.99,0.99,0.0,0.0,70606.12,1776069898000
1776069900.117,300.117,0.01,0.01,0.99,0.99,0.0,0.0,70606.43,1776069899000
1776069900.691,300.691,0.01,0.01,0.99,0.99,0.0,0.0,70606.43,1776069899000

# RESULT,winner=Down,slug=btc-updown-5m-1776069600,ticks=717
