timestamp,elapsed_sec,up_bid,up_ask,down_bid,down_ask,up_spread,down_spread,btc_price
1775819700.531,0.531,0.42,0.43,0.55,0.56,0.01,0.01,72109.47
1775819700.878,0.878,0.42,0.43,0.57,0.58,0.01,0.01,72120.96
1775819701.342,1.342,0.43,0.44,0.56,0.57,0.01,0.01,72123.7
1775819701.681,1.681,0.45,0.46,0.54,0.55,0.01,0.01,72123.7
1775819702.02,2.02,0.41,0.47,0.53,0.59,0.06,0.06,72123.7
1775819702.355,2.355,0.46,0.47,0.53,0.54,0.01,0.01,72123.77
1775819702.689,2.689,0.46,0.48,0.52,0.53,0.02,0.01,72123.77
1775819703.022,3.022,0.47,0.48,0.52,0.53,0.01,0.01,72123.77
1775819703.415,3.415,0.47,0.48,0.52,0.53,0.01,0.01,72127.96
1775819703.749,3.749,0.47,0.5,0.51,0.53,0.03,0.02,72127.96
1775819704.114,4.114,0.47,0.48,0.52,0.53,0.01,0.01,72127.96
1775819704.448,4.448,0.47,0.48,0.52,0.54,0.01,0.02,72136.86
1775819705.019,5.019,0.46,0.47,0.53,0.54,0.01,0.01,72136.86
1775819705.392,5.392,0.45,0.47,0.53,0.54,0.02,0.01,72138.18
1775819705.729,5.729,0.42,0.43,0.57,0.58,0.01,0.01,72138.18
1775819706.124,6.124,0.42,0.43,0.57,0.58,0.01,0.01,72138.18
1775819706.473,6.473,0.43,0.44,0.56,0.57,0.01,0.01,72144.97
1775819706.831,6.831,0.43,0.44,0.56,0.57,0.01,0.01,72144.97
1775819707.178,7.178,0.43,0.44,0.56,0.57,0.01,0.01,72144.97
1775819707.535,7.535,0.44,0.45,0.55,0.56,0.01,0.01,72140.97
1775819707.89,7.89,0.44,0.45,0.55,0.56,0.01,0.01,72140.97
1775819708.237,8.237,0.44,0.47,0.55,0.56,0.03,0.01,72135.42
1775819708.629,8.629,0.44,0.45,0.55,0.56,0.01,0.01,72135.42
1775819709.035,9.035,0.45,0.46,0.54,0.55,0.01,0.01,72135.42
1775819709.426,9.426,0.23,0.46,0.54,0.55,0.23,0.01,72135.26
1775819709.883,9.883,0.42,0.43,0.57,0.58,0.01,0.01,72135.26
1775819710.263,10.263,0.4,0.43,0.57,0.59,0.03,0.02,72134.68
1775819710.627,10.627,0.4,0.41,0.58,0.59,0.01,0.01,72134.68
1775819711.007,11.007,0.39,0.4,0.6,0.61,0.01,0.01,72134.68
1775819711.344,11.344,0.38,0.39,0.61,0.62,0.01,0.01,72132.49
1775819711.699,11.699,0.37,0.38,0.61,0.63,0.01,0.02,72132.49
1775819712.037,12.037,0.35,0.36,0.62,0.65,0.01,0.03,72132.19
1775819712.54,12.54,0.35,0.36,0.64,0.65,0.01,0.01,72132.19
1775819712.968,12.968,0.35,0.36,0.64,0.65,0.01,0.01,72132.19
1775819713.346,13.346,0.35,0.36,0.64,0.65,0.01,0.01,72132.19
1775819713.773,13.773,0.37,0.38,0.62,0.63,0.01,0.01,72132.19
1775819714.149,14.149,0.38,0.39,0.61,0.62,0.01,0.01,72131.58
1775819714.526,14.526,0.38,0.39,0.61,0.62,0.01,0.01,72130.83
1775819714.949,14.949,0.38,0.39,0.61,0.62,0.01,0.01,72130.83
1775819715.298,15.298,0.37,0.38,0.61,0.63,0.01,0.02,72130.83
1775819715.66,15.66,0.37,0.38,0.62,0.63,0.01,0.01,72132.28
1775819716.047,16.047,0.37,0.38,0.62,0.63,0.01,0.01,72132.28
1775819716.436,16.436,0.37,0.38,0.62,0.63,0.01,0.01,72132.28
1775819716.837,16.837,0.39,0.4,0.6,0.61,0.01,0.01,72132.75
1775819717.263,17.263,0.4,0.41,0.59,0.6,0.01,0.01,72132.75
1775819717.64,17.64,0.4,0.41,0.59,0.6,0.01,0.01,72132.65
1775819718.068,18.068,0.4,0.41,0.59,0.6,0.01,0.01,72132.76
1775819718.454,18.454,0.4,0.41,0.59,0.6,0.01,0.01,72132.76
1775819718.827,18.827,0.4,0.41,0.59,0.6,0.01,0.01,72132.76
1775819719.285,19.285,0.37,0.38,0.62,0.63,0.01,0.01,72135.68
1775819719.754,19.754,0.37,0.38,0.62,0.63,0.01,0.01,72135.68
1775819720.137,20.137,0.37,0.38,0.62,0.63,0.01,0.01,72135.77
1775819720.544,20.544,0.37,0.38,0.62,0.63,0.01,0.01,72135.77
1775819720.897,20.897,0.36,0.37,0.63,0.64,0.01,0.01,72135.77
1775819721.254,21.254,0.36,0.37,0.63,0.64,0.01,0.01,72135.69
1775819721.606,21.606,0.36,0.37,0.63,0.64,0.01,0.01,72135.69
1775819721.963,21.963,0.36,0.37,0.63,0.64,0.01,0.01,72135.69
1775819722.309,22.309,0.36,0.37,0.63,0.64,0.01,0.01,72135.2
1775819722.741,22.741,0.35,0.36,0.64,0.65,0.01,0.01,72135.2
1775819723.129,23.129,0.35,0.36,0.63,0.65,0.01,0.02,72135.2
1775819723.508,23.508,0.36,0.37,0.63,0.64,0.01,0.01,72135.07
1775819723.854,23.854,0.36,0.37,0.63,0.64,0.01,0.01,72135.07
1775819724.239,24.239,0.36,0.37,0.63,0.64,0.01,0.01,72135.07
1775819724.582,24.582,0.36,0.37,0.63,0.64,0.01,0.01,72134.58
1775819725.042,25.042,0.36,0.37,0.63,0.64,0.01,0.01,72134.58
1775819725.418,25.418,0.37,0.38,0.63,0.64,0.01,0.01,72134.58
1775819725.761,25.761,0.38,0.39,0.61,0.62,0.01,0.01,72134.45
1775819726.303,26.303,0.39,0.4,0.6,0.62,0.01,0.02,72134.45
1775819726.719,26.719,0.39,0.4,0.6,0.61,0.01,0.01,72134.22
1775819727.167,27.167,0.39,0.4,0.6,0.61,0.01,0.01,72134.22
1775819727.605,27.605,0.39,0.41,0.6,0.61,0.02,0.01,72134.22
1775819728.082,28.082,0.4,0.41,0.59,0.6,0.01,0.01,72134.22
1775819729.346,29.346,0.4,0.41,0.59,0.6,0.01,0.01,72134.27
1775819729.725,29.725,0.4,0.42,0.59,0.6,0.02,0.01,72134.27
1775819730.136,30.136,0.4,0.41,0.58,0.6,0.01,0.02,72134.27
1775819730.489,30.489,0.4,0.42,0.59,0.6,0.02,0.01,72134.05
1775819731.152,31.152,0.41,0.42,0.58,0.59,0.01,0.01,72134.05
1775819731.514,31.514,0.42,0.43,0.56,0.59,0.01,0.03,72134.12
1775819731.894,31.894,0.43,0.44,0.57,0.58,0.01,0.01,72134.12
1775819732.269,32.269,0.43,0.44,0.56,0.57,0.01,0.01,72134.12
1775819732.72,32.72,0.42,0.43,0.57,0.58,0.01,0.01,72134.32
1775819733.059,33.059,0.45,0.46,0.54,0.56,0.01,0.02,72134.32
1775819733.406,33.406,0.45,0.46,0.54,0.55,0.01,0.01,72134.17
1775819733.797,33.797,0.46,0.48,0.53,0.54,0.02,0.01,72134.17
1775819734.295,34.295,0.46,0.47,0.53,0.54,0.01,0.01,72134.83
1775819734.652,34.652,0.46,0.47,0.53,0.54,0.01,0.01,72134.83
1775819735.007,35.007,0.46,0.47,0.52,0.54,0.01,0.02,72134.83
1775819735.359,35.359,0.46,0.48,0.52,0.53,0.02,0.01,72134.83
1775819736.113,36.113,0.47,0.48,0.52,0.54,0.01,0.02,72135.25
1775819736.513,36.513,0.47,0.48,0.52,0.53,0.01,0.01,72135.25
1775819736.948,36.948,0.46,0.47,0.52,0.54,0.01,0.02,72135.25
1775819737.443,37.443,0.46,0.47,0.53,0.54,0.01,0.01,72134.39
1775819737.81,37.81,0.46,0.47,0.53,0.54,0.01,0.01,72134.39
1775819738.227,38.227,0.46,0.47,0.53,0.54,0.01,0.01,72134.39
1775819738.576,38.576,0.46,0.47,0.53,0.54,0.01,0.01,72134.22
1775819738.922,38.922,0.46,0.48,0.53,0.54,0.02,0.01,72134.22
1775819739.413,39.413,0.45,0.46,0.53,0.55,0.01,0.02,72133.83
1775819739.815,39.815,0.45,0.46,0.54,0.55,0.01,0.01,72133.83
1775819740.265,40.265,0.45,0.46,0.54,0.55,0.01,0.01,72133.8
1775819741.003,41.003,0.45,0.46,0.53,0.55,0.01,0.02,72133.8
1775819741.34,41.34,0.35,0.4,0.6,0.63,0.05,0.03,72133.8
1775819741.716,41.716,0.36,0.37,0.62,0.66,0.01,0.04,72134.11
1775819742.054,42.054,0.36,0.38,0.62,0.64,0.02,0.02,72134.13
1775819742.581,42.581,0.37,0.38,0.58,0.61,0.01,0.03,72134.13
1775819742.914,42.914,0.41,0.44,0.58,0.59,0.03,0.01,72134.13
1775819743.272,43.272,0.43,0.44,0.56,0.57,0.01,0.01,72134.13
1775819743.617,43.617,0.43,0.44,0.56,0.57,0.01,0.01,72134.13
1775819743.967,43.967,0.43,0.44,0.56,0.57,0.01,0.01,72120.32
1775819744.407,44.407,0.43,0.44,0.56,0.57,0.01,0.01,72120.32
1775819744.741,44.741,0.43,0.44,0.56,0.57,0.01,0.01,72125.08
1775819745.127,45.127,0.43,0.44,0.56,0.57,0.01,0.01,72125.08
1775819745.616,45.616,0.44,0.45,0.55,0.57,0.01,0.02,72126.41
1775819746.01,46.01,0.44,0.45,0.55,0.56,0.01,0.01,72126.41
1775819746.408,46.408,0.44,0.45,0.55,0.56,0.01,0.01,72126.41
1775819746.801,46.801,0.44,0.45,0.55,0.56,0.01,0.01,72126.41
1775819747.197,47.197,0.44,0.45,0.55,0.56,0.01,0.01,72126.68
1775819747.532,47.532,0.42,0.44,0.56,0.58,0.02,0.02,72126.86
1775819748.034,48.034,0.41,0.42,0.58,0.59,0.01,0.01,72127.21
1775819748.578,48.578,0.41,0.42,0.58,0.59,0.01,0.01,72127.21
1775819749.011,49.011,0.41,0.42,0.58,0.59,0.01,0.01,72127.21
1775819749.452,49.452,0.41,0.42,0.58,0.59,0.01,0.01,72127.48
1775819749.786,49.786,0.41,0.42,0.58,0.59,0.01,0.01,72127.48
1775819750.194,50.194,0.41,0.42,0.58,0.59,0.01,0.01,72127.48
1775819750.592,50.592,0.41,0.42,0.58,0.59,0.01,0.01,72126.55
1775819750.98,50.98,0.47,0.48,0.52,0.54,0.01,0.02,72126.55
1775819751.331,51.331,0.47,0.48,0.52,0.53,0.01,0.01,72126.55
1775819751.69,51.69,0.47,0.48,0.52,0.53,0.01,0.01,72126.77
1775819752.075,52.075,0.49,0.5,0.5,0.51,0.01,0.01,72126.77
1775819752.426,52.426,0.49,0.5,0.5,0.51,0.01,0.01,72126.77
1775819752.878,52.878,0.49,0.5,0.5,0.51,0.01,0.01,72126.77
1775819753.368,53.368,0.49,0.5,0.5,0.51,0.01,0.01,72139.83
1775819753.76,53.76,0.49,0.5,0.5,0.51,0.01,0.01,72139.83
1775819754.126,54.126,0.49,0.5,0.5,0.51,0.01,0.01,72139.83
1775819754.528,54.528,0.5,0.51,0.49,0.5,0.01,0.01,72140.9
1775819755.273,55.273,0.5,0.51,0.49,0.5,0.01,0.01,72140.9
1775819755.673,55.673,0.5,0.51,0.49,0.5,0.01,0.01,72140.9
1775819756.251,56.251,0.49,0.52,0.5,0.51,0.03,0.01,72140.9
1775819756.591,56.591,0.51,0.52,0.48,0.49,0.01,0.01,72140.9
1775819756.98,56.98,0.55,0.57,0.43,0.45,0.02,0.02,72140.58
1775819757.323,57.323,0.55,0.56,0.43,0.45,0.01,0.02,72140.58
1775819757.679,57.679,0.57,0.59,0.41,0.42,0.02,0.01,72140.58
1775819758.017,58.017,0.58,0.59,0.41,0.42,0.01,0.01,72140.58
1775819758.354,58.354,0.58,0.59,0.41,0.42,0.01,0.01,72140.58
1775819758.741,58.741,0.58,0.59,0.41,0.42,0.01,0.01,72149.35
1775819759.168,59.168,0.58,0.59,0.41,0.42,0.01,0.01,72152.25
1775819759.579,59.579,0.58,0.59,0.41,0.42,0.01,0.01,72152.25
1775819759.966,59.966,0.57,0.59,0.41,0.42,0.02,0.01,72152.25
1775819760.307,60.307,0.57,0.58,0.42,0.43,0.01,0.01,72156.12
1775819760.671,60.671,0.56,0.58,0.42,0.43,0.02,0.01,72156.12
1775819761.106,61.106,0.56,0.57,0.43,0.44,0.01,0.01,72156.12
1775819761.44,61.44,0.56,0.6,0.4,0.44,0.04,0.04,72156.12
1775819761.811,61.811,0.6,0.61,0.38,0.4,0.01,0.02,72156.12
1775819762.154,62.154,0.6,0.61,0.39,0.4,0.01,0.01,72155.36
1775819762.647,62.647,0.62,0.63,0.37,0.4,0.01,0.03,72154.26
1775819763.003,63.003,0.64,0.65,0.35,0.37,0.01,0.02,72154.26
1775819763.336,63.336,0.65,0.66,0.34,0.35,0.01,0.01,72154.26
1775819763.862,63.862,0.65,0.66,0.34,0.35,0.01,0.01,72154.51
1775819764.197,64.197,0.64,0.66,0.34,0.36,0.02,0.02,72154.51
1775819764.567,64.567,0.65,0.66,0.34,0.35,0.01,0.01,72154.51
1775819764.915,64.915,0.65,0.66,0.34,0.35,0.01,0.01,72161.92
1775819765.25,65.25,0.64,0.65,0.35,0.36,0.01,0.01,72161.92
1775819765.585,65.585,0.64,0.65,0.35,0.36,0.01,0.01,72164.16
1775819766.015,66.015,0.63,0.64,0.36,0.37,0.01,0.01,72164.16
1775819766.368,66.368,0.61,0.62,0.38,0.39,0.01,0.01,72164.16
1775819766.701,66.701,0.61,0.62,0.38,0.39,0.01,0.01,72163.23
1775819767.104,67.104,0.61,0.62,0.38,0.39,0.01,0.01,72163.23
1775819767.443,67.443,0.6,0.61,0.39,0.4,0.01,0.01,72163.23
1775819767.797,67.797,0.6,0.61,0.39,0.4,0.01,0.01,72163.23
1775819768.142,68.142,0.62,0.63,0.37,0.38,0.01,0.01,72163.23
1775819768.518,68.518,0.63,0.64,0.36,0.37,0.01,0.01,72163.21
1775819768.937,68.937,0.64,0.65,0.35,0.36,0.01,0.01,72163.21
1775819769.273,69.273,0.69,0.71,0.29,0.3,0.02,0.01,72163.21
1775819769.614,69.614,0.7,0.71,0.29,0.3,0.01,0.01,72163.21
1775819769.955,69.955,0.71,0.72,0.28,0.3,0.01,0.02,72163.13
1775819770.289,70.289,0.7,0.72,0.28,0.3,0.02,0.02,72163.13
1775819770.724,70.724,0.71,0.72,0.28,0.29,0.01,0.01,72163.13
1775819771.109,71.109,0.71,0.72,0.28,0.29,0.01,0.01,72163.13
1775819771.453,71.453,0.7,0.71,0.28,0.3,0.01,0.02,72163.13
1775819771.81,71.81,0.7,0.71,0.29,0.3,0.01,0.01,72163.84
1775819772.15,72.15,0.7,0.71,0.29,0.3,0.01,0.01,72163.84
1775819772.573,72.573,0.7,0.71,0.29,0.3,0.01,0.01,72163.84
1775819773.016,73.016,0.64,0.65,0.35,0.36,0.01,0.01,72163.84
1775819773.394,73.394,0.62,0.63,0.35,0.36,0.01,0.01,72163.84
1775819773.729,73.729,0.62,0.63,0.37,0.38,0.01,0.01,72164.08
1775819774.147,74.147,0.6,0.61,0.39,0.4,0.01,0.01,72164.08
1775819774.541,74.541,0.59,0.6,0.4,0.41,0.01,0.01,72164.08
1775819774.959,74.959,0.59,0.6,0.4,0.41,0.01,0.01,72164.08
1775819775.398,75.398,0.58,0.59,0.4,0.41,0.01,0.01,72164.08
1775819775.886,75.886,0.58,0.59,0.41,0.42,0.01,0.01,72162.23
1775819776.508,76.508,0.57,0.58,0.42,0.43,0.01,0.01,72160.35
1775819776.936,76.936,0.57,0.58,0.42,0.43,0.01,0.01,72160.35
1775819777.318,77.318,0.57,0.58,0.42,0.43,0.01,0.01,72158.25
1775819777.731,77.731,0.57,0.58,0.42,0.43,0.01,0.01,72158.25
1775819778.125,78.125,0.57,0.58,0.42,0.43,0.01,0.01,72158.25
1775819778.522,78.522,0.57,0.58,0.42,0.43,0.01,0.01,72158.25
1775819779.239,79.239,0.57,0.58,0.42,0.43,0.01,0.01,72157.08
1775819779.613,79.613,0.57,0.58,0.42,0.43,0.01,0.01,72157.08
1775819780.041,80.041,0.58,0.59,0.41,0.42,0.01,0.01,72157.08
1775819780.494,80.494,0.61,0.62,0.39,0.41,0.01,0.02,72155.76
1775819780.918,80.918,0.62,0.63,0.37,0.38,0.01,0.01,72155.76
1775819781.381,81.381,0.63,0.64,0.36,0.38,0.01,0.02,72156.1
1775819782.066,82.066,0.64,0.65,0.35,0.36,0.01,0.01,72156.1
1775819782.423,82.423,0.64,0.65,0.35,0.36,0.01,0.01,72156.38
1775819782.984,82.984,0.64,0.65,0.35,0.36,0.01,0.01,72156.38
1775819783.332,83.332,0.64,0.65,0.35,0.36,0.01,0.01,72159.02
1775819783.822,83.822,0.64,0.65,0.35,0.36,0.01,0.01,72159.02
1775819784.185,84.185,0.64,0.65,0.35,0.36,0.01,0.01,72160.42
1775819784.564,84.564,0.64,0.65,0.35,0.36,0.01,0.01,72160.42
1775819784.952,84.952,0.64,0.65,0.35,0.36,0.01,0.01,72160.42
1775819785.542,85.542,0.64,0.65,0.35,0.36,0.01,0.01,72160.61
1775819785.904,85.904,0.64,0.65,0.35,0.36,0.01,0.01,72160.61
1775819786.282,86.282,0.62,0.65,0.35,0.36,0.03,0.01,72160.61
1775819786.665,86.665,0.63,0.64,0.36,0.37,0.01,0.01,72160.6
1775819787.173,87.173,0.63,0.64,0.36,0.37,0.01,0.01,72160.6
1775819787.67,87.67,0.63,0.64,0.36,0.37,0.01,0.01,72160.6
1775819788.004,88.004,0.64,0.65,0.35,0.36,0.01,0.01,72160.6
1775819788.464,88.464,0.64,0.65,0.35,0.36,0.01,0.01,72160.6
1775819788.817,88.817,0.64,0.65,0.35,0.36,0.01,0.01,72159.95
1775819789.164,89.164,0.64,0.65,0.35,0.36,0.01,0.01,72159.95
1775819789.511,89.511,0.64,0.65,0.35,0.36,0.01,0.01,72159.95
1775819789.848,89.848,0.64,0.65,0.35,0.36,0.01,0.01,72159.95
1775819790.188,90.188,0.64,0.65,0.35,0.36,0.01,0.01,72159.95
1775819790.523,90.523,0.64,0.65,0.35,0.36,0.01,0.01,72160.45
1775819790.861,90.861,0.64,0.65,0.35,0.36,0.01,0.01,72160.45
1775819791.201,91.201,0.64,0.65,0.35,0.36,0.01,0.01,72161.55
1775819791.556,91.556,0.64,0.65,0.35,0.36,0.01,0.01,72161.55
1775819791.925,91.925,0.65,0.66,0.34,0.36,0.01,0.02,72161.55
1775819792.28,92.28,0.65,0.66,0.34,0.35,0.01,0.01,72161.55
1775819792.62,92.62,0.65,0.66,0.34,0.35,0.01,0.01,72161.55
1775819792.964,92.964,0.63,0.64,0.36,0.37,0.01,0.01,72161.55
1775819793.333,93.333,0.58,0.6,0.4,0.41,0.02,0.01,72161.52
1775819793.67,93.67,0.58,0.59,0.41,0.42,0.01,0.01,72161.52
1775819794.018,94.018,0.58,0.59,0.41,0.42,0.01,0.01,72161.52
1775819794.387,94.387,0.58,0.59,0.41,0.42,0.01,0.01,72161.52
1775819794.81,94.81,0.58,0.59,0.41,0.42,0.01,0.01,72162.43
1775819795.206,95.206,0.58,0.59,0.41,0.42,0.01,0.01,72158.59
1775819795.563,95.563,0.58,0.59,0.41,0.42,0.01,0.01,72158.59
1775819795.909,95.909,0.58,0.59,0.41,0.42,0.01,0.01,72158.59
1775819796.447,96.447,0.58,0.59,0.41,0.42,0.01,0.01,72158.59
1775819796.809,96.809,0.5,0.51,0.49,0.5,0.01,0.01,72158.59
1775819797.153,97.153,0.48,0.5,0.5,0.52,0.02,0.02,72154.81
1775819797.549,97.549,0.49,0.5,0.5,0.51,0.01,0.01,72154.81
1775819797.943,97.943,0.49,0.5,0.5,0.51,0.01,0.01,72154.85
1775819798.304,98.304,0.49,0.5,0.5,0.51,0.01,0.01,72154.85
1775819798.687,98.687,0.5,0.52,0.49,0.5,0.02,0.01,72147.98
1775819799.045,99.045,0.51,0.52,0.48,0.49,0.01,0.01,72147.98
1775819799.417,99.417,0.51,0.53,0.47,0.49,0.02,0.02,72145.9
1775819799.762,99.762,0.52,0.53,0.47,0.48,0.01,0.01,72145.9
1775819800.102,100.102,0.55,0.56,0.44,0.45,0.01,0.01,72145.9
1775819800.463,100.463,0.56,0.59,0.43,0.45,0.03,0.02,72145.9
1775819800.803,100.803,0.57,0.58,0.42,0.43,0.01,0.01,72143.31
1775819801.152,101.152,0.6,0.62,0.39,0.4,0.02,0.01,72143.31
1775819801.562,101.562,0.64,0.66,0.35,0.37,0.02,0.02,72143.93
1775819801.916,101.916,0.67,0.68,0.32,0.33,0.01,0.01,72143.93
1775819802.264,102.264,0.67,0.68,0.32,0.33,0.01,0.01,72143.93
1775819802.644,102.644,0.67,0.69,0.32,0.33,0.02,0.01,72143.93
1775819803.14,103.14,0.68,0.7,0.3,0.32,0.02,0.02,72152.43
1775819803.523,103.523,0.67,0.69,0.31,0.32,0.02,0.01,72152.43
1775819803.908,103.908,0.62,0.63,0.37,0.38,0.01,0.01,72158.61
1775819804.257,104.257,0.6,0.63,0.37,0.39,0.03,0.02,72158.61
1775819804.601,104.601,0.59,0.6,0.39,0.4,0.01,0.01,72158.61
1775819805.148,105.148,0.59,0.6,0.4,0.41,0.01,0.01,72161.0
1775819805.488,105.488,0.59,0.63,0.37,0.41,0.04,0.04,72160.72
1775819805.884,105.884,0.64,0.65,0.35,0.36,0.01,0.01,72160.72
1775819806.246,106.246,0.64,0.65,0.35,0.36,0.01,0.01,72160.72
1775819806.813,106.813,0.67,0.68,0.32,0.33,0.01,0.01,72157.28
1775819807.206,107.206,0.7,0.71,0.28,0.3,0.01,0.02,72157.28
1775819807.625,107.625,0.7,0.71,0.29,0.3,0.01,0.01,72155.52
1775819808.106,108.106,0.7,0.71,0.29,0.3,0.01,0.01,72155.52
1775819808.473,108.473,0.74,0.75,0.25,0.26,0.01,0.01,72160.44
1775819808.813,108.813,0.74,0.76,0.25,0.26,0.02,0.01,72160.44
1775819809.152,109.152,0.78,0.79,0.21,0.23,0.01,0.02,72160.44
1775819809.503,109.503,0.78,0.79,0.21,0.22,0.01,0.01,72160.44
1775819809.84,109.84,0.79,0.8,0.2,0.21,0.01,0.01,72163.31
1775819810.179,110.179,0.77,0.79,0.21,0.23,0.02,0.02,72163.31
1775819810.611,110.611,0.79,0.8,0.2,0.21,0.01,0.01,72171.95
1775819810.945,110.945,0.81,0.82,0.18,0.19,0.01,0.01,72171.95
1775819811.323,111.323,0.8,0.81,0.19,0.2,0.01,0.01,72180.06
1775819811.663,111.663,0.76,0.78,0.22,0.23,0.02,0.01,72180.06
1775819812.007,112.007,0.76,0.77,0.23,0.24,0.01,0.01,72180.06
1775819812.459,112.459,0.76,0.77,0.23,0.24,0.01,0.01,72180.06
1775819812.793,112.793,0.76,0.77,0.23,0.24,0.01,0.01,72187.32
1775819813.147,113.147,0.76,0.77,0.23,0.24,0.01,0.01,72187.32
1775819813.521,113.521,0.76,0.77,0.23,0.24,0.01,0.01,72187.32
1775819813.893,113.893,0.71,0.76,0.23,0.25,0.05,0.02,72187.87
1775819814.34,114.34,0.7,0.71,0.28,0.3,0.01,0.02,72187.87
1775819814.687,114.687,0.69,0.7,0.3,0.31,0.01,0.01,72187.87
1775819815.051,115.051,0.69,0.7,0.3,0.31,0.01,0.01,72184.76
1775819815.701,115.701,0.69,0.7,0.3,0.31,0.01,0.01,72184.7
1775819816.106,116.106,0.69,0.7,0.3,0.31,0.01,0.01,72184.7
1775819816.521,116.521,0.69,0.7,0.3,0.31,0.01,0.01,72181.48
1775819816.878,116.878,0.69,0.7,0.3,0.31,0.01,0.01,72181.48
1775819817.254,117.254,0.69,0.7,0.3,0.31,0.01,0.01,72181.48
1775819817.772,117.772,0.69,0.7,0.3,0.31,0.01,0.01,72174.18
1775819818.498,118.498,0.67,0.68,0.32,0.33,0.01,0.01,72174.18
1775819818.854,118.854,0.64,0.65,0.35,0.36,0.01,0.01,72174.18
1775819819.269,119.269,0.63,0.65,0.35,0.36,0.02,0.01,72174.18
1775819819.639,119.639,0.59,0.63,0.36,0.41,0.04,0.05,72174.18
1775819820.039,120.039,0.58,0.61,0.39,0.4,0.03,0.01,72170.17
1775819820.43,120.43,0.59,0.6,0.4,0.41,0.01,0.01,72170.17
1775819820.764,120.764,0.59,0.6,0.4,0.42,0.01,0.02,72166.91
1775819821.138,121.138,0.54,0.55,0.45,0.47,0.01,0.02,72166.91
1775819821.525,121.525,0.54,0.55,0.45,0.46,0.01,0.01,72165.77
1775819821.868,121.868,0.54,0.55,0.41,0.46,0.01,0.05,72165.77
1775819822.317,122.317,0.54,0.56,0.45,0.46,0.02,0.01,72165.77
1775819822.679,122.679,0.57,0.58,0.42,0.43,0.01,0.01,72165.77
1775819823.015,123.015,0.57,0.58,0.42,0.43,0.01,0.01,72156.29
1775819823.397,123.397,0.57,0.58,0.42,0.43,0.01,0.01,72156.29
1775819823.751,123.751,0.57,0.58,0.42,0.43,0.01,0.01,72150.85
1775819824.219,124.219,0.58,0.59,0.41,0.42,0.01,0.01,72150.85
1775819824.644,124.644,0.6,0.61,0.39,0.41,0.01,0.02,72151.03
1775819825.101,125.101,0.6,0.61,0.39,0.4,0.01,0.01,72151.03
1775819825.603,125.603,0.6,0.61,0.39,0.4,0.01,0.01,72151.03
1775819826.287,126.287,0.6,0.61,0.39,0.4,0.01,0.01,72151.34
1775819826.901,126.901,0.6,0.61,0.39,0.4,0.01,0.01,72151.34
1775819827.304,127.304,0.6,0.61,0.39,0.4,0.01,0.01,72150.57
1775819827.661,127.661,0.62,0.63,0.38,0.39,0.01,0.01,72150.57
1775819828.141,128.141,0.6,0.65,0.38,0.4,0.05,0.02,72150.57
1775819828.485,128.485,0.56,0.57,0.39,0.41,0.01,0.02,72150.57
1775819828.829,128.829,0.56,0.57,0.43,0.44,0.01,0.01,72151.18
1775819829.296,129.296,0.57,0.58,0.39,0.44,0.01,0.05,72151.18
1775819829.777,129.777,0.55,0.56,0.44,0.45,0.01,0.01,72152.37
1775819830.337,130.337,0.55,0.56,0.44,0.45,0.01,0.01,72151.11
1775819831.039,131.039,0.55,0.56,0.44,0.45,0.01,0.01,72151.11
1775819831.408,131.408,0.55,0.58,0.44,0.45,0.03,0.01,72151.11
1775819831.902,131.902,0.57,0.58,0.42,0.43,0.01,0.01,72144.87
1775819832.26,132.26,0.57,0.58,0.42,0.43,0.01,0.01,72144.87
1775819832.875,132.875,0.57,0.58,0.42,0.43,0.01,0.01,72144.87
1775819833.275,133.275,0.56,0.6,0.43,0.44,0.04,0.01,72144.87
1775819833.609,133.609,0.59,0.6,0.4,0.41,0.01,0.01,72144.77
1775819833.963,133.963,0.6,0.61,0.39,0.4,0.01,0.01,72144.77
1775819834.306,134.306,0.6,0.61,0.39,0.4,0.01,0.01,72145.8
1775819834.809,134.809,0.6,0.61,0.39,0.4,0.01,0.01,72145.8
1775819835.413,135.413,0.6,0.61,0.39,0.4,0.01,0.01,72144.59
1775819835.864,135.864,0.6,0.61,0.39,0.4,0.01,0.01,72144.59
1775819836.198,136.198,0.63,0.64,0.36,0.37,0.01,0.01,72144.63
1775819836.535,136.535,0.63,0.64,0.36,0.37,0.01,0.01,72144.63
1775819836.956,136.956,0.61,0.62,0.38,0.39,0.01,0.01,72147.26
1775819837.333,137.333,0.61,0.62,0.38,0.39,0.01,0.01,72147.26
1775819837.684,137.684,0.61,0.62,0.38,0.39,0.01,0.01,72147.26
1775819838.024,138.024,0.61,0.62,0.38,0.39,0.01,0.01,72145.37
1775819838.367,138.367,0.61,0.62,0.38,0.39,0.01,0.01,72145.37
1775819838.723,138.723,0.61,0.63,0.38,0.39,0.02,0.01,72145.37
1775819839.089,139.089,0.64,0.65,0.35,0.36,0.01,0.01,72146.69
1775819839.454,139.454,0.64,0.65,0.35,0.36,0.01,0.01,72146.69
1775819839.797,139.797,0.67,0.68,0.32,0.33,0.01,0.01,72146.69
1775819840.185,140.185,0.67,0.68,0.32,0.33,0.01,0.01,72146.94
1775819840.802,140.802,0.68,0.69,0.32,0.33,0.01,0.01,72146.94
1775819841.153,141.153,0.68,0.69,0.31,0.32,0.01,0.01,72149.03
1775819841.508,141.508,0.68,0.69,0.31,0.32,0.01,0.01,72149.03
1775819841.842,141.842,0.68,0.69,0.31,0.32,0.01,0.01,72149.03
1775819842.21,142.21,0.68,0.69,0.31,0.32,0.01,0.01,72151.38
1775819842.643,142.643,0.68,0.69,0.31,0.32,0.01,0.01,72151.38
1775819843.301,143.301,0.68,0.69,0.31,0.32,0.01,0.01,72151.38
1775819843.756,143.756,0.68,0.69,0.31,0.32,0.01,0.01,72153.66
1775819844.144,144.144,0.68,0.69,0.31,0.32,0.01,0.01,72153.66
1775819844.615,144.615,0.68,0.69,0.31,0.32,0.01,0.01,72153.66
1775819844.956,144.956,0.68,0.69,0.31,0.32,0.01,0.01,72154.45
1775819845.813,145.813,0.67,0.68,0.32,0.33,0.01,0.01,72155.82
1775819846.416,146.416,0.67,0.68,0.32,0.33,0.01,0.01,72154.79
1775819847.199,147.199,0.67,0.68,0.32,0.33,0.01,0.01,72154.79
1775819847.554,147.554,0.67,0.68,0.32,0.33,0.01,0.01,72156.57
1775819848.16,148.16,0.67,0.68,0.32,0.33,0.01,0.01,72156.57
1775819848.497,148.497,0.54,0.62,0.38,0.46,0.08,0.08,72154.79
1775819848.882,148.882,0.49,0.51,0.47,0.53,0.02,0.06,72154.79
1775819849.224,149.224,0.46,0.48,0.52,0.54,0.02,0.02,72154.79
1775819849.827,149.827,0.46,0.47,0.53,0.54,0.01,0.01,72154.96
1775819850.244,150.244,0.45,0.46,0.53,0.55,0.01,0.02,72154.96
1775819850.612,150.612,0.45,0.46,0.54,0.55,0.01,0.01,72138.96
1775819850.992,150.992,0.45,0.46,0.54,0.55,0.01,0.01,72138.96
1775819851.351,151.351,0.45,0.46,0.54,0.55,0.01,0.01,72134.44
1775819851.684,151.684,0.45,0.46,0.54,0.55,0.01,0.01,72134.44
1775819852.077,152.077,0.45,0.46,0.54,0.55,0.01,0.01,72132.26
1775819852.42,152.42,0.45,0.46,0.54,0.55,0.01,0.01,72132.26
1775819852.913,152.913,0.46,0.47,0.53,0.55,0.01,0.02,72132.26
1775819853.267,153.267,0.47,0.48,0.52,0.53,0.01,0.01,72130.63
1775819853.65,153.65,0.47,0.48,0.52,0.53,0.01,0.01,72130.63
1775819854.005,154.005,0.48,0.49,0.51,0.52,0.01,0.01,72130.63
1775819854.345,154.345,0.48,0.49,0.51,0.52,0.01,0.01,72130.63
1775819854.825,154.825,0.49,0.5,0.47,0.52,0.01,0.05,72130.63
1775819855.193,155.193,0.52,0.54,0.47,0.49,0.02,0.02,72131.0
1775819855.667,155.667,0.53,0.54,0.46,0.47,0.01,0.01,72131.0
1775819856.096,156.096,0.53,0.54,0.46,0.47,0.01,0.01,72132.87
1775819856.489,156.489,0.53,0.54,0.46,0.47,0.01,0.01,72132.87
1775819856.931,156.931,0.54,0.55,0.45,0.46,0.01,0.01,72132.87
1775819857.31,157.31,0.53,0.54,0.46,0.47,0.01,0.01,72133.16
1775819857.653,157.653,0.53,0.54,0.46,0.47,0.01,0.01,72133.16
1775819858.061,158.061,0.51,0.52,0.47,0.49,0.01,0.02,72133.16
1775819858.446,158.446,0.51,0.52,0.48,0.49,0.01,0.01,72133.16
1775819859.021,159.021,0.52,0.53,0.47,0.48,0.01,0.01,72134.53
1775819859.406,159.406,0.5,0.51,0.49,0.5,0.01,0.01,72134.53
1775819859.75,159.75,0.5,0.51,0.49,0.5,0.01,0.01,72134.53
1775819860.093,160.093,0.48,0.49,0.51,0.52,0.01,0.01,72133.08
1775819860.435,160.435,0.48,0.49,0.51,0.52,0.01,0.01,72133.08
1775819860.788,160.788,0.48,0.49,0.51,0.52,0.01,0.01,72133.08
1775819861.615,161.615,0.48,0.51,0.51,0.52,0.03,0.01,72133.05
1775819862.023,162.023,0.54,0.55,0.45,0.46,0.01,0.01,72131.32
1775819862.579,162.579,0.54,0.56,0.45,0.46,0.02,0.01,72131.32
1775819862.972,162.972,0.55,0.56,0.44,0.45,0.01,0.01,72131.08
1775819863.345,163.345,0.55,0.57,0.44,0.45,0.02,0.01,72131.08
1775819863.687,163.687,0.58,0.59,0.41,0.42,0.01,0.01,72131.08
1775819864.772,164.772,0.58,0.59,0.41,0.42,0.01,0.01,72132.42
1775819865.169,165.169,0.58,0.59,0.41,0.42,0.01,0.01,72132.42
1775819865.514,165.514,0.58,0.59,0.41,0.42,0.01,0.01,72135.87
1775819865.972,165.972,0.58,0.59,0.41,0.42,0.01,0.01,72135.87
1775819866.343,166.343,0.58,0.59,0.41,0.42,0.01,0.01,72139.39
1775819866.786,166.786,0.58,0.59,0.41,0.42,0.01,0.01,72139.39
1775819867.307,167.307,0.58,0.59,0.41,0.42,0.01,0.01,72139.39
1775819867.822,167.822,0.58,0.59,0.41,0.42,0.01,0.01,72139.35
1775819868.17,168.17,0.58,0.59,0.41,0.42,0.01,0.01,72139.35
1775819868.68,168.68,0.58,0.59,0.41,0.42,0.01,0.01,72139.28
1775819869.321,169.321,0.55,0.58,0.42,0.43,0.03,0.01,72139.25
1775819869.809,169.809,0.53,0.54,0.45,0.47,0.01,0.02,72139.25
1775819870.233,170.233,0.53,0.54,0.46,0.47,0.01,0.01,72139.25
1775819870.593,170.593,0.53,0.54,0.46,0.47,0.01,0.01,72139.25
1775819871.053,171.053,0.54,0.55,0.45,0.46,0.01,0.01,72139.38
1775819871.89,171.89,0.56,0.57,0.43,0.44,0.01,0.01,72138.9
1775819872.275,172.275,0.56,0.57,0.43,0.44,0.01,0.01,72138.9
1775819872.667,172.667,0.56,0.57,0.43,0.44,0.01,0.01,72137.01
1775819873.046,173.046,0.56,0.57,0.43,0.44,0.01,0.01,72137.01
1775819873.65,173.65,0.57,0.58,0.42,0.43,0.01,0.01,72137.01
1775819874.073,174.073,0.57,0.58,0.42,0.43,0.01,0.01,72138.89
1775819874.483,174.483,0.56,0.58,0.42,0.43,0.02,0.01,72139.03
1775819875.175,175.175,0.54,0.55,0.45,0.47,0.01,0.02,72139.04
1775819875.551,175.551,0.54,0.55,0.45,0.46,0.01,0.01,72139.04
1775819875.938,175.938,0.51,0.54,0.45,0.47,0.03,0.02,72139.04
1775819876.573,176.573,0.49,0.5,0.5,0.51,0.01,0.01,72138.92
1775819877.158,177.158,0.5,0.51,0.49,0.5,0.01,0.01,72138.92
1775819877.681,177.681,0.53,0.54,0.46,0.51,0.01,0.05,72137.89
1775819878.281,178.281,0.53,0.54,0.46,0.47,0.01,0.01,72137.89
1775819879.013,179.013,0.53,0.54,0.46,0.47,0.01,0.01,72136.07
1775819879.356,179.356,0.54,0.55,0.45,0.47,0.01,0.02,72136.07
1775819879.735,179.735,0.54,0.55,0.45,0.46,0.01,0.01,72136.07
1775819880.203,180.203,0.54,0.55,0.45,0.46,0.01,0.01,72136.51
1775819880.558,180.558,0.53,0.54,0.45,0.47,0.01,0.02,72136.51
1775819880.904,180.904,0.53,0.54,0.46,0.47,0.01,0.01,72136.51
1775819881.272,181.272,0.52,0.53,0.46,0.48,0.01,0.02,72136.51
1775819881.704,181.704,0.5,0.52,0.48,0.49,0.02,0.01,72139.18
1775819882.039,182.039,0.49,0.5,0.5,0.51,0.01,0.01,72139.18
1775819882.377,182.377,0.49,0.5,0.5,0.51,0.01,0.01,72139.18
1775819882.767,182.767,0.5,0.51,0.49,0.5,0.01,0.01,72137.54
1775819883.141,183.141,0.5,0.51,0.49,0.5,0.01,0.01,72137.54
1775819883.479,183.479,0.49,0.5,0.49,0.51,0.01,0.02,72137.44
1775819883.812,183.812,0.48,0.49,0.51,0.52,0.01,0.01,72137.44
1775819884.349,184.349,0.49,0.5,0.5,0.51,0.01,0.01,72137.44
1775819884.694,184.694,0.47,0.48,0.5,0.53,0.01,0.03,72135.05
1775819885.143,185.143,0.47,0.48,0.52,0.53,0.01,0.01,72135.05
1775819885.486,185.486,0.47,0.48,0.52,0.53,0.01,0.01,72135.05
1775819885.857,185.857,0.5,0.51,0.48,0.52,0.01,0.04,72135.05
1775819886.297,186.297,0.51,0.52,0.49,0.5,0.01,0.01,72134.55
1775819886.742,186.742,0.51,0.52,0.48,0.49,0.01,0.01,72134.55
1775819887.101,187.101,0.49,0.52,0.48,0.49,0.03,0.01,72134.55
1775819887.722,187.722,0.48,0.49,0.49,0.51,0.01,0.02,72132.38
1775819888.062,188.062,0.47,0.48,0.52,0.53,0.01,0.01,72132.38
1775819888.486,188.486,0.47,0.48,0.52,0.53,0.01,0.01,72132.38
1775819889.083,189.083,0.47,0.49,0.52,0.53,0.02,0.01,72133.7
1775819889.548,189.548,0.48,0.49,0.51,0.52,0.01,0.01,72132.14
1775819889.899,189.899,0.48,0.49,0.51,0.52,0.01,0.01,72132.14
1775819890.356,190.356,0.48,0.49,0.51,0.52,0.01,0.01,72132.14
1775819890.765,190.765,0.47,0.48,0.51,0.52,0.01,0.01,72130.76
1775819891.139,191.139,0.45,0.46,0.53,0.55,0.01,0.02,72130.76
1775819891.812,191.812,0.45,0.47,0.54,0.55,0.02,0.01,72130.53
1775819892.179,192.179,0.46,0.47,0.53,0.54,0.01,0.01,72130.53
1775819892.538,192.538,0.49,0.5,0.52,0.53,0.01,0.01,72130.52
1775819892.881,192.881,0.52,0.53,0.47,0.48,0.01,0.01,72130.52
1775819893.474,193.474,0.52,0.53,0.47,0.48,0.01,0.01,72130.52
1775819893.865,193.865,0.52,0.53,0.47,0.48,0.01,0.01,72130.52
1775819894.2,194.2,0.52,0.53,0.47,0.48,0.01,0.01,72128.59
1775819894.596,194.596,0.52,0.53,0.47,0.48,0.01,0.01,72128.59
1775819895.074,195.074,0.54,0.55,0.45,0.46,0.01,0.01,72129.27
1775819895.451,195.451,0.55,0.56,0.44,0.45,0.01,0.01,72131.42
1775819895.798,195.798,0.57,0.58,0.43,0.44,0.01,0.01,72131.42
1775819896.137,196.137,0.59,0.6,0.4,0.41,0.01,0.01,72131.42
1775819896.584,196.584,0.59,0.6,0.4,0.41,0.01,0.01,72133.27
1775819896.944,196.944,0.59,0.6,0.4,0.41,0.01,0.01,72133.27
1775819897.713,197.713,0.59,0.6,0.4,0.41,0.01,0.01,72133.55
1775819898.171,198.171,0.6,0.61,0.39,0.4,0.01,0.01,72133.55
1775819898.713,198.713,0.6,0.61,0.39,0.4,0.01,0.01,72135.79
1775819899.122,199.122,0.61,0.62,0.38,0.39,0.01,0.01,72135.79
1775819899.671,199.671,0.61,0.62,0.38,0.39,0.01,0.01,72136.46
1775819900.096,200.096,0.62,0.63,0.37,0.39,0.01,0.02,72135.98
1775819901.11,201.11,0.63,0.64,0.36,0.37,0.01,0.01,72135.98
1775819901.679,201.679,0.63,0.64,0.36,0.37,0.01,0.01,72136.27
1775819902.084,202.084,0.63,0.64,0.36,0.37,0.01,0.01,72136.27
1775819902.457,202.457,0.63,0.64,0.36,0.37,0.01,0.01,72136.27
1775819902.841,202.841,0.63,0.64,0.36,0.37,0.01,0.01,72137.27
1775819903.38,203.38,0.63,0.64,0.36,0.37,0.01,0.01,72137.27
1775819904.227,204.227,0.63,0.64,0.36,0.37,0.01,0.01,72137.2
1775819904.623,204.623,0.63,0.64,0.36,0.37,0.01,0.01,72137.5
1775819905.019,205.019,0.63,0.65,0.36,0.37,0.02,0.01,72137.5
1775819905.548,205.548,0.64,0.65,0.35,0.36,0.01,0.01,72137.13
1775819905.929,205.929,0.64,0.65,0.35,0.36,0.01,0.01,72137.13
1775819906.296,206.296,0.64,0.65,0.35,0.36,0.01,0.01,72137.13
1775819906.634,206.634,0.62,0.64,0.36,0.37,0.02,0.01,72137.13
1775819906.987,206.987,0.61,0.62,0.38,0.39,0.01,0.01,72137.13
1775819907.48,207.48,0.61,0.62,0.38,0.39,0.01,0.01,72137.47
1775819907.869,207.869,0.61,0.62,0.38,0.39,0.01,0.01,72137.47
1775819908.459,208.459,0.62,0.63,0.37,0.38,0.01,0.01,72137.58
1775819909.504,209.504,0.61,0.62,0.37,0.39,0.01,0.02,72137.54
1775819910.002,210.002,0.62,0.63,0.37,0.38,0.01,0.01,72137.54
1775819910.505,210.505,0.62,0.63,0.37,0.38,0.01,0.01,72137.72
1775819911.036,211.036,0.63,0.64,0.36,0.38,0.01,0.02,72137.72
1775819911.44,211.44,0.64,0.65,0.35,0.37,0.01,0.02,72137.71
1775819911.893,211.893,0.64,0.65,0.35,0.36,0.01,0.01,72137.71
1775819912.277,212.277,0.63,0.64,0.35,0.36,0.01,0.01,72137.71
1775819912.628,212.628,0.63,0.64,0.36,0.37,0.01,0.01,72137.73
1775819913.029,213.029,0.63,0.64,0.35,0.36,0.01,0.01,72137.73
1775819913.423,213.423,0.61,0.64,0.36,0.37,0.03,0.01,72137.61
1775819913.816,213.816,0.6,0.61,0.38,0.4,0.01,0.02,72137.61
1775819914.163,214.163,0.6,0.61,0.39,0.4,0.01,0.01,72137.61
1775819914.777,214.777,0.58,0.59,0.39,0.42,0.01,0.03,72137.37
1775819915.113,215.113,0.51,0.55,0.45,0.48,0.04,0.03,72137.37
1775819915.551,215.551,0.51,0.52,0.48,0.49,0.01,0.01,72137.36
1775819915.976,215.976,0.51,0.52,0.48,0.49,0.01,0.01,72137.36
1775819916.422,216.422,0.51,0.52,0.48,0.49,0.01,0.01,72136.36
1775819916.799,216.799,0.51,0.52,0.48,0.49,0.01,0.01,72136.36
1775819917.474,217.474,0.51,0.52,0.48,0.49,0.01,0.01,72135.35
1775819917.822,217.822,0.49,0.51,0.48,0.49,0.02,0.01,72135.35
1775819918.417,218.417,0.5,0.51,0.49,0.5,0.01,0.01,72133.41
1775819918.979,218.979,0.5,0.51,0.49,0.5,0.01,0.01,72133.41
1775819919.586,219.586,0.47,0.48,0.51,0.53,0.01,0.02,72132.99
1775819920.552,220.552,0.47,0.48,0.52,0.53,0.01,0.01,72131.39
1775819921.08,221.08,0.47,0.48,0.52,0.53,0.01,0.01,72131.39
1775819921.606,221.606,0.47,0.48,0.52,0.53,0.01,0.01,72128.44
1775819922.126,222.126,0.47,0.48,0.52,0.53,0.01,0.01,72128.01
1775819922.592,222.592,0.47,0.48,0.52,0.53,0.01,0.01,72128.01
1775819922.941,222.941,0.45,0.48,0.52,0.53,0.03,0.01,72128.01
1775819923.312,223.312,0.41,0.43,0.57,0.58,0.02,0.01,72127.71
1775819923.851,223.851,0.41,0.42,0.58,0.59,0.01,0.01,72127.71
1775819924.19,224.19,0.38,0.4,0.6,0.62,0.02,0.02,72126.29
1775819924.636,224.636,0.37,0.38,0.62,0.63,0.01,0.01,72126.29
1775819925.219,225.219,0.37,0.38,0.62,0.63,0.01,0.01,72125.77
1775819925.639,225.639,0.37,0.38,0.62,0.63,0.01,0.01,72125.77
1775819926.291,226.291,0.37,0.38,0.62,0.63,0.01,0.01,72120.87
1775819926.81,226.81,0.37,0.38,0.62,0.63,0.01,0.01,72120.87
1775819927.222,227.222,0.37,0.38,0.62,0.63,0.01,0.01,72119.0
1775819927.595,227.595,0.36,0.37,0.63,0.64,0.01,0.01,72119.0
1775819927.945,227.945,0.35,0.37,0.63,0.64,0.02,0.01,72119.0
1775819928.368,228.368,0.37,0.38,0.62,0.63,0.01,0.01,72119.0
1775819928.709,228.709,0.4,0.41,0.59,0.61,0.01,0.02,72119.0
1775819929.134,229.134,0.41,0.42,0.58,0.59,0.01,0.01,72119.0
1775819929.616,229.616,0.41,0.42,0.58,0.59,0.01,0.01,72118.98
1775819930.013,230.013,0.41,0.42,0.58,0.59,0.01,0.01,72118.98
1775819930.36,230.36,0.41,0.42,0.58,0.59,0.01,0.01,72118.98
1775819930.787,230.787,0.41,0.42,0.58,0.59,0.01,0.01,72119.53
1775819931.203,231.203,0.39,0.4,0.6,0.61,0.01,0.01,72120.3
1775819931.649,231.649,0.39,0.4,0.6,0.61,0.01,0.01,72120.3
1775819932.236,232.236,0.39,0.4,0.6,0.61,0.01,0.01,72120.3
1775819932.674,232.674,0.39,0.4,0.6,0.61,0.01,0.01,72120.3
1775819933.01,233.01,0.39,0.4,0.6,0.61,0.01,0.01,72120.9
1775819933.404,233.404,0.39,0.4,0.6,0.61,0.01,0.01,72120.87
1775819933.784,233.784,0.39,0.4,0.6,0.61,0.01,0.01,72120.87
1775819934.144,234.144,0.38,0.39,0.6,0.61,0.01,0.01,72120.87
1775819934.489,234.489,0.35,0.39,0.61,0.62,0.04,0.01,72120.87
1775819934.892,234.892,0.35,0.36,0.64,0.65,0.01,0.01,72120.75
1775819935.298,235.298,0.35,0.36,0.64,0.65,0.01,0.01,72120.34
1775819935.652,235.652,0.35,0.36,0.64,0.65,0.01,0.01,72120.34
1775819936.076,236.076,0.33,0.34,0.64,0.67,0.01,0.03,72120.34
1775819936.42,236.42,0.33,0.34,0.66,0.67,0.01,0.01,72120.34
1775819936.761,236.761,0.33,0.34,0.66,0.67,0.01,0.01,72120.1
1775819937.103,237.103,0.35,0.36,0.65,0.66,0.01,0.01,72120.1
1775819937.446,237.446,0.36,0.37,0.63,0.64,0.01,0.01,72119.84
1775819937.847,237.847,0.36,0.37,0.63,0.64,0.01,0.01,72119.84
1775819938.193,238.193,0.32,0.33,0.64,0.68,0.01,0.04,72117.47
1775819938.529,238.529,0.32,0.33,0.67,0.68,0.01,0.01,72117.47
1775819938.867,238.867,0.36,0.37,0.63,0.64,0.01,0.01,72117.47
1775819939.222,239.222,0.36,0.37,0.63,0.64,0.01,0.01,72117.2
1775819939.562,239.562,0.36,0.37,0.63,0.64,0.01,0.01,72117.2
1775819939.909,239.909,0.36,0.37,0.63,0.64,0.01,0.01,72117.2
1775819940.26,240.26,0.36,0.37,0.63,0.64,0.01,0.01,72117.62
1775819940.609,240.609,0.36,0.37,0.63,0.64,0.01,0.01,72117.62
1775819940.947,240.947,0.36,0.37,0.63,0.64,0.01,0.01,72117.62
1775819941.286,241.286,0.36,0.37,0.63,0.64,0.01,0.01,72119.08
1775819941.628,241.628,0.36,0.37,0.63,0.64,0.01,0.01,72119.08
1775819941.963,241.963,0.36,0.37,0.63,0.64,0.01,0.01,72119.08
1775819942.317,242.317,0.36,0.37,0.63,0.64,0.01,0.01,72118.81
1775819942.805,242.805,0.32,0.33,0.67,0.68,0.01,0.01,72118.81
1775819943.287,243.287,0.32,0.33,0.67,0.68,0.01,0.01,72118.01
1775819943.71,243.71,0.31,0.32,0.67,0.68,0.01,0.01,72118.01
1775819944.132,244.132,0.27,0.28,0.72,0.73,0.01,0.01,72118.01
1775819944.465,244.465,0.35,0.36,0.64,0.65,0.01,0.01,72117.9
1775819944.799,244.799,0.35,0.36,0.64,0.65,0.01,0.01,72117.9
1775819945.181,245.181,0.36,0.37,0.63,0.64,0.01,0.01,72117.9
1775819945.525,245.525,0.34,0.35,0.64,0.65,0.01,0.01,72117.88
1775819945.876,245.876,0.34,0.35,0.65,0.66,0.01,0.01,72117.88
1775819946.228,246.228,0.31,0.32,0.65,0.69,0.01,0.04,72116.54
1775819946.629,246.629,0.3,0.32,0.68,0.69,0.02,0.01,72116.54
1775819947.041,247.041,0.29,0.31,0.69,0.7,0.02,0.01,72116.54
1775819947.432,247.432,0.28,0.29,0.71,0.72,0.01,0.01,72116.54
1775819947.785,247.785,0.27,0.28,0.72,0.73,0.01,0.01,72118.97
1775819948.228,248.228,0.25,0.27,0.73,0.74,0.02,0.01,72118.97
1775819948.581,248.581,0.25,0.26,0.74,0.75,0.01,0.01,72117.54
1775819948.965,248.965,0.25,0.26,0.74,0.75,0.01,0.01,72117.54
1775819949.315,249.315,0.25,0.26,0.74,0.75,0.01,0.01,72114.55
1775819949.684,249.684,0.25,0.26,0.74,0.75,0.01,0.01,72114.55
1775819950.077,250.077,0.25,0.26,0.74,0.75,0.01,0.01,72114.55
1775819950.46,250.46,0.22,0.23,0.77,0.78,0.01,0.01,72111.56
1775819950.797,250.797,0.2,0.22,0.78,0.79,0.02,0.01,72111.56
1775819951.191,251.191,0.16,0.19,0.81,0.82,0.03,0.01,72111.56
1775819951.596,251.596,0.16,0.17,0.83,0.84,0.01,0.01,72103.93
1775819951.933,251.933,0.16,0.17,0.83,0.84,0.01,0.01,72103.93
1775819952.322,252.322,0.15,0.16,0.84,0.85,0.01,0.01,72101.29
1775819952.658,252.658,0.15,0.16,0.84,0.85,0.01,0.01,72101.29
1775819953.008,253.008,0.15,0.16,0.84,0.85,0.01,0.01,72101.29
1775819953.488,253.488,0.14,0.15,0.85,0.86,0.01,0.01,72101.11
1775819953.892,253.892,0.13,0.14,0.86,0.87,0.01,0.01,72101.11
1775819954.23,254.23,0.2,0.43,0.58,0.8,0.23,0.22,72101.21
1775819954.563,254.563,0.46,0.53,0.48,0.54,0.07,0.06,72101.21
1775819954.91,254.91,0.46,0.47,0.53,0.54,0.01,0.01,72101.21
1775819955.267,255.267,0.45,0.46,0.54,0.55,0.01,0.01,72101.46
1775819955.673,255.673,0.45,0.46,0.54,0.55,0.01,0.01,72101.46
1775819956.019,256.019,0.46,0.47,0.53,0.54,0.01,0.01,72101.46
1775819956.395,256.395,0.56,0.58,0.41,0.46,0.02,0.05,72122.89
1775819956.752,256.752,0.6,0.61,0.39,0.4,0.01,0.01,72122.89
1775819957.097,257.097,0.6,0.61,0.39,0.4,0.01,0.01,72121.94
1775819957.461,257.461,0.6,0.61,0.39,0.4,0.01,0.01,72121.94
1775819957.807,257.807,0.59,0.6,0.4,0.41,0.01,0.01,72121.94
1775819958.191,258.191,0.59,0.6,0.4,0.41,0.01,0.01,72121.97
1775819958.531,258.531,0.59,0.6,0.4,0.41,0.01,0.01,72121.97
1775819958.942,258.942,0.63,0.65,0.37,0.39,0.02,0.02,72121.97
1775819959.324,259.324,0.64,0.65,0.35,0.36,0.01,0.01,72121.97
1775819959.687,259.687,0.61,0.62,0.37,0.39,0.01,0.02,72121.97
1775819960.155,260.155,0.61,0.62,0.38,0.39,0.01,0.01,72125.18
1775819960.492,260.492,0.61,0.62,0.38,0.39,0.01,0.01,72128.62
1775819960.826,260.826,0.61,0.62,0.38,0.39,0.01,0.01,72128.62
1775819961.166,261.166,0.57,0.58,0.41,0.43,0.01,0.02,72126.55
1775819961.52,261.52,0.59,0.6,0.39,0.43,0.01,0.04,72126.55
1775819961.994,261.994,0.59,0.6,0.42,0.52,0.01,0.1,72126.55
1775819962.41,262.41,0.56,0.57,0.43,0.44,0.01,0.01,72127.01
1775819962.83,262.83,0.56,0.57,0.43,0.44,0.01,0.01,72127.01
1775819963.292,263.292,0.55,0.56,0.43,0.45,0.01,0.02,72127.01
1775819963.637,263.637,0.55,0.56,0.44,0.45,0.01,0.01,72127.27
1775819964.084,264.084,0.46,0.48,0.51,0.53,0.02,0.02,72127.27
1775819964.47,264.47,0.5,0.52,0.5,0.52,0.02,0.02,72127.27
1775819964.829,264.829,0.52,0.53,0.47,0.48,0.01,0.01,72127.27
1775819965.214,265.214,0.53,0.54,0.46,0.48,0.01,0.02,72129.51
1775819965.655,265.655,0.48,0.49,0.51,0.52,0.01,0.01,72129.51
1775819966.305,266.305,0.51,0.54,0.46,0.47,0.03,0.01,72128.53
1775819966.783,266.783,0.54,0.55,0.45,0.47,0.01,0.02,72128.53
1775819967.24,267.24,0.6,0.61,0.39,0.4,0.01,0.01,72128.53
1775819967.578,267.578,0.61,0.62,0.38,0.39,0.01,0.01,72127.57
1775819967.93,267.93,0.64,0.65,0.35,0.36,0.01,0.01,72127.57
1775819968.456,268.456,0.64,0.67,0.35,0.36,0.03,0.01,72130.21
1775819968.824,268.824,0.66,0.67,0.33,0.34,0.01,0.01,72130.21
1775819969.357,269.357,0.66,0.67,0.33,0.34,0.01,0.01,72132.67
1775819970.022,270.022,0.66,0.67,0.33,0.34,0.01,0.01,72132.67
1775819970.408,270.408,0.64,0.65,0.35,0.36,0.01,0.01,72132.67
1775819970.746,270.746,0.68,0.69,0.31,0.32,0.01,0.01,72133.65
1775819971.292,271.292,0.67,0.68,0.34,0.35,0.01,0.01,72133.65
1775819971.658,271.658,0.67,0.68,0.32,0.33,0.01,0.01,72133.67
1775819971.991,271.991,0.67,0.68,0.32,0.33,0.01,0.01,72133.67
1775819972.33,272.33,0.67,0.68,0.32,0.33,0.01,0.01,72133.67
1775819972.729,272.729,0.68,0.69,0.31,0.32,0.01,0.01,72135.42
1775819973.104,273.104,0.67,0.68,0.31,0.34,0.01,0.03,72135.42
1775819973.451,273.451,0.68,0.69,0.31,0.34,0.01,0.03,72133.8
1775819973.846,273.846,0.69,0.7,0.33,0.34,0.01,0.01,72133.8
1775819974.183,274.183,0.7,0.71,0.29,0.3,0.01,0.01,72133.8
1775819974.519,274.519,0.64,0.7,0.3,0.31,0.06,0.01,72133.84
1775819974.882,274.882,0.68,0.69,0.31,0.32,0.01,0.01,72133.84
1775819975.24,275.24,0.68,0.69,0.31,0.32,0.01,0.01,72134.01
1775819975.648,275.648,0.67,0.68,0.32,0.33,0.01,0.01,72134.01
1775819976.003,276.003,0.72,0.73,0.27,0.28,0.01,0.01,72134.33
1775819976.383,276.383,0.72,0.73,0.27,0.28,0.01,0.01,72134.33
1775819976.826,276.826,0.73,0.74,0.26,0.27,0.01,0.01,72134.33
1775819977.187,277.187,0.74,0.76,0.25,0.26,0.02,0.01,72134.32
1775819977.548,277.548,0.75,0.76,0.24,0.25,0.01,0.01,72134.32
1775819977.888,277.888,0.75,0.76,0.24,0.25,0.01,0.01,72134.32
1775819978.246,278.246,0.82,0.83,0.17,0.18,0.01,0.01,72134.74
1775819978.592,278.592,0.87,0.88,0.13,0.14,0.01,0.01,72134.74
1775819978.931,278.931,0.84,0.85,0.15,0.16,0.01,0.01,72134.74
1775819979.359,279.359,0.85,0.86,0.14,0.15,0.01,0.01,72135.39
1775819979.731,279.731,0.87,0.88,0.12,0.13,0.01,0.01,72135.39
1775819980.182,280.182,0.88,0.89,0.16,0.17,0.01,0.01,72135.39
1775819980.54,280.54,0.88,0.89,0.11,0.12,0.01,0.01,72138.66
1775819980.932,280.932,0.88,0.89,0.11,0.12,0.01,0.01,72138.66
1775819981.287,281.287,0.88,0.89,0.11,0.12,0.01,0.01,72138.66
1775819981.626,281.626,0.89,0.9,0.1,0.11,0.01,0.01,72140.36
1775819981.999,281.999,0.89,0.9,0.1,0.11,0.01,0.01,72140.36
1775819982.335,282.335,0.91,0.92,0.09,0.11,0.01,0.02,72140.36
1775819982.766,282.766,0.94,0.95,0.05,0.06,0.01,0.01,72140.8
1775819983.109,283.109,0.95,0.96,0.04,0.05,0.01,0.01,72140.8
1775819983.465,283.465,0.95,0.96,0.04,0.05,0.01,0.01,72141.69
1775819983.804,283.804,0.95,0.96,0.04,0.05,0.01,0.01,72141.69
1775819984.141,284.141,0.96,0.97,0.03,0.04,0.01,0.01,72149.33
1775819984.494,284.494,0.96,0.97,0.03,0.04,0.01,0.01,72149.33
1775819984.836,284.836,0.96,0.97,0.03,0.04,0.01,0.01,72149.33
1775819985.182,285.182,0.96,0.97,0.03,0.04,0.01,0.01,72155.48
1775819985.526,285.526,0.96,0.97,0.03,0.04,0.01,0.01,72155.48
1775819985.875,285.875,0.97,0.98,0.02,0.03,0.01,0.01,72155.48
1775819986.325,286.325,0.97,0.98,0.02,0.03,0.01,0.01,72163.25
1775819986.662,286.662,0.97,0.98,0.02,0.03,0.01,0.01,72163.25
1775819986.995,286.995,0.97,0.98,0.02,0.03,0.01,0.01,72163.25
1775819987.36,287.36,0.97,0.99,0.02,0.03,0.02,0.01,72169.04
1775819987.713,287.713,0.98,0.99,0.01,0.02,0.01,0.01,72169.04
1775819988.052,288.052,0.98,0.99,0.01,0.02,0.01,0.01,72169.04
1775819988.406,288.406,0.98,0.99,0.01,0.02,0.01,0.01,72173.93
1775819988.763,288.763,0.98,0.99,0.01,0.02,0.01,0.01,72173.93
1775819989.109,289.109,0.98,0.99,0.01,0.02,0.01,0.01,72173.93
1775819989.486,289.486,0.98,0.99,0.01,0.02,0.01,0.01,72173.93
1775819989.823,289.823,0.99,0.99,0.01,0.01,0.0,0.0,72176.75
1775819990.2,290.2,0.99,0.99,0.01,0.01,0.0,0.0,72178.47
1775819990.71,290.71,0.99,0.99,0.01,0.01,0.0,0.0,72178.47
1775819991.162,291.162,0.99,0.99,0.01,0.01,0.0,0.0,72186.0
1775819991.531,291.531,0.99,0.99,0.01,0.01,0.0,0.0,72186.0
1775819991.899,291.899,0.99,0.99,0.01,0.01,0.0,0.0,72186.0
1775819992.29,292.29,0.99,0.99,0.01,0.01,0.0,0.0,72186.02
1775819992.769,292.769,0.99,0.99,0.01,0.01,0.0,0.0,72186.02
1775819993.361,293.361,0.99,0.99,0.01,0.01,0.0,0.0,72186.02
1775819993.806,293.806,0.99,0.99,0.01,0.01,0.0,0.0,72189.88
1775819994.238,294.238,0.99,0.99,0.01,0.01,0.0,0.0,72190.79
1775819994.788,294.788,0.99,0.99,0.01,0.01,0.0,0.0,72190.79
1775819995.171,295.171,0.99,0.99,0.01,0.01,0.0,0.0,72190.79
1775819995.797,295.797,0.99,0.99,0.01,0.01,0.0,0.0,72191.33
1775819996.326,296.326,0.99,0.99,0.01,0.01,0.0,0.0,72189.74
1775819996.73,296.73,0.99,0.99,0.01,0.01,0.0,0.0,72189.74
1775819997.086,297.086,0.99,0.99,0.01,0.01,0.0,0.0,72189.74
1775819997.533,297.533,0.99,0.99,0.01,0.01,0.0,0.0,72187.1
1775819997.934,297.934,0.99,0.99,0.01,0.01,0.0,0.0,72187.1
1775819998.512,298.512,0.99,0.99,0.01,0.01,0.0,0.0,72184.51
1775819998.948,298.948,0.99,0.99,0.01,0.01,0.0,0.0,72184.51
1775819999.573,299.573,0.99,0.99,0.01,0.01,0.0,0.0,72180.57
1775820000.003,300.003,0.99,0.99,0.01,0.01,0.0,0.0,72180.57
1775820000.398,300.398,0.99,0.99,0.01,0.01,0.0,0.0,72178.03
1775820000.738,300.738,0.99,0.99,0.01,0.01,0.0,0.0,72178.03

# RESULT,winner=Up,slug=btc-updown-5m-1775819700,ticks=724
