timestamp,elapsed_sec,up_bid,up_ask,down_bid,down_ask,up_spread,down_spread,btc_price,btc_oracle_ts
1776572400.581,0.581,0.41,0.42,0.57,0.58,0.01,0.01,75750.88,1776572399000
1776572400.943,0.943,0.41,0.42,0.58,0.59,0.01,0.01,75750.88,1776572399000
1776572401.325,1.325,0.41,0.46,0.58,0.59,0.05,0.01,75750.88,1776572399000
1776572401.758,1.758,0.43,0.44,0.56,0.57,0.01,0.01,75750.31,1776572400000
1776572402.127,2.127,0.43,0.44,0.56,0.57,0.01,0.01,75750.31,1776572400000
1776572402.503,2.503,0.43,0.44,0.56,0.57,0.01,0.01,75750.51,1776572401000
1776572402.96,2.96,0.43,0.44,0.56,0.57,0.01,0.01,75750.51,1776572401000
1776572403.324,3.324,0.42,0.43,0.57,0.58,0.01,0.01,75750.33,1776572402000
1776572403.806,3.806,0.39,0.42,0.58,0.61,0.03,0.03,75750.33,1776572402000
1776572404.167,4.167,0.39,0.4,0.6,0.61,0.01,0.01,75750.33,1776572402000
1776572404.539,4.539,0.39,0.4,0.6,0.61,0.01,0.01,75750.44,1776572403000
1776572404.879,4.879,0.39,0.41,0.6,0.61,0.02,0.01,75750.44,1776572403000
1776572405.493,5.493,0.4,0.41,0.59,0.6,0.01,0.01,75750.44,1776572404000
1776572405.83,5.83,0.4,0.41,0.59,0.6,0.01,0.01,75750.44,1776572404000
1776572406.184,6.184,0.4,0.41,0.59,0.6,0.01,0.01,75745.1,1776572405000
1776572406.624,6.624,0.39,0.4,0.59,0.61,0.01,0.02,75745.1,1776572405000
1776572407.149,7.149,0.38,0.39,0.61,0.62,0.01,0.01,75745.1,1776572405000
1776572407.547,7.547,0.38,0.39,0.61,0.62,0.01,0.01,75744.36,1776572406000
1776572408.014,8.014,0.38,0.39,0.61,0.62,0.01,0.01,75744.36,1776572406000
1776572408.382,8.382,0.38,0.39,0.61,0.62,0.01,0.01,75740.55,1776572407000
1776572408.806,8.806,0.38,0.39,0.61,0.62,0.01,0.01,75740.55,1776572407000
1776572409.166,9.166,0.38,0.39,0.61,0.62,0.01,0.01,75740.46,1776572408000
1776572409.531,9.531,0.38,0.39,0.61,0.62,0.01,0.01,75740.46,1776572408000
1776572410.097,10.097,0.38,0.39,0.61,0.62,0.01,0.01,75740.46,1776572408000
1776572410.531,10.531,0.37,0.38,0.62,0.63,0.01,0.01,75738.73,1776572409000
1776572410.979,10.979,0.37,0.38,0.62,0.63,0.01,0.01,75738.73,1776572409000
1776572411.358,11.358,0.38,0.39,0.61,0.63,0.01,0.02,75738.76,1776572410000
1776572411.711,11.711,0.44,0.45,0.54,0.56,0.01,0.02,75738.76,1776572410000
1776572412.046,12.046,0.44,0.45,0.55,0.56,0.01,0.01,75738.76,1776572410000
1776572412.465,12.465,0.44,0.46,0.55,0.56,0.02,0.01,75738.76,1776572410000
1776572412.8,12.8,0.45,0.46,0.54,0.55,0.01,0.01,75738.76,1776572410000
1776572413.152,13.152,0.45,0.46,0.54,0.55,0.01,0.01,75739.09,1776572411000
1776572413.523,13.523,0.45,0.46,0.54,0.55,0.01,0.01,75739.09,1776572411000
1776572413.949,13.949,0.45,0.46,0.54,0.55,0.01,0.01,75742.84,1776572412000
1776572414.653,14.653,0.45,0.46,0.54,0.55,0.01,0.01,75750.15,1776572413000
1776572415.196,15.196,0.45,0.46,0.54,0.55,0.01,0.01,75750.39,1776572414000
1776572415.606,15.606,0.45,0.46,0.54,0.55,0.01,0.01,75750.39,1776572414000
1776572416.111,16.111,0.45,0.46,0.54,0.55,0.01,0.01,75750.39,1776572414000
1776572416.511,16.511,0.45,0.46,0.54,0.55,0.01,0.01,75750.4,1776572415000
1776572416.998,16.998,0.45,0.46,0.54,0.55,0.01,0.01,75750.4,1776572415000
1776572417.342,17.342,0.45,0.46,0.54,0.55,0.01,0.01,75750.4,1776572416000
1776572417.723,17.723,0.45,0.46,0.54,0.55,0.01,0.01,75750.4,1776572416000
1776572418.147,18.147,0.45,0.46,0.54,0.55,0.01,0.01,75750.4,1776572416000
1776572418.489,18.489,0.45,0.46,0.54,0.55,0.01,0.01,75750.39,1776572417000
1776572418.885,18.885,0.45,0.46,0.54,0.55,0.01,0.01,75750.39,1776572417000
1776572419.249,19.249,0.45,0.48,0.54,0.55,0.03,0.01,75750.39,1776572418000
1776572419.725,19.725,0.47,0.48,0.52,0.55,0.01,0.03,75750.39,1776572418000
1776572420.199,20.199,0.47,0.48,0.52,0.53,0.01,0.01,75750.39,1776572418000
1776572420.597,20.597,0.47,0.48,0.52,0.53,0.01,0.01,75750.4,1776572419000
1776572421.018,21.018,0.47,0.48,0.52,0.53,0.01,0.01,75750.4,1776572419000
1776572421.563,21.563,0.47,0.48,0.52,0.53,0.01,0.01,75750.4,1776572420000
1776572422.155,22.155,0.47,0.48,0.52,0.53,0.01,0.01,75750.4,1776572420000
1776572422.759,22.759,0.47,0.48,0.52,0.53,0.01,0.01,75750.71,1776572421000
1776572423.154,23.154,0.47,0.48,0.52,0.53,0.01,0.01,75750.71,1776572421000
1776572423.51,23.51,0.47,0.48,0.52,0.53,0.01,0.01,75750.73,1776572422000
1776572424.067,24.067,0.47,0.48,0.52,0.53,0.01,0.01,75750.73,1776572422000
1776572424.458,24.458,0.47,0.48,0.52,0.53,0.01,0.01,75750.73,1776572422000
1776572424.831,24.831,0.47,0.48,0.52,0.53,0.01,0.01,75750.73,1776572422000
1776572425.281,25.281,0.47,0.48,0.52,0.53,0.01,0.01,75750.61,1776572423000
1776572425.738,25.738,0.47,0.48,0.52,0.53,0.01,0.01,75750.85,1776572424000
1776572426.253,26.253,0.47,0.48,0.52,0.53,0.01,0.01,75750.85,1776572424000
1776572426.882,26.882,0.47,0.48,0.52,0.53,0.01,0.01,75751.74,1776572425000
1776572427.247,27.247,0.47,0.48,0.52,0.53,0.01,0.01,75751.74,1776572425000
1776572427.624,27.624,0.47,0.48,0.52,0.53,0.01,0.01,75752.06,1776572426000
1776572427.982,27.982,0.47,0.48,0.52,0.53,0.01,0.01,75752.06,1776572426000
1776572428.417,28.417,0.47,0.48,0.52,0.53,0.01,0.01,75752.06,1776572426000
1776572428.775,28.775,0.47,0.48,0.52,0.53,0.01,0.01,75752.06,1776572426000
1776572429.108,29.108,0.48,0.5,0.5,0.52,0.02,0.02,75752.08,1776572427000
1776572429.442,29.442,0.51,0.54,0.47,0.49,0.03,0.02,75752.08,1776572427000
1776572429.78,29.78,0.54,0.55,0.45,0.46,0.01,0.01,75752.24,1776572428000
1776572430.173,30.173,0.54,0.55,0.45,0.46,0.01,0.01,75752.24,1776572429000
1776572430.514,30.514,0.54,0.55,0.45,0.46,0.01,0.01,75752.24,1776572429000
1776572431.058,31.058,0.55,0.56,0.44,0.45,0.01,0.01,75754.03,1776572430000
1776572431.748,31.748,0.55,0.56,0.44,0.45,0.01,0.01,75754.03,1776572430000
1776572432.313,32.313,0.55,0.56,0.44,0.45,0.01,0.01,75754.03,1776572430000
1776572432.767,32.767,0.55,0.56,0.44,0.45,0.01,0.01,75756.56,1776572431000
1776572433.369,33.369,0.55,0.56,0.44,0.45,0.01,0.01,75756.57,1776572432000
1776572433.87,33.87,0.55,0.56,0.44,0.45,0.01,0.01,75756.57,1776572433000
1776572434.41,34.41,0.55,0.56,0.44,0.45,0.01,0.01,75756.57,1776572433000
1776572434.802,34.802,0.55,0.56,0.44,0.45,0.01,0.01,75756.57,1776572433000
1776572435.502,35.502,0.55,0.56,0.44,0.45,0.01,0.01,75756.55,1776572434000
1776572435.908,35.908,0.55,0.56,0.44,0.45,0.01,0.01,75756.55,1776572434000
1776572436.362,36.362,0.52,0.55,0.44,0.47,0.03,0.03,75756.56,1776572435000
1776572436.697,36.697,0.53,0.54,0.46,0.47,0.01,0.01,75756.56,1776572435000
1776572437.043,37.043,0.52,0.53,0.47,0.48,0.01,0.01,75756.56,1776572435000
1776572437.525,37.525,0.52,0.53,0.47,0.48,0.01,0.01,75756.66,1776572436000
1776572438.106,38.106,0.52,0.53,0.47,0.48,0.01,0.01,75756.66,1776572436000
1776572439.132,39.132,0.51,0.53,0.47,0.48,0.02,0.01,75756.65,1776572437000
1776572439.466,39.466,0.51,0.52,0.48,0.49,0.01,0.01,75756.99,1776572438000
1776572439.984,39.984,0.51,0.52,0.48,0.49,0.01,0.01,75756.9,1776572439000
1776572440.493,40.493,0.5,0.51,0.49,0.5,0.01,0.01,75756.9,1776572439000
1776572441.048,41.048,0.5,0.51,0.49,0.5,0.01,0.01,75756.9,1776572439000
1776572441.392,41.392,0.5,0.51,0.49,0.5,0.01,0.01,75756.97,1776572440000
1776572442.312,42.312,0.49,0.51,0.49,0.51,0.02,0.02,75756.98,1776572441000
1776572442.723,42.723,0.49,0.5,0.5,0.51,0.01,0.01,75756.98,1776572441000
1776572443.064,43.064,0.47,0.48,0.52,0.53,0.01,0.01,75756.98,1776572441000
1776572443.43,43.43,0.47,0.48,0.52,0.53,0.01,0.01,75757.01,1776572442000
1776572444.143,44.143,0.47,0.48,0.52,0.53,0.01,0.01,75757.01,1776572442000
1776572444.485,44.485,0.52,0.53,0.47,0.48,0.01,0.01,75757.01,1776572442000
1776572444.819,44.819,0.52,0.53,0.47,0.48,0.01,0.01,75755.36,1776572443000
1776572445.181,45.181,0.53,0.54,0.46,0.47,0.01,0.01,75755.33,1776572444000
1776572445.588,45.588,0.53,0.54,0.46,0.47,0.01,0.01,75755.33,1776572444000
1776572445.952,45.952,0.53,0.54,0.46,0.47,0.01,0.01,75755.33,1776572444000
1776572446.419,46.419,0.53,0.54,0.46,0.47,0.01,0.01,75755.33,1776572444000
1776572446.812,46.812,0.53,0.54,0.46,0.47,0.01,0.01,75761.77,1776572445000
1776572447.236,47.236,0.53,0.54,0.46,0.47,0.01,0.01,75761.77,1776572445000
1776572447.862,47.862,0.53,0.54,0.46,0.47,0.01,0.01,75762.12,1776572446000
1776572448.266,48.266,0.53,0.54,0.46,0.47,0.01,0.01,75759.88,1776572447000
1776572448.765,48.765,0.52,0.53,0.47,0.48,0.01,0.01,75759.88,1776572447000
1776572449.457,49.457,0.52,0.53,0.47,0.48,0.01,0.01,75759.71,1776572448000
1776572449.849,49.849,0.52,0.53,0.47,0.48,0.01,0.01,75759.71,1776572448000
1776572450.188,50.188,0.52,0.53,0.47,0.48,0.01,0.01,75759.71,1776572448000
1776572450.63,50.63,0.52,0.53,0.47,0.48,0.01,0.01,75759.73,1776572449000
1776572450.969,50.969,0.52,0.53,0.47,0.48,0.01,0.01,75759.73,1776572449000
1776572451.328,51.328,0.52,0.53,0.47,0.48,0.01,0.01,75759.73,1776572449000
1776572451.743,51.743,0.51,0.52,0.47,0.49,0.01,0.02,75759.68,1776572450000
1776572452.088,52.088,0.51,0.52,0.48,0.49,0.01,0.01,75759.68,1776572450000
1776572452.578,52.578,0.5,0.51,0.49,0.5,0.01,0.01,75759.67,1776572451000
1776572452.998,52.998,0.5,0.51,0.49,0.5,0.01,0.01,75759.67,1776572451000
1776572453.368,53.368,0.49,0.5,0.49,0.51,0.01,0.02,75759.67,1776572451000
1776572453.816,53.816,0.49,0.5,0.5,0.51,0.01,0.01,75758.89,1776572452000
1776572454.194,54.194,0.49,0.5,0.5,0.51,0.01,0.01,75758.63,1776572453000
1776572454.58,54.58,0.49,0.5,0.5,0.51,0.01,0.01,75758.63,1776572453000
1776572455.235,55.235,0.49,0.5,0.5,0.51,0.01,0.01,75758.63,1776572453000
1776572455.639,55.639,0.49,0.5,0.5,0.51,0.01,0.01,75758.28,1776572454000
1776572456.039,56.039,0.49,0.5,0.5,0.51,0.01,0.01,75758.28,1776572454000
1776572456.608,56.608,0.49,0.5,0.5,0.51,0.01,0.01,75758.28,1776572454000
1776572457.116,57.116,0.49,0.5,0.5,0.51,0.01,0.01,75758.28,1776572455000
1776572457.502,57.502,0.49,0.51,0.5,0.51,0.02,0.01,75758.28,1776572456000
1776572457.9,57.9,0.5,0.52,0.49,0.5,0.02,0.01,75758.28,1776572456000
1776572458.546,58.546,0.5,0.52,0.48,0.5,0.02,0.02,75758.28,1776572457000
1776572459.054,59.054,0.5,0.51,0.49,0.5,0.01,0.01,75758.28,1776572457000
1776572459.658,59.658,0.5,0.51,0.49,0.5,0.01,0.01,75758.29,1776572458000
1776572460.165,60.165,0.5,0.51,0.49,0.5,0.01,0.01,75758.29,1776572458000
1776572460.985,60.985,0.5,0.51,0.49,0.5,0.01,0.01,75758.29,1776572458000
1776572461.623,61.623,0.5,0.51,0.49,0.5,0.01,0.01,75758.34,1776572460000
1776572462.06,62.06,0.5,0.51,0.49,0.5,0.01,0.01,75758.34,1776572460000
1776572462.418,62.418,0.5,0.51,0.49,0.5,0.01,0.01,75758.34,1776572461000
1776572462.957,62.957,0.5,0.51,0.49,0.5,0.01,0.01,75758.34,1776572461000
1776572463.369,63.369,0.5,0.51,0.49,0.5,0.01,0.01,75758.3,1776572462000
1776572464.094,64.094,0.5,0.51,0.49,0.5,0.01,0.01,75758.3,1776572462000
1776572464.456,64.456,0.5,0.51,0.49,0.5,0.01,0.01,75758.33,1776572463000
1776572464.822,64.822,0.48,0.49,0.49,0.52,0.01,0.03,75758.33,1776572463000
1776572465.233,65.233,0.48,0.49,0.51,0.52,0.01,0.01,75758.31,1776572464000
1776572465.737,65.737,0.48,0.49,0.51,0.52,0.01,0.01,75758.31,1776572464000
1776572466.084,66.084,0.48,0.5,0.51,0.52,0.02,0.01,75758.31,1776572464000
1776572466.482,66.482,0.49,0.5,0.5,0.51,0.01,0.01,75758.02,1776572465000
1776572466.856,66.856,0.49,0.5,0.5,0.51,0.01,0.01,75758.02,1776572465000
1776572467.265,67.265,0.48,0.49,0.51,0.52,0.01,0.01,75757.72,1776572466000
1776572467.728,67.728,0.48,0.49,0.51,0.52,0.01,0.01,75757.72,1776572466000
1776572468.242,68.242,0.48,0.49,0.51,0.52,0.01,0.01,75757.72,1776572466000
1776572468.745,68.745,0.48,0.49,0.51,0.52,0.01,0.01,75757.69,1776572467000
1776572469.665,69.665,0.48,0.49,0.51,0.52,0.01,0.01,75757.69,1776572468000
1776572470.185,70.185,0.48,0.49,0.51,0.52,0.01,0.01,75757.69,1776572469000
1776572470.773,70.773,0.48,0.49,0.51,0.52,0.01,0.01,75757.69,1776572469000
1776572471.248,71.248,0.48,0.49,0.51,0.52,0.01,0.01,75757.69,1776572469000
1776572471.839,71.839,0.48,0.49,0.51,0.52,0.01,0.01,75757.69,1776572470000
1776572472.283,72.283,0.48,0.49,0.51,0.52,0.01,0.01,75757.69,1776572470000
1776572472.871,72.871,0.49,0.5,0.51,0.52,0.01,0.01,75757.7,1776572471000
1776572473.216,73.216,0.49,0.58,0.5,0.51,0.09,0.01,75757.72,1776572472000
1776572473.706,73.706,0.51,0.52,0.49,0.5,0.01,0.01,75757.72,1776572472000
1776572474.17,74.17,0.54,0.55,0.44,0.49,0.01,0.05,75757.72,1776572472000
1776572474.545,74.545,0.54,0.55,0.45,0.46,0.01,0.01,75757.71,1776572473000
1776572475.008,75.008,0.54,0.55,0.45,0.46,0.01,0.01,75757.71,1776572473000
1776572475.854,75.854,0.55,0.56,0.43,0.46,0.01,0.03,75757.71,1776572473000
1776572476.199,76.199,0.55,0.56,0.44,0.45,0.01,0.01,75757.7,1776572474000
1776572476.623,76.623,0.55,0.59,0.44,0.45,0.04,0.01,75757.71,1776572475000
1776572477.064,77.064,0.56,0.57,0.43,0.44,0.01,0.01,75758.84,1776572476000
1776572478.017,78.017,0.56,0.57,0.43,0.44,0.01,0.01,75758.68,1776572477000
1776572478.404,78.404,0.56,0.57,0.43,0.44,0.01,0.01,75758.68,1776572477000
1776572478.846,78.846,0.56,0.57,0.43,0.44,0.01,0.01,75758.68,1776572477000
1776572479.676,79.676,0.57,0.58,0.42,0.43,0.01,0.01,75758.39,1776572478000
1776572480.016,80.016,0.57,0.58,0.42,0.43,0.01,0.01,75758.39,1776572478000
1776572480.507,80.507,0.58,0.59,0.41,0.42,0.01,0.01,75758.39,1776572479000
1776572480.878,80.878,0.58,0.59,0.41,0.42,0.01,0.01,75758.39,1776572479000
1776572481.237,81.237,0.58,0.59,0.41,0.42,0.01,0.01,75758.58,1776572480000
1776572481.69,81.69,0.58,0.59,0.41,0.42,0.01,0.01,75758.58,1776572480000
1776572482.045,82.045,0.58,0.59,0.41,0.42,0.01,0.01,75758.58,1776572480000
1776572482.473,82.473,0.58,0.59,0.41,0.42,0.01,0.01,75758.58,1776572481000
1776572483.105,83.105,0.58,0.59,0.41,0.42,0.01,0.01,75758.58,1776572481000
1776572483.574,83.574,0.58,0.59,0.41,0.42,0.01,0.01,75759.73,1776572482000
1776572484.099,84.099,0.58,0.59,0.41,0.42,0.01,0.01,75759.73,1776572482000
1776572484.457,84.457,0.58,0.59,0.41,0.42,0.01,0.01,75759.73,1776572483000
1776572484.848,84.848,0.58,0.59,0.41,0.42,0.01,0.01,75759.73,1776572483000
1776572485.217,85.217,0.58,0.59,0.41,0.42,0.01,0.01,75759.76,1776572484000
1776572485.923,85.923,0.58,0.59,0.41,0.42,0.01,0.01,75759.76,1776572484000
1776572486.342,86.342,0.58,0.59,0.41,0.42,0.01,0.01,75759.74,1776572485000
1776572486.99,86.99,0.58,0.59,0.41,0.42,0.01,0.01,75759.74,1776572486000
1776572487.592,87.592,0.58,0.59,0.41,0.42,0.01,0.01,75759.74,1776572486000
1776572488.29,88.29,0.58,0.59,0.41,0.42,0.01,0.01,75759.77,1776572487000
1776572488.788,88.788,0.58,0.59,0.41,0.42,0.01,0.01,75759.77,1776572487000
1776572489.198,89.198,0.58,0.59,0.41,0.42,0.01,0.01,75759.77,1776572487000
1776572489.551,89.551,0.58,0.59,0.41,0.42,0.01,0.01,75759.77,1776572488000
1776572490.289,90.289,0.58,0.59,0.41,0.42,0.01,0.01,75759.77,1776572488000
1776572490.684,90.684,0.58,0.59,0.41,0.42,0.01,0.01,75759.76,1776572489000
1776572491.257,91.257,0.58,0.59,0.41,0.42,0.01,0.01,75759.76,1776572489000
1776572491.705,91.705,0.58,0.59,0.41,0.42,0.01,0.01,75759.76,1776572489000
1776572492.538,92.538,0.58,0.59,0.41,0.42,0.01,0.01,75759.74,1776572490000
1776572492.921,92.921,0.58,0.59,0.41,0.42,0.01,0.01,75759.74,1776572491000
1776572493.443,93.443,0.58,0.59,0.41,0.42,0.01,0.01,75759.74,1776572491000
1776572494.218,94.218,0.58,0.59,0.41,0.42,0.01,0.01,75759.76,1776572492000
1776572494.576,94.576,0.58,0.59,0.41,0.42,0.01,0.01,75759.76,1776572493000
1776572495.07,95.07,0.58,0.59,0.41,0.42,0.01,0.01,75759.75,1776572494000
1776572495.426,95.426,0.58,0.59,0.41,0.42,0.01,0.01,75759.75,1776572494000
1776572495.873,95.873,0.58,0.59,0.41,0.42,0.01,0.01,75759.75,1776572494000
1776572496.727,96.727,0.58,0.59,0.41,0.42,0.01,0.01,75758.13,1776572495000
1776572497.066,97.066,0.58,0.59,0.41,0.42,0.01,0.01,75758.13,1776572495000
1776572497.435,97.435,0.58,0.59,0.41,0.42,0.01,0.01,75758.09,1776572496000
1776572497.77,97.77,0.58,0.59,0.41,0.42,0.01,0.01,75758.09,1776572496000
1776572498.119,98.119,0.57,0.59,0.41,0.43,0.02,0.02,75758.08,1776572497000
1776572498.468,98.468,0.52,0.53,0.47,0.48,0.01,0.01,75758.08,1776572497000
1776572498.812,98.812,0.52,0.53,0.47,0.48,0.01,0.01,75758.08,1776572497000
1776572499.173,99.173,0.52,0.53,0.47,0.48,0.01,0.01,75758.08,1776572497000
1776572499.585,99.585,0.52,0.53,0.47,0.48,0.01,0.01,75758.08,1776572497000
1776572500.263,100.263,0.53,0.54,0.46,0.47,0.01,0.01,75758.06,1776572498000
1776572500.644,100.644,0.53,0.54,0.46,0.47,0.01,0.01,75756.7,1776572499000
1776572501.189,101.189,0.53,0.54,0.46,0.47,0.01,0.01,75755.71,1776572500000
1776572502.194,102.194,0.53,0.54,0.46,0.49,0.01,0.03,75755.71,1776572500000
1776572502.793,102.793,0.53,0.54,0.46,0.47,0.01,0.01,75756.11,1776572501000
1776572503.177,103.177,0.53,0.54,0.46,0.47,0.01,0.01,75756.11,1776572501000
1776572503.527,103.527,0.53,0.54,0.46,0.47,0.01,0.01,75756.47,1776572502000
1776572504.369,104.369,0.53,0.54,0.46,0.47,0.01,0.01,75756.55,1776572503000
1776572505.207,105.207,0.53,0.54,0.46,0.47,0.01,0.01,75756.53,1776572504000
1776572505.937,105.937,0.53,0.54,0.46,0.47,0.01,0.01,75756.53,1776572504000
1776572506.42,106.42,0.53,0.54,0.46,0.47,0.01,0.01,75756.53,1776572504000
1776572506.776,106.776,0.53,0.54,0.46,0.47,0.01,0.01,75756.51,1776572505000
1776572507.493,107.493,0.53,0.54,0.46,0.47,0.01,0.01,75755.08,1776572506000
1776572508.139,108.139,0.53,0.54,0.46,0.47,0.01,0.01,75755.08,1776572506000
1776572509.003,109.003,0.53,0.54,0.46,0.47,0.01,0.01,75756.37,1776572507000
1776572509.784,109.784,0.53,0.54,0.46,0.47,0.01,0.01,75756.37,1776572507000
1776572510.399,110.399,0.53,0.54,0.46,0.47,0.01,0.01,75756.63,1776572508000
1776572510.788,110.788,0.53,0.54,0.46,0.47,0.01,0.01,75756.63,1776572508000
1776572511.334,111.334,0.53,0.54,0.46,0.47,0.01,0.01,75756.63,1776572509000
1776572511.998,111.998,0.53,0.54,0.46,0.47,0.01,0.01,75756.8,1776572511000
1776572512.451,112.451,0.53,0.54,0.46,0.47,0.01,0.01,75756.8,1776572511000
1776572513.127,113.127,0.53,0.54,0.46,0.47,0.01,0.01,75756.85,1776572512000
1776572513.623,113.623,0.53,0.54,0.46,0.47,0.01,0.01,75756.85,1776572512000
1776572513.981,113.981,0.58,0.59,0.41,0.42,0.01,0.01,75756.85,1776572512000
1776572514.322,114.322,0.6,0.61,0.39,0.4,0.01,0.01,75756.87,1776572513000
1776572514.729,114.729,0.61,0.62,0.38,0.39,0.01,0.01,75756.87,1776572513000
1776572515.11,115.11,0.61,0.62,0.38,0.39,0.01,0.01,75756.87,1776572514000
1776572515.451,115.451,0.61,0.62,0.38,0.39,0.01,0.01,75756.87,1776572514000
1776572515.912,115.912,0.61,0.62,0.38,0.39,0.01,0.01,75756.87,1776572514000
1776572516.334,116.334,0.61,0.62,0.38,0.39,0.01,0.01,75758.87,1776572515000
1776572516.755,116.755,0.61,0.62,0.38,0.39,0.01,0.01,75758.87,1776572515000
1776572517.21,117.21,0.61,0.62,0.38,0.39,0.01,0.01,75760.0,1776572516000
1776572517.689,117.689,0.61,0.62,0.38,0.39,0.01,0.01,75760.0,1776572516000
1776572518.283,118.283,0.61,0.62,0.38,0.39,0.01,0.01,75760.0,1776572517000
1776572518.682,118.682,0.61,0.62,0.38,0.39,0.01,0.01,75760.0,1776572517000
1776572519.135,119.135,0.56,0.62,0.38,0.39,0.06,0.01,75760.0,1776572517000
1776572519.505,119.505,0.61,0.62,0.38,0.39,0.01,0.01,75760.01,1776572518000
1776572519.846,119.846,0.61,0.62,0.38,0.39,0.01,0.01,75760.01,1776572518000
1776572520.259,120.259,0.61,0.62,0.38,0.39,0.01,0.01,75760.01,1776572519000
1776572520.604,120.604,0.61,0.62,0.38,0.39,0.01,0.01,75760.01,1776572519000
1776572520.949,120.949,0.59,0.6,0.38,0.44,0.01,0.06,75760.01,1776572519000
1776572521.324,121.324,0.59,0.6,0.4,0.41,0.01,0.01,75760.02,1776572520000
1776572521.762,121.762,0.59,0.6,0.4,0.41,0.01,0.01,75760.02,1776572520000
1776572522.345,122.345,0.59,0.6,0.4,0.41,0.01,0.01,75760.02,1776572520000
1776572522.699,122.699,0.59,0.6,0.4,0.41,0.01,0.01,75760.02,1776572521000
1776572523.047,123.047,0.59,0.6,0.4,0.41,0.01,0.01,75760.01,1776572522000
1776572523.385,123.385,0.57,0.58,0.42,0.43,0.01,0.01,75760.01,1776572522000
1776572523.948,123.948,0.56,0.57,0.43,0.44,0.01,0.01,75760.01,1776572522000
1776572524.304,124.304,0.56,0.57,0.43,0.44,0.01,0.01,75760.07,1776572523000
1776572524.754,124.754,0.56,0.57,0.43,0.44,0.01,0.01,75760.07,1776572523000
1776572525.201,125.201,0.56,0.57,0.43,0.44,0.01,0.01,75760.08,1776572524000
1776572526.269,126.269,0.56,0.57,0.43,0.44,0.01,0.01,75760.07,1776572525000
1776572526.773,126.773,0.56,0.57,0.43,0.44,0.01,0.01,75760.07,1776572525000
1776572527.34,127.34,0.56,0.57,0.43,0.44,0.01,0.01,75760.08,1776572526000
1776572527.882,127.882,0.56,0.57,0.43,0.44,0.01,0.01,75760.08,1776572526000
1776572528.341,128.341,0.56,0.57,0.43,0.44,0.01,0.01,75760.05,1776572527000
1776572528.684,128.684,0.56,0.57,0.43,0.44,0.01,0.01,75760.05,1776572527000
1776572529.552,129.552,0.56,0.57,0.43,0.44,0.01,0.01,75760.08,1776572528000
1776572529.951,129.951,0.56,0.57,0.43,0.44,0.01,0.01,75760.08,1776572529000
1776572531.106,131.106,0.56,0.57,0.43,0.44,0.01,0.01,75760.08,1776572530000
1776572532.119,132.119,0.56,0.57,0.43,0.44,0.01,0.01,75760.08,1776572530000
1776572532.869,132.869,0.56,0.57,0.43,0.44,0.01,0.01,75760.11,1776572531000
1776572533.672,133.672,0.56,0.57,0.43,0.44,0.01,0.01,75760.1,1776572532000
1776572534.228,134.228,0.56,0.57,0.43,0.44,0.01,0.01,75760.1,1776572533000
1776572534.596,134.596,0.56,0.57,0.43,0.44,0.01,0.01,75760.1,1776572533000
1776572535.143,135.143,0.56,0.57,0.43,0.44,0.01,0.01,75760.1,1776572533000
1776572535.479,135.479,0.56,0.57,0.43,0.44,0.01,0.01,75760.1,1776572534000
1776572535.942,135.942,0.56,0.57,0.43,0.44,0.01,0.01,75760.1,1776572534000
1776572537.04,137.04,0.54,0.57,0.43,0.44,0.03,0.01,75760.1,1776572535000
1776572537.594,137.594,0.54,0.55,0.45,0.46,0.01,0.01,75760.1,1776572535000
1776572537.943,137.943,0.53,0.54,0.46,0.47,0.01,0.01,75760.1,1776572536000
1776572538.32,138.32,0.53,0.54,0.46,0.47,0.01,0.01,75760.1,1776572537000
1776572539.057,139.057,0.53,0.54,0.46,0.47,0.01,0.01,75760.1,1776572537000
1776572539.486,139.486,0.53,0.54,0.46,0.47,0.01,0.01,75760.12,1776572538000
1776572539.833,139.833,0.53,0.54,0.46,0.47,0.01,0.01,75760.12,1776572538000
1776572540.314,140.314,0.53,0.54,0.46,0.47,0.01,0.01,75760.12,1776572539000
1776572540.676,140.676,0.53,0.54,0.46,0.47,0.01,0.01,75760.12,1776572539000
1776572541.099,141.099,0.53,0.56,0.46,0.47,0.03,0.01,75760.12,1776572539000
1776572541.618,141.618,0.53,0.54,0.46,0.47,0.01,0.01,75760.12,1776572540000
1776572542.007,142.007,0.53,0.54,0.46,0.47,0.01,0.01,75760.12,1776572540000
1776572542.415,142.415,0.53,0.54,0.46,0.47,0.01,0.01,75760.13,1776572541000
1776572542.931,142.931,0.53,0.54,0.46,0.47,0.01,0.01,75758.46,1776572542000
1776572543.283,143.283,0.56,0.57,0.43,0.46,0.01,0.03,75758.46,1776572542000
1776572543.913,143.913,0.56,0.57,0.43,0.44,0.01,0.01,75760.14,1776572543000
1776572544.353,144.353,0.56,0.58,0.43,0.44,0.02,0.01,75760.14,1776572543000
1776572544.962,144.962,0.57,0.58,0.42,0.43,0.01,0.01,75760.15,1776572544000
1776572545.407,145.407,0.57,0.58,0.42,0.43,0.01,0.01,75760.15,1776572544000
1776572545.945,145.945,0.57,0.58,0.42,0.43,0.01,0.01,75760.29,1776572545000
1776572546.344,146.344,0.57,0.58,0.42,0.43,0.01,0.01,75760.29,1776572545000
1776572546.681,146.681,0.59,0.61,0.39,0.41,0.02,0.02,75760.29,1776572545000
1776572547.016,147.016,0.68,0.7,0.3,0.32,0.02,0.02,75760.28,1776572546000
1776572547.355,147.355,0.68,0.69,0.31,0.32,0.01,0.01,75760.28,1776572546000
1776572547.763,147.763,0.68,0.72,0.31,0.32,0.04,0.01,75760.28,1776572546000
1776572548.097,148.097,0.72,0.74,0.26,0.28,0.02,0.02,75760.28,1776572546000
1776572548.431,148.431,0.67,0.74,0.26,0.27,0.07,0.01,75762.2,1776572547000
1776572548.79,148.79,0.73,0.74,0.26,0.27,0.01,0.01,75762.2,1776572547000
1776572549.124,149.124,0.73,0.74,0.26,0.27,0.01,0.01,75762.2,1776572547000
1776572549.459,149.459,0.73,0.74,0.26,0.27,0.01,0.01,75768.05,1776572548000
1776572549.813,149.813,0.73,0.74,0.26,0.27,0.01,0.01,75768.05,1776572548000
1776572550.16,150.16,0.73,0.74,0.26,0.27,0.01,0.01,75768.05,1776572548000
1776572550.494,150.494,0.73,0.74,0.26,0.27,0.01,0.01,75771.92,1776572549000
1776572550.833,150.833,0.73,0.74,0.26,0.27,0.01,0.01,75771.92,1776572549000
1776572551.305,151.305,0.73,0.74,0.26,0.27,0.01,0.01,75771.92,1776572549000
1776572551.657,151.657,0.73,0.74,0.26,0.27,0.01,0.01,75772.33,1776572550000
1776572552.022,152.022,0.73,0.74,0.26,0.27,0.01,0.01,75772.33,1776572550000
1776572552.426,152.426,0.73,0.74,0.26,0.27,0.01,0.01,75772.32,1776572551000
1776572552.853,152.853,0.73,0.74,0.26,0.27,0.01,0.01,75772.32,1776572551000
1776572553.194,153.194,0.73,0.74,0.26,0.27,0.01,0.01,75772.32,1776572551000
1776572553.648,153.648,0.73,0.74,0.26,0.27,0.01,0.01,75772.24,1776572552000
1776572554.172,154.172,0.73,0.74,0.26,0.27,0.01,0.01,75772.21,1776572553000
1776572554.667,154.667,0.73,0.74,0.26,0.27,0.01,0.01,75772.21,1776572553000
1776572555.088,155.088,0.73,0.74,0.26,0.27,0.01,0.01,75772.21,1776572553000
1776572555.435,155.435,0.64,0.67,0.33,0.34,0.03,0.01,75772.21,1776572553000
1776572555.787,155.787,0.63,0.64,0.36,0.37,0.01,0.01,75772.21,1776572553000
1776572556.124,156.124,0.63,0.64,0.36,0.37,0.01,0.01,75772.23,1776572554000
1776572556.543,156.543,0.62,0.63,0.37,0.38,0.01,0.01,75771.77,1776572555000
1776572557.133,157.133,0.62,0.63,0.37,0.38,0.01,0.01,75771.77,1776572555000
1776572557.625,157.625,0.61,0.62,0.38,0.39,0.01,0.01,75767.5,1776572556000
1776572558.35,158.35,0.61,0.62,0.38,0.39,0.01,0.01,75765.58,1776572557000
1776572558.724,158.724,0.61,0.62,0.38,0.39,0.01,0.01,75765.58,1776572557000
1776572559.137,159.137,0.61,0.62,0.38,0.39,0.01,0.01,75764.68,1776572558000
1776572559.799,159.799,0.6,0.61,0.39,0.41,0.01,0.02,75764.68,1776572558000
1776572560.374,160.374,0.6,0.61,0.39,0.4,0.01,0.01,75764.68,1776572559000
1776572560.785,160.785,0.6,0.61,0.39,0.4,0.01,0.01,75764.68,1776572559000
1776572561.248,161.248,0.6,0.61,0.39,0.4,0.01,0.01,75763.02,1776572560000
1776572561.667,161.667,0.6,0.61,0.39,0.4,0.01,0.01,75763.02,1776572560000
1776572562.205,162.205,0.6,0.61,0.39,0.4,0.01,0.01,75762.71,1776572561000
1776572562.587,162.587,0.6,0.61,0.39,0.4,0.01,0.01,75762.71,1776572561000
1776572563.307,163.307,0.6,0.61,0.39,0.4,0.01,0.01,75762.75,1776572562000
1776572563.763,163.763,0.6,0.61,0.39,0.4,0.01,0.01,75762.75,1776572562000
1776572564.557,164.557,0.6,0.61,0.39,0.4,0.01,0.01,75762.77,1776572563000
1776572564.893,164.893,0.6,0.61,0.39,0.4,0.01,0.01,75762.77,1776572563000
1776572565.469,165.469,0.6,0.61,0.39,0.4,0.01,0.01,75762.54,1776572564000
1776572566.232,166.232,0.6,0.61,0.39,0.4,0.01,0.01,75762.54,1776572564000
1776572566.921,166.921,0.6,0.61,0.39,0.4,0.01,0.01,75764.81,1776572565000
1776572567.538,167.538,0.6,0.61,0.39,0.4,0.01,0.01,75764.54,1776572566000
1776572568.133,168.133,0.52,0.57,0.44,0.48,0.05,0.04,75764.54,1776572566000
1776572568.865,168.865,0.52,0.53,0.43,0.48,0.01,0.05,75761.52,1776572567000
1776572569.328,169.328,0.53,0.56,0.44,0.47,0.03,0.03,75758.68,1776572568000
1776572569.666,169.666,0.5,0.52,0.48,0.5,0.02,0.02,75758.68,1776572568000
1776572570.055,170.055,0.5,0.52,0.48,0.5,0.02,0.02,75758.68,1776572568000
1776572570.454,170.454,0.49,0.5,0.5,0.51,0.01,0.01,75756.07,1776572569000
1776572570.827,170.827,0.48,0.49,0.5,0.52,0.01,0.02,75756.07,1776572569000
1776572571.276,171.276,0.48,0.49,0.51,0.52,0.01,0.01,75756.07,1776572570000
1776572571.664,171.664,0.48,0.49,0.51,0.52,0.01,0.01,75756.07,1776572570000
1776572572.064,172.064,0.48,0.49,0.51,0.52,0.01,0.01,75756.07,1776572570000
1776572573.209,173.209,0.48,0.49,0.51,0.52,0.01,0.01,75755.67,1776572572000
1776572574.277,174.277,0.46,0.47,0.53,0.54,0.01,0.01,75753.5,1776572573000
1776572574.782,174.782,0.46,0.47,0.53,0.54,0.01,0.01,75753.5,1776572573000
1776572575.312,175.312,0.46,0.47,0.53,0.55,0.01,0.02,75753.5,1776572573000
1776572575.867,175.867,0.46,0.47,0.53,0.54,0.01,0.01,75754.34,1776572574000
1776572576.732,176.732,0.45,0.46,0.53,0.55,0.01,0.02,75753.7,1776572575000
1776572577.08,177.08,0.45,0.46,0.54,0.55,0.01,0.01,75753.7,1776572575000
1776572577.686,177.686,0.44,0.45,0.54,0.55,0.01,0.01,75753.4,1776572576000
1776572578.123,178.123,0.44,0.45,0.55,0.56,0.01,0.01,75753.4,1776572577000
1776572578.522,178.522,0.44,0.45,0.55,0.56,0.01,0.01,75753.4,1776572577000
1776572578.971,178.971,0.44,0.45,0.55,0.56,0.01,0.01,75753.4,1776572577000
1776572579.47,179.47,0.44,0.45,0.55,0.56,0.01,0.01,75753.4,1776572577000
1776572579.826,179.826,0.44,0.45,0.55,0.56,0.01,0.01,75753.52,1776572578000
1776572580.162,180.162,0.44,0.45,0.55,0.56,0.01,0.01,75752.64,1776572579000
1776572581.041,181.041,0.44,0.45,0.55,0.56,0.01,0.01,75752.64,1776572579000
1776572581.393,181.393,0.44,0.45,0.55,0.56,0.01,0.01,75753.2,1776572580000
1776572581.733,181.733,0.44,0.45,0.55,0.56,0.01,0.01,75753.2,1776572580000
1776572582.335,182.335,0.44,0.45,0.55,0.56,0.01,0.01,75753.2,1776572581000
1776572583.035,183.035,0.44,0.45,0.55,0.56,0.01,0.01,75752.54,1776572582000
1776572583.453,183.453,0.44,0.47,0.53,0.56,0.03,0.03,75752.54,1776572582000
1776572583.86,183.86,0.44,0.45,0.53,0.56,0.01,0.03,75752.54,1776572582000
1776572584.237,184.237,0.44,0.46,0.54,0.56,0.02,0.02,75752.81,1776572583000
1776572585.295,185.295,0.45,0.46,0.54,0.55,0.01,0.01,75752.81,1776572583000
1776572585.7,185.7,0.45,0.46,0.54,0.55,0.01,0.01,75752.81,1776572583000
1776572586.124,186.124,0.45,0.46,0.54,0.55,0.01,0.01,75754.93,1776572585000
1776572586.588,186.588,0.45,0.46,0.54,0.55,0.01,0.01,75754.93,1776572585000
1776572586.93,186.93,0.45,0.46,0.54,0.55,0.01,0.01,75754.93,1776572585000
1776572587.316,187.316,0.45,0.46,0.54,0.55,0.01,0.01,75754.73,1776572586000
1776572587.733,187.733,0.45,0.46,0.54,0.55,0.01,0.01,75754.73,1776572586000
1776572588.365,188.365,0.48,0.49,0.52,0.54,0.01,0.02,75754.73,1776572586000
1776572588.699,188.699,0.48,0.49,0.51,0.52,0.01,0.01,75755.17,1776572587000
1776572589.129,189.129,0.48,0.49,0.51,0.52,0.01,0.01,75755.14,1776572588000
1776572589.488,189.488,0.48,0.49,0.51,0.52,0.01,0.01,75755.14,1776572588000
1776572590.19,190.19,0.48,0.49,0.51,0.52,0.01,0.01,75755.27,1776572589000
1776572590.532,190.532,0.48,0.49,0.51,0.52,0.01,0.01,75755.27,1776572589000
1776572591.099,191.099,0.48,0.49,0.51,0.52,0.01,0.01,75755.27,1776572589000
1776572591.448,191.448,0.48,0.49,0.51,0.52,0.01,0.01,75755.27,1776572590000
1776572591.929,191.929,0.48,0.49,0.51,0.52,0.01,0.01,75755.27,1776572590000
1776572592.338,192.338,0.48,0.5,0.51,0.52,0.02,0.01,75755.27,1776572590000
1776572592.806,192.806,0.49,0.5,0.5,0.52,0.01,0.02,75755.39,1776572591000
1776572593.391,193.391,0.49,0.5,0.5,0.51,0.01,0.01,75755.63,1776572592000
1776572593.754,193.754,0.49,0.5,0.5,0.51,0.01,0.01,75755.63,1776572592000
1776572594.157,194.157,0.49,0.5,0.5,0.51,0.01,0.01,75755.4,1776572593000
1776572594.537,194.537,0.49,0.5,0.5,0.51,0.01,0.01,75755.4,1776572593000
1776572595.256,195.256,0.51,0.52,0.48,0.51,0.01,0.03,75755.4,1776572593000
1776572595.64,195.64,0.51,0.52,0.48,0.49,0.01,0.01,75755.23,1776572594000
1776572596.122,196.122,0.51,0.52,0.48,0.49,0.01,0.01,75755.23,1776572595000
1776572596.993,196.993,0.51,0.52,0.48,0.49,0.01,0.01,75755.23,1776572596000
1776572597.338,197.338,0.51,0.52,0.48,0.49,0.01,0.01,75755.23,1776572596000
1776572597.773,197.773,0.51,0.52,0.48,0.49,0.01,0.01,75755.23,1776572596000
1776572598.135,198.135,0.51,0.52,0.48,0.49,0.01,0.01,75755.25,1776572597000
1776572598.647,198.647,0.51,0.52,0.48,0.49,0.01,0.01,75755.25,1776572597000
1776572599.104,199.104,0.51,0.52,0.48,0.49,0.01,0.01,75755.25,1776572597000
1776572599.864,199.864,0.51,0.52,0.48,0.49,0.01,0.01,75755.32,1776572598000
1776572600.229,200.229,0.51,0.52,0.48,0.49,0.01,0.01,75755.32,1776572598000
1776572600.616,200.616,0.51,0.52,0.48,0.49,0.01,0.01,75755.32,1776572598000
1776572600.984,200.984,0.51,0.54,0.46,0.49,0.03,0.03,75755.36,1776572599000
1776572601.448,201.448,0.52,0.53,0.47,0.48,0.01,0.01,75755.36,1776572600000
1776572601.964,201.964,0.52,0.53,0.47,0.48,0.01,0.01,75755.36,1776572600000
1776572602.568,202.568,0.52,0.54,0.47,0.48,0.02,0.01,75755.36,1776572601000
1776572602.925,202.925,0.53,0.54,0.46,0.48,0.01,0.02,75755.36,1776572601000
1776572604.139,204.139,0.53,0.54,0.46,0.47,0.01,0.01,75755.31,1776572603000
1776572604.707,204.707,0.53,0.54,0.46,0.47,0.01,0.01,75755.31,1776572603000
1776572605.097,205.097,0.53,0.54,0.46,0.47,0.01,0.01,75755.31,1776572603000
1776572605.668,205.668,0.53,0.54,0.46,0.47,0.01,0.01,75755.3,1776572604000
1776572606.288,206.288,0.53,0.54,0.46,0.47,0.01,0.01,75755.3,1776572605000
1776572606.917,206.917,0.53,0.54,0.46,0.47,0.01,0.01,75755.3,1776572605000
1776572607.43,207.43,0.53,0.54,0.46,0.47,0.01,0.01,75755.37,1776572606000
1776572607.992,207.992,0.53,0.54,0.46,0.47,0.01,0.01,75755.37,1776572607000
1776572608.639,208.639,0.53,0.54,0.46,0.47,0.01,0.01,75755.37,1776572607000
1776572609.022,209.022,0.53,0.54,0.46,0.47,0.01,0.01,75755.22,1776572608000
1776572609.366,209.366,0.53,0.54,0.46,0.47,0.01,0.01,75755.22,1776572608000
1776572610.057,210.057,0.53,0.54,0.46,0.47,0.01,0.01,75755.22,1776572608000
1776572610.494,210.494,0.53,0.54,0.46,0.47,0.01,0.01,75755.22,1776572609000
1776572610.979,210.979,0.53,0.54,0.46,0.47,0.01,0.01,75755.22,1776572609000
1776572611.534,211.534,0.53,0.54,0.46,0.47,0.01,0.01,75755.35,1776572610000
1776572611.922,211.922,0.53,0.54,0.46,0.47,0.01,0.01,75755.35,1776572610000
1776572612.472,212.472,0.53,0.54,0.46,0.47,0.01,0.01,75755.41,1776572611000
1776572612.887,212.887,0.53,0.55,0.46,0.47,0.02,0.01,75755.41,1776572611000
1776572613.296,213.296,0.54,0.56,0.45,0.47,0.02,0.02,75755.41,1776572612000
1776572613.668,213.668,0.55,0.56,0.44,0.45,0.01,0.01,75755.41,1776572612000
1776572614.068,214.068,0.55,0.56,0.44,0.45,0.01,0.01,75755.41,1776572612000
1776572614.973,214.973,0.55,0.56,0.44,0.45,0.01,0.01,75755.38,1776572613000
1776572615.505,215.505,0.55,0.56,0.44,0.45,0.01,0.01,75755.38,1776572614000
1776572615.886,215.886,0.55,0.56,0.44,0.45,0.01,0.01,75755.38,1776572614000
1776572616.22,216.22,0.56,0.57,0.44,0.45,0.01,0.01,75756.49,1776572615000
1776572617.269,217.269,0.56,0.57,0.43,0.44,0.01,0.01,75756.5,1776572616000
1776572618.379,218.379,0.56,0.57,0.43,0.44,0.01,0.01,75756.5,1776572617000
1776572618.805,218.805,0.56,0.57,0.43,0.44,0.01,0.01,75756.5,1776572617000
1776572620.155,220.155,0.56,0.57,0.43,0.44,0.01,0.01,75756.49,1776572619000
1776572621.066,221.066,0.56,0.57,0.43,0.44,0.01,0.01,75756.49,1776572619000
1776572621.418,221.418,0.56,0.57,0.43,0.44,0.01,0.01,75755.39,1776572620000
1776572622.313,222.313,0.56,0.57,0.43,0.44,0.01,0.01,75755.39,1776572620000
1776572622.921,222.921,0.56,0.57,0.43,0.44,0.01,0.01,75756.5,1776572621000
1776572623.386,223.386,0.57,0.58,0.43,0.44,0.01,0.01,75756.5,1776572622000
1776572623.804,223.804,0.57,0.58,0.42,0.43,0.01,0.01,75756.5,1776572622000
1776572624.162,224.162,0.57,0.58,0.42,0.43,0.01,0.01,75756.57,1776572623000
1776572624.596,224.596,0.57,0.58,0.42,0.43,0.01,0.01,75756.57,1776572623000
1776572625.175,225.175,0.57,0.58,0.42,0.43,0.01,0.01,75756.57,1776572623000
1776572626.324,226.324,0.57,0.58,0.42,0.43,0.01,0.01,75756.57,1776572625000
1776572626.893,226.893,0.57,0.58,0.42,0.43,0.01,0.01,75756.58,1776572626000
1776572627.447,227.447,0.58,0.59,0.41,0.43,0.01,0.02,75756.58,1776572626000
1776572627.873,227.873,0.58,0.59,0.41,0.42,0.01,0.01,75756.58,1776572626000
1776572628.408,228.408,0.58,0.59,0.41,0.42,0.01,0.01,75756.58,1776572627000
1776572628.81,228.81,0.58,0.59,0.41,0.42,0.01,0.01,75756.58,1776572627000
1776572629.165,229.165,0.59,0.6,0.41,0.42,0.01,0.01,75756.58,1776572627000
1776572629.634,229.634,0.59,0.6,0.4,0.41,0.01,0.01,75756.58,1776572628000
1776572630.023,230.023,0.59,0.6,0.4,0.41,0.01,0.01,75756.58,1776572629000
1776572630.368,230.368,0.67,0.68,0.31,0.34,0.01,0.03,75756.58,1776572629000
1776572630.709,230.709,0.69,0.7,0.3,0.32,0.01,0.02,75756.58,1776572629000
1776572631.048,231.048,0.69,0.7,0.3,0.31,0.01,0.01,75756.59,1776572630000
1776572631.386,231.386,0.69,0.7,0.3,0.31,0.01,0.01,75756.59,1776572630000
1776572631.826,231.826,0.73,0.74,0.26,0.27,0.01,0.01,75756.59,1776572630000
1776572632.175,232.175,0.69,0.71,0.29,0.3,0.02,0.01,75757.85,1776572631000
1776572632.53,232.53,0.67,0.68,0.32,0.33,0.01,0.01,75757.85,1776572631000
1776572632.944,232.944,0.66,0.67,0.33,0.34,0.01,0.01,75757.85,1776572631000
1776572633.288,233.288,0.66,0.67,0.33,0.34,0.01,0.01,75758.91,1776572632000
1776572633.69,233.69,0.66,0.67,0.33,0.34,0.01,0.01,75758.91,1776572632000
1776572634.056,234.056,0.66,0.67,0.33,0.34,0.01,0.01,75758.68,1776572633000
1776572634.963,234.963,0.66,0.67,0.33,0.34,0.01,0.01,75758.68,1776572633000
1776572635.392,235.392,0.66,0.67,0.33,0.34,0.01,0.01,75758.68,1776572634000
1776572635.886,235.886,0.66,0.67,0.33,0.34,0.01,0.01,75758.68,1776572634000
1776572636.617,236.617,0.66,0.67,0.33,0.34,0.01,0.01,75758.69,1776572635000
1776572636.989,236.989,0.66,0.67,0.33,0.34,0.01,0.01,75758.62,1776572636000
1776572637.4,237.4,0.66,0.72,0.33,0.34,0.06,0.01,75758.62,1776572636000
1776572637.776,237.776,0.66,0.67,0.33,0.34,0.01,0.01,75758.62,1776572636000
1776572638.554,238.554,0.66,0.67,0.33,0.34,0.01,0.01,75758.63,1776572637000
1776572638.888,238.888,0.45,0.5,0.5,0.55,0.05,0.05,75758.63,1776572637000
1776572639.24,239.24,0.47,0.48,0.52,0.55,0.01,0.03,75758.63,1776572638000
1776572639.608,239.608,0.44,0.45,0.55,0.58,0.01,0.03,75758.63,1776572638000
1776572639.962,239.962,0.3,0.34,0.66,0.68,0.04,0.02,75755.89,1776572639000
1776572640.329,240.329,0.25,0.32,0.66,0.75,0.07,0.09,75755.89,1776572639000
1776572640.689,240.689,0.25,0.28,0.72,0.75,0.03,0.03,75755.89,1776572639000
1776572641.036,241.036,0.22,0.25,0.75,0.8,0.03,0.05,75748.75,1776572640000
1776572641.503,241.503,0.21,0.22,0.78,0.81,0.01,0.03,75748.75,1776572640000
1776572641.838,241.838,0.2,0.21,0.79,0.8,0.01,0.01,75748.75,1776572640000
1776572642.225,242.225,0.19,0.2,0.8,0.81,0.01,0.01,75748.75,1776572640000
1776572642.575,242.575,0.18,0.19,0.81,0.82,0.01,0.01,75738.32,1776572641000
1776572642.91,242.91,0.18,0.19,0.81,0.82,0.01,0.01,75738.32,1776572641000
1776572643.245,243.245,0.18,0.2,0.8,0.82,0.02,0.02,75738.32,1776572641000
1776572643.628,243.628,0.18,0.19,0.81,0.82,0.01,0.01,75734.32,1776572642000
1776572644.021,244.021,0.18,0.19,0.81,0.82,0.01,0.01,75734.32,1776572642000
1776572644.448,244.448,0.18,0.19,0.81,0.82,0.01,0.01,75734.32,1776572642000
1776572644.791,244.791,0.18,0.19,0.81,0.82,0.01,0.01,75731.63,1776572643000
1776572645.171,245.171,0.19,0.2,0.8,0.81,0.01,0.01,75731.63,1776572643000
1776572645.657,245.657,0.19,0.2,0.8,0.81,0.01,0.01,75735.99,1776572644000
1776572646.023,246.023,0.19,0.2,0.8,0.81,0.01,0.01,75736.62,1776572645000
1776572646.432,246.432,0.19,0.2,0.8,0.81,0.01,0.01,75736.62,1776572645000
1776572646.821,246.821,0.17,0.18,0.8,0.84,0.01,0.04,75736.62,1776572645000
1776572647.164,247.164,0.17,0.18,0.82,0.83,0.01,0.01,75736.65,1776572646000
1776572647.562,247.562,0.17,0.18,0.82,0.83,0.01,0.01,75736.65,1776572646000
1776572647.984,247.984,0.18,0.19,0.81,0.82,0.01,0.01,75736.65,1776572646000
1776572648.34,248.34,0.18,0.19,0.81,0.82,0.01,0.01,75736.66,1776572647000
1776572648.679,248.679,0.26,0.27,0.73,0.76,0.01,0.03,75736.66,1776572647000
1776572649.017,249.017,0.29,0.33,0.69,0.71,0.04,0.02,75736.72,1776572648000
1776572649.352,249.352,0.36,0.38,0.62,0.64,0.02,0.02,75736.72,1776572648000
1776572649.7,249.7,0.39,0.41,0.6,0.61,0.02,0.01,75736.72,1776572648000
1776572650.033,250.033,0.45,0.47,0.53,0.55,0.02,0.02,75736.7,1776572649000
1776572650.368,250.368,0.47,0.48,0.52,0.53,0.01,0.01,75736.7,1776572649000
1776572650.717,250.717,0.5,0.51,0.49,0.51,0.01,0.02,75736.7,1776572649000
1776572651.107,251.107,0.51,0.52,0.48,0.49,0.01,0.01,75739.15,1776572650000
1776572651.519,251.519,0.49,0.5,0.49,0.5,0.01,0.01,75739.15,1776572650000
1776572651.883,251.883,0.47,0.48,0.52,0.53,0.01,0.01,75745.18,1776572651000
1776572652.289,252.289,0.47,0.48,0.52,0.53,0.01,0.01,75745.18,1776572651000
1776572652.63,252.63,0.44,0.45,0.52,0.56,0.01,0.04,75745.18,1776572651000
1776572652.972,252.972,0.44,0.45,0.55,0.56,0.01,0.01,75745.18,1776572651000
1776572653.316,253.316,0.44,0.45,0.55,0.56,0.01,0.01,75745.2,1776572652000
1776572653.74,253.74,0.44,0.45,0.55,0.56,0.01,0.01,75745.2,1776572652000
1776572654.803,254.803,0.44,0.45,0.55,0.56,0.01,0.01,75745.2,1776572653000
1776572655.236,255.236,0.44,0.45,0.55,0.56,0.01,0.01,75745.2,1776572653000
1776572655.716,255.716,0.44,0.45,0.55,0.56,0.01,0.01,75746.11,1776572654000
1776572656.12,256.12,0.44,0.45,0.55,0.56,0.01,0.01,75746.11,1776572655000
1776572656.925,256.925,0.44,0.45,0.55,0.56,0.01,0.01,75746.11,1776572655000
1776572657.489,257.489,0.44,0.45,0.55,0.56,0.01,0.01,75746.39,1776572656000
1776572657.957,257.957,0.44,0.46,0.55,0.56,0.02,0.01,75746.39,1776572656000
1776572658.374,258.374,0.39,0.41,0.57,0.6,0.02,0.03,75746.38,1776572657000
1776572658.994,258.994,0.37,0.38,0.6,0.65,0.01,0.05,75746.38,1776572657000
1776572659.461,259.461,0.35,0.36,0.64,0.65,0.01,0.01,75746.41,1776572658000
1776572659.91,259.91,0.35,0.36,0.64,0.65,0.01,0.01,75746.41,1776572658000
1776572660.266,260.266,0.35,0.36,0.64,0.65,0.01,0.01,75746.37,1776572659000
1776572660.791,260.791,0.35,0.41,0.64,0.65,0.06,0.01,75746.37,1776572659000
1776572661.207,261.207,0.34,0.37,0.61,0.64,0.03,0.03,75746.37,1776572659000
1776572661.799,261.799,0.27,0.28,0.69,0.7,0.01,0.01,75746.37,1776572660000
1776572662.195,262.195,0.27,0.28,0.72,0.73,0.01,0.01,75746.37,1776572660000
1776572662.7,262.7,0.24,0.25,0.75,0.76,0.01,0.01,75746.38,1776572661000
1776572663.262,263.262,0.23,0.24,0.75,0.77,0.01,0.02,75746.38,1776572661000
1776572663.692,263.692,0.21,0.23,0.76,0.78,0.02,0.02,75746.19,1776572662000
1776572664.033,264.033,0.2,0.21,0.79,0.8,0.01,0.01,75746.19,1776572662000
1776572664.369,264.369,0.2,0.21,0.79,0.8,0.01,0.01,75746.05,1776572663000
1776572664.794,264.794,0.19,0.2,0.8,0.81,0.01,0.01,75746.05,1776572663000
1776572665.128,265.128,0.19,0.2,0.8,0.81,0.01,0.01,75746.05,1776572663000
1776572665.48,265.48,0.19,0.2,0.8,0.81,0.01,0.01,75746.04,1776572664000
1776572665.98,265.98,0.19,0.2,0.8,0.81,0.01,0.01,75744.88,1776572665000
1776572666.357,266.357,0.18,0.19,0.8,0.81,0.01,0.01,75744.88,1776572665000
1776572666.716,266.716,0.18,0.19,0.81,0.82,0.01,0.01,75744.88,1776572665000
1776572667.243,267.243,0.17,0.18,0.82,0.83,0.01,0.01,75744.56,1776572666000
1776572667.653,267.653,0.17,0.18,0.82,0.83,0.01,0.01,75744.56,1776572666000
1776572668.205,268.205,0.17,0.18,0.82,0.83,0.01,0.01,75744.56,1776572667000
1776572668.539,268.539,0.15,0.16,0.84,0.85,0.01,0.01,75744.56,1776572667000
1776572668.964,268.964,0.15,0.16,0.84,0.85,0.01,0.01,75744.56,1776572667000
1776572669.409,269.409,0.15,0.16,0.84,0.85,0.01,0.01,75744.55,1776572668000
1776572669.833,269.833,0.15,0.16,0.84,0.85,0.01,0.01,75744.55,1776572668000
1776572670.253,270.253,0.15,0.16,0.84,0.85,0.01,0.01,75744.55,1776572668000
1776572670.657,270.657,0.15,0.16,0.84,0.85,0.01,0.01,75744.55,1776572669000
1776572671.048,271.048,0.14,0.15,0.85,0.86,0.01,0.01,75744.54,1776572670000
1776572671.424,271.424,0.14,0.15,0.85,0.86,0.01,0.01,75744.54,1776572670000
1776572671.936,271.936,0.14,0.15,0.85,0.86,0.01,0.01,75744.55,1776572671000
1776572672.306,272.306,0.14,0.15,0.85,0.86,0.01,0.01,75744.55,1776572671000
1776572672.651,272.651,0.14,0.15,0.85,0.86,0.01,0.01,75744.55,1776572671000
1776572672.994,272.994,0.14,0.15,0.85,0.86,0.01,0.01,75744.53,1776572672000
1776572673.379,273.379,0.13,0.14,0.85,0.86,0.01,0.01,75744.53,1776572672000
1776572673.72,273.72,0.13,0.14,0.86,0.87,0.01,0.01,75744.53,1776572672000
1776572674.309,274.309,0.13,0.14,0.86,0.87,0.01,0.01,75744.46,1776572673000
1776572674.737,274.737,0.13,0.14,0.86,0.87,0.01,0.01,75744.46,1776572673000
1776572675.146,275.146,0.18,0.19,0.7,0.83,0.01,0.13,75744.46,1776572674000
1776572675.526,275.526,0.24,0.25,0.75,0.78,0.01,0.03,75744.46,1776572674000
1776572675.867,275.867,0.22,0.23,0.77,0.78,0.01,0.01,75744.46,1776572674000
1776572676.379,276.379,0.22,0.23,0.77,0.78,0.01,0.01,75744.57,1776572675000
1776572676.884,276.884,0.16,0.17,0.78,0.79,0.01,0.01,75744.57,1776572675000
1776572677.232,277.232,0.12,0.13,0.87,0.88,0.01,0.01,75744.57,1776572675000
1776572677.801,277.801,0.12,0.13,0.87,0.88,0.01,0.01,75744.6,1776572676000
1776572678.151,278.151,0.12,0.13,0.87,0.88,0.01,0.01,75744.6,1776572676000
1776572678.484,278.484,0.12,0.13,0.87,0.88,0.01,0.01,75744.66,1776572677000
1776572678.865,278.865,0.11,0.16,0.87,0.89,0.05,0.02,75744.66,1776572677000
1776572679.209,279.209,0.11,0.12,0.88,0.89,0.01,0.01,75744.66,1776572677000
1776572679.554,279.554,0.11,0.12,0.88,0.89,0.01,0.01,75743.06,1776572678000
1776572680.165,280.165,0.1,0.12,0.88,0.89,0.02,0.01,75743.06,1776572678000
1776572680.498,280.498,0.1,0.11,0.89,0.9,0.01,0.01,75742.45,1776572679000
1776572680.966,280.966,0.1,0.11,0.89,0.9,0.01,0.01,75742.45,1776572679000
1776572681.413,281.413,0.11,0.12,0.88,0.9,0.01,0.02,75742.45,1776572679000
1776572681.818,281.818,0.09,0.1,0.88,0.89,0.01,0.01,75742.71,1776572680000
1776572682.174,282.174,0.07,0.08,0.92,0.93,0.01,0.01,75742.71,1776572681000
1776572682.514,282.514,0.06,0.08,0.92,0.93,0.02,0.01,75742.71,1776572681000
1776572682.983,282.983,0.06,0.07,0.93,0.94,0.01,0.01,75742.71,1776572681000
1776572683.36,283.36,0.05,0.07,0.93,0.94,0.02,0.01,75743.03,1776572682000
1776572683.815,283.815,0.05,0.06,0.94,0.95,0.01,0.01,75743.03,1776572682000
1776572684.239,284.239,0.05,0.06,0.94,0.95,0.01,0.01,75743.03,1776572682000
1776572684.711,284.711,0.05,0.06,0.94,0.95,0.01,0.01,75738.65,1776572683000
1776572685.052,285.052,0.05,0.06,0.94,0.95,0.01,0.01,75738.65,1776572684000
1776572685.483,285.483,0.05,0.06,0.94,0.95,0.01,0.01,75738.65,1776572684000
1776572685.826,285.826,0.05,0.06,0.94,0.95,0.01,0.01,75738.65,1776572684000
1776572686.208,286.208,0.04,0.05,0.95,0.96,0.01,0.01,75738.55,1776572685000
1776572686.544,286.544,0.04,0.05,0.95,0.96,0.01,0.01,75738.55,1776572685000
1776572686.899,286.899,0.04,0.05,0.95,0.96,0.01,0.01,75738.55,1776572685000
1776572687.262,287.262,0.04,0.05,0.95,0.96,0.01,0.01,75738.59,1776572686000
1776572687.66,287.66,0.04,0.05,0.95,0.96,0.01,0.01,75738.59,1776572686000
1776572688.023,288.023,0.04,0.05,0.95,0.96,0.01,0.01,75738.59,1776572687000
1776572688.401,288.401,0.04,0.05,0.95,0.96,0.01,0.01,75738.59,1776572687000
1776572688.849,288.849,0.05,0.06,0.91,0.96,0.01,0.05,75738.59,1776572687000
1776572689.212,289.212,0.04,0.05,0.95,0.96,0.01,0.01,75738.95,1776572688000
1776572689.613,289.613,0.03,0.05,0.95,0.96,0.02,0.01,75738.95,1776572688000
1776572689.995,289.995,0.03,0.05,0.95,0.96,0.02,0.01,75739.71,1776572689000
1776572690.34,290.34,0.03,0.04,0.96,0.97,0.01,0.01,75739.71,1776572689000
1776572690.68,290.68,0.03,0.04,0.96,0.97,0.01,0.01,75739.71,1776572689000
1776572691.069,291.069,0.03,0.04,0.96,0.97,0.01,0.01,75739.43,1776572690000
1776572691.478,291.478,0.03,0.04,0.96,0.97,0.01,0.01,75739.43,1776572690000
1776572692.032,292.032,0.03,0.04,0.96,0.97,0.01,0.01,75739.43,1776572690000
1776572692.426,292.426,0.03,0.04,0.96,0.97,0.01,0.01,75739.11,1776572691000
1776572692.826,292.826,0.03,0.04,0.96,0.97,0.01,0.01,75739.11,1776572691000
1776572693.173,293.173,0.03,0.04,0.96,0.97,0.01,0.01,75739.11,1776572691000
1776572693.564,293.564,0.03,0.04,0.95,0.97,0.01,0.02,75739.36,1776572692000
1776572693.956,293.956,0.02,0.04,0.96,0.97,0.02,0.01,75739.36,1776572692000
1776572694.369,294.369,0.02,0.03,0.97,0.98,0.01,0.01,75739.26,1776572693000
1776572694.748,294.748,0.02,0.03,0.97,0.98,0.01,0.01,75739.26,1776572693000
1776572695.087,295.087,0.02,0.03,0.97,0.98,0.01,0.01,75739.26,1776572693000
1776572695.54,295.54,0.02,0.03,0.97,0.98,0.01,0.01,75739.26,1776572693000
1776572696.03,296.03,0.02,0.03,0.97,0.98,0.01,0.01,75739.2,1776572694000
1776572696.363,296.363,0.01,0.03,0.97,0.98,0.02,0.01,75739.2,1776572695000
1776572696.732,296.732,0.01,0.02,0.98,0.99,0.01,0.01,75739.2,1776572695000
1776572697.107,297.107,0.01,0.02,0.98,0.99,0.01,0.01,75739.2,1776572695000
1776572697.454,297.454,0.01,0.02,0.98,0.99,0.01,0.01,75737.6,1776572696000
1776572697.819,297.819,0.01,0.02,0.98,0.99,0.01,0.01,75737.6,1776572696000
1776572698.164,298.164,0.01,0.02,0.98,0.99,0.01,0.01,75737.6,1776572696000
1776572698.508,298.508,0.01,0.02,0.98,0.99,0.01,0.01,75738.88,1776572697000
1776572699.058,299.058,0.01,0.01,0.98,0.99,0.0,0.01,75738.88,1776572697000
1776572699.396,299.396,0.01,0.01,0.99,0.99,0.0,0.0,75738.88,1776572698000
1776572699.806,299.806,0.01,0.01,0.99,0.99,0.0,0.0,75738.88,1776572698000
1776572700.162,300.162,0.01,0.01,0.99,0.99,0.0,0.0,75738.88,1776572698000
1776572700.529,300.529,0.01,0.01,0.99,0.99,0.0,0.0,75738.88,1776572698000

# RESULT,winner=Down,slug=btc-updown-5m-1776572400,ticks=639
