timestamp,elapsed_sec,up_bid,up_ask,down_bid,down_ask,up_spread,down_spread,btc_price,btc_oracle_ts
1777325400.651,0.651,0.51,0.52,0.48,0.49,0.01,0.01,76904.59,1777325399000
1777325401.093,1.093,0.51,0.53,0.47,0.49,0.02,0.02,76904.58,1777325400000
1777325401.541,1.541,0.52,0.53,0.47,0.49,0.01,0.02,76904.58,1777325400000
1777325401.874,1.874,0.52,0.54,0.46,0.48,0.02,0.02,76904.58,1777325400000
1777325402.505,2.505,0.52,0.53,0.47,0.49,0.01,0.02,76904.33,1777325401000
1777325403.118,3.118,0.52,0.53,0.47,0.48,0.01,0.01,76904.35,1777325402000
1777325403.61,3.61,0.52,0.53,0.47,0.48,0.01,0.01,76904.35,1777325402000
1777325403.956,3.956,0.52,0.53,0.47,0.48,0.01,0.01,76904.35,1777325402000
1777325404.456,4.456,0.53,0.54,0.46,0.47,0.01,0.01,76904.58,1777325403000
1777325404.989,4.989,0.53,0.54,0.46,0.47,0.01,0.01,76904.58,1777325403000
1777325405.814,5.814,0.53,0.54,0.46,0.47,0.01,0.01,76902.94,1777325404000
1777325406.308,6.308,0.53,0.54,0.46,0.47,0.01,0.01,76904.57,1777325405000
1777325406.75,6.75,0.53,0.54,0.46,0.47,0.01,0.01,76904.57,1777325405000
1777325407.387,7.387,0.53,0.54,0.46,0.47,0.01,0.01,76904.41,1777325406000
1777325407.976,7.976,0.53,0.54,0.46,0.47,0.01,0.01,76904.64,1777325407000
1777325408.558,8.558,0.53,0.54,0.46,0.47,0.01,0.01,76904.64,1777325407000
1777325408.938,8.938,0.53,0.54,0.46,0.47,0.01,0.01,76904.64,1777325407000
1777325410.14,10.14,0.53,0.54,0.46,0.47,0.01,0.01,76904.63,1777325408000
1777325410.71,10.71,0.53,0.54,0.46,0.47,0.01,0.01,76904.63,1777325409000
1777325411.37,11.37,0.53,0.54,0.46,0.47,0.01,0.01,76904.63,1777325409000
1777325411.733,11.733,0.53,0.54,0.46,0.47,0.01,0.01,76904.76,1777325410000
1777325412.132,12.132,0.53,0.54,0.46,0.47,0.01,0.01,76904.76,1777325410000
1777325412.477,12.477,0.53,0.54,0.46,0.47,0.01,0.01,76904.76,1777325410000
1777325413.076,13.076,0.53,0.54,0.46,0.47,0.01,0.01,76904.76,1777325411000
1777325413.8,13.8,0.53,0.54,0.46,0.47,0.01,0.01,76904.53,1777325412000
1777325414.273,14.273,0.53,0.54,0.46,0.47,0.01,0.01,76905.34,1777325413000
1777325415.2,15.2,0.53,0.54,0.46,0.47,0.01,0.01,76906.3,1777325414000
1777325415.539,15.539,0.53,0.54,0.46,0.47,0.01,0.01,76906.3,1777325414000
1777325415.945,15.945,0.53,0.54,0.46,0.47,0.01,0.01,76906.3,1777325414000
1777325416.358,16.358,0.53,0.54,0.46,0.47,0.01,0.01,76904.92,1777325415000
1777325417.115,17.115,0.53,0.54,0.46,0.47,0.01,0.01,76904.92,1777325415000
1777325417.643,17.643,0.53,0.54,0.46,0.47,0.01,0.01,76906.04,1777325416000
1777325417.991,17.991,0.53,0.54,0.46,0.47,0.01,0.01,76906.04,1777325416000
1777325418.499,18.499,0.53,0.54,0.46,0.47,0.01,0.01,76906.04,1777325416000
1777325418.925,18.925,0.53,0.54,0.46,0.47,0.01,0.01,76905.92,1777325417000
1777325419.405,19.405,0.53,0.54,0.46,0.47,0.01,0.01,76906.07,1777325418000
1777325419.957,19.957,0.53,0.54,0.46,0.47,0.01,0.01,76906.01,1777325419000
1777325420.379,20.379,0.53,0.54,0.46,0.47,0.01,0.01,76906.01,1777325419000
1777325420.956,20.956,0.53,0.54,0.46,0.47,0.01,0.01,76906.01,1777325419000
1777325421.347,21.347,0.53,0.54,0.46,0.47,0.01,0.01,76906.21,1777325420000
1777325421.872,21.872,0.53,0.54,0.46,0.47,0.01,0.01,76906.21,1777325420000
1777325422.274,22.274,0.53,0.54,0.46,0.47,0.01,0.01,76906.21,1777325420000
1777325422.903,22.903,0.53,0.54,0.46,0.47,0.01,0.01,76905.75,1777325421000
1777325423.769,23.769,0.53,0.54,0.46,0.48,0.01,0.02,76905.71,1777325422000
1777325424.143,24.143,0.53,0.54,0.46,0.47,0.01,0.01,76905.65,1777325423000
1777325424.533,24.533,0.53,0.54,0.46,0.47,0.01,0.01,76905.65,1777325423000
1777325425.116,25.116,0.53,0.55,0.46,0.47,0.02,0.01,76905.65,1777325423000
1777325425.621,25.621,0.53,0.54,0.46,0.47,0.01,0.01,76905.36,1777325424000
1777325426.347,26.347,0.53,0.54,0.46,0.47,0.01,0.01,76905.11,1777325425000
1777325426.739,26.739,0.53,0.54,0.46,0.47,0.01,0.01,76905.11,1777325425000
1777325427.224,27.224,0.53,0.54,0.46,0.47,0.01,0.01,76905.29,1777325426000
1777325427.958,27.958,0.53,0.54,0.46,0.47,0.01,0.01,76905.29,1777325426000
1777325428.346,28.346,0.54,0.55,0.45,0.47,0.01,0.02,76905.29,1777325427000
1777325428.914,28.914,0.54,0.55,0.45,0.46,0.01,0.01,76905.29,1777325427000
1777325429.466,29.466,0.54,0.56,0.45,0.46,0.02,0.01,76905.31,1777325428000
1777325430.12,30.12,0.55,0.56,0.44,0.45,0.01,0.01,76905.31,1777325428000
1777325430.571,30.571,0.55,0.56,0.44,0.45,0.01,0.01,76905.08,1777325429000
1777325430.922,30.922,0.55,0.56,0.44,0.45,0.01,0.01,76905.08,1777325429000
1777325431.369,31.369,0.55,0.56,0.44,0.45,0.01,0.01,76905.2,1777325430000
1777325431.758,31.758,0.55,0.56,0.44,0.45,0.01,0.01,76905.2,1777325430000
1777325432.206,32.206,0.55,0.56,0.44,0.45,0.01,0.01,76905.6,1777325431000
1777325432.741,32.741,0.55,0.56,0.44,0.45,0.01,0.01,76905.6,1777325431000
1777325433.371,33.371,0.55,0.56,0.44,0.45,0.01,0.01,76905.6,1777325431000
1777325433.833,33.833,0.55,0.56,0.44,0.45,0.01,0.01,76905.6,1777325431000
1777325434.4,34.4,0.55,0.56,0.44,0.45,0.01,0.01,76906.23,1777325433000
1777325434.74,34.74,0.55,0.56,0.44,0.45,0.01,0.01,76906.23,1777325433000
1777325435.51,35.51,0.54,0.56,0.44,0.45,0.02,0.01,76906.23,1777325433000
1777325436.016,36.016,0.54,0.55,0.44,0.46,0.01,0.02,76906.23,1777325433000
1777325437.53,37.53,0.54,0.55,0.45,0.46,0.01,0.01,76906.29,1777325435000
1777325438.056,38.056,0.54,0.55,0.45,0.46,0.01,0.01,76906.32,1777325436000
1777325438.46,38.46,0.54,0.55,0.45,0.46,0.01,0.01,76906.32,1777325436000
1777325438.864,38.864,0.54,0.55,0.45,0.46,0.01,0.01,76906.38,1777325437000
1777325439.983,39.983,0.54,0.55,0.45,0.46,0.01,0.01,76906.28,1777325438000
1777325440.637,40.637,0.53,0.55,0.45,0.46,0.02,0.01,76906.28,1777325438000
1777325441.07,41.07,0.51,0.54,0.46,0.47,0.03,0.01,76906.35,1777325439000
1777325441.45,41.45,0.51,0.52,0.48,0.49,0.01,0.01,76906.35,1777325439000
1777325441.924,41.924,0.51,0.52,0.48,0.49,0.01,0.01,76905.08,1777325440000
1777325442.418,42.418,0.51,0.52,0.48,0.49,0.01,0.01,76905.09,1777325441000
1777325442.94,42.94,0.51,0.52,0.48,0.49,0.01,0.01,76905.09,1777325441000
1777325444.153,44.153,0.51,0.52,0.48,0.49,0.01,0.01,76904.95,1777325442000
1777325444.668,44.668,0.51,0.52,0.48,0.49,0.01,0.01,76905.06,1777325443000
1777325445.429,45.429,0.51,0.52,0.48,0.49,0.01,0.01,76904.99,1777325444000
1777325446.299,46.299,0.51,0.52,0.48,0.49,0.01,0.01,76904.99,1777325444000
1777325447.721,47.721,0.51,0.52,0.48,0.49,0.01,0.01,76905.4,1777325446000
1777325448.338,48.338,0.51,0.52,0.48,0.49,0.01,0.01,76904.89,1777325447000
1777325448.767,48.767,0.51,0.52,0.48,0.49,0.01,0.01,76904.89,1777325447000
1777325449.19,49.19,0.51,0.52,0.48,0.49,0.01,0.01,76905.37,1777325448000
1777325449.529,49.529,0.51,0.52,0.48,0.49,0.01,0.01,76905.37,1777325448000
1777325450.417,50.417,0.51,0.52,0.48,0.49,0.01,0.01,76905.37,1777325448000
1777325450.806,50.806,0.51,0.52,0.48,0.49,0.01,0.01,76906.03,1777325449000
1777325451.217,51.217,0.51,0.52,0.48,0.49,0.01,0.01,76906.03,1777325449000
1777325451.641,51.641,0.51,0.52,0.48,0.49,0.01,0.01,76905.96,1777325450000
1777325451.979,51.979,0.51,0.52,0.48,0.49,0.01,0.01,76905.96,1777325450000
1777325452.484,52.484,0.51,0.52,0.48,0.49,0.01,0.01,76905.96,1777325450000
1777325453.135,53.135,0.5,0.51,0.48,0.5,0.01,0.02,76905.96,1777325451000
1777325453.633,53.633,0.5,0.51,0.49,0.5,0.01,0.01,76906.03,1777325452000
1777325454.028,54.028,0.5,0.51,0.49,0.5,0.01,0.01,76906.03,1777325452000
1777325454.909,54.909,0.5,0.51,0.49,0.5,0.01,0.01,76905.14,1777325453000
1777325455.619,55.619,0.5,0.52,0.49,0.5,0.02,0.01,76905.14,1777325453000
1777325456.085,56.085,0.51,0.52,0.48,0.49,0.01,0.01,76905.53,1777325455000
1777325456.43,56.43,0.51,0.53,0.48,0.49,0.02,0.01,76905.53,1777325455000
1777325456.902,56.902,0.52,0.53,0.47,0.49,0.01,0.02,76905.53,1777325455000
1777325458.374,58.374,0.52,0.53,0.47,0.48,0.01,0.01,76905.26,1777325457000
1777325459.023,59.023,0.52,0.53,0.47,0.48,0.01,0.01,76905.26,1777325457000
1777325459.397,59.397,0.52,0.53,0.47,0.48,0.01,0.01,76905.24,1777325458000
1777325460.004,60.004,0.52,0.53,0.47,0.48,0.01,0.01,76905.24,1777325459000
1777325460.441,60.441,0.52,0.53,0.47,0.48,0.01,0.01,76905.24,1777325459000
1777325461.123,61.123,0.52,0.53,0.47,0.48,0.01,0.01,76905.31,1777325460000
1777325461.534,61.534,0.52,0.53,0.47,0.48,0.01,0.01,76905.31,1777325460000
1777325461.962,61.962,0.51,0.52,0.48,0.49,0.01,0.01,76905.31,1777325460000
1777325462.566,62.566,0.51,0.52,0.48,0.49,0.01,0.01,76905.2,1777325461000
1777325463.062,63.062,0.51,0.52,0.48,0.49,0.01,0.01,76905.2,1777325461000
1777325463.549,63.549,0.51,0.52,0.48,0.49,0.01,0.01,76905.2,1777325462000
1777325464.309,64.309,0.5,0.52,0.48,0.5,0.02,0.02,76905.45,1777325463000
1777325465.354,65.354,0.5,0.51,0.49,0.5,0.01,0.01,76905.45,1777325464000
1777325465.838,65.838,0.5,0.51,0.49,0.5,0.01,0.01,76905.45,1777325464000
1777325466.267,66.267,0.48,0.49,0.51,0.53,0.01,0.02,76905.45,1777325464000
1777325466.792,66.792,0.48,0.49,0.51,0.52,0.01,0.01,76905.18,1777325465000
1777325467.157,67.157,0.51,0.52,0.51,0.52,0.01,0.01,76905.29,1777325466000
1777325467.497,67.497,0.51,0.52,0.48,0.49,0.01,0.01,76905.29,1777325466000
1777325467.956,67.956,0.51,0.52,0.48,0.49,0.01,0.01,76905.04,1777325467000
1777325468.529,68.529,0.51,0.52,0.48,0.49,0.01,0.01,76905.04,1777325467000
1777325469.144,69.144,0.51,0.52,0.48,0.49,0.01,0.01,76905.04,1777325467000
1777325470.165,70.165,0.51,0.52,0.48,0.49,0.01,0.01,76905.23,1777325468000
1777325470.588,70.588,0.51,0.52,0.48,0.49,0.01,0.01,76905.23,1777325469000
1777325470.958,70.958,0.51,0.52,0.48,0.49,0.01,0.01,76905.23,1777325469000
1777325471.4,71.4,0.51,0.52,0.48,0.49,0.01,0.01,76905.23,1777325469000
1777325472.289,72.289,0.51,0.52,0.48,0.49,0.01,0.01,76905.36,1777325471000
1777325472.795,72.795,0.51,0.52,0.48,0.49,0.01,0.01,76905.36,1777325471000
1777325473.438,73.438,0.51,0.52,0.48,0.49,0.01,0.01,76905.29,1777325472000
1777325474.194,74.194,0.51,0.52,0.48,0.49,0.01,0.01,76905.29,1777325472000
1777325474.683,74.683,0.51,0.52,0.48,0.49,0.01,0.01,76905.24,1777325473000
1777325475.299,75.299,0.51,0.52,0.48,0.49,0.01,0.01,76905.24,1777325473000
1777325475.834,75.834,0.54,0.55,0.44,0.49,0.01,0.05,76905.46,1777325474000
1777325476.227,76.227,0.54,0.55,0.45,0.46,0.01,0.01,76905.47,1777325475000
1777325476.667,76.667,0.55,0.56,0.44,0.45,0.01,0.01,76905.47,1777325475000
1777325477.396,77.396,0.55,0.56,0.44,0.45,0.01,0.01,76905.47,1777325475000
1777325477.953,77.953,0.55,0.56,0.44,0.45,0.01,0.01,76905.52,1777325476000
1777325478.637,78.637,0.55,0.56,0.44,0.45,0.01,0.01,76905.52,1777325477000
1777325479.486,79.486,0.55,0.56,0.44,0.45,0.01,0.01,76905.46,1777325478000
1777325480.225,80.225,0.55,0.56,0.44,0.45,0.01,0.01,76905.46,1777325479000
1777325480.631,80.631,0.55,0.56,0.44,0.45,0.01,0.01,76905.46,1777325479000
1777325481.037,81.037,0.55,0.56,0.44,0.45,0.01,0.01,76905.46,1777325479000
1777325481.471,81.471,0.55,0.56,0.44,0.45,0.01,0.01,76905.46,1777325479000
1777325481.891,81.891,0.55,0.56,0.44,0.45,0.01,0.01,76905.59,1777325480000
1777325482.261,82.261,0.55,0.56,0.44,0.45,0.01,0.01,76905.59,1777325480000
1777325482.643,82.643,0.55,0.56,0.44,0.45,0.01,0.01,76905.54,1777325481000
1777325483.019,83.019,0.55,0.56,0.44,0.45,0.01,0.01,76905.54,1777325481000
1777325483.903,83.903,0.55,0.56,0.44,0.45,0.01,0.01,76905.57,1777325482000
1777325484.761,84.761,0.56,0.57,0.43,0.44,0.01,0.01,76905.75,1777325483000
1777325485.566,85.566,0.56,0.57,0.43,0.44,0.01,0.01,76905.72,1777325484000
1777325486.11,86.11,0.56,0.57,0.43,0.44,0.01,0.01,76905.72,1777325484000
1777325487.208,87.208,0.56,0.57,0.43,0.44,0.01,0.01,76905.97,1777325486000
1777325487.603,87.603,0.56,0.57,0.43,0.44,0.01,0.01,76905.97,1777325486000
1777325487.986,87.986,0.56,0.57,0.43,0.44,0.01,0.01,76905.97,1777325486000
1777325488.831,88.831,0.56,0.57,0.43,0.44,0.01,0.01,76905.98,1777325487000
1777325489.367,89.367,0.56,0.57,0.43,0.44,0.01,0.01,76905.98,1777325487000
1777325489.822,89.822,0.56,0.57,0.43,0.44,0.01,0.01,76905.76,1777325488000
1777325490.36,90.36,0.56,0.57,0.43,0.44,0.01,0.01,76906.15,1777325489000
1777325490.768,90.768,0.56,0.57,0.43,0.44,0.01,0.01,76906.15,1777325489000
1777325491.382,91.382,0.56,0.57,0.43,0.44,0.01,0.01,76906.15,1777325490000
1777325491.809,91.809,0.56,0.57,0.43,0.44,0.01,0.01,76906.15,1777325490000
1777325492.197,92.197,0.56,0.57,0.43,0.44,0.01,0.01,76905.76,1777325491000
1777325492.874,92.874,0.54,0.55,0.43,0.47,0.01,0.04,76905.76,1777325491000
1777325493.21,93.21,0.54,0.55,0.45,0.46,0.01,0.01,76905.75,1777325492000
1777325493.587,93.587,0.54,0.55,0.45,0.46,0.01,0.01,76905.75,1777325492000
1777325493.931,93.931,0.54,0.55,0.45,0.46,0.01,0.01,76905.49,1777325493000
1777325494.345,94.345,0.54,0.55,0.45,0.46,0.01,0.01,76905.49,1777325493000
1777325494.946,94.946,0.54,0.55,0.45,0.46,0.01,0.01,76905.49,1777325493000
1777325495.313,95.313,0.54,0.55,0.45,0.46,0.01,0.01,76905.52,1777325494000
1777325495.689,95.689,0.54,0.55,0.45,0.46,0.01,0.01,76905.52,1777325494000
1777325497.062,97.062,0.54,0.55,0.45,0.46,0.01,0.01,76905.62,1777325496000
1777325498.066,98.066,0.54,0.55,0.45,0.46,0.01,0.01,76905.63,1777325497000
1777325498.613,98.613,0.54,0.55,0.45,0.46,0.01,0.01,76905.63,1777325497000
1777325498.954,98.954,0.54,0.55,0.45,0.46,0.01,0.01,76905.6,1777325498000
1777325499.435,99.435,0.54,0.55,0.45,0.46,0.01,0.01,76905.6,1777325498000
1777325499.856,99.856,0.54,0.55,0.45,0.46,0.01,0.01,76905.6,1777325498000
1777325500.528,100.528,0.54,0.55,0.45,0.46,0.01,0.01,76905.63,1777325499000
1777325500.981,100.981,0.54,0.55,0.45,0.46,0.01,0.01,76905.63,1777325500000
1777325501.847,101.847,0.54,0.56,0.45,0.46,0.02,0.01,76905.63,1777325500000
1777325502.466,102.466,0.54,0.55,0.44,0.46,0.01,0.02,76905.72,1777325501000
1777325503.136,103.136,0.54,0.55,0.45,0.46,0.01,0.01,76905.46,1777325502000
1777325503.712,103.712,0.54,0.55,0.45,0.46,0.01,0.01,76905.46,1777325502000
1777325504.333,104.333,0.54,0.55,0.45,0.46,0.01,0.01,76905.46,1777325503000
1777325504.722,104.722,0.54,0.55,0.45,0.46,0.01,0.01,76905.46,1777325503000
1777325505.183,105.183,0.53,0.54,0.45,0.47,0.01,0.02,76905.46,1777325503000
1777325505.635,105.635,0.53,0.54,0.46,0.47,0.01,0.01,76905.7,1777325504000
1777325506.169,106.169,0.53,0.54,0.46,0.47,0.01,0.01,76905.7,1777325504000
1777325507.524,107.524,0.53,0.54,0.46,0.47,0.01,0.01,76905.7,1777325506000
1777325508.056,108.056,0.53,0.54,0.46,0.47,0.01,0.01,76905.7,1777325507000
1777325508.94,108.94,0.51,0.54,0.46,0.47,0.03,0.01,76905.7,1777325507000
1777325510.03,110.03,0.53,0.54,0.46,0.49,0.01,0.03,76905.71,1777325508000
1777325510.447,110.447,0.53,0.54,0.46,0.47,0.01,0.01,76905.57,1777325509000
1777325511.136,111.136,0.53,0.54,0.46,0.47,0.01,0.01,76905.57,1777325509000
1777325511.6,111.6,0.53,0.55,0.46,0.47,0.02,0.01,76905.58,1777325510000
1777325512.215,112.215,0.53,0.54,0.45,0.47,0.01,0.02,76905.6,1777325511000
1777325512.955,112.955,0.53,0.54,0.46,0.47,0.01,0.01,76905.86,1777325512000
1777325513.659,113.659,0.53,0.54,0.46,0.47,0.01,0.01,76905.86,1777325512000
1777325514.182,114.182,0.53,0.54,0.46,0.47,0.01,0.01,76905.72,1777325513000
1777325514.657,114.657,0.53,0.54,0.46,0.47,0.01,0.01,76905.72,1777325513000
1777325515.267,115.267,0.53,0.54,0.46,0.47,0.01,0.01,76905.72,1777325513000
1777325515.702,115.702,0.53,0.54,0.46,0.47,0.01,0.01,76905.66,1777325514000
1777325516.364,116.364,0.53,0.54,0.46,0.47,0.01,0.01,76905.81,1777325515000
1777325516.71,116.71,0.53,0.54,0.46,0.47,0.01,0.01,76905.81,1777325515000
1777325517.878,117.878,0.53,0.54,0.46,0.47,0.01,0.01,76905.81,1777325516000
1777325518.656,118.656,0.53,0.54,0.46,0.47,0.01,0.01,76905.71,1777325517000
1777325519.454,119.454,0.53,0.54,0.46,0.47,0.01,0.01,76905.79,1777325518000
1777325519.983,119.983,0.53,0.54,0.46,0.47,0.01,0.01,76905.79,1777325519000
1777325520.613,120.613,0.53,0.54,0.46,0.47,0.01,0.01,76905.79,1777325519000
1777325520.966,120.966,0.53,0.54,0.46,0.47,0.01,0.01,76905.79,1777325519000
1777325521.361,121.361,0.53,0.54,0.46,0.47,0.01,0.01,76905.85,1777325520000
1777325521.824,121.824,0.53,0.54,0.46,0.47,0.01,0.01,76905.85,1777325520000
1777325522.472,122.472,0.53,0.54,0.46,0.47,0.01,0.01,76905.85,1777325520000
1777325522.822,122.822,0.53,0.54,0.46,0.47,0.01,0.01,76905.85,1777325521000
1777325523.227,123.227,0.61,0.62,0.38,0.39,0.01,0.01,76905.85,1777325521000
1777325523.56,123.56,0.65,0.69,0.34,0.35,0.04,0.01,76905.85,1777325522000
1777325524.024,124.024,0.68,0.69,0.31,0.32,0.01,0.01,76905.85,1777325522000
1777325524.364,124.364,0.69,0.7,0.3,0.31,0.01,0.01,76905.85,1777325522000
1777325524.703,124.703,0.69,0.7,0.3,0.31,0.01,0.01,76907.88,1777325523000
1777325525.079,125.079,0.69,0.7,0.3,0.31,0.01,0.01,76907.88,1777325523000
1777325525.434,125.434,0.69,0.7,0.3,0.31,0.01,0.01,76913.84,1777325524000
1777325525.877,125.877,0.69,0.7,0.3,0.31,0.01,0.01,76913.84,1777325524000
1777325526.228,126.228,0.69,0.7,0.3,0.31,0.01,0.01,76913.84,1777325524000
1777325526.642,126.642,0.69,0.7,0.3,0.31,0.01,0.01,76919.1,1777325525000
1777325527.124,127.124,0.69,0.7,0.3,0.31,0.01,0.01,76919.1,1777325525000
1777325527.567,127.567,0.69,0.7,0.3,0.31,0.01,0.01,76919.1,1777325525000
1777325528.095,128.095,0.68,0.69,0.31,0.32,0.01,0.01,76921.22,1777325526000
1777325528.476,128.476,0.71,0.73,0.28,0.3,0.02,0.02,76917.06,1777325527000
1777325528.848,128.848,0.72,0.73,0.27,0.28,0.01,0.01,76917.06,1777325527000
1777325529.251,129.251,0.72,0.73,0.27,0.28,0.01,0.01,76917.06,1777325527000
1777325529.688,129.688,0.72,0.73,0.27,0.28,0.01,0.01,76921.2,1777325528000
1777325530.043,130.043,0.72,0.73,0.27,0.28,0.01,0.01,76921.2,1777325528000
1777325530.446,130.446,0.72,0.73,0.27,0.29,0.01,0.02,76925.93,1777325529000
1777325530.93,130.93,0.72,0.73,0.27,0.28,0.01,0.01,76925.96,1777325530000
1777325531.322,131.322,0.71,0.73,0.27,0.28,0.02,0.01,76925.96,1777325530000
1777325531.706,131.706,0.72,0.73,0.27,0.29,0.01,0.02,76925.96,1777325530000
1777325532.224,132.224,0.71,0.73,0.27,0.29,0.02,0.02,76924.74,1777325531000
1777325532.653,132.653,0.72,0.73,0.27,0.29,0.01,0.02,76924.74,1777325531000
1777325533.008,133.008,0.72,0.73,0.27,0.28,0.01,0.01,76924.74,1777325531000
1777325533.445,133.445,0.72,0.73,0.27,0.28,0.01,0.01,76924.74,1777325531000
1777325533.829,133.829,0.71,0.78,0.28,0.29,0.07,0.01,76926.22,1777325532000
1777325534.181,134.181,0.73,0.74,0.26,0.27,0.01,0.01,76926.22,1777325532000
1777325534.687,134.687,0.74,0.75,0.25,0.26,0.01,0.01,76926.17,1777325533000
1777325535.031,135.031,0.74,0.75,0.25,0.26,0.01,0.01,76926.17,1777325533000
1777325535.465,135.465,0.76,0.77,0.23,0.24,0.01,0.01,76926.28,1777325534000
1777325535.834,135.834,0.76,0.77,0.23,0.24,0.01,0.01,76926.28,1777325534000
1777325536.314,136.314,0.75,0.76,0.24,0.25,0.01,0.01,76926.28,1777325534000
1777325536.657,136.657,0.73,0.74,0.26,0.27,0.01,0.01,76925.93,1777325535000
1777325537.037,137.037,0.73,0.74,0.26,0.27,0.01,0.01,76925.93,1777325536000
1777325537.497,137.497,0.73,0.74,0.26,0.27,0.01,0.01,76925.93,1777325536000
1777325537.861,137.861,0.73,0.74,0.26,0.27,0.01,0.01,76925.93,1777325536000
1777325538.34,138.34,0.73,0.74,0.26,0.27,0.01,0.01,76924.96,1777325537000
1777325538.885,138.885,0.73,0.74,0.26,0.27,0.01,0.01,76924.96,1777325537000
1777325539.432,139.432,0.72,0.73,0.27,0.28,0.01,0.01,76925.31,1777325538000
1777325539.782,139.782,0.72,0.73,0.27,0.28,0.01,0.01,76925.31,1777325538000
1777325540.271,140.271,0.72,0.73,0.27,0.28,0.01,0.01,76925.31,1777325538000
1777325540.714,140.714,0.72,0.73,0.27,0.28,0.01,0.01,76924.52,1777325539000
1777325541.18,141.18,0.71,0.74,0.26,0.28,0.03,0.02,76924.52,1777325539000
1777325541.593,141.593,0.73,0.74,0.26,0.27,0.01,0.01,76924.52,1777325540000
1777325542.007,142.007,0.71,0.72,0.28,0.29,0.01,0.01,76924.52,1777325540000
1777325542.371,142.371,0.71,0.72,0.28,0.29,0.01,0.01,76924.91,1777325541000
1777325542.829,142.829,0.72,0.73,0.27,0.28,0.01,0.01,76924.91,1777325541000
1777325543.227,143.227,0.72,0.73,0.27,0.28,0.01,0.01,76924.91,1777325542000
1777325543.571,143.571,0.74,0.75,0.25,0.26,0.01,0.01,76924.91,1777325542000
1777325544.06,144.06,0.74,0.75,0.25,0.26,0.01,0.01,76924.93,1777325543000
1777325544.98,144.98,0.74,0.75,0.25,0.26,0.01,0.01,76924.93,1777325543000
1777325546.096,146.096,0.74,0.75,0.25,0.26,0.01,0.01,76923.56,1777325545000
1777325546.525,146.525,0.74,0.75,0.25,0.26,0.01,0.01,76923.56,1777325545000
1777325546.938,146.938,0.75,0.77,0.25,0.26,0.02,0.01,76923.56,1777325545000
1777325547.319,147.319,0.77,0.78,0.22,0.23,0.01,0.01,76923.56,1777325545000
1777325547.698,147.698,0.79,0.8,0.2,0.21,0.01,0.01,76923.37,1777325546000
1777325548.068,148.068,0.81,0.82,0.18,0.19,0.01,0.01,76923.63,1777325547000
1777325548.498,148.498,0.81,0.82,0.18,0.19,0.01,0.01,76923.63,1777325547000
1777325548.87,148.87,0.81,0.82,0.17,0.19,0.01,0.02,76923.63,1777325547000
1777325549.426,149.426,0.81,0.82,0.18,0.19,0.01,0.01,76926.73,1777325548000
1777325550.027,150.027,0.81,0.82,0.18,0.19,0.01,0.01,76926.73,1777325548000
1777325550.419,150.419,0.81,0.82,0.18,0.19,0.01,0.01,76929.96,1777325549000
1777325550.835,150.835,0.82,0.83,0.17,0.18,0.01,0.01,76929.96,1777325549000
1777325551.173,151.173,0.82,0.83,0.17,0.18,0.01,0.01,76930.08,1777325550000
1777325551.68,151.68,0.82,0.83,0.17,0.18,0.01,0.01,76930.08,1777325550000
1777325552.017,152.017,0.83,0.84,0.16,0.17,0.01,0.01,76930.08,1777325550000
1777325552.355,152.355,0.83,0.84,0.16,0.17,0.01,0.01,76930.29,1777325551000
1777325552.715,152.715,0.83,0.84,0.16,0.17,0.01,0.01,76930.29,1777325551000
1777325553.095,153.095,0.83,0.84,0.16,0.17,0.01,0.01,76930.29,1777325551000
1777325553.513,153.513,0.83,0.84,0.16,0.17,0.01,0.01,76932.07,1777325552000
1777325553.941,153.941,0.83,0.84,0.16,0.17,0.01,0.01,76932.07,1777325552000
1777325554.283,154.283,0.83,0.84,0.16,0.17,0.01,0.01,76933.57,1777325553000
1777325554.828,154.828,0.83,0.84,0.16,0.17,0.01,0.01,76933.57,1777325553000
1777325555.167,155.167,0.83,0.84,0.16,0.17,0.01,0.01,76933.57,1777325553000
1777325555.647,155.647,0.82,0.83,0.15,0.18,0.01,0.03,76930.05,1777325554000
1777325556.12,156.12,0.83,0.84,0.16,0.17,0.01,0.01,76930.05,1777325554000
1777325556.532,156.532,0.83,0.84,0.16,0.17,0.01,0.01,76930.21,1777325555000
1777325556.951,156.951,0.83,0.84,0.16,0.17,0.01,0.01,76930.21,1777325555000
1777325557.328,157.328,0.84,0.85,0.15,0.16,0.01,0.01,76934.68,1777325556000
1777325557.675,157.675,0.84,0.85,0.15,0.16,0.01,0.01,76934.68,1777325556000
1777325558.018,158.018,0.84,0.85,0.15,0.16,0.01,0.01,76934.68,1777325556000
1777325558.681,158.681,0.85,0.86,0.14,0.16,0.01,0.02,76935.31,1777325557000
1777325559.228,159.228,0.85,0.86,0.14,0.15,0.01,0.01,76936.27,1777325558000
1777325559.61,159.61,0.85,0.86,0.14,0.15,0.01,0.01,76936.27,1777325558000
1777325560.158,160.158,0.85,0.86,0.14,0.15,0.01,0.01,76936.27,1777325558000
1777325560.598,160.598,0.85,0.87,0.14,0.15,0.02,0.01,76936.27,1777325558000
1777325560.931,160.931,0.86,0.87,0.13,0.14,0.01,0.01,76938.14,1777325559000
1777325561.312,161.312,0.86,0.87,0.13,0.14,0.01,0.01,76938.14,1777325560000
1777325561.822,161.822,0.84,0.87,0.13,0.14,0.03,0.01,76938.14,1777325560000
1777325562.338,162.338,0.84,0.86,0.14,0.16,0.02,0.02,76938.07,1777325561000
1777325562.983,162.983,0.84,0.86,0.14,0.16,0.02,0.02,76938.07,1777325561000
1777325563.364,163.364,0.84,0.85,0.15,0.16,0.01,0.01,76938.09,1777325562000
1777325563.859,163.859,0.84,0.85,0.15,0.16,0.01,0.01,76938.03,1777325563000
1777325564.237,164.237,0.84,0.86,0.14,0.16,0.02,0.02,76938.03,1777325563000
1777325564.698,164.698,0.84,0.86,0.14,0.15,0.02,0.01,76938.03,1777325563000
1777325565.315,165.315,0.84,0.85,0.15,0.16,0.01,0.01,76938.03,1777325564000
1777325565.695,165.695,0.84,0.85,0.15,0.16,0.01,0.01,76938.03,1777325564000
1777325566.23,166.23,0.85,0.86,0.14,0.15,0.01,0.01,76938.08,1777325565000
1777325566.57,166.57,0.85,0.86,0.14,0.15,0.01,0.01,76938.08,1777325565000
1777325566.91,166.91,0.85,0.86,0.14,0.15,0.01,0.01,76938.08,1777325565000
1777325567.257,167.257,0.85,0.86,0.14,0.15,0.01,0.01,76936.62,1777325566000
1777325567.745,167.745,0.85,0.86,0.14,0.15,0.01,0.01,76936.62,1777325566000
1777325568.178,168.178,0.86,0.87,0.14,0.15,0.01,0.01,76935.1,1777325567000
1777325568.771,168.771,0.86,0.87,0.13,0.14,0.01,0.01,76935.1,1777325567000
1777325569.164,169.164,0.86,0.87,0.13,0.14,0.01,0.01,76936.5,1777325568000
1777325569.575,169.575,0.86,0.87,0.13,0.14,0.01,0.01,76936.5,1777325568000
1777325569.945,169.945,0.86,0.87,0.13,0.14,0.01,0.01,76936.5,1777325568000
1777325570.392,170.392,0.86,0.87,0.13,0.14,0.01,0.01,76936.57,1777325569000
1777325570.779,170.779,0.86,0.87,0.13,0.14,0.01,0.01,76936.57,1777325569000
1777325571.155,171.155,0.86,0.87,0.13,0.14,0.01,0.01,76936.57,1777325569000
1777325571.515,171.515,0.86,0.87,0.13,0.14,0.01,0.01,76936.43,1777325570000
1777325571.861,171.861,0.86,0.88,0.13,0.14,0.02,0.01,76936.43,1777325570000
1777325572.284,172.284,0.87,0.88,0.12,0.13,0.01,0.01,76938.73,1777325571000
1777325572.683,172.683,0.88,0.89,0.11,0.12,0.01,0.01,76938.73,1777325571000
1777325573.062,173.062,0.88,0.89,0.11,0.12,0.01,0.01,76938.73,1777325571000
1777325573.397,173.397,0.88,0.89,0.11,0.12,0.01,0.01,76939.15,1777325572000
1777325573.874,173.874,0.88,0.89,0.11,0.12,0.01,0.01,76939.15,1777325572000
1777325574.295,174.295,0.88,0.89,0.11,0.12,0.01,0.01,76939.15,1777325572000
1777325574.81,174.81,0.88,0.9,0.11,0.12,0.02,0.01,76939.26,1777325573000
1777325575.274,175.274,0.89,0.9,0.1,0.11,0.01,0.01,76939.26,1777325573000
1777325575.624,175.624,0.89,0.9,0.1,0.11,0.01,0.01,76937.27,1777325574000
1777325576.02,176.02,0.89,0.9,0.1,0.11,0.01,0.01,76937.27,1777325574000
1777325576.418,176.418,0.89,0.9,0.1,0.11,0.01,0.01,76937.22,1777325575000
1777325576.889,176.889,0.89,0.9,0.1,0.11,0.01,0.01,76937.22,1777325575000
1777325577.256,177.256,0.89,0.9,0.1,0.11,0.01,0.01,76937.22,1777325575000
1777325577.633,177.633,0.88,0.9,0.1,0.12,0.02,0.02,76937.28,1777325576000
1777325577.98,177.98,0.88,0.89,0.11,0.12,0.01,0.01,76937.28,1777325576000
1777325578.411,178.411,0.88,0.89,0.11,0.12,0.01,0.01,76937.28,1777325576000
1777325578.806,178.806,0.88,0.89,0.11,0.12,0.01,0.01,76937.31,1777325577000
1777325579.207,179.207,0.89,0.9,0.1,0.11,0.01,0.01,76936.86,1777325578000
1777325579.558,179.558,0.89,0.9,0.1,0.11,0.01,0.01,76936.86,1777325578000
1777325579.927,179.927,0.89,0.9,0.1,0.11,0.01,0.01,76936.86,1777325578000
1777325580.27,180.27,0.89,0.9,0.1,0.11,0.01,0.01,76937.12,1777325579000
1777325580.674,180.674,0.89,0.9,0.1,0.11,0.01,0.01,76937.12,1777325579000
1777325581.026,181.026,0.89,0.9,0.1,0.11,0.01,0.01,76937.12,1777325579000
1777325581.367,181.367,0.89,0.9,0.1,0.11,0.01,0.01,76937.12,1777325579000
1777325581.7,181.7,0.88,0.89,0.11,0.12,0.01,0.01,76937.87,1777325580000
1777325582.125,182.125,0.88,0.89,0.11,0.12,0.01,0.01,76938.14,1777325581000
1777325582.652,182.652,0.89,0.9,0.1,0.11,0.01,0.01,76938.14,1777325581000
1777325583.1,183.1,0.89,0.91,0.1,0.11,0.02,0.01,76938.14,1777325581000
1777325583.444,183.444,0.88,0.89,0.09,0.11,0.01,0.02,76935.76,1777325582000
1777325583.88,183.88,0.89,0.9,0.1,0.11,0.01,0.01,76935.76,1777325582000
1777325584.25,184.25,0.89,0.9,0.1,0.11,0.01,0.01,76935.76,1777325582000
1777325584.635,184.635,0.88,0.89,0.11,0.12,0.01,0.01,76939.86,1777325583000
1777325585.025,185.025,0.88,0.89,0.1,0.11,0.01,0.01,76939.86,1777325583000
1777325585.452,185.452,0.87,0.88,0.11,0.13,0.01,0.02,76939.86,1777325584000
1777325585.805,185.805,0.87,0.88,0.12,0.13,0.01,0.01,76939.86,1777325584000
1777325586.252,186.252,0.87,0.88,0.12,0.13,0.01,0.01,76936.0,1777325585000
1777325586.659,186.659,0.87,0.88,0.12,0.13,0.01,0.01,76936.0,1777325585000
1777325586.999,186.999,0.87,0.88,0.12,0.13,0.01,0.01,76936.0,1777325585000
1777325587.418,187.418,0.87,0.88,0.12,0.13,0.01,0.01,76935.92,1777325586000
1777325587.838,187.838,0.87,0.88,0.12,0.13,0.01,0.01,76935.92,1777325586000
1777325588.178,188.178,0.87,0.88,0.12,0.13,0.01,0.01,76935.92,1777325586000
1777325588.987,188.987,0.87,0.88,0.12,0.13,0.01,0.01,76935.69,1777325587000
1777325589.481,189.481,0.87,0.88,0.12,0.13,0.01,0.01,76935.69,1777325587000
1777325589.994,189.994,0.87,0.88,0.12,0.13,0.01,0.01,76935.59,1777325589000
1777325590.392,190.392,0.87,0.88,0.12,0.13,0.01,0.01,76935.59,1777325589000
1777325590.825,190.825,0.87,0.88,0.12,0.13,0.01,0.01,76935.59,1777325589000
1777325591.464,191.464,0.87,0.88,0.12,0.13,0.01,0.01,76935.69,1777325590000
1777325592.111,192.111,0.87,0.88,0.12,0.13,0.01,0.01,76935.72,1777325591000
1777325592.516,192.516,0.87,0.88,0.12,0.13,0.01,0.01,76935.72,1777325591000
1777325593.019,193.019,0.87,0.88,0.12,0.13,0.01,0.01,76935.72,1777325591000
1777325593.431,193.431,0.87,0.88,0.12,0.13,0.01,0.01,76935.67,1777325592000
1777325593.843,193.843,0.87,0.88,0.12,0.13,0.01,0.01,76935.67,1777325592000
1777325594.195,194.195,0.87,0.88,0.12,0.13,0.01,0.01,76935.68,1777325593000
1777325594.65,194.65,0.87,0.88,0.12,0.13,0.01,0.01,76935.68,1777325593000
1777325595.122,195.122,0.87,0.88,0.12,0.13,0.01,0.01,76935.68,1777325593000
1777325595.473,195.473,0.87,0.88,0.12,0.13,0.01,0.01,76935.87,1777325594000
1777325595.85,195.85,0.87,0.88,0.12,0.13,0.01,0.01,76935.87,1777325594000
1777325596.335,196.335,0.87,0.88,0.12,0.13,0.01,0.01,76935.77,1777325595000
1777325596.927,196.927,0.87,0.88,0.12,0.13,0.01,0.01,76935.92,1777325596000
1777325597.748,197.748,0.87,0.88,0.12,0.13,0.01,0.01,76935.92,1777325596000
1777325598.101,198.101,0.87,0.88,0.12,0.13,0.01,0.01,76935.8,1777325597000
1777325598.848,198.848,0.87,0.88,0.12,0.13,0.01,0.01,76935.8,1777325597000
1777325599.457,199.457,0.87,0.88,0.12,0.13,0.01,0.01,76935.64,1777325598000
1777325600.021,200.021,0.87,0.88,0.12,0.13,0.01,0.01,76935.47,1777325599000
1777325600.959,200.959,0.87,0.88,0.12,0.13,0.01,0.01,76935.47,1777325599000
1777325601.827,201.827,0.87,0.88,0.12,0.13,0.01,0.01,76935.66,1777325600000
1777325602.293,202.293,0.87,0.88,0.12,0.13,0.01,0.01,76935.66,1777325601000
1777325602.65,202.65,0.87,0.88,0.12,0.13,0.01,0.01,76935.66,1777325601000
1777325603.1,203.1,0.87,0.88,0.12,0.13,0.01,0.01,76935.66,1777325601000
1777325603.436,203.436,0.87,0.88,0.12,0.13,0.01,0.01,76935.66,1777325601000
1777325603.819,203.819,0.87,0.88,0.12,0.13,0.01,0.01,76935.84,1777325602000
1777325604.4,204.4,0.87,0.88,0.12,0.13,0.01,0.01,76935.84,1777325602000
1777325605.005,205.005,0.87,0.88,0.12,0.13,0.01,0.01,76935.97,1777325603000
1777325605.468,205.468,0.87,0.88,0.12,0.13,0.01,0.01,76936.25,1777325604000
1777325605.923,205.923,0.87,0.88,0.12,0.13,0.01,0.01,76936.25,1777325604000
1777325606.308,206.308,0.87,0.88,0.12,0.13,0.01,0.01,76936.25,1777325604000
1777325606.778,206.778,0.87,0.88,0.12,0.13,0.01,0.01,76936.55,1777325605000
1777325607.258,207.258,0.87,0.88,0.12,0.13,0.01,0.01,76936.55,1777325605000
1777325607.625,207.625,0.87,0.88,0.12,0.13,0.01,0.01,76936.61,1777325606000
1777325608.242,208.242,0.87,0.88,0.12,0.13,0.01,0.01,76936.61,1777325606000
1777325608.822,208.822,0.87,0.88,0.12,0.13,0.01,0.01,76936.63,1777325607000
1777325609.17,209.17,0.87,0.88,0.12,0.13,0.01,0.01,76936.63,1777325607000
1777325609.534,209.534,0.87,0.88,0.12,0.13,0.01,0.01,76932.0,1777325608000
1777325610.044,210.044,0.87,0.88,0.12,0.13,0.01,0.01,76932.0,1777325608000
1777325610.44,210.44,0.85,0.87,0.13,0.14,0.02,0.01,76932.0,1777325608000
1777325610.857,210.857,0.85,0.86,0.14,0.15,0.01,0.01,76936.59,1777325609000
1777325611.451,211.451,0.85,0.86,0.14,0.15,0.01,0.01,76936.59,1777325609000
1777325612.169,212.169,0.85,0.86,0.14,0.15,0.01,0.01,76936.53,1777325610000
1777325612.537,212.537,0.85,0.86,0.14,0.15,0.01,0.01,76936.53,1777325610000
1777325612.935,212.935,0.81,0.82,0.18,0.19,0.01,0.01,76932.87,1777325611000
1777325613.302,213.302,0.82,0.83,0.17,0.19,0.01,0.02,76932.87,1777325611000
1777325613.669,213.669,0.82,0.83,0.17,0.18,0.01,0.01,76932.87,1777325611000
1777325614.145,214.145,0.82,0.83,0.17,0.18,0.01,0.01,76932.16,1777325612000
1777325614.491,214.491,0.82,0.83,0.17,0.18,0.01,0.01,76932.16,1777325612000
1777325614.87,214.87,0.82,0.83,0.17,0.18,0.01,0.01,76931.3,1777325613000
1777325615.238,215.238,0.83,0.84,0.16,0.18,0.01,0.02,76931.3,1777325613000
1777325615.624,215.624,0.84,0.85,0.15,0.16,0.01,0.01,76930.19,1777325614000
1777325616.052,216.052,0.84,0.85,0.15,0.16,0.01,0.01,76930.19,1777325614000
1777325616.545,216.545,0.84,0.85,0.15,0.16,0.01,0.01,76930.19,1777325614000
1777325617.138,217.138,0.84,0.85,0.15,0.16,0.01,0.01,76928.89,1777325615000
1777325617.579,217.579,0.84,0.85,0.15,0.16,0.01,0.01,76928.89,1777325615000
1777325618.052,218.052,0.84,0.85,0.15,0.16,0.01,0.01,76928.97,1777325616000
1777325618.601,218.601,0.85,0.86,0.14,0.16,0.01,0.02,76928.97,1777325616000
1777325618.943,218.943,0.85,0.86,0.14,0.15,0.01,0.01,76928.94,1777325617000
1777325619.292,219.292,0.85,0.86,0.14,0.15,0.01,0.01,76928.94,1777325617000
1777325619.777,219.777,0.84,0.85,0.14,0.16,0.01,0.02,76928.94,1777325617000
1777325620.142,220.142,0.86,0.87,0.13,0.16,0.01,0.03,76929.56,1777325618000
1777325620.547,220.547,0.87,0.88,0.12,0.13,0.01,0.01,76929.56,1777325618000
1777325620.911,220.911,0.87,0.88,0.12,0.13,0.01,0.01,76929.56,1777325618000
1777325621.385,221.385,0.86,0.87,0.12,0.14,0.01,0.02,76928.97,1777325619000
1777325621.818,221.818,0.86,0.87,0.13,0.14,0.01,0.01,76928.97,1777325619000
1777325622.353,222.353,0.86,0.87,0.13,0.14,0.01,0.01,76929.11,1777325620000
1777325622.778,222.778,0.86,0.87,0.13,0.14,0.01,0.01,76929.11,1777325620000
1777325623.558,223.558,0.87,0.88,0.12,0.13,0.01,0.01,76929.33,1777325621000
1777325623.962,223.962,0.87,0.88,0.12,0.13,0.01,0.01,76929.35,1777325622000
1777325624.53,224.53,0.87,0.88,0.12,0.13,0.01,0.01,76929.23,1777325623000
1777325625.153,225.153,0.87,0.88,0.12,0.13,0.01,0.01,76929.23,1777325623000
1777325626.045,226.045,0.88,0.89,0.11,0.13,0.01,0.02,76929.14,1777325624000
1777325626.641,226.641,0.86,0.87,0.13,0.14,0.01,0.01,76929.15,1777325625000
1777325627.068,227.068,0.87,0.88,0.12,0.13,0.01,0.01,76929.18,1777325626000
1777325627.964,227.964,0.87,0.88,0.12,0.13,0.01,0.01,76929.18,1777325626000
1777325628.401,228.401,0.87,0.88,0.12,0.13,0.01,0.01,76929.18,1777325626000
1777325629.342,229.342,0.87,0.88,0.12,0.13,0.01,0.01,76929.23,1777325627000
1777325629.838,229.838,0.87,0.88,0.12,0.13,0.01,0.01,76929.23,1777325627000
1777325630.343,230.343,0.87,0.88,0.12,0.13,0.01,0.01,76929.47,1777325629000
1777325630.782,230.782,0.87,0.89,0.12,0.13,0.02,0.01,76929.47,1777325629000
1777325631.711,231.711,0.9,0.91,0.09,0.11,0.01,0.02,76929.47,1777325629000
1777325632.071,232.071,0.9,0.91,0.09,0.1,0.01,0.01,76930.11,1777325630000
1777325632.553,232.553,0.9,0.91,0.09,0.1,0.01,0.01,76930.09,1777325631000
1777325633.001,233.001,0.88,0.89,0.11,0.12,0.01,0.01,76930.09,1777325631000
1777325633.425,233.425,0.88,0.89,0.11,0.12,0.01,0.01,76930.07,1777325632000
1777325634.084,234.084,0.88,0.89,0.11,0.12,0.01,0.01,76930.07,1777325632000
1777325634.505,234.505,0.88,0.89,0.11,0.12,0.01,0.01,76929.97,1777325633000
1777325634.939,234.939,0.87,0.88,0.12,0.13,0.01,0.01,76929.97,1777325633000
1777325635.428,235.428,0.87,0.88,0.12,0.13,0.01,0.01,76929.97,1777325633000
1777325635.853,235.853,0.87,0.88,0.12,0.13,0.01,0.01,76930.68,1777325634000
1777325636.27,236.27,0.87,0.88,0.12,0.13,0.01,0.01,76930.68,1777325634000
1777325636.67,236.67,0.87,0.88,0.12,0.13,0.01,0.01,76930.68,1777325635000
1777325637.015,237.015,0.87,0.88,0.12,0.13,0.01,0.01,76930.68,1777325635000
1777325637.374,237.374,0.87,0.88,0.12,0.13,0.01,0.01,76930.68,1777325635000
1777325637.757,237.757,0.87,0.88,0.12,0.13,0.01,0.01,76930.04,1777325636000
1777325638.208,238.208,0.87,0.88,0.12,0.13,0.01,0.01,76930.04,1777325636000
1777325638.604,238.604,0.87,0.88,0.12,0.13,0.01,0.01,76930.04,1777325636000
1777325639.199,239.199,0.87,0.88,0.12,0.13,0.01,0.01,76930.03,1777325638000
1777325639.699,239.699,0.87,0.88,0.12,0.13,0.01,0.01,76930.03,1777325638000
1777325640.271,240.271,0.87,0.89,0.12,0.13,0.02,0.01,76930.03,1777325638000
1777325640.605,240.605,0.89,0.9,0.1,0.12,0.01,0.02,76930.03,1777325638000
1777325640.977,240.977,0.89,0.9,0.1,0.11,0.01,0.01,76930.09,1777325639000
1777325641.469,241.469,0.89,0.9,0.1,0.11,0.01,0.01,76930.11,1777325640000
1777325641.864,241.864,0.89,0.9,0.1,0.11,0.01,0.01,76930.11,1777325640000
1777325642.24,242.24,0.89,0.9,0.1,0.11,0.01,0.01,76930.12,1777325641000
1777325642.605,242.605,0.89,0.9,0.1,0.11,0.01,0.01,76930.12,1777325641000
1777325642.96,242.96,0.89,0.9,0.1,0.11,0.01,0.01,76930.12,1777325641000
1777325643.372,243.372,0.89,0.91,0.1,0.11,0.02,0.01,76930.12,1777325641000
1777325643.988,243.988,0.9,0.91,0.09,0.11,0.01,0.02,76929.67,1777325642000
1777325644.389,244.389,0.9,0.91,0.09,0.1,0.01,0.01,76930.14,1777325643000
1777325644.839,244.839,0.91,0.92,0.08,0.1,0.01,0.02,76930.14,1777325643000
1777325645.29,245.29,0.92,0.93,0.08,0.09,0.01,0.01,76930.14,1777325644000
1777325645.658,245.658,0.92,0.93,0.07,0.08,0.01,0.01,76930.14,1777325644000
1777325646.098,246.098,0.92,0.93,0.07,0.08,0.01,0.01,76930.14,1777325644000
1777325646.73,246.73,0.92,0.93,0.07,0.08,0.01,0.01,76930.18,1777325645000
1777325647.342,247.342,0.92,0.93,0.07,0.08,0.01,0.01,76930.18,1777325645000
1777325647.792,247.792,0.92,0.93,0.07,0.08,0.01,0.01,76930.18,1777325645000
1777325648.3,248.3,0.92,0.93,0.07,0.08,0.01,0.01,76930.21,1777325647000
1777325648.833,248.833,0.92,0.93,0.07,0.08,0.01,0.01,76930.21,1777325647000
1777325649.32,249.32,0.92,0.93,0.07,0.08,0.01,0.01,76930.21,1777325647000
1777325649.753,249.753,0.92,0.93,0.07,0.08,0.01,0.01,76930.21,1777325648000
1777325650.22,250.22,0.92,0.94,0.07,0.08,0.02,0.01,76930.21,1777325648000
1777325650.658,250.658,0.93,0.94,0.06,0.08,0.01,0.02,76930.21,1777325649000
1777325651.173,251.173,0.93,0.94,0.06,0.07,0.01,0.01,76929.77,1777325650000
1777325651.577,251.577,0.93,0.94,0.06,0.07,0.01,0.01,76929.77,1777325650000
1777325651.948,251.948,0.93,0.94,0.06,0.07,0.01,0.01,76929.77,1777325650000
1777325652.389,252.389,0.93,0.94,0.06,0.07,0.01,0.01,76930.06,1777325651000
1777325652.779,252.779,0.94,0.95,0.05,0.07,0.01,0.02,76930.06,1777325651000
1777325653.261,253.261,0.94,0.95,0.05,0.06,0.01,0.01,76930.06,1777325651000
1777325653.66,253.66,0.94,0.95,0.05,0.06,0.01,0.01,76931.19,1777325652000
1777325654.124,254.124,0.94,0.95,0.05,0.06,0.01,0.01,76931.19,1777325652000
1777325654.546,254.546,0.94,0.95,0.05,0.06,0.01,0.01,76933.61,1777325653000
1777325654.893,254.893,0.94,0.95,0.05,0.06,0.01,0.01,76933.61,1777325653000
1777325655.31,255.31,0.94,0.95,0.05,0.06,0.01,0.01,76933.58,1777325654000
1777325655.644,255.644,0.95,0.96,0.04,0.05,0.01,0.01,76933.58,1777325654000
1777325656.236,256.236,0.95,0.96,0.04,0.05,0.01,0.01,76933.58,1777325654000
1777325656.747,256.747,0.92,0.93,0.06,0.09,0.01,0.03,76934.95,1777325655000
1777325657.1,257.1,0.92,0.94,0.07,0.08,0.02,0.01,76934.7,1777325656000
1777325657.631,257.631,0.93,0.94,0.06,0.07,0.01,0.01,76934.7,1777325656000
1777325657.995,257.995,0.91,0.92,0.08,0.09,0.01,0.01,76934.7,1777325656000
1777325658.45,258.45,0.91,0.92,0.08,0.09,0.01,0.01,76932.52,1777325657000
1777325658.788,258.788,0.91,0.93,0.08,0.09,0.02,0.01,76932.52,1777325657000
1777325659.183,259.183,0.92,0.93,0.07,0.08,0.01,0.01,76937.91,1777325658000
1777325659.568,259.568,0.92,0.95,0.07,0.08,0.03,0.01,76937.91,1777325658000
1777325659.966,259.966,0.94,0.95,0.05,0.06,0.01,0.01,76937.91,1777325658000
1777325660.391,260.391,0.94,0.95,0.05,0.06,0.01,0.01,76937.91,1777325658000
1777325660.862,260.862,0.95,0.96,0.04,0.05,0.01,0.01,76937.86,1777325659000
1777325661.199,261.199,0.95,0.96,0.04,0.05,0.01,0.01,76937.86,1777325659000
1777325661.555,261.555,0.95,0.96,0.04,0.05,0.01,0.01,76937.86,1777325659000
1777325662.166,262.166,0.95,0.96,0.04,0.05,0.01,0.01,76938.08,1777325660000
1777325662.741,262.741,0.96,0.97,0.03,0.05,0.01,0.02,76937.92,1777325661000
1777325663.191,263.191,0.96,0.97,0.03,0.04,0.01,0.01,76937.92,1777325661000
1777325663.589,263.589,0.96,0.97,0.03,0.04,0.01,0.01,76937.35,1777325662000
1777325664.032,264.032,0.96,0.97,0.03,0.04,0.01,0.01,76937.35,1777325662000
1777325664.885,264.885,0.96,0.97,0.03,0.04,0.01,0.01,76940.58,1777325663000
1777325665.588,265.588,0.96,0.97,0.03,0.04,0.01,0.01,76940.27,1777325664000
1777325666.04,266.04,0.96,0.97,0.03,0.04,0.01,0.01,76940.27,1777325664000
1777325666.695,266.695,0.96,0.97,0.03,0.04,0.01,0.01,76940.27,1777325665000
1777325667.035,267.035,0.96,0.97,0.03,0.04,0.01,0.01,76940.27,1777325665000
1777325667.452,267.452,0.96,0.98,0.02,0.04,0.02,0.02,76940.22,1777325666000
1777325667.794,267.794,0.97,0.98,0.02,0.03,0.01,0.01,76940.22,1777325666000
1777325668.134,268.134,0.97,0.98,0.02,0.03,0.01,0.01,76940.42,1777325667000
1777325668.523,268.523,0.97,0.98,0.02,0.03,0.01,0.01,76940.42,1777325667000
1777325668.884,268.884,0.97,0.98,0.02,0.03,0.01,0.01,76940.42,1777325667000
1777325669.314,269.314,0.97,0.98,0.02,0.03,0.01,0.01,76940.42,1777325667000
1777325669.662,269.662,0.97,0.98,0.02,0.03,0.01,0.01,76939.15,1777325668000
1777325670.012,270.012,0.97,0.98,0.02,0.03,0.01,0.01,76939.15,1777325668000
1777325670.433,270.433,0.97,0.98,0.02,0.03,0.01,0.01,76940.84,1777325669000
1777325670.767,270.767,0.96,0.97,0.03,0.04,0.01,0.01,76940.84,1777325669000
1777325671.147,271.147,0.97,0.98,0.02,0.03,0.01,0.01,76940.84,1777325669000
1777325671.494,271.494,0.96,0.98,0.03,0.04,0.02,0.01,76946.78,1777325670000
1777325671.862,271.862,0.97,0.98,0.02,0.03,0.01,0.01,76946.78,1777325670000
1777325672.376,272.376,0.97,0.98,0.02,0.03,0.01,0.01,76946.74,1777325671000
1777325672.728,272.728,0.97,0.98,0.02,0.04,0.01,0.02,76946.74,1777325671000
1777325673.454,273.454,0.97,0.98,0.02,0.03,0.01,0.01,76946.74,1777325671000
1777325673.821,273.821,0.97,0.98,0.02,0.03,0.01,0.01,76946.69,1777325672000
1777325674.188,274.188,0.97,0.98,0.02,0.03,0.01,0.01,76946.71,1777325673000
1777325674.567,274.567,0.97,0.98,0.02,0.03,0.01,0.01,76946.71,1777325673000
1777325674.948,274.948,0.97,0.98,0.02,0.03,0.01,0.01,76946.71,1777325673000
1777325675.421,275.421,0.97,0.98,0.02,0.03,0.01,0.01,76946.71,1777325674000
1777325675.769,275.769,0.98,0.99,0.01,0.02,0.01,0.01,76946.71,1777325674000
1777325676.177,276.177,0.97,0.99,0.01,0.03,0.02,0.02,76946.86,1777325675000
1777325676.521,276.521,0.98,0.99,0.01,0.02,0.01,0.01,76946.86,1777325675000
1777325676.879,276.879,0.97,0.99,0.02,0.03,0.02,0.01,76946.86,1777325675000
1777325677.253,277.253,0.98,0.99,0.01,0.02,0.01,0.01,76946.86,1777325676000
1777325677.653,277.653,0.97,0.98,0.01,0.03,0.01,0.02,76946.86,1777325676000
1777325677.992,277.992,0.98,0.99,0.02,0.03,0.01,0.01,76946.86,1777325676000
1777325678.366,278.366,0.98,0.99,0.01,0.02,0.01,0.01,76946.86,1777325676000
1777325678.995,278.995,0.98,0.99,0.01,0.02,0.01,0.01,76946.81,1777325678000
1777325679.743,279.743,0.98,0.99,0.01,0.02,0.01,0.01,76946.81,1777325678000
1777325680.227,280.227,0.98,0.99,0.01,0.02,0.01,0.01,76947.87,1777325679000
1777325680.875,280.875,0.98,0.99,0.01,0.02,0.01,0.01,76947.87,1777325679000
1777325681.346,281.346,0.98,0.99,0.01,0.02,0.01,0.01,76947.87,1777325679000
1777325681.936,281.936,0.98,0.99,0.01,0.02,0.01,0.01,76946.82,1777325680000
1777325682.335,282.335,0.98,0.99,0.01,0.02,0.01,0.01,76946.78,1777325681000
1777325682.679,282.679,0.96,0.97,0.01,0.04,0.01,0.03,76946.78,1777325681000
1777325683.029,283.029,0.97,0.99,0.02,0.04,0.02,0.02,76946.78,1777325681000
1777325683.445,283.445,0.98,0.99,0.01,0.02,0.01,0.01,76946.78,1777325681000
1777325683.786,283.786,0.98,0.99,0.01,0.02,0.01,0.01,76946.7,1777325682000
1777325684.139,284.139,0.98,0.99,0.01,0.02,0.01,0.01,76946.7,1777325682000
1777325684.625,284.625,0.98,0.99,0.01,0.02,0.01,0.01,76946.65,1777325683000
1777325685.158,285.158,0.98,0.99,0.01,0.02,0.01,0.01,76946.65,1777325683000
1777325685.492,285.492,0.98,0.99,0.01,0.02,0.01,0.01,76946.66,1777325684000
1777325686.299,286.299,0.98,0.99,0.01,0.02,0.01,0.01,76946.66,1777325684000
1777325686.745,286.745,0.98,0.99,0.01,0.02,0.01,0.01,76948.45,1777325685000
1777325687.245,287.245,0.98,0.99,0.01,0.02,0.01,0.01,76947.03,1777325686000
1777325687.639,287.639,0.98,0.99,0.01,0.02,0.01,0.01,76947.03,1777325686000
1777325688.023,288.023,0.98,0.99,0.01,0.02,0.01,0.01,76947.03,1777325686000
1777325688.408,288.408,0.98,0.99,0.01,0.02,0.01,0.01,76948.73,1777325687000
1777325688.973,288.973,0.98,0.99,0.01,0.02,0.01,0.01,76948.73,1777325687000
1777325689.32,289.32,0.98,0.99,0.01,0.02,0.01,0.01,76948.73,1777325687000
1777325689.723,289.723,0.99,0.99,0.01,0.01,0.0,0.0,76948.73,1777325687000
1777325690.325,290.325,0.99,0.99,0.01,0.01,0.0,0.0,76949.36,1777325688000
1777325690.67,290.67,0.75,0.76,0.24,0.35,0.01,0.11,76948.94,1777325689000
1777325691.044,291.044,0.55,0.94,0.02,0.15,0.39,0.13,76948.94,1777325689000
1777325691.385,291.385,0.97,0.99,0.01,0.02,0.02,0.01,76948.94,1777325690000
1777325691.74,291.74,0.97,0.98,0.01,0.03,0.01,0.02,76948.94,1777325690000
1777325692.129,292.129,0.52,0.97,0.02,0.5,0.45,0.48,76948.94,1777325690000
1777325692.477,292.477,0.82,0.98,0.11,0.26,0.16,0.15,76949.11,1777325691000
1777325692.93,292.93,0.95,0.99,0.01,0.04,0.04,0.03,76949.11,1777325691000
1777325693.488,293.488,0.99,0.99,0.01,0.01,0.0,0.0,76949.11,1777325692000
1777325694.119,294.119,0.99,0.99,0.01,0.01,0.0,0.0,76949.11,1777325692000
1777325694.68,294.68,0.99,0.99,0.01,0.01,0.0,0.0,76949.41,1777325693000
1777325695.166,295.166,0.98,0.99,0.01,0.02,0.01,0.01,76949.38,1777325694000
1777325695.669,295.669,0.99,0.99,0.01,0.01,0.0,0.0,76949.38,1777325694000
1777325696.202,296.202,0.99,0.99,0.01,0.01,0.0,0.0,76942.16,1777325695000
1777325697.363,297.363,0.99,0.99,0.01,0.01,0.0,0.0,76949.78,1777325696000
1777325698.284,298.284,0.99,0.99,0.01,0.01,0.0,0.0,76949.78,1777325696000
1777325698.716,298.716,0.99,0.99,0.01,0.01,0.0,0.0,76949.61,1777325697000
1777325699.148,299.148,0.99,0.99,0.01,0.01,0.0,0.0,76949.46,1777325698000
1777325699.569,299.569,0.99,0.99,0.01,0.01,0.0,0.0,76949.46,1777325698000
1777325699.961,299.961,0.99,0.99,0.01,0.01,0.0,0.0,76949.46,1777325698000
1777325700.449,300.449,0.99,0.99,0.01,0.01,0.0,0.0,76949.18,1777325699000
1777325700.783,300.783,0.99,0.99,0.01,0.01,0.0,0.0,76949.18,1777325699000
1777325702.207,302.207,0.99,0.99,0.01,0.01,0.0,0.0,76946.41,1777325701000

# RESULT,winner=Up,slug=btc-updown-5m-1777325400,ticks=608
