timestamp,elapsed_sec,up_bid,up_ask,down_bid,down_ask,up_spread,down_spread,btc_price,btc_oracle_ts
1777329900.572,0.572,0.39,0.4,0.62,0.63,0.01,0.01,76999.2,1777329899000
1777329900.95,0.95,0.4,0.42,0.58,0.61,0.02,0.03,76999.2,1777329899000
1777329901.92,1.92,0.42,0.43,0.56,0.6,0.01,0.04,76999.2,1777329900000
1777329902.258,2.258,0.42,0.43,0.57,0.58,0.01,0.01,76999.2,1777329900000
1777329902.654,2.654,0.42,0.43,0.57,0.58,0.01,0.01,76999.2,1777329901000
1777329903.128,3.128,0.42,0.43,0.57,0.58,0.01,0.01,76999.2,1777329901000
1777329903.586,3.586,0.42,0.43,0.57,0.58,0.01,0.01,76999.2,1777329902000
1777329904.096,4.096,0.43,0.44,0.56,0.57,0.01,0.01,76999.2,1777329902000
1777329904.431,4.431,0.45,0.48,0.52,0.55,0.03,0.03,76999.2,1777329903000
1777329904.773,4.773,0.48,0.49,0.51,0.53,0.01,0.02,76999.2,1777329903000
1777329905.162,5.162,0.48,0.49,0.51,0.52,0.01,0.01,76999.2,1777329904000
1777329905.498,5.498,0.49,0.5,0.5,0.52,0.01,0.02,76999.2,1777329904000
1777329905.928,5.928,0.49,0.5,0.5,0.51,0.01,0.01,76999.2,1777329904000
1777329906.386,6.386,0.49,0.5,0.5,0.51,0.01,0.01,77008.55,1777329905000
1777329906.788,6.788,0.49,0.5,0.5,0.51,0.01,0.01,77008.55,1777329905000
1777329907.142,7.142,0.49,0.5,0.5,0.51,0.01,0.01,77008.55,1777329905000
1777329907.482,7.482,0.49,0.5,0.5,0.51,0.01,0.01,77008.55,1777329905000
1777329907.952,7.952,0.49,0.5,0.5,0.51,0.01,0.01,77013.21,1777329906000
1777329908.312,8.312,0.49,0.5,0.5,0.51,0.01,0.01,77013.21,1777329906000
1777329908.689,8.689,0.49,0.5,0.5,0.51,0.01,0.01,77015.3,1777329907000
1777329909.108,9.108,0.55,0.57,0.45,0.46,0.02,0.01,77015.3,1777329907000
1777329909.464,9.464,0.58,0.59,0.42,0.43,0.01,0.01,77015.3,1777329907000
1777329909.916,9.916,0.59,0.6,0.4,0.41,0.01,0.01,77015.56,1777329908000
1777329910.54,10.54,0.59,0.6,0.4,0.41,0.01,0.01,77015.85,1777329909000
1777329911.006,11.006,0.59,0.6,0.4,0.41,0.01,0.01,77015.85,1777329909000
1777329911.416,11.416,0.59,0.6,0.4,0.41,0.01,0.01,77018.39,1777329910000
1777329912.43,12.43,0.59,0.6,0.4,0.41,0.01,0.01,77018.39,1777329910000
1777329912.792,12.792,0.59,0.6,0.4,0.41,0.01,0.01,77018.39,1777329910000
1777329913.239,13.239,0.59,0.6,0.4,0.41,0.01,0.01,77018.4,1777329911000
1777329913.715,13.715,0.59,0.6,0.4,0.41,0.01,0.01,77018.51,1777329912000
1777329914.172,14.172,0.59,0.6,0.4,0.41,0.01,0.01,77018.51,1777329912000
1777329914.547,14.547,0.59,0.6,0.4,0.41,0.01,0.01,77018.51,1777329912000
1777329915.105,15.105,0.59,0.6,0.4,0.41,0.01,0.01,77018.88,1777329913000
1777329915.51,15.51,0.59,0.6,0.4,0.41,0.01,0.01,77018.88,1777329913000
1777329915.93,15.93,0.59,0.6,0.4,0.41,0.01,0.01,77020.07,1777329914000
1777329916.29,16.29,0.59,0.6,0.4,0.41,0.01,0.01,77020.07,1777329914000
1777329916.627,16.627,0.59,0.6,0.4,0.41,0.01,0.01,77020.11,1777329915000
1777329917.18,17.18,0.62,0.63,0.37,0.41,0.01,0.04,77020.11,1777329915000
1777329917.627,17.627,0.62,0.63,0.37,0.38,0.01,0.01,77020.11,1777329915000
1777329918.049,18.049,0.62,0.63,0.37,0.38,0.01,0.01,77020.11,1777329915000
1777329918.397,18.397,0.62,0.63,0.37,0.38,0.01,0.01,77020.11,1777329915000
1777329918.746,18.746,0.62,0.63,0.37,0.38,0.01,0.01,77021.34,1777329916000
1777329919.086,19.086,0.66,0.7,0.3,0.34,0.04,0.04,77021.34,1777329916000
1777329919.445,19.445,0.68,0.69,0.31,0.33,0.01,0.02,77021.34,1777329916000
1777329919.79,19.79,0.71,0.73,0.28,0.29,0.02,0.01,77024.09,1777329917000
1777329920.243,20.243,0.72,0.73,0.27,0.28,0.01,0.01,77024.09,1777329917000
1777329920.654,20.654,0.72,0.73,0.27,0.28,0.01,0.01,77024.58,1777329918000
1777329920.995,20.995,0.72,0.73,0.27,0.28,0.01,0.01,77024.58,1777329918000
1777329921.376,21.376,0.72,0.73,0.27,0.28,0.01,0.01,77026.66,1777329919000
1777329921.72,21.72,0.72,0.73,0.27,0.28,0.01,0.01,77026.66,1777329919000
1777329922.057,22.057,0.73,0.74,0.26,0.27,0.01,0.01,77026.66,1777329919000
1777329922.439,22.439,0.73,0.74,0.26,0.27,0.01,0.01,77038.46,1777329920000
1777329923.051,23.051,0.73,0.74,0.26,0.27,0.01,0.01,77038.46,1777329920000
1777329923.532,23.532,0.57,0.74,0.26,0.27,0.17,0.01,77038.38,1777329921000
1777329923.88,23.88,0.69,0.7,0.3,0.31,0.01,0.01,77038.38,1777329921000
1777329924.271,24.271,0.69,0.7,0.3,0.31,0.01,0.01,77038.38,1777329921000
1777329924.638,24.638,0.57,0.7,0.3,0.43,0.13,0.13,77039.33,1777329922000
1777329924.985,24.985,0.61,0.64,0.37,0.39,0.03,0.02,77039.33,1777329922000
1777329925.33,25.33,0.64,0.65,0.35,0.36,0.01,0.01,77039.63,1777329923000
1777329925.754,25.754,0.63,0.64,0.36,0.37,0.01,0.01,77039.63,1777329923000
1777329926.17,26.17,0.63,0.64,0.36,0.37,0.01,0.01,77039.63,1777329924000
1777329926.526,26.526,0.63,0.64,0.36,0.37,0.01,0.01,77039.63,1777329924000
1777329926.874,26.874,0.63,0.64,0.36,0.37,0.01,0.01,77039.61,1777329925000
1777329927.315,27.315,0.63,0.64,0.36,0.37,0.01,0.01,77039.61,1777329925000
1777329927.703,27.703,0.63,0.64,0.36,0.37,0.01,0.01,77039.02,1777329926000
1777329928.045,28.045,0.63,0.65,0.36,0.37,0.02,0.01,77039.02,1777329926000
1777329928.385,28.385,0.65,0.67,0.34,0.35,0.02,0.01,77039.02,1777329926000
1777329928.749,28.749,0.65,0.66,0.34,0.35,0.01,0.01,77038.88,1777329927000
1777329929.142,29.142,0.65,0.66,0.34,0.35,0.01,0.01,77038.88,1777329927000
1777329929.553,29.553,0.65,0.66,0.34,0.35,0.01,0.01,77038.88,1777329927000
1777329929.888,29.888,0.65,0.66,0.34,0.35,0.01,0.01,77038.88,1777329927000
1777329930.23,30.23,0.65,0.66,0.34,0.35,0.01,0.01,77039.05,1777329928000
1777329930.647,30.647,0.64,0.65,0.35,0.36,0.01,0.01,77039.05,1777329928000
1777329931.031,31.031,0.64,0.65,0.35,0.36,0.01,0.01,77041.69,1777329929000
1777329931.423,31.423,0.64,0.65,0.35,0.36,0.01,0.01,77041.69,1777329929000
1777329931.757,31.757,0.64,0.65,0.35,0.36,0.01,0.01,77041.82,1777329930000
1777329932.18,32.18,0.64,0.65,0.35,0.36,0.01,0.01,77041.82,1777329930000
1777329932.569,32.569,0.64,0.65,0.35,0.36,0.01,0.01,77040.77,1777329931000
1777329933.021,33.021,0.64,0.65,0.35,0.36,0.01,0.01,77040.77,1777329931000
1777329933.373,33.373,0.62,0.63,0.35,0.38,0.01,0.03,77040.77,1777329931000
1777329933.756,33.756,0.62,0.63,0.37,0.38,0.01,0.01,77040.01,1777329932000
1777329934.354,34.354,0.63,0.64,0.36,0.38,0.01,0.02,77040.01,1777329932000
1777329934.784,34.784,0.63,0.64,0.36,0.37,0.01,0.01,77039.65,1777329933000
1777329935.17,35.17,0.63,0.64,0.36,0.37,0.01,0.01,77039.65,1777329933000
1777329935.772,35.772,0.63,0.64,0.36,0.37,0.01,0.01,77039.65,1777329934000
1777329936.34,36.34,0.63,0.64,0.36,0.37,0.01,0.01,77039.65,1777329935000
1777329936.747,36.747,0.69,0.72,0.29,0.32,0.03,0.03,77039.65,1777329935000
1777329937.187,37.187,0.71,0.72,0.28,0.29,0.01,0.01,77039.65,1777329935000
1777329937.916,37.916,0.71,0.72,0.28,0.29,0.01,0.01,77039.66,1777329936000
1777329938.387,38.387,0.71,0.72,0.28,0.29,0.01,0.01,77044.53,1777329937000
1777329938.887,38.887,0.71,0.72,0.28,0.45,0.01,0.17,77044.53,1777329937000
1777329939.224,39.224,0.71,0.72,0.28,0.29,0.01,0.01,77049.26,1777329938000
1777329939.572,39.572,0.71,0.72,0.28,0.29,0.01,0.01,77049.26,1777329938000
1777329939.938,39.938,0.71,0.72,0.28,0.29,0.01,0.01,77049.26,1777329938000
1777329940.332,40.332,0.71,0.72,0.28,0.29,0.01,0.01,77049.26,1777329938000
1777329940.782,40.782,0.7,0.71,0.29,0.3,0.01,0.01,77049.78,1777329939000
1777329941.116,41.116,0.7,0.71,0.29,0.3,0.01,0.01,77049.78,1777329939000
1777329941.521,41.521,0.66,0.69,0.31,0.32,0.03,0.01,77049.87,1777329940000
1777329942.044,42.044,0.66,0.67,0.33,0.34,0.01,0.01,77049.87,1777329940000
1777329942.461,42.461,0.65,0.66,0.33,0.39,0.01,0.06,77049.87,1777329940000
1777329943.237,43.237,0.65,0.66,0.34,0.35,0.01,0.01,77049.64,1777329942000
1777329943.579,43.579,0.65,0.66,0.34,0.35,0.01,0.01,77049.64,1777329942000
1777329943.988,43.988,0.65,0.66,0.34,0.37,0.01,0.03,77049.64,1777329942000
1777329944.504,44.504,0.64,0.65,0.35,0.36,0.01,0.01,77049.73,1777329943000
1777329944.93,44.93,0.64,0.65,0.35,0.36,0.01,0.01,77049.73,1777329943000
1777329945.315,45.315,0.64,0.65,0.35,0.36,0.01,0.01,77049.73,1777329943000
1777329945.688,45.688,0.63,0.64,0.36,0.37,0.01,0.01,77050.07,1777329944000
1777329946.062,46.062,0.63,0.64,0.36,0.37,0.01,0.01,77049.82,1777329945000
1777329946.744,46.744,0.63,0.64,0.36,0.37,0.01,0.01,77049.82,1777329945000
1777329947.161,47.161,0.63,0.64,0.36,0.37,0.01,0.01,77050.02,1777329946000
1777329947.647,47.647,0.63,0.64,0.36,0.37,0.01,0.01,77050.02,1777329946000
1777329948.167,48.167,0.63,0.64,0.36,0.37,0.01,0.01,77050.08,1777329947000
1777329948.522,48.522,0.58,0.61,0.39,0.4,0.03,0.01,77050.08,1777329947000
1777329948.905,48.905,0.57,0.58,0.42,0.43,0.01,0.01,77050.08,1777329947000
1777329949.242,49.242,0.57,0.58,0.42,0.43,0.01,0.01,77050.08,1777329947000
1777329949.638,49.638,0.57,0.58,0.42,0.43,0.01,0.01,77050.08,1777329947000
1777329950.237,50.237,0.57,0.58,0.42,0.43,0.01,0.01,77047.69,1777329948000
1777329950.673,50.673,0.57,0.58,0.42,0.43,0.01,0.01,77046.26,1777329949000
1777329951.044,51.044,0.57,0.58,0.42,0.43,0.01,0.01,77046.26,1777329949000
1777329951.379,51.379,0.57,0.58,0.42,0.43,0.01,0.01,77043.56,1777329950000
1777329951.781,51.781,0.52,0.53,0.47,0.48,0.01,0.01,77043.56,1777329950000
1777329952.144,52.144,0.52,0.53,0.47,0.48,0.01,0.01,77043.56,1777329950000
1777329952.599,52.599,0.52,0.53,0.47,0.48,0.01,0.01,77042.17,1777329951000
1777329952.976,52.976,0.53,0.54,0.46,0.47,0.01,0.01,77042.17,1777329951000
1777329953.329,53.329,0.53,0.54,0.46,0.47,0.01,0.01,77042.17,1777329951000
1777329953.837,53.837,0.53,0.54,0.46,0.47,0.01,0.01,77039.85,1777329952000
1777329954.198,54.198,0.49,0.51,0.47,0.51,0.02,0.04,77039.33,1777329953000
1777329954.621,54.621,0.49,0.5,0.5,0.51,0.01,0.01,77039.33,1777329953000
1777329955.103,55.103,0.48,0.49,0.5,0.52,0.01,0.02,77039.33,1777329953000
1777329955.488,55.488,0.48,0.49,0.51,0.52,0.01,0.01,77039.1,1777329954000
1777329955.852,55.852,0.47,0.48,0.51,0.53,0.01,0.02,77039.1,1777329954000
1777329956.218,56.218,0.47,0.48,0.52,0.53,0.01,0.01,77031.14,1777329955000
1777329956.81,56.81,0.47,0.48,0.52,0.53,0.01,0.01,77031.14,1777329955000
1777329957.145,57.145,0.47,0.48,0.52,0.53,0.01,0.01,77031.14,1777329955000
1777329957.519,57.519,0.48,0.49,0.51,0.52,0.01,0.01,77029.92,1777329956000
1777329957.872,57.872,0.52,0.53,0.5,0.51,0.01,0.01,77029.92,1777329956000
1777329958.248,58.248,0.52,0.53,0.47,0.48,0.01,0.01,77029.92,1777329956000
1777329958.585,58.585,0.5,0.51,0.49,0.5,0.01,0.01,77029.75,1777329957000
1777329958.96,58.96,0.51,0.52,0.48,0.49,0.01,0.01,77029.75,1777329957000
1777329959.353,59.353,0.51,0.52,0.48,0.49,0.01,0.01,77029.75,1777329957000
1777329959.907,59.907,0.51,0.52,0.48,0.49,0.01,0.01,77029.92,1777329958000
1777329960.354,60.354,0.52,0.53,0.48,0.49,0.01,0.01,77029.92,1777329959000
1777329960.692,60.692,0.43,0.53,0.47,0.48,0.1,0.01,77029.92,1777329959000
1777329961.064,61.064,0.5,0.51,0.49,0.5,0.01,0.01,77029.92,1777329959000
1777329961.4,61.4,0.46,0.51,0.49,0.5,0.05,0.01,77029.92,1777329960000
1777329961.734,61.734,0.49,0.5,0.5,0.51,0.01,0.01,77029.92,1777329960000
1777329962.078,62.078,0.49,0.5,0.5,0.51,0.01,0.01,77029.92,1777329960000
1777329962.458,62.458,0.49,0.5,0.5,0.51,0.01,0.01,77029.92,1777329960000
1777329962.797,62.797,0.52,0.53,0.47,0.49,0.01,0.02,77029.56,1777329961000
1777329963.232,63.232,0.58,0.59,0.41,0.42,0.01,0.01,77029.56,1777329961000
1777329963.638,63.638,0.58,0.59,0.41,0.42,0.01,0.01,77030.03,1777329962000
1777329964.013,64.013,0.58,0.59,0.41,0.42,0.01,0.01,77030.03,1777329962000
1777329964.38,64.38,0.58,0.59,0.41,0.42,0.01,0.01,77030.77,1777329963000
1777329964.745,64.745,0.58,0.59,0.41,0.42,0.01,0.01,77030.77,1777329963000
1777329965.187,65.187,0.58,0.59,0.41,0.42,0.01,0.01,77030.77,1777329963000
1777329965.524,65.524,0.58,0.59,0.41,0.42,0.01,0.01,77036.4,1777329964000
1777329965.986,65.986,0.58,0.59,0.41,0.42,0.01,0.01,77036.4,1777329964000
1777329966.365,66.365,0.58,0.59,0.41,0.42,0.01,0.01,77036.75,1777329965000
1777329966.759,66.759,0.58,0.59,0.41,0.42,0.01,0.01,77036.75,1777329965000
1777329967.147,67.147,0.57,0.58,0.41,0.43,0.01,0.02,77036.75,1777329965000
1777329967.533,67.533,0.57,0.58,0.42,0.43,0.01,0.01,77037.02,1777329966000
1777329967.869,67.869,0.57,0.58,0.42,0.43,0.01,0.01,77037.02,1777329966000
1777329968.225,68.225,0.57,0.59,0.42,0.43,0.02,0.01,77037.02,1777329966000
1777329968.757,68.757,0.58,0.59,0.41,0.42,0.01,0.01,77036.99,1777329967000
1777329969.16,69.16,0.58,0.59,0.41,0.42,0.01,0.01,77036.99,1777329967000
1777329969.542,69.542,0.56,0.57,0.43,0.44,0.01,0.01,77037.09,1777329968000
1777329969.96,69.96,0.56,0.58,0.42,0.44,0.02,0.02,77037.09,1777329968000
1777329970.352,70.352,0.57,0.58,0.42,0.43,0.01,0.01,77037.22,1777329969000
1777329970.822,70.822,0.54,0.55,0.42,0.46,0.01,0.04,77037.22,1777329969000
1777329971.177,71.177,0.54,0.55,0.45,0.46,0.01,0.01,77037.22,1777329969000
1777329971.512,71.512,0.54,0.55,0.45,0.46,0.01,0.01,77036.9,1777329970000
1777329971.86,71.86,0.54,0.55,0.45,0.46,0.01,0.01,77036.9,1777329970000
1777329972.326,72.326,0.54,0.55,0.45,0.46,0.01,0.01,77036.89,1777329971000
1777329972.876,72.876,0.54,0.55,0.45,0.46,0.01,0.01,77036.89,1777329971000
1777329973.38,73.38,0.54,0.55,0.45,0.46,0.01,0.01,77036.89,1777329971000
1777329973.714,73.714,0.54,0.55,0.45,0.46,0.01,0.01,77036.88,1777329972000
1777329974.047,74.047,0.54,0.55,0.45,0.46,0.01,0.01,77036.88,1777329972000
1777329974.528,74.528,0.54,0.55,0.45,0.46,0.01,0.01,77036.84,1777329973000
1777329974.933,74.933,0.54,0.55,0.45,0.46,0.01,0.01,77036.84,1777329973000
1777329975.695,75.695,0.54,0.55,0.45,0.46,0.01,0.01,77036.3,1777329974000
1777329976.088,76.088,0.58,0.6,0.4,0.42,0.02,0.02,77036.3,1777329974000
1777329976.465,76.465,0.58,0.59,0.41,0.42,0.01,0.01,77036.3,1777329975000
1777329976.872,76.872,0.58,0.59,0.41,0.42,0.01,0.01,77036.3,1777329975000
1777329977.352,77.352,0.57,0.58,0.42,0.43,0.01,0.01,77036.3,1777329975000
1777329977.725,77.725,0.57,0.58,0.42,0.43,0.01,0.01,77034.98,1777329976000
1777329978.184,78.184,0.57,0.58,0.42,0.43,0.01,0.01,77034.98,1777329976000
1777329978.555,78.555,0.55,0.56,0.44,0.45,0.01,0.01,77034.98,1777329976000
1777329978.925,78.925,0.55,0.56,0.44,0.45,0.01,0.01,77042.39,1777329977000
1777329979.261,79.261,0.53,0.56,0.44,0.47,0.03,0.03,77042.39,1777329977000
1777329979.595,79.595,0.54,0.55,0.45,0.46,0.01,0.01,77041.69,1777329978000
1777329979.964,79.964,0.54,0.55,0.45,0.46,0.01,0.01,77041.69,1777329978000
1777329980.338,80.338,0.54,0.55,0.45,0.46,0.01,0.01,77041.69,1777329978000
1777329980.723,80.723,0.54,0.56,0.44,0.46,0.02,0.02,77041.7,1777329979000
1777329981.539,81.539,0.57,0.58,0.43,0.45,0.01,0.02,77039.66,1777329980000
1777329982.171,82.171,0.58,0.6,0.4,0.42,0.02,0.02,77041.48,1777329981000
1777329982.538,82.538,0.59,0.6,0.4,0.41,0.01,0.01,77041.48,1777329981000
1777329983.088,83.088,0.63,0.65,0.35,0.37,0.02,0.02,77042.45,1777329982000
1777329983.477,83.477,0.64,0.65,0.35,0.36,0.01,0.01,77042.45,1777329982000
1777329983.909,83.909,0.64,0.65,0.35,0.36,0.01,0.01,77042.45,1777329982000
1777329984.583,84.583,0.64,0.65,0.35,0.36,0.01,0.01,77043.72,1777329983000
1777329984.955,84.955,0.64,0.65,0.35,0.36,0.01,0.01,77043.72,1777329983000
1777329985.386,85.386,0.64,0.65,0.35,0.36,0.01,0.01,77045.77,1777329984000
1777329985.877,85.877,0.64,0.65,0.35,0.36,0.01,0.01,77045.77,1777329984000
1777329986.357,86.357,0.65,0.66,0.34,0.35,0.01,0.01,77045.77,1777329984000
1777329986.943,86.943,0.65,0.66,0.34,0.35,0.01,0.01,77047.43,1777329985000
1777329987.308,87.308,0.65,0.66,0.34,0.35,0.01,0.01,77047.43,1777329985000
1777329987.919,87.919,0.66,0.68,0.33,0.35,0.02,0.02,77047.43,1777329986000
1777329988.429,88.429,0.67,0.68,0.32,0.34,0.01,0.02,77048.01,1777329987000
1777329988.822,88.822,0.67,0.68,0.32,0.33,0.01,0.01,77048.01,1777329987000
1777329989.206,89.206,0.67,0.68,0.32,0.33,0.01,0.01,77047.5,1777329988000
1777329989.618,89.618,0.67,0.68,0.32,0.33,0.01,0.01,77047.5,1777329988000
1777329989.998,89.998,0.67,0.68,0.32,0.33,0.01,0.01,77047.5,1777329988000
1777329990.541,90.541,0.67,0.68,0.32,0.33,0.01,0.01,77047.02,1777329989000
1777329990.907,90.907,0.67,0.68,0.32,0.33,0.01,0.01,77047.02,1777329989000
1777329991.266,91.266,0.68,0.7,0.31,0.33,0.02,0.02,77048.4,1777329990000
1777329991.655,91.655,0.69,0.7,0.3,0.31,0.01,0.01,77048.4,1777329990000
1777329992.009,92.009,0.69,0.7,0.3,0.31,0.01,0.01,77048.4,1777329990000
1777329992.358,92.358,0.69,0.71,0.3,0.31,0.02,0.01,77048.4,1777329990000
1777329992.757,92.757,0.7,0.71,0.29,0.3,0.01,0.01,77048.42,1777329991000
1777329993.179,93.179,0.7,0.71,0.29,0.3,0.01,0.01,77048.42,1777329991000
1777329993.564,93.564,0.7,0.71,0.29,0.3,0.01,0.01,77049.5,1777329992000
1777329993.927,93.927,0.7,0.71,0.29,0.3,0.01,0.01,77049.5,1777329992000
1777329994.338,94.338,0.7,0.71,0.29,0.3,0.01,0.01,77049.5,1777329993000
1777329994.955,94.955,0.7,0.71,0.29,0.3,0.01,0.01,77049.5,1777329993000
1777329995.306,95.306,0.7,0.71,0.29,0.3,0.01,0.01,77049.5,1777329993000
1777329996.209,96.209,0.7,0.71,0.29,0.3,0.01,0.01,77051.89,1777329994000
1777329996.634,96.634,0.7,0.71,0.29,0.3,0.01,0.01,77051.9,1777329995000
1777329997.155,97.155,0.7,0.71,0.29,0.3,0.01,0.01,77051.9,1777329995000
1777329997.543,97.543,0.7,0.71,0.29,0.3,0.01,0.01,77051.9,1777329995000
1777329998.43,98.43,0.7,0.71,0.29,0.3,0.01,0.01,77052.11,1777329997000
1777329999.039,99.039,0.7,0.71,0.29,0.3,0.01,0.01,77051.89,1777329998000
1777329999.55,99.55,0.7,0.71,0.29,0.3,0.01,0.01,77051.89,1777329998000
1777329999.944,99.944,0.7,0.71,0.29,0.3,0.01,0.01,77051.89,1777329998000
1777330000.381,100.381,0.7,0.71,0.29,0.3,0.01,0.01,77051.89,1777329998000
1777330000.735,100.735,0.7,0.71,0.29,0.3,0.01,0.01,77051.81,1777329999000
1777330001.095,101.095,0.71,0.72,0.28,0.29,0.01,0.01,77051.64,1777330000000
1777330001.448,101.448,0.71,0.72,0.28,0.29,0.01,0.01,77051.64,1777330000000
1777330001.927,101.927,0.72,0.73,0.27,0.28,0.01,0.01,77051.64,1777330000000
1777330002.314,102.314,0.72,0.73,0.27,0.28,0.01,0.01,77051.64,1777330000000
1777330002.807,102.807,0.72,0.73,0.27,0.28,0.01,0.01,77052.17,1777330001000
1777330003.182,103.182,0.72,0.73,0.27,0.28,0.01,0.01,77052.08,1777330002000
1777330003.64,103.64,0.67,0.68,0.3,0.31,0.01,0.01,77052.08,1777330002000
1777330004.05,104.05,0.67,0.68,0.32,0.33,0.01,0.01,77052.08,1777330002000
1777330004.437,104.437,0.67,0.68,0.32,0.33,0.01,0.01,77052.08,1777330002000
1777330004.95,104.95,0.67,0.68,0.32,0.33,0.01,0.01,77051.7,1777330003000
1777330005.351,105.351,0.67,0.68,0.32,0.33,0.01,0.01,77050.54,1777330004000
1777330005.708,105.708,0.67,0.68,0.32,0.33,0.01,0.01,77050.54,1777330004000
1777330006.106,106.106,0.67,0.68,0.32,0.33,0.01,0.01,77050.54,1777330004000
1777330006.539,106.539,0.67,0.68,0.32,0.33,0.01,0.01,77044.46,1777330005000
1777330006.887,106.887,0.67,0.68,0.32,0.33,0.01,0.01,77044.46,1777330005000
1777330007.811,107.811,0.67,0.68,0.32,0.33,0.01,0.01,77044.45,1777330006000
1777330008.371,108.371,0.67,0.68,0.32,0.33,0.01,0.01,77043.68,1777330007000
1777330008.873,108.873,0.67,0.68,0.32,0.33,0.01,0.01,77043.68,1777330007000
1777330009.954,109.954,0.67,0.68,0.32,0.33,0.01,0.01,77043.33,1777330008000
1777330010.597,110.597,0.67,0.68,0.32,0.33,0.01,0.01,77043.38,1777330009000
1777330010.965,110.965,0.63,0.64,0.36,0.37,0.01,0.01,77043.38,1777330009000
1777330011.512,111.512,0.63,0.64,0.36,0.37,0.01,0.01,77043.05,1777330010000
1777330012.215,112.215,0.63,0.64,0.36,0.37,0.01,0.01,77043.05,1777330011000
1777330012.938,112.938,0.63,0.64,0.36,0.37,0.01,0.01,77043.05,1777330011000
1777330013.465,113.465,0.63,0.64,0.36,0.37,0.01,0.01,77042.99,1777330012000
1777330013.84,113.84,0.63,0.64,0.36,0.37,0.01,0.01,77042.99,1777330012000
1777330014.173,114.173,0.63,0.64,0.36,0.37,0.01,0.01,77042.55,1777330013000
1777330014.703,114.703,0.63,0.64,0.36,0.37,0.01,0.01,77042.55,1777330013000
1777330015.14,115.14,0.63,0.66,0.36,0.37,0.03,0.01,77042.55,1777330013000
1777330015.608,115.608,0.64,0.65,0.34,0.37,0.01,0.03,77042.56,1777330014000
1777330016.013,116.013,0.65,0.66,0.34,0.35,0.01,0.01,77042.56,1777330014000
1777330016.52,116.52,0.7,0.71,0.3,0.35,0.01,0.05,77042.56,1777330014000
1777330017.176,117.176,0.7,0.71,0.29,0.3,0.01,0.01,77042.31,1777330015000
1777330017.833,117.833,0.7,0.71,0.29,0.3,0.01,0.01,77042.28,1777330016000
1777330018.356,118.356,0.7,0.72,0.28,0.3,0.02,0.02,77046.24,1777330017000
1777330018.771,118.771,0.71,0.72,0.28,0.3,0.01,0.02,77046.24,1777330017000
1777330019.235,119.235,0.72,0.73,0.27,0.28,0.01,0.01,77045.96,1777330018000
1777330019.687,119.687,0.72,0.73,0.27,0.28,0.01,0.01,77045.96,1777330018000
1777330020.146,120.146,0.72,0.73,0.27,0.28,0.01,0.01,77046.28,1777330019000
1777330020.521,120.521,0.72,0.73,0.27,0.28,0.01,0.01,77046.28,1777330019000
1777330020.921,120.921,0.72,0.73,0.27,0.28,0.01,0.01,77046.28,1777330019000
1777330021.333,121.333,0.73,0.74,0.26,0.27,0.01,0.01,77046.28,1777330019000
1777330021.745,121.745,0.73,0.74,0.26,0.27,0.01,0.01,77046.28,1777330020000
1777330022.152,122.152,0.73,0.74,0.26,0.27,0.01,0.01,77046.23,1777330021000
1777330022.568,122.568,0.74,0.75,0.25,0.27,0.01,0.02,77046.23,1777330021000
1777330023.063,123.063,0.74,0.75,0.25,0.26,0.01,0.01,77046.23,1777330021000
1777330023.462,123.462,0.74,0.75,0.25,0.26,0.01,0.01,77045.76,1777330022000
1777330023.958,123.958,0.74,0.75,0.25,0.26,0.01,0.01,77045.76,1777330022000
1777330024.335,124.335,0.74,0.75,0.25,0.26,0.01,0.01,77046.32,1777330023000
1777330025.114,125.114,0.74,0.75,0.25,0.26,0.01,0.01,77046.32,1777330023000
1777330025.979,125.979,0.74,0.75,0.25,0.26,0.01,0.01,77047.02,1777330024000
1777330026.372,126.372,0.74,0.75,0.25,0.26,0.01,0.01,77047.02,1777330024000
1777330026.843,126.843,0.7,0.71,0.29,0.3,0.01,0.01,77047.22,1777330025000
1777330027.188,127.188,0.7,0.71,0.29,0.3,0.01,0.01,77047.77,1777330026000
1777330027.55,127.55,0.7,0.71,0.29,0.3,0.01,0.01,77047.77,1777330026000
1777330028.049,128.049,0.71,0.72,0.28,0.29,0.01,0.01,77047.41,1777330027000
1777330028.484,128.484,0.73,0.75,0.25,0.27,0.02,0.02,77047.41,1777330027000
1777330028.891,128.891,0.74,0.75,0.25,0.26,0.01,0.01,77047.41,1777330027000
1777330029.371,129.371,0.74,0.75,0.25,0.26,0.01,0.01,77047.41,1777330027000
1777330029.788,129.788,0.74,0.75,0.25,0.26,0.01,0.01,77049.47,1777330028000
1777330030.136,130.136,0.74,0.75,0.25,0.26,0.01,0.01,77049.47,1777330028000
1777330030.516,130.516,0.72,0.73,0.25,0.28,0.01,0.03,77050.54,1777330029000
1777330030.941,130.941,0.7,0.71,0.27,0.3,0.01,0.03,77050.54,1777330029000
1777330031.633,131.633,0.69,0.7,0.29,0.31,0.01,0.02,77053.86,1777330030000
1777330032.118,132.118,0.69,0.7,0.3,0.31,0.01,0.01,77053.86,1777330030000
1777330032.51,132.51,0.69,0.7,0.3,0.31,0.01,0.01,77051.9,1777330031000
1777330032.89,132.89,0.69,0.7,0.3,0.31,0.01,0.01,77051.9,1777330031000
1777330033.338,133.338,0.69,0.7,0.3,0.31,0.01,0.01,77050.36,1777330032000
1777330033.679,133.679,0.69,0.7,0.3,0.31,0.01,0.01,77050.36,1777330032000
1777330034.103,134.103,0.69,0.7,0.3,0.31,0.01,0.01,77050.36,1777330032000
1777330034.575,134.575,0.69,0.7,0.3,0.31,0.01,0.01,77050.4,1777330033000
1777330035.155,135.155,0.69,0.7,0.3,0.31,0.01,0.01,77050.19,1777330034000
1777330035.651,135.651,0.71,0.74,0.29,0.3,0.03,0.01,77050.19,1777330034000
1777330036.204,136.204,0.74,0.75,0.25,0.27,0.01,0.02,77050.19,1777330034000
1777330036.991,136.991,0.74,0.75,0.25,0.26,0.01,0.01,77050.76,1777330036000
1777330037.518,137.518,0.74,0.75,0.25,0.26,0.01,0.01,77050.76,1777330036000
1777330038.006,138.006,0.74,0.75,0.25,0.26,0.01,0.01,77050.76,1777330037000
1777330039.143,139.143,0.74,0.75,0.25,0.26,0.01,0.01,77050.76,1777330037000
1777330039.726,139.726,0.74,0.75,0.25,0.26,0.01,0.01,77050.87,1777330038000
1777330040.342,140.342,0.74,0.75,0.25,0.26,0.01,0.01,77050.87,1777330038000
1777330040.749,140.749,0.74,0.75,0.25,0.26,0.01,0.01,77050.87,1777330038000
1777330041.199,141.199,0.74,0.77,0.25,0.26,0.03,0.01,77050.87,1777330038000
1777330041.688,141.688,0.77,0.78,0.23,0.26,0.01,0.03,77051.06,1777330040000
1777330042.248,142.248,0.77,0.78,0.22,0.23,0.01,0.01,77051.06,1777330040000
1777330042.668,142.668,0.77,0.78,0.22,0.23,0.01,0.01,77051.06,1777330040000
1777330043.024,143.024,0.77,0.78,0.22,0.23,0.01,0.01,77050.92,1777330041000
1777330043.375,143.375,0.77,0.78,0.22,0.23,0.01,0.01,77050.92,1777330041000
1777330043.903,143.903,0.79,0.8,0.2,0.23,0.01,0.03,77050.75,1777330042000
1777330044.363,144.363,0.79,0.8,0.2,0.21,0.01,0.01,77050.75,1777330042000
1777330044.847,144.847,0.79,0.8,0.2,0.21,0.01,0.01,77050.88,1777330043000
1777330045.189,145.189,0.79,0.8,0.2,0.21,0.01,0.01,77050.88,1777330043000
1777330045.675,145.675,0.79,0.8,0.2,0.21,0.01,0.01,77051.0,1777330044000
1777330046.019,146.019,0.79,0.8,0.2,0.21,0.01,0.01,77051.0,1777330044000
1777330046.448,146.448,0.79,0.8,0.2,0.21,0.01,0.01,77051.0,1777330044000
1777330046.939,146.939,0.79,0.8,0.2,0.21,0.01,0.01,77051.0,1777330045000
1777330047.511,147.511,0.79,0.8,0.2,0.21,0.01,0.01,77051.38,1777330046000
1777330047.971,147.971,0.79,0.8,0.2,0.21,0.01,0.01,77051.38,1777330046000
1777330049.541,149.541,0.79,0.8,0.2,0.21,0.01,0.01,77051.07,1777330047000
1777330049.878,149.878,0.79,0.8,0.2,0.21,0.01,0.01,77051.31,1777330048000
1777330050.281,150.281,0.79,0.8,0.2,0.21,0.01,0.01,77051.31,1777330049000
1777330050.672,150.672,0.79,0.8,0.2,0.21,0.01,0.01,77051.31,1777330049000
1777330051.056,151.056,0.79,0.8,0.2,0.21,0.01,0.01,77051.31,1777330049000
1777330051.397,151.397,0.79,0.8,0.2,0.21,0.01,0.01,77051.31,1777330049000
1777330051.778,151.778,0.79,0.8,0.2,0.21,0.01,0.01,77051.03,1777330050000
1777330052.408,152.408,0.79,0.8,0.2,0.21,0.01,0.01,77051.31,1777330051000
1777330053.154,153.154,0.79,0.8,0.2,0.21,0.01,0.01,77051.31,1777330051000
1777330053.731,153.731,0.79,0.8,0.2,0.21,0.01,0.01,77051.39,1777330052000
1777330054.215,154.215,0.79,0.8,0.2,0.21,0.01,0.01,77051.39,1777330052000
1777330054.609,154.609,0.79,0.8,0.2,0.21,0.01,0.01,77051.4,1777330053000
1777330055.483,155.483,0.79,0.8,0.2,0.21,0.01,0.01,77051.4,1777330053000
1777330056.168,156.168,0.79,0.8,0.2,0.21,0.01,0.01,77051.4,1777330055000
1777330056.551,156.551,0.79,0.8,0.2,0.21,0.01,0.01,77051.4,1777330055000
1777330056.978,156.978,0.79,0.8,0.2,0.21,0.01,0.01,77051.4,1777330055000
1777330057.483,157.483,0.79,0.8,0.2,0.21,0.01,0.01,77051.4,1777330055000
1777330057.862,157.862,0.79,0.8,0.2,0.21,0.01,0.01,77051.27,1777330056000
1777330058.481,158.481,0.79,0.8,0.2,0.21,0.01,0.01,77053.2,1777330057000
1777330059.175,159.175,0.79,0.8,0.2,0.21,0.01,0.01,77053.73,1777330058000
1777330059.931,159.931,0.79,0.8,0.2,0.21,0.01,0.01,77053.73,1777330058000
1777330060.363,160.363,0.79,0.8,0.2,0.21,0.01,0.01,77054.21,1777330059000
1777330060.764,160.764,0.79,0.8,0.2,0.21,0.01,0.01,77054.21,1777330059000
1777330061.2,161.2,0.79,0.8,0.2,0.21,0.01,0.01,77053.87,1777330060000
1777330061.562,161.562,0.79,0.8,0.2,0.21,0.01,0.01,77053.87,1777330060000
1777330062.212,162.212,0.79,0.8,0.2,0.21,0.01,0.01,77054.36,1777330061000
1777330062.693,162.693,0.79,0.8,0.2,0.21,0.01,0.01,77054.36,1777330061000
1777330063.068,163.068,0.79,0.8,0.2,0.21,0.01,0.01,77054.36,1777330061000
1777330063.617,163.617,0.79,0.8,0.2,0.21,0.01,0.01,77055.67,1777330062000
1777330064.015,164.015,0.79,0.8,0.2,0.21,0.01,0.01,77055.67,1777330062000
1777330064.366,164.366,0.79,0.8,0.2,0.21,0.01,0.01,77055.21,1777330063000
1777330064.712,164.712,0.79,0.8,0.2,0.21,0.01,0.01,77055.21,1777330063000
1777330065.567,165.567,0.79,0.8,0.2,0.21,0.01,0.01,77054.42,1777330064000
1777330066.026,166.026,0.79,0.8,0.2,0.21,0.01,0.01,77054.42,1777330064000
1777330066.463,166.463,0.79,0.8,0.2,0.21,0.01,0.01,77054.19,1777330065000
1777330066.982,166.982,0.77,0.78,0.2,0.23,0.01,0.03,77054.19,1777330065000
1777330067.423,167.423,0.77,0.78,0.22,0.23,0.01,0.01,77054.06,1777330066000
1777330067.945,167.945,0.77,0.78,0.22,0.23,0.01,0.01,77054.06,1777330066000
1777330068.38,168.38,0.77,0.78,0.22,0.23,0.01,0.01,77054.15,1777330067000
1777330068.823,168.823,0.77,0.78,0.22,0.23,0.01,0.01,77054.15,1777330067000
1777330069.776,169.776,0.77,0.78,0.22,0.23,0.01,0.01,77054.16,1777330068000
1777330070.218,170.218,0.77,0.78,0.22,0.23,0.01,0.01,77054.17,1777330069000
1777330070.735,170.735,0.77,0.78,0.22,0.23,0.01,0.01,77054.17,1777330069000
1777330071.229,171.229,0.77,0.78,0.22,0.23,0.01,0.01,77054.17,1777330069000
1777330072.171,172.171,0.77,0.78,0.22,0.23,0.01,0.01,77054.24,1777330070000
1777330072.528,172.528,0.77,0.78,0.22,0.23,0.01,0.01,77054.45,1777330071000
1777330073.039,173.039,0.77,0.78,0.22,0.23,0.01,0.01,77054.45,1777330071000
1777330073.406,173.406,0.77,0.78,0.22,0.23,0.01,0.01,77054.45,1777330071000
1777330073.794,173.794,0.77,0.78,0.22,0.23,0.01,0.01,77054.37,1777330072000
1777330074.201,174.201,0.77,0.78,0.22,0.23,0.01,0.01,77054.37,1777330073000
1777330074.544,174.544,0.77,0.78,0.22,0.23,0.01,0.01,77054.37,1777330073000
1777330075.135,175.135,0.77,0.78,0.22,0.23,0.01,0.01,77054.19,1777330074000
1777330075.586,175.586,0.72,0.77,0.22,0.24,0.05,0.02,77054.19,1777330074000
1777330075.944,175.944,0.76,0.77,0.23,0.28,0.01,0.05,77054.19,1777330074000
1777330076.792,176.792,0.76,0.77,0.23,0.24,0.01,0.01,77053.9,1777330075000
1777330077.481,177.481,0.76,0.77,0.23,0.24,0.01,0.01,77053.9,1777330075000
1777330077.95,177.95,0.76,0.77,0.23,0.24,0.01,0.01,77054.32,1777330076000
1777330078.33,178.33,0.76,0.77,0.23,0.24,0.01,0.01,77054.35,1777330077000
1777330079.524,179.524,0.76,0.77,0.23,0.24,0.01,0.01,77054.35,1777330078000
1777330080.23,180.23,0.76,0.77,0.23,0.24,0.01,0.01,77054.35,1777330078000
1777330080.579,180.579,0.75,0.76,0.24,0.25,0.01,0.01,77054.34,1777330079000
1777330081.073,181.073,0.75,0.76,0.24,0.25,0.01,0.01,77054.34,1777330079000
1777330081.419,181.419,0.75,0.77,0.24,0.25,0.02,0.01,77054.34,1777330079000
1777330081.807,181.807,0.76,0.77,0.23,0.24,0.01,0.01,77054.32,1777330080000
1777330082.184,182.184,0.79,0.8,0.2,0.21,0.01,0.01,77054.32,1777330080000
1777330082.566,182.566,0.79,0.8,0.2,0.21,0.01,0.01,77054.28,1777330081000
1777330083.146,183.146,0.79,0.8,0.2,0.21,0.01,0.01,77054.28,1777330081000
1777330083.598,183.598,0.79,0.81,0.2,0.21,0.02,0.01,77054.28,1777330082000
1777330084.591,184.591,0.8,0.81,0.19,0.2,0.01,0.01,77054.28,1777330082000
1777330084.97,184.97,0.8,0.82,0.19,0.2,0.02,0.01,77054.45,1777330083000
1777330085.335,185.335,0.79,0.8,0.18,0.2,0.01,0.02,77054.45,1777330083000
1777330085.726,185.726,0.75,0.81,0.19,0.2,0.06,0.01,77054.51,1777330084000
1777330086.353,186.353,0.75,0.81,0.19,0.25,0.06,0.06,77054.54,1777330085000
1777330086.722,186.722,0.79,0.8,0.19,0.2,0.01,0.01,77054.54,1777330085000
1777330087.065,187.065,0.79,0.8,0.2,0.21,0.01,0.01,77054.54,1777330085000
1777330087.998,187.998,0.75,0.8,0.2,0.21,0.05,0.01,77054.51,1777330086000
1777330088.363,188.363,0.75,0.78,0.22,0.25,0.03,0.03,77054.51,1777330087000
1777330088.84,188.84,0.72,0.73,0.27,0.28,0.01,0.01,77054.51,1777330087000
1777330089.256,189.256,0.72,0.73,0.27,0.28,0.01,0.01,77054.51,1777330087000
1777330089.7,189.7,0.71,0.72,0.28,0.29,0.01,0.01,77054.45,1777330088000
1777330090.411,190.411,0.71,0.72,0.28,0.29,0.01,0.01,77054.45,1777330088000
1777330091.03,191.03,0.71,0.72,0.28,0.29,0.01,0.01,77052.25,1777330089000
1777330091.496,191.496,0.71,0.72,0.28,0.29,0.01,0.01,77051.45,1777330090000
1777330091.882,191.882,0.71,0.72,0.28,0.29,0.01,0.01,77051.45,1777330090000
1777330092.279,192.279,0.71,0.72,0.28,0.29,0.01,0.01,77051.45,1777330090000
1777330092.613,192.613,0.71,0.72,0.28,0.29,0.01,0.01,77051.45,1777330090000
1777330093.087,193.087,0.71,0.72,0.28,0.29,0.01,0.01,77051.05,1777330091000
1777330093.651,193.651,0.71,0.72,0.28,0.29,0.01,0.01,77051.05,1777330091000
1777330094.297,194.297,0.71,0.72,0.28,0.29,0.01,0.01,77051.4,1777330092000
1777330094.754,194.754,0.7,0.71,0.29,0.3,0.01,0.01,77050.78,1777330093000
1777330095.269,195.269,0.7,0.71,0.29,0.3,0.01,0.01,77050.78,1777330093000
1777330095.614,195.614,0.7,0.71,0.29,0.3,0.01,0.01,77051.27,1777330094000
1777330095.981,195.981,0.7,0.71,0.29,0.3,0.01,0.01,77050.35,1777330095000
1777330096.327,196.327,0.7,0.71,0.29,0.3,0.01,0.01,77050.35,1777330095000
1777330096.925,196.925,0.7,0.72,0.29,0.3,0.02,0.01,77050.35,1777330095000
1777330097.489,197.489,0.71,0.72,0.28,0.29,0.01,0.01,77049.76,1777330096000
1777330098.092,198.092,0.72,0.73,0.27,0.28,0.01,0.01,77049.82,1777330097000
1777330098.504,198.504,0.73,0.74,0.27,0.28,0.01,0.01,77049.82,1777330097000
1777330099.268,199.268,0.73,0.74,0.26,0.27,0.01,0.01,77049.94,1777330098000
1777330099.848,199.848,0.74,0.75,0.26,0.27,0.01,0.01,77049.94,1777330098000
1777330100.42,200.42,0.75,0.76,0.25,0.26,0.01,0.01,77049.94,1777330098000
1777330101.002,201.002,0.75,0.76,0.24,0.25,0.01,0.01,77049.82,1777330100000
1777330101.564,201.564,0.75,0.76,0.24,0.25,0.01,0.01,77049.82,1777330100000
1777330102.013,202.013,0.75,0.76,0.24,0.25,0.01,0.01,77049.82,1777330100000
1777330102.476,202.476,0.75,0.76,0.24,0.25,0.01,0.01,77049.74,1777330101000
1777330102.844,202.844,0.76,0.77,0.23,0.25,0.01,0.02,77049.74,1777330101000
1777330103.207,203.207,0.79,0.83,0.17,0.21,0.04,0.04,77049.89,1777330102000
1777330103.587,203.587,0.81,0.82,0.18,0.19,0.01,0.01,77049.89,1777330102000
1777330104.359,204.359,0.81,0.82,0.18,0.19,0.01,0.01,77050.2,1777330103000
1777330105.127,205.127,0.81,0.82,0.18,0.19,0.01,0.01,77052.11,1777330104000
1777330105.472,205.472,0.81,0.83,0.18,0.19,0.02,0.01,77052.11,1777330104000
1777330105.808,205.808,0.83,0.84,0.16,0.18,0.01,0.02,77052.11,1777330104000
1777330106.149,206.149,0.83,0.85,0.15,0.17,0.02,0.02,77052.11,1777330104000
1777330106.492,206.492,0.84,0.85,0.15,0.16,0.01,0.01,77052.28,1777330105000
1777330106.976,206.976,0.84,0.85,0.15,0.16,0.01,0.01,77052.28,1777330105000
1777330107.92,207.92,0.84,0.85,0.15,0.16,0.01,0.01,77053.21,1777330106000
1777330108.335,208.335,0.84,0.85,0.15,0.16,0.01,0.01,77054.7,1777330107000
1777330108.676,208.676,0.84,0.85,0.15,0.16,0.01,0.01,77054.7,1777330107000
1777330109.152,209.152,0.84,0.85,0.15,0.16,0.01,0.01,77054.31,1777330108000
1777330109.795,209.795,0.84,0.85,0.15,0.16,0.01,0.01,77054.31,1777330108000
1777330110.457,210.457,0.84,0.85,0.15,0.16,0.01,0.01,77054.95,1777330109000
1777330110.804,210.804,0.84,0.85,0.15,0.16,0.01,0.01,77054.95,1777330109000
1777330111.211,211.211,0.84,0.85,0.15,0.16,0.01,0.01,77054.64,1777330110000
1777330111.838,211.838,0.84,0.85,0.15,0.16,0.01,0.01,77054.64,1777330110000
1777330112.309,212.309,0.82,0.83,0.15,0.16,0.01,0.01,77054.52,1777330111000
1777330112.648,212.648,0.82,0.83,0.17,0.18,0.01,0.01,77054.52,1777330111000
1777330113.007,213.007,0.77,0.78,0.17,0.23,0.01,0.06,77054.15,1777330112000
1777330113.857,213.857,0.76,0.78,0.23,0.24,0.02,0.01,77054.15,1777330112000
1777330114.382,214.382,0.8,0.84,0.16,0.2,0.04,0.04,77050.89,1777330113000
1777330115.31,215.31,0.83,0.84,0.16,0.17,0.01,0.01,77048.25,1777330114000
1777330115.809,215.809,0.83,0.84,0.16,0.17,0.01,0.01,77048.25,1777330114000
1777330116.294,216.294,0.83,0.85,0.15,0.17,0.02,0.02,77050.35,1777330115000
1777330116.647,216.647,0.84,0.85,0.15,0.16,0.01,0.01,77050.35,1777330115000
1777330117.167,217.167,0.84,0.85,0.15,0.16,0.01,0.01,77050.36,1777330116000
1777330118.159,218.159,0.84,0.85,0.15,0.16,0.01,0.01,77050.36,1777330116000
1777330118.621,218.621,0.84,0.85,0.15,0.16,0.01,0.01,77050.69,1777330117000
1777330119.005,219.005,0.84,0.85,0.15,0.16,0.01,0.01,77051.66,1777330118000
1777330119.696,219.696,0.84,0.85,0.15,0.16,0.01,0.01,77051.66,1777330118000
1777330120.144,220.144,0.79,0.8,0.15,0.22,0.01,0.07,77051.66,1777330118000
1777330120.548,220.548,0.78,0.79,0.21,0.22,0.01,0.01,77052.05,1777330119000
1777330120.973,220.973,0.77,0.78,0.21,0.23,0.01,0.02,77052.05,1777330119000
1777330121.418,221.418,0.75,0.76,0.22,0.24,0.01,0.02,77052.19,1777330120000
1777330122.016,222.016,0.75,0.76,0.24,0.25,0.01,0.01,77051.16,1777330121000
1777330122.45,222.45,0.77,0.78,0.22,0.23,0.01,0.01,77051.16,1777330121000
1777330122.788,222.788,0.78,0.79,0.21,0.22,0.01,0.01,77051.16,1777330121000
1777330123.214,223.214,0.78,0.79,0.21,0.22,0.01,0.01,77049.57,1777330122000
1777330123.554,223.554,0.78,0.79,0.21,0.22,0.01,0.01,77049.57,1777330122000
1777330124.082,224.082,0.79,0.8,0.2,0.21,0.01,0.01,77049.57,1777330122000
1777330124.425,224.425,0.79,0.8,0.2,0.21,0.01,0.01,77050.16,1777330123000
1777330124.866,224.866,0.79,0.8,0.2,0.21,0.01,0.01,77050.16,1777330123000
1777330125.347,225.347,0.79,0.8,0.2,0.21,0.01,0.01,77050.05,1777330124000
1777330125.717,225.717,0.79,0.8,0.2,0.21,0.01,0.01,77050.05,1777330124000
1777330126.098,226.098,0.79,0.8,0.2,0.21,0.01,0.01,77050.05,1777330124000
1777330126.694,226.694,0.79,0.8,0.2,0.21,0.01,0.01,77050.18,1777330125000
1777330127.125,227.125,0.79,0.8,0.2,0.21,0.01,0.01,77050.18,1777330125000
1777330127.658,227.658,0.78,0.79,0.2,0.21,0.01,0.01,77050.1,1777330126000
1777330128.058,228.058,0.78,0.79,0.21,0.22,0.01,0.01,77050.1,1777330126000
1777330128.577,228.577,0.78,0.79,0.21,0.22,0.01,0.01,77050.13,1777330127000
1777330129.223,229.223,0.78,0.79,0.21,0.22,0.01,0.01,77050.13,1777330127000
1777330129.912,229.912,0.78,0.79,0.21,0.22,0.01,0.01,77049.55,1777330128000
1777330131.092,231.092,0.78,0.79,0.21,0.22,0.01,0.01,77049.38,1777330130000
1777330131.459,231.459,0.78,0.81,0.21,0.22,0.03,0.01,77049.38,1777330130000
1777330132.124,232.124,0.8,0.81,0.19,0.2,0.01,0.01,77050.09,1777330131000
1777330132.579,232.579,0.8,0.81,0.19,0.2,0.01,0.01,77050.09,1777330131000
1777330133.13,233.13,0.8,0.82,0.18,0.2,0.02,0.02,77050.09,1777330132000
1777330133.573,233.573,0.81,0.82,0.18,0.2,0.01,0.02,77050.09,1777330132000
1777330134.062,234.062,0.81,0.82,0.18,0.19,0.01,0.01,77050.09,1777330132000
1777330134.659,234.659,0.81,0.83,0.18,0.19,0.02,0.01,77050.3,1777330133000
1777330135.147,235.147,0.81,0.83,0.17,0.19,0.02,0.02,77050.46,1777330134000
1777330135.8,235.8,0.82,0.83,0.17,0.18,0.01,0.01,77050.46,1777330134000
1777330136.225,236.225,0.82,0.83,0.17,0.18,0.01,0.01,77049.66,1777330135000
1777330137.286,237.286,0.85,0.86,0.17,0.18,0.01,0.01,77049.66,1777330135000
1777330137.815,237.815,0.86,0.87,0.13,0.15,0.01,0.02,77050.44,1777330136000
1777330138.191,238.191,0.86,0.88,0.13,0.14,0.02,0.01,77050.44,1777330136000
1777330138.532,238.532,0.87,0.89,0.12,0.13,0.02,0.01,77050.55,1777330137000
1777330139.087,239.087,0.88,0.89,0.11,0.12,0.01,0.01,77050.55,1777330137000
1777330139.421,239.421,0.87,0.88,0.12,0.13,0.01,0.01,77052.35,1777330138000
1777330140.248,240.248,0.89,0.9,0.1,0.11,0.01,0.01,77053.47,1777330139000
1777330140.584,240.584,0.89,0.9,0.1,0.11,0.01,0.01,77053.47,1777330139000
1777330140.931,240.931,0.9,0.91,0.09,0.11,0.01,0.02,77053.47,1777330139000
1777330141.34,241.34,0.91,0.92,0.08,0.09,0.01,0.01,77053.47,1777330139000
1777330141.764,241.764,0.91,0.92,0.08,0.09,0.01,0.01,77053.54,1777330140000
1777330142.184,242.184,0.91,0.92,0.08,0.09,0.01,0.01,77053.54,1777330140000
1777330142.523,242.523,0.91,0.92,0.08,0.09,0.01,0.01,77053.5,1777330141000
1777330142.862,242.862,0.91,0.92,0.08,0.09,0.01,0.01,77053.5,1777330141000
1777330143.238,243.238,0.91,0.93,0.07,0.09,0.02,0.02,77053.7,1777330142000
1777330143.59,243.59,0.92,0.93,0.07,0.08,0.01,0.01,77053.7,1777330142000
1777330143.95,243.95,0.92,0.93,0.06,0.08,0.01,0.02,77053.7,1777330142000
1777330144.287,244.287,0.92,0.93,0.07,0.08,0.01,0.01,77053.5,1777330143000
1777330144.652,244.652,0.92,0.94,0.07,0.08,0.02,0.01,77053.5,1777330143000
1777330145.004,245.004,0.93,0.94,0.06,0.07,0.01,0.01,77053.5,1777330143000
1777330145.349,245.349,0.93,0.94,0.06,0.07,0.01,0.01,77053.5,1777330144000
1777330145.762,245.762,0.93,0.94,0.06,0.07,0.01,0.01,77053.5,1777330144000
1777330146.156,246.156,0.94,0.95,0.05,0.07,0.01,0.02,77053.5,1777330144000
1777330146.713,246.713,0.94,0.95,0.05,0.06,0.01,0.01,77054.07,1777330145000
1777330147.072,247.072,0.93,0.94,0.06,0.08,0.01,0.02,77054.07,1777330145000
1777330147.468,247.468,0.92,0.93,0.07,0.08,0.01,0.01,77053.54,1777330146000
1777330148.298,248.298,0.93,0.94,0.06,0.08,0.01,0.02,77053.54,1777330146000
1777330148.656,248.656,0.93,0.94,0.06,0.07,0.01,0.01,77053.54,1777330147000
1777330149.094,249.094,0.93,0.94,0.06,0.07,0.01,0.01,77053.54,1777330148000
1777330149.464,249.464,0.93,0.94,0.06,0.07,0.01,0.01,77053.54,1777330148000
1777330149.827,249.827,0.94,0.95,0.05,0.07,0.01,0.02,77053.54,1777330148000
1777330150.251,250.251,0.94,0.95,0.05,0.06,0.01,0.01,77053.99,1777330149000
1777330150.693,250.693,0.92,0.93,0.07,0.08,0.01,0.01,77053.99,1777330149000
1777330151.107,251.107,0.92,0.93,0.07,0.08,0.01,0.01,77053.64,1777330150000
1777330151.479,251.479,0.92,0.93,0.07,0.08,0.01,0.01,77053.64,1777330150000
1777330152.002,252.002,0.92,0.93,0.07,0.08,0.01,0.01,77053.64,1777330150000
1777330152.477,252.477,0.93,0.94,0.06,0.07,0.01,0.01,77053.62,1777330151000
1777330152.818,252.818,0.91,0.94,0.06,0.07,0.03,0.01,77053.62,1777330151000
1777330153.198,253.198,0.92,0.93,0.07,0.08,0.01,0.01,77052.46,1777330152000
1777330153.642,253.642,0.91,0.92,0.08,0.09,0.01,0.01,77052.46,1777330152000
1777330154.029,254.029,0.91,0.92,0.08,0.09,0.01,0.01,77053.86,1777330153000
1777330154.504,254.504,0.92,0.93,0.07,0.09,0.01,0.02,77053.86,1777330153000
1777330154.937,254.937,0.92,0.93,0.07,0.08,0.01,0.01,77053.86,1777330153000
1777330155.315,255.315,0.92,0.93,0.06,0.08,0.01,0.02,77053.42,1777330154000
1777330155.784,255.784,0.92,0.93,0.07,0.08,0.01,0.01,77053.42,1777330154000
1777330156.381,256.381,0.92,0.93,0.07,0.08,0.01,0.01,77054.16,1777330155000
1777330157.001,257.001,0.94,0.95,0.04,0.08,0.01,0.04,77054.16,1777330155000
1777330157.568,257.568,0.95,0.96,0.04,0.05,0.01,0.01,77053.41,1777330156000
1777330157.923,257.923,0.95,0.96,0.04,0.05,0.01,0.01,77053.41,1777330156000
1777330158.407,258.407,0.95,0.96,0.04,0.05,0.01,0.01,77053.41,1777330157000
1777330158.792,258.792,0.95,0.96,0.04,0.05,0.01,0.01,77053.41,1777330157000
1777330160.02,260.02,0.95,0.96,0.04,0.05,0.01,0.01,77053.54,1777330158000
1777330160.377,260.377,0.95,0.96,0.04,0.05,0.01,0.01,77053.54,1777330158000
1777330161.049,261.049,0.95,0.96,0.04,0.05,0.01,0.01,77052.51,1777330159000
1777330161.526,261.526,0.95,0.96,0.04,0.05,0.01,0.01,77052.51,1777330160000
1777330161.922,261.922,0.95,0.96,0.04,0.05,0.01,0.01,77052.51,1777330160000
1777330162.257,262.257,0.95,0.96,0.04,0.05,0.01,0.01,77052.53,1777330161000
1777330162.618,262.618,0.93,0.95,0.05,0.06,0.02,0.01,77052.53,1777330161000
1777330162.963,262.963,0.93,0.94,0.06,0.07,0.01,0.01,77052.53,1777330161000
1777330163.313,263.313,0.93,0.94,0.06,0.07,0.01,0.01,77052.53,1777330161000
1777330163.74,263.74,0.92,0.93,0.07,0.08,0.01,0.01,77051.56,1777330162000
1777330164.085,264.085,0.92,0.93,0.07,0.08,0.01,0.01,77051.56,1777330162000
1777330164.523,264.523,0.92,0.93,0.07,0.08,0.01,0.01,77051.31,1777330163000
1777330165.071,265.071,0.92,0.93,0.07,0.08,0.01,0.01,77051.31,1777330163000
1777330165.491,265.491,0.93,0.94,0.07,0.08,0.01,0.01,77047.33,1777330164000
1777330166.398,266.398,0.93,0.94,0.06,0.07,0.01,0.01,77046.95,1777330165000
1777330166.87,266.87,0.93,0.94,0.06,0.07,0.01,0.01,77046.95,1777330165000
1777330167.291,267.291,0.95,0.96,0.03,0.06,0.01,0.03,77046.95,1777330165000
1777330167.752,267.752,0.95,0.96,0.04,0.05,0.01,0.01,77046.65,1777330166000
1777330168.156,268.156,0.95,0.96,0.04,0.05,0.01,0.01,77046.02,1777330167000
1777330169.079,269.079,0.95,0.96,0.04,0.05,0.01,0.01,77046.02,1777330167000
1777330169.64,269.64,0.95,0.97,0.04,0.05,0.02,0.01,77046.94,1777330168000
1777330170.384,270.384,0.96,0.97,0.03,0.05,0.01,0.02,77046.94,1777330168000
1777330170.82,270.82,0.95,0.96,0.04,0.05,0.01,0.01,77046.95,1777330169000
1777330171.257,271.257,0.95,0.96,0.04,0.05,0.01,0.01,77046.95,1777330170000
1777330171.812,271.812,0.96,0.97,0.03,0.04,0.01,0.01,77046.95,1777330170000
1777330172.197,272.197,0.96,0.97,0.03,0.04,0.01,0.01,77046.79,1777330171000
1777330172.597,272.597,0.96,0.97,0.03,0.04,0.01,0.01,77046.79,1777330171000
1777330172.948,272.948,0.96,0.97,0.03,0.04,0.01,0.01,77046.79,1777330171000
1777330173.316,273.316,0.96,0.97,0.03,0.04,0.01,0.01,77046.79,1777330171000
1777330173.68,273.68,0.96,0.97,0.03,0.04,0.01,0.01,77046.93,1777330172000
1777330174.054,274.054,0.96,0.97,0.03,0.04,0.01,0.01,77046.93,1777330172000
1777330174.387,274.387,0.96,0.97,0.03,0.04,0.01,0.01,77046.93,1777330172000
1777330174.809,274.809,0.96,0.97,0.03,0.04,0.01,0.01,77046.81,1777330173000
1777330175.164,275.164,0.96,0.97,0.03,0.04,0.01,0.01,77046.81,1777330173000
1777330175.523,275.523,0.95,0.96,0.04,0.05,0.01,0.01,77046.81,1777330173000
1777330176.009,276.009,0.95,0.96,0.04,0.05,0.01,0.01,77052.34,1777330174000
1777330176.404,276.404,0.95,0.96,0.04,0.05,0.01,0.01,77052.34,1777330174000
1777330176.757,276.757,0.95,0.96,0.04,0.05,0.01,0.01,77055.51,1777330175000
1777330177.093,277.093,0.95,0.97,0.03,0.05,0.02,0.02,77056.24,1777330176000
1777330177.46,277.46,0.95,0.97,0.04,0.05,0.02,0.01,77056.24,1777330176000
1777330177.836,277.836,0.97,0.98,0.02,0.04,0.01,0.02,77056.24,1777330176000
1777330178.206,278.206,0.98,0.99,0.01,0.03,0.01,0.02,77057.27,1777330177000
1777330178.54,278.54,0.97,0.98,0.01,0.03,0.01,0.02,77057.27,1777330177000
1777330178.953,278.953,0.98,0.99,0.01,0.03,0.01,0.02,77057.27,1777330177000
1777330179.349,279.349,0.98,0.99,0.01,0.02,0.01,0.01,77057.27,1777330177000
1777330179.803,279.803,0.98,0.99,0.01,0.02,0.01,0.01,77057.71,1777330178000
1777330180.185,280.185,0.97,0.99,0.02,0.03,0.02,0.01,77057.71,1777330178000
1777330180.539,280.539,0.97,0.98,0.02,0.03,0.01,0.01,77057.71,1777330178000
1777330180.885,280.885,0.98,0.99,0.01,0.02,0.01,0.01,77057.15,1777330179000
1777330181.261,281.261,0.98,0.99,0.01,0.02,0.01,0.01,77057.15,1777330180000
1777330181.679,281.679,0.98,0.99,0.01,0.02,0.01,0.01,77057.15,1777330180000
1777330182.015,282.015,0.98,0.99,0.01,0.02,0.01,0.01,77057.15,1777330180000
1777330182.479,282.479,0.98,0.99,0.01,0.02,0.01,0.01,77057.31,1777330181000
1777330182.844,282.844,0.98,0.99,0.01,0.02,0.01,0.01,77057.31,1777330181000
1777330183.234,283.234,0.98,0.99,0.01,0.02,0.01,0.01,77057.31,1777330181000
1777330183.625,283.625,0.98,0.99,0.01,0.02,0.01,0.01,77057.74,1777330182000
1777330184.003,284.003,0.99,0.99,0.01,0.01,0.0,0.0,77057.9,1777330183000
1777330184.43,284.43,0.99,0.99,0.01,0.01,0.0,0.0,77057.9,1777330183000
1777330184.833,284.833,0.99,0.99,0.01,0.01,0.0,0.0,77057.9,1777330183000
1777330185.182,285.182,0.99,0.99,0.01,0.01,0.0,0.0,77057.67,1777330184000
1777330185.532,285.532,0.99,0.99,0.01,0.01,0.0,0.0,77057.67,1777330184000
1777330186.026,286.026,0.99,0.99,0.01,0.01,0.0,0.0,77057.67,1777330184000
1777330186.393,286.393,0.99,0.99,0.01,0.01,0.0,0.0,77057.67,1777330185000
1777330186.783,286.783,0.99,0.99,0.01,0.01,0.0,0.0,77057.67,1777330185000
1777330187.246,287.246,0.99,0.99,0.01,0.01,0.0,0.0,77057.67,1777330185000
1777330187.608,287.608,0.99,0.99,0.01,0.01,0.0,0.0,77057.67,1777330186000
1777330188.03,288.03,0.99,0.99,0.01,0.01,0.0,0.0,77057.67,1777330186000
1777330188.974,288.974,0.99,0.99,0.01,0.01,0.0,0.0,77057.68,1777330187000
1777330189.942,289.942,0.99,0.99,0.01,0.01,0.0,0.0,77057.68,1777330188000
1777330190.485,290.485,0.87,0.99,0.01,0.01,0.12,0.0,77057.68,1777330188000
1777330190.84,290.84,0.68,0.99,0.01,0.1,0.31,0.09,77058.35,1777330189000
1777330191.175,291.175,0.98,0.99,0.01,0.05,0.01,0.04,77058.35,1777330189000
1777330191.538,291.538,0.99,0.99,0.01,0.02,0.0,0.01,77058.35,1777330190000
1777330191.911,291.911,0.12,0.98,0.02,0.03,0.86,0.01,77058.35,1777330190000
1777330192.258,292.258,0.11,0.98,0.02,0.89,0.87,0.87,77058.35,1777330190000
1777330192.615,292.615,0.15,0.98,0.02,0.85,0.83,0.83,77059.26,1777330191000
1777330192.951,292.951,0.86,0.98,0.02,0.14,0.12,0.12,77059.26,1777330191000
1777330193.284,293.284,0.97,0.98,0.02,0.03,0.01,0.01,77061.82,1777330192000
1777330193.621,293.621,0.01,0.99,0.01,0.02,0.98,0.01,77061.82,1777330192000
1777330193.97,293.97,0.98,0.99,0.01,0.02,0.01,0.01,77061.82,1777330192000
1777330194.321,294.321,0.99,0.99,0.01,0.01,0.0,0.0,77063.1,1777330193000
1777330194.957,294.957,0.99,0.99,0.01,0.01,0.0,0.0,77063.1,1777330193000
1777330195.358,295.358,0.99,0.99,0.01,0.01,0.0,0.0,77063.08,1777330194000
1777330196.423,296.423,0.99,0.99,0.01,0.01,0.0,0.0,77064.89,1777330195000
1777330197.005,297.005,0.99,0.99,0.01,0.01,0.0,0.0,77065.24,1777330196000
1777330198.082,298.082,0.99,0.99,0.01,0.01,0.0,0.0,77065.58,1777330197000
1777330198.448,298.448,0.99,0.99,0.01,0.01,0.0,0.0,77065.58,1777330197000
1777330198.934,298.934,0.99,0.99,0.01,0.01,0.0,0.0,77065.58,1777330197000
1777330199.575,299.575,0.99,0.99,0.01,0.01,0.0,0.0,77065.37,1777330198000
1777330200.195,300.195,0.99,0.99,0.01,0.01,0.0,0.0,77065.37,1777330198000
1777330200.701,300.701,0.99,0.99,0.01,0.01,0.0,0.0,77065.13,1777330199000
1777330201.434,301.434,0.99,0.99,0.01,0.01,0.0,0.0,77064.62,1777330200000
1777330201.922,301.922,0.99,0.99,0.01,0.01,0.0,0.0,77064.62,1777330201000

# RESULT,winner=Up,slug=btc-updown-5m-1777329900,ticks=647
