timestamp,elapsed_sec,up_bid,up_ask,down_bid,down_ask,up_spread,down_spread,btc_price,btc_oracle_ts
1777108200.512,0.512,0.46,0.47,0.53,0.54,0.01,0.01,77643.33,1777108198000
1777108201.096,1.096,0.46,0.47,0.53,0.55,0.01,0.02,77643.34,1777108199000
1777108201.528,1.528,0.46,0.47,0.53,0.54,0.01,0.01,77643.34,1777108199000
1777108201.895,1.895,0.46,0.47,0.53,0.54,0.01,0.01,77643.37,1777108200000
1777108202.57,2.57,0.46,0.47,0.53,0.54,0.01,0.01,77643.37,1777108200000
1777108203.011,3.011,0.46,0.47,0.53,0.54,0.01,0.01,77643.34,1777108201000
1777108203.522,3.522,0.46,0.47,0.53,0.54,0.01,0.01,77643.35,1777108202000
1777108203.885,3.885,0.46,0.47,0.53,0.54,0.01,0.01,77643.35,1777108202000
1777108204.374,4.374,0.46,0.47,0.53,0.54,0.01,0.01,77643.35,1777108203000
1777108205.041,5.041,0.46,0.47,0.53,0.54,0.01,0.01,77643.35,1777108203000
1777108205.767,5.767,0.46,0.47,0.53,0.54,0.01,0.01,77643.35,1777108204000
1777108206.215,6.215,0.46,0.48,0.52,0.54,0.02,0.02,77643.32,1777108205000
1777108206.977,6.977,0.47,0.48,0.52,0.53,0.01,0.01,77643.32,1777108205000
1777108207.321,7.321,0.48,0.49,0.51,0.53,0.01,0.02,77643.33,1777108206000
1777108207.755,7.755,0.48,0.49,0.51,0.52,0.01,0.01,77643.33,1777108206000
1777108208.275,8.275,0.48,0.49,0.51,0.52,0.01,0.01,77643.33,1777108206000
1777108208.707,8.707,0.48,0.49,0.51,0.52,0.01,0.01,77643.34,1777108207000
1777108209.069,9.069,0.48,0.49,0.51,0.52,0.01,0.01,77643.34,1777108208000
1777108210.337,10.337,0.48,0.49,0.51,0.52,0.01,0.01,77643.42,1777108209000
1777108211.002,11.002,0.48,0.49,0.51,0.52,0.01,0.01,77643.42,1777108209000
1777108212.338,12.338,0.49,0.5,0.5,0.52,0.01,0.02,77643.37,1777108210000
1777108212.865,12.865,0.49,0.5,0.5,0.51,0.01,0.01,77643.35,1777108211000
1777108213.263,13.263,0.49,0.5,0.5,0.51,0.01,0.01,77643.35,1777108212000
1777108213.681,13.681,0.49,0.5,0.5,0.51,0.01,0.01,77643.35,1777108212000
1777108214.098,14.098,0.49,0.5,0.5,0.51,0.01,0.01,77643.35,1777108212000
1777108214.543,14.543,0.48,0.5,0.5,0.51,0.02,0.01,77643.39,1777108213000
1777108214.969,14.969,0.48,0.49,0.5,0.52,0.01,0.02,77643.39,1777108213000
1777108215.549,15.549,0.48,0.49,0.51,0.52,0.01,0.01,77643.54,1777108214000
1777108216.295,16.295,0.48,0.49,0.51,0.52,0.01,0.01,77643.54,1777108215000
1777108217.24,17.24,0.48,0.49,0.51,0.52,0.01,0.01,77643.54,1777108215000
1777108217.718,17.718,0.48,0.49,0.51,0.52,0.01,0.01,77643.55,1777108216000
1777108218.468,18.468,0.48,0.49,0.51,0.52,0.01,0.01,77643.55,1777108217000
1777108219.078,19.078,0.48,0.49,0.51,0.52,0.01,0.01,77643.55,1777108218000
1777108219.807,19.807,0.48,0.49,0.51,0.52,0.01,0.01,77643.55,1777108218000
1777108220.208,20.208,0.48,0.49,0.51,0.52,0.01,0.01,77643.53,1777108219000
1777108220.635,20.635,0.48,0.49,0.51,0.52,0.01,0.01,77643.53,1777108219000
1777108221.111,21.111,0.48,0.49,0.51,0.52,0.01,0.01,77643.53,1777108220000
1777108222.276,22.276,0.48,0.49,0.51,0.52,0.01,0.01,77643.53,1777108221000
1777108222.631,22.631,0.48,0.5,0.51,0.52,0.02,0.01,77643.53,1777108221000
1777108223.017,23.017,0.49,0.5,0.5,0.52,0.01,0.02,77643.53,1777108221000
1777108223.653,23.653,0.49,0.5,0.5,0.51,0.01,0.01,77643.53,1777108222000
1777108224.004,24.004,0.49,0.5,0.5,0.51,0.01,0.01,77643.53,1777108222000
1777108224.614,24.614,0.49,0.5,0.5,0.51,0.01,0.01,77643.53,1777108223000
1777108225.329,25.329,0.49,0.5,0.5,0.51,0.01,0.01,77643.53,1777108224000
1777108225.968,25.968,0.49,0.5,0.5,0.51,0.01,0.01,77643.53,1777108224000
1777108226.355,26.355,0.49,0.5,0.5,0.51,0.01,0.01,77643.54,1777108225000
1777108227.065,27.065,0.49,0.5,0.5,0.51,0.01,0.01,77643.54,1777108226000
1777108227.975,27.975,0.49,0.5,0.5,0.51,0.01,0.01,77643.54,1777108226000
1777108228.59,28.59,0.4,0.45,0.55,0.6,0.05,0.05,77643.52,1777108227000
1777108228.944,28.944,0.4,0.41,0.59,0.6,0.01,0.01,77643.52,1777108227000
1777108229.28,29.28,0.36,0.37,0.63,0.64,0.01,0.01,77642.35,1777108228000
1777108229.739,29.739,0.36,0.37,0.63,0.64,0.01,0.01,77642.35,1777108228000
1777108230.255,30.255,0.36,0.37,0.63,0.64,0.01,0.01,77640.54,1777108229000
1777108230.589,30.589,0.36,0.37,0.63,0.64,0.01,0.01,77640.54,1777108229000
1777108231.108,31.108,0.36,0.37,0.63,0.64,0.01,0.01,77640.46,1777108230000
1777108231.756,31.756,0.36,0.37,0.63,0.64,0.01,0.01,77640.46,1777108230000
1777108232.589,32.589,0.36,0.37,0.63,0.64,0.01,0.01,77640.46,1777108231000
1777108232.985,32.985,0.36,0.37,0.63,0.64,0.01,0.01,77640.46,1777108231000
1777108233.49,33.49,0.36,0.37,0.63,0.64,0.01,0.01,77640.48,1777108232000
1777108233.861,33.861,0.36,0.37,0.63,0.64,0.01,0.01,77640.48,1777108232000
1777108234.237,34.237,0.36,0.39,0.61,0.64,0.03,0.03,77640.96,1777108233000
1777108234.588,34.588,0.36,0.37,0.63,0.64,0.01,0.01,77640.96,1777108233000
1777108234.945,34.945,0.36,0.39,0.63,0.64,0.03,0.01,77640.96,1777108233000
1777108235.3,35.3,0.37,0.39,0.61,0.63,0.02,0.02,77641.38,1777108234000
1777108235.635,35.635,0.38,0.39,0.61,0.62,0.01,0.01,77641.38,1777108234000
1777108236.058,36.058,0.39,0.41,0.59,0.61,0.02,0.02,77641.38,1777108234000
1777108236.636,36.636,0.4,0.41,0.59,0.61,0.01,0.02,77641.38,1777108235000
1777108237.19,37.19,0.4,0.41,0.59,0.6,0.01,0.01,77641.46,1777108236000
1777108237.554,37.554,0.4,0.41,0.59,0.6,0.01,0.01,77641.46,1777108236000
1777108238.158,38.158,0.4,0.43,0.59,0.6,0.03,0.01,77641.46,1777108236000
1777108239.21,39.21,0.4,0.43,0.58,0.6,0.03,0.02,77641.26,1777108238000
1777108240.253,40.253,0.41,0.42,0.58,0.59,0.01,0.01,77641.26,1777108238000
1777108240.695,40.695,0.41,0.42,0.58,0.59,0.01,0.01,77641.26,1777108239000
1777108241.343,41.343,0.41,0.42,0.58,0.59,0.01,0.01,77641.26,1777108239000
1777108241.708,41.708,0.41,0.43,0.58,0.59,0.02,0.01,77640.77,1777108240000
1777108242.074,42.074,0.41,0.42,0.57,0.59,0.01,0.02,77641.4,1777108241000
1777108242.415,42.415,0.41,0.44,0.58,0.59,0.03,0.01,77641.4,1777108241000
1777108242.816,42.816,0.41,0.44,0.56,0.59,0.03,0.03,77641.4,1777108241000
1777108243.214,43.214,0.43,0.44,0.56,0.59,0.01,0.03,77641.41,1777108242000
1777108243.963,43.963,0.43,0.44,0.56,0.57,0.01,0.01,77641.41,1777108242000
1777108244.817,44.817,0.43,0.44,0.56,0.57,0.01,0.01,77641.85,1777108243000
1777108245.207,45.207,0.43,0.44,0.56,0.57,0.01,0.01,77641.85,1777108243000
1777108245.826,45.826,0.43,0.44,0.56,0.57,0.01,0.01,77642.78,1777108244000
1777108246.236,46.236,0.43,0.44,0.56,0.57,0.01,0.01,77642.78,1777108244000
1777108246.803,46.803,0.43,0.45,0.55,0.57,0.02,0.02,77642.77,1777108245000
1777108247.505,47.505,0.43,0.45,0.55,0.57,0.02,0.02,77642.69,1777108246000
1777108247.967,47.967,0.44,0.45,0.55,0.57,0.01,0.02,77642.69,1777108246000
1777108248.329,48.329,0.44,0.45,0.55,0.56,0.01,0.01,77642.68,1777108247000
1777108248.743,48.743,0.44,0.45,0.55,0.56,0.01,0.01,77642.68,1777108247000
1777108249.14,49.14,0.44,0.45,0.55,0.56,0.01,0.01,77642.68,1777108247000
1777108249.687,49.687,0.44,0.45,0.55,0.56,0.01,0.01,77642.68,1777108247000
1777108250.6,50.6,0.49,0.5,0.49,0.51,0.01,0.02,77640.03,1777108248000
1777108251.075,51.075,0.49,0.5,0.5,0.51,0.01,0.01,77642.67,1777108249000
1777108251.421,51.421,0.49,0.5,0.5,0.51,0.01,0.01,77642.68,1777108250000
1777108252.053,52.053,0.49,0.5,0.5,0.51,0.01,0.01,77642.78,1777108251000
1777108252.791,52.791,0.49,0.5,0.5,0.51,0.01,0.01,77642.78,1777108251000
1777108253.324,53.324,0.49,0.5,0.5,0.51,0.01,0.01,77642.78,1777108251000
1777108253.961,53.961,0.49,0.5,0.5,0.51,0.01,0.01,77642.72,1777108252000
1777108254.311,54.311,0.49,0.5,0.5,0.51,0.01,0.01,77642.71,1777108253000
1777108255.216,55.216,0.49,0.5,0.5,0.51,0.01,0.01,77642.71,1777108253000
1777108255.552,55.552,0.49,0.5,0.5,0.51,0.01,0.01,77642.71,1777108253000
1777108255.934,55.934,0.49,0.5,0.5,0.51,0.01,0.01,77642.55,1777108254000
1777108256.303,56.303,0.46,0.5,0.51,0.6,0.04,0.09,77642.55,1777108254000
1777108256.69,56.69,0.46,0.47,0.53,0.54,0.01,0.01,77642.26,1777108255000
1777108257.059,57.059,0.46,0.47,0.53,0.54,0.01,0.01,77642.26,1777108255000
1777108258.354,58.354,0.44,0.45,0.55,0.56,0.01,0.01,77641.63,1777108256000
1777108259.335,59.335,0.44,0.45,0.55,0.56,0.01,0.01,77641.42,1777108258000
1777108259.836,59.836,0.44,0.45,0.55,0.56,0.01,0.01,77641.42,1777108258000
1777108260.356,60.356,0.44,0.45,0.55,0.56,0.01,0.01,77641.42,1777108258000
1777108260.699,60.699,0.44,0.45,0.55,0.56,0.01,0.01,77639.83,1777108259000
1777108261.415,61.415,0.44,0.45,0.55,0.56,0.01,0.01,77641.41,1777108260000
1777108261.877,61.877,0.44,0.45,0.55,0.56,0.01,0.01,77641.41,1777108260000
1777108262.287,62.287,0.44,0.45,0.55,0.56,0.01,0.01,77641.41,1777108261000
1777108262.665,62.665,0.44,0.45,0.55,0.56,0.01,0.01,77641.41,1777108261000
1777108263.43,63.43,0.44,0.45,0.55,0.56,0.01,0.01,77641.41,1777108261000
1777108263.812,63.812,0.44,0.45,0.55,0.56,0.01,0.01,77641.08,1777108262000
1777108264.258,64.258,0.44,0.45,0.55,0.56,0.01,0.01,77641.08,1777108262000
1777108264.693,64.693,0.44,0.45,0.55,0.56,0.01,0.01,77641.33,1777108263000
1777108265.248,65.248,0.44,0.45,0.55,0.56,0.01,0.01,77641.33,1777108263000
1777108265.71,65.71,0.44,0.45,0.55,0.56,0.01,0.01,77641.33,1777108264000
1777108266.218,66.218,0.44,0.45,0.55,0.56,0.01,0.01,77641.33,1777108264000
1777108266.975,66.975,0.44,0.45,0.55,0.56,0.01,0.01,77641.44,1777108265000
1777108267.559,67.559,0.44,0.45,0.55,0.56,0.01,0.01,77641.66,1777108266000
1777108267.908,67.908,0.44,0.45,0.55,0.56,0.01,0.01,77641.66,1777108266000
1777108268.255,68.255,0.44,0.45,0.55,0.56,0.01,0.01,77641.48,1777108267000
1777108268.672,68.672,0.44,0.45,0.55,0.56,0.01,0.01,77641.48,1777108267000
1777108269.157,69.157,0.44,0.45,0.55,0.56,0.01,0.01,77641.48,1777108267000
1777108269.933,69.933,0.44,0.45,0.55,0.56,0.01,0.01,77641.67,1777108269000
1777108270.623,70.623,0.44,0.45,0.55,0.56,0.01,0.01,77641.67,1777108269000
1777108271.017,71.017,0.44,0.45,0.55,0.56,0.01,0.01,77641.67,1777108269000
1777108271.731,71.731,0.44,0.45,0.55,0.56,0.01,0.01,77641.67,1777108270000
1777108272.454,72.454,0.44,0.45,0.55,0.56,0.01,0.01,77641.66,1777108271000
1777108272.976,72.976,0.44,0.45,0.55,0.56,0.01,0.01,77641.66,1777108272000
1777108273.402,73.402,0.44,0.45,0.55,0.56,0.01,0.01,77641.66,1777108272000
1777108273.735,73.735,0.44,0.45,0.55,0.56,0.01,0.01,77641.66,1777108272000
1777108274.147,74.147,0.44,0.45,0.55,0.56,0.01,0.01,77641.66,1777108273000
1777108274.55,74.55,0.44,0.45,0.55,0.56,0.01,0.01,77641.66,1777108273000
1777108274.922,74.922,0.44,0.45,0.55,0.56,0.01,0.01,77641.63,1777108274000
1777108275.279,75.279,0.44,0.45,0.55,0.56,0.01,0.01,77641.63,1777108274000
1777108275.993,75.993,0.44,0.45,0.55,0.56,0.01,0.01,77641.56,1777108275000
1777108276.682,76.682,0.44,0.45,0.55,0.56,0.01,0.01,77641.56,1777108275000
1777108277.124,77.124,0.44,0.45,0.55,0.56,0.01,0.01,77641.56,1777108276000
1777108278.37,78.37,0.44,0.45,0.55,0.56,0.01,0.01,77641.16,1777108277000
1777108278.806,78.806,0.44,0.45,0.55,0.56,0.01,0.01,77641.16,1777108277000
1777108279.303,79.303,0.39,0.4,0.6,0.61,0.01,0.01,77641.16,1777108277000
1777108279.668,79.668,0.39,0.4,0.6,0.61,0.01,0.01,77641.49,1777108278000
1777108280.22,80.22,0.39,0.4,0.6,0.61,0.01,0.01,77641.49,1777108278000
1777108280.607,80.607,0.39,0.4,0.6,0.61,0.01,0.01,77641.46,1777108279000
1777108281.294,81.294,0.39,0.4,0.6,0.61,0.01,0.01,77641.46,1777108279000
1777108281.761,81.761,0.39,0.4,0.6,0.61,0.01,0.01,77640.74,1777108280000
1777108282.33,82.33,0.39,0.4,0.6,0.61,0.01,0.01,77640.74,1777108281000
1777108282.765,82.765,0.39,0.4,0.6,0.61,0.01,0.01,77640.74,1777108281000
1777108283.254,83.254,0.39,0.4,0.6,0.61,0.01,0.01,77640.73,1777108282000
1777108284.55,84.55,0.39,0.4,0.6,0.61,0.01,0.01,77640.74,1777108283000
1777108285.145,85.145,0.39,0.4,0.6,0.61,0.01,0.01,77640.74,1777108283000
1777108285.481,85.481,0.39,0.4,0.6,0.61,0.01,0.01,77640.68,1777108284000
1777108286.113,86.113,0.39,0.4,0.6,0.61,0.01,0.01,77640.68,1777108284000
1777108286.496,86.496,0.39,0.41,0.6,0.61,0.02,0.01,77640.68,1777108284000
1777108286.847,86.847,0.4,0.41,0.59,0.61,0.01,0.02,77639.84,1777108285000
1777108287.277,87.277,0.4,0.41,0.59,0.6,0.01,0.01,77639.84,1777108285000
1777108287.932,87.932,0.4,0.41,0.59,0.6,0.01,0.01,77639.84,1777108286000
1777108288.349,88.349,0.4,0.41,0.59,0.6,0.01,0.01,77639.84,1777108286000
1777108289.292,89.292,0.4,0.41,0.59,0.6,0.01,0.01,77639.97,1777108287000
1777108289.668,89.668,0.4,0.43,0.57,0.6,0.03,0.03,77640.17,1777108288000
1777108290.315,90.315,0.42,0.43,0.57,0.58,0.01,0.01,77640.17,1777108288000
1777108290.732,90.732,0.41,0.43,0.57,0.58,0.02,0.01,77640.16,1777108289000
1777108291.347,91.347,0.41,0.43,0.57,0.59,0.02,0.02,77640.01,1777108290000
1777108292.031,92.031,0.41,0.42,0.58,0.59,0.01,0.01,77640.01,1777108291000
1777108292.823,92.823,0.41,0.42,0.58,0.59,0.01,0.01,77640.01,1777108291000
1777108293.42,93.42,0.41,0.42,0.58,0.59,0.01,0.01,77640.01,1777108291000
1777108293.998,93.998,0.41,0.42,0.58,0.59,0.01,0.01,77639.84,1777108292000
1777108294.331,94.331,0.41,0.44,0.56,0.59,0.03,0.03,77639.84,1777108293000
1777108295.159,95.159,0.42,0.43,0.57,0.58,0.01,0.01,77639.84,1777108293000
1777108296.209,96.209,0.44,0.45,0.56,0.58,0.01,0.02,77639.89,1777108294000
1777108296.7,96.7,0.44,0.45,0.55,0.56,0.01,0.01,77639.92,1777108295000
1777108297.112,97.112,0.43,0.45,0.55,0.57,0.02,0.02,77639.92,1777108296000
1777108298.273,98.273,0.43,0.45,0.55,0.57,0.02,0.02,77639.75,1777108297000
1777108299.838,99.838,0.43,0.44,0.56,0.57,0.01,0.01,77639.75,1777108297000
1777108300.389,100.389,0.43,0.44,0.56,0.58,0.01,0.02,77639.84,1777108298000
1777108300.729,100.729,0.43,0.44,0.56,0.57,0.01,0.01,77639.97,1777108299000
1777108301.072,101.072,0.42,0.43,0.56,0.59,0.01,0.03,77639.97,1777108299000
1777108301.435,101.435,0.42,0.43,0.57,0.58,0.01,0.01,77640.08,1777108300000
1777108302.068,102.068,0.42,0.43,0.57,0.58,0.01,0.01,77639.93,1777108301000
1777108302.764,102.764,0.43,0.44,0.57,0.59,0.01,0.02,77639.93,1777108301000
1777108303.568,103.568,0.43,0.44,0.56,0.57,0.01,0.01,77639.93,1777108301000
1777108304.259,104.259,0.42,0.43,0.57,0.58,0.01,0.01,77640.06,1777108303000
1777108304.967,104.967,0.41,0.43,0.57,0.58,0.02,0.01,77640.06,1777108303000
1777108305.591,105.591,0.41,0.43,0.57,0.59,0.02,0.02,77640.05,1777108304000
1777108306.306,106.306,0.41,0.43,0.57,0.59,0.02,0.02,77640.11,1777108305000
1777108306.72,106.72,0.41,0.42,0.57,0.59,0.01,0.02,77640.11,1777108305000
1777108307.069,107.069,0.41,0.42,0.58,0.59,0.01,0.01,77640.11,1777108305000
1777108307.51,107.51,0.41,0.42,0.58,0.59,0.01,0.01,77640.11,1777108306000
1777108307.95,107.95,0.41,0.42,0.58,0.59,0.01,0.01,77640.11,1777108306000
1777108308.34,108.34,0.41,0.42,0.58,0.59,0.01,0.01,77640.16,1777108307000
1777108309.068,109.068,0.41,0.42,0.58,0.59,0.01,0.01,77640.16,1777108307000
1777108309.534,109.534,0.41,0.42,0.58,0.59,0.01,0.01,77640.16,1777108307000
1777108310.148,110.148,0.41,0.42,0.58,0.59,0.01,0.01,77640.11,1777108308000
1777108311.041,111.041,0.41,0.42,0.58,0.59,0.01,0.01,77639.96,1777108309000
1777108312.035,112.035,0.41,0.42,0.58,0.59,0.01,0.01,77639.87,1777108310000
1777108312.717,112.717,0.41,0.42,0.55,0.59,0.01,0.04,77639.87,1777108310000
1777108313.454,113.454,0.41,0.42,0.58,0.59,0.01,0.01,77639.97,1777108312000
1777108313.934,113.934,0.41,0.42,0.58,0.59,0.01,0.01,77639.84,1777108313000
1777108314.35,114.35,0.41,0.42,0.58,0.59,0.01,0.01,77639.84,1777108313000
1777108314.685,114.685,0.41,0.42,0.58,0.59,0.01,0.01,77639.84,1777108313000
1777108315.306,115.306,0.43,0.44,0.57,0.58,0.01,0.01,77639.79,1777108314000
1777108315.92,115.92,0.43,0.44,0.56,0.57,0.01,0.01,77639.85,1777108315000
1777108316.859,116.859,0.43,0.44,0.56,0.57,0.01,0.01,77639.85,1777108316000
1777108318.092,118.092,0.44,0.45,0.56,0.57,0.01,0.01,77639.85,1777108316000
1777108318.595,118.595,0.44,0.46,0.55,0.56,0.02,0.01,77639.77,1777108317000
1777108319.092,119.092,0.44,0.46,0.54,0.56,0.02,0.02,77639.75,1777108318000
1777108320.223,120.223,0.44,0.46,0.54,0.56,0.02,0.02,77639.75,1777108319000
1777108320.989,120.989,0.44,0.46,0.54,0.56,0.02,0.02,77639.75,1777108319000
1777108321.405,121.405,0.44,0.45,0.54,0.56,0.01,0.02,77639.75,1777108319000
1777108321.999,121.999,0.44,0.45,0.55,0.56,0.01,0.01,77639.77,1777108320000
1777108322.617,122.617,0.42,0.43,0.55,0.56,0.01,0.01,77639.77,1777108321000
1777108323.26,123.26,0.42,0.43,0.57,0.58,0.01,0.01,77639.98,1777108322000
1777108323.618,123.618,0.42,0.43,0.57,0.58,0.01,0.01,77639.98,1777108322000
1777108323.998,123.998,0.42,0.43,0.57,0.58,0.01,0.01,77639.98,1777108322000
1777108324.381,124.381,0.42,0.43,0.57,0.58,0.01,0.01,77639.62,1777108323000
1777108324.756,124.756,0.42,0.43,0.57,0.58,0.01,0.01,77639.62,1777108323000
1777108326.074,126.074,0.42,0.43,0.57,0.58,0.01,0.01,77639.68,1777108325000
1777108327.159,127.159,0.42,0.43,0.57,0.58,0.01,0.01,77639.68,1777108325000
1777108327.641,127.641,0.42,0.43,0.57,0.58,0.01,0.01,77639.68,1777108325000
1777108328.286,128.286,0.42,0.43,0.57,0.58,0.01,0.01,77639.73,1777108327000
1777108329.037,129.037,0.42,0.43,0.57,0.58,0.01,0.01,77639.73,1777108327000
1777108329.525,129.525,0.42,0.43,0.57,0.58,0.01,0.01,77639.73,1777108327000
1777108329.991,129.991,0.4,0.43,0.57,0.58,0.03,0.01,77639.74,1777108328000
1777108331.061,131.061,0.43,0.44,0.56,0.57,0.01,0.01,77639.59,1777108329000
1777108331.652,131.652,0.43,0.44,0.56,0.57,0.01,0.01,77639.83,1777108330000
1777108332.215,132.215,0.42,0.44,0.56,0.57,0.02,0.01,77639.83,1777108330000
1777108332.961,132.961,0.42,0.43,0.56,0.58,0.01,0.02,77639.9,1777108331000
1777108333.41,133.41,0.42,0.43,0.57,0.58,0.01,0.01,77639.74,1777108332000
1777108334.125,134.125,0.42,0.43,0.57,0.58,0.01,0.01,77639.91,1777108333000
1777108334.616,134.616,0.41,0.42,0.57,0.58,0.01,0.01,77639.91,1777108333000
1777108335.221,135.221,0.41,0.42,0.58,0.59,0.01,0.01,77639.91,1777108333000
1777108335.62,135.62,0.41,0.42,0.58,0.59,0.01,0.01,77639.89,1777108334000
1777108336.359,136.359,0.41,0.42,0.58,0.59,0.01,0.01,77639.88,1777108335000
1777108336.785,136.785,0.41,0.42,0.57,0.59,0.01,0.02,77639.88,1777108335000
1777108337.121,137.121,0.41,0.42,0.58,0.59,0.01,0.01,77639.88,1777108336000
1777108337.782,137.782,0.41,0.42,0.58,0.59,0.01,0.01,77639.88,1777108336000
1777108338.133,138.133,0.41,0.42,0.58,0.59,0.01,0.01,77639.81,1777108337000
1777108338.943,138.943,0.39,0.42,0.58,0.59,0.03,0.01,77639.81,1777108337000
1777108339.313,139.313,0.41,0.42,0.58,0.59,0.01,0.01,77639.79,1777108338000
1777108339.751,139.751,0.41,0.42,0.58,0.59,0.01,0.01,77639.79,1777108338000
1777108340.093,140.093,0.41,0.42,0.58,0.59,0.01,0.01,77639.79,1777108338000
1777108340.428,140.428,0.4,0.41,0.58,0.6,0.01,0.02,77639.79,1777108338000
1777108341.005,141.005,0.4,0.41,0.59,0.6,0.01,0.01,77639.86,1777108339000
1777108341.577,141.577,0.4,0.41,0.59,0.6,0.01,0.01,77639.85,1777108340000
1777108342.782,142.782,0.4,0.41,0.59,0.6,0.01,0.01,77639.83,1777108341000
1777108343.399,143.399,0.4,0.41,0.59,0.6,0.01,0.01,77639.83,1777108342000
1777108343.955,143.955,0.4,0.41,0.59,0.6,0.01,0.01,77639.83,1777108343000
1777108344.314,144.314,0.4,0.41,0.59,0.6,0.01,0.01,77639.83,1777108343000
1777108345.109,145.109,0.4,0.41,0.59,0.6,0.01,0.01,77639.84,1777108344000
1777108345.489,145.489,0.4,0.41,0.59,0.61,0.01,0.02,77639.84,1777108344000
1777108346.344,146.344,0.4,0.41,0.59,0.6,0.01,0.01,77639.84,1777108345000
1777108347.016,147.016,0.39,0.41,0.59,0.6,0.02,0.01,77639.84,1777108345000
1777108347.357,147.357,0.39,0.4,0.59,0.61,0.01,0.02,77639.84,1777108345000
1777108347.963,147.963,0.39,0.4,0.59,0.61,0.01,0.02,77640.46,1777108346000
1777108348.302,148.302,0.39,0.4,0.6,0.61,0.01,0.01,77640.37,1777108347000
1777108348.947,148.947,0.39,0.4,0.6,0.61,0.01,0.01,77640.37,1777108347000
1777108349.326,149.326,0.39,0.4,0.6,0.61,0.01,0.01,77640.31,1777108348000
1777108349.888,149.888,0.39,0.4,0.6,0.61,0.01,0.01,77640.31,1777108348000
1777108350.293,150.293,0.39,0.43,0.6,0.61,0.04,0.01,77640.31,1777108349000
1777108350.63,150.63,0.4,0.41,0.59,0.6,0.01,0.01,77640.31,1777108349000
1777108351.028,151.028,0.41,0.42,0.58,0.59,0.01,0.01,77640.31,1777108349000
1777108351.679,151.679,0.41,0.42,0.58,0.59,0.01,0.01,77640.32,1777108350000
1777108352.306,152.306,0.41,0.42,0.58,0.59,0.01,0.01,77640.32,1777108350000
1777108352.684,152.684,0.42,0.43,0.58,0.59,0.01,0.01,77640.32,1777108351000
1777108353.516,153.516,0.42,0.43,0.57,0.58,0.01,0.01,77640.97,1777108352000
1777108353.897,153.897,0.42,0.43,0.57,0.58,0.01,0.01,77640.97,1777108352000
1777108354.293,154.293,0.42,0.43,0.57,0.58,0.01,0.01,77641.41,1777108353000
1777108355.426,155.426,0.42,0.43,0.57,0.58,0.01,0.01,77641.41,1777108354000
1777108356.099,156.099,0.42,0.43,0.57,0.58,0.01,0.01,77641.41,1777108355000
1777108357.193,157.193,0.42,0.43,0.57,0.58,0.01,0.01,77641.42,1777108356000
1777108358.129,158.129,0.42,0.43,0.57,0.58,0.01,0.01,77641.34,1777108357000
1777108358.92,158.92,0.42,0.43,0.57,0.58,0.01,0.01,77641.34,1777108357000
1777108359.38,159.38,0.42,0.43,0.57,0.58,0.01,0.01,77641.33,1777108358000
1777108359.789,159.789,0.42,0.43,0.57,0.58,0.01,0.01,77641.33,1777108358000
1777108360.145,160.145,0.42,0.43,0.57,0.58,0.01,0.01,77641.33,1777108358000
1777108361.241,161.241,0.42,0.43,0.57,0.58,0.01,0.01,77641.3,1777108359000
1777108362.0,162.0,0.42,0.43,0.57,0.58,0.01,0.01,77641.06,1777108361000
1777108363.002,163.002,0.41,0.42,0.57,0.58,0.01,0.01,77641.06,1777108361000
1777108364.212,164.212,0.41,0.42,0.58,0.59,0.01,0.01,77641.42,1777108363000
1777108364.756,164.756,0.41,0.42,0.58,0.59,0.01,0.01,77641.42,1777108363000
1777108365.277,165.277,0.41,0.42,0.58,0.59,0.01,0.01,77641.45,1777108364000
1777108365.753,165.753,0.41,0.42,0.58,0.59,0.01,0.01,77641.45,1777108364000
1777108366.327,166.327,0.41,0.42,0.58,0.59,0.01,0.01,77641.45,1777108364000
1777108366.908,166.908,0.41,0.42,0.58,0.59,0.01,0.01,77641.29,1777108366000
1777108367.877,167.877,0.41,0.43,0.58,0.59,0.02,0.01,77641.29,1777108366000
1777108369.143,169.143,0.41,0.43,0.57,0.59,0.02,0.02,77640.92,1777108368000
1777108369.787,169.787,0.43,0.44,0.56,0.57,0.01,0.01,77640.92,1777108368000
1777108370.165,170.165,0.43,0.44,0.56,0.57,0.01,0.01,77640.75,1777108369000
1777108371.238,171.238,0.43,0.44,0.56,0.57,0.01,0.01,77640.42,1777108370000
1777108372.322,172.322,0.43,0.44,0.56,0.57,0.01,0.01,77640.42,1777108371000
1777108372.725,172.725,0.43,0.44,0.56,0.57,0.01,0.01,77640.42,1777108371000
1777108373.351,173.351,0.43,0.44,0.56,0.57,0.01,0.01,77640.28,1777108372000
1777108373.717,173.717,0.43,0.44,0.56,0.57,0.01,0.01,77640.28,1777108372000
1777108375.433,175.433,0.43,0.44,0.56,0.57,0.01,0.01,77640.28,1777108373000
1777108375.798,175.798,0.43,0.44,0.56,0.57,0.01,0.01,77640.12,1777108374000
1777108376.333,176.333,0.43,0.44,0.56,0.57,0.01,0.01,77640.12,1777108375000
1777108376.906,176.906,0.43,0.44,0.57,0.58,0.01,0.01,77640.12,1777108375000
1777108377.298,177.298,0.41,0.44,0.56,0.59,0.03,0.03,77640.14,1777108376000
1777108377.698,177.698,0.41,0.42,0.58,0.59,0.01,0.01,77640.14,1777108376000
1777108378.259,178.259,0.41,0.42,0.58,0.59,0.01,0.01,77639.84,1777108377000
1777108378.672,178.672,0.41,0.43,0.58,0.59,0.02,0.01,77639.84,1777108377000
1777108379.233,179.233,0.41,0.43,0.57,0.59,0.02,0.02,77639.84,1777108378000
1777108380.211,180.211,0.41,0.42,0.57,0.59,0.01,0.02,77639.84,1777108378000
1777108380.666,180.666,0.4,0.42,0.58,0.59,0.02,0.01,77639.82,1777108379000
1777108381.272,181.272,0.41,0.42,0.58,0.59,0.01,0.01,77640.28,1777108380000
1777108381.617,181.617,0.38,0.39,0.6,0.61,0.01,0.01,77640.28,1777108380000
1777108382.091,182.091,0.37,0.38,0.61,0.63,0.01,0.02,77640.28,1777108380000
1777108382.594,182.594,0.37,0.38,0.62,0.63,0.01,0.01,77640.13,1777108381000
1777108382.972,182.972,0.37,0.38,0.62,0.64,0.01,0.02,77640.13,1777108381000
1777108384.222,184.222,0.38,0.39,0.61,0.62,0.01,0.01,77640.13,1777108382000
1777108385.105,185.105,0.38,0.39,0.61,0.62,0.01,0.01,77639.79,1777108384000
1777108386.034,186.034,0.38,0.39,0.61,0.62,0.01,0.01,77639.79,1777108384000
1777108386.368,186.368,0.38,0.39,0.61,0.62,0.01,0.01,77639.61,1777108385000
1777108387.108,187.108,0.38,0.39,0.61,0.62,0.01,0.01,77639.61,1777108385000
1777108387.443,187.443,0.38,0.39,0.61,0.62,0.01,0.01,77639.93,1777108386000
1777108387.804,187.804,0.38,0.39,0.61,0.62,0.01,0.01,77639.93,1777108386000
1777108388.155,188.155,0.38,0.39,0.61,0.62,0.01,0.01,77639.63,1777108387000
1777108388.522,188.522,0.38,0.39,0.61,0.62,0.01,0.01,77639.63,1777108387000
1777108389.041,189.041,0.38,0.39,0.61,0.62,0.01,0.01,77639.63,1777108387000
1777108389.422,189.422,0.38,0.39,0.61,0.62,0.01,0.01,77639.63,1777108388000
1777108390.263,190.263,0.39,0.4,0.6,0.62,0.01,0.02,77639.63,1777108388000
1777108390.652,190.652,0.39,0.4,0.6,0.61,0.01,0.01,77639.6,1777108389000
1777108391.144,191.144,0.39,0.4,0.6,0.61,0.01,0.01,77639.6,1777108390000
1777108391.48,191.48,0.39,0.4,0.6,0.61,0.01,0.01,77639.6,1777108390000
1777108391.867,191.867,0.39,0.4,0.6,0.61,0.01,0.01,77639.6,1777108390000
1777108392.27,192.27,0.39,0.4,0.6,0.61,0.01,0.01,77639.57,1777108391000
1777108393.154,193.154,0.37,0.39,0.6,0.62,0.02,0.02,77639.57,1777108391000
1777108394.021,194.021,0.37,0.39,0.61,0.63,0.02,0.02,77639.52,1777108393000
1777108394.375,194.375,0.37,0.38,0.62,0.63,0.01,0.01,77639.52,1777108393000
1777108395.072,195.072,0.37,0.39,0.62,0.63,0.02,0.01,77639.52,1777108393000
1777108395.409,195.409,0.37,0.38,0.62,0.63,0.01,0.01,77639.52,1777108394000
1777108395.771,195.771,0.37,0.38,0.62,0.63,0.01,0.01,77639.52,1777108394000
1777108396.291,196.291,0.37,0.38,0.62,0.63,0.01,0.01,77639.6,1777108395000
1777108396.7,196.7,0.39,0.4,0.6,0.61,0.01,0.01,77639.6,1777108395000
1777108397.384,197.384,0.39,0.4,0.6,0.61,0.01,0.01,77639.6,1777108395000
1777108397.822,197.822,0.39,0.4,0.6,0.61,0.01,0.01,77639.6,1777108396000
1777108398.172,198.172,0.39,0.4,0.6,0.61,0.01,0.01,77640.06,1777108397000
1777108398.587,198.587,0.39,0.4,0.6,0.61,0.01,0.01,77640.06,1777108397000
1777108399.017,199.017,0.39,0.4,0.6,0.61,0.01,0.01,77640.06,1777108397000
1777108399.761,199.761,0.39,0.4,0.6,0.61,0.01,0.01,77639.98,1777108398000
1777108400.245,200.245,0.39,0.4,0.6,0.61,0.01,0.01,77639.98,1777108398000
1777108400.663,200.663,0.39,0.4,0.6,0.61,0.01,0.01,77641.49,1777108399000
1777108401.029,201.029,0.39,0.59,0.6,0.61,0.2,0.01,77641.49,1777108400000
1777108401.562,201.562,0.43,0.44,0.41,0.61,0.01,0.2,77641.49,1777108400000
1777108401.955,201.955,0.43,0.74,0.26,0.57,0.31,0.31,77641.49,1777108400000
1777108402.324,202.324,0.43,0.44,0.56,0.57,0.01,0.01,77641.49,1777108400000
1777108402.661,202.661,0.56,0.57,0.43,0.45,0.01,0.02,77641.46,1777108401000
1777108403.023,203.023,0.57,0.58,0.42,0.43,0.01,0.01,77641.46,1777108401000
1777108403.356,203.356,0.59,0.67,0.33,0.41,0.08,0.08,77641.46,1777108402000
1777108403.776,203.776,0.63,0.64,0.35,0.37,0.01,0.02,77641.46,1777108402000
1777108404.156,204.156,0.66,0.67,0.34,0.35,0.01,0.01,77641.45,1777108403000
1777108404.52,204.52,0.67,0.68,0.32,0.33,0.01,0.01,77641.45,1777108403000
1777108405.147,205.147,0.67,0.68,0.32,0.33,0.01,0.01,77641.45,1777108403000
1777108405.656,205.656,0.67,0.68,0.32,0.33,0.01,0.01,77641.45,1777108404000
1777108406.087,206.087,0.66,0.68,0.32,0.33,0.02,0.01,77641.45,1777108404000
1777108406.442,206.442,0.65,0.67,0.33,0.34,0.02,0.01,77641.45,1777108405000
1777108406.936,206.936,0.57,0.68,0.32,0.43,0.11,0.11,77641.45,1777108406000
1777108407.365,207.365,0.66,0.67,0.33,0.34,0.01,0.01,77641.45,1777108406000
1777108407.792,207.792,0.61,0.66,0.34,0.39,0.05,0.05,77641.45,1777108406000
1777108408.166,208.166,0.56,0.66,0.34,0.44,0.1,0.1,77641.49,1777108407000
1777108408.661,208.661,0.65,0.66,0.33,0.36,0.01,0.03,77641.49,1777108407000
1777108409.004,209.004,0.66,0.67,0.33,0.34,0.01,0.01,77641.49,1777108407000
1777108409.748,209.748,0.65,0.66,0.33,0.35,0.01,0.02,77641.54,1777108408000
1777108410.143,210.143,0.65,0.66,0.34,0.35,0.01,0.01,77641.55,1777108409000
1777108410.501,210.501,0.65,0.66,0.34,0.35,0.01,0.01,77641.55,1777108409000
1777108410.898,210.898,0.65,0.66,0.34,0.35,0.01,0.01,77641.55,1777108409000
1777108411.336,211.336,0.66,0.67,0.34,0.35,0.01,0.01,77641.49,1777108410000
1777108411.675,211.675,0.68,0.69,0.31,0.32,0.01,0.01,77641.49,1777108410000
1777108412.029,212.029,0.65,0.67,0.34,0.35,0.02,0.01,77641.49,1777108410000
1777108412.706,212.706,0.66,0.69,0.33,0.35,0.03,0.02,77641.49,1777108411000
1777108413.056,213.056,0.66,0.7,0.31,0.34,0.04,0.03,77641.49,1777108411000
1777108413.525,213.525,0.67,0.7,0.27,0.34,0.03,0.07,77641.69,1777108412000
1777108414.254,214.254,0.68,0.7,0.3,0.32,0.02,0.02,77641.67,1777108413000
1777108414.962,214.962,0.69,0.7,0.3,0.32,0.01,0.02,77641.67,1777108413000
1777108415.376,215.376,0.69,0.7,0.3,0.31,0.01,0.01,77641.77,1777108414000
1777108415.833,215.833,0.69,0.7,0.29,0.31,0.01,0.02,77641.77,1777108414000
1777108416.208,216.208,0.69,0.7,0.3,0.31,0.01,0.01,77641.61,1777108415000
1777108416.554,216.554,0.69,0.71,0.3,0.31,0.02,0.01,77641.61,1777108415000
1777108417.141,217.141,0.69,0.71,0.29,0.31,0.02,0.02,77641.61,1777108416000
1777108417.715,217.715,0.7,0.71,0.29,0.31,0.01,0.02,77641.61,1777108416000
1777108418.158,218.158,0.7,0.72,0.28,0.3,0.02,0.02,77641.7,1777108417000
1777108418.495,218.495,0.69,0.73,0.27,0.31,0.04,0.04,77641.7,1777108417000
1777108418.855,218.855,0.7,0.71,0.29,0.3,0.01,0.01,77641.7,1777108417000
1777108419.201,219.201,0.66,0.78,0.22,0.3,0.12,0.08,77641.73,1777108418000
1777108419.615,219.615,0.69,0.72,0.26,0.29,0.03,0.03,77641.73,1777108418000
1777108420.056,220.056,0.71,0.72,0.28,0.29,0.01,0.01,77641.73,1777108418000
1777108420.444,220.444,0.71,0.72,0.28,0.29,0.01,0.01,77641.72,1777108419000
1777108420.877,220.877,0.71,0.72,0.28,0.29,0.01,0.01,77641.72,1777108419000
1777108421.312,221.312,0.71,0.72,0.28,0.29,0.01,0.01,77641.73,1777108420000
1777108422.02,222.02,0.71,0.72,0.28,0.29,0.01,0.01,77641.71,1777108421000
1777108422.39,222.39,0.71,0.72,0.28,0.29,0.01,0.01,77641.71,1777108421000
1777108422.904,222.904,0.71,0.72,0.28,0.29,0.01,0.01,77641.71,1777108421000
1777108423.45,223.45,0.72,0.74,0.26,0.34,0.02,0.08,77641.71,1777108422000
1777108423.977,223.977,0.72,0.73,0.27,0.28,0.01,0.01,77641.71,1777108422000
1777108424.315,224.315,0.72,0.73,0.27,0.28,0.01,0.01,77641.07,1777108423000
1777108424.681,224.681,0.72,0.73,0.27,0.28,0.01,0.01,77641.07,1777108423000
1777108425.061,225.061,0.72,0.73,0.27,0.28,0.01,0.01,77641.07,1777108423000
1777108425.579,225.579,0.72,0.73,0.27,0.28,0.01,0.01,77640.35,1777108424000
1777108425.916,225.916,0.72,0.73,0.27,0.28,0.01,0.01,77640.35,1777108424000
1777108426.25,226.25,0.72,0.73,0.27,0.28,0.01,0.01,77639.94,1777108425000
1777108426.586,226.586,0.72,0.73,0.27,0.28,0.01,0.01,77639.94,1777108425000
1777108426.998,226.998,0.68,0.69,0.3,0.32,0.01,0.02,77639.94,1777108425000
1777108427.367,227.367,0.65,0.67,0.29,0.35,0.02,0.06,77638.54,1777108426000
1777108428.167,228.167,0.65,0.67,0.33,0.35,0.02,0.02,77639.91,1777108427000
1777108428.653,228.653,0.66,0.67,0.33,0.34,0.01,0.01,77639.91,1777108427000
1777108429.213,229.213,0.66,0.67,0.33,0.34,0.01,0.01,77639.91,1777108428000
1777108429.714,229.714,0.66,0.67,0.33,0.34,0.01,0.01,77639.91,1777108428000
1777108430.069,230.069,0.66,0.67,0.33,0.34,0.01,0.01,77639.91,1777108428000
1777108430.804,230.804,0.66,0.67,0.33,0.34,0.01,0.01,77639.53,1777108429000
1777108431.314,231.314,0.65,0.67,0.33,0.34,0.02,0.01,77639.53,1777108429000
1777108431.699,231.699,0.65,0.66,0.34,0.35,0.01,0.01,77640.36,1777108430000
1777108432.127,232.127,0.74,0.75,0.34,0.35,0.01,0.01,77640.36,1777108430000
1777108432.497,232.497,0.74,0.75,0.25,0.26,0.01,0.01,77640,1777108431000
1777108432.831,232.831,0.74,0.75,0.25,0.26,0.01,0.01,77640,1777108431000
1777108433.176,233.176,0.74,0.75,0.25,0.26,0.01,0.01,77640,1777108431000
1777108433.558,233.558,0.74,0.75,0.25,0.26,0.01,0.01,77640.2,1777108432000
1777108434.163,234.163,0.74,0.75,0.25,0.26,0.01,0.01,77639.66,1777108433000
1777108434.625,234.625,0.79,0.8,0.2,0.21,0.01,0.01,77639.66,1777108433000
1777108435.001,235.001,0.74,0.76,0.23,0.25,0.02,0.02,77639.66,1777108433000
1777108435.336,235.336,0.75,0.76,0.24,0.25,0.01,0.01,77639.66,1777108434000
1777108435.923,235.923,0.75,0.76,0.24,0.25,0.01,0.01,77639.66,1777108434000
1777108436.436,236.436,0.74,0.76,0.24,0.26,0.02,0.02,77639.68,1777108435000
1777108436.819,236.819,0.74,0.75,0.25,0.26,0.01,0.01,77639.68,1777108435000
1777108437.231,237.231,0.74,0.75,0.25,0.26,0.01,0.01,77639.68,1777108436000
1777108437.571,237.571,0.64,0.76,0.24,0.28,0.12,0.04,77639.68,1777108436000
1777108438.199,238.199,0.74,0.75,0.24,0.26,0.01,0.02,77639.68,1777108436000
1777108438.563,238.563,0.74,0.75,0.25,0.26,0.01,0.01,77639.65,1777108437000
1777108438.903,238.903,0.68,0.75,0.25,0.32,0.07,0.07,77639.65,1777108437000
1777108439.438,239.438,0.73,0.74,0.25,0.32,0.01,0.07,77640.05,1777108438000
1777108439.864,239.864,0.72,0.74,0.26,0.28,0.02,0.02,77640.05,1777108438000
1777108440.269,240.269,0.73,0.74,0.26,0.28,0.01,0.02,77639.95,1777108439000
1777108440.607,240.607,0.73,0.74,0.26,0.27,0.01,0.01,77639.95,1777108439000
1777108441.0,241.0,0.73,0.74,0.26,0.27,0.01,0.01,77639.95,1777108439000
1777108441.784,241.784,0.68,0.74,0.26,0.36,0.06,0.1,77639.95,1777108440000
1777108442.257,242.257,0.73,0.74,0.26,0.27,0.01,0.01,77639.95,1777108440000
1777108442.597,242.597,0.73,0.74,0.26,0.27,0.01,0.01,77639.83,1777108441000
1777108443.173,243.173,0.72,0.73,0.26,0.29,0.01,0.03,77639.83,1777108441000
1777108443.526,243.526,0.72,0.73,0.27,0.28,0.01,0.01,77639.83,1777108441000
1777108444.03,244.03,0.7,0.71,0.29,0.3,0.01,0.01,77639.87,1777108442000
1777108444.958,244.958,0.7,0.71,0.29,0.3,0.01,0.01,77639.87,1777108443000
1777108445.67,245.67,0.7,0.71,0.29,0.3,0.01,0.01,77640,1777108444000
1777108446.024,246.024,0.7,0.71,0.29,0.31,0.01,0.02,77640,1777108444000
1777108446.362,246.362,0.7,0.71,0.29,0.3,0.01,0.01,77640,1777108444000
1777108446.908,246.908,0.7,0.71,0.29,0.3,0.01,0.01,77640.2,1777108446000
1777108447.725,247.725,0.7,0.71,0.29,0.3,0.01,0.01,77640.2,1777108446000
1777108448.12,248.12,0.69,0.71,0.29,0.32,0.02,0.03,77640.11,1777108447000
1777108448.469,248.469,0.7,0.71,0.29,0.31,0.01,0.02,77640.11,1777108447000
1777108449.101,249.101,0.74,0.75,0.25,0.3,0.01,0.05,77640.11,1777108447000
1777108449.521,249.521,0.78,0.79,0.25,0.26,0.01,0.01,77640,1777108448000
1777108449.876,249.876,0.78,0.79,0.21,0.22,0.01,0.01,77640,1777108448000
1777108450.476,250.476,0.78,0.79,0.21,0.22,0.01,0.01,77640.01,1777108449000
1777108450.81,250.81,0.83,0.84,0.15,0.17,0.01,0.02,77640.01,1777108449000
1777108451.287,251.287,0.84,0.85,0.15,0.16,0.01,0.01,77640.11,1777108450000
1777108451.737,251.737,0.84,0.85,0.15,0.16,0.01,0.01,77640.11,1777108450000
1777108452.079,252.079,0.84,0.85,0.15,0.16,0.01,0.01,77640.11,1777108450000
1777108452.414,252.414,0.83,0.84,0.15,0.17,0.01,0.02,77641.82,1777108451000
1777108452.903,252.903,0.83,0.84,0.16,0.17,0.01,0.01,77641.82,1777108451000
1777108453.487,253.487,0.83,0.84,0.16,0.17,0.01,0.01,77641.83,1777108452000
1777108453.82,253.82,0.83,0.88,0.12,0.17,0.05,0.05,77641.83,1777108452000
1777108454.184,254.184,0.84,0.89,0.11,0.16,0.05,0.05,77641.83,1777108453000
1777108454.903,254.903,0.87,0.88,0.11,0.15,0.01,0.04,77641.83,1777108453000
1777108455.277,255.277,0.85,0.87,0.14,0.15,0.02,0.01,77641.83,1777108453000
1777108455.666,255.666,0.86,0.87,0.13,0.14,0.01,0.01,77641.87,1777108454000
1777108456.279,256.279,0.86,0.87,0.13,0.14,0.01,0.01,77641.87,1777108454000
1777108456.873,256.873,0.85,0.86,0.14,0.15,0.01,0.01,77641.82,1777108456000
1777108457.277,257.277,0.85,0.86,0.14,0.15,0.01,0.01,77641.82,1777108456000
1777108457.794,257.794,0.8,0.81,0.19,0.2,0.01,0.01,77641.82,1777108456000
1777108458.291,258.291,0.78,0.79,0.19,0.22,0.01,0.03,77641.83,1777108457000
1777108458.679,258.679,0.78,0.79,0.21,0.22,0.01,0.01,77641.83,1777108457000
1777108459.17,259.17,0.78,0.79,0.21,0.22,0.01,0.01,77641.83,1777108457000
1777108459.574,259.574,0.78,0.79,0.21,0.22,0.01,0.01,77641.75,1777108458000
1777108459.921,259.921,0.77,0.79,0.21,0.22,0.02,0.01,77641.75,1777108458000
1777108460.418,260.418,0.77,0.79,0.21,0.23,0.02,0.02,77641.75,1777108459000
1777108460.956,260.956,0.77,0.78,0.22,0.23,0.01,0.01,77641.75,1777108459000
1777108461.295,261.295,0.77,0.78,0.22,0.24,0.01,0.02,77641.75,1777108460000
1777108461.771,261.771,0.7,0.71,0.28,0.29,0.01,0.01,77641.75,1777108460000
1777108462.14,262.14,0.7,0.71,0.29,0.3,0.01,0.01,77641.74,1777108461000
1777108462.665,262.665,0.67,0.68,0.35,0.36,0.01,0.01,77641.74,1777108461000
1777108463.214,263.214,0.67,0.68,0.32,0.33,0.01,0.01,77641.77,1777108462000
1777108463.572,263.572,0.65,0.66,0.32,0.33,0.01,0.01,77641.77,1777108462000
1777108464.038,264.038,0.65,0.66,0.34,0.35,0.01,0.01,77641.77,1777108462000
1777108464.392,264.392,0.61,0.66,0.34,0.35,0.05,0.01,77641.78,1777108463000
1777108464.843,264.843,0.61,0.62,0.38,0.39,0.01,0.01,77641.78,1777108463000
1777108465.819,265.819,0.7,0.71,0.25,0.37,0.01,0.12,77641.78,1777108464000
1777108466.254,266.254,0.7,0.71,0.29,0.3,0.01,0.01,77641.8,1777108465000
1777108466.607,266.607,0.7,0.71,0.29,0.3,0.01,0.01,77641.8,1777108465000
1777108466.944,266.944,0.73,0.74,0.26,0.27,0.01,0.01,77641.8,1777108465000
1777108467.379,267.379,0.73,0.82,0.18,0.27,0.09,0.09,77641.8,1777108466000
1777108467.922,267.922,0.81,0.82,0.18,0.19,0.01,0.01,77641.8,1777108466000
1777108468.259,268.259,0.81,0.82,0.18,0.19,0.01,0.01,77649.35,1777108467000
1777108468.599,268.599,0.81,0.87,0.18,0.19,0.06,0.01,77649.35,1777108467000
1777108468.979,268.979,0.91,0.94,0.06,0.09,0.03,0.03,77651.69,1777108468000
1777108469.357,269.357,0.8,0.87,0.13,0.2,0.07,0.07,77651.69,1777108468000
1777108469.693,269.693,0.8,0.94,0.06,0.2,0.14,0.14,77651.69,1777108468000
1777108470.079,270.079,0.92,0.95,0.05,0.08,0.03,0.03,77651.69,1777108468000
1777108470.547,270.547,0.89,0.91,0.1,0.11,0.02,0.01,77653.26,1777108469000
1777108471.204,271.204,0.9,0.93,0.07,0.1,0.03,0.03,77653.83,1777108470000
1777108471.55,271.55,0.92,0.93,0.07,0.08,0.01,0.01,77653.83,1777108470000
1777108471.897,271.897,0.97,0.98,0.05,0.06,0.01,0.01,77653.83,1777108470000
1777108472.256,272.256,0.97,0.98,0.02,0.03,0.01,0.01,77653.83,1777108470000
1777108472.596,272.596,0.97,0.98,0.02,0.03,0.01,0.01,77653.81,1777108471000
1777108473.068,273.068,0.96,0.97,0.03,0.04,0.01,0.01,77653.81,1777108471000
1777108473.473,273.473,0.97,0.98,0.02,0.03,0.01,0.01,77653.81,1777108471000
1777108473.996,273.996,0.97,0.98,0.02,0.03,0.01,0.01,77653.86,1777108472000
1777108474.367,274.367,0.97,0.98,0.02,0.03,0.01,0.01,77653.86,1777108473000
1777108474.906,274.906,0.97,0.98,0.02,0.03,0.01,0.01,77653.86,1777108473000
1777108475.317,275.317,0.96,0.98,0.02,0.04,0.02,0.02,77655.36,1777108474000
1777108475.675,275.675,0.97,0.98,0.02,0.03,0.01,0.01,77655.36,1777108474000
1777108476.06,276.06,0.97,0.98,0.02,0.03,0.01,0.01,77655.36,1777108474000
1777108476.535,276.535,0.96,0.97,0.03,0.04,0.01,0.01,77655.36,1777108474000
1777108476.878,276.878,0.97,0.98,0.02,0.03,0.01,0.01,77655.36,1777108475000
1777108477.251,277.251,0.97,0.98,0.02,0.03,0.01,0.01,77655.36,1777108475000
1777108477.659,277.659,0.97,0.98,0.02,0.03,0.01,0.01,77655.36,1777108476000
1777108478.097,278.097,0.94,0.98,0.02,0.03,0.04,0.01,77655.35,1777108477000
1777108478.488,278.488,0.93,0.95,0.05,0.06,0.02,0.01,77655.35,1777108477000
1777108478.832,278.832,0.93,0.94,0.06,0.07,0.01,0.01,77655.35,1777108477000
1777108479.266,279.266,0.93,0.94,0.06,0.07,0.01,0.01,77655.33,1777108478000
1777108479.599,279.599,0.93,0.94,0.06,0.07,0.01,0.01,77655.33,1777108478000
1777108480.031,280.031,0.93,0.94,0.06,0.07,0.01,0.01,77655.33,1777108478000
1777108480.41,280.41,0.93,0.95,0.06,0.07,0.02,0.01,77654.04,1777108479000
1777108480.788,280.788,0.95,0.96,0.04,0.05,0.01,0.01,77654.04,1777108479000
1777108481.179,281.179,0.95,0.96,0.04,0.05,0.01,0.01,77652.58,1777108480000
1777108481.534,281.534,0.96,0.98,0.03,0.05,0.02,0.02,77652.58,1777108480000
1777108481.934,281.934,0.96,0.97,0.03,0.04,0.01,0.01,77652.58,1777108480000
1777108482.294,282.294,0.92,0.96,0.04,0.08,0.04,0.04,77651.86,1777108481000
1777108482.653,282.653,0.92,0.97,0.03,0.08,0.05,0.05,77651.86,1777108481000
1777108483.189,283.189,0.94,0.97,0.03,0.04,0.03,0.01,77651.86,1777108481000
1777108483.539,283.539,0.93,0.96,0.02,0.06,0.03,0.04,77652.09,1777108482000
1777108483.886,283.886,0.93,0.97,0.03,0.07,0.04,0.04,77652.09,1777108482000
1777108484.244,284.244,0.96,0.98,0.03,0.04,0.02,0.01,77652.09,1777108482000
1777108484.67,284.67,0.78,0.98,0.02,0.05,0.2,0.03,77652.09,1777108482000
1777108485.008,285.008,0.96,0.98,0.02,0.04,0.02,0.02,77651.51,1777108483000
1777108485.39,285.39,0.96,0.98,0.03,0.12,0.02,0.09,77651.77,1777108484000
1777108485.724,285.724,0.96,0.98,0.02,0.04,0.02,0.02,77651.77,1777108484000
1777108486.062,286.062,0.98,0.99,0.01,0.02,0.01,0.01,77651.77,1777108485000
1777108486.49,286.49,0.98,0.99,0.01,0.02,0.01,0.01,77651.77,1777108485000
1777108486.856,286.856,0.98,0.99,0.01,0.02,0.01,0.01,77651.77,1777108485000
1777108487.278,287.278,0.98,0.99,0.01,0.02,0.01,0.01,77651.77,1777108486000
1777108487.623,287.623,0.98,0.99,0.01,0.02,0.01,0.01,77651.77,1777108486000
1777108487.977,287.977,0.98,0.99,0.01,0.02,0.01,0.01,77651.77,1777108486000
1777108488.386,288.386,0.98,0.99,0.01,0.02,0.01,0.01,77651.77,1777108486000
1777108488.736,288.736,0.98,0.99,0.01,0.02,0.01,0.01,77651.52,1777108487000
1777108489.076,289.076,0.98,0.99,0.01,0.02,0.01,0.01,77651.52,1777108487000
1777108489.603,289.603,0.98,0.99,0.01,0.02,0.01,0.01,77651.65,1777108488000
1777108490.342,290.342,0.98,0.99,0.01,0.02,0.01,0.01,77651.65,1777108488000
1777108490.678,290.678,0.98,0.99,0.01,0.02,0.01,0.01,77651.64,1777108489000
1777108491.037,291.037,0.98,0.99,0.01,0.02,0.01,0.01,77651.64,1777108489000
1777108491.385,291.385,0.98,0.99,0.01,0.02,0.01,0.01,77651.64,1777108490000
1777108491.774,291.774,0.96,0.99,0.01,0.02,0.03,0.01,77651.64,1777108490000
1777108492.238,292.238,0.98,0.99,0.01,0.03,0.01,0.02,77651.64,1777108490000
1777108492.638,292.638,0.98,0.99,0.01,0.02,0.01,0.01,77651.64,1777108491000
1777108493.006,293.006,0.98,0.99,0.01,0.02,0.01,0.01,77651.47,1777108492000
1777108493.472,293.472,0.98,0.99,0.01,0.02,0.01,0.01,77651.47,1777108492000
1777108494.061,294.061,0.98,0.99,0.01,0.02,0.01,0.01,77651.47,1777108493000
1777108494.477,294.477,0.98,0.99,0.01,0.02,0.01,0.01,77651.47,1777108493000
1777108495.019,295.019,0.98,0.99,0.01,0.02,0.01,0.01,77651.47,1777108494000
1777108495.392,295.392,0.98,0.99,0.01,0.02,0.01,0.01,77651.47,1777108494000
1777108495.843,295.843,0.98,0.99,0.01,0.02,0.01,0.01,77651.47,1777108494000
1777108496.186,296.186,0.97,0.99,0.01,0.03,0.02,0.02,77650.93,1777108495000
1777108496.521,296.521,0.98,0.99,0.01,0.02,0.01,0.01,77650.93,1777108495000
1777108496.87,296.87,0.97,0.98,0.02,0.07,0.01,0.05,77650.93,1777108495000
1777108497.203,297.203,0.93,0.99,0.01,0.07,0.06,0.06,77650.54,1777108496000
1777108497.621,297.621,0.93,0.95,0.04,0.07,0.02,0.03,77650.54,1777108496000
1777108497.98,297.98,0.95,0.96,0.04,0.07,0.01,0.03,77650.54,1777108496000
1777108498.316,298.316,0.95,0.98,0.03,0.05,0.03,0.02,77648.83,1777108497000
1777108498.679,298.679,0.94,0.96,0.04,0.06,0.02,0.02,77648.83,1777108497000
1777108499.04,299.04,0.98,0.99,0.01,0.02,0.01,0.01,77648.83,1777108497000
1777108499.605,299.605,0.99,0.97,0.03,0.01,-0.02,-0.02,77645.84,1777108498000
1777108499.984,299.984,0.99,0.97,0.03,0.01,-0.02,-0.02,77645.84,1777108498000
1777108500.32,300.32,0.99,0.97,0.03,0.01,-0.02,-0.02,77645.84,1777108498000
1777108500.771,300.771,0.99,0.97,0.03,0.01,-0.02,-0.02,77644.5,1777108499000
1777108502.092,302.092,0.99,0.97,0.03,0.01,-0.02,-0.02,77644.82,1777108501000

# RESULT,winner=Up,slug=btc-updown-5m-1777108200,ticks=576
