timestamp,elapsed_sec,up_bid,up_ask,down_bid,down_ask,up_spread,down_spread,btc_price
1775827500.51,0.51,0.5,0.52,0.51,0.52,0.02,0.01,72259.19
1775827501.055,1.055,0.48,0.49,0.5,0.53,0.01,0.03,72259.19
1775827501.524,1.524,0.51,0.52,0.51,0.52,0.01,0.01,72252.9
1775827501.881,1.881,0.53,0.54,0.45,0.47,0.01,0.02,72252.9
1775827502.218,2.218,0.53,0.54,0.46,0.47,0.01,0.01,72253.42
1775827502.568,2.568,0.53,0.54,0.46,0.47,0.01,0.01,72253.42
1775827502.903,2.903,0.53,0.54,0.45,0.47,0.01,0.02,72253.42
1775827503.27,3.27,0.53,0.54,0.44,0.47,0.01,0.03,72253.42
1775827503.721,3.721,0.54,0.55,0.44,0.46,0.01,0.02,72253.99
1775827504.089,4.089,0.54,0.55,0.45,0.46,0.01,0.01,72253.99
1775827504.543,4.543,0.54,0.55,0.45,0.46,0.01,0.01,72253.99
1775827504.916,4.916,0.55,0.56,0.44,0.45,0.01,0.01,72253.99
1775827505.395,5.395,0.59,0.6,0.4,0.41,0.01,0.01,72256.65
1775827505.749,5.749,0.59,0.6,0.4,0.41,0.01,0.01,72256.65
1775827506.164,6.164,0.59,0.6,0.4,0.41,0.01,0.01,72256.88
1775827506.724,6.724,0.59,0.6,0.4,0.41,0.01,0.01,72256.88
1775827507.075,7.075,0.59,0.6,0.4,0.41,0.01,0.01,72261.57
1775827507.498,7.498,0.59,0.6,0.4,0.41,0.01,0.01,72261.57
1775827508.181,8.181,0.59,0.6,0.4,0.41,0.01,0.01,72261.57
1775827508.543,8.543,0.59,0.6,0.4,0.41,0.01,0.01,72265.83
1775827509.189,9.189,0.59,0.6,0.4,0.41,0.01,0.01,72265.83
1775827509.571,9.571,0.6,0.61,0.39,0.4,0.01,0.01,72266.12
1775827509.929,9.929,0.6,0.61,0.39,0.4,0.01,0.01,72266.12
1775827510.383,10.383,0.6,0.61,0.39,0.4,0.01,0.01,72266.13
1775827510.728,10.728,0.6,0.61,0.39,0.4,0.01,0.01,72266.13
1775827511.061,11.061,0.6,0.61,0.39,0.4,0.01,0.01,72266.13
1775827511.496,11.496,0.6,0.61,0.39,0.4,0.01,0.01,72266.3
1775827511.861,11.861,0.59,0.6,0.4,0.41,0.01,0.01,72266.3
1775827512.275,12.275,0.59,0.6,0.4,0.41,0.01,0.01,72266.3
1775827512.64,12.64,0.59,0.6,0.4,0.41,0.01,0.01,72266.3
1775827513.001,13.001,0.59,0.6,0.4,0.41,0.01,0.01,72266.13
1775827513.561,13.561,0.59,0.6,0.4,0.41,0.01,0.01,72265.71
1775827513.897,13.897,0.6,0.61,0.39,0.4,0.01,0.01,72265.71
1775827514.427,14.427,0.6,0.61,0.39,0.4,0.01,0.01,72265.71
1775827514.893,14.893,0.61,0.62,0.38,0.39,0.01,0.01,72265.71
1775827515.367,15.367,0.61,0.62,0.38,0.39,0.01,0.01,72265.71
1775827515.701,15.701,0.61,0.62,0.38,0.39,0.01,0.01,72265.52
1775827516.045,16.045,0.61,0.62,0.38,0.39,0.01,0.01,72265.52
1775827516.427,16.427,0.61,0.62,0.38,0.39,0.01,0.01,72268.23
1775827516.797,16.797,0.61,0.62,0.38,0.39,0.01,0.01,72268.23
1775827517.258,17.258,0.61,0.62,0.38,0.39,0.01,0.01,72268.23
1775827517.689,17.689,0.61,0.62,0.38,0.39,0.01,0.01,72269.85
1775827518.692,18.692,0.61,0.62,0.38,0.39,0.01,0.01,72269.85
1775827519.19,19.19,0.61,0.62,0.38,0.39,0.01,0.01,72269.85
1775827519.579,19.579,0.61,0.62,0.38,0.39,0.01,0.01,72269.85
1775827520.27,20.27,0.61,0.62,0.38,0.39,0.01,0.01,72269.85
1775827520.624,20.624,0.61,0.62,0.38,0.39,0.01,0.01,72270.37
1775827520.969,20.969,0.63,0.64,0.36,0.37,0.01,0.01,72270.37
1775827521.333,21.333,0.63,0.64,0.36,0.37,0.01,0.01,72270.37
1775827521.666,21.666,0.63,0.64,0.36,0.37,0.01,0.01,72270.37
1775827522.0,22.0,0.63,0.64,0.36,0.37,0.01,0.01,72271.24
1775827522.42,22.42,0.63,0.64,0.36,0.37,0.01,0.01,72273.71
1775827522.78,22.78,0.63,0.64,0.36,0.37,0.01,0.01,72273.71
1775827523.159,23.159,0.63,0.64,0.36,0.37,0.01,0.01,72273.71
1775827523.561,23.561,0.63,0.64,0.36,0.37,0.01,0.01,72275.76
1775827523.948,23.948,0.64,0.65,0.35,0.36,0.01,0.01,72275.76
1775827524.413,24.413,0.65,0.66,0.34,0.35,0.01,0.01,72276.48
1775827524.799,24.799,0.65,0.66,0.34,0.35,0.01,0.01,72276.48
1775827525.249,25.249,0.65,0.66,0.34,0.35,0.01,0.01,72276.45
1775827525.6,25.6,0.67,0.68,0.31,0.34,0.01,0.03,72276.45
1775827525.937,25.937,0.68,0.69,0.31,0.32,0.01,0.01,72276.45
1775827526.333,26.333,0.68,0.69,0.31,0.32,0.01,0.01,72277.79
1775827526.667,26.667,0.68,0.69,0.31,0.32,0.01,0.01,72277.79
1775827527.022,27.022,0.68,0.69,0.31,0.32,0.01,0.01,72277.79
1775827527.491,27.491,0.68,0.7,0.31,0.32,0.02,0.01,72279.16
1775827527.911,27.911,0.69,0.7,0.3,0.31,0.01,0.01,72279.16
1775827528.644,28.644,0.69,0.7,0.3,0.31,0.01,0.01,72281.39
1775827529.018,29.018,0.69,0.7,0.3,0.31,0.01,0.01,72282.48
1775827529.362,29.362,0.69,0.7,0.3,0.31,0.01,0.01,72282.48
1775827529.873,29.873,0.69,0.7,0.3,0.31,0.01,0.01,72282.48
1775827530.427,30.427,0.69,0.7,0.3,0.31,0.01,0.01,72284.0
1775827530.761,30.761,0.69,0.7,0.3,0.31,0.01,0.01,72284.0
1775827531.22,31.22,0.69,0.7,0.3,0.31,0.01,0.01,72284.38
1775827531.937,31.937,0.69,0.7,0.3,0.31,0.01,0.01,72284.37
1775827532.299,32.299,0.69,0.71,0.3,0.31,0.02,0.01,72284.37
1775827532.85,32.85,0.7,0.71,0.29,0.3,0.01,0.01,72284.37
1775827533.251,33.251,0.7,0.71,0.29,0.3,0.01,0.01,72284.37
1775827533.697,33.697,0.7,0.71,0.29,0.3,0.01,0.01,72284.5
1775827534.054,34.054,0.72,0.73,0.26,0.28,0.01,0.02,72284.5
1775827534.554,34.554,0.73,0.74,0.26,0.27,0.01,0.01,72284.29
1775827534.89,34.89,0.73,0.74,0.26,0.27,0.01,0.01,72284.3
1775827535.451,35.451,0.73,0.74,0.26,0.27,0.01,0.01,72284.3
1775827535.854,35.854,0.73,0.74,0.26,0.27,0.01,0.01,72284.3
1775827536.369,36.369,0.73,0.74,0.26,0.27,0.01,0.01,72287.31
1775827536.712,36.712,0.73,0.74,0.26,0.27,0.01,0.01,72287.31
1775827537.066,37.066,0.73,0.74,0.26,0.27,0.01,0.01,72288.66
1775827537.575,37.575,0.73,0.74,0.26,0.27,0.01,0.01,72288.66
1775827537.909,37.909,0.73,0.74,0.26,0.27,0.01,0.01,72288.66
1775827538.413,38.413,0.73,0.74,0.26,0.27,0.01,0.01,72288.89
1775827538.752,38.752,0.73,0.74,0.26,0.27,0.01,0.01,72288.89
1775827539.15,39.15,0.73,0.74,0.26,0.27,0.01,0.01,72288.89
1775827539.583,39.583,0.73,0.74,0.26,0.27,0.01,0.01,72288.89
1775827539.929,39.929,0.73,0.74,0.26,0.27,0.01,0.01,72288.89
1775827540.337,40.337,0.73,0.74,0.26,0.27,0.01,0.01,72292.36
1775827540.712,40.712,0.73,0.74,0.26,0.27,0.01,0.01,72292.36
1775827541.075,41.075,0.73,0.74,0.26,0.27,0.01,0.01,72292.36
1775827541.841,41.841,0.73,0.74,0.26,0.27,0.01,0.01,72292.25
1775827542.268,42.268,0.73,0.74,0.26,0.27,0.01,0.01,72292.15
1775827542.739,42.739,0.73,0.74,0.26,0.27,0.01,0.01,72292.15
1775827543.12,43.12,0.72,0.74,0.26,0.27,0.02,0.01,72292.15
1775827543.792,43.792,0.72,0.73,0.27,0.28,0.01,0.01,72292.13
1775827544.131,44.131,0.7,0.72,0.28,0.3,0.02,0.02,72292.13
1775827544.537,44.537,0.69,0.7,0.29,0.31,0.01,0.02,72292.14
1775827544.878,44.878,0.69,0.7,0.3,0.31,0.01,0.01,72292.14
1775827545.226,45.226,0.69,0.7,0.3,0.31,0.01,0.01,72291.93
1775827545.57,45.57,0.69,0.7,0.3,0.31,0.01,0.01,72291.93
1775827546.236,46.236,0.69,0.7,0.3,0.31,0.01,0.01,72289.2
1775827546.698,46.698,0.68,0.69,0.31,0.32,0.01,0.01,72289.2
1775827547.281,47.281,0.67,0.68,0.31,0.33,0.01,0.02,72287.29
1775827547.685,47.685,0.65,0.67,0.33,0.35,0.02,0.02,72287.29
1775827548.022,48.022,0.65,0.69,0.32,0.35,0.04,0.03,72287.29
1775827548.371,48.371,0.71,0.73,0.25,0.29,0.02,0.04,72287.29
1775827548.72,48.72,0.7,0.78,0.27,0.3,0.08,0.03,72284.43
1775827549.082,49.082,0.72,0.73,0.27,0.28,0.01,0.01,72280.15
1775827549.443,49.443,0.72,0.73,0.27,0.28,0.01,0.01,72280.15
1775827549.799,49.799,0.72,0.73,0.27,0.28,0.01,0.01,72280.15
1775827550.152,50.152,0.72,0.73,0.27,0.28,0.01,0.01,72293.09
1775827550.547,50.547,0.72,0.73,0.27,0.28,0.01,0.01,72293.09
1775827550.95,50.95,0.74,0.75,0.23,0.26,0.01,0.03,72293.09
1775827551.34,51.34,0.74,0.75,0.25,0.26,0.01,0.01,72293.53
1775827551.719,51.719,0.76,0.77,0.23,0.24,0.01,0.01,72293.53
1775827552.139,52.139,0.76,0.77,0.23,0.24,0.01,0.01,72293.53
1775827552.699,52.699,0.77,0.78,0.22,0.23,0.01,0.01,72295.14
1775827553.038,53.038,0.77,0.78,0.22,0.23,0.01,0.01,72295.14
1775827553.378,53.378,0.76,0.77,0.23,0.24,0.01,0.01,72295.14
1775827553.717,53.717,0.76,0.77,0.23,0.24,0.01,0.01,72298.1
1775827554.197,54.197,0.76,0.77,0.23,0.24,0.01,0.01,72298.1
1775827554.647,54.647,0.76,0.77,0.23,0.24,0.01,0.01,72298.1
1775827555.012,55.012,0.76,0.77,0.23,0.24,0.01,0.01,72298.1
1775827555.45,55.45,0.76,0.77,0.23,0.24,0.01,0.01,72296.57
1775827555.784,55.784,0.76,0.77,0.23,0.24,0.01,0.01,72296.57
1775827556.148,56.148,0.76,0.77,0.23,0.24,0.01,0.01,72296.57
1775827556.613,56.613,0.76,0.77,0.23,0.24,0.01,0.01,72296.82
1775827556.959,56.959,0.76,0.77,0.23,0.24,0.01,0.01,72296.82
1775827557.312,57.312,0.76,0.77,0.23,0.24,0.01,0.01,72296.82
1775827557.652,57.652,0.76,0.77,0.23,0.24,0.01,0.01,72297.2
1775827558.004,58.004,0.76,0.77,0.23,0.24,0.01,0.01,72297.2
1775827558.339,58.339,0.76,0.77,0.23,0.24,0.01,0.01,72297.2
1775827558.727,58.727,0.75,0.77,0.23,0.25,0.02,0.02,72297.2
1775827559.127,59.127,0.74,0.75,0.24,0.25,0.01,0.01,72297.2
1775827560.183,60.183,0.74,0.75,0.25,0.26,0.01,0.01,72297.52
1775827560.587,60.587,0.74,0.75,0.25,0.26,0.01,0.01,72297.18
1775827560.987,60.987,0.74,0.75,0.25,0.26,0.01,0.01,72297.18
1775827561.364,61.364,0.73,0.74,0.26,0.27,0.01,0.01,72296.15
1775827561.727,61.727,0.73,0.74,0.26,0.27,0.01,0.01,72296.15
1775827562.06,62.06,0.71,0.74,0.26,0.28,0.03,0.02,72296.15
1775827562.414,62.414,0.71,0.72,0.28,0.29,0.01,0.01,72294.13
1775827562.765,62.765,0.7,0.71,0.29,0.3,0.01,0.01,72294.13
1775827563.267,63.267,0.68,0.69,0.31,0.32,0.01,0.01,72294.13
1775827563.638,63.638,0.68,0.69,0.31,0.32,0.01,0.01,72293.63
1775827564.333,64.333,0.68,0.69,0.31,0.32,0.01,0.01,72293.63
1775827564.748,64.748,0.68,0.69,0.31,0.32,0.01,0.01,72292.7
1775827565.109,65.109,0.68,0.69,0.31,0.32,0.01,0.01,72292.7
1775827565.631,65.631,0.68,0.69,0.31,0.32,0.01,0.01,72285.99
1775827566.332,66.332,0.69,0.7,0.3,0.31,0.01,0.01,72285.99
1775827566.887,66.887,0.69,0.7,0.3,0.31,0.01,0.01,72284.97
1775827567.351,67.351,0.69,0.7,0.3,0.31,0.01,0.01,72284.92
1775827567.767,67.767,0.69,0.71,0.3,0.31,0.02,0.01,72284.92
1775827568.206,68.206,0.7,0.71,0.29,0.3,0.01,0.01,72284.92
1775827568.602,68.602,0.7,0.71,0.29,0.3,0.01,0.01,72286.11
1775827568.978,68.978,0.71,0.72,0.28,0.3,0.01,0.02,72286.11
1775827569.33,69.33,0.71,0.72,0.28,0.29,0.01,0.01,72286.09
1775827569.768,69.768,0.71,0.72,0.28,0.29,0.01,0.01,72286.09
1775827570.103,70.103,0.72,0.73,0.27,0.28,0.01,0.01,72286.09
1775827570.63,70.63,0.72,0.73,0.27,0.28,0.01,0.01,72286.09
1775827570.976,70.976,0.72,0.73,0.27,0.28,0.01,0.01,72286.09
1775827571.344,71.344,0.72,0.73,0.27,0.28,0.01,0.01,72286.22
1775827571.854,71.854,0.72,0.73,0.27,0.28,0.01,0.01,72286.69
1775827572.192,72.192,0.72,0.73,0.27,0.28,0.01,0.01,72286.69
1775827572.701,72.701,0.72,0.73,0.27,0.28,0.01,0.01,72287.11
1775827573.161,73.161,0.72,0.73,0.27,0.28,0.01,0.01,72287.31
1775827573.643,73.643,0.72,0.73,0.27,0.28,0.01,0.01,72287.31
1775827574.14,74.14,0.72,0.73,0.27,0.28,0.01,0.01,72287.31
1775827574.489,74.489,0.72,0.73,0.27,0.28,0.01,0.01,72289.08
1775827574.874,74.874,0.73,0.74,0.26,0.27,0.01,0.01,72289.08
1775827575.233,75.233,0.73,0.74,0.26,0.27,0.01,0.01,72289.08
1775827575.711,75.711,0.73,0.74,0.26,0.27,0.01,0.01,72289.08
1775827576.158,76.158,0.73,0.74,0.26,0.27,0.01,0.01,72290.21
1775827576.534,76.534,0.73,0.74,0.26,0.27,0.01,0.01,72290.03
1775827577.184,77.184,0.75,0.76,0.26,0.27,0.01,0.01,72290.21
1775827577.584,77.584,0.79,0.8,0.2,0.22,0.01,0.02,72290.21
1775827577.981,77.981,0.79,0.8,0.2,0.21,0.01,0.01,72290.21
1775827578.388,78.388,0.79,0.8,0.2,0.21,0.01,0.01,72290.21
1775827578.96,78.96,0.79,0.8,0.2,0.21,0.01,0.01,72290.22
1775827579.322,79.322,0.79,0.8,0.2,0.21,0.01,0.01,72293.13
1775827579.691,79.691,0.79,0.8,0.2,0.21,0.01,0.01,72293.13
1775827580.256,80.256,0.79,0.8,0.2,0.21,0.01,0.01,72293.13
1775827580.677,80.677,0.79,0.8,0.2,0.21,0.01,0.01,72296.48
1775827581.041,81.041,0.79,0.8,0.2,0.21,0.01,0.01,72296.48
1775827581.569,81.569,0.79,0.8,0.2,0.21,0.01,0.01,72296.61
1775827581.962,81.962,0.79,0.8,0.2,0.21,0.01,0.01,72296.61
1775827582.571,82.571,0.79,0.8,0.2,0.21,0.01,0.01,72296.65
1775827583.325,83.325,0.79,0.8,0.2,0.21,0.01,0.01,72297.02
1775827583.902,83.902,0.79,0.8,0.2,0.21,0.01,0.01,72297.02
1775827584.542,84.542,0.79,0.8,0.2,0.21,0.01,0.01,72296.98
1775827584.904,84.904,0.79,0.8,0.2,0.21,0.01,0.01,72296.98
1775827585.335,85.335,0.79,0.8,0.2,0.21,0.01,0.01,72296.98
1775827585.787,85.787,0.79,0.8,0.2,0.21,0.01,0.01,72297.27
1775827586.238,86.238,0.79,0.8,0.2,0.21,0.01,0.01,72297.27
1775827587.178,87.178,0.79,0.8,0.2,0.21,0.01,0.01,72297.36
1775827587.72,87.72,0.79,0.8,0.2,0.21,0.01,0.01,72298.07
1775827588.511,88.511,0.79,0.8,0.2,0.21,0.01,0.01,72297.94
1775827589.159,89.159,0.8,0.81,0.19,0.2,0.01,0.01,72297.54
1775827589.879,89.879,0.8,0.81,0.19,0.2,0.01,0.01,72297.54
1775827590.484,90.484,0.8,0.81,0.19,0.2,0.01,0.01,72298.98
1775827591.212,91.212,0.8,0.81,0.19,0.2,0.01,0.01,72298.98
1775827591.657,91.657,0.8,0.81,0.19,0.2,0.01,0.01,72300.15
1775827592.207,92.207,0.81,0.82,0.19,0.2,0.01,0.01,72300.25
1775827593.597,93.597,0.81,0.82,0.18,0.19,0.01,0.01,72301.04
1775827594.215,94.215,0.81,0.82,0.18,0.19,0.01,0.01,72301.07
1775827594.889,94.889,0.81,0.82,0.18,0.19,0.01,0.01,72301.07
1775827595.735,95.735,0.82,0.83,0.17,0.18,0.01,0.01,72301.07
1775827597.054,97.054,0.81,0.83,0.17,0.18,0.02,0.01,72301.07
1775827597.415,97.415,0.76,0.78,0.22,0.24,0.02,0.02,72299.91
1775827597.794,97.794,0.76,0.77,0.23,0.24,0.01,0.01,72299.91
1775827598.17,98.17,0.75,0.77,0.23,0.25,0.02,0.02,72299.91
1775827598.983,98.983,0.74,0.75,0.25,0.26,0.01,0.01,72294.04
1775827599.39,99.39,0.74,0.75,0.25,0.26,0.01,0.01,72294.04
1775827599.753,99.753,0.71,0.72,0.26,0.29,0.01,0.03,72294.04
1775827600.092,100.092,0.71,0.72,0.28,0.29,0.01,0.01,72288.64
1775827600.519,100.519,0.7,0.71,0.29,0.3,0.01,0.01,72288.64
1775827600.86,100.86,0.72,0.73,0.27,0.28,0.01,0.01,72288.64
1775827601.203,101.203,0.72,0.73,0.27,0.28,0.01,0.01,72288.36
1775827601.553,101.553,0.72,0.73,0.27,0.28,0.01,0.01,72288.36
1775827602.198,102.198,0.73,0.74,0.26,0.28,0.01,0.02,72286.42
1775827602.71,102.71,0.73,0.74,0.26,0.27,0.01,0.01,72286.42
1775827603.158,103.158,0.73,0.74,0.26,0.27,0.01,0.01,72288.67
1775827603.559,103.559,0.73,0.74,0.26,0.27,0.01,0.01,72288.67
1775827604.035,104.035,0.73,0.74,0.26,0.27,0.01,0.01,72289.06
1775827604.4,104.4,0.73,0.74,0.26,0.27,0.01,0.01,72289.06
1775827604.755,104.755,0.73,0.74,0.26,0.27,0.01,0.01,72289.06
1775827605.267,105.267,0.74,0.75,0.26,0.27,0.01,0.01,72287.73
1775827605.692,105.692,0.75,0.76,0.24,0.25,0.01,0.01,72287.73
1775827606.065,106.065,0.75,0.76,0.24,0.25,0.01,0.01,72287.73
1775827606.549,106.549,0.75,0.76,0.24,0.25,0.01,0.01,72287.81
1775827606.905,106.905,0.75,0.76,0.24,0.25,0.01,0.01,72287.81
1775827607.437,107.437,0.75,0.76,0.24,0.25,0.01,0.01,72287.81
1775827607.946,107.946,0.75,0.76,0.24,0.25,0.01,0.01,72287.81
1775827608.306,108.306,0.75,0.76,0.24,0.25,0.01,0.01,72290.1
1775827608.72,108.72,0.75,0.76,0.24,0.25,0.01,0.01,72290.1
1775827609.502,109.502,0.75,0.76,0.24,0.25,0.01,0.01,72290.1
1775827609.852,109.852,0.75,0.76,0.24,0.25,0.01,0.01,72290.1
1775827610.226,110.226,0.74,0.75,0.25,0.26,0.01,0.01,72290.1
1775827610.776,110.776,0.74,0.75,0.25,0.26,0.01,0.01,72290.09
1775827611.148,111.148,0.73,0.74,0.26,0.27,0.01,0.01,72290.09
1775827611.691,111.691,0.73,0.74,0.26,0.27,0.01,0.01,72289.27
1775827612.047,112.047,0.72,0.73,0.27,0.29,0.01,0.02,72289.27
1775827612.649,112.649,0.72,0.73,0.27,0.28,0.01,0.01,72287.44
1775827613.301,113.301,0.72,0.73,0.27,0.28,0.01,0.01,72287.44
1775827614.289,114.289,0.72,0.73,0.27,0.28,0.01,0.01,72286.03
1775827615.012,115.012,0.72,0.73,0.27,0.28,0.01,0.01,72286.03
1775827615.513,115.513,0.72,0.73,0.27,0.28,0.01,0.01,72285.82
1775827616.393,116.393,0.72,0.73,0.27,0.28,0.01,0.01,72285.86
1775827617.082,117.082,0.73,0.74,0.25,0.28,0.01,0.03,72285.86
1775827617.458,117.458,0.73,0.74,0.26,0.27,0.01,0.01,72285.94
1775827617.842,117.842,0.73,0.74,0.26,0.27,0.01,0.01,72285.94
1775827618.344,118.344,0.73,0.74,0.26,0.27,0.01,0.01,72285.94
1775827618.732,118.732,0.73,0.74,0.26,0.27,0.01,0.01,72285.46
1775827619.577,119.577,0.73,0.74,0.26,0.27,0.01,0.01,72285.66
1775827620.107,120.107,0.73,0.74,0.26,0.27,0.01,0.01,72285.66
1775827620.471,120.471,0.73,0.74,0.26,0.27,0.01,0.01,72285.66
1775827620.83,120.83,0.74,0.75,0.25,0.26,0.01,0.01,72282.66
1775827621.332,121.332,0.75,0.76,0.24,0.26,0.01,0.02,72282.66
1775827621.717,121.717,0.75,0.76,0.24,0.25,0.01,0.01,72282.66
1775827622.191,122.191,0.75,0.76,0.24,0.25,0.01,0.01,72282.66
1775827622.546,122.546,0.75,0.79,0.24,0.25,0.04,0.01,72282.66
1775827622.888,122.888,0.75,0.76,0.24,0.25,0.01,0.01,72282.9
1775827623.329,123.329,0.74,0.76,0.24,0.25,0.02,0.01,72282.9
1775827623.686,123.686,0.69,0.71,0.29,0.3,0.02,0.01,72283.59
1775827624.053,124.053,0.66,0.67,0.32,0.34,0.01,0.02,72283.59
1775827624.428,124.428,0.64,0.66,0.34,0.36,0.02,0.02,72284.75
1775827624.818,124.818,0.61,0.64,0.36,0.39,0.03,0.03,72284.75
1775827625.158,125.158,0.6,0.61,0.39,0.4,0.01,0.01,72284.75
1775827625.495,125.495,0.6,0.61,0.39,0.4,0.01,0.01,72284.75
1775827625.829,125.829,0.6,0.61,0.39,0.4,0.01,0.01,72272.75
1775827626.164,126.164,0.6,0.61,0.39,0.4,0.01,0.01,72272.75
1775827626.522,126.522,0.59,0.6,0.4,0.41,0.01,0.01,72267.57
1775827626.857,126.857,0.59,0.6,0.4,0.41,0.01,0.01,72267.57
1775827627.417,127.417,0.58,0.59,0.41,0.42,0.01,0.01,72262.88
1775827627.789,127.789,0.55,0.58,0.41,0.45,0.03,0.04,72262.88
1775827628.129,128.129,0.54,0.56,0.44,0.46,0.02,0.02,72262.88
1775827628.465,128.465,0.53,0.55,0.45,0.48,0.02,0.03,72262.88
1775827628.836,128.836,0.53,0.54,0.46,0.47,0.01,0.01,72262.34
1775827629.214,129.214,0.52,0.53,0.46,0.48,0.01,0.02,72262.34
1775827629.59,129.59,0.52,0.53,0.47,0.48,0.01,0.01,72260.2
1775827629.975,129.975,0.52,0.53,0.47,0.48,0.01,0.01,72260.2
1775827630.633,130.633,0.52,0.53,0.47,0.48,0.01,0.01,72254.35
1775827631.041,131.041,0.5,0.51,0.49,0.51,0.01,0.02,72254.35
1775827631.417,131.417,0.51,0.54,0.48,0.49,0.03,0.01,72253.3
1775827631.854,131.854,0.53,0.54,0.46,0.47,0.01,0.01,72253.3
1775827632.201,132.201,0.54,0.55,0.45,0.47,0.01,0.02,72253.3
1775827632.555,132.555,0.55,0.56,0.44,0.45,0.01,0.01,72253.58
1775827632.914,132.914,0.55,0.56,0.44,0.45,0.01,0.01,72253.58
1775827633.299,133.299,0.55,0.56,0.44,0.45,0.01,0.01,72255.01
1775827633.645,133.645,0.55,0.56,0.44,0.45,0.01,0.01,72255.01
1775827634.02,134.02,0.55,0.56,0.44,0.45,0.01,0.01,72255.01
1775827634.369,134.369,0.55,0.56,0.44,0.45,0.01,0.01,72255.01
1775827634.758,134.758,0.55,0.56,0.44,0.45,0.01,0.01,72256.74
1775827635.186,135.186,0.55,0.56,0.44,0.45,0.01,0.01,72256.88
1775827635.707,135.707,0.55,0.56,0.44,0.45,0.01,0.01,72256.88
1775827636.069,136.069,0.55,0.56,0.44,0.45,0.01,0.01,72256.7
1775827636.531,136.531,0.56,0.57,0.43,0.45,0.01,0.02,72256.7
1775827636.928,136.928,0.56,0.58,0.43,0.44,0.02,0.01,72256.7
1775827637.458,137.458,0.57,0.58,0.42,0.43,0.01,0.01,72256.57
1775827638.062,138.062,0.57,0.58,0.42,0.43,0.01,0.01,72256.54
1775827638.441,138.441,0.57,0.58,0.42,0.43,0.01,0.01,72256.54
1775827639.067,139.067,0.57,0.58,0.42,0.43,0.01,0.01,72256.54
1775827639.454,139.454,0.57,0.58,0.42,0.43,0.01,0.01,72256.45
1775827639.95,139.95,0.57,0.58,0.42,0.43,0.01,0.01,72256.45
1775827640.374,140.374,0.57,0.58,0.42,0.43,0.01,0.01,72256.53
1775827640.779,140.779,0.57,0.58,0.42,0.43,0.01,0.01,72256.53
1775827641.425,141.425,0.57,0.59,0.42,0.43,0.02,0.01,72256.51
1775827641.777,141.777,0.6,0.61,0.39,0.42,0.01,0.03,72256.51
1775827642.215,142.215,0.61,0.62,0.38,0.39,0.01,0.01,72256.51
1775827642.6,142.6,0.64,0.65,0.35,0.36,0.01,0.01,72256.51
1775827643.048,143.048,0.66,0.67,0.33,0.35,0.01,0.02,72255.9
1775827643.505,143.505,0.66,0.67,0.33,0.34,0.01,0.01,72258.22
1775827643.915,143.915,0.66,0.67,0.32,0.34,0.01,0.02,72258.22
1775827644.32,144.32,0.68,0.69,0.31,0.33,0.01,0.02,72258.22
1775827644.845,144.845,0.68,0.69,0.31,0.32,0.01,0.01,72258.22
1775827645.352,145.352,0.68,0.69,0.31,0.32,0.01,0.01,72266.89
1775827645.847,145.847,0.68,0.69,0.31,0.32,0.01,0.01,72266.97
1775827646.334,146.334,0.68,0.69,0.31,0.32,0.01,0.01,72266.97
1775827646.691,146.691,0.68,0.69,0.31,0.32,0.01,0.01,72267.09
1775827647.341,147.341,0.68,0.69,0.31,0.32,0.01,0.01,72267.23
1775827647.724,147.724,0.68,0.69,0.31,0.32,0.01,0.01,72267.23
1775827648.189,148.189,0.69,0.7,0.3,0.31,0.01,0.01,72267.23
1775827648.736,148.736,0.69,0.72,0.3,0.31,0.03,0.01,72267.95
1775827649.135,149.135,0.71,0.74,0.26,0.29,0.03,0.03,72267.95
1775827649.583,149.583,0.74,0.75,0.25,0.27,0.01,0.02,72267.95
1775827649.931,149.931,0.75,0.76,0.24,0.25,0.01,0.01,72267.95
1775827650.287,150.287,0.75,0.76,0.24,0.25,0.01,0.01,72267.95
1775827650.669,150.669,0.75,0.77,0.24,0.25,0.02,0.01,72272.99
1775827651.383,151.383,0.76,0.77,0.23,0.24,0.01,0.01,72274.59
1775827651.818,151.818,0.78,0.79,0.21,0.22,0.01,0.01,72274.59
1775827652.167,152.167,0.78,0.79,0.21,0.22,0.01,0.01,72274.59
1775827652.698,152.698,0.78,0.79,0.21,0.22,0.01,0.01,72276.37
1775827653.034,153.034,0.78,0.79,0.21,0.22,0.01,0.01,72276.37
1775827653.528,153.528,0.78,0.79,0.21,0.22,0.01,0.01,72276.37
1775827653.892,153.892,0.78,0.79,0.21,0.22,0.01,0.01,72277.12
1775827654.267,154.267,0.78,0.79,0.21,0.22,0.01,0.01,72277.12
1775827654.664,154.664,0.78,0.79,0.21,0.22,0.01,0.01,72277.83
1775827655.034,155.034,0.78,0.79,0.21,0.22,0.01,0.01,72277.83
1775827655.467,155.467,0.78,0.79,0.21,0.22,0.01,0.01,72278.02
1775827655.895,155.895,0.78,0.79,0.21,0.22,0.01,0.01,72278.02
1775827656.408,156.408,0.78,0.79,0.2,0.22,0.01,0.02,72278.02
1775827656.749,156.749,0.78,0.79,0.21,0.22,0.01,0.01,72278.53
1775827657.084,157.084,0.78,0.79,0.21,0.22,0.01,0.01,72278.53
1775827657.422,157.422,0.78,0.8,0.21,0.22,0.02,0.01,72278.98
1775827657.953,157.953,0.79,0.8,0.2,0.21,0.01,0.01,72278.98
1775827658.324,158.324,0.79,0.8,0.2,0.21,0.01,0.01,72278.98
1775827659.216,159.216,0.79,0.8,0.2,0.21,0.01,0.01,72280.25
1775827659.574,159.574,0.79,0.8,0.2,0.21,0.01,0.01,72280.25
1775827660.424,160.424,0.79,0.8,0.2,0.21,0.01,0.01,72280.25
1775827660.758,160.758,0.79,0.8,0.2,0.21,0.01,0.01,72280.25
1775827661.121,161.121,0.83,0.84,0.16,0.17,0.01,0.01,72282.6
1775827661.479,161.479,0.83,0.84,0.16,0.17,0.01,0.01,72282.6
1775827661.83,161.83,0.83,0.84,0.16,0.17,0.01,0.01,72282.6
1775827662.208,162.208,0.85,0.86,0.14,0.15,0.01,0.01,72282.6
1775827662.694,162.694,0.85,0.86,0.14,0.15,0.01,0.01,72294.57
1775827663.027,163.027,0.82,0.83,0.17,0.18,0.01,0.01,72294.57
1775827663.366,163.366,0.82,0.83,0.17,0.18,0.01,0.01,72298.53
1775827663.769,163.769,0.82,0.83,0.17,0.18,0.01,0.01,72298.53
1775827664.207,164.207,0.82,0.83,0.17,0.18,0.01,0.01,72298.53
1775827664.577,164.577,0.82,0.83,0.17,0.18,0.01,0.01,72297.31
1775827665.005,165.005,0.81,0.83,0.17,0.18,0.02,0.01,72297.31
1775827665.355,165.355,0.79,0.82,0.18,0.21,0.03,0.03,72295.99
1775827665.757,165.757,0.79,0.8,0.19,0.21,0.01,0.02,72295.99
1775827666.096,166.096,0.78,0.79,0.2,0.22,0.01,0.02,72295.99
1775827666.448,166.448,0.77,0.79,0.21,0.23,0.02,0.02,72295.99
1775827666.817,166.817,0.77,0.78,0.22,0.23,0.01,0.01,72294.56
1775827667.289,167.289,0.77,0.78,0.22,0.23,0.01,0.01,72290.35
1775827667.754,167.754,0.77,0.78,0.22,0.23,0.01,0.01,72290.35
1775827668.244,168.244,0.77,0.78,0.22,0.23,0.01,0.01,72290.35
1775827668.725,168.725,0.77,0.78,0.22,0.23,0.01,0.01,72287.86
1775827669.384,169.384,0.77,0.78,0.22,0.23,0.01,0.01,72287.31
1775827669.96,169.96,0.77,0.78,0.22,0.23,0.01,0.01,72287.31
1775827670.35,170.35,0.76,0.78,0.22,0.23,0.02,0.01,72287.31
1775827670.687,170.687,0.74,0.75,0.25,0.27,0.01,0.02,72285.41
1775827671.089,171.089,0.72,0.73,0.26,0.28,0.01,0.02,72285.41
1775827671.467,171.467,0.72,0.73,0.27,0.28,0.01,0.01,72285.04
1775827672.23,172.23,0.72,0.73,0.27,0.28,0.01,0.01,72285.04
1775827672.615,172.615,0.7,0.73,0.27,0.3,0.03,0.03,72282.86
1775827673.056,173.056,0.68,0.69,0.31,0.32,0.01,0.01,72282.86
1775827673.523,173.523,0.67,0.68,0.32,0.33,0.01,0.01,72281.39
1775827673.878,173.878,0.67,0.68,0.32,0.33,0.01,0.01,72281.39
1775827674.342,174.342,0.67,0.68,0.32,0.33,0.01,0.01,72281.39
1775827674.761,174.761,0.67,0.68,0.32,0.33,0.01,0.01,72277.98
1775827675.194,175.194,0.68,0.69,0.31,0.33,0.01,0.02,72277.98
1775827675.945,175.945,0.68,0.69,0.31,0.32,0.01,0.01,72274.6
1775827676.581,176.581,0.68,0.69,0.31,0.32,0.01,0.01,72274.68
1775827677.06,177.06,0.73,0.74,0.26,0.27,0.01,0.01,72274.68
1775827677.445,177.445,0.77,0.78,0.23,0.24,0.01,0.01,72274.15
1775827677.817,177.817,0.77,0.78,0.22,0.23,0.01,0.01,72274.15
1775827678.24,178.24,0.77,0.78,0.22,0.23,0.01,0.01,72274.15
1775827678.858,178.858,0.77,0.78,0.22,0.23,0.01,0.01,72274.01
1775827679.263,179.263,0.77,0.78,0.22,0.23,0.01,0.01,72274.01
1775827679.667,179.667,0.77,0.78,0.22,0.23,0.01,0.01,72278.95
1775827680.14,180.14,0.77,0.78,0.22,0.23,0.01,0.01,72278.95
1775827680.597,180.597,0.77,0.78,0.22,0.23,0.01,0.01,72279.67
1775827680.948,180.948,0.75,0.76,0.24,0.25,0.01,0.01,72279.67
1775827681.414,181.414,0.74,0.75,0.24,0.26,0.01,0.02,72279.67
1775827681.819,181.819,0.73,0.74,0.25,0.27,0.01,0.02,72279.68
1775827682.233,182.233,0.73,0.74,0.26,0.27,0.01,0.01,72279.68
1775827682.66,182.66,0.73,0.74,0.26,0.27,0.01,0.01,72279.43
1775827683.129,183.129,0.73,0.74,0.26,0.27,0.01,0.01,72278.3
1775827683.553,183.553,0.73,0.74,0.26,0.27,0.01,0.01,72278.3
1775827684.028,184.028,0.73,0.74,0.26,0.27,0.01,0.01,72278.3
1775827684.571,184.571,0.73,0.74,0.26,0.27,0.01,0.01,72276.34
1775827684.922,184.922,0.75,0.76,0.26,0.27,0.01,0.01,72276.34
1775827685.347,185.347,0.75,0.76,0.24,0.25,0.01,0.01,72276.34
1775827685.763,185.763,0.75,0.77,0.24,0.25,0.02,0.01,72275.77
1775827686.199,186.199,0.76,0.8,0.23,0.24,0.04,0.01,72276.7
1775827686.537,186.537,0.78,0.79,0.21,0.22,0.01,0.01,72276.7
1775827686.949,186.949,0.79,0.81,0.2,0.21,0.02,0.01,72276.7
1775827687.863,187.863,0.8,0.81,0.19,0.21,0.01,0.02,72278.26
1775827688.204,188.204,0.83,0.84,0.17,0.18,0.01,0.01,72279.68
1775827688.556,188.556,0.83,0.84,0.16,0.17,0.01,0.01,72279.68
1775827689.187,189.187,0.83,0.84,0.16,0.17,0.01,0.01,72279.68
1775827690.249,190.249,0.83,0.84,0.16,0.17,0.01,0.01,72281.4
1775827690.711,190.711,0.83,0.84,0.16,0.17,0.01,0.01,72282.66
1775827691.068,191.068,0.83,0.84,0.16,0.17,0.01,0.01,72282.66
1775827691.502,191.502,0.84,0.85,0.15,0.16,0.01,0.01,72282.64
1775827691.883,191.883,0.84,0.85,0.15,0.16,0.01,0.01,72282.64
1775827692.241,192.241,0.87,0.89,0.1,0.16,0.02,0.06,72282.64
1775827692.623,192.623,0.87,0.89,0.12,0.13,0.02,0.01,72283.5
1775827692.99,192.99,0.87,0.88,0.12,0.13,0.01,0.01,72283.5
1775827693.347,193.347,0.87,0.88,0.12,0.13,0.01,0.01,72283.5
1775827693.708,193.708,0.87,0.88,0.12,0.13,0.01,0.01,72286.76
1775827694.122,194.122,0.87,0.88,0.12,0.13,0.01,0.01,72286.76
1775827694.514,194.514,0.87,0.88,0.12,0.13,0.01,0.01,72287.19
1775827694.96,194.96,0.87,0.88,0.12,0.13,0.01,0.01,72287.19
1775827695.453,195.453,0.87,0.88,0.12,0.13,0.01,0.01,72287.65
1775827695.792,195.792,0.87,0.88,0.12,0.13,0.01,0.01,72287.65
1775827696.144,196.144,0.87,0.88,0.12,0.13,0.01,0.01,72287.65
1775827696.611,196.611,0.87,0.88,0.12,0.13,0.01,0.01,72287.61
1775827696.959,196.959,0.87,0.88,0.12,0.13,0.01,0.01,72287.61
1775827697.616,197.616,0.87,0.88,0.12,0.13,0.01,0.01,72287.83
1775827698.087,198.087,0.89,0.9,0.1,0.11,0.01,0.01,72288.16
1775827698.545,198.545,0.89,0.92,0.08,0.11,0.03,0.03,72288.16
1775827698.885,198.885,0.92,0.93,0.07,0.08,0.01,0.01,72288.16
1775827699.233,199.233,0.92,0.93,0.07,0.08,0.01,0.01,72288.92
1775827699.613,199.613,0.92,0.93,0.07,0.08,0.01,0.01,72288.92
1775827699.96,199.96,0.92,0.93,0.07,0.08,0.01,0.01,72288.92
1775827700.425,200.425,0.91,0.92,0.08,0.09,0.01,0.01,72296.89
1775827700.758,200.758,0.91,0.92,0.08,0.09,0.01,0.01,72296.89
1775827701.094,201.094,0.91,0.92,0.08,0.09,0.01,0.01,72297.34
1775827701.44,201.44,0.92,0.93,0.07,0.08,0.01,0.01,72297.34
1775827701.875,201.875,0.92,0.93,0.07,0.08,0.01,0.01,72297.34
1775827702.224,202.224,0.92,0.93,0.07,0.08,0.01,0.01,72297.24
1775827702.565,202.565,0.92,0.93,0.07,0.08,0.01,0.01,72297.24
1775827702.971,202.971,0.92,0.93,0.07,0.08,0.01,0.01,72297.24
1775827703.384,203.384,0.92,0.93,0.07,0.08,0.01,0.01,72297.27
1775827703.921,203.921,0.92,0.93,0.07,0.08,0.01,0.01,72297.27
1775827704.275,204.275,0.92,0.93,0.07,0.09,0.01,0.02,72299.19
1775827704.609,204.609,0.91,0.92,0.08,0.09,0.01,0.01,72299.19
1775827704.958,204.958,0.91,0.92,0.08,0.09,0.01,0.01,72299.19
1775827705.331,205.331,0.91,0.92,0.08,0.09,0.01,0.01,72299.08
1775827705.94,205.94,0.91,0.92,0.08,0.09,0.01,0.01,72299.08
1775827706.458,206.458,0.91,0.92,0.08,0.09,0.01,0.01,72299.91
1775827706.797,206.797,0.91,0.92,0.08,0.09,0.01,0.01,72299.91
1775827707.605,207.605,0.92,0.93,0.07,0.08,0.01,0.01,72299.54
1775827708.143,208.143,0.92,0.93,0.07,0.08,0.01,0.01,72299.54
1775827708.506,208.506,0.92,0.93,0.07,0.08,0.01,0.01,72299.54
1775827709.19,209.19,0.92,0.93,0.07,0.08,0.01,0.01,72299.34
1775827710.062,210.062,0.92,0.93,0.07,0.08,0.01,0.01,72299.55
1775827710.46,210.46,0.92,0.93,0.07,0.08,0.01,0.01,72299.55
1775827711.045,211.045,0.92,0.93,0.07,0.08,0.01,0.01,72299.71
1775827711.463,211.463,0.92,0.93,0.07,0.08,0.01,0.01,72299.71
1775827711.828,211.828,0.92,0.93,0.07,0.08,0.01,0.01,72299.71
1775827712.183,212.183,0.92,0.93,0.07,0.08,0.01,0.01,72299.71
1775827712.556,212.556,0.92,0.93,0.07,0.08,0.01,0.01,72299.71
1775827712.944,212.944,0.92,0.93,0.07,0.08,0.01,0.01,72299.71
1775827713.741,213.741,0.92,0.93,0.07,0.08,0.01,0.01,72299.79
1775827714.286,214.286,0.92,0.93,0.07,0.08,0.01,0.01,72299.85
1775827714.787,214.787,0.92,0.93,0.07,0.08,0.01,0.01,72299.85
1775827715.137,215.137,0.94,0.95,0.05,0.06,0.01,0.01,72299.85
1775827715.57,215.57,0.94,0.95,0.05,0.06,0.01,0.01,72299.85
1775827715.906,215.906,0.94,0.95,0.05,0.06,0.01,0.01,72299.85
1775827716.274,216.274,0.94,0.95,0.05,0.06,0.01,0.01,72299.57
1775827716.634,216.634,0.94,0.95,0.05,0.06,0.01,0.01,72299.57
1775827717.077,217.077,0.94,0.95,0.05,0.06,0.01,0.01,72304.64
1775827717.507,217.507,0.94,0.95,0.05,0.06,0.01,0.01,72304.64
1775827718.07,218.07,0.94,0.95,0.05,0.06,0.01,0.01,72304.64
1775827718.404,218.404,0.94,0.95,0.05,0.06,0.01,0.01,72304.97
1775827718.745,218.745,0.94,0.95,0.05,0.06,0.01,0.01,72304.97
1775827719.245,219.245,0.94,0.95,0.05,0.06,0.01,0.01,72304.59
1775827719.706,219.706,0.94,0.95,0.05,0.06,0.01,0.01,72304.59
1775827720.043,220.043,0.94,0.95,0.05,0.06,0.01,0.01,72304.59
1775827720.447,220.447,0.94,0.95,0.05,0.06,0.01,0.01,72304.85
1775827720.896,220.896,0.94,0.95,0.05,0.06,0.01,0.01,72304.85
1775827721.518,221.518,0.94,0.95,0.05,0.06,0.01,0.01,72304.85
1775827721.895,221.895,0.94,0.95,0.05,0.06,0.01,0.01,72304.85
1775827722.526,222.526,0.94,0.95,0.05,0.06,0.01,0.01,72304.56
1775827722.908,222.908,0.94,0.95,0.05,0.06,0.01,0.01,72304.56
1775827723.262,223.262,0.94,0.95,0.05,0.06,0.01,0.01,72304.77
1775827723.775,223.775,0.94,0.95,0.05,0.06,0.01,0.01,72304.77
1775827724.182,224.182,0.94,0.95,0.05,0.06,0.01,0.01,72305.87
1775827724.657,224.657,0.94,0.95,0.05,0.06,0.01,0.01,72305.87
1775827725.185,225.185,0.94,0.96,0.05,0.06,0.02,0.01,72305.74
1775827725.634,225.634,0.95,0.96,0.04,0.05,0.01,0.01,72305.74
1775827726.485,226.485,0.95,0.96,0.04,0.05,0.01,0.01,72305.7
1775827727.001,227.001,0.95,0.96,0.04,0.05,0.01,0.01,72305.7
1775827727.399,227.399,0.95,0.96,0.04,0.05,0.01,0.01,72306
1775827728.004,228.004,0.96,0.97,0.03,0.04,0.01,0.01,72306
1775827728.592,228.592,0.96,0.97,0.03,0.04,0.01,0.01,72306.27
1775827728.948,228.948,0.96,0.97,0.03,0.04,0.01,0.01,72306.27
1775827729.493,229.493,0.96,0.97,0.03,0.04,0.01,0.01,72306.44
1775827729.944,229.944,0.96,0.97,0.03,0.04,0.01,0.01,72306.44
1775827730.286,230.286,0.96,0.97,0.03,0.04,0.01,0.01,72306.51
1775827730.703,230.703,0.95,0.96,0.03,0.05,0.01,0.02,72306.51
1775827731.132,231.132,0.96,0.97,0.03,0.04,0.01,0.01,72306.51
1775827731.499,231.499,0.95,0.96,0.03,0.04,0.01,0.01,72306.51
1775827731.861,231.861,0.96,0.97,0.03,0.04,0.01,0.01,72306.51
1775827732.24,232.24,0.96,0.97,0.03,0.04,0.01,0.01,72306.46
1775827733.11,233.11,0.96,0.97,0.03,0.04,0.01,0.01,72306.56
1775827733.48,233.48,0.96,0.97,0.03,0.04,0.01,0.01,72306.56
1775827734.029,234.029,0.96,0.97,0.03,0.04,0.01,0.01,72306.56
1775827734.382,234.382,0.96,0.97,0.03,0.04,0.01,0.01,72306.6
1775827734.861,234.861,0.96,0.97,0.03,0.04,0.01,0.01,72306.6
1775827735.327,235.327,0.96,0.97,0.03,0.04,0.01,0.01,72306.6
1775827735.662,235.662,0.96,0.97,0.03,0.04,0.01,0.01,72306.6
1775827736.092,236.092,0.96,0.97,0.03,0.04,0.01,0.01,72306.6
1775827736.547,236.547,0.96,0.97,0.03,0.04,0.01,0.01,72306.6
1775827737.212,237.212,0.94,0.96,0.04,0.05,0.02,0.01,72306.36
1775827737.631,237.631,0.95,0.96,0.04,0.05,0.01,0.01,72306.36
1775827738.063,238.063,0.95,0.97,0.04,0.05,0.02,0.01,72306.36
1775827738.636,238.636,0.96,0.97,0.03,0.04,0.01,0.01,72306.36
1775827739.024,239.024,0.96,0.97,0.03,0.04,0.01,0.01,72306.36
1775827739.447,239.447,0.96,0.97,0.03,0.04,0.01,0.01,72304.35
1775827739.856,239.856,0.96,0.97,0.03,0.04,0.01,0.01,72304.35
1775827740.37,240.37,0.96,0.97,0.03,0.04,0.01,0.01,72302.64
1775827740.751,240.751,0.96,0.97,0.03,0.04,0.01,0.01,72302.64
1775827741.203,241.203,0.96,0.97,0.03,0.04,0.01,0.01,72302.74
1775827741.569,241.569,0.96,0.97,0.03,0.04,0.01,0.01,72302.74
1775827741.921,241.921,0.96,0.97,0.03,0.04,0.01,0.01,72302.74
1775827742.289,242.289,0.96,0.97,0.03,0.04,0.01,0.01,72302.75
1775827742.73,242.73,0.96,0.97,0.03,0.04,0.01,0.01,72302.75
1775827743.108,243.108,0.96,0.97,0.03,0.04,0.01,0.01,72302.77
1775827743.464,243.464,0.96,0.97,0.03,0.04,0.01,0.01,72302.77
1775827743.952,243.952,0.96,0.97,0.03,0.04,0.01,0.01,72301.75
1775827744.309,244.309,0.96,0.97,0.03,0.04,0.01,0.01,72301.75
1775827744.757,244.757,0.96,0.97,0.03,0.04,0.01,0.01,72301.75
1775827745.11,245.11,0.96,0.97,0.03,0.04,0.01,0.01,72301.15
1775827745.498,245.498,0.96,0.97,0.03,0.04,0.01,0.01,72301.15
1775827745.986,245.986,0.96,0.97,0.03,0.04,0.01,0.01,72301.2
1775827746.348,246.348,0.96,0.97,0.03,0.04,0.01,0.01,72301.2
1775827746.861,246.861,0.96,0.97,0.03,0.04,0.01,0.01,72301.2
1775827747.206,247.206,0.96,0.97,0.03,0.04,0.01,0.01,72302.19
1775827748.059,248.059,0.96,0.97,0.03,0.04,0.01,0.01,72302.19
1775827748.487,248.487,0.96,0.97,0.02,0.04,0.01,0.02,72302.19
1775827748.98,248.98,0.97,0.98,0.02,0.03,0.01,0.01,72302.19
1775827749.493,249.493,0.97,0.98,0.02,0.03,0.01,0.01,72302.19
1775827749.93,249.93,0.97,0.98,0.02,0.03,0.01,0.01,72302.19
1775827750.289,250.289,0.97,0.98,0.02,0.03,0.01,0.01,72302.73
1775827751.05,251.05,0.97,0.98,0.02,0.03,0.01,0.01,72302.73
1775827751.502,251.502,0.97,0.98,0.02,0.03,0.01,0.01,72302.73
1775827751.997,251.997,0.97,0.98,0.02,0.03,0.01,0.01,72302.73
1775827752.716,252.716,0.97,0.98,0.02,0.03,0.01,0.01,72302.84
1775827753.058,253.058,0.97,0.98,0.02,0.03,0.01,0.01,72302.85
1775827753.467,253.467,0.97,0.98,0.02,0.03,0.01,0.01,72302.85
1775827753.89,253.89,0.97,0.98,0.02,0.03,0.01,0.01,72302.85
1775827754.37,254.37,0.97,0.98,0.02,0.03,0.01,0.01,72302.83
1775827754.744,254.744,0.97,0.98,0.02,0.03,0.01,0.01,72302.83
1775827755.095,255.095,0.97,0.98,0.02,0.03,0.01,0.01,72302.83
1775827755.627,255.627,0.97,0.98,0.02,0.03,0.01,0.01,72302.83
1775827756.002,256.002,0.97,0.98,0.02,0.03,0.01,0.01,72302.75
1775827756.81,256.81,0.97,0.98,0.02,0.04,0.01,0.02,72302.75
1775827757.183,257.183,0.97,0.98,0.02,0.03,0.01,0.01,72302.74
1775827757.769,257.769,0.97,0.98,0.02,0.03,0.01,0.01,72302.74
1775827758.282,258.282,0.97,0.98,0.02,0.03,0.01,0.01,72302.92
1775827758.908,258.908,0.97,0.98,0.02,0.03,0.01,0.01,72302.92
1775827759.417,259.417,0.97,0.98,0.02,0.03,0.01,0.01,72302.92
1775827760.163,260.163,0.97,0.98,0.02,0.03,0.01,0.01,72303.06
1775827760.612,260.612,0.97,0.98,0.02,0.03,0.01,0.01,72303.06
1775827760.951,260.951,0.97,0.98,0.02,0.03,0.01,0.01,72303.06
1775827761.429,261.429,0.97,0.98,0.02,0.03,0.01,0.01,72303.07
1775827761.83,261.83,0.97,0.98,0.02,0.03,0.01,0.01,72303.07
1775827762.381,262.381,0.96,0.97,0.02,0.05,0.01,0.03,72304.08
1775827762.727,262.727,0.96,0.97,0.03,0.04,0.01,0.01,72304.08
1775827763.067,263.067,0.96,0.97,0.03,0.04,0.01,0.01,72304.08
1775827763.411,263.411,0.96,0.97,0.03,0.04,0.01,0.01,72304.08
1775827763.762,263.762,0.96,0.97,0.03,0.04,0.01,0.01,72304.08
1775827764.34,264.34,0.96,0.97,0.03,0.04,0.01,0.01,72305.51
1775827764.976,264.976,0.97,0.98,0.03,0.04,0.01,0.01,72305.21
1775827765.364,265.364,0.97,0.98,0.02,0.03,0.01,0.01,72305.21
1775827766.173,266.173,0.97,0.98,0.02,0.03,0.01,0.01,72305.14
1775827766.624,266.624,0.97,0.98,0.02,0.03,0.01,0.01,72305.14
1775827766.982,266.982,0.97,0.98,0.02,0.03,0.01,0.01,72305.14
1775827767.362,267.362,0.97,0.98,0.02,0.03,0.01,0.01,72305.98
1775827767.709,267.709,0.97,0.98,0.02,0.03,0.01,0.01,72305.98
1775827768.214,268.214,0.97,0.98,0.02,0.03,0.01,0.01,72305.95
1775827768.59,268.59,0.98,0.99,0.01,0.02,0.01,0.01,72305.95
1775827769.041,269.041,0.98,0.99,0.01,0.02,0.01,0.01,72305.95
1775827769.407,269.407,0.98,0.99,0.01,0.02,0.01,0.01,72305.95
1775827770.014,270.014,0.98,0.99,0.01,0.02,0.01,0.01,72305.95
1775827770.349,270.349,0.98,0.99,0.01,0.02,0.01,0.01,72305.95
1775827770.702,270.702,0.98,0.99,0.01,0.02,0.01,0.01,72305.95
1775827771.053,271.053,0.98,0.99,0.01,0.02,0.01,0.01,72305.95
1775827771.397,271.397,0.98,0.99,0.01,0.02,0.01,0.01,72306.05
1775827771.781,271.781,0.98,0.99,0.01,0.02,0.01,0.01,72306.05
1775827772.121,272.121,0.98,0.99,0.01,0.02,0.01,0.01,72306.05
1775827772.458,272.458,0.98,0.99,0.01,0.02,0.01,0.01,72304.7
1775827772.804,272.804,0.98,0.99,0.01,0.02,0.01,0.01,72304.7
1775827773.19,273.19,0.98,0.99,0.01,0.02,0.01,0.01,72304.7
1775827773.661,273.661,0.98,0.99,0.01,0.02,0.01,0.01,72305.72
1775827774.016,274.016,0.98,0.99,0.01,0.02,0.01,0.01,72305.72
1775827774.531,274.531,0.99,0.99,0.01,0.01,0.0,0.0,72305.64
1775827774.991,274.991,0.99,0.99,0.01,0.01,0.0,0.0,72305.64
1775827775.326,275.326,0.99,0.99,0.01,0.01,0.0,0.0,72305.75
1775827775.811,275.811,0.99,0.99,0.01,0.01,0.0,0.0,72305.75
1775827776.152,276.152,0.99,0.99,0.01,0.01,0.0,0.0,72305.75
1775827776.62,276.62,0.99,0.99,0.01,0.01,0.0,0.0,72305.75
1775827777.168,277.168,0.99,0.99,0.01,0.01,0.0,0.0,72305.75
1775827777.627,277.627,0.99,0.99,0.01,0.01,0.0,0.0,72305.76
1775827778.104,278.104,0.99,0.99,0.01,0.01,0.0,0.0,72305.76
1775827778.985,278.985,0.99,0.99,0.01,0.01,0.0,0.0,72305.51
1775827779.4,279.4,0.99,0.99,0.01,0.01,0.0,0.0,72305.51
1775827779.788,279.788,0.99,0.99,0.01,0.01,0.0,0.0,72305.51
1775827780.281,280.281,0.99,0.99,0.01,0.01,0.0,0.0,72305.51
1775827780.657,280.657,0.99,0.99,0.01,0.01,0.0,0.0,72305.51
1775827781.154,281.154,0.99,0.99,0.01,0.01,0.0,0.0,72305.39
1775827781.519,281.519,0.99,0.99,0.01,0.01,0.0,0.0,72305.39
1775827782.372,282.372,0.99,0.99,0.01,0.01,0.0,0.0,72305.39
1775827782.979,282.979,0.99,0.99,0.01,0.01,0.0,0.0,72305.39
1775827783.691,283.691,0.99,0.99,0.01,0.01,0.0,0.0,72305.15
1775827784.234,284.234,0.99,0.99,0.01,0.01,0.0,0.0,72305.15
1775827785.203,285.203,0.99,0.99,0.01,0.01,0.0,0.0,72305.87
1775827785.942,285.942,0.99,0.99,0.01,0.01,0.0,0.0,72305.84
1775827786.391,286.391,0.99,0.99,0.01,0.01,0.0,0.0,72305.84
1775827787.008,287.008,0.99,0.99,0.01,0.01,0.0,0.0,72305.86
1775827787.348,287.348,0.99,0.99,0.01,0.01,0.0,0.0,72305.86
1775827788.086,288.086,0.99,0.99,0.01,0.01,0.0,0.0,72301.0
1775827788.66,288.66,0.99,0.99,0.01,0.01,0.0,0.0,72301.0
1775827789.075,289.075,0.99,0.99,0.01,0.01,0.0,0.0,72301.0
1775827789.527,289.527,0.99,0.99,0.01,0.01,0.0,0.0,72293.46
1775827790.104,290.104,0.99,0.99,0.01,0.01,0.0,0.0,72293.46
1775827790.719,290.719,0.99,0.99,0.01,0.01,0.0,0.0,72291.28
1775827792.162,292.162,0.99,0.99,0.01,0.01,0.0,0.0,72291.27
1775827792.765,292.765,0.99,0.99,0.01,0.01,0.0,0.0,72291.27
1775827793.364,293.364,0.99,0.99,0.01,0.01,0.0,0.0,72288.86
1775827794.299,294.299,0.99,0.99,0.01,0.01,0.0,0.0,72288.86
1775827795.555,295.555,0.99,0.99,0.01,0.01,0.0,0.0,72288.94
1775827797.065,297.065,0.99,0.99,0.01,0.01,0.0,0.0,72290.16
1775827798.151,298.151,0.99,0.99,0.01,0.01,0.0,0.0,72294.96
1775827799.442,299.442,0.99,0.99,0.01,0.01,0.0,0.0,72303.79
1775827800.34,300.34,0.99,0.99,0.01,0.01,0.0,0.0,72303.79

# RESULT,winner=Up,slug=btc-updown-5m-1775827500,ticks=647
