timestamp,elapsed_sec,up_bid,up_ask,down_bid,down_ask,up_spread,down_spread,btc_price,btc_oracle_ts
1775942700.615,0.615,0.49,0.5,0.5,0.51,0.01,0.01,73368.7,1775942699000
1775942701.049,1.049,0.47,0.48,0.5,0.53,0.01,0.03,73368.7,1775942699000
1775942701.435,1.435,0.47,0.48,0.52,0.53,0.01,0.01,73368.7,1775942700000
1775942702.091,2.091,0.47,0.48,0.52,0.53,0.01,0.01,73368.7,1775942700000
1775942702.606,2.606,0.5,0.51,0.49,0.5,0.01,0.01,73368.71,1775942701000
1775942703.248,3.248,0.5,0.51,0.49,0.5,0.01,0.01,73368.71,1775942701000
1775942703.608,3.608,0.5,0.51,0.49,0.5,0.01,0.01,73368.3,1775942702000
1775942703.955,3.955,0.5,0.51,0.49,0.5,0.01,0.01,73368.3,1775942702000
1775942704.369,4.369,0.5,0.51,0.49,0.5,0.01,0.01,73368.3,1775942702000
1775942704.761,4.761,0.49,0.5,0.5,0.51,0.01,0.01,73371.27,1775942703000
1775942705.136,5.136,0.49,0.5,0.5,0.51,0.01,0.01,73371.27,1775942703000
1775942705.511,5.511,0.5,0.51,0.49,0.5,0.01,0.01,73371.29,1775942704000
1775942705.851,5.851,0.51,0.52,0.48,0.49,0.01,0.01,73371.29,1775942704000
1775942706.187,6.187,0.51,0.52,0.48,0.49,0.01,0.01,73371.29,1775942704000
1775942706.607,6.607,0.52,0.53,0.47,0.48,0.01,0.01,73371.29,1775942704000
1775942707.011,7.011,0.51,0.52,0.48,0.49,0.01,0.01,73371.05,1775942705000
1775942707.351,7.351,0.51,0.52,0.48,0.49,0.01,0.01,73371.05,1775942706000
1775942707.704,7.704,0.5,0.51,0.48,0.49,0.01,0.01,73371.05,1775942706000
1775942708.232,8.232,0.49,0.5,0.5,0.51,0.01,0.01,73370.28,1775942707000
1775942708.707,8.707,0.49,0.5,0.5,0.51,0.01,0.01,73370.28,1775942707000
1775942709.045,9.045,0.49,0.5,0.5,0.51,0.01,0.01,73370.28,1775942707000
1775942709.85,9.85,0.49,0.5,0.5,0.51,0.01,0.01,73370.19,1775942708000
1775942710.224,10.224,0.49,0.5,0.5,0.51,0.01,0.01,73370.19,1775942708000
1775942710.585,10.585,0.49,0.5,0.5,0.51,0.01,0.01,73370.19,1775942709000
1775942711.283,11.283,0.5,0.51,0.49,0.51,0.01,0.02,73370.19,1775942709000
1775942711.673,11.673,0.5,0.51,0.49,0.5,0.01,0.01,73370.23,1775942710000
1775942712.032,12.032,0.5,0.51,0.49,0.5,0.01,0.01,73370.23,1775942710000
1775942712.625,12.625,0.5,0.51,0.49,0.5,0.01,0.01,73370.13,1775942711000
1775942712.971,12.971,0.5,0.51,0.49,0.5,0.01,0.01,73370.13,1775942711000
1775942713.348,13.348,0.5,0.51,0.49,0.5,0.01,0.01,73370.12,1775942712000
1775942713.755,13.755,0.5,0.51,0.49,0.5,0.01,0.01,73370.12,1775942712000
1775942714.159,14.159,0.5,0.51,0.49,0.5,0.01,0.01,73370.12,1775942712000
1775942714.613,14.613,0.49,0.5,0.5,0.51,0.01,0.01,73370.13,1775942713000
1775942715.166,15.166,0.49,0.51,0.49,0.51,0.02,0.02,73370.13,1775942714000
1775942715.56,15.56,0.51,0.52,0.48,0.5,0.01,0.02,73370.13,1775942714000
1775942715.964,15.964,0.51,0.52,0.48,0.49,0.01,0.01,73370.13,1775942714000
1775942716.316,16.316,0.51,0.52,0.48,0.49,0.01,0.01,73370.13,1775942714000
1775942716.811,16.811,0.51,0.52,0.48,0.49,0.01,0.01,73370.14,1775942715000
1775942717.322,17.322,0.5,0.51,0.48,0.5,0.01,0.02,73370.14,1775942716000
1775942717.78,17.78,0.5,0.51,0.49,0.5,0.01,0.01,73370.14,1775942716000
1775942718.173,18.173,0.5,0.51,0.49,0.5,0.01,0.01,73370.14,1775942716000
1775942718.511,18.511,0.5,0.51,0.49,0.5,0.01,0.01,73370.14,1775942717000
1775942719.186,19.186,0.5,0.51,0.49,0.5,0.01,0.01,73370.14,1775942717000
1775942719.556,19.556,0.5,0.51,0.49,0.5,0.01,0.01,73370.15,1775942718000
1775942719.996,19.996,0.5,0.51,0.49,0.5,0.01,0.01,73370.15,1775942718000
1775942720.661,20.661,0.5,0.51,0.49,0.5,0.01,0.01,73369.87,1775942719000
1775942721.159,21.159,0.5,0.51,0.49,0.5,0.01,0.01,73369.87,1775942719000
1775942721.952,21.952,0.5,0.51,0.49,0.5,0.01,0.01,73369.74,1775942720000
1775942722.509,22.509,0.5,0.51,0.49,0.5,0.01,0.01,73369.74,1775942721000
1775942722.948,22.948,0.5,0.51,0.49,0.5,0.01,0.01,73369.74,1775942721000
1775942723.346,23.346,0.5,0.51,0.49,0.5,0.01,0.01,73369.74,1775942721000
1775942723.695,23.695,0.5,0.51,0.49,0.5,0.01,0.01,73369.75,1775942722000
1775942724.102,24.102,0.5,0.51,0.49,0.5,0.01,0.01,73369.75,1775942723000
1775942724.449,24.449,0.51,0.52,0.48,0.5,0.01,0.02,73369.75,1775942723000
1775942724.876,24.876,0.51,0.52,0.48,0.49,0.01,0.01,73369.75,1775942723000
1775942725.294,25.294,0.51,0.52,0.48,0.49,0.01,0.01,73369.75,1775942723000
1775942726.021,26.021,0.51,0.52,0.48,0.49,0.01,0.01,73369.76,1775942725000
1775942726.462,26.462,0.51,0.52,0.48,0.49,0.01,0.01,73369.76,1775942725000
1775942726.91,26.91,0.51,0.52,0.48,0.49,0.01,0.01,73369.76,1775942725000
1775942727.32,27.32,0.51,0.52,0.48,0.49,0.01,0.01,73369.76,1775942725000
1775942727.703,27.703,0.51,0.52,0.48,0.49,0.01,0.01,73370.01,1775942726000
1775942728.094,28.094,0.51,0.52,0.48,0.49,0.01,0.01,73370.01,1775942727000
1775942728.731,28.731,0.52,0.53,0.47,0.49,0.01,0.02,73370.01,1775942727000
1775942729.301,29.301,0.52,0.53,0.47,0.48,0.01,0.01,73370.01,1775942727000
1775942729.952,29.952,0.52,0.53,0.47,0.48,0.01,0.01,73370.05,1775942728000
1775942730.383,30.383,0.52,0.53,0.47,0.48,0.01,0.01,73370.01,1775942729000
1775942730.781,30.781,0.46,0.47,0.53,0.55,0.01,0.02,73370.01,1775942729000
1775942731.201,31.201,0.46,0.47,0.53,0.54,0.01,0.01,73370.01,1775942729000
1775942731.707,31.707,0.45,0.46,0.53,0.55,0.01,0.02,73370.01,1775942730000
1775942732.073,32.073,0.45,0.46,0.54,0.55,0.01,0.01,73370.01,1775942730000
1775942732.547,32.547,0.45,0.46,0.54,0.55,0.01,0.01,73370.01,1775942730000
1775942732.905,32.905,0.45,0.46,0.54,0.55,0.01,0.01,73370.01,1775942731000
1775942733.379,33.379,0.45,0.46,0.54,0.55,0.01,0.01,73370.02,1775942732000
1775942733.717,33.717,0.45,0.46,0.54,0.55,0.01,0.01,73370.02,1775942732000
1775942734.202,34.202,0.43,0.44,0.54,0.61,0.01,0.07,73370.02,1775942732000
1775942734.567,34.567,0.42,0.44,0.57,0.58,0.02,0.01,73370.02,1775942732000
1775942734.936,34.936,0.42,0.43,0.57,0.58,0.01,0.01,73370.02,1775942732000
1775942735.29,35.29,0.42,0.43,0.56,0.58,0.01,0.02,73370.02,1775942732000
1775942735.713,35.713,0.44,0.45,0.55,0.57,0.01,0.02,73370.02,1775942732000
1775942736.093,36.093,0.44,0.45,0.55,0.56,0.01,0.01,73370.02,1775942732000
1775942736.663,36.663,0.45,0.46,0.54,0.55,0.01,0.01,73370.02,1775942732000
1775942737.06,37.06,0.45,0.46,0.54,0.55,0.01,0.01,73370.02,1775942732000
1775942737.607,37.607,0.45,0.46,0.54,0.55,0.01,0.01,73370.02,1775942732000
1775942738.148,38.148,0.45,0.46,0.54,0.55,0.01,0.01,73370.02,1775942732000
1775942738.489,38.489,0.45,0.46,0.54,0.55,0.01,0.01,73370.02,1775942732000
1775942738.931,38.931,0.45,0.47,0.54,0.55,0.02,0.01,73370.02,1775942732000
1775942739.584,39.584,0.45,0.46,0.54,0.55,0.01,0.01,73370.02,1775942732000
1775942740.169,40.169,0.45,0.47,0.54,0.55,0.02,0.01,73370.02,1775942732000
1775942740.523,40.523,0.45,0.46,0.54,0.55,0.01,0.01,73370.02,1775942732000
1775942741.03,41.03,0.46,0.47,0.53,0.55,0.01,0.02,73370.02,1775942732000
1775942741.916,41.916,0.46,0.47,0.53,0.54,0.01,0.01,73370.02,1775942732000
1775942742.28,42.28,0.46,0.47,0.53,0.54,0.01,0.01,73371.15,1775942741000
1775942742.977,42.977,0.46,0.47,0.53,0.54,0.01,0.01,73371.2,1775942742000
1775942743.46,43.46,0.46,0.47,0.53,0.54,0.01,0.01,73371.2,1775942742000
1775942743.896,43.896,0.47,0.48,0.52,0.53,0.01,0.01,73371.21,1775942743000
1775942744.61,44.61,0.47,0.48,0.52,0.53,0.01,0.01,73371.21,1775942743000
1775942745.039,45.039,0.47,0.48,0.52,0.53,0.01,0.01,73371.22,1775942744000
1775942745.451,45.451,0.47,0.48,0.52,0.53,0.01,0.01,73371.22,1775942744000
1775942745.787,45.787,0.47,0.48,0.52,0.53,0.01,0.01,73371.22,1775942744000
1775942746.174,46.174,0.46,0.48,0.52,0.53,0.02,0.01,73371.26,1775942745000
1775942746.623,46.623,0.46,0.47,0.53,0.54,0.01,0.01,73371.26,1775942745000
1775942747.301,47.301,0.46,0.47,0.53,0.54,0.01,0.01,73371.26,1775942746000
1775942747.81,47.81,0.46,0.47,0.53,0.54,0.01,0.01,73371.26,1775942746000
1775942748.55,48.55,0.46,0.47,0.53,0.54,0.01,0.01,73371.26,1775942746000
1775942749.176,49.176,0.45,0.46,0.53,0.54,0.01,0.01,73371.1,1775942747000
1775942750.189,50.189,0.45,0.46,0.54,0.55,0.01,0.01,73371.09,1775942748000
1775942750.814,50.814,0.45,0.46,0.54,0.55,0.01,0.01,73371.09,1775942748000
1775942751.164,51.164,0.45,0.46,0.54,0.55,0.01,0.01,73371.09,1775942748000
1775942751.711,51.711,0.45,0.47,0.54,0.55,0.02,0.01,73371.09,1775942750000
1775942752.15,52.15,0.46,0.47,0.53,0.54,0.01,0.01,73371.09,1775942750000
1775942752.548,52.548,0.46,0.47,0.53,0.54,0.01,0.01,73371.1,1775942751000
1775942752.885,52.885,0.46,0.47,0.53,0.54,0.01,0.01,73371.1,1775942751000
1775942753.679,53.679,0.46,0.48,0.53,0.54,0.02,0.01,73371.1,1775942751000
1775942754.129,54.129,0.47,0.48,0.52,0.53,0.01,0.01,73371.08,1775942752000
1775942754.49,54.49,0.47,0.48,0.52,0.53,0.01,0.01,73371.06,1775942753000
1775942754.904,54.904,0.47,0.48,0.52,0.53,0.01,0.01,73371.06,1775942753000
1775942755.237,55.237,0.47,0.48,0.52,0.53,0.01,0.01,73371.07,1775942754000
1775942755.968,55.968,0.47,0.48,0.52,0.53,0.01,0.01,73371.07,1775942754000
1775942756.584,56.584,0.47,0.48,0.52,0.53,0.01,0.01,73371.07,1775942754000
1775942757.191,57.191,0.45,0.48,0.52,0.53,0.03,0.01,73371.09,1775942755000
1775942757.829,57.829,0.45,0.46,0.53,0.54,0.01,0.01,73371.32,1775942756000
1775942758.361,58.361,0.45,0.46,0.54,0.55,0.01,0.01,73371.32,1775942757000
1775942758.848,58.848,0.45,0.46,0.54,0.55,0.01,0.01,73371.32,1775942757000
1775942759.195,59.195,0.45,0.46,0.54,0.55,0.01,0.01,73371.32,1775942757000
1775942759.545,59.545,0.45,0.46,0.54,0.55,0.01,0.01,73371.32,1775942757000
1775942760.237,60.237,0.45,0.46,0.54,0.55,0.01,0.01,73371.33,1775942758000
1775942760.945,60.945,0.45,0.46,0.54,0.55,0.01,0.01,73371.33,1775942759000
1775942761.384,61.384,0.45,0.46,0.54,0.55,0.01,0.01,73371.34,1775942760000
1775942761.834,61.834,0.45,0.46,0.54,0.55,0.01,0.01,73371.34,1775942760000
1775942762.206,62.206,0.45,0.47,0.54,0.55,0.02,0.01,73371.34,1775942760000
1775942762.551,62.551,0.45,0.46,0.54,0.55,0.01,0.01,73371.34,1775942760000
1775942763.166,63.166,0.45,0.46,0.54,0.55,0.01,0.01,73371.24,1775942761000
1775942763.672,63.672,0.45,0.48,0.54,0.55,0.03,0.01,73371.23,1775942762000
1775942764.015,64.015,0.54,0.56,0.44,0.46,0.02,0.02,73371.23,1775942762000
1775942764.351,64.351,0.54,0.55,0.45,0.46,0.01,0.01,73369.39,1775942763000
1775942764.742,64.742,0.54,0.55,0.45,0.46,0.01,0.01,73369.39,1775942763000
1775942765.186,65.186,0.56,0.57,0.43,0.44,0.01,0.01,73369.39,1775942763000
1775942765.534,65.534,0.56,0.57,0.43,0.44,0.01,0.01,73369.39,1775942763000
1775942766.053,66.053,0.56,0.57,0.43,0.44,0.01,0.01,73372.94,1775942764000
1775942766.389,66.389,0.54,0.55,0.45,0.46,0.01,0.01,73377.38,1775942765000
1775942766.736,66.736,0.52,0.53,0.47,0.48,0.01,0.01,73377.38,1775942765000
1775942767.099,67.099,0.5,0.51,0.49,0.51,0.01,0.02,73377.38,1775942765000
1775942767.556,67.556,0.49,0.5,0.49,0.5,0.01,0.01,73377.38,1775942765000
1775942767.889,67.889,0.49,0.5,0.5,0.51,0.01,0.01,73373.22,1775942766000
1775942768.246,68.246,0.49,0.5,0.5,0.51,0.01,0.01,73373.22,1775942766000
1775942768.783,68.783,0.49,0.5,0.5,0.51,0.01,0.01,73373.22,1775942767000
1775942769.24,69.24,0.48,0.49,0.51,0.52,0.01,0.01,73372.5,1775942768000
1775942769.576,69.576,0.43,0.46,0.54,0.57,0.03,0.03,73372.5,1775942768000
1775942769.914,69.914,0.43,0.44,0.56,0.57,0.01,0.01,73372.5,1775942768000
1775942770.319,70.319,0.42,0.43,0.57,0.58,0.01,0.01,73372.5,1775942768000
1775942770.668,70.668,0.41,0.42,0.57,0.59,0.01,0.02,73371.56,1775942769000
1775942771.131,71.131,0.42,0.43,0.58,0.59,0.01,0.01,73371.56,1775942769000
1775942771.473,71.473,0.45,0.46,0.54,0.55,0.01,0.01,73371.56,1775942769000
1775942771.819,71.819,0.45,0.46,0.54,0.55,0.01,0.01,73364.75,1775942770000
1775942772.172,72.172,0.44,0.46,0.54,0.55,0.02,0.01,73364.02,1775942771000
1775942772.527,72.527,0.44,0.46,0.55,0.56,0.02,0.01,73364.02,1775942771000
1775942773.003,73.003,0.45,0.46,0.54,0.55,0.01,0.01,73364.02,1775942771000
1775942773.492,73.492,0.46,0.47,0.53,0.54,0.01,0.01,73364.02,1775942771000
1775942773.842,73.842,0.47,0.48,0.52,0.53,0.01,0.01,73364.17,1775942772000
1775942774.21,74.21,0.49,0.5,0.5,0.51,0.01,0.01,73364.61,1775942773000
1775942774.553,74.553,0.5,0.51,0.5,0.51,0.01,0.01,73364.61,1775942773000
1775942775.411,75.411,0.5,0.51,0.49,0.5,0.01,0.01,73364.61,1775942773000
1775942775.984,75.984,0.55,0.57,0.47,0.48,0.02,0.01,73367.19,1775942774000
1775942776.428,76.428,0.55,0.57,0.43,0.45,0.02,0.02,73370.91,1775942775000
1775942776.787,76.787,0.56,0.57,0.43,0.44,0.01,0.01,73370.91,1775942775000
1775942777.262,77.262,0.58,0.59,0.41,0.43,0.01,0.02,73370.9,1775942776000
1775942777.618,77.618,0.58,0.59,0.41,0.42,0.01,0.01,73370.9,1775942776000
1775942778.02,78.02,0.58,0.59,0.41,0.42,0.01,0.01,73375.19,1775942777000
1775942778.422,78.422,0.57,0.58,0.41,0.44,0.01,0.03,73375.19,1775942777000
1775942779.017,79.017,0.56,0.57,0.43,0.44,0.01,0.01,73375.19,1775942777000
1775942779.41,79.41,0.59,0.6,0.4,0.41,0.01,0.01,73378.34,1775942778000
1775942779.765,79.765,0.59,0.61,0.39,0.4,0.02,0.01,73378.34,1775942778000
1775942780.106,80.106,0.62,0.63,0.37,0.39,0.01,0.02,73378.34,1775942778000
1775942780.575,80.575,0.62,0.63,0.37,0.38,0.01,0.01,73380.21,1775942779000
1775942780.909,80.909,0.62,0.63,0.37,0.38,0.01,0.01,73380.21,1775942779000
1775942781.32,81.32,0.62,0.63,0.37,0.38,0.01,0.01,73380.21,1775942780000
1775942781.658,81.658,0.62,0.63,0.37,0.39,0.01,0.02,73380.21,1775942780000
1775942782.117,82.117,0.62,0.63,0.38,0.39,0.01,0.01,73380.21,1775942780000
1775942782.532,82.532,0.62,0.63,0.37,0.38,0.01,0.01,73380.59,1775942781000
1775942783.129,83.129,0.62,0.63,0.37,0.38,0.01,0.01,73380.59,1775942781000
1775942783.471,83.471,0.65,0.7,0.3,0.35,0.05,0.05,73380.87,1775942782000
1775942783.911,83.911,0.69,0.7,0.3,0.31,0.01,0.01,73380.87,1775942782000
1775942784.277,84.277,0.69,0.7,0.3,0.31,0.01,0.01,73380.87,1775942782000
1775942784.649,84.649,0.69,0.72,0.3,0.31,0.03,0.01,73381.02,1775942783000
1775942785.008,85.008,0.71,0.72,0.28,0.29,0.01,0.01,73381.02,1775942783000
1775942785.381,85.381,0.73,0.74,0.26,0.27,0.01,0.01,73386.8,1775942784000
1775942785.739,85.739,0.73,0.74,0.26,0.27,0.01,0.01,73386.8,1775942784000
1775942786.093,86.093,0.73,0.74,0.26,0.27,0.01,0.01,73388.8,1775942785000
1775942786.507,86.507,0.72,0.73,0.26,0.28,0.01,0.02,73388.8,1775942785000
1775942786.915,86.915,0.73,0.74,0.26,0.28,0.01,0.02,73388.8,1775942785000
1775942787.454,87.454,0.72,0.73,0.27,0.28,0.01,0.01,73388.8,1775942785000
1775942787.788,87.788,0.74,0.75,0.25,0.26,0.01,0.01,73390.86,1775942786000
1775942788.121,88.121,0.74,0.75,0.25,0.26,0.01,0.01,73390.86,1775942786000
1775942788.501,88.501,0.71,0.73,0.26,0.27,0.02,0.01,73392.41,1775942787000
1775942788.846,88.846,0.74,0.75,0.26,0.27,0.01,0.01,73392.41,1775942787000
1775942789.221,89.221,0.73,0.77,0.26,0.28,0.04,0.02,73392.41,1775942787000
1775942789.578,89.578,0.74,0.75,0.25,0.26,0.01,0.01,73392.42,1775942788000
1775942789.927,89.927,0.71,0.74,0.26,0.27,0.03,0.01,73392.42,1775942788000
1775942790.3,90.3,0.73,0.74,0.26,0.27,0.01,0.01,73392.42,1775942788000
1775942790.647,90.647,0.73,0.74,0.26,0.27,0.01,0.01,73392.43,1775942789000
1775942791.024,91.024,0.73,0.74,0.26,0.27,0.01,0.01,73392.43,1775942789000
1775942791.535,91.535,0.73,0.74,0.26,0.27,0.01,0.01,73392.49,1775942790000
1775942791.902,91.902,0.73,0.74,0.26,0.27,0.01,0.01,73392.49,1775942790000
1775942792.276,92.276,0.73,0.75,0.25,0.27,0.02,0.02,73390.54,1775942791000
1775942792.648,92.648,0.73,0.78,0.26,0.3,0.05,0.04,73390.54,1775942791000
1775942793.145,93.145,0.76,0.77,0.22,0.27,0.01,0.05,73390.54,1775942791000
1775942793.505,93.505,0.74,0.76,0.24,0.25,0.02,0.01,73392.5,1775942792000
1775942794.103,94.103,0.73,0.74,0.25,0.26,0.01,0.01,73392.5,1775942792000
1775942794.485,94.485,0.73,0.74,0.26,0.27,0.01,0.01,73392.5,1775942793000
1775942795.147,95.147,0.73,0.74,0.26,0.27,0.01,0.01,73392.59,1775942794000
1775942795.546,95.546,0.72,0.74,0.26,0.27,0.02,0.01,73392.59,1775942794000
1775942796.127,96.127,0.72,0.73,0.26,0.28,0.01,0.02,73392.59,1775942794000
1775942796.487,96.487,0.72,0.73,0.27,0.28,0.01,0.01,73394.02,1775942795000
1775942796.861,96.861,0.71,0.72,0.28,0.29,0.01,0.01,73394.02,1775942795000
1775942797.268,97.268,0.71,0.72,0.28,0.29,0.01,0.01,73392.51,1775942796000
1775942797.609,97.609,0.71,0.72,0.28,0.29,0.01,0.01,73392.51,1775942796000
1775942797.981,97.981,0.7,0.71,0.28,0.3,0.01,0.02,73392.51,1775942796000
1775942798.35,98.35,0.7,0.71,0.29,0.3,0.01,0.01,73392.51,1775942796000
1775942798.771,98.771,0.7,0.71,0.29,0.3,0.01,0.01,73392.51,1775942796000
1775942799.106,99.106,0.7,0.71,0.29,0.3,0.01,0.01,73394.09,1775942797000
1775942799.443,99.443,0.7,0.71,0.29,0.3,0.01,0.01,73394.01,1775942798000
1775942799.905,99.905,0.7,0.71,0.29,0.3,0.01,0.01,73394.01,1775942798000
1775942800.279,100.279,0.7,0.71,0.29,0.3,0.01,0.01,73394.01,1775942799000
1775942800.617,100.617,0.69,0.71,0.29,0.3,0.02,0.01,73394.01,1775942799000
1775942801.012,101.012,0.69,0.7,0.3,0.31,0.01,0.01,73394.01,1775942799000
1775942801.514,101.514,0.69,0.7,0.3,0.31,0.01,0.01,73393.63,1775942800000
1775942802.001,102.001,0.68,0.69,0.31,0.32,0.01,0.01,73393.63,1775942800000
1775942802.542,102.542,0.68,0.71,0.31,0.32,0.03,0.01,73393.63,1775942801000
1775942802.885,102.885,0.69,0.7,0.3,0.31,0.01,0.01,73393.63,1775942801000
1775942803.315,103.315,0.68,0.69,0.31,0.32,0.01,0.01,73393.63,1775942802000
1775942803.904,103.904,0.68,0.69,0.31,0.32,0.01,0.01,73393.63,1775942802000
1775942804.246,104.246,0.68,0.69,0.31,0.32,0.01,0.01,73393.63,1775942802000
1775942804.773,104.773,0.68,0.69,0.31,0.32,0.01,0.01,73393.64,1775942803000
1775942805.209,105.209,0.68,0.69,0.31,0.32,0.01,0.01,73393.1,1775942804000
1775942805.642,105.642,0.68,0.69,0.31,0.32,0.01,0.01,73393.1,1775942804000
1775942806.245,106.245,0.68,0.69,0.31,0.32,0.01,0.01,73393.1,1775942804000
1775942806.763,106.763,0.67,0.68,0.32,0.33,0.01,0.01,73393.1,1775942805000
1775942807.159,107.159,0.67,0.68,0.32,0.33,0.01,0.01,73393.1,1775942805000
1775942807.506,107.506,0.67,0.68,0.32,0.33,0.01,0.01,73393.1,1775942806000
1775942807.883,107.883,0.67,0.68,0.32,0.33,0.01,0.01,73393.1,1775942806000
1775942808.226,108.226,0.67,0.68,0.32,0.33,0.01,0.01,73393.1,1775942806000
1775942808.593,108.593,0.67,0.68,0.32,0.33,0.01,0.01,73393.16,1775942807000
1775942808.958,108.958,0.67,0.68,0.32,0.33,0.01,0.01,73393.16,1775942807000
1775942809.329,109.329,0.67,0.68,0.32,0.33,0.01,0.01,73393.16,1775942807000
1775942809.795,109.795,0.67,0.68,0.32,0.33,0.01,0.01,73393.17,1775942808000
1775942810.178,110.178,0.67,0.68,0.32,0.33,0.01,0.01,73393.15,1775942809000
1775942810.823,110.823,0.67,0.68,0.32,0.33,0.01,0.01,73393.15,1775942809000
1775942811.191,111.191,0.65,0.66,0.33,0.34,0.01,0.01,73393.15,1775942809000
1775942811.582,111.582,0.66,0.67,0.33,0.35,0.01,0.02,73393.15,1775942810000
1775942811.948,111.948,0.66,0.67,0.33,0.34,0.01,0.01,73393.15,1775942810000
1775942812.299,112.299,0.66,0.67,0.33,0.34,0.01,0.01,73393.15,1775942810000
1775942812.635,112.635,0.66,0.67,0.33,0.34,0.01,0.01,73392.91,1775942811000
1775942812.984,112.984,0.66,0.67,0.33,0.34,0.01,0.01,73392.91,1775942811000
1775942813.332,113.332,0.66,0.67,0.33,0.34,0.01,0.01,73392.91,1775942811000
1775942813.75,113.75,0.66,0.67,0.33,0.34,0.01,0.01,73392.5,1775942812000
1775942814.337,114.337,0.66,0.67,0.33,0.34,0.01,0.01,73392.5,1775942813000
1775942814.862,114.862,0.66,0.69,0.31,0.34,0.03,0.03,73392.51,1775942814000
1775942815.257,115.257,0.66,0.67,0.33,0.34,0.01,0.01,73392.51,1775942814000
1775942815.836,115.836,0.66,0.67,0.33,0.34,0.01,0.01,73392.51,1775942814000
1775942816.238,116.238,0.66,0.67,0.33,0.34,0.01,0.01,73392.42,1775942815000
1775942816.599,116.599,0.66,0.67,0.33,0.34,0.01,0.01,73392.42,1775942815000
1775942816.982,116.982,0.66,0.67,0.33,0.34,0.01,0.01,73392.42,1775942815000
1775942817.318,117.318,0.66,0.67,0.33,0.34,0.01,0.01,73392.42,1775942815000
1775942817.985,117.985,0.66,0.67,0.33,0.34,0.01,0.01,73392.39,1775942816000
1775942818.326,118.326,0.66,0.67,0.33,0.34,0.01,0.01,73392.57,1775942817000
1775942818.882,118.882,0.66,0.67,0.33,0.34,0.01,0.01,73392.57,1775942817000
1775942819.219,119.219,0.66,0.68,0.33,0.34,0.02,0.01,73392.59,1775942818000
1775942819.649,119.649,0.66,0.68,0.32,0.33,0.02,0.01,73392.59,1775942818000
1775942820.165,120.165,0.66,0.68,0.32,0.34,0.02,0.02,73392.59,1775942819000
1775942820.562,120.562,0.67,0.68,0.32,0.33,0.01,0.01,73392.59,1775942819000
1775942820.895,120.895,0.67,0.68,0.32,0.33,0.01,0.01,73392.59,1775942819000
1775942821.247,121.247,0.67,0.68,0.32,0.33,0.01,0.01,73392.6,1775942820000
1775942821.726,121.726,0.67,0.68,0.32,0.33,0.01,0.01,73392.6,1775942820000
1775942822.087,122.087,0.67,0.68,0.32,0.33,0.01,0.01,73392.6,1775942820000
1775942822.439,122.439,0.68,0.69,0.31,0.32,0.01,0.01,73392.59,1775942821000
1775942823.14,123.14,0.68,0.69,0.31,0.32,0.01,0.01,73392.57,1775942822000
1775942823.601,123.601,0.68,0.69,0.31,0.32,0.01,0.01,73392.57,1775942822000
1775942823.99,123.99,0.68,0.69,0.31,0.32,0.01,0.01,73392.57,1775942822000
1775942824.368,124.368,0.68,0.69,0.31,0.32,0.01,0.01,73392.54,1775942823000
1775942824.776,124.776,0.68,0.69,0.31,0.32,0.01,0.01,73392.54,1775942823000
1775942825.21,125.21,0.68,0.7,0.31,0.32,0.02,0.01,73392.54,1775942823000
1775942825.602,125.602,0.68,0.69,0.31,0.32,0.01,0.01,73392.55,1775942824000
1775942825.984,125.984,0.68,0.69,0.31,0.32,0.01,0.01,73392.55,1775942824000
1775942826.333,126.333,0.68,0.69,0.31,0.32,0.01,0.01,73392.54,1775942825000
1775942826.681,126.681,0.68,0.72,0.31,0.32,0.04,0.01,73392.54,1775942825000
1775942827.14,127.14,0.69,0.7,0.31,0.32,0.01,0.01,73392.54,1775942825000
1775942827.636,127.636,0.69,0.7,0.3,0.31,0.01,0.01,73392.55,1775942826000
1775942828.115,128.115,0.68,0.69,0.31,0.32,0.01,0.01,73392.55,1775942826000
1775942828.589,128.589,0.68,0.69,0.31,0.32,0.01,0.01,73392.53,1775942827000
1775942829.057,129.057,0.68,0.69,0.31,0.32,0.01,0.01,73392.53,1775942828000
1775942829.543,129.543,0.68,0.69,0.31,0.32,0.01,0.01,73392.53,1775942828000
1775942829.883,129.883,0.68,0.69,0.31,0.32,0.01,0.01,73392.53,1775942828000
1775942830.55,130.55,0.68,0.69,0.31,0.32,0.01,0.01,73392.54,1775942829000
1775942830.893,130.893,0.68,0.69,0.31,0.32,0.01,0.01,73392.54,1775942829000
1775942831.252,131.252,0.68,0.69,0.31,0.32,0.01,0.01,73392.54,1775942830000
1775942831.668,131.668,0.68,0.69,0.31,0.32,0.01,0.01,73392.54,1775942830000
1775942832.136,132.136,0.68,0.71,0.31,0.32,0.03,0.01,73392.56,1775942831000
1775942832.644,132.644,0.69,0.7,0.3,0.32,0.01,0.02,73392.56,1775942831000
1775942833.331,133.331,0.68,0.69,0.31,0.32,0.01,0.01,73392.56,1775942832000
1775942833.679,133.679,0.7,0.71,0.29,0.3,0.01,0.01,73392.56,1775942832000
1775942834.038,134.038,0.69,0.7,0.29,0.33,0.01,0.04,73392.56,1775942833000
1775942834.447,134.447,0.69,0.7,0.3,0.31,0.01,0.01,73392.56,1775942833000
1775942834.926,134.926,0.68,0.69,0.3,0.32,0.01,0.02,73392.56,1775942833000
1775942835.28,135.28,0.68,0.69,0.31,0.32,0.01,0.01,73392.56,1775942834000
1775942835.636,135.636,0.68,0.69,0.31,0.32,0.01,0.01,73392.56,1775942834000
1775942836.016,136.016,0.68,0.69,0.31,0.32,0.01,0.01,73392.56,1775942834000
1775942836.375,136.375,0.68,0.69,0.31,0.32,0.01,0.01,73392.56,1775942835000
1775942836.799,136.799,0.68,0.71,0.31,0.32,0.03,0.01,73392.56,1775942835000
1775942837.316,137.316,0.69,0.7,0.31,0.32,0.01,0.01,73392.55,1775942836000
1775942837.663,137.663,0.69,0.7,0.3,0.31,0.01,0.01,73392.55,1775942836000
1775942838.279,138.279,0.69,0.7,0.3,0.31,0.01,0.01,73392.55,1775942836000
1775942838.635,138.635,0.69,0.7,0.3,0.31,0.01,0.01,73392.55,1775942836000
1775942839.011,139.011,0.69,0.7,0.3,0.31,0.01,0.01,73391.87,1775942837000
1775942839.515,139.515,0.69,0.7,0.3,0.31,0.01,0.01,73392.18,1775942838000
1775942840.046,140.046,0.69,0.7,0.3,0.31,0.01,0.01,73392.18,1775942838000
1775942840.393,140.393,0.69,0.7,0.3,0.31,0.01,0.01,73392.56,1775942839000
1775942840.828,140.828,0.68,0.69,0.3,0.32,0.01,0.02,73392.56,1775942839000
1775942841.244,141.244,0.69,0.7,0.3,0.32,0.01,0.02,73392.56,1775942840000
1775942842.129,142.129,0.69,0.7,0.3,0.31,0.01,0.01,73392.56,1775942841000
1775942842.834,142.834,0.68,0.69,0.3,0.31,0.01,0.01,73392.56,1775942841000
1775942843.264,143.264,0.68,0.71,0.31,0.32,0.03,0.01,73392.56,1775942841000
1775942843.661,143.661,0.7,0.71,0.29,0.3,0.01,0.01,73392.57,1775942842000
1775942844.554,144.554,0.7,0.71,0.29,0.3,0.01,0.01,73390.02,1775942843000
1775942845.129,145.129,0.7,0.71,0.29,0.3,0.01,0.01,73390.02,1775942843000
1775942845.626,145.626,0.7,0.71,0.29,0.3,0.01,0.01,73390.02,1775942844000
1775942846.078,146.078,0.7,0.71,0.29,0.3,0.01,0.01,73390.02,1775942844000
1775942846.438,146.438,0.7,0.71,0.29,0.3,0.01,0.01,73390.03,1775942845000
1775942846.833,146.833,0.7,0.72,0.28,0.29,0.02,0.01,73390.03,1775942845000
1775942847.25,147.25,0.7,0.72,0.28,0.3,0.02,0.02,73392.6,1775942846000
1775942847.796,147.796,0.7,0.71,0.29,0.3,0.01,0.01,73392.6,1775942846000
1775942848.283,148.283,0.7,0.71,0.29,0.3,0.01,0.01,73392.6,1775942847000
1775942848.627,148.627,0.7,0.71,0.29,0.3,0.01,0.01,73392.6,1775942847000
1775942848.988,148.988,0.7,0.71,0.29,0.3,0.01,0.01,73392.6,1775942847000
1775942849.539,149.539,0.7,0.71,0.29,0.3,0.01,0.01,73392.6,1775942848000
1775942849.878,149.878,0.7,0.71,0.29,0.3,0.01,0.01,73392.6,1775942848000
1775942850.378,150.378,0.7,0.71,0.29,0.3,0.01,0.01,73392.6,1775942849000
1775942850.85,150.85,0.7,0.71,0.29,0.31,0.01,0.02,73392.6,1775942849000
1775942851.199,151.199,0.71,0.72,0.28,0.29,0.01,0.01,73392.6,1775942849000
1775942851.557,151.557,0.71,0.72,0.28,0.29,0.01,0.01,73392.61,1775942850000
1775942852.299,152.299,0.71,0.72,0.28,0.29,0.01,0.01,73392.52,1775942851000
1775942852.941,152.941,0.71,0.72,0.28,0.29,0.01,0.01,73392.52,1775942851000
1775942853.328,153.328,0.71,0.72,0.28,0.29,0.01,0.01,73392.14,1775942852000
1775942853.736,153.736,0.71,0.72,0.28,0.29,0.01,0.01,73392.14,1775942852000
1775942854.218,154.218,0.69,0.73,0.28,0.31,0.04,0.03,73392.14,1775942852000
1775942854.76,154.76,0.7,0.71,0.29,0.3,0.01,0.01,73392.44,1775942853000
1775942855.124,155.124,0.7,0.71,0.29,0.3,0.01,0.01,73392.44,1775942853000
1775942855.466,155.466,0.7,0.71,0.29,0.3,0.01,0.01,73392.45,1775942854000
1775942855.909,155.909,0.7,0.71,0.29,0.3,0.01,0.01,73392.45,1775942854000
1775942856.243,156.243,0.7,0.71,0.29,0.3,0.01,0.01,73392.45,1775942855000
1775942856.576,156.576,0.69,0.71,0.29,0.31,0.02,0.02,73392.45,1775942855000
1775942857.117,157.117,0.71,0.73,0.26,0.3,0.02,0.04,73392.45,1775942855000
1775942857.485,157.485,0.71,0.72,0.28,0.29,0.01,0.01,73392.45,1775942856000
1775942858.344,158.344,0.71,0.72,0.28,0.29,0.01,0.01,73392.45,1775942857000
1775942858.739,158.739,0.71,0.72,0.28,0.29,0.01,0.01,73392.45,1775942857000
1775942859.12,159.12,0.71,0.72,0.28,0.29,0.01,0.01,73392.46,1775942858000
1775942859.679,159.679,0.71,0.73,0.28,0.29,0.02,0.01,73392.46,1775942858000
1775942860.152,160.152,0.71,0.72,0.27,0.29,0.01,0.02,73392.46,1775942858000
1775942860.592,160.592,0.71,0.72,0.28,0.29,0.01,0.01,73392.46,1775942859000
1775942860.93,160.93,0.71,0.72,0.28,0.29,0.01,0.01,73392.46,1775942859000
1775942861.309,161.309,0.71,0.72,0.28,0.29,0.01,0.01,73392.46,1775942859000
1775942861.842,161.842,0.71,0.72,0.28,0.29,0.01,0.01,73392.46,1775942860000
1775942862.19,162.19,0.71,0.73,0.28,0.29,0.02,0.01,73392.46,1775942861000
1775942862.64,162.64,0.71,0.72,0.27,0.29,0.01,0.02,73392.46,1775942861000
1775942863.026,163.026,0.72,0.73,0.28,0.29,0.01,0.01,73392.46,1775942861000
1775942863.43,163.43,0.71,0.72,0.28,0.29,0.01,0.01,73392.47,1775942862000
1775942863.787,163.787,0.71,0.72,0.28,0.29,0.01,0.01,73392.47,1775942862000
1775942864.649,164.649,0.71,0.72,0.28,0.29,0.01,0.01,73392.47,1775942863000
1775942865.284,165.284,0.71,0.72,0.28,0.29,0.01,0.01,73392.43,1775942864000
1775942865.641,165.641,0.71,0.72,0.28,0.29,0.01,0.01,73392.43,1775942864000
1775942866.172,166.172,0.71,0.72,0.28,0.29,0.01,0.01,73392.43,1775942864000
1775942866.596,166.596,0.71,0.72,0.28,0.29,0.01,0.01,73392.43,1775942864000
1775942867.152,167.152,0.71,0.72,0.27,0.29,0.01,0.02,73392.41,1775942865000
1775942867.82,167.82,0.71,0.72,0.28,0.29,0.01,0.01,73392.41,1775942866000
1775942868.209,168.209,0.45,0.5,0.5,0.55,0.05,0.05,73392.41,1775942866000
1775942868.625,168.625,0.43,0.46,0.54,0.57,0.03,0.03,73392.4,1775942867000
1775942868.973,168.973,0.35,0.36,0.64,0.65,0.01,0.01,73392.4,1775942867000
1775942869.326,169.326,0.33,0.36,0.64,0.67,0.03,0.03,73392.4,1775942867000
1775942869.659,169.659,0.33,0.34,0.63,0.68,0.01,0.05,73369.51,1775942868000
1775942870.06,170.06,0.34,0.35,0.65,0.67,0.01,0.02,73369.51,1775942868000
1775942870.398,170.398,0.34,0.35,0.65,0.66,0.01,0.01,73369.51,1775942868000
1775942870.735,170.735,0.34,0.35,0.65,0.66,0.01,0.01,73357.42,1775942869000
1775942871.092,171.092,0.33,0.35,0.65,0.68,0.02,0.03,73357.42,1775942869000
1775942871.432,171.432,0.33,0.34,0.66,0.67,0.01,0.01,73357.42,1775942869000
1775942871.775,171.775,0.33,0.34,0.66,0.67,0.01,0.01,73355.36,1775942870000
1775942872.235,172.235,0.32,0.33,0.67,0.68,0.01,0.01,73355.36,1775942870000
1775942872.756,172.756,0.31,0.32,0.67,0.7,0.01,0.03,73355.36,1775942870000
1775942873.306,173.306,0.31,0.32,0.68,0.69,0.01,0.01,73356.06,1775942871000
1775942873.666,173.666,0.31,0.33,0.67,0.69,0.02,0.02,73356.06,1775942871000
1775942874.331,174.331,0.31,0.32,0.68,0.69,0.01,0.01,73356.07,1775942872000
1775942874.794,174.794,0.31,0.32,0.68,0.69,0.01,0.01,73356.07,1775942872000
1775942875.164,175.164,0.31,0.32,0.67,0.69,0.01,0.02,73356.07,1775942872000
1775942875.551,175.551,0.3,0.31,0.69,0.7,0.01,0.01,73356.08,1775942873000
1775942875.974,175.974,0.3,0.31,0.69,0.7,0.01,0.01,73356.09,1775942874000
1775942876.444,176.444,0.3,0.31,0.69,0.7,0.01,0.01,73356.09,1775942874000
1775942876.79,176.79,0.31,0.32,0.68,0.69,0.01,0.01,73356.09,1775942874000
1775942877.307,177.307,0.31,0.36,0.67,0.69,0.05,0.02,73356.1,1775942875000
1775942877.693,177.693,0.31,0.36,0.64,0.69,0.05,0.05,73356.1,1775942876000
1775942878.028,178.028,0.32,0.34,0.66,0.67,0.02,0.01,73356.1,1775942876000
1775942878.365,178.365,0.32,0.33,0.67,0.68,0.01,0.01,73356.1,1775942876000
1775942878.723,178.723,0.34,0.35,0.65,0.66,0.01,0.01,73356.1,1775942877000
1775942879.243,179.243,0.32,0.35,0.65,0.66,0.03,0.01,73356.1,1775942877000
1775942879.633,179.633,0.34,0.36,0.65,0.66,0.02,0.01,73353.79,1775942878000
1775942880.029,180.029,0.34,0.36,0.64,0.66,0.02,0.02,73353.83,1775942879000
1775942880.594,180.594,0.33,0.35,0.64,0.66,0.02,0.02,73353.83,1775942879000
1775942881.23,181.23,0.33,0.34,0.66,0.67,0.01,0.01,73353.79,1775942880000
1775942881.82,181.82,0.32,0.34,0.66,0.68,0.02,0.02,73353.79,1775942880000
1775942882.327,182.327,0.28,0.33,0.67,0.68,0.05,0.01,73353.79,1775942880000
1775942882.756,182.756,0.29,0.31,0.69,0.7,0.02,0.01,73353.62,1775942881000
1775942883.116,183.116,0.22,0.24,0.75,0.78,0.02,0.03,73353.62,1775942881000
1775942883.467,183.467,0.22,0.23,0.77,0.78,0.01,0.01,73355.76,1775942882000
1775942883.801,183.801,0.22,0.23,0.77,0.78,0.01,0.01,73355.76,1775942882000
1775942884.176,184.176,0.21,0.22,0.78,0.79,0.01,0.01,73355.76,1775942882000
1775942884.531,184.531,0.21,0.22,0.78,0.79,0.01,0.01,73355.76,1775942882000
1775942884.872,184.872,0.2,0.21,0.79,0.8,0.01,0.01,73355.76,1775942882000
1775942885.372,185.372,0.2,0.21,0.79,0.8,0.01,0.01,73352.12,1775942883000
1775942885.838,185.838,0.2,0.21,0.79,0.8,0.01,0.01,73348.38,1775942884000
1775942886.183,186.183,0.2,0.21,0.79,0.8,0.01,0.01,73345.85,1775942885000
1775942886.578,186.578,0.21,0.22,0.78,0.79,0.01,0.01,73345.85,1775942885000
1775942886.937,186.937,0.22,0.23,0.77,0.79,0.01,0.02,73345.85,1775942885000
1775942887.302,187.302,0.22,0.23,0.77,0.78,0.01,0.01,73345.85,1775942885000
1775942887.655,187.655,0.21,0.22,0.78,0.79,0.01,0.01,73344.99,1775942886000
1775942887.994,187.994,0.21,0.22,0.78,0.79,0.01,0.01,73344.89,1775942887000
1775942888.467,188.467,0.19,0.2,0.8,0.81,0.01,0.01,73344.89,1775942887000
1775942888.806,188.806,0.19,0.2,0.8,0.81,0.01,0.01,73344.89,1775942887000
1775942889.48,189.48,0.19,0.21,0.79,0.81,0.02,0.02,73345.76,1775942888000
1775942889.86,189.86,0.2,0.21,0.79,0.8,0.01,0.01,73345.76,1775942888000
1775942890.215,190.215,0.19,0.2,0.8,0.81,0.01,0.01,73345.76,1775942888000
1775942890.72,190.72,0.19,0.2,0.79,0.8,0.01,0.01,73346.27,1775942889000
1775942891.215,191.215,0.19,0.2,0.8,0.81,0.01,0.01,73346.27,1775942889000
1775942891.633,191.633,0.27,0.31,0.69,0.74,0.04,0.05,73346.27,1775942890000
1775942891.995,191.995,0.31,0.32,0.68,0.69,0.01,0.01,73346.27,1775942890000
1775942892.367,192.367,0.33,0.34,0.67,0.68,0.01,0.01,73346.27,1775942890000
1775942892.74,192.74,0.33,0.34,0.66,0.67,0.01,0.01,73346.33,1775942891000
1775942893.089,193.089,0.33,0.34,0.66,0.67,0.01,0.01,73345.16,1775942892000
1775942893.654,193.654,0.35,0.36,0.64,0.65,0.01,0.01,73345.16,1775942892000
1775942894.133,194.133,0.35,0.36,0.64,0.65,0.01,0.01,73349.08,1775942893000
1775942894.596,194.596,0.35,0.36,0.64,0.65,0.01,0.01,73349.08,1775942893000
1775942894.966,194.966,0.35,0.36,0.64,0.65,0.01,0.01,73349.08,1775942893000
1775942895.301,195.301,0.36,0.44,0.58,0.65,0.08,0.07,73355.86,1775942894000
1775942895.7,195.7,0.39,0.4,0.59,0.61,0.01,0.02,73355.86,1775942894000
1775942896.04,196.04,0.41,0.42,0.58,0.59,0.01,0.01,73355.86,1775942894000
1775942896.415,196.415,0.41,0.42,0.58,0.59,0.01,0.01,73356.39,1775942895000
1775942896.767,196.767,0.41,0.42,0.58,0.59,0.01,0.01,73356.39,1775942895000
1775942897.119,197.119,0.42,0.44,0.57,0.58,0.02,0.01,73356.39,1775942895000
1775942897.524,197.524,0.43,0.44,0.56,0.57,0.01,0.01,73358.47,1775942896000
1775942897.934,197.934,0.43,0.44,0.56,0.57,0.01,0.01,73358.56,1775942897000
1775942898.386,198.386,0.43,0.44,0.56,0.57,0.01,0.01,73358.56,1775942897000
1775942898.764,198.764,0.43,0.44,0.56,0.57,0.01,0.01,73358.56,1775942897000
1775942899.268,199.268,0.43,0.44,0.56,0.57,0.01,0.01,73358.56,1775942897000
1775942899.665,199.665,0.43,0.44,0.56,0.57,0.01,0.01,73358.56,1775942897000
1775942900.125,200.125,0.43,0.45,0.56,0.58,0.02,0.02,73361.72,1775942898000
1775942900.599,200.599,0.44,0.45,0.55,0.56,0.01,0.01,73361.91,1775942899000
1775942900.933,200.933,0.44,0.45,0.55,0.56,0.01,0.01,73361.9,1775942900000
1775942901.407,201.407,0.44,0.45,0.55,0.56,0.01,0.01,73361.9,1775942900000
1775942901.808,201.808,0.42,0.43,0.55,0.58,0.01,0.03,73361.9,1775942900000
1775942902.143,202.143,0.43,0.44,0.56,0.57,0.01,0.01,73361.8,1775942901000
1775942902.486,202.486,0.43,0.44,0.56,0.57,0.01,0.01,73361.8,1775942901000
1775942902.945,202.945,0.43,0.44,0.56,0.57,0.01,0.01,73361.89,1775942902000
1775942903.508,203.508,0.43,0.44,0.56,0.57,0.01,0.01,73361.89,1775942902000
1775942903.841,203.841,0.43,0.44,0.56,0.57,0.01,0.01,73361.89,1775942902000
1775942904.307,204.307,0.43,0.44,0.56,0.57,0.01,0.01,73361.94,1775942903000
1775942904.64,204.64,0.43,0.44,0.56,0.57,0.01,0.01,73361.94,1775942903000
1775942904.984,204.984,0.43,0.44,0.56,0.57,0.01,0.01,73361.96,1775942904000
1775942905.461,205.461,0.43,0.45,0.56,0.57,0.02,0.01,73361.96,1775942904000
1775942905.93,205.93,0.44,0.45,0.55,0.56,0.01,0.01,73361.96,1775942904000
1775942906.274,206.274,0.44,0.45,0.55,0.56,0.01,0.01,73361.97,1775942905000
1775942906.626,206.626,0.44,0.45,0.55,0.56,0.01,0.01,73361.97,1775942905000
1775942907.018,207.018,0.44,0.45,0.55,0.56,0.01,0.01,73362.01,1775942906000
1775942907.357,207.357,0.44,0.45,0.55,0.56,0.01,0.01,73362.01,1775942906000
1775942907.89,207.89,0.44,0.45,0.55,0.56,0.01,0.01,73362.01,1775942906000
1775942908.919,208.919,0.42,0.43,0.55,0.56,0.01,0.01,73362.0,1775942907000
1775942909.267,209.267,0.43,0.44,0.56,0.57,0.01,0.01,73362.01,1775942908000
1775942909.662,209.662,0.43,0.44,0.56,0.57,0.01,0.01,73362.01,1775942908000
1775942910.08,210.08,0.43,0.44,0.56,0.57,0.01,0.01,73362.07,1775942909000
1775942910.44,210.44,0.43,0.44,0.56,0.57,0.01,0.01,73362.07,1775942909000
1775942910.956,210.956,0.43,0.44,0.56,0.57,0.01,0.01,73362.07,1775942909000
1775942911.289,211.289,0.43,0.44,0.56,0.57,0.01,0.01,73362.05,1775942910000
1775942911.631,211.631,0.43,0.44,0.56,0.57,0.01,0.01,73362.05,1775942910000
1775942911.971,211.971,0.42,0.43,0.56,0.58,0.01,0.02,73362.05,1775942910000
1775942912.563,212.563,0.43,0.44,0.56,0.59,0.01,0.03,73362.02,1775942911000
1775942913.012,213.012,0.44,0.45,0.55,0.56,0.01,0.01,73362.02,1775942911000
1775942913.825,213.825,0.42,0.44,0.55,0.56,0.02,0.01,73362.56,1775942912000
1775942914.172,214.172,0.47,0.48,0.52,0.53,0.01,0.01,73362.56,1775942912000
1775942914.567,214.567,0.47,0.48,0.52,0.53,0.01,0.01,73362.6,1775942913000
1775942915.006,215.006,0.47,0.48,0.52,0.53,0.01,0.01,73362.6,1775942913000
1775942915.426,215.426,0.47,0.48,0.52,0.53,0.01,0.01,73362.69,1775942914000
1775942915.863,215.863,0.47,0.48,0.52,0.53,0.01,0.01,73362.69,1775942914000
1775942916.405,216.405,0.47,0.48,0.52,0.53,0.01,0.01,73362.69,1775942914000
1775942916.764,216.764,0.47,0.48,0.52,0.53,0.01,0.01,73362.69,1775942915000
1775942917.147,217.147,0.47,0.48,0.52,0.53,0.01,0.01,73364.76,1775942916000
1775942917.602,217.602,0.4,0.48,0.52,0.53,0.08,0.01,73364.76,1775942916000
1775942917.939,217.939,0.42,0.43,0.57,0.58,0.01,0.01,73364.76,1775942916000
1775942918.28,218.28,0.39,0.4,0.6,0.61,0.01,0.01,73364.76,1775942916000
1775942918.694,218.694,0.39,0.4,0.6,0.61,0.01,0.01,73364.76,1775942917000
1775942919.031,219.031,0.39,0.4,0.6,0.61,0.01,0.01,73364.76,1775942917000
1775942919.41,219.41,0.39,0.4,0.6,0.61,0.01,0.01,73364.76,1775942917000
1775942919.77,219.77,0.39,0.4,0.6,0.61,0.01,0.01,73364.68,1775942918000
1775942920.146,220.146,0.41,0.49,0.58,0.61,0.08,0.03,73363.36,1775942919000
1775942920.519,220.519,0.53,0.55,0.46,0.48,0.02,0.02,73363.36,1775942919000
1775942920.895,220.895,0.54,0.55,0.44,0.46,0.01,0.02,73363.36,1775942919000
1775942921.246,221.246,0.54,0.55,0.45,0.46,0.01,0.01,73363.24,1775942920000
1775942921.689,221.689,0.56,0.58,0.42,0.46,0.02,0.04,73363.24,1775942920000
1775942922.023,222.023,0.58,0.59,0.41,0.42,0.01,0.01,73363.24,1775942920000
1775942922.374,222.374,0.57,0.58,0.41,0.43,0.01,0.02,73365.58,1775942921000
1775942922.718,222.718,0.57,0.58,0.42,0.43,0.01,0.01,73365.58,1775942921000
1775942923.074,223.074,0.56,0.57,0.43,0.44,0.01,0.01,73365.58,1775942921000
1775942923.541,223.541,0.56,0.57,0.43,0.44,0.01,0.01,73369.61,1775942922000
1775942924.034,224.034,0.58,0.59,0.41,0.44,0.01,0.03,73369.61,1775942923000
1775942925.034,225.034,0.57,0.59,0.41,0.43,0.02,0.02,73369.86,1775942924000
1775942925.694,225.694,0.56,0.57,0.42,0.43,0.01,0.01,73369.86,1775942924000
1775942926.061,226.061,0.56,0.57,0.43,0.44,0.01,0.01,73369.86,1775942925000
1775942926.415,226.415,0.56,0.57,0.43,0.44,0.01,0.01,73369.86,1775942925000
1775942926.888,226.888,0.54,0.55,0.43,0.47,0.01,0.04,73369.86,1775942925000
1775942927.237,227.237,0.54,0.55,0.45,0.46,0.01,0.01,73369.92,1775942926000
1775942927.658,227.658,0.54,0.55,0.45,0.46,0.01,0.01,73369.92,1775942926000
1775942928.006,228.006,0.54,0.55,0.45,0.46,0.01,0.01,73369.92,1775942926000
1775942928.37,228.37,0.57,0.58,0.42,0.46,0.01,0.04,73369.92,1775942927000
1775942928.877,228.877,0.57,0.58,0.42,0.43,0.01,0.01,73369.92,1775942927000
1775942929.4,229.4,0.57,0.58,0.42,0.43,0.01,0.01,73369.92,1775942927000
1775942929.779,229.779,0.58,0.59,0.42,0.43,0.01,0.01,73369.92,1775942928000
1775942930.148,230.148,0.59,0.6,0.4,0.42,0.01,0.02,73369.93,1775942929000
1775942930.488,230.488,0.58,0.59,0.41,0.42,0.01,0.01,73369.93,1775942929000
1775942930.972,230.972,0.58,0.59,0.41,0.42,0.01,0.01,73369.93,1775942929000
1775942931.306,231.306,0.58,0.59,0.41,0.42,0.01,0.01,73369.94,1775942930000
1775942931.718,231.718,0.57,0.58,0.42,0.43,0.01,0.01,73369.94,1775942930000
1775942932.069,232.069,0.57,0.58,0.42,0.43,0.01,0.01,73369.94,1775942930000
1775942932.448,232.448,0.57,0.58,0.42,0.43,0.01,0.01,73369.94,1775942931000
1775942932.856,232.856,0.57,0.6,0.42,0.43,0.03,0.01,73369.94,1775942931000
1775942933.193,233.193,0.59,0.6,0.4,0.41,0.01,0.01,73369.94,1775942932000
1775942933.559,233.559,0.58,0.59,0.41,0.42,0.01,0.01,73369.94,1775942932000
1775942934.02,234.02,0.54,0.59,0.41,0.42,0.05,0.01,73369.94,1775942932000
1775942934.38,234.38,0.55,0.57,0.44,0.45,0.02,0.01,73368.8,1775942933000
1775942934.892,234.892,0.56,0.57,0.43,0.44,0.01,0.01,73368.8,1775942933000
1775942935.327,235.327,0.56,0.57,0.43,0.44,0.01,0.01,73368.8,1775942933000
1775942935.697,235.697,0.56,0.57,0.43,0.44,0.01,0.01,73368.8,1775942933000
1775942936.281,236.281,0.55,0.56,0.43,0.44,0.01,0.01,73368.8,1775942933000
1775942936.648,236.648,0.54,0.55,0.45,0.46,0.01,0.01,73369.72,1775942935000
1775942936.993,236.993,0.54,0.55,0.45,0.46,0.01,0.01,73369.72,1775942935000
1775942937.33,237.33,0.54,0.56,0.45,0.46,0.02,0.01,73370.03,1775942936000
1775942937.774,237.774,0.55,0.56,0.44,0.46,0.01,0.02,73370.03,1775942936000
1775942938.185,238.185,0.55,0.56,0.44,0.45,0.01,0.01,73370.04,1775942937000
1775942938.577,238.577,0.55,0.56,0.44,0.45,0.01,0.01,73370.04,1775942937000
1775942939.028,239.028,0.55,0.56,0.44,0.45,0.01,0.01,73370.04,1775942937000
1775942939.707,239.707,0.57,0.58,0.4,0.45,0.01,0.05,73370.26,1775942938000
1775942940.187,240.187,0.55,0.57,0.43,0.44,0.02,0.01,73370.05,1775942939000
1775942940.705,240.705,0.56,0.57,0.44,0.45,0.01,0.01,73370.05,1775942939000
1775942941.068,241.068,0.56,0.57,0.43,0.44,0.01,0.01,73370.05,1775942940000
1775942942.174,242.174,0.56,0.57,0.43,0.44,0.01,0.01,73370.05,1775942941000
1775942942.626,242.626,0.51,0.56,0.44,0.46,0.05,0.02,73370.05,1775942941000
1775942943.171,243.171,0.51,0.52,0.48,0.49,0.01,0.01,73369.93,1775942942000
1775942944.03,244.03,0.51,0.63,0.46,0.48,0.12,0.02,73369.93,1775942942000
1775942944.414,244.414,0.54,0.55,0.45,0.46,0.01,0.01,73369.93,1775942942000
1775942945.019,245.019,0.53,0.54,0.46,0.47,0.01,0.01,73369.93,1775942943000
1775942945.412,245.412,0.54,0.55,0.45,0.46,0.01,0.01,73369.93,1775942943000
1775942945.766,245.766,0.54,0.55,0.46,0.47,0.01,0.01,73370.13,1775942944000
1775942946.134,246.134,0.54,0.55,0.45,0.46,0.01,0.01,73370.13,1775942944000
1775942946.733,246.733,0.54,0.55,0.45,0.46,0.01,0.01,73369.9,1775942945000
1775942947.165,247.165,0.54,0.55,0.45,0.46,0.01,0.01,73369.9,1775942945000
1775942947.683,247.683,0.57,0.58,0.44,0.46,0.01,0.02,73369.85,1775942946000
1775942948.454,248.454,0.57,0.59,0.42,0.43,0.02,0.01,73369.85,1775942947000
1775942949.107,249.107,0.56,0.57,0.43,0.44,0.01,0.01,73369.85,1775942948000
1775942949.626,249.626,0.56,0.57,0.43,0.44,0.01,0.01,73369.85,1775942948000
1775942950.07,250.07,0.6,0.61,0.39,0.41,0.01,0.02,73369.85,1775942948000
1775942950.448,250.448,0.57,0.58,0.42,0.44,0.01,0.02,73369.86,1775942949000
1775942950.933,250.933,0.57,0.58,0.42,0.43,0.01,0.01,73369.86,1775942949000
1775942951.314,251.314,0.56,0.57,0.43,0.44,0.01,0.01,73369.86,1775942949000
1775942951.86,251.86,0.56,0.57,0.43,0.44,0.01,0.01,73367.0,1775942951000
1775942952.246,252.246,0.56,0.57,0.43,0.44,0.01,0.01,73367.0,1775942951000
1775942952.646,252.646,0.59,0.6,0.41,0.43,0.01,0.02,73367.0,1775942951000
1775942953.089,253.089,0.53,0.58,0.42,0.43,0.05,0.01,73369.88,1775942952000
1775942953.81,253.81,0.47,0.55,0.45,0.46,0.08,0.01,73369.88,1775942952000
1775942954.158,254.158,0.47,0.55,0.45,0.53,0.08,0.08,73370.1,1775942953000
1775942954.505,254.505,0.54,0.56,0.44,0.45,0.02,0.01,73370.1,1775942953000
1775942954.843,254.843,0.49,0.51,0.49,0.51,0.02,0.02,73370.1,1775942953000
1775942955.201,255.201,0.49,0.5,0.5,0.51,0.01,0.01,73369.88,1775942954000
1775942955.728,255.728,0.49,0.5,0.5,0.51,0.01,0.01,73369.88,1775942954000
1775942956.077,256.077,0.49,0.5,0.5,0.51,0.01,0.01,73369.88,1775942954000
1775942956.413,256.413,0.48,0.5,0.5,0.52,0.02,0.02,73369.49,1775942955000
1775942956.756,256.756,0.48,0.49,0.5,0.52,0.01,0.02,73369.49,1775942955000
1775942957.295,257.295,0.48,0.49,0.51,0.52,0.01,0.01,73369.49,1775942955000
1775942958.02,258.02,0.48,0.49,0.51,0.52,0.01,0.01,73369.43,1775942957000
1775942958.57,258.57,0.44,0.45,0.51,0.52,0.01,0.01,73369.43,1775942957000
1775942958.936,258.936,0.46,0.47,0.52,0.54,0.01,0.02,73369.43,1775942957000
1775942959.352,259.352,0.47,0.48,0.52,0.53,0.01,0.01,73369.43,1775942957000
1775942959.756,259.756,0.47,0.48,0.52,0.53,0.01,0.01,73369.44,1775942958000
1775942960.196,260.196,0.47,0.48,0.52,0.53,0.01,0.01,73369.44,1775942959000
1775942960.575,260.575,0.47,0.48,0.52,0.53,0.01,0.01,73369.44,1775942959000
1775942961.172,261.172,0.47,0.48,0.52,0.53,0.01,0.01,73369.44,1775942960000
1775942961.615,261.615,0.43,0.44,0.53,0.58,0.01,0.05,73369.44,1775942960000
1775942962.037,262.037,0.43,0.44,0.56,0.57,0.01,0.01,73369.44,1775942960000
1775942962.393,262.393,0.41,0.44,0.56,0.57,0.03,0.01,73369.44,1775942961000
1775942962.83,262.83,0.42,0.43,0.57,0.58,0.01,0.01,73369.44,1775942961000
1775942963.41,263.41,0.42,0.44,0.57,0.58,0.02,0.01,73369.13,1775942962000
1775942964.118,264.118,0.42,0.43,0.57,0.58,0.01,0.01,73369.13,1775942963000
1775942964.471,264.471,0.44,0.45,0.55,0.56,0.01,0.01,73369.13,1775942963000
1775942964.883,264.883,0.44,0.45,0.55,0.56,0.01,0.01,73369.13,1775942963000
1775942965.28,265.28,0.5,0.52,0.55,0.56,0.02,0.01,73369.28,1775942964000
1775942965.838,265.838,0.46,0.47,0.51,0.54,0.01,0.03,73369.28,1775942964000
1775942966.292,266.292,0.46,0.47,0.53,0.54,0.01,0.01,73369.28,1775942965000
1775942966.674,266.674,0.46,0.47,0.53,0.54,0.01,0.01,73369.28,1775942965000
1775942967.223,267.223,0.43,0.44,0.53,0.58,0.01,0.05,73369.28,1775942965000
1775942967.715,267.715,0.43,0.44,0.56,0.57,0.01,0.01,73369.29,1775942966000
1775942968.079,268.079,0.42,0.43,0.56,0.59,0.01,0.03,73369.29,1775942966000
1775942968.612,268.612,0.42,0.43,0.57,0.58,0.01,0.01,73369.29,1775942967000
1775942968.976,268.976,0.43,0.44,0.57,0.58,0.01,0.01,73369.29,1775942967000
1775942969.393,269.393,0.42,0.44,0.56,0.57,0.02,0.01,73369.29,1775942968000
1775942969.735,269.735,0.42,0.43,0.42,0.58,0.01,0.16,73369.29,1775942968000
1775942970.139,270.139,0.44,0.47,0.53,0.54,0.03,0.01,73369.29,1775942968000
1775942970.504,270.504,0.42,0.43,0.53,0.56,0.01,0.03,73369.3,1775942969000
1775942970.861,270.861,0.48,0.5,0.57,0.58,0.02,0.01,73369.3,1775942969000
1775942971.287,271.287,0.42,0.43,0.54,0.55,0.01,0.01,73369.3,1775942970000
1775942971.946,271.946,0.43,0.44,0.57,0.58,0.01,0.01,73369.3,1775942970000
1775942972.357,272.357,0.43,0.44,0.56,0.57,0.01,0.01,73369.3,1775942970000
1775942972.909,272.909,0.41,0.58,0.56,0.59,0.17,0.03,73369.31,1775942971000
1775942973.339,273.339,0.47,0.48,0.39,0.55,0.01,0.16,73369.31,1775942972000
1775942973.728,273.728,0.44,0.46,0.52,0.53,0.02,0.01,73369.31,1775942972000
1775942974.127,274.127,0.45,0.46,0.54,0.55,0.01,0.01,73369.31,1775942973000
1775942974.611,274.611,0.44,0.45,0.54,0.55,0.01,0.01,73369.31,1775942973000
1775942975.173,275.173,0.45,0.51,0.58,0.59,0.06,0.01,73369.31,1775942973000
1775942975.545,275.545,0.47,0.48,0.52,0.53,0.01,0.01,73369.31,1775942974000
1775942976.085,276.085,0.45,0.46,0.54,0.55,0.01,0.01,73369.31,1775942974000
1775942976.583,276.583,0.43,0.45,0.54,0.55,0.02,0.01,73369.27,1775942975000
1775942976.994,276.994,0.47,0.54,0.52,0.53,0.07,0.01,73369.27,1775942975000
1775942977.343,277.343,0.52,0.53,0.47,0.48,0.01,0.01,73369.25,1775942976000
1775942977.726,277.726,0.51,0.52,0.48,0.49,0.01,0.01,73369.25,1775942976000
1775942978.096,278.096,0.5,0.51,0.49,0.5,0.01,0.01,73369.25,1775942976000
1775942978.51,278.51,0.5,0.63,0.49,0.5,0.13,0.01,73369.25,1775942976000
1775942978.882,278.882,0.57,0.58,0.42,0.43,0.01,0.01,73369.29,1775942978000
1775942979.603,279.603,0.5,0.51,0.47,0.48,0.01,0.01,73369.29,1775942978000
1775942980.025,280.025,0.5,0.51,0.49,0.5,0.01,0.01,73369.29,1775942979000
1775942980.379,280.379,0.5,0.51,0.49,0.5,0.01,0.01,73369.29,1775942979000
1775942980.831,280.831,0.5,0.51,0.49,0.5,0.01,0.01,73369.3,1775942980000
1775942981.212,281.212,0.5,0.51,0.49,0.5,0.01,0.01,73369.3,1775942980000
1775942981.565,281.565,0.49,0.5,0.49,0.51,0.01,0.02,73369.3,1775942980000
1775942981.906,281.906,0.49,0.5,0.35,0.51,0.01,0.16,73369.3,1775942980000
1775942982.365,282.365,0.5,0.51,0.49,0.5,0.01,0.01,73369.3,1775942981000
1775942982.723,282.723,0.51,0.53,0.49,0.5,0.02,0.01,73369.3,1775942981000
1775942983.261,283.261,0.48,0.49,0.47,0.49,0.01,0.02,73369.3,1775942982000
1775942983.767,283.767,0.49,0.51,0.52,0.53,0.02,0.01,73369.3,1775942982000
1775942984.152,284.152,0.5,0.51,0.49,0.5,0.01,0.01,73369.31,1775942983000
1775942984.517,284.517,0.54,0.55,0.45,0.46,0.01,0.01,73369.31,1775942983000
1775942984.955,284.955,0.54,0.55,0.45,0.46,0.01,0.01,73369.27,1775942984000
1775942985.352,285.352,0.52,0.53,0.47,0.53,0.01,0.06,73369.27,1775942984000
1775942985.765,285.765,0.48,0.49,0.51,0.52,0.01,0.01,73369.27,1775942984000
1775942986.165,286.165,0.45,0.47,0.53,0.54,0.02,0.01,73369.27,1775942984000
1775942986.576,286.576,0.45,0.47,0.52,0.54,0.02,0.02,73369.27,1775942985000
1775942986.979,286.979,0.47,0.5,0.52,0.53,0.03,0.01,73369.27,1775942986000
1775942987.387,287.387,0.5,0.51,0.49,0.51,0.01,0.02,73369.27,1775942986000
1775942987.74,287.74,0.42,0.46,0.53,0.59,0.04,0.06,73369.27,1775942986000
1775942988.162,288.162,0.43,0.44,0.56,0.57,0.01,0.01,73369.28,1775942987000
1775942988.57,288.57,0.43,0.44,0.56,0.57,0.01,0.01,73369.28,1775942987000
1775942988.964,288.964,0.41,0.43,0.56,0.59,0.02,0.03,73369.29,1775942988000
1775942989.351,289.351,0.42,0.43,0.57,0.58,0.01,0.01,73369.29,1775942988000
1775942989.753,289.753,0.41,0.42,0.57,0.58,0.01,0.01,73369.29,1775942988000
1775942990.287,290.287,0.41,0.42,0.58,0.59,0.01,0.01,73369.29,1775942988000
1775942991.087,291.087,0.41,0.42,0.58,0.59,0.01,0.01,73369.23,1775942989000
1775942991.714,291.714,0.45,0.46,0.56,0.58,0.01,0.02,73369.23,1775942990000
1775942992.135,292.135,0.45,0.46,0.54,0.55,0.01,0.01,73369.23,1775942990000
1775942992.525,292.525,0.45,0.46,0.53,0.54,0.01,0.01,73369.23,1775942991000
1775942993.062,293.062,0.52,0.53,0.47,0.54,0.01,0.07,73369.23,1775942991000
1775942993.562,293.562,0.52,0.53,0.47,0.48,0.01,0.01,73369.3,1775942992000
1775942993.979,293.979,0.5,0.51,0.47,0.48,0.01,0.01,73369.3,1775942992000
1775942994.342,294.342,0.47,0.49,0.49,0.53,0.02,0.04,73369.31,1775942993000
1775942994.942,294.942,0.44,0.46,0.55,0.56,0.02,0.01,73369.31,1775942993000
1775942995.327,295.327,0.47,0.49,0.54,0.55,0.02,0.01,73369.31,1775942994000
1775942995.673,295.673,0.49,0.55,0.5,0.51,0.06,0.01,73369.31,1775942994000
1775942996.036,296.036,0.55,0.56,0.43,0.46,0.01,0.03,73369.31,1775942994000
1775942996.57,296.57,0.58,0.62,0.41,0.42,0.04,0.01,73369.31,1775942995000
1775942996.978,296.978,0.66,0.67,0.35,0.4,0.01,0.05,73369.31,1775942995000
1775942997.484,297.484,0.53,0.67,0.33,0.34,0.14,0.01,73369.31,1775942996000
1775942997.818,297.818,0.57,0.59,0.33,0.44,0.02,0.11,73369.31,1775942996000
1775942998.304,298.304,0.64,0.65,0.35,0.36,0.01,0.01,73369.31,1775942996000
1775942998.664,298.664,0.51,0.86,0.12,0.22,0.35,0.1,73369.33,1775942997000
1775942999.013,299.013,0.86,0.88,0.12,0.15,0.02,0.03,73369.33,1775942997000
1775942999.357,299.357,0.85,0.91,0.1,0.15,0.06,0.05,73369.33,1775942998000
1775942999.693,299.693,0.89,0.92,0.1,0.11,0.03,0.01,73369.33,1775942998000
1775943000.075,300.075,0.92,0.93,0.07,0.08,0.01,0.01,73369.33,1775942998000
1775943000.421,300.421,0.95,0.98,0.02,0.06,0.03,0.04,73369.34,1775942999000
1775943000.756,300.756,0.95,0.99,0.01,0.05,0.04,0.04,73369.34,1775942999000
1775943001.603,301.603,0.96,0.99,0.01,0.04,0.03,0.03,73369.34,1775943000000
1775943001.98,301.98,0.96,0.99,0.01,0.04,0.03,0.03,73369.34,1775943001000

# RESULT,winner=Up,slug=btc-updown-5m-1775942700,ticks=681
