timestamp,elapsed_sec,up_bid,up_ask,down_bid,down_ask,up_spread,down_spread,btc_price,btc_oracle_ts
1776883200.528,0.528,0.51,0.52,0.48,0.49,0.01,0.01,78978.31,1776883199000
1776883201.045,1.045,0.51,0.52,0.48,0.49,0.01,0.01,78979.74,1776883200000
1776883201.625,1.625,0.51,0.52,0.48,0.49,0.01,0.01,78979.74,1776883200000
1776883201.962,1.962,0.53,0.55,0.45,0.47,0.02,0.02,78982.0,1776883201000
1776883202.303,2.303,0.53,0.55,0.45,0.47,0.02,0.02,78982.0,1776883201000
1776883203.084,3.084,0.54,0.55,0.45,0.46,0.01,0.01,78985.43,1776883202000
1776883204.203,4.203,0.54,0.55,0.45,0.46,0.01,0.01,78989.15,1776883203000
1776883204.585,4.585,0.54,0.55,0.45,0.46,0.01,0.01,78989.15,1776883203000
1776883205.066,5.066,0.54,0.55,0.45,0.46,0.01,0.01,78988.48,1776883204000
1776883205.451,5.451,0.54,0.55,0.45,0.46,0.01,0.01,78988.48,1776883204000
1776883205.936,5.936,0.54,0.55,0.45,0.46,0.01,0.01,78988.48,1776883204000
1776883206.344,6.344,0.54,0.55,0.45,0.46,0.01,0.01,78987.29,1776883205000
1776883206.726,6.726,0.55,0.56,0.44,0.46,0.01,0.02,78987.29,1776883205000
1776883207.119,7.119,0.55,0.56,0.44,0.45,0.01,0.01,78988.34,1776883206000
1776883207.588,7.588,0.55,0.57,0.43,0.45,0.02,0.02,78988.34,1776883206000
1776883208.021,8.021,0.6,0.61,0.39,0.42,0.01,0.03,78988.34,1776883206000
1776883208.361,8.361,0.61,0.62,0.38,0.39,0.01,0.01,78989.86,1776883207000
1776883208.704,8.704,0.61,0.62,0.38,0.39,0.01,0.01,78989.86,1776883207000
1776883209.343,9.343,0.61,0.62,0.38,0.39,0.01,0.01,78989.86,1776883207000
1776883209.678,9.678,0.62,0.68,0.32,0.36,0.06,0.04,78994.86,1776883208000
1776883210.018,10.018,0.67,0.68,0.32,0.33,0.01,0.01,78994.86,1776883208000
1776883210.397,10.397,0.67,0.68,0.32,0.33,0.01,0.01,78997.39,1776883209000
1776883211.179,11.179,0.67,0.68,0.32,0.33,0.01,0.01,78997.39,1776883209000
1776883211.59,11.59,0.66,0.67,0.33,0.34,0.01,0.01,79001.31,1776883210000
1776883212.115,12.115,0.65,0.67,0.33,0.34,0.02,0.01,79001.31,1776883210000
1776883212.45,12.45,0.65,0.67,0.33,0.35,0.02,0.02,79003.73,1776883211000
1776883212.803,12.803,0.65,0.67,0.33,0.35,0.02,0.02,79003.73,1776883211000
1776883213.234,13.234,0.65,0.66,0.34,0.35,0.01,0.01,79003.73,1776883211000
1776883213.716,13.716,0.65,0.66,0.34,0.36,0.01,0.02,79002.56,1776883212000
1776883214.16,14.16,0.64,0.65,0.34,0.36,0.01,0.02,79002.56,1776883212000
1776883214.956,14.956,0.64,0.65,0.35,0.36,0.01,0.01,79002.21,1776883214000
1776883215.323,15.323,0.64,0.65,0.35,0.36,0.01,0.01,79002.21,1776883214000
1776883215.746,15.746,0.64,0.65,0.35,0.36,0.01,0.01,79002.21,1776883214000
1776883216.091,16.091,0.63,0.64,0.36,0.37,0.01,0.01,79002.3,1776883215000
1776883216.451,16.451,0.63,0.64,0.36,0.37,0.01,0.01,79002.3,1776883215000
1776883216.86,16.86,0.63,0.64,0.36,0.37,0.01,0.01,79002.3,1776883215000
1776883217.202,17.202,0.63,0.64,0.36,0.37,0.01,0.01,79002.6,1776883216000
1776883217.572,17.572,0.62,0.63,0.36,0.38,0.01,0.02,79002.6,1776883216000
1776883217.944,17.944,0.62,0.63,0.37,0.38,0.01,0.01,79002.6,1776883216000
1776883218.405,18.405,0.62,0.63,0.37,0.38,0.01,0.01,79002.55,1776883217000
1776883218.754,18.754,0.62,0.63,0.37,0.38,0.01,0.01,79002.55,1776883217000
1776883219.133,19.133,0.62,0.63,0.37,0.38,0.01,0.01,79002.55,1776883217000
1776883219.785,19.785,0.62,0.63,0.37,0.38,0.01,0.01,79002.46,1776883218000
1776883220.316,20.316,0.62,0.63,0.37,0.38,0.01,0.01,79002.43,1776883219000
1776883220.74,20.74,0.62,0.63,0.37,0.38,0.01,0.01,79002.43,1776883219000
1776883221.416,21.416,0.62,0.63,0.37,0.38,0.01,0.01,79002.42,1776883220000
1776883221.893,21.893,0.6,0.61,0.37,0.38,0.01,0.01,79002.42,1776883220000
1776883222.283,22.283,0.6,0.61,0.39,0.4,0.01,0.01,79001.09,1776883221000
1776883222.665,22.665,0.57,0.61,0.39,0.41,0.04,0.02,79001.09,1776883221000
1776883223.067,23.067,0.61,0.62,0.38,0.39,0.01,0.01,79001.23,1776883222000
1776883223.408,23.408,0.61,0.65,0.37,0.39,0.04,0.02,79001.23,1776883222000
1776883223.999,23.999,0.64,0.65,0.35,0.36,0.01,0.01,79001.23,1776883222000
1776883224.47,24.47,0.64,0.65,0.35,0.36,0.01,0.01,79001.23,1776883222000
1776883224.867,24.867,0.64,0.65,0.35,0.36,0.01,0.01,79001.6,1776883223000
1776883225.202,25.202,0.64,0.65,0.35,0.36,0.01,0.01,79001.6,1776883223000
1776883225.708,25.708,0.62,0.63,0.37,0.38,0.01,0.01,79003.95,1776883224000
1776883226.175,26.175,0.62,0.64,0.37,0.38,0.02,0.01,79003.95,1776883224000
1776883226.64,26.64,0.66,0.68,0.32,0.35,0.02,0.03,79004.92,1776883225000
1776883227.072,27.072,0.67,0.68,0.32,0.33,0.01,0.01,79004.92,1776883225000
1776883227.46,27.46,0.67,0.68,0.32,0.33,0.01,0.01,79004.92,1776883225000
1776883228.035,28.035,0.67,0.68,0.32,0.33,0.01,0.01,79005.43,1776883226000
1776883228.383,28.383,0.67,0.68,0.32,0.33,0.01,0.01,79008.57,1776883227000
1776883228.786,28.786,0.67,0.68,0.32,0.33,0.01,0.01,79008.57,1776883227000
1776883229.15,29.15,0.68,0.69,0.31,0.33,0.01,0.02,79008.57,1776883227000
1776883229.548,29.548,0.68,0.69,0.31,0.32,0.01,0.01,79009.68,1776883228000
1776883229.973,29.973,0.68,0.69,0.31,0.32,0.01,0.01,79009.68,1776883228000
1776883230.454,30.454,0.68,0.69,0.31,0.32,0.01,0.01,79009.68,1776883228000
1776883230.801,30.801,0.68,0.69,0.31,0.32,0.01,0.01,79010.84,1776883229000
1776883231.337,31.337,0.68,0.69,0.31,0.32,0.01,0.01,79010.84,1776883229000
1776883231.686,31.686,0.68,0.69,0.31,0.32,0.01,0.01,79010.84,1776883230000
1776883232.315,32.315,0.68,0.69,0.31,0.32,0.01,0.01,79010.84,1776883230000
1776883232.767,32.767,0.68,0.69,0.31,0.32,0.01,0.01,79010.56,1776883231000
1776883233.462,33.462,0.68,0.69,0.31,0.32,0.01,0.01,79010.39,1776883232000
1776883233.803,33.803,0.68,0.69,0.31,0.32,0.01,0.01,79010.39,1776883232000
1776883234.171,34.171,0.68,0.69,0.31,0.32,0.01,0.01,79010.39,1776883232000
1776883234.664,34.664,0.68,0.69,0.31,0.32,0.01,0.01,79009.58,1776883233000
1776883235.144,35.144,0.68,0.69,0.31,0.32,0.01,0.01,79009.58,1776883233000
1776883235.532,35.532,0.67,0.68,0.32,0.33,0.01,0.01,79009.68,1776883234000
1776883235.872,35.872,0.67,0.68,0.32,0.33,0.01,0.01,79009.68,1776883234000
1776883236.502,36.502,0.67,0.68,0.32,0.33,0.01,0.01,79009.68,1776883235000
1776883236.961,36.961,0.67,0.68,0.32,0.33,0.01,0.01,79009.68,1776883235000
1776883237.55,37.55,0.67,0.68,0.32,0.33,0.01,0.01,79009.68,1776883235000
1776883237.902,37.902,0.67,0.68,0.32,0.33,0.01,0.01,79009.53,1776883236000
1776883238.324,38.324,0.67,0.68,0.32,0.33,0.01,0.01,79009.53,1776883237000
1776883239.219,39.219,0.67,0.68,0.32,0.33,0.01,0.01,79009.53,1776883237000
1776883239.696,39.696,0.67,0.68,0.32,0.33,0.01,0.01,79009.53,1776883237000
1776883240.125,40.125,0.66,0.68,0.32,0.33,0.02,0.01,79009.69,1776883238000
1776883240.723,40.723,0.65,0.66,0.32,0.35,0.01,0.03,79009.69,1776883238000
1776883241.148,41.148,0.65,0.66,0.34,0.35,0.01,0.01,79009.69,1776883239000
1776883241.548,41.548,0.65,0.66,0.34,0.35,0.01,0.01,79009.69,1776883239000
1776883241.883,41.883,0.65,0.66,0.34,0.35,0.01,0.01,79009.69,1776883239000
1776883242.231,42.231,0.65,0.66,0.34,0.35,0.01,0.01,79009.69,1776883240000
1776883242.767,42.767,0.65,0.66,0.34,0.35,0.01,0.01,79009.69,1776883240000
1776883243.516,43.516,0.65,0.66,0.34,0.35,0.01,0.01,79008.11,1776883242000
1776883243.865,43.865,0.65,0.66,0.34,0.35,0.01,0.01,79008.11,1776883242000
1776883244.276,44.276,0.64,0.65,0.34,0.37,0.01,0.03,79008.16,1776883243000
1776883244.822,44.822,0.64,0.65,0.35,0.36,0.01,0.01,79008.16,1776883243000
1776883245.419,45.419,0.64,0.65,0.35,0.36,0.01,0.01,79008.16,1776883243000
1776883246.036,46.036,0.64,0.65,0.35,0.36,0.01,0.01,79008.18,1776883244000
1776883246.424,46.424,0.63,0.64,0.35,0.36,0.01,0.01,79007.98,1776883245000
1776883246.848,46.848,0.63,0.64,0.36,0.37,0.01,0.01,79007.98,1776883245000
1776883247.226,47.226,0.63,0.64,0.36,0.37,0.01,0.01,79007.98,1776883245000
1776883247.592,47.592,0.63,0.64,0.36,0.37,0.01,0.01,79007.93,1776883246000
1776883248.078,48.078,0.63,0.64,0.36,0.37,0.01,0.01,79007.93,1776883246000
1776883248.457,48.457,0.63,0.64,0.36,0.37,0.01,0.01,79009.44,1776883247000
1776883249.181,49.181,0.63,0.64,0.36,0.37,0.01,0.01,79009.44,1776883247000
1776883249.637,49.637,0.63,0.64,0.36,0.37,0.01,0.01,79007.93,1776883248000
1776883250.133,50.133,0.63,0.64,0.36,0.37,0.01,0.01,79007.93,1776883248000
1776883250.478,50.478,0.63,0.64,0.36,0.37,0.01,0.01,79007.9,1776883249000
1776883251.078,51.078,0.64,0.65,0.35,0.36,0.01,0.01,79007.9,1776883249000
1776883251.515,51.515,0.64,0.65,0.35,0.36,0.01,0.01,79007.9,1776883249000
1776883251.975,51.975,0.64,0.65,0.35,0.36,0.01,0.01,79007.94,1776883250000
1776883252.381,52.381,0.64,0.65,0.35,0.36,0.01,0.01,79008.11,1776883251000
1776883252.795,52.795,0.64,0.65,0.35,0.36,0.01,0.01,79008.11,1776883251000
1776883253.277,53.277,0.64,0.65,0.35,0.36,0.01,0.01,79008.11,1776883251000
1776883253.682,53.682,0.63,0.64,0.36,0.37,0.01,0.01,79008.33,1776883252000
1776883254.031,54.031,0.63,0.64,0.36,0.37,0.01,0.01,79008.33,1776883252000
1776883254.506,54.506,0.63,0.64,0.36,0.37,0.01,0.01,79008.33,1776883253000
1776883254.967,54.967,0.63,0.64,0.36,0.37,0.01,0.01,79008.33,1776883253000
1776883255.401,55.401,0.63,0.64,0.36,0.37,0.01,0.01,79008.17,1776883254000
1776883255.87,55.87,0.62,0.63,0.36,0.38,0.01,0.02,79008.17,1776883254000
1776883256.445,56.445,0.62,0.63,0.37,0.38,0.01,0.01,79008.17,1776883254000
1776883257.051,57.051,0.62,0.63,0.37,0.38,0.01,0.01,79007.83,1776883255000
1776883257.445,57.445,0.62,0.63,0.37,0.38,0.01,0.01,79007.83,1776883256000
1776883257.91,57.91,0.62,0.64,0.37,0.38,0.02,0.01,79007.83,1776883256000
1776883258.295,58.295,0.63,0.64,0.36,0.37,0.01,0.01,79007.75,1776883257000
1776883258.67,58.67,0.63,0.64,0.36,0.37,0.01,0.01,79007.75,1776883257000
1776883259.109,59.109,0.63,0.64,0.36,0.37,0.01,0.01,79007.74,1776883258000
1776883259.801,59.801,0.62,0.63,0.37,0.38,0.01,0.01,79007.74,1776883258000
1776883260.144,60.144,0.62,0.63,0.37,0.38,0.01,0.01,79008.09,1776883259000
1776883260.513,60.513,0.6,0.63,0.37,0.38,0.03,0.01,79008.09,1776883259000
1776883260.896,60.896,0.57,0.61,0.39,0.43,0.04,0.04,79008.09,1776883259000
1776883261.235,61.235,0.56,0.59,0.43,0.44,0.03,0.01,79008.1,1776883260000
1776883261.639,61.639,0.58,0.59,0.41,0.42,0.01,0.01,79008.1,1776883260000
1776883261.973,61.973,0.6,0.61,0.39,0.4,0.01,0.01,79008.1,1776883260000
1776883262.318,62.318,0.63,0.65,0.35,0.37,0.02,0.02,79008.1,1776883261000
1776883262.689,62.689,0.63,0.64,0.36,0.37,0.01,0.01,79008.1,1776883261000
1776883263.216,63.216,0.63,0.64,0.36,0.37,0.01,0.01,79008.1,1776883261000
1776883263.605,63.605,0.65,0.66,0.34,0.36,0.01,0.02,79006.51,1776883262000
1776883264.023,64.023,0.65,0.66,0.34,0.35,0.01,0.01,79006.51,1776883262000
1776883264.376,64.376,0.65,0.66,0.34,0.35,0.01,0.01,79010.83,1776883263000
1776883264.796,64.796,0.65,0.66,0.34,0.35,0.01,0.01,79010.83,1776883263000
1776883265.359,65.359,0.66,0.67,0.33,0.34,0.01,0.01,79010.45,1776883264000
1776883266.006,66.006,0.66,0.67,0.33,0.34,0.01,0.01,79010.45,1776883264000
1776883266.448,66.448,0.66,0.67,0.33,0.34,0.01,0.01,79011.52,1776883265000
1776883266.812,66.812,0.66,0.67,0.33,0.34,0.01,0.01,79011.52,1776883265000
1776883267.204,67.204,0.66,0.67,0.33,0.34,0.01,0.01,79011.86,1776883266000
1776883267.769,67.769,0.66,0.67,0.33,0.34,0.01,0.01,79011.86,1776883266000
1776883268.16,68.16,0.66,0.67,0.33,0.34,0.01,0.01,79011.86,1776883266000
1776883268.751,68.751,0.66,0.67,0.33,0.34,0.01,0.01,79011.74,1776883267000
1776883269.166,69.166,0.64,0.65,0.35,0.36,0.01,0.01,79011.74,1776883267000
1776883269.552,69.552,0.65,0.67,0.33,0.35,0.02,0.02,79011.26,1776883268000
1776883269.902,69.902,0.65,0.66,0.34,0.35,0.01,0.01,79011.26,1776883268000
1776883270.358,70.358,0.65,0.66,0.34,0.35,0.01,0.01,79011.26,1776883268000
1776883270.873,70.873,0.66,0.67,0.33,0.34,0.01,0.01,79010.42,1776883269000
1776883271.373,71.373,0.67,0.68,0.32,0.33,0.01,0.01,79010.42,1776883269000
1776883272.033,72.033,0.67,0.68,0.32,0.33,0.01,0.01,79010.29,1776883270000
1776883272.578,72.578,0.67,0.68,0.32,0.33,0.01,0.01,79010.29,1776883270000
1776883272.972,72.972,0.67,0.68,0.32,0.33,0.01,0.01,79010.29,1776883270000
1776883273.575,73.575,0.67,0.68,0.32,0.33,0.01,0.01,79010.53,1776883272000
1776883273.913,73.913,0.67,0.68,0.32,0.33,0.01,0.01,79010.53,1776883272000
1776883274.337,74.337,0.67,0.68,0.32,0.33,0.01,0.01,79010.53,1776883273000
1776883274.766,74.766,0.67,0.68,0.32,0.33,0.01,0.01,79010.53,1776883273000
1776883275.215,75.215,0.67,0.68,0.32,0.33,0.01,0.01,79010.38,1776883274000
1776883275.637,75.637,0.67,0.71,0.32,0.33,0.04,0.01,79010.38,1776883274000
1776883276.118,76.118,0.7,0.71,0.29,0.3,0.01,0.01,79010.38,1776883274000
1776883276.461,76.461,0.66,0.67,0.33,0.34,0.01,0.01,79010.2,1776883275000
1776883276.801,76.801,0.66,0.67,0.33,0.34,0.01,0.01,79010.2,1776883275000
1776883277.169,77.169,0.66,0.67,0.33,0.34,0.01,0.01,79009.56,1776883276000
1776883277.546,77.546,0.66,0.67,0.33,0.34,0.01,0.01,79009.56,1776883276000
1776883277.94,77.94,0.66,0.67,0.33,0.34,0.01,0.01,79009.56,1776883276000
1776883278.413,78.413,0.67,0.68,0.32,0.33,0.01,0.01,79009.72,1776883277000
1776883278.878,78.878,0.67,0.68,0.32,0.33,0.01,0.01,79009.72,1776883277000
1776883279.233,79.233,0.67,0.68,0.32,0.33,0.01,0.01,79009.72,1776883278000
1776883279.917,79.917,0.67,0.68,0.32,0.33,0.01,0.01,79009.72,1776883278000
1776883280.35,80.35,0.67,0.68,0.32,0.33,0.01,0.01,79009.59,1776883279000
1776883280.731,80.731,0.67,0.68,0.32,0.33,0.01,0.01,79009.59,1776883279000
1776883281.067,81.067,0.67,0.68,0.32,0.33,0.01,0.01,79009.59,1776883279000
1776883281.405,81.405,0.67,0.68,0.32,0.33,0.01,0.01,79010.57,1776883280000
1776883281.802,81.802,0.67,0.68,0.32,0.33,0.01,0.01,79010.57,1776883280000
1776883282.409,82.409,0.67,0.68,0.32,0.33,0.01,0.01,79009.75,1776883281000
1776883282.874,82.874,0.67,0.68,0.32,0.33,0.01,0.01,79009.75,1776883281000
1776883283.4,83.4,0.67,0.68,0.32,0.33,0.01,0.01,79009.75,1776883282000
1776883283.818,83.818,0.67,0.68,0.32,0.33,0.01,0.01,79009.75,1776883282000
1776883284.239,84.239,0.67,0.68,0.32,0.33,0.01,0.01,79007.88,1776883283000
1776883284.748,84.748,0.67,0.68,0.32,0.33,0.01,0.01,79007.88,1776883283000
1776883285.11,85.11,0.67,0.68,0.32,0.33,0.01,0.01,79007.88,1776883283000
1776883285.483,85.483,0.67,0.68,0.32,0.33,0.01,0.01,79007.34,1776883284000
1776883285.884,85.884,0.67,0.68,0.32,0.33,0.01,0.01,79007.34,1776883284000
1776883286.295,86.295,0.67,0.68,0.32,0.33,0.01,0.01,79006.67,1776883285000
1776883286.646,86.646,0.67,0.68,0.32,0.33,0.01,0.01,79006.67,1776883285000
1776883287.129,87.129,0.67,0.68,0.32,0.33,0.01,0.01,79006.6,1776883286000
1776883287.633,87.633,0.67,0.68,0.32,0.33,0.01,0.01,79006.6,1776883286000
1776883287.973,87.973,0.67,0.68,0.32,0.33,0.01,0.01,79006.6,1776883286000
1776883288.692,88.692,0.67,0.68,0.32,0.33,0.01,0.01,79006.84,1776883287000
1776883289.079,89.079,0.67,0.68,0.32,0.33,0.01,0.01,79006.63,1776883288000
1776883289.435,89.435,0.67,0.68,0.32,0.33,0.01,0.01,79006.63,1776883288000
1776883289.883,89.883,0.67,0.68,0.32,0.33,0.01,0.01,79006.63,1776883288000
1776883290.252,90.252,0.67,0.68,0.32,0.33,0.01,0.01,79007.77,1776883289000
1776883290.605,90.605,0.67,0.68,0.32,0.33,0.01,0.01,79007.77,1776883289000
1776883291.027,91.027,0.67,0.68,0.32,0.33,0.01,0.01,79007.77,1776883289000
1776883291.373,91.373,0.67,0.68,0.32,0.33,0.01,0.01,79008.04,1776883290000
1776883291.763,91.763,0.67,0.68,0.32,0.33,0.01,0.01,79008.04,1776883290000
1776883292.134,92.134,0.67,0.68,0.32,0.33,0.01,0.01,79008.04,1776883290000
1776883292.535,92.535,0.67,0.68,0.32,0.33,0.01,0.01,79007.51,1776883291000
1776883292.925,92.925,0.67,0.68,0.32,0.33,0.01,0.01,79007.51,1776883292000
1776883293.296,93.296,0.67,0.68,0.32,0.33,0.01,0.01,79007.51,1776883292000
1776883293.921,93.921,0.67,0.68,0.32,0.33,0.01,0.01,79007.51,1776883292000
1776883294.379,94.379,0.67,0.68,0.32,0.33,0.01,0.01,79007.83,1776883293000
1776883295.063,95.063,0.67,0.68,0.32,0.33,0.01,0.01,79007.61,1776883294000
1776883295.595,95.595,0.67,0.68,0.32,0.33,0.01,0.01,79007.61,1776883294000
1776883296.018,96.018,0.67,0.68,0.32,0.33,0.01,0.01,79007.61,1776883294000
1776883296.405,96.405,0.67,0.68,0.32,0.33,0.01,0.01,79007.61,1776883295000
1776883296.916,96.916,0.67,0.68,0.32,0.33,0.01,0.01,79007.61,1776883295000
1776883297.338,97.338,0.67,0.68,0.32,0.33,0.01,0.01,79006.77,1776883296000
1776883298.017,98.017,0.67,0.68,0.32,0.33,0.01,0.01,79006.77,1776883296000
1776883298.38,98.38,0.67,0.68,0.32,0.33,0.01,0.01,79006.87,1776883297000
1776883298.754,98.754,0.67,0.68,0.32,0.33,0.01,0.01,79006.87,1776883297000
1776883299.14,99.14,0.67,0.68,0.32,0.33,0.01,0.01,79006.87,1776883297000
1776883300.195,100.195,0.67,0.68,0.32,0.33,0.01,0.01,79006.87,1776883298000
1776883300.641,100.641,0.66,0.67,0.32,0.34,0.01,0.02,79006.87,1776883299000
1776883301.674,101.674,0.66,0.67,0.33,0.34,0.01,0.01,79006.79,1776883300000
1776883302.54,102.54,0.66,0.67,0.33,0.34,0.01,0.01,79006.79,1776883301000
1776883303.059,103.059,0.66,0.67,0.33,0.34,0.01,0.01,79006.79,1776883302000
1776883303.634,103.634,0.66,0.67,0.33,0.34,0.01,0.01,79006.79,1776883302000
1776883304.039,104.039,0.66,0.67,0.33,0.34,0.01,0.01,79006.79,1776883302000
1776883304.937,104.937,0.66,0.67,0.33,0.34,0.01,0.01,79005.92,1776883303000
1776883305.452,105.452,0.66,0.67,0.33,0.34,0.01,0.01,79005.92,1776883304000
1776883305.942,105.942,0.66,0.67,0.33,0.34,0.01,0.01,79005.92,1776883304000
1776883306.357,106.357,0.66,0.67,0.33,0.34,0.01,0.01,79007.73,1776883305000
1776883306.89,106.89,0.66,0.67,0.33,0.34,0.01,0.01,79007.73,1776883305000
1776883307.518,107.518,0.62,0.64,0.36,0.38,0.02,0.02,79005.65,1776883306000
1776883308.02,108.02,0.62,0.64,0.36,0.38,0.02,0.02,79005.65,1776883307000
1776883308.355,108.355,0.6,0.62,0.38,0.4,0.02,0.02,79005.65,1776883307000
1776883308.701,108.701,0.6,0.62,0.38,0.39,0.02,0.01,79005.65,1776883307000
1776883309.113,109.113,0.6,0.61,0.39,0.4,0.01,0.01,79005.65,1776883307000
1776883309.633,109.633,0.6,0.61,0.39,0.4,0.01,0.01,79004.96,1776883308000
1776883310.037,110.037,0.6,0.61,0.39,0.4,0.01,0.01,79004.96,1776883308000
1776883310.674,110.674,0.6,0.61,0.39,0.4,0.01,0.01,79001.06,1776883309000
1776883311.022,111.022,0.6,0.61,0.39,0.4,0.01,0.01,79000.82,1776883310000
1776883311.474,111.474,0.6,0.61,0.39,0.4,0.01,0.01,79000.82,1776883310000
1776883311.893,111.893,0.6,0.61,0.39,0.4,0.01,0.01,79000.82,1776883310000
1776883312.281,112.281,0.6,0.61,0.39,0.4,0.01,0.01,79000.54,1776883311000
1776883312.685,112.685,0.6,0.61,0.39,0.4,0.01,0.01,79000.54,1776883311000
1776883313.151,113.151,0.6,0.61,0.39,0.4,0.01,0.01,79000.54,1776883311000
1776883313.564,113.564,0.6,0.61,0.39,0.4,0.01,0.01,79000.54,1776883312000
1776883314.064,114.064,0.6,0.61,0.39,0.4,0.01,0.01,79000.54,1776883312000
1776883314.89,114.89,0.6,0.61,0.39,0.4,0.01,0.01,79000.03,1776883314000
1776883315.323,115.323,0.6,0.61,0.39,0.4,0.01,0.01,79000.03,1776883314000
1776883315.962,115.962,0.6,0.61,0.39,0.4,0.01,0.01,79000.03,1776883314000
1776883316.359,116.359,0.57,0.59,0.41,0.43,0.02,0.02,79000.03,1776883314000
1776883316.767,116.767,0.55,0.56,0.44,0.45,0.01,0.01,78997.74,1776883315000
1776883317.133,117.133,0.55,0.56,0.44,0.45,0.01,0.01,78997.74,1776883315000
1776883317.58,117.58,0.55,0.56,0.44,0.45,0.01,0.01,78999.89,1776883316000
1776883317.916,117.916,0.54,0.56,0.44,0.46,0.02,0.02,78999.89,1776883316000
1776883318.257,118.257,0.53,0.55,0.45,0.47,0.02,0.02,78997.45,1776883317000
1776883318.694,118.694,0.53,0.54,0.46,0.47,0.01,0.01,78997.45,1776883317000
1776883319.167,119.167,0.52,0.53,0.46,0.48,0.01,0.02,78997.45,1776883317000
1776883319.539,119.539,0.51,0.53,0.47,0.48,0.02,0.01,78995.87,1776883318000
1776883319.904,119.904,0.51,0.52,0.48,0.49,0.01,0.01,78995.87,1776883318000
1776883320.268,120.268,0.51,0.52,0.48,0.49,0.01,0.01,78994.6,1776883319000
1776883320.623,120.623,0.51,0.52,0.48,0.49,0.01,0.01,78994.6,1776883319000
1776883320.985,120.985,0.51,0.52,0.48,0.49,0.01,0.01,78994.6,1776883319000
1776883321.337,121.337,0.51,0.52,0.48,0.49,0.01,0.01,78993.66,1776883320000
1776883321.766,121.766,0.51,0.52,0.48,0.49,0.01,0.01,78993.66,1776883320000
1776883322.15,122.15,0.57,0.6,0.41,0.43,0.03,0.02,78993.66,1776883320000
1776883322.483,122.483,0.63,0.65,0.35,0.37,0.02,0.02,78993.37,1776883321000
1776883322.857,122.857,0.63,0.64,0.36,0.37,0.01,0.01,78993.37,1776883321000
1776883323.195,123.195,0.63,0.64,0.36,0.37,0.01,0.01,78992.42,1776883322000
1776883323.557,123.557,0.63,0.64,0.36,0.37,0.01,0.01,78992.42,1776883322000
1776883324.007,124.007,0.61,0.63,0.37,0.39,0.02,0.02,78992.42,1776883322000
1776883324.819,124.819,0.61,0.62,0.38,0.39,0.01,0.01,78996.03,1776883323000
1776883325.223,125.223,0.61,0.62,0.38,0.39,0.01,0.01,78996.4,1776883324000
1776883325.591,125.591,0.61,0.62,0.38,0.39,0.01,0.01,78996.4,1776883324000
1776883326.049,126.049,0.61,0.62,0.38,0.39,0.01,0.01,78996.4,1776883324000
1776883326.47,126.47,0.61,0.62,0.38,0.39,0.01,0.01,78996.26,1776883325000
1776883327.007,127.007,0.61,0.62,0.38,0.39,0.01,0.01,78996.26,1776883326000
1776883327.422,127.422,0.61,0.62,0.38,0.39,0.01,0.01,78996.26,1776883326000
1776883327.838,127.838,0.61,0.62,0.38,0.39,0.01,0.01,78996.26,1776883326000
1776883328.584,128.584,0.61,0.62,0.38,0.39,0.01,0.01,78996.27,1776883327000
1776883329.042,129.042,0.61,0.62,0.38,0.39,0.01,0.01,78996.27,1776883327000
1776883329.434,129.434,0.61,0.62,0.38,0.39,0.01,0.01,78996.27,1776883327000
1776883329.988,129.988,0.61,0.62,0.38,0.39,0.01,0.01,78996.27,1776883327000
1776883330.509,130.509,0.58,0.62,0.38,0.42,0.04,0.04,78996.29,1776883329000
1776883331.187,131.187,0.58,0.59,0.41,0.42,0.01,0.01,78996.29,1776883329000
1776883331.862,131.862,0.58,0.59,0.41,0.42,0.01,0.01,78996.29,1776883330000
1776883332.278,132.278,0.58,0.59,0.41,0.42,0.01,0.01,78996.29,1776883330000
1776883332.843,132.843,0.58,0.59,0.41,0.42,0.01,0.01,78996.29,1776883330000
1776883333.216,133.216,0.58,0.59,0.41,0.42,0.01,0.01,78995.76,1776883331000
1776883333.776,133.776,0.58,0.61,0.41,0.42,0.03,0.01,78995.3,1776883332000
1776883334.208,134.208,0.61,0.62,0.38,0.39,0.01,0.01,78995.3,1776883332000
1776883334.59,134.59,0.61,0.62,0.38,0.39,0.01,0.01,78995.11,1776883333000
1776883334.969,134.969,0.61,0.62,0.38,0.39,0.01,0.01,78995.11,1776883333000
1776883335.422,135.422,0.62,0.63,0.37,0.38,0.01,0.01,78995.11,1776883333000
1776883335.847,135.847,0.62,0.63,0.37,0.38,0.01,0.01,78995.2,1776883334000
1776883336.352,136.352,0.62,0.63,0.37,0.38,0.01,0.01,78995.2,1776883334000
1776883336.797,136.797,0.62,0.63,0.37,0.38,0.01,0.01,78995.44,1776883335000
1776883337.145,137.145,0.62,0.63,0.37,0.38,0.01,0.01,78995.44,1776883335000
1776883337.51,137.51,0.62,0.63,0.37,0.38,0.01,0.01,78995.44,1776883335000
1776883338.033,138.033,0.62,0.63,0.37,0.38,0.01,0.01,78995.82,1776883336000
1776883338.481,138.481,0.62,0.63,0.37,0.38,0.01,0.01,78996.28,1776883337000
1776883339.444,139.444,0.62,0.63,0.37,0.38,0.01,0.01,78996.28,1776883337000
1776883339.999,139.999,0.62,0.63,0.37,0.38,0.01,0.01,78996.4,1776883338000
1776883340.813,140.813,0.62,0.63,0.37,0.38,0.01,0.01,78996.36,1776883339000
1776883341.458,141.458,0.61,0.63,0.37,0.38,0.02,0.01,78996.36,1776883339000
1776883341.868,141.868,0.59,0.61,0.39,0.41,0.02,0.02,78996.32,1776883340000
1776883342.401,142.401,0.59,0.6,0.4,0.42,0.01,0.02,78996.32,1776883340000
1776883342.775,142.775,0.59,0.6,0.4,0.41,0.01,0.01,78996.13,1776883341000
1776883343.251,143.251,0.59,0.6,0.4,0.41,0.01,0.01,78995.84,1776883342000
1776883344.376,144.376,0.58,0.59,0.4,0.41,0.01,0.01,78995.84,1776883342000
1776883344.771,144.771,0.58,0.59,0.41,0.42,0.01,0.01,78994.16,1776883343000
1776883345.16,145.16,0.57,0.59,0.41,0.43,0.02,0.02,78994.16,1776883343000
1776883345.513,145.513,0.58,0.59,0.41,0.42,0.01,0.01,78994.16,1776883343000
1776883346.174,146.174,0.58,0.59,0.41,0.42,0.01,0.01,78993.71,1776883345000
1776883346.616,146.616,0.58,0.59,0.41,0.42,0.01,0.01,78993.71,1776883345000
1776883347.068,147.068,0.58,0.59,0.41,0.42,0.01,0.01,78993.71,1776883345000
1776883347.579,147.579,0.58,0.59,0.41,0.42,0.01,0.01,78993.71,1776883345000
1776883348.058,148.058,0.58,0.59,0.41,0.42,0.01,0.01,78993.55,1776883346000
1776883348.635,148.635,0.58,0.59,0.41,0.42,0.01,0.01,78993.56,1776883347000
1776883349.112,149.112,0.58,0.59,0.41,0.42,0.01,0.01,78993.59,1776883348000
1776883350.102,150.102,0.58,0.59,0.41,0.42,0.01,0.01,78993.59,1776883348000
1776883351.113,151.113,0.58,0.59,0.41,0.42,0.01,0.01,78993.6,1776883349000
1776883351.513,151.513,0.58,0.59,0.41,0.42,0.01,0.01,78993.56,1776883350000
1776883351.924,151.924,0.58,0.59,0.41,0.42,0.01,0.01,78993.56,1776883350000
1776883352.265,152.265,0.58,0.59,0.41,0.42,0.01,0.01,78993.56,1776883350000
1776883353.215,153.215,0.58,0.59,0.41,0.42,0.01,0.01,78993.4,1776883351000
1776883353.835,153.835,0.58,0.6,0.41,0.42,0.02,0.01,78993.7,1776883352000
1776883354.18,154.18,0.63,0.64,0.36,0.37,0.01,0.01,78993.7,1776883353000
1776883354.581,154.581,0.63,0.64,0.36,0.37,0.01,0.01,78993.7,1776883353000
1776883355.022,155.022,0.63,0.64,0.36,0.37,0.01,0.01,78993.7,1776883353000
1776883355.61,155.61,0.63,0.64,0.36,0.37,0.01,0.01,78993.76,1776883354000
1776883355.945,155.945,0.63,0.64,0.36,0.37,0.01,0.01,78993.76,1776883354000
1776883356.585,156.585,0.64,0.65,0.35,0.36,0.01,0.01,78995.87,1776883355000
1776883357.246,157.246,0.64,0.65,0.35,0.36,0.01,0.01,78996.72,1776883356000
1776883357.659,157.659,0.64,0.65,0.35,0.36,0.01,0.01,78996.72,1776883356000
1776883358.076,158.076,0.64,0.65,0.35,0.36,0.01,0.01,78996.72,1776883356000
1776883358.534,158.534,0.64,0.65,0.35,0.36,0.01,0.01,78996.79,1776883357000
1776883359.546,159.546,0.64,0.65,0.35,0.36,0.01,0.01,78996.79,1776883358000
1776883359.953,159.953,0.64,0.65,0.35,0.36,0.01,0.01,78996.79,1776883358000
1776883361.188,161.188,0.64,0.65,0.35,0.36,0.01,0.01,78996.62,1776883359000
1776883362.015,162.015,0.64,0.65,0.35,0.36,0.01,0.01,78996.62,1776883360000
1776883362.369,162.369,0.75,0.76,0.24,0.25,0.01,0.01,78996.32,1776883361000
1776883362.748,162.748,0.75,0.76,0.24,0.25,0.01,0.01,78996.32,1776883361000
1776883363.116,163.116,0.73,0.74,0.26,0.28,0.01,0.02,78996.32,1776883361000
1776883363.461,163.461,0.72,0.73,0.27,0.28,0.01,0.01,78999.96,1776883362000
1776883363.919,163.919,0.71,0.72,0.27,0.29,0.01,0.02,78999.96,1776883362000
1776883364.29,164.29,0.71,0.72,0.28,0.29,0.01,0.01,79003.66,1776883363000
1776883364.737,164.737,0.71,0.72,0.28,0.29,0.01,0.01,79003.66,1776883363000
1776883365.123,165.123,0.71,0.72,0.28,0.29,0.01,0.01,79003.81,1776883364000
1776883365.629,165.629,0.71,0.72,0.28,0.29,0.01,0.01,79003.81,1776883364000
1776883366.067,166.067,0.7,0.72,0.28,0.3,0.02,0.02,79003.15,1776883365000
1776883366.491,166.491,0.69,0.7,0.29,0.3,0.01,0.01,79003.15,1776883365000
1776883366.999,166.999,0.69,0.7,0.3,0.31,0.01,0.01,79003.69,1776883366000
1776883367.368,167.368,0.69,0.7,0.3,0.31,0.01,0.01,79003.69,1776883366000
1776883367.731,167.731,0.69,0.7,0.3,0.31,0.01,0.01,79003.69,1776883366000
1776883368.315,168.315,0.72,0.74,0.24,0.29,0.02,0.05,79003.57,1776883367000
1776883368.846,168.846,0.73,0.76,0.26,0.28,0.03,0.02,79003.57,1776883367000
1776883370.045,170.045,0.73,0.76,0.24,0.27,0.03,0.03,79004.76,1776883369000
1776883370.706,170.706,0.74,0.76,0.24,0.27,0.02,0.03,79004.76,1776883369000
1776883371.052,171.052,0.77,0.78,0.22,0.23,0.01,0.01,79009.1,1776883370000
1776883371.69,171.69,0.78,0.79,0.22,0.23,0.01,0.01,79009.1,1776883370000
1776883372.106,172.106,0.78,0.79,0.21,0.22,0.01,0.01,79012.14,1776883371000
1776883372.462,172.462,0.78,0.79,0.21,0.22,0.01,0.01,79012.14,1776883371000
1776883372.818,172.818,0.78,0.79,0.21,0.22,0.01,0.01,79012.14,1776883371000
1776883373.158,173.158,0.82,0.86,0.14,0.19,0.04,0.05,79012.14,1776883372000
1776883373.552,173.552,0.85,0.86,0.14,0.15,0.01,0.01,79012.14,1776883372000
1776883373.916,173.916,0.86,0.87,0.13,0.14,0.01,0.01,79012.14,1776883372000
1776883374.259,174.259,0.86,0.87,0.13,0.14,0.01,0.01,79016.73,1776883373000
1776883374.623,174.623,0.86,0.87,0.12,0.14,0.01,0.02,79016.73,1776883373000
1776883374.986,174.986,0.86,0.87,0.13,0.14,0.01,0.01,79016.73,1776883373000
1776883375.357,175.357,0.86,0.87,0.13,0.14,0.01,0.01,79024.38,1776883374000
1776883375.857,175.857,0.86,0.87,0.13,0.14,0.01,0.01,79024.38,1776883374000
1776883376.234,176.234,0.86,0.87,0.13,0.14,0.01,0.01,79024.38,1776883374000
1776883376.576,176.576,0.86,0.87,0.13,0.14,0.01,0.01,79027.58,1776883375000
1776883376.985,176.985,0.86,0.87,0.13,0.14,0.01,0.01,79028.37,1776883376000
1776883377.363,177.363,0.86,0.87,0.13,0.14,0.01,0.01,79028.37,1776883376000
1776883378.174,178.174,0.86,0.87,0.13,0.14,0.01,0.01,79027.09,1776883377000
1776883379.413,179.413,0.86,0.87,0.13,0.14,0.01,0.01,79031.22,1776883378000
1776883379.763,179.763,0.86,0.89,0.11,0.14,0.03,0.03,79031.22,1776883378000
1776883380.118,180.118,0.86,0.9,0.1,0.14,0.04,0.04,79031.22,1776883378000
1776883380.459,180.459,0.86,0.87,0.13,0.14,0.01,0.01,79034.84,1776883379000
1776883380.799,180.799,0.86,0.87,0.13,0.16,0.01,0.03,79034.84,1776883379000
1776883381.156,181.156,0.87,0.89,0.12,0.14,0.02,0.02,79034.5,1776883380000
1776883381.497,181.497,0.85,0.87,0.13,0.14,0.02,0.01,79034.5,1776883380000
1776883381.838,181.838,0.86,0.87,0.13,0.14,0.01,0.01,79034.5,1776883380000
1776883382.208,182.208,0.86,0.88,0.12,0.14,0.02,0.02,79034.5,1776883380000
1776883382.557,182.557,0.87,0.88,0.12,0.13,0.01,0.01,79029.64,1776883381000
1776883382.912,182.912,0.87,0.88,0.12,0.13,0.01,0.01,79029.64,1776883381000
1776883383.246,183.246,0.88,0.89,0.11,0.12,0.01,0.01,79027.93,1776883382000
1776883383.582,183.582,0.88,0.89,0.11,0.12,0.01,0.01,79027.93,1776883382000
1776883384.234,184.234,0.87,0.89,0.11,0.13,0.02,0.02,79027.93,1776883382000
1776883384.812,184.812,0.88,0.89,0.11,0.13,0.01,0.02,79029.12,1776883383000
1776883385.147,185.147,0.88,0.89,0.11,0.12,0.01,0.01,79029.12,1776883383000
1776883385.886,185.886,0.88,0.89,0.11,0.12,0.01,0.01,79031.11,1776883384000
1776883386.423,186.423,0.88,0.89,0.11,0.12,0.01,0.01,79033.2,1776883385000
1776883387.358,187.358,0.88,0.89,0.11,0.12,0.01,0.01,79035.92,1776883386000
1776883387.771,187.771,0.88,0.89,0.11,0.12,0.01,0.01,79035.92,1776883386000
1776883388.186,188.186,0.88,0.89,0.11,0.12,0.01,0.01,79035.92,1776883386000
1776883388.559,188.559,0.88,0.9,0.11,0.12,0.02,0.01,79036.3,1776883387000
1776883389.059,189.059,0.88,0.91,0.1,0.12,0.03,0.02,79036.3,1776883387000
1776883389.493,189.493,0.88,0.89,0.11,0.12,0.01,0.01,79036.3,1776883387000
1776883389.875,189.875,0.88,0.89,0.11,0.12,0.01,0.01,79035.51,1776883388000
1776883390.281,190.281,0.88,0.89,0.11,0.13,0.01,0.02,79035.51,1776883388000
1776883390.699,190.699,0.88,0.89,0.11,0.12,0.01,0.01,79035.2,1776883389000
1776883391.056,191.056,0.88,0.89,0.11,0.12,0.01,0.01,79034.61,1776883390000
1776883391.473,191.473,0.88,0.89,0.11,0.12,0.01,0.01,79034.61,1776883390000
1776883391.809,191.809,0.88,0.89,0.11,0.12,0.01,0.01,79034.61,1776883390000
1776883392.248,192.248,0.88,0.89,0.11,0.12,0.01,0.01,79034.61,1776883390000
1776883392.757,192.757,0.87,0.89,0.11,0.12,0.02,0.01,79034.49,1776883391000
1776883393.225,193.225,0.86,0.87,0.12,0.14,0.01,0.02,79032.7,1776883392000
1776883393.594,193.594,0.86,0.87,0.13,0.14,0.01,0.01,79032.7,1776883392000
1776883393.949,193.949,0.86,0.87,0.13,0.14,0.01,0.01,79032.7,1776883392000
1776883395.589,195.589,0.86,0.87,0.13,0.14,0.01,0.01,79030.69,1776883394000
1776883395.923,195.923,0.86,0.87,0.13,0.14,0.01,0.01,79030.69,1776883394000
1776883396.409,196.409,0.86,0.87,0.13,0.14,0.01,0.01,79028.88,1776883395000
1776883396.792,196.792,0.86,0.87,0.13,0.14,0.01,0.01,79028.88,1776883395000
1776883397.154,197.154,0.86,0.87,0.13,0.14,0.01,0.01,79028.88,1776883395000
1776883397.57,197.57,0.86,0.87,0.13,0.14,0.01,0.01,79026.7,1776883396000
1776883397.922,197.922,0.86,0.87,0.13,0.14,0.01,0.01,79026.7,1776883396000
1776883398.296,198.296,0.86,0.87,0.13,0.14,0.01,0.01,79026.69,1776883397000
1776883398.635,198.635,0.86,0.87,0.13,0.14,0.01,0.01,79026.69,1776883397000
1776883399.036,199.036,0.86,0.87,0.13,0.14,0.01,0.01,79026.69,1776883397000
1776883399.397,199.397,0.86,0.87,0.13,0.14,0.01,0.01,79026.64,1776883398000
1776883400.042,200.042,0.86,0.87,0.13,0.14,0.01,0.01,79026.64,1776883398000
1776883400.548,200.548,0.86,0.87,0.13,0.14,0.01,0.01,79026.6,1776883399000
1776883400.929,200.929,0.86,0.87,0.13,0.14,0.01,0.01,79026.6,1776883400000
1776883401.345,201.345,0.86,0.87,0.13,0.14,0.01,0.01,79026.6,1776883400000
1776883401.793,201.793,0.86,0.87,0.13,0.14,0.01,0.01,79026.6,1776883400000
1776883402.161,202.161,0.86,0.87,0.13,0.14,0.01,0.01,79026.26,1776883401000
1776883402.615,202.615,0.86,0.87,0.13,0.14,0.01,0.01,79026.26,1776883401000
1776883402.991,202.991,0.86,0.87,0.13,0.14,0.01,0.01,79026.26,1776883401000
1776883403.923,203.923,0.86,0.87,0.13,0.14,0.01,0.01,79026.25,1776883402000
1776883404.31,204.31,0.86,0.87,0.13,0.14,0.01,0.01,79026.25,1776883402000
1776883404.788,204.788,0.86,0.87,0.13,0.14,0.01,0.01,79024.77,1776883403000
1776883405.353,205.353,0.86,0.87,0.13,0.14,0.01,0.01,79024.77,1776883404000
1776883406.362,206.362,0.86,0.87,0.13,0.14,0.01,0.01,79024.77,1776883404000
1776883406.802,206.802,0.86,0.87,0.13,0.14,0.01,0.01,79024.77,1776883404000
1776883407.429,207.429,0.87,0.88,0.12,0.14,0.01,0.02,79025.63,1776883406000
1776883407.89,207.89,0.87,0.88,0.12,0.13,0.01,0.01,79025.63,1776883406000
1776883408.777,208.777,0.87,0.88,0.12,0.13,0.01,0.01,79025.41,1776883407000
1776883409.118,209.118,0.86,0.87,0.12,0.14,0.01,0.02,79025.41,1776883407000
1776883409.461,209.461,0.86,0.87,0.13,0.14,0.01,0.01,79025.42,1776883408000
1776883409.961,209.961,0.86,0.87,0.13,0.14,0.01,0.01,79025.36,1776883409000
1776883410.439,210.439,0.86,0.87,0.13,0.14,0.01,0.01,79025.36,1776883409000
1776883410.835,210.835,0.84,0.87,0.13,0.14,0.03,0.01,79025.36,1776883409000
1776883411.217,211.217,0.86,0.87,0.13,0.14,0.01,0.01,79023.56,1776883410000
1776883411.959,211.959,0.86,0.87,0.13,0.14,0.01,0.01,79023.56,1776883410000
1776883412.435,212.435,0.86,0.87,0.13,0.14,0.01,0.01,79023.56,1776883410000
1776883412.833,212.833,0.86,0.87,0.13,0.14,0.01,0.01,79023.14,1776883411000
1776883413.19,213.19,0.86,0.87,0.13,0.14,0.01,0.01,79023.15,1776883412000
1776883413.621,213.621,0.86,0.87,0.13,0.14,0.01,0.01,79023.15,1776883412000
1776883414.221,214.221,0.88,0.89,0.11,0.12,0.01,0.01,79023.15,1776883412000
1776883414.637,214.637,0.88,0.89,0.11,0.12,0.01,0.01,79023.14,1776883413000
1776883414.994,214.994,0.88,0.89,0.11,0.12,0.01,0.01,79023.14,1776883413000
1776883415.327,215.327,0.88,0.89,0.11,0.12,0.01,0.01,79023.09,1776883414000
1776883415.751,215.751,0.88,0.9,0.11,0.12,0.02,0.01,79023.09,1776883414000
1776883416.31,216.31,0.89,0.9,0.1,0.11,0.01,0.01,79023.09,1776883414000
1776883416.754,216.754,0.89,0.9,0.1,0.11,0.01,0.01,79023.45,1776883415000
1776883417.091,217.091,0.89,0.9,0.1,0.11,0.01,0.01,79023.45,1776883415000
1776883417.609,217.609,0.89,0.9,0.1,0.11,0.01,0.01,79023.44,1776883416000
1776883418.039,218.039,0.89,0.9,0.1,0.11,0.01,0.01,79023.44,1776883416000
1776883418.604,218.604,0.9,0.91,0.09,0.1,0.01,0.01,79026.81,1776883417000
1776883419.171,219.171,0.9,0.91,0.09,0.1,0.01,0.01,79026.81,1776883417000
1776883419.589,219.589,0.9,0.91,0.09,0.1,0.01,0.01,79027.57,1776883418000
1776883420.335,220.335,0.9,0.91,0.09,0.1,0.01,0.01,79027.57,1776883418000
1776883420.672,220.672,0.9,0.91,0.09,0.1,0.01,0.01,79027.55,1776883419000
1776883421.546,221.546,0.9,0.91,0.09,0.1,0.01,0.01,79027.57,1776883420000
1776883422.292,222.292,0.9,0.91,0.09,0.1,0.01,0.01,79027.58,1776883421000
1776883423.279,223.279,0.9,0.91,0.09,0.1,0.01,0.01,79027.58,1776883421000
1776883423.657,223.657,0.9,0.91,0.09,0.1,0.01,0.01,79027.58,1776883421000
1776883424.049,224.049,0.9,0.91,0.09,0.1,0.01,0.01,79027.37,1776883422000
1776883424.428,224.428,0.9,0.91,0.09,0.1,0.01,0.01,79027.37,1776883422000
1776883424.937,224.937,0.9,0.91,0.09,0.1,0.01,0.01,79027.27,1776883423000
1776883425.307,225.307,0.9,0.91,0.09,0.1,0.01,0.01,79027.27,1776883423000
1776883425.88,225.88,0.9,0.91,0.09,0.1,0.01,0.01,79026.79,1776883424000
1776883426.248,226.248,0.9,0.91,0.09,0.1,0.01,0.01,79026.79,1776883424000
1776883426.655,226.655,0.9,0.91,0.09,0.1,0.01,0.01,79026.79,1776883424000
1776883427.175,227.175,0.9,0.92,0.09,0.1,0.02,0.01,79026.88,1776883425000
1776883427.587,227.587,0.91,0.92,0.08,0.09,0.01,0.01,79026.88,1776883426000
1776883428.071,228.071,0.91,0.92,0.08,0.09,0.01,0.01,79026.88,1776883426000
1776883428.883,228.883,0.91,0.92,0.08,0.09,0.01,0.01,79026.9,1776883427000
1776883429.23,229.23,0.91,0.92,0.08,0.09,0.01,0.01,79026.9,1776883427000
1776883429.579,229.579,0.91,0.92,0.08,0.09,0.01,0.01,79026.9,1776883427000
1776883429.94,229.94,0.91,0.92,0.08,0.09,0.01,0.01,79026.95,1776883428000
1776883430.491,230.491,0.91,0.92,0.08,0.09,0.01,0.01,79026.95,1776883429000
1776883430.995,230.995,0.91,0.92,0.08,0.09,0.01,0.01,79026.95,1776883429000
1776883431.334,231.334,0.91,0.92,0.08,0.09,0.01,0.01,79026.96,1776883430000
1776883431.922,231.922,0.91,0.92,0.08,0.09,0.01,0.01,79026.96,1776883430000
1776883432.26,232.26,0.91,0.92,0.08,0.09,0.01,0.01,79026.96,1776883430000
1776883432.683,232.683,0.91,0.92,0.08,0.09,0.01,0.01,79026.95,1776883431000
1776883433.071,233.071,0.91,0.92,0.08,0.09,0.01,0.01,79026.95,1776883431000
1776883433.492,233.492,0.91,0.92,0.08,0.09,0.01,0.01,79026.95,1776883431000
1776883433.878,233.878,0.91,0.92,0.08,0.09,0.01,0.01,79027.02,1776883432000
1776883434.334,234.334,0.91,0.92,0.08,0.09,0.01,0.01,79028.6,1776883433000
1776883434.909,234.909,0.91,0.92,0.08,0.09,0.01,0.01,79028.6,1776883433000
1776883435.282,235.282,0.91,0.92,0.08,0.09,0.01,0.01,79028.6,1776883433000
1776883435.827,235.827,0.91,0.92,0.08,0.09,0.01,0.01,79028.96,1776883434000
1776883436.398,236.398,0.92,0.93,0.07,0.08,0.01,0.01,79028.96,1776883434000
1776883436.905,236.905,0.92,0.93,0.07,0.08,0.01,0.01,79028.96,1776883435000
1776883437.607,237.607,0.92,0.93,0.07,0.08,0.01,0.01,79029.03,1776883436000
1776883437.959,237.959,0.92,0.93,0.07,0.08,0.01,0.01,79029.03,1776883436000
1776883438.301,238.301,0.94,0.95,0.05,0.06,0.01,0.01,79029.03,1776883436000
1776883438.637,238.637,0.94,0.95,0.05,0.06,0.01,0.01,79028.98,1776883437000
1776883439.23,239.23,0.95,0.96,0.04,0.06,0.01,0.02,79028.98,1776883437000
1776883439.638,239.638,0.95,0.96,0.04,0.05,0.01,0.01,79028.62,1776883438000
1776883439.971,239.971,0.95,0.96,0.04,0.05,0.01,0.01,79028.62,1776883438000
1776883440.354,240.354,0.95,0.96,0.04,0.05,0.01,0.01,79033.99,1776883439000
1776883440.756,240.756,0.95,0.96,0.04,0.05,0.01,0.01,79033.99,1776883439000
1776883441.158,241.158,0.95,0.96,0.04,0.05,0.01,0.01,79033.99,1776883439000
1776883441.496,241.496,0.95,0.96,0.04,0.05,0.01,0.01,79035.73,1776883440000
1776883441.843,241.843,0.95,0.96,0.04,0.05,0.01,0.01,79035.73,1776883440000
1776883442.308,242.308,0.95,0.96,0.04,0.05,0.01,0.01,79035.73,1776883440000
1776883442.686,242.686,0.95,0.96,0.04,0.05,0.01,0.01,79033.52,1776883441000
1776883443.026,243.026,0.96,0.97,0.03,0.05,0.01,0.02,79033.72,1776883442000
1776883443.382,243.382,0.96,0.97,0.03,0.04,0.01,0.01,79033.72,1776883442000
1776883443.716,243.716,0.96,0.97,0.03,0.04,0.01,0.01,79033.72,1776883442000
1776883444.072,244.072,0.96,0.97,0.03,0.05,0.01,0.02,79033.63,1776883443000
1776883444.445,244.445,0.95,0.96,0.04,0.05,0.01,0.01,79033.63,1776883443000
1776883444.805,244.805,0.94,0.96,0.04,0.05,0.02,0.01,79033.63,1776883443000
1776883445.155,245.155,0.93,0.94,0.06,0.08,0.01,0.02,79033.57,1776883444000
1776883445.505,245.505,0.93,0.94,0.06,0.07,0.01,0.01,79033.57,1776883444000
1776883445.933,245.933,0.93,0.94,0.06,0.07,0.01,0.01,79033.57,1776883444000
1776883446.278,246.278,0.93,0.94,0.06,0.07,0.01,0.01,79028.95,1776883445000
1776883446.633,246.633,0.93,0.94,0.06,0.07,0.01,0.01,79028.95,1776883445000
1776883447.079,247.079,0.93,0.94,0.06,0.07,0.01,0.01,79028.95,1776883445000
1776883447.464,247.464,0.93,0.94,0.06,0.07,0.01,0.01,79028.9,1776883446000
1776883447.83,247.83,0.93,0.94,0.06,0.07,0.01,0.01,79028.9,1776883446000
1776883448.206,248.206,0.93,0.94,0.06,0.07,0.01,0.01,79029.17,1776883447000
1776883448.551,248.551,0.93,0.94,0.06,0.07,0.01,0.01,79029.17,1776883447000
1776883448.9,248.9,0.93,0.94,0.06,0.07,0.01,0.01,79029.17,1776883447000
1776883449.252,249.252,0.94,0.95,0.05,0.06,0.01,0.01,79030.44,1776883448000
1776883449.606,249.606,0.95,0.96,0.05,0.06,0.01,0.01,79030.44,1776883448000
1776883449.939,249.939,0.95,0.96,0.04,0.05,0.01,0.01,79030.44,1776883448000
1776883450.283,250.283,0.95,0.96,0.04,0.05,0.01,0.01,79029.11,1776883449000
1776883450.638,250.638,0.95,0.96,0.04,0.05,0.01,0.01,79029.11,1776883449000
1776883450.985,250.985,0.95,0.96,0.04,0.05,0.01,0.01,79029.11,1776883449000
1776883451.369,251.369,0.95,0.96,0.04,0.05,0.01,0.01,79029.11,1776883449000
1776883451.746,251.746,0.95,0.96,0.04,0.05,0.01,0.01,79030.42,1776883450000
1776883452.343,252.343,0.95,0.96,0.04,0.05,0.01,0.01,79030.42,1776883451000
1776883452.808,252.808,0.95,0.98,0.04,0.05,0.03,0.01,79030.42,1776883451000
1776883453.165,253.165,0.97,0.98,0.02,0.03,0.01,0.01,79030.45,1776883452000
1776883453.565,253.565,0.97,0.98,0.02,0.03,0.01,0.01,79030.45,1776883452000
1776883453.913,253.913,0.96,0.98,0.03,0.04,0.02,0.01,79030.45,1776883452000
1776883454.296,254.296,0.95,0.97,0.03,0.04,0.02,0.01,79030.13,1776883453000
1776883454.689,254.689,0.95,0.96,0.04,0.05,0.01,0.01,79030.13,1776883453000
1776883455.085,255.085,0.95,0.96,0.04,0.05,0.01,0.01,79029.89,1776883454000
1776883455.426,255.426,0.95,0.96,0.04,0.05,0.01,0.01,79029.89,1776883454000
1776883455.803,255.803,0.95,0.96,0.04,0.05,0.01,0.01,79029.89,1776883454000
1776883456.24,256.24,0.95,0.96,0.04,0.05,0.01,0.01,79028.1,1776883455000
1776883456.66,256.66,0.95,0.96,0.04,0.05,0.01,0.01,79028.1,1776883455000
1776883457.179,257.179,0.95,0.97,0.04,0.05,0.02,0.01,79028.1,1776883455000
1776883457.781,257.781,0.96,0.97,0.03,0.04,0.01,0.01,79029.6,1776883456000
1776883458.139,258.139,0.96,0.97,0.03,0.04,0.01,0.01,79028.93,1776883457000
1776883458.558,258.558,0.96,0.97,0.03,0.04,0.01,0.01,79028.93,1776883457000
1776883458.975,258.975,0.96,0.97,0.03,0.04,0.01,0.01,79028.93,1776883457000
1776883459.372,259.372,0.96,0.97,0.03,0.04,0.01,0.01,79027.39,1776883458000
1776883459.98,259.98,0.96,0.97,0.03,0.04,0.01,0.01,79027.39,1776883458000
1776883460.496,260.496,0.95,0.96,0.04,0.05,0.01,0.01,79027.76,1776883459000
1776883460.853,260.853,0.94,0.98,0.05,0.06,0.04,0.01,79027.76,1776883459000
1776883461.234,261.234,0.95,0.96,0.04,0.05,0.01,0.01,79027.76,1776883459000
1776883461.624,261.624,0.96,0.98,0.03,0.05,0.02,0.02,79025.94,1776883460000
1776883461.957,261.957,0.97,0.98,0.02,0.03,0.01,0.01,79025.94,1776883460000
1776883462.307,262.307,0.96,0.97,0.03,0.04,0.01,0.01,79025.91,1776883461000
1776883462.693,262.693,0.96,0.97,0.03,0.04,0.01,0.01,79025.91,1776883461000
1776883463.065,263.065,0.96,0.97,0.03,0.04,0.01,0.01,79025.91,1776883461000
1776883463.615,263.615,0.95,0.96,0.03,0.04,0.01,0.01,79025.91,1776883461000
1776883463.979,263.979,0.95,0.96,0.04,0.05,0.01,0.01,79024.92,1776883463000
1776883464.368,264.368,0.95,0.96,0.04,0.05,0.01,0.01,79024.92,1776883463000
1776883464.805,264.805,0.95,0.96,0.04,0.05,0.01,0.01,79024.92,1776883463000
1776883465.144,265.144,0.72,0.75,0.25,0.28,0.03,0.03,79024.92,1776883464000
1776883465.483,265.483,0.74,0.75,0.25,0.26,0.01,0.01,79024.92,1776883464000
1776883465.822,265.822,0.74,0.75,0.25,0.26,0.01,0.01,79024.92,1776883464000
1776883466.155,266.155,0.85,0.88,0.12,0.15,0.03,0.03,79024.64,1776883465000
1776883466.537,266.537,0.88,0.89,0.11,0.13,0.01,0.02,79024.64,1776883465000
1776883466.873,266.873,0.91,0.92,0.08,0.09,0.01,0.01,79024.64,1776883465000
1776883467.218,267.218,0.91,0.92,0.08,0.09,0.01,0.01,79005.06,1776883466000
1776883467.711,267.711,0.91,0.92,0.08,0.09,0.01,0.01,79005.06,1776883466000
1776883468.187,268.187,0.9,0.91,0.08,0.09,0.01,0.01,79005.06,1776883466000
1776883468.549,268.549,0.9,0.91,0.09,0.1,0.01,0.01,79005.19,1776883467000
1776883469.059,269.059,0.9,0.91,0.09,0.1,0.01,0.01,79005.19,1776883467000
1776883469.443,269.443,0.85,0.87,0.13,0.15,0.02,0.02,79009.3,1776883468000
1776883469.836,269.836,0.85,0.86,0.14,0.15,0.01,0.01,79009.3,1776883468000
1776883470.218,270.218,0.85,0.86,0.14,0.15,0.01,0.01,79009.3,1776883468000
1776883470.617,270.617,0.9,0.91,0.09,0.11,0.01,0.02,79009.3,1776883468000
1776883470.985,270.985,0.9,0.91,0.09,0.1,0.01,0.01,79009.65,1776883469000
1776883471.469,271.469,0.89,0.9,0.09,0.1,0.01,0.01,79009.65,1776883469000
1776883471.861,271.861,0.89,0.9,0.1,0.11,0.01,0.01,79008.73,1776883470000
1776883472.467,272.467,0.9,0.91,0.09,0.1,0.01,0.01,79008.02,1776883471000
1776883472.86,272.86,0.91,0.92,0.08,0.1,0.01,0.02,79008.02,1776883471000
1776883473.308,273.308,0.9,0.92,0.08,0.1,0.02,0.02,79007.54,1776883472000
1776883474.113,274.113,0.9,0.92,0.09,0.1,0.02,0.01,79007.54,1776883472000
1776883474.558,274.558,0.91,0.92,0.08,0.09,0.01,0.01,79007.29,1776883473000
1776883474.95,274.95,0.92,0.93,0.07,0.08,0.01,0.01,79007.29,1776883473000
1776883475.341,275.341,0.92,0.93,0.07,0.08,0.01,0.01,79007.29,1776883474000
1776883475.804,275.804,0.78,0.93,0.07,0.08,0.15,0.01,79007.29,1776883474000
1776883476.142,276.142,0.92,0.93,0.07,0.08,0.01,0.01,79008.42,1776883475000
1776883476.482,276.482,0.91,0.93,0.07,0.08,0.02,0.01,79008.42,1776883475000
1776883476.815,276.815,0.88,0.89,0.11,0.12,0.01,0.01,79008.42,1776883475000
1776883477.168,277.168,0.87,0.88,0.12,0.13,0.01,0.01,79008.17,1776883476000
1776883477.516,277.516,0.87,0.88,0.12,0.13,0.01,0.01,79008.17,1776883476000
1776883477.943,277.943,0.87,0.88,0.12,0.13,0.01,0.01,79008.17,1776883476000
1776883478.353,278.353,0.87,0.88,0.12,0.13,0.01,0.01,79008.2,1776883477000
1776883478.759,278.759,0.87,0.88,0.12,0.13,0.01,0.01,79008.2,1776883477000
1776883479.166,279.166,0.87,0.88,0.12,0.13,0.01,0.01,79009.35,1776883478000
1776883479.522,279.522,0.87,0.88,0.12,0.13,0.01,0.01,79009.35,1776883478000
1776883479.919,279.919,0.87,0.88,0.12,0.13,0.01,0.01,79009.35,1776883478000
1776883480.265,280.265,0.87,0.88,0.12,0.13,0.01,0.01,79009.36,1776883479000
1776883480.692,280.692,0.87,0.88,0.12,0.13,0.01,0.01,79009.36,1776883479000
1776883481.036,281.036,0.87,0.89,0.12,0.13,0.02,0.01,79009.36,1776883479000
1776883481.589,281.589,0.85,0.87,0.1,0.11,0.02,0.01,79008.03,1776883480000
1776883482.004,282.004,0.69,0.73,0.27,0.31,0.04,0.04,79008.03,1776883480000
1776883482.342,282.342,0.58,0.59,0.41,0.42,0.01,0.01,79008.03,1776883480000
1776883482.751,282.751,0.56,0.57,0.43,0.44,0.01,0.01,79008.03,1776883480000
1776883483.092,283.092,0.56,0.57,0.43,0.44,0.01,0.01,79007.72,1776883482000
1776883483.477,283.477,0.56,0.57,0.43,0.44,0.01,0.01,79007.72,1776883482000
1776883483.872,283.872,0.58,0.59,0.41,0.42,0.01,0.01,79007.72,1776883482000
1776883484.231,284.231,0.58,0.59,0.41,0.42,0.01,0.01,79007.72,1776883482000
1776883484.584,284.584,0.58,0.59,0.41,0.42,0.01,0.01,79007.72,1776883482000
1776883484.925,284.925,0.64,0.65,0.41,0.42,0.01,0.01,79007.72,1776883482000
1776883485.288,285.288,0.69,0.7,0.34,0.35,0.01,0.01,78994.02,1776883483000
1776883485.627,285.627,0.66,0.67,0.33,0.34,0.01,0.01,78994.02,1776883483000
1776883486.042,286.042,0.66,0.67,0.33,0.34,0.01,0.01,78993.32,1776883484000
1776883486.398,286.398,0.69,0.7,0.3,0.31,0.01,0.01,78993.32,1776883484000
1776883486.761,286.761,0.69,0.7,0.3,0.31,0.01,0.01,78993.14,1776883485000
1776883487.155,287.155,0.69,0.7,0.3,0.31,0.01,0.01,78993.14,1776883485000
1776883487.529,287.529,0.67,0.68,0.31,0.34,0.01,0.03,78993.14,1776883485000
1776883488.08,288.08,0.73,0.74,0.26,0.27,0.01,0.01,78993.04,1776883486000
1776883488.509,288.509,0.73,0.74,0.26,0.27,0.01,0.01,78993.04,1776883486000
1776883489.07,289.07,0.73,0.74,0.26,0.27,0.01,0.01,78993.04,1776883486000
1776883489.498,289.498,0.65,0.74,0.26,0.27,0.09,0.01,78993.07,1776883487000
1776883489.847,289.847,0.65,0.66,0.34,0.35,0.01,0.01,78993.07,1776883487000
1776883490.273,290.273,0.65,0.66,0.34,0.35,0.01,0.01,78992.98,1776883488000
1776883490.615,290.615,0.65,0.66,0.34,0.35,0.01,0.01,78992.98,1776883488000
1776883490.956,290.956,0.71,0.72,0.27,0.35,0.01,0.08,78993.04,1776883489000
1776883491.409,291.409,0.75,0.76,0.24,0.25,0.01,0.01,78991.01,1776883490000
1776883491.785,291.785,0.78,0.79,0.22,0.29,0.01,0.07,78991.01,1776883490000
1776883492.143,292.143,0.78,0.79,0.21,0.22,0.01,0.01,78991.01,1776883490000
1776883492.596,292.596,0.68,0.78,0.22,0.23,0.1,0.01,78991.01,1776883490000
1776883492.942,292.942,0.65,0.66,0.34,0.35,0.01,0.01,78991.01,1776883490000
1776883493.307,293.307,0.65,0.66,0.34,0.35,0.01,0.01,78991.91,1776883491000
1776883493.664,293.664,0.65,0.66,0.34,0.35,0.01,0.01,78991.91,1776883491000
1776883494.069,294.069,0.65,0.66,0.34,0.35,0.01,0.01,78990.33,1776883492000
1776883494.49,294.49,0.71,0.73,0.26,0.35,0.02,0.09,78990.33,1776883492000
1776883494.874,294.874,0.71,0.72,0.28,0.29,0.01,0.01,78990.53,1776883493000
1776883495.22,295.22,0.76,0.77,0.16,0.24,0.01,0.08,78990.53,1776883493000
1776883495.702,295.702,0.83,0.84,0.16,0.2,0.01,0.04,78991.23,1776883494000
1776883496.043,296.043,0.83,0.84,0.16,0.17,0.01,0.01,78991.23,1776883494000
1776883496.381,296.381,0.83,0.84,0.16,0.17,0.01,0.01,78991.23,1776883494000
1776883496.775,296.775,0.71,0.72,0.27,0.29,0.01,0.02,78991.23,1776883494000
1776883497.117,297.117,0.6,0.61,0.39,0.4,0.01,0.01,78990.81,1776883495000
1776883497.489,297.489,0.4,0.42,0.57,0.6,0.02,0.03,78990.81,1776883495000
1776883497.827,297.827,0.56,0.66,0.34,0.51,0.1,0.17,78990.81,1776883496000
1776883498.163,298.163,0.66,0.68,0.32,0.35,0.02,0.03,78990.81,1776883496000
1776883498.497,298.497,0.73,0.77,0.22,0.29,0.04,0.07,78989.25,1776883497000
1776883498.853,298.853,0.9,0.91,0.09,0.1,0.01,0.01,78989.25,1776883497000
1776883499.238,299.238,0.96,0.97,0.03,0.04,0.01,0.01,78982.93,1776883498000
1776883499.588,299.588,0.99,0.85,0.15,0.01,-0.14,-0.14,78982.93,1776883498000
1776883499.963,299.963,0.99,0.85,0.15,0.01,-0.14,-0.14,78982.93,1776883498000
1776883500.35,300.35,0.99,0.85,0.15,0.01,-0.14,-0.14,78982.93,1776883498000
1776883500.764,300.764,0.99,0.85,0.15,0.01,-0.14,-0.14,78982.93,1776883498000
1776883501.719,301.719,0.99,0.85,0.15,0.01,-0.14,-0.14,78982.92,1776883500000
1776883502.243,302.243,0.99,0.85,0.15,0.01,-0.14,-0.14,78982.85,1776883501000

# RESULT,winner=Up,slug=btc-updown-5m-1776883200,ticks=662
