timestamp,elapsed_sec,up_bid,up_ask,down_bid,down_ask,up_spread,down_spread,btc_price,btc_oracle_ts
1777224000.718,0.718,0.48,0.49,0.51,0.52,0.01,0.01,78030.81,1777223999000
1777224001.073,1.073,0.48,0.49,0.51,0.52,0.01,0.01,78030.75,1777224000000
1777224001.67,1.67,0.5,0.51,0.49,0.5,0.01,0.01,78030.75,1777224000000
1777224002.193,2.193,0.49,0.5,0.5,0.51,0.01,0.01,78030.75,1777224001000
1777224002.914,2.914,0.48,0.49,0.51,0.52,0.01,0.01,78030.75,1777224001000
1777224003.249,3.249,0.48,0.49,0.51,0.52,0.01,0.01,78030.75,1777224001000
1777224003.616,3.616,0.48,0.49,0.51,0.52,0.01,0.01,78030.75,1777224002000
1777224004.106,4.106,0.48,0.49,0.51,0.52,0.01,0.01,78030.75,1777224002000
1777224004.69,4.69,0.47,0.48,0.52,0.53,0.01,0.01,78031.13,1777224003000
1777224005.098,5.098,0.47,0.48,0.52,0.53,0.01,0.01,78031.13,1777224003000
1777224005.486,5.486,0.47,0.48,0.52,0.53,0.01,0.01,78031.13,1777224004000
1777224006.064,6.064,0.47,0.48,0.52,0.53,0.01,0.01,78031.13,1777224004000
1777224006.471,6.471,0.47,0.48,0.52,0.53,0.01,0.01,78031.13,1777224005000
1777224007.015,7.015,0.47,0.48,0.52,0.53,0.01,0.01,78031.13,1777224005000
1777224007.432,7.432,0.47,0.48,0.52,0.53,0.01,0.01,78030.62,1777224006000
1777224008.206,8.206,0.47,0.48,0.52,0.53,0.01,0.01,78030.62,1777224006000
1777224008.708,8.708,0.47,0.48,0.52,0.53,0.01,0.01,78030.37,1777224007000
1777224009.07,9.07,0.46,0.47,0.53,0.54,0.01,0.01,78030.37,1777224007000
1777224009.412,9.412,0.47,0.48,0.52,0.53,0.01,0.01,78030.37,1777224008000
1777224009.809,9.809,0.47,0.48,0.52,0.53,0.01,0.01,78030.37,1777224008000
1777224010.356,10.356,0.47,0.48,0.52,0.53,0.01,0.01,78030.37,1777224008000
1777224011.316,11.316,0.47,0.48,0.52,0.53,0.01,0.01,78030.37,1777224009000
1777224011.748,11.748,0.47,0.48,0.52,0.53,0.01,0.01,78030.73,1777224010000
1777224012.219,12.219,0.47,0.48,0.52,0.53,0.01,0.01,78030.84,1777224011000
1777224012.788,12.788,0.47,0.48,0.52,0.53,0.01,0.01,78030.84,1777224011000
1777224013.657,13.657,0.47,0.48,0.52,0.53,0.01,0.01,78030.76,1777224012000
1777224014.006,14.006,0.47,0.48,0.52,0.53,0.01,0.01,78030.75,1777224013000
1777224014.389,14.389,0.47,0.48,0.52,0.53,0.01,0.01,78030.75,1777224013000
1777224015.001,15.001,0.47,0.48,0.52,0.53,0.01,0.01,78030.75,1777224013000
1777224015.413,15.413,0.47,0.48,0.52,0.53,0.01,0.01,78030.76,1777224014000
1777224015.986,15.986,0.46,0.47,0.52,0.53,0.01,0.01,78030.76,1777224014000
1777224016.642,16.642,0.46,0.47,0.53,0.54,0.01,0.01,78030.4,1777224015000
1777224017.076,17.076,0.46,0.47,0.53,0.54,0.01,0.01,78030.4,1777224016000
1777224017.539,17.539,0.46,0.47,0.53,0.54,0.01,0.01,78030.4,1777224016000
1777224018.074,18.074,0.46,0.47,0.53,0.54,0.01,0.01,78030.4,1777224016000
1777224018.469,18.469,0.46,0.47,0.53,0.54,0.01,0.01,78030.56,1777224017000
1777224018.92,18.92,0.46,0.47,0.53,0.54,0.01,0.01,78030.56,1777224017000
1777224019.398,19.398,0.46,0.47,0.53,0.54,0.01,0.01,78031.23,1777224018000
1777224020.13,20.13,0.46,0.47,0.53,0.54,0.01,0.01,78031.23,1777224019000
1777224020.49,20.49,0.46,0.47,0.53,0.54,0.01,0.01,78031.23,1777224019000
1777224021.322,21.322,0.46,0.47,0.53,0.54,0.01,0.01,78031.23,1777224019000
1777224021.772,21.772,0.46,0.47,0.53,0.54,0.01,0.01,78031.61,1777224020000
1777224022.159,22.159,0.46,0.47,0.53,0.54,0.01,0.01,78031.61,1777224020000
1777224022.579,22.579,0.46,0.47,0.53,0.54,0.01,0.01,78031.61,1777224021000
1777224023.074,23.074,0.46,0.47,0.53,0.54,0.01,0.01,78031.6,1777224022000
1777224023.889,23.889,0.47,0.48,0.52,0.54,0.01,0.02,78031.6,1777224022000
1777224024.321,24.321,0.46,0.47,0.52,0.54,0.01,0.02,78031.6,1777224022000
1777224025.053,25.053,0.46,0.47,0.53,0.54,0.01,0.01,78031.28,1777224024000
1777224025.932,25.932,0.47,0.48,0.53,0.54,0.01,0.01,78031.28,1777224024000
1777224026.334,26.334,0.47,0.48,0.52,0.53,0.01,0.01,78030.88,1777224025000
1777224026.699,26.699,0.47,0.48,0.52,0.53,0.01,0.01,78030.88,1777224025000
1777224027.159,27.159,0.47,0.48,0.52,0.53,0.01,0.01,78030.88,1777224025000
1777224027.651,27.651,0.47,0.48,0.52,0.53,0.01,0.01,78030.87,1777224026000
1777224028.326,28.326,0.47,0.48,0.52,0.53,0.01,0.01,78030.87,1777224027000
1777224028.973,28.973,0.47,0.48,0.52,0.53,0.01,0.01,78030.87,1777224027000
1777224029.706,29.706,0.47,0.48,0.52,0.53,0.01,0.01,78031.27,1777224028000
1777224030.282,30.282,0.47,0.48,0.52,0.53,0.01,0.01,78031.27,1777224029000
1777224031.638,31.638,0.47,0.48,0.52,0.53,0.01,0.01,78031.59,1777224030000
1777224032.192,32.192,0.47,0.48,0.52,0.53,0.01,0.01,78031.59,1777224030000
1777224032.997,32.997,0.47,0.48,0.52,0.53,0.01,0.01,78031.59,1777224032000
1777224033.471,33.471,0.47,0.48,0.52,0.53,0.01,0.01,78031.59,1777224032000
1777224034.48,34.48,0.47,0.48,0.52,0.53,0.01,0.01,78031.59,1777224032000
1777224034.814,34.814,0.47,0.48,0.52,0.53,0.01,0.01,78031.34,1777224033000
1777224035.151,35.151,0.47,0.48,0.52,0.53,0.01,0.01,78031.34,1777224034000
1777224036.096,36.096,0.47,0.48,0.52,0.53,0.01,0.01,78031.34,1777224034000
1777224036.469,36.469,0.47,0.48,0.52,0.53,0.01,0.01,78031.34,1777224035000
1777224036.97,36.97,0.47,0.48,0.52,0.53,0.01,0.01,78031.34,1777224035000
1777224037.513,37.513,0.47,0.48,0.52,0.53,0.01,0.01,78031.34,1777224036000
1777224038.015,38.015,0.47,0.48,0.52,0.53,0.01,0.01,78031.34,1777224036000
1777224038.86,38.86,0.47,0.48,0.52,0.53,0.01,0.01,78031.92,1777224037000
1777224039.24,39.24,0.47,0.48,0.52,0.53,0.01,0.01,78031.6,1777224038000
1777224039.971,39.971,0.47,0.48,0.52,0.53,0.01,0.01,78032.03,1777224039000
1777224040.437,40.437,0.46,0.47,0.53,0.54,0.01,0.01,78032.03,1777224039000
1777224040.936,40.936,0.46,0.47,0.53,0.54,0.01,0.01,78032.03,1777224039000
1777224041.402,41.402,0.46,0.47,0.53,0.54,0.01,0.01,78032.03,1777224040000
1777224041.91,41.91,0.46,0.47,0.53,0.54,0.01,0.01,78031.51,1777224041000
1777224042.931,42.931,0.46,0.47,0.53,0.54,0.01,0.01,78031.24,1777224042000
1777224043.271,43.271,0.46,0.47,0.53,0.54,0.01,0.01,78031.24,1777224042000
1777224043.667,43.667,0.46,0.47,0.53,0.54,0.01,0.01,78031.24,1777224042000
1777224044.068,44.068,0.46,0.47,0.53,0.54,0.01,0.01,78031.53,1777224043000
1777224045.023,45.023,0.46,0.47,0.53,0.54,0.01,0.01,78031.53,1777224043000
1777224045.4,45.4,0.46,0.47,0.53,0.54,0.01,0.01,78031.52,1777224044000
1777224045.909,45.909,0.46,0.47,0.53,0.54,0.01,0.01,78031.52,1777224044000
1777224046.822,46.822,0.46,0.47,0.53,0.54,0.01,0.01,78031.14,1777224045000
1777224047.368,47.368,0.46,0.47,0.53,0.54,0.01,0.01,78031.14,1777224046000
1777224048.061,48.061,0.46,0.47,0.53,0.54,0.01,0.01,78031.14,1777224046000
1777224048.414,48.414,0.46,0.47,0.53,0.54,0.01,0.01,78031.28,1777224047000
1777224049.161,49.161,0.46,0.47,0.53,0.54,0.01,0.01,78031.28,1777224047000
1777224049.596,49.596,0.46,0.47,0.53,0.54,0.01,0.01,78031.28,1777224048000
1777224049.959,49.959,0.46,0.47,0.53,0.54,0.01,0.01,78031.28,1777224049000
1777224051.17,51.17,0.46,0.47,0.53,0.54,0.01,0.01,78031.28,1777224049000
1777224051.701,51.701,0.46,0.47,0.53,0.54,0.01,0.01,78031.55,1777224050000
1777224052.059,52.059,0.46,0.47,0.53,0.54,0.01,0.01,78031.55,1777224050000
1777224052.611,52.611,0.46,0.47,0.53,0.54,0.01,0.01,78031.55,1777224051000
1777224053.089,53.089,0.46,0.47,0.53,0.54,0.01,0.01,78031.48,1777224052000
1777224053.562,53.562,0.47,0.48,0.53,0.54,0.01,0.01,78031.48,1777224052000
1777224054.45,54.45,0.47,0.48,0.52,0.53,0.01,0.01,78031.48,1777224052000
1777224054.898,54.898,0.47,0.48,0.52,0.53,0.01,0.01,78031.48,1777224053000
1777224055.245,55.245,0.47,0.48,0.52,0.53,0.01,0.01,78031.88,1777224054000
1777224055.649,55.649,0.47,0.48,0.52,0.53,0.01,0.01,78031.88,1777224054000
1777224056.452,56.452,0.47,0.48,0.52,0.53,0.01,0.01,78031.88,1777224054000
1777224057.065,57.065,0.48,0.49,0.52,0.53,0.01,0.01,78031.88,1777224055000
1777224057.818,57.818,0.48,0.49,0.51,0.52,0.01,0.01,78031.9,1777224056000
1777224058.241,58.241,0.48,0.49,0.51,0.52,0.01,0.01,78031.9,1777224056000
1777224058.636,58.636,0.48,0.49,0.51,0.52,0.01,0.01,78031.9,1777224056000
1777224059.1,59.1,0.48,0.49,0.51,0.52,0.01,0.01,78031.9,1777224056000
1777224060.285,60.285,0.48,0.49,0.51,0.52,0.01,0.01,78031.51,1777224059000
1777224060.627,60.627,0.48,0.49,0.51,0.52,0.01,0.01,78031.51,1777224059000
1777224061.198,61.198,0.48,0.49,0.51,0.52,0.01,0.01,78031.51,1777224059000
1777224061.541,61.541,0.48,0.49,0.51,0.52,0.01,0.01,78031.51,1777224059000
1777224062.018,62.018,0.48,0.49,0.51,0.52,0.01,0.01,78031.56,1777224060000
1777224062.773,62.773,0.48,0.49,0.51,0.52,0.01,0.01,78031.56,1777224060000
1777224063.74,63.74,0.48,0.49,0.51,0.52,0.01,0.01,78031.9,1777224062000
1777224064.139,64.139,0.47,0.49,0.51,0.53,0.02,0.02,78031.9,1777224062000
1777224064.635,64.635,0.48,0.49,0.51,0.53,0.01,0.02,78031.9,1777224063000
1777224065.094,65.094,0.48,0.49,0.51,0.52,0.01,0.01,78031.9,1777224063000
1777224065.638,65.638,0.48,0.49,0.51,0.52,0.01,0.01,78031.9,1777224064000
1777224066.105,66.105,0.48,0.49,0.51,0.52,0.01,0.01,78031.59,1777224065000
1777224066.495,66.495,0.48,0.49,0.51,0.52,0.01,0.01,78031.59,1777224065000
1777224067.34,67.34,0.48,0.49,0.51,0.52,0.01,0.01,78031.59,1777224066000
1777224067.682,67.682,0.48,0.49,0.51,0.52,0.01,0.01,78031.59,1777224066000
1777224068.068,68.068,0.48,0.49,0.51,0.52,0.01,0.01,78031.38,1777224067000
1777224068.811,68.811,0.48,0.49,0.51,0.52,0.01,0.01,78031.38,1777224067000
1777224069.407,69.407,0.48,0.49,0.51,0.52,0.01,0.01,78031.38,1777224068000
1777224070.088,70.088,0.48,0.49,0.51,0.52,0.01,0.01,78031.52,1777224069000
1777224070.49,70.49,0.48,0.49,0.51,0.52,0.01,0.01,78031.52,1777224069000
1777224070.872,70.872,0.48,0.49,0.51,0.52,0.01,0.01,78031.52,1777224069000
1777224071.476,71.476,0.48,0.49,0.51,0.52,0.01,0.01,78031.93,1777224070000
1777224072.13,72.13,0.48,0.49,0.51,0.52,0.01,0.01,78031.93,1777224071000
1777224072.514,72.514,0.48,0.49,0.51,0.52,0.01,0.01,78031.93,1777224071000
1777224073.06,73.06,0.48,0.49,0.51,0.52,0.01,0.01,78031.93,1777224071000
1777224073.452,73.452,0.48,0.49,0.51,0.52,0.01,0.01,78031.56,1777224072000
1777224073.977,73.977,0.48,0.49,0.51,0.52,0.01,0.01,78031.56,1777224072000
1777224074.405,74.405,0.55,0.56,0.44,0.45,0.01,0.01,78031.56,1777224073000
1777224074.804,74.804,0.59,0.6,0.4,0.41,0.01,0.01,78031.56,1777224073000
1777224075.163,75.163,0.6,0.64,0.36,0.4,0.04,0.04,78031.56,1777224073000
1777224075.662,75.662,0.65,0.66,0.34,0.35,0.01,0.01,78031.6,1777224074000
1777224076.0,76.0,0.65,0.66,0.34,0.35,0.01,0.01,78031.6,1777224074000
1777224076.375,76.375,0.65,0.66,0.34,0.35,0.01,0.01,78034.44,1777224075000
1777224076.817,76.817,0.65,0.66,0.34,0.35,0.01,0.01,78034.44,1777224075000
1777224077.171,77.171,0.65,0.66,0.34,0.35,0.01,0.01,78034.44,1777224075000
1777224077.533,77.533,0.65,0.66,0.34,0.35,0.01,0.01,78034.44,1777224075000
1777224078.103,78.103,0.65,0.66,0.34,0.35,0.01,0.01,78040.12,1777224076000
1777224078.503,78.503,0.65,0.66,0.34,0.35,0.01,0.01,78040.16,1777224077000
1777224078.905,78.905,0.65,0.66,0.34,0.35,0.01,0.01,78040.16,1777224077000
1777224079.319,79.319,0.65,0.66,0.34,0.35,0.01,0.01,78040.16,1777224078000
1777224079.661,79.661,0.64,0.65,0.35,0.36,0.01,0.01,78040.16,1777224078000
1777224080.34,80.34,0.62,0.63,0.37,0.38,0.01,0.01,78040.16,1777224078000
1777224080.914,80.914,0.62,0.63,0.37,0.38,0.01,0.01,78040.26,1777224079000
1777224081.274,81.274,0.6,0.63,0.37,0.38,0.03,0.01,78039.69,1777224080000
1777224081.843,81.843,0.6,0.61,0.37,0.4,0.01,0.03,78039.69,1777224080000
1777224082.294,82.294,0.6,0.61,0.39,0.4,0.01,0.01,78039.79,1777224081000
1777224082.7,82.7,0.58,0.59,0.41,0.42,0.01,0.01,78039.79,1777224081000
1777224083.095,83.095,0.58,0.59,0.41,0.42,0.01,0.01,78039.8,1777224082000
1777224083.455,83.455,0.58,0.59,0.41,0.42,0.01,0.01,78039.8,1777224082000
1777224084.021,84.021,0.58,0.59,0.41,0.42,0.01,0.01,78039.8,1777224082000
1777224084.482,84.482,0.58,0.59,0.41,0.42,0.01,0.01,78039.8,1777224083000
1777224084.976,84.976,0.58,0.59,0.41,0.42,0.01,0.01,78039.8,1777224083000
1777224085.341,85.341,0.58,0.59,0.41,0.42,0.01,0.01,78039.19,1777224084000
1777224085.792,85.792,0.58,0.59,0.41,0.42,0.01,0.01,78039.19,1777224084000
1777224086.197,86.197,0.58,0.59,0.41,0.42,0.01,0.01,78039.19,1777224084000
1777224086.625,86.625,0.58,0.59,0.41,0.42,0.01,0.01,78039.19,1777224085000
1777224087.169,87.169,0.58,0.59,0.41,0.42,0.01,0.01,78039.22,1777224086000
1777224087.506,87.506,0.58,0.59,0.41,0.42,0.01,0.01,78039.22,1777224086000
1777224087.936,87.936,0.58,0.59,0.41,0.42,0.01,0.01,78039.22,1777224086000
1777224088.443,88.443,0.57,0.58,0.41,0.43,0.01,0.02,78039.22,1777224087000
1777224088.785,88.785,0.57,0.58,0.42,0.43,0.01,0.01,78039.22,1777224087000
1777224089.276,89.276,0.57,0.58,0.42,0.43,0.01,0.01,78039.22,1777224088000
1777224089.715,89.715,0.57,0.58,0.42,0.43,0.01,0.01,78039.22,1777224088000
1777224090.126,90.126,0.57,0.58,0.42,0.43,0.01,0.01,78039.64,1777224089000
1777224090.499,90.499,0.57,0.58,0.42,0.43,0.01,0.01,78039.64,1777224089000
1777224090.874,90.874,0.57,0.58,0.42,0.43,0.01,0.01,78039.64,1777224089000
1777224091.706,91.706,0.57,0.58,0.42,0.43,0.01,0.01,78039.92,1777224090000
1777224092.112,92.112,0.57,0.58,0.42,0.43,0.01,0.01,78039.92,1777224090000
1777224092.679,92.679,0.57,0.58,0.42,0.43,0.01,0.01,78039.92,1777224091000
1777224093.19,93.19,0.57,0.58,0.42,0.43,0.01,0.01,78039.92,1777224091000
1777224093.568,93.568,0.59,0.6,0.4,0.41,0.01,0.01,78039.92,1777224092000
1777224094.057,94.057,0.59,0.6,0.4,0.41,0.01,0.01,78039.92,1777224092000
1777224094.41,94.41,0.59,0.6,0.4,0.41,0.01,0.01,78039.92,1777224092000
1777224094.887,94.887,0.59,0.6,0.4,0.41,0.01,0.01,78040.25,1777224093000
1777224095.238,95.238,0.59,0.6,0.4,0.41,0.01,0.01,78039.82,1777224094000
1777224095.587,95.587,0.59,0.61,0.39,0.41,0.02,0.02,78039.82,1777224094000
1777224095.93,95.93,0.6,0.61,0.39,0.4,0.01,0.01,78039.82,1777224094000
1777224096.27,96.27,0.6,0.61,0.39,0.4,0.01,0.01,78038.85,1777224095000
1777224096.803,96.803,0.6,0.61,0.39,0.4,0.01,0.01,78038.85,1777224095000
1777224097.179,97.179,0.6,0.61,0.39,0.4,0.01,0.01,78038.85,1777224096000
1777224097.529,97.529,0.6,0.61,0.39,0.4,0.01,0.01,78038.85,1777224096000
1777224097.939,97.939,0.6,0.61,0.39,0.4,0.01,0.01,78038.85,1777224096000
1777224098.428,98.428,0.6,0.61,0.39,0.4,0.01,0.01,78038.23,1777224097000
1777224099.192,99.192,0.6,0.61,0.39,0.4,0.01,0.01,78038.23,1777224097000
1777224099.62,99.62,0.6,0.61,0.39,0.4,0.01,0.01,78038.23,1777224098000
1777224100.361,100.361,0.6,0.61,0.39,0.4,0.01,0.01,78039.03,1777224099000
1777224100.735,100.735,0.6,0.61,0.39,0.4,0.01,0.01,78039.03,1777224099000
1777224101.384,101.384,0.6,0.61,0.39,0.4,0.01,0.01,78039.03,1777224100000
1777224101.8,101.8,0.6,0.61,0.39,0.4,0.01,0.01,78039.03,1777224100000
1777224102.426,102.426,0.6,0.61,0.39,0.4,0.01,0.01,78039.03,1777224100000
1777224102.833,102.833,0.6,0.61,0.39,0.4,0.01,0.01,78038.94,1777224101000
1777224103.195,103.195,0.6,0.61,0.39,0.4,0.01,0.01,78038.94,1777224102000
1777224103.724,103.724,0.6,0.61,0.39,0.4,0.01,0.01,78038.94,1777224102000
1777224104.922,104.922,0.59,0.6,0.4,0.41,0.01,0.01,78038.95,1777224103000
1777224105.561,105.561,0.59,0.6,0.4,0.41,0.01,0.01,78039.0,1777224104000
1777224106.197,106.197,0.59,0.6,0.4,0.41,0.01,0.01,78039.0,1777224105000
1777224106.736,106.736,0.59,0.6,0.4,0.41,0.01,0.01,78039.0,1777224105000
1777224107.108,107.108,0.59,0.6,0.4,0.41,0.01,0.01,78038.79,1777224106000
1777224107.776,107.776,0.59,0.6,0.4,0.41,0.01,0.01,78038.79,1777224106000
1777224108.174,108.174,0.59,0.6,0.4,0.41,0.01,0.01,78038.79,1777224106000
1777224108.671,108.671,0.59,0.6,0.4,0.41,0.01,0.01,78038.78,1777224107000
1777224109.038,109.038,0.59,0.6,0.4,0.41,0.01,0.01,78038.78,1777224107000
1777224109.913,109.913,0.59,0.6,0.4,0.41,0.01,0.01,78038.8,1777224108000
1777224110.332,110.332,0.59,0.6,0.4,0.41,0.01,0.01,78038.8,1777224109000
1777224110.866,110.866,0.59,0.6,0.4,0.41,0.01,0.01,78038.8,1777224109000
1777224111.307,111.307,0.59,0.6,0.4,0.41,0.01,0.01,78038.8,1777224109000
1777224111.902,111.902,0.59,0.6,0.4,0.41,0.01,0.01,78039.39,1777224111000
1777224112.282,112.282,0.59,0.6,0.4,0.41,0.01,0.01,78039.39,1777224111000
1777224112.637,112.637,0.59,0.6,0.4,0.41,0.01,0.01,78039.39,1777224111000
1777224112.976,112.976,0.61,0.63,0.37,0.39,0.02,0.02,78039.39,1777224112000
1777224113.798,113.798,0.62,0.64,0.37,0.39,0.02,0.02,78039.39,1777224112000
1777224114.405,114.405,0.63,0.64,0.36,0.37,0.01,0.01,78039.04,1777224113000
1777224114.804,114.804,0.66,0.67,0.33,0.35,0.01,0.02,78039.04,1777224113000
1777224115.295,115.295,0.66,0.67,0.33,0.34,0.01,0.01,78039.65,1777224114000
1777224115.725,115.725,0.66,0.67,0.33,0.34,0.01,0.01,78039.65,1777224114000
1777224116.072,116.072,0.66,0.67,0.33,0.34,0.01,0.01,78039.65,1777224114000
1777224116.57,116.57,0.66,0.67,0.33,0.34,0.01,0.01,78041.06,1777224115000
1777224116.946,116.946,0.67,0.68,0.32,0.34,0.01,0.02,78041.06,1777224115000
1777224117.293,117.293,0.67,0.68,0.32,0.33,0.01,0.01,78041.53,1777224116000
1777224118.056,118.056,0.68,0.69,0.31,0.32,0.01,0.01,78042.5,1777224117000
1777224118.403,118.403,0.68,0.69,0.31,0.32,0.01,0.01,78042.5,1777224117000
1777224118.896,118.896,0.68,0.69,0.31,0.32,0.01,0.01,78042.5,1777224117000
1777224119.256,119.256,0.69,0.7,0.3,0.31,0.01,0.01,78042.5,1777224118000
1777224119.629,119.629,0.69,0.7,0.3,0.31,0.01,0.01,78042.5,1777224118000
1777224120.079,120.079,0.69,0.7,0.3,0.31,0.01,0.01,78042.01,1777224119000
1777224120.574,120.574,0.69,0.7,0.3,0.31,0.01,0.01,78042.01,1777224119000
1777224120.914,120.914,0.63,0.66,0.34,0.37,0.03,0.03,78042.01,1777224119000
1777224121.447,121.447,0.63,0.64,0.36,0.37,0.01,0.01,78042.01,1777224119000
1777224121.844,121.844,0.61,0.63,0.36,0.37,0.02,0.01,78041.74,1777224120000
1777224122.411,122.411,0.61,0.62,0.38,0.39,0.01,0.01,78041.48,1777224121000
1777224122.784,122.784,0.61,0.62,0.38,0.39,0.01,0.01,78041.48,1777224121000
1777224123.121,123.121,0.6,0.61,0.39,0.4,0.01,0.01,78041.48,1777224121000
1777224123.594,123.594,0.6,0.61,0.39,0.4,0.01,0.01,78039.88,1777224122000
1777224123.93,123.93,0.6,0.61,0.39,0.4,0.01,0.01,78039.88,1777224123000
1777224124.609,124.609,0.6,0.61,0.39,0.4,0.01,0.01,78039.88,1777224123000
1777224125.667,125.667,0.6,0.61,0.39,0.4,0.01,0.01,78040.9,1777224124000
1777224126.004,126.004,0.6,0.61,0.39,0.4,0.01,0.01,78040.9,1777224124000
1777224126.783,126.783,0.6,0.61,0.39,0.4,0.01,0.01,78040.84,1777224125000
1777224127.155,127.155,0.6,0.61,0.39,0.4,0.01,0.01,78040.84,1777224125000
1777224127.508,127.508,0.58,0.59,0.41,0.42,0.01,0.01,78040.84,1777224126000
1777224127.854,127.854,0.58,0.59,0.41,0.42,0.01,0.01,78040.84,1777224126000
1777224128.24,128.24,0.58,0.59,0.41,0.42,0.01,0.01,78040.85,1777224127000
1777224128.623,128.623,0.56,0.57,0.43,0.44,0.01,0.01,78040.85,1777224127000
1777224128.981,128.981,0.56,0.57,0.43,0.44,0.01,0.01,78040.85,1777224127000
1777224129.401,129.401,0.56,0.57,0.43,0.44,0.01,0.01,78040.6,1777224128000
1777224129.893,129.893,0.56,0.57,0.43,0.44,0.01,0.01,78040.6,1777224128000
1777224130.478,130.478,0.56,0.57,0.43,0.44,0.01,0.01,78040.6,1777224128000
1777224130.865,130.865,0.56,0.57,0.43,0.44,0.01,0.01,78040.1,1777224129000
1777224131.204,131.204,0.56,0.57,0.43,0.44,0.01,0.01,78040.1,1777224130000
1777224131.724,131.724,0.56,0.57,0.43,0.44,0.01,0.01,78040.1,1777224130000
1777224132.117,132.117,0.56,0.57,0.43,0.44,0.01,0.01,78040.1,1777224130000
1777224132.92,132.92,0.56,0.57,0.43,0.44,0.01,0.01,78039.26,1777224132000
1777224133.28,133.28,0.56,0.57,0.43,0.44,0.01,0.01,78039.26,1777224132000
1777224133.735,133.735,0.38,0.41,0.59,0.62,0.03,0.03,78039.26,1777224132000
1777224134.071,134.071,0.38,0.39,0.61,0.62,0.01,0.01,78039.26,1777224132000
1777224134.469,134.469,0.38,0.39,0.61,0.62,0.01,0.01,78038.82,1777224133000
1777224134.98,134.98,0.38,0.39,0.61,0.62,0.01,0.01,78038.82,1777224133000
1777224135.359,135.359,0.38,0.39,0.61,0.62,0.01,0.01,78038.82,1777224133000
1777224135.701,135.701,0.4,0.41,0.59,0.6,0.01,0.01,78036.88,1777224134000
1777224136.042,136.042,0.4,0.41,0.59,0.6,0.01,0.01,78036.88,1777224134000
1777224136.411,136.411,0.4,0.41,0.59,0.6,0.01,0.01,78030.99,1777224135000
1777224136.749,136.749,0.4,0.41,0.59,0.6,0.01,0.01,78030.99,1777224135000
1777224137.164,137.164,0.4,0.41,0.59,0.6,0.01,0.01,78030.99,1777224135000
1777224137.739,137.739,0.4,0.41,0.59,0.6,0.01,0.01,78030.99,1777224135000
1777224138.096,138.096,0.38,0.4,0.6,0.62,0.02,0.02,78030.76,1777224136000
1777224138.496,138.496,0.39,0.4,0.6,0.61,0.01,0.01,78030.76,1777224136000
1777224138.958,138.958,0.39,0.4,0.6,0.61,0.01,0.01,78030.74,1777224137000
1777224139.39,139.39,0.39,0.4,0.6,0.61,0.01,0.01,78030.22,1777224138000
1777224139.768,139.768,0.39,0.4,0.6,0.61,0.01,0.01,78030.22,1777224138000
1777224140.107,140.107,0.39,0.4,0.6,0.61,0.01,0.01,78030.22,1777224138000
1777224140.458,140.458,0.39,0.4,0.6,0.61,0.01,0.01,78030.2,1777224139000
1777224140.96,140.96,0.39,0.4,0.6,0.61,0.01,0.01,78030.2,1777224139000
1777224141.32,141.32,0.41,0.42,0.57,0.61,0.01,0.04,78030.2,1777224139000
1777224141.664,141.664,0.41,0.42,0.58,0.59,0.01,0.01,78030.19,1777224140000
1777224142.326,142.326,0.41,0.42,0.58,0.59,0.01,0.01,78030.19,1777224140000
1777224142.814,142.814,0.42,0.43,0.57,0.59,0.01,0.02,78030.17,1777224141000
1777224143.223,143.223,0.42,0.43,0.57,0.58,0.01,0.01,78030.17,1777224141000
1777224143.566,143.566,0.42,0.43,0.57,0.58,0.01,0.01,78030.17,1777224141000
1777224144.245,144.245,0.42,0.43,0.57,0.58,0.01,0.01,78029.95,1777224143000
1777224144.776,144.776,0.42,0.43,0.57,0.58,0.01,0.01,78029.95,1777224143000
1777224145.173,145.173,0.42,0.43,0.57,0.58,0.01,0.01,78029.95,1777224143000
1777224145.556,145.556,0.42,0.43,0.57,0.58,0.01,0.01,78029.95,1777224143000
1777224145.945,145.945,0.42,0.43,0.57,0.58,0.01,0.01,78029.98,1777224144000
1777224146.323,146.323,0.42,0.43,0.57,0.58,0.01,0.01,78029.98,1777224144000
1777224146.763,146.763,0.42,0.43,0.57,0.58,0.01,0.01,78030.04,1777224145000
1777224147.151,147.151,0.42,0.43,0.57,0.58,0.01,0.01,78030.04,1777224146000
1777224147.605,147.605,0.43,0.44,0.56,0.57,0.01,0.01,78030.04,1777224146000
1777224147.966,147.966,0.43,0.44,0.56,0.57,0.01,0.01,78030.04,1777224146000
1777224148.397,148.397,0.43,0.44,0.56,0.57,0.01,0.01,78029.76,1777224147000
1777224149.001,149.001,0.43,0.44,0.56,0.57,0.01,0.01,78029.76,1777224148000
1777224149.335,149.335,0.43,0.44,0.56,0.57,0.01,0.01,78029.76,1777224148000
1777224150.009,150.009,0.43,0.44,0.56,0.57,0.01,0.01,78029.76,1777224148000
1777224150.466,150.466,0.41,0.44,0.56,0.57,0.03,0.01,78029.76,1777224148000
1777224151.021,151.021,0.41,0.42,0.58,0.59,0.01,0.01,78029.79,1777224149000
1777224151.785,151.785,0.41,0.42,0.58,0.59,0.01,0.01,78029.8,1777224150000
1777224152.546,152.546,0.41,0.42,0.58,0.59,0.01,0.01,78030.0,1777224151000
1777224153.046,153.046,0.41,0.42,0.58,0.59,0.01,0.01,78030.0,1777224151000
1777224153.383,153.383,0.41,0.42,0.58,0.59,0.01,0.01,78030.0,1777224152000
1777224154.018,154.018,0.42,0.43,0.57,0.58,0.01,0.01,78029.73,1777224153000
1777224154.414,154.414,0.42,0.43,0.57,0.58,0.01,0.01,78029.73,1777224153000
1777224154.798,154.798,0.43,0.44,0.56,0.58,0.01,0.02,78029.73,1777224153000
1777224155.203,155.203,0.43,0.44,0.56,0.57,0.01,0.01,78029.73,1777224153000
1777224155.69,155.69,0.43,0.44,0.56,0.57,0.01,0.01,78029.73,1777224153000
1777224156.096,156.096,0.43,0.44,0.56,0.57,0.01,0.01,78029.72,1777224154000
1777224156.578,156.578,0.43,0.44,0.56,0.57,0.01,0.01,78029.72,1777224154000
1777224156.924,156.924,0.43,0.44,0.56,0.57,0.01,0.01,78029.5,1777224155000
1777224158.35,158.35,0.43,0.44,0.56,0.57,0.01,0.01,78029.96,1777224157000
1777224158.723,158.723,0.43,0.44,0.56,0.57,0.01,0.01,78029.96,1777224157000
1777224159.125,159.125,0.43,0.44,0.56,0.57,0.01,0.01,78029.94,1777224158000
1777224159.46,159.46,0.43,0.44,0.56,0.57,0.01,0.01,78029.94,1777224158000
1777224159.88,159.88,0.44,0.45,0.55,0.57,0.01,0.02,78029.94,1777224158000
1777224160.32,160.32,0.44,0.45,0.55,0.56,0.01,0.01,78029.64,1777224159000
1777224161.054,161.054,0.41,0.45,0.55,0.56,0.04,0.01,78029.64,1777224159000
1777224161.45,161.45,0.42,0.43,0.57,0.58,0.01,0.01,78029.97,1777224160000
1777224161.817,161.817,0.42,0.43,0.57,0.58,0.01,0.01,78029.97,1777224160000
1777224162.158,162.158,0.41,0.42,0.58,0.59,0.01,0.01,78030.0,1777224161000
1777224162.612,162.612,0.42,0.43,0.57,0.58,0.01,0.01,78030.0,1777224161000
1777224163.239,163.239,0.42,0.43,0.57,0.58,0.01,0.01,78030.02,1777224162000
1777224163.621,163.621,0.42,0.43,0.57,0.58,0.01,0.01,78030.02,1777224162000
1777224163.969,163.969,0.42,0.43,0.57,0.58,0.01,0.01,78030.02,1777224162000
1777224164.44,164.44,0.41,0.42,0.58,0.59,0.01,0.01,78030.24,1777224163000
1777224164.944,164.944,0.42,0.43,0.57,0.58,0.01,0.01,78030.24,1777224163000
1777224165.312,165.312,0.42,0.44,0.57,0.58,0.02,0.01,78030.24,1777224164000
1777224165.696,165.696,0.43,0.44,0.56,0.58,0.01,0.02,78030.24,1777224164000
1777224166.115,166.115,0.43,0.44,0.56,0.57,0.01,0.01,78029.88,1777224165000
1777224166.798,166.798,0.43,0.44,0.56,0.57,0.01,0.01,78029.88,1777224165000
1777224167.238,167.238,0.43,0.44,0.56,0.57,0.01,0.01,78029.88,1777224165000
1777224167.606,167.606,0.44,0.45,0.56,0.57,0.01,0.01,78029.87,1777224166000
1777224167.995,167.995,0.44,0.45,0.55,0.56,0.01,0.01,78029.87,1777224166000
1777224168.466,168.466,0.44,0.45,0.55,0.56,0.01,0.01,78029.87,1777224167000
1777224168.835,168.835,0.44,0.45,0.55,0.56,0.01,0.01,78029.87,1777224167000
1777224169.328,169.328,0.44,0.45,0.55,0.56,0.01,0.01,78029.87,1777224168000
1777224170.242,170.242,0.44,0.45,0.55,0.56,0.01,0.01,78029.87,1777224168000
1777224170.698,170.698,0.44,0.45,0.55,0.56,0.01,0.01,78029.95,1777224169000
1777224171.192,171.192,0.44,0.45,0.55,0.56,0.01,0.01,78029.95,1777224169000
1777224171.644,171.644,0.44,0.45,0.55,0.56,0.01,0.01,78029.95,1777224170000
1777224172.105,172.105,0.44,0.45,0.55,0.56,0.01,0.01,78029.95,1777224171000
1777224172.5,172.5,0.44,0.45,0.55,0.56,0.01,0.01,78029.95,1777224171000
1777224173.283,173.283,0.44,0.45,0.55,0.56,0.01,0.01,78029.95,1777224172000
1777224173.794,173.794,0.43,0.44,0.56,0.57,0.01,0.01,78029.95,1777224172000
1777224174.213,174.213,0.43,0.44,0.56,0.57,0.01,0.01,78029.95,1777224172000
1777224174.67,174.67,0.42,0.44,0.56,0.58,0.02,0.02,78029.75,1777224173000
1777224175.154,175.154,0.42,0.43,0.57,0.58,0.01,0.01,78029.75,1777224173000
1777224175.603,175.603,0.43,0.44,0.56,0.57,0.01,0.01,78029.73,1777224174000
1777224176.013,176.013,0.43,0.44,0.56,0.57,0.01,0.01,78029.73,1777224174000
1777224176.347,176.347,0.43,0.44,0.56,0.57,0.01,0.01,78029.73,1777224175000
1777224176.747,176.747,0.43,0.44,0.56,0.57,0.01,0.01,78029.73,1777224175000
1777224177.262,177.262,0.43,0.44,0.56,0.57,0.01,0.01,78029.73,1777224176000
1777224178.112,178.112,0.43,0.44,0.56,0.57,0.01,0.01,78029.73,1777224176000
1777224178.487,178.487,0.43,0.44,0.56,0.57,0.01,0.01,78029.73,1777224176000
1777224179.078,179.078,0.43,0.44,0.56,0.57,0.01,0.01,78029.67,1777224177000
1777224179.518,179.518,0.43,0.44,0.56,0.57,0.01,0.01,78029.05,1777224178000
1777224179.884,179.884,0.43,0.44,0.56,0.57,0.01,0.01,78029.05,1777224178000
1777224180.247,180.247,0.43,0.45,0.56,0.57,0.02,0.01,78029.05,1777224178000
1777224180.659,180.659,0.45,0.46,0.54,0.55,0.01,0.01,78029.05,1777224179000
1777224181.199,181.199,0.45,0.46,0.54,0.55,0.01,0.01,78028.98,1777224180000
1777224181.674,181.674,0.45,0.46,0.54,0.55,0.01,0.01,78028.98,1777224180000
1777224182.029,182.029,0.46,0.47,0.54,0.55,0.01,0.01,78028.98,1777224180000
1777224182.44,182.44,0.46,0.47,0.53,0.54,0.01,0.01,78029.04,1777224181000
1777224182.815,182.815,0.46,0.47,0.53,0.54,0.01,0.01,78029.04,1777224181000
1777224183.249,183.249,0.47,0.48,0.52,0.54,0.01,0.02,78029.04,1777224181000
1777224183.611,183.611,0.47,0.48,0.52,0.53,0.01,0.01,78029.29,1777224182000
1777224183.954,183.954,0.47,0.48,0.52,0.53,0.01,0.01,78029.29,1777224182000
1777224184.949,184.949,0.47,0.49,0.52,0.53,0.02,0.01,78029.11,1777224183000
1777224185.298,185.298,0.48,0.49,0.51,0.52,0.01,0.01,78029.11,1777224184000
1777224185.689,185.689,0.48,0.49,0.51,0.52,0.01,0.01,78029.11,1777224184000
1777224186.486,186.486,0.48,0.49,0.51,0.52,0.01,0.01,78029.11,1777224184000
1777224186.855,186.855,0.48,0.49,0.51,0.52,0.01,0.01,78029.11,1777224184000
1777224187.307,187.307,0.48,0.49,0.51,0.52,0.01,0.01,78028.69,1777224185000
1777224187.983,187.983,0.48,0.49,0.51,0.52,0.01,0.01,78028.69,1777224186000
1777224188.97,188.97,0.48,0.49,0.51,0.52,0.01,0.01,78028.78,1777224187000
1777224189.39,189.39,0.48,0.49,0.51,0.52,0.01,0.01,78028.96,1777224188000
1777224189.91,189.91,0.48,0.49,0.51,0.52,0.01,0.01,78028.96,1777224188000
1777224190.322,190.322,0.48,0.51,0.51,0.52,0.03,0.01,78028.96,1777224188000
1777224190.685,190.685,0.52,0.53,0.47,0.48,0.01,0.01,78028.96,1777224188000
1777224191.018,191.018,0.53,0.54,0.46,0.47,0.01,0.01,78028.96,1777224188000
1777224191.379,191.379,0.53,0.54,0.46,0.47,0.01,0.01,78029.47,1777224190000
1777224191.747,191.747,0.53,0.54,0.46,0.47,0.01,0.01,78029.47,1777224190000
1777224192.186,192.186,0.53,0.54,0.46,0.47,0.01,0.01,78029.47,1777224190000
1777224192.544,192.544,0.53,0.54,0.46,0.48,0.01,0.02,78029.93,1777224191000
1777224192.982,192.982,0.53,0.54,0.46,0.47,0.01,0.01,78029.93,1777224191000
1777224193.43,193.43,0.53,0.54,0.46,0.47,0.01,0.01,78030.2,1777224192000
1777224193.902,193.902,0.52,0.53,0.46,0.47,0.01,0.01,78030.2,1777224192000
1777224194.463,194.463,0.5,0.51,0.49,0.5,0.01,0.01,78030.39,1777224193000
1777224194.838,194.838,0.5,0.51,0.49,0.5,0.01,0.01,78030.39,1777224193000
1777224195.306,195.306,0.5,0.51,0.49,0.5,0.01,0.01,78030.22,1777224194000
1777224195.673,195.673,0.5,0.51,0.49,0.5,0.01,0.01,78030.22,1777224194000
1777224196.064,196.064,0.5,0.51,0.49,0.5,0.01,0.01,78030.22,1777224194000
1777224196.567,196.567,0.5,0.51,0.49,0.5,0.01,0.01,78030.13,1777224195000
1777224197.126,197.126,0.5,0.51,0.49,0.5,0.01,0.01,78030.13,1777224196000
1777224197.547,197.547,0.5,0.51,0.49,0.5,0.01,0.01,78030.13,1777224196000
1777224198.02,198.02,0.5,0.51,0.49,0.5,0.01,0.01,78030.13,1777224196000
1777224198.462,198.462,0.5,0.51,0.49,0.5,0.01,0.01,78030.05,1777224197000
1777224199.053,199.053,0.5,0.51,0.49,0.5,0.01,0.01,78030.03,1777224198000
1777224199.512,199.512,0.5,0.51,0.49,0.5,0.01,0.01,78030.03,1777224198000
1777224199.874,199.874,0.5,0.51,0.49,0.5,0.01,0.01,78030.03,1777224198000
1777224200.257,200.257,0.5,0.51,0.49,0.5,0.01,0.01,78030.06,1777224199000
1777224200.756,200.756,0.5,0.51,0.49,0.5,0.01,0.01,78030.06,1777224199000
1777224201.208,201.208,0.49,0.51,0.49,0.5,0.02,0.01,78030.06,1777224199000
1777224201.573,201.573,0.49,0.5,0.5,0.51,0.01,0.01,78030.15,1777224200000
1777224201.988,201.988,0.49,0.5,0.5,0.51,0.01,0.01,78030.14,1777224201000
1777224202.964,202.964,0.48,0.49,0.5,0.52,0.01,0.02,78030.14,1777224201000
1777224203.437,203.437,0.48,0.49,0.51,0.52,0.01,0.01,78030.07,1777224202000
1777224204.032,204.032,0.56,0.57,0.43,0.44,0.01,0.01,78030.07,1777224202000
1777224204.44,204.44,0.56,0.57,0.43,0.44,0.01,0.01,78030.15,1777224203000
1777224204.788,204.788,0.56,0.57,0.43,0.44,0.01,0.01,78030.15,1777224203000
1777224205.254,205.254,0.56,0.57,0.43,0.44,0.01,0.01,78030.15,1777224204000
1777224205.812,205.812,0.56,0.57,0.43,0.44,0.01,0.01,78030.15,1777224204000
1777224206.177,206.177,0.56,0.57,0.43,0.44,0.01,0.01,78030.15,1777224204000
1777224206.672,206.672,0.56,0.57,0.43,0.44,0.01,0.01,78030.15,1777224204000
1777224207.247,207.247,0.56,0.57,0.43,0.44,0.01,0.01,78030.25,1777224205000
1777224207.627,207.627,0.56,0.57,0.43,0.44,0.01,0.01,78030.76,1777224206000
1777224207.982,207.982,0.56,0.57,0.43,0.44,0.01,0.01,78030.76,1777224207000
1777224208.424,208.424,0.55,0.56,0.43,0.45,0.01,0.02,78030.76,1777224207000
1777224209.225,209.225,0.55,0.56,0.44,0.45,0.01,0.01,78030.76,1777224207000
1777224209.709,209.709,0.55,0.56,0.44,0.45,0.01,0.01,78030.77,1777224208000
1777224210.598,210.598,0.55,0.56,0.44,0.45,0.01,0.01,78030.77,1777224208000
1777224211.206,211.206,0.55,0.56,0.44,0.45,0.01,0.01,78030.68,1777224209000
1777224211.63,211.63,0.55,0.56,0.44,0.45,0.01,0.01,78030.68,1777224210000
1777224212.065,212.065,0.55,0.56,0.44,0.45,0.01,0.01,78030.69,1777224211000
1777224212.48,212.48,0.54,0.56,0.44,0.45,0.02,0.01,78030.69,1777224211000
1777224212.879,212.879,0.54,0.55,0.45,0.46,0.01,0.01,78030.69,1777224211000
1777224213.387,213.387,0.54,0.55,0.45,0.46,0.01,0.01,78030.69,1777224211000
1777224214.196,214.196,0.54,0.55,0.45,0.46,0.01,0.01,78030.97,1777224213000
1777224214.731,214.731,0.55,0.56,0.44,0.46,0.01,0.02,78030.97,1777224213000
1777224215.224,215.224,0.55,0.56,0.44,0.45,0.01,0.01,78030.97,1777224213000
1777224215.743,215.743,0.56,0.57,0.43,0.45,0.01,0.02,78031.2,1777224214000
1777224216.233,216.233,0.56,0.57,0.43,0.44,0.01,0.01,78031.2,1777224215000
1777224217.642,217.642,0.56,0.57,0.43,0.44,0.01,0.01,78031.15,1777224216000
1777224218.275,218.275,0.56,0.57,0.43,0.44,0.01,0.01,78031.15,1777224217000
1777224218.765,218.765,0.56,0.57,0.43,0.44,0.01,0.01,78031.15,1777224217000
1777224219.309,219.309,0.56,0.57,0.43,0.44,0.01,0.01,78031.15,1777224217000
1777224219.651,219.651,0.56,0.57,0.43,0.44,0.01,0.01,78031.15,1777224217000
1777224220.001,220.001,0.56,0.57,0.43,0.44,0.01,0.01,78031.23,1777224218000
1777224220.413,220.413,0.54,0.55,0.43,0.45,0.01,0.02,78031.23,1777224218000
1777224220.938,220.938,0.54,0.55,0.45,0.46,0.01,0.01,78031.23,1777224219000
1777224221.578,221.578,0.53,0.55,0.45,0.46,0.02,0.01,78031.23,1777224219000
1777224222.345,222.345,0.53,0.55,0.45,0.47,0.02,0.02,78031.04,1777224221000
1777224222.679,222.679,0.38,0.39,0.61,0.62,0.01,0.01,78031.04,1777224221000
1777224223.06,223.06,0.27,0.28,0.72,0.75,0.01,0.03,78031.04,1777224222000
1777224223.393,223.393,0.25,0.26,0.74,0.75,0.01,0.01,78031.04,1777224222000
1777224223.727,223.727,0.25,0.26,0.74,0.75,0.01,0.01,78031.04,1777224222000
1777224224.077,224.077,0.25,0.26,0.74,0.75,0.01,0.01,78030.55,1777224223000
1777224224.417,224.417,0.25,0.26,0.74,0.75,0.01,0.01,78030.55,1777224223000
1777224224.796,224.796,0.25,0.26,0.74,0.75,0.01,0.01,78030.55,1777224223000
1777224225.208,225.208,0.25,0.26,0.74,0.75,0.01,0.01,78026.45,1777224224000
1777224225.571,225.571,0.25,0.26,0.74,0.75,0.01,0.01,78026.45,1777224224000
1777224225.949,225.949,0.25,0.26,0.74,0.75,0.01,0.01,78026.45,1777224224000
1777224226.34,226.34,0.25,0.26,0.73,0.75,0.01,0.02,78026.45,1777224224000
1777224226.72,226.72,0.25,0.26,0.74,0.75,0.01,0.01,78019.35,1777224225000
1777224227.372,227.372,0.25,0.26,0.74,0.75,0.01,0.01,78019.35,1777224225000
1777224227.726,227.726,0.24,0.25,0.75,0.76,0.01,0.01,78019.56,1777224226000
1777224228.068,228.068,0.23,0.24,0.76,0.77,0.01,0.01,78019.53,1777224227000
1777224228.416,228.416,0.23,0.24,0.76,0.77,0.01,0.01,78019.53,1777224227000
1777224228.768,228.768,0.22,0.23,0.77,0.78,0.01,0.01,78019.53,1777224227000
1777224229.135,229.135,0.22,0.23,0.77,0.78,0.01,0.01,78018.89,1777224228000
1777224229.485,229.485,0.22,0.23,0.77,0.78,0.01,0.01,78018.89,1777224228000
1777224229.876,229.876,0.21,0.22,0.77,0.79,0.01,0.02,78018.89,1777224228000
1777224230.218,230.218,0.21,0.22,0.78,0.79,0.01,0.01,78018.16,1777224229000
1777224230.668,230.668,0.21,0.22,0.78,0.79,0.01,0.01,78018.16,1777224229000
1777224231.179,231.179,0.21,0.22,0.78,0.79,0.01,0.01,78018.16,1777224229000
1777224231.751,231.751,0.2,0.21,0.79,0.8,0.01,0.01,78017.56,1777224230000
1777224232.26,232.26,0.15,0.18,0.82,0.85,0.03,0.03,78017.06,1777224231000
1777224233.327,233.327,0.15,0.16,0.84,0.85,0.01,0.01,78017.11,1777224232000
1777224233.827,233.827,0.15,0.16,0.84,0.85,0.01,0.01,78017.11,1777224232000
1777224234.182,234.182,0.15,0.16,0.84,0.85,0.01,0.01,78015.29,1777224233000
1777224234.517,234.517,0.15,0.16,0.84,0.86,0.01,0.02,78015.29,1777224233000
1777224234.894,234.894,0.15,0.16,0.84,0.85,0.01,0.01,78015.29,1777224233000
1777224235.25,235.25,0.15,0.16,0.84,0.85,0.01,0.01,78015.29,1777224233000
1777224235.674,235.674,0.16,0.17,0.82,0.85,0.01,0.03,78015.29,1777224233000
1777224236.018,236.018,0.16,0.17,0.83,0.84,0.01,0.01,78012.65,1777224234000
1777224236.366,236.366,0.16,0.17,0.83,0.84,0.01,0.01,78012.65,1777224234000
1777224236.741,236.741,0.17,0.18,0.82,0.83,0.01,0.01,78012.84,1777224235000
1777224237.083,237.083,0.17,0.18,0.82,0.83,0.01,0.01,78012.84,1777224236000
1777224237.436,237.436,0.15,0.18,0.82,0.83,0.03,0.01,78012.84,1777224236000
1777224237.775,237.775,0.14,0.15,0.85,0.86,0.01,0.01,78012.84,1777224236000
1777224238.125,238.125,0.13,0.14,0.86,0.87,0.01,0.01,78012.84,1777224236000
1777224238.49,238.49,0.13,0.14,0.86,0.87,0.01,0.01,78012.31,1777224237000
1777224238.857,238.857,0.13,0.14,0.86,0.87,0.01,0.01,78012.31,1777224237000
1777224239.328,239.328,0.12,0.13,0.87,0.88,0.01,0.01,78012.31,1777224237000
1777224240.207,240.207,0.14,0.15,0.84,0.86,0.01,0.02,78012.84,1777224238000
1777224240.558,240.558,0.14,0.15,0.85,0.86,0.01,0.01,78012.45,1777224239000
1777224241.013,241.013,0.13,0.15,0.85,0.86,0.02,0.01,78012.45,1777224239000
1777224241.36,241.36,0.14,0.15,0.85,0.86,0.01,0.01,78011.93,1777224240000
1777224242.006,242.006,0.13,0.14,0.86,0.87,0.01,0.01,78011.93,1777224240000
1777224242.422,242.422,0.12,0.13,0.87,0.88,0.01,0.01,78011.59,1777224241000
1777224242.775,242.775,0.11,0.12,0.88,0.89,0.01,0.01,78011.59,1777224241000
1777224243.172,243.172,0.11,0.12,0.88,0.89,0.01,0.01,78011.43,1777224242000
1777224243.52,243.52,0.1,0.11,0.89,0.9,0.01,0.01,78011.43,1777224242000
1777224243.875,243.875,0.1,0.11,0.89,0.9,0.01,0.01,78011.43,1777224242000
1777224244.213,244.213,0.09,0.11,0.89,0.9,0.02,0.01,78011.43,1777224242000
1777224244.638,244.638,0.09,0.1,0.9,0.91,0.01,0.01,78011.48,1777224243000
1777224245.008,245.008,0.08,0.09,0.9,0.92,0.01,0.02,78011.48,1777224244000
1777224245.426,245.426,0.08,0.09,0.91,0.92,0.01,0.01,78011.48,1777224244000
1777224245.956,245.956,0.07,0.08,0.92,0.93,0.01,0.01,78011.48,1777224244000
1777224246.369,246.369,0.08,0.09,0.91,0.92,0.01,0.01,78011.67,1777224245000
1777224246.707,246.707,0.08,0.1,0.91,0.92,0.02,0.01,78011.67,1777224245000
1777224247.083,247.083,0.08,0.1,0.9,0.91,0.02,0.01,78011.67,1777224245000
1777224247.488,247.488,0.07,0.09,0.91,0.92,0.02,0.01,78011.63,1777224246000
1777224247.822,247.822,0.06,0.07,0.93,0.94,0.01,0.01,78011.63,1777224246000
1777224248.218,248.218,0.05,0.06,0.94,0.95,0.01,0.01,78011.63,1777224246000
1777224248.556,248.556,0.05,0.06,0.94,0.95,0.01,0.01,78011.22,1777224247000
1777224248.976,248.976,0.05,0.06,0.94,0.95,0.01,0.01,78011.22,1777224248000
1777224249.336,249.336,0.05,0.06,0.94,0.95,0.01,0.01,78011.22,1777224248000
1777224249.689,249.689,0.04,0.05,0.95,0.96,0.01,0.01,78011.22,1777224248000
1777224250.096,250.096,0.05,0.06,0.94,0.95,0.01,0.01,78011.22,1777224248000
1777224250.457,250.457,0.05,0.08,0.92,0.95,0.03,0.03,78000.86,1777224249000
1777224250.8,250.8,0.07,0.08,0.92,0.94,0.01,0.02,78000.86,1777224249000
1777224251.224,251.224,0.05,0.06,0.92,0.95,0.01,0.03,78000.86,1777224249000
1777224251.644,251.644,0.05,0.08,0.92,0.95,0.03,0.03,77997.84,1777224250000
1777224252.04,252.04,0.05,0.06,0.93,0.95,0.01,0.02,77997.84,1777224250000
1777224252.538,252.538,0.05,0.06,0.94,0.95,0.01,0.01,77997.53,1777224251000
1777224253.041,253.041,0.05,0.06,0.94,0.95,0.01,0.01,77997.53,1777224251000
1777224253.412,253.412,0.05,0.06,0.94,0.95,0.01,0.01,77997.5,1777224252000
1777224253.826,253.826,0.04,0.05,0.95,0.96,0.01,0.01,77997.5,1777224252000
1777224254.317,254.317,0.04,0.05,0.95,0.96,0.01,0.01,77997.53,1777224253000
1777224254.693,254.693,0.04,0.05,0.95,0.96,0.01,0.01,77997.53,1777224253000
1777224255.05,255.05,0.06,0.07,0.93,0.95,0.01,0.02,77997.53,1777224253000
1777224255.393,255.393,0.04,0.05,0.95,0.96,0.01,0.01,77997.5,1777224254000
1777224255.798,255.798,0.04,0.05,0.95,0.96,0.01,0.01,77997.5,1777224254000
1777224256.134,256.134,0.04,0.05,0.95,0.96,0.01,0.01,77997.5,1777224254000
1777224256.67,256.67,0.04,0.05,0.95,0.96,0.01,0.01,77997.5,1777224255000
1777224257.027,257.027,0.04,0.05,0.95,0.96,0.01,0.01,77997.5,1777224255000
1777224257.384,257.384,0.03,0.04,0.95,0.97,0.01,0.02,77997.49,1777224256000
1777224257.799,257.799,0.03,0.04,0.96,0.97,0.01,0.01,77997.49,1777224256000
1777224258.146,258.146,0.04,0.05,0.95,0.96,0.01,0.01,77997.49,1777224256000
1777224258.491,258.491,0.03,0.05,0.96,0.97,0.02,0.01,77997.47,1777224257000
1777224258.828,258.828,0.03,0.05,0.95,0.96,0.02,0.01,77997.47,1777224257000
1777224259.397,259.397,0.03,0.04,0.95,0.97,0.01,0.02,77997.47,1777224258000
1777224259.992,259.992,0.03,0.04,0.96,0.97,0.01,0.01,77997.47,1777224258000
1777224260.466,260.466,0.04,0.05,0.95,0.96,0.01,0.01,77997.49,1777224259000
1777224260.948,260.948,0.04,0.05,0.95,0.96,0.01,0.01,77997.49,1777224259000
1777224261.37,261.37,0.03,0.04,0.96,0.97,0.01,0.01,77997.49,1777224260000
1777224261.706,261.706,0.03,0.04,0.96,0.97,0.01,0.01,77997.49,1777224260000
1777224262.052,262.052,0.03,0.04,0.96,0.97,0.01,0.01,77997.49,1777224260000
1777224262.435,262.435,0.03,0.05,0.96,0.97,0.02,0.01,77997.41,1777224261000
1777224262.816,262.816,0.03,0.04,0.95,0.97,0.01,0.02,77997.41,1777224261000
1777224263.255,263.255,0.03,0.04,0.96,0.97,0.01,0.01,77997.41,1777224261000
1777224263.679,263.679,0.03,0.05,0.95,0.97,0.02,0.02,77997.47,1777224262000
1777224264.204,264.204,0.04,0.05,0.95,0.96,0.01,0.01,77997.47,1777224262000
1777224264.548,264.548,0.04,0.05,0.95,0.96,0.01,0.01,77997.46,1777224263000
1777224265.138,265.138,0.03,0.04,0.95,0.97,0.01,0.02,77997.46,1777224263000
1777224265.508,265.508,0.03,0.04,0.96,0.97,0.01,0.01,77997.46,1777224264000
1777224265.852,265.852,0.03,0.04,0.96,0.97,0.01,0.01,77997.46,1777224264000
1777224266.343,266.343,0.03,0.04,0.96,0.97,0.01,0.01,77997.46,1777224265000
1777224266.745,266.745,0.03,0.04,0.96,0.97,0.01,0.01,77997.46,1777224265000
1777224267.19,267.19,0.03,0.04,0.96,0.97,0.01,0.01,77997.46,1777224265000
1777224267.607,267.607,0.03,0.04,0.96,0.97,0.01,0.01,77997.24,1777224266000
1777224267.944,267.944,0.03,0.04,0.96,0.97,0.01,0.01,77997.24,1777224266000
1777224268.297,268.297,0.03,0.05,0.95,0.96,0.02,0.01,77997.24,1777224267000
1777224268.827,268.827,0.03,0.04,0.96,0.97,0.01,0.01,77997.24,1777224267000
1777224269.275,269.275,0.03,0.04,0.96,0.97,0.01,0.01,77997.24,1777224267000
1777224269.912,269.912,0.03,0.04,0.96,0.97,0.01,0.01,77997.21,1777224268000
1777224270.251,270.251,0.03,0.04,0.96,0.97,0.01,0.01,77997.21,1777224268000
1777224270.643,270.643,0.03,0.04,0.96,0.97,0.01,0.01,77997.21,1777224268000
1777224271.031,271.031,0.02,0.03,0.97,0.98,0.01,0.01,77997.21,1777224269000
1777224271.468,271.468,0.02,0.03,0.97,0.98,0.01,0.01,77996.9,1777224270000
1777224271.957,271.957,0.02,0.03,0.97,0.98,0.01,0.01,77996.9,1777224270000
1777224272.321,272.321,0.02,0.03,0.97,0.98,0.01,0.01,77996.89,1777224271000
1777224272.662,272.662,0.02,0.03,0.97,0.98,0.01,0.01,77996.89,1777224271000
1777224273.128,273.128,0.02,0.03,0.97,0.98,0.01,0.01,77996.89,1777224272000
1777224273.484,273.484,0.02,0.03,0.97,0.98,0.01,0.01,77996.89,1777224272000
1777224273.844,273.844,0.02,0.03,0.97,0.98,0.01,0.01,77996.89,1777224272000
1777224274.269,274.269,0.02,0.03,0.97,0.98,0.01,0.01,77996.9,1777224273000
1777224274.624,274.624,0.02,0.03,0.97,0.98,0.01,0.01,77996.9,1777224273000
1777224275.048,275.048,0.02,0.03,0.97,0.98,0.01,0.01,77996.9,1777224273000
1777224275.387,275.387,0.02,0.03,0.97,0.98,0.01,0.01,77996.4,1777224274000
1777224275.955,275.955,0.02,0.03,0.97,0.98,0.01,0.01,77996.4,1777224274000
1777224276.342,276.342,0.01,0.02,0.98,0.99,0.01,0.01,77996.4,1777224274000
1777224276.729,276.729,0.01,0.02,0.98,0.99,0.01,0.01,77995.88,1777224275000
1777224277.233,277.233,0.03,0.04,0.95,0.99,0.01,0.04,77995.88,1777224275000
1777224277.78,277.78,0.02,0.03,0.97,0.98,0.01,0.01,77995.84,1777224276000
1777224278.12,278.12,0.02,0.03,0.97,0.98,0.01,0.01,77995.84,1777224277000
1777224278.53,278.53,0.01,0.02,0.97,0.99,0.01,0.02,77995.84,1777224277000
1777224279.055,279.055,0.01,0.02,0.98,0.99,0.01,0.01,77995.84,1777224277000
1777224279.407,279.407,0.01,0.02,0.98,0.99,0.01,0.01,77995.98,1777224278000
1777224279.744,279.744,0.01,0.02,0.98,0.99,0.01,0.01,77995.98,1777224278000
1777224280.136,280.136,0.01,0.02,0.98,0.99,0.01,0.01,77995.98,1777224278000
1777224280.536,280.536,0.01,0.02,0.98,0.99,0.01,0.01,77995.98,1777224279000
1777224280.909,280.909,0.01,0.02,0.98,0.99,0.01,0.01,77995.98,1777224279000
1777224281.33,281.33,0.01,0.02,0.98,0.99,0.01,0.01,77995.98,1777224280000
1777224281.797,281.797,0.01,0.02,0.98,0.99,0.01,0.01,77995.98,1777224280000
1777224282.377,282.377,0.01,0.02,0.98,0.99,0.01,0.01,77995.98,1777224280000
1777224282.799,282.799,0.01,0.02,0.98,0.99,0.01,0.01,77995.97,1777224281000
1777224283.168,283.168,0.02,0.01,0.95,0.98,-0.01,0.03,77995.97,1777224281000
1777224283.523,283.523,0.02,0.01,0.99,0.98,-0.01,-0.01,77996.05,1777224282000
1777224284.03,284.03,0.02,0.01,0.99,0.98,-0.01,-0.01,77996.04,1777224283000
1777224284.505,284.505,0.02,0.01,0.99,0.98,-0.01,-0.01,77996.04,1777224283000
1777224285.188,285.188,0.02,0.01,0.99,0.98,-0.01,-0.01,77996.04,1777224284000
1777224285.612,285.612,0.02,0.01,0.99,0.98,-0.01,-0.01,77996.04,1777224284000
1777224285.958,285.958,0.02,0.01,0.99,0.98,-0.01,-0.01,77996.04,1777224284000
1777224286.301,286.301,0.02,0.01,0.99,0.98,-0.01,-0.01,77996.04,1777224285000
1777224286.839,286.839,0.02,0.01,0.99,0.98,-0.01,-0.01,77996.04,1777224285000
1777224287.502,287.502,0.02,0.01,0.99,0.98,-0.01,-0.01,77996.36,1777224286000
1777224287.99,287.99,0.02,0.01,0.99,0.98,-0.01,-0.01,77996.36,1777224287000
1777224289.105,289.105,0.02,0.01,0.99,0.98,-0.01,-0.01,77996.36,1777224288000
1777224289.439,289.439,0.02,0.01,0.99,0.98,-0.01,-0.01,77996.36,1777224288000
1777224290.346,290.346,0.02,0.01,0.99,0.98,-0.01,-0.01,77996.68,1777224289000
1777224290.734,290.734,0.02,0.01,0.99,0.98,-0.01,-0.01,77996.68,1777224289000
1777224291.22,291.22,0.02,0.01,0.99,0.98,-0.01,-0.01,77996.68,1777224290000
1777224291.627,291.627,0.02,0.01,0.99,0.98,-0.01,-0.01,77996.68,1777224290000
1777224292.264,292.264,0.02,0.01,0.99,0.98,-0.01,-0.01,77996.68,1777224290000
1777224293.495,293.495,0.02,0.01,0.99,0.98,-0.01,-0.01,77998.09,1777224292000
1777224293.96,293.96,0.02,0.01,0.99,0.98,-0.01,-0.01,77998.83,1777224293000
1777224294.321,294.321,0.01,0.02,0.98,0.98,0.01,0.0,77998.83,1777224293000
1777224294.758,294.758,0.01,0.02,0.96,0.99,0.01,0.03,77998.83,1777224293000
1777224295.123,295.123,0.01,0.03,0.97,0.99,0.02,0.02,77999.68,1777224294000
1777224295.492,295.492,0.01,0.02,0.98,0.99,0.01,0.01,77999.68,1777224294000
1777224295.831,295.831,0.01,0.02,0.98,0.99,0.01,0.01,77999.68,1777224294000
1777224296.193,296.193,0.01,0.02,0.98,0.99,0.01,0.01,77999.68,1777224294000
1777224297.111,297.111,0.01,0.02,0.98,0.99,0.01,0.01,78004.04,1777224296000
1777224298.112,298.112,0.01,0.02,0.98,0.99,0.01,0.01,78004.49,1777224297000
1777224298.485,298.485,0.01,0.01,0.99,0.99,0.0,0.0,78004.49,1777224297000
1777224299.093,299.093,0.01,0.01,0.99,0.99,0.0,0.0,78006.14,1777224298000
1777224299.561,299.561,0.01,0.01,0.99,0.99,0.0,0.0,78006.14,1777224298000
1777224299.899,299.899,0.01,0.01,0.99,0.99,0.0,0.0,78006.14,1777224298000
1777224300.417,300.417,0.01,0.01,0.99,0.99,0.0,0.0,78006.75,1777224299000
1777224300.93,300.93,0.01,0.01,0.99,0.99,0.0,0.0,78006.75,1777224299000
1777224302.067,302.067,0.01,0.01,0.99,0.99,0.0,0.0,78019.68,1777224301000

# RESULT,winner=Down,slug=btc-updown-5m-1777224000,ticks=625
