timestamp,elapsed_sec,up_bid,up_ask,down_bid,down_ask,up_spread,down_spread,btc_price,btc_oracle_ts
1776049500.536,0.536,0.5,0.51,0.48,0.5,0.01,0.02,71128.03,1776049499000
1776049500.922,0.922,0.5,0.51,0.49,0.5,0.01,0.01,71128.03,1776049499000
1776049501.459,1.459,0.5,0.51,0.49,0.5,0.01,0.01,71128.03,1776049500000
1776049501.846,1.846,0.5,0.51,0.49,0.5,0.01,0.01,71128.03,1776049500000
1776049502.207,2.207,0.5,0.51,0.49,0.5,0.01,0.01,71122.48,1776049501000
1776049502.619,2.619,0.5,0.51,0.49,0.5,0.01,0.01,71122.48,1776049501000
1776049502.978,2.978,0.5,0.51,0.49,0.5,0.01,0.01,71122.48,1776049501000
1776049503.315,3.315,0.5,0.51,0.49,0.5,0.01,0.01,71122.48,1776049501000
1776049503.649,3.649,0.5,0.51,0.49,0.5,0.01,0.01,71117.35,1776049502000
1776049504.009,4.009,0.47,0.48,0.52,0.53,0.01,0.01,71117.35,1776049502000
1776049504.344,4.344,0.41,0.42,0.57,0.59,0.01,0.02,71116.64,1776049503000
1776049504.72,4.72,0.41,0.42,0.58,0.59,0.01,0.01,71116.64,1776049503000
1776049505.061,5.061,0.4,0.41,0.58,0.6,0.01,0.02,71116.64,1776049503000
1776049505.502,5.502,0.39,0.4,0.59,0.6,0.01,0.01,71116.64,1776049503000
1776049505.867,5.867,0.39,0.4,0.6,0.61,0.01,0.01,71111.84,1776049504000
1776049506.23,6.23,0.39,0.4,0.6,0.61,0.01,0.01,71108.3,1776049505000
1776049507.105,7.105,0.39,0.4,0.6,0.61,0.01,0.01,71108.3,1776049505000
1776049507.46,7.46,0.38,0.39,0.61,0.62,0.01,0.01,71108.3,1776049505000
1776049507.821,7.821,0.38,0.39,0.61,0.62,0.01,0.01,71103.17,1776049506000
1776049508.263,8.263,0.36,0.37,0.62,0.64,0.01,0.02,71103.17,1776049507000
1776049508.638,8.638,0.36,0.37,0.63,0.64,0.01,0.01,71103.17,1776049507000
1776049508.991,8.991,0.36,0.37,0.63,0.64,0.01,0.01,71103.17,1776049507000
1776049510.054,10.054,0.36,0.37,0.63,0.64,0.01,0.01,71099.76,1776049509000
1776049510.502,10.502,0.36,0.37,0.63,0.64,0.01,0.01,71099.76,1776049509000
1776049510.848,10.848,0.36,0.37,0.63,0.64,0.01,0.01,71099.76,1776049509000
1776049511.216,11.216,0.36,0.37,0.63,0.64,0.01,0.01,71098.93,1776049510000
1776049511.69,11.69,0.35,0.36,0.63,0.65,0.01,0.02,71098.93,1776049510000
1776049512.034,12.034,0.35,0.37,0.63,0.65,0.02,0.02,71099.1,1776049511000
1776049512.538,12.538,0.35,0.36,0.64,0.65,0.01,0.01,71099.1,1776049511000
1776049513.229,13.229,0.36,0.37,0.63,0.64,0.01,0.01,71098.32,1776049512000
1776049513.604,13.604,0.36,0.37,0.63,0.64,0.01,0.01,71098.32,1776049512000
1776049514.157,14.157,0.36,0.37,0.63,0.64,0.01,0.01,71098.62,1776049513000
1776049514.741,14.741,0.35,0.37,0.63,0.64,0.02,0.01,71098.62,1776049513000
1776049515.13,15.13,0.35,0.36,0.64,0.65,0.01,0.01,71098.62,1776049513000
1776049515.551,15.551,0.34,0.35,0.65,0.66,0.01,0.01,71098.83,1776049514000
1776049515.986,15.986,0.34,0.35,0.65,0.66,0.01,0.01,71098.83,1776049514000
1776049516.422,16.422,0.34,0.35,0.65,0.66,0.01,0.01,71097.25,1776049515000
1776049516.764,16.764,0.34,0.35,0.65,0.66,0.01,0.01,71097.25,1776049515000
1776049517.129,17.129,0.34,0.35,0.65,0.66,0.01,0.01,71097.25,1776049515000
1776049517.575,17.575,0.34,0.35,0.65,0.66,0.01,0.01,71093.88,1776049516000
1776049517.924,17.924,0.34,0.35,0.65,0.66,0.01,0.01,71093.88,1776049516000
1776049518.581,18.581,0.34,0.35,0.65,0.66,0.01,0.01,71093.37,1776049517000
1776049518.939,18.939,0.34,0.35,0.65,0.66,0.01,0.01,71093.37,1776049517000
1776049519.399,19.399,0.34,0.35,0.65,0.66,0.01,0.01,71093.22,1776049518000
1776049519.74,19.74,0.33,0.34,0.66,0.67,0.01,0.01,71093.22,1776049518000
1776049520.166,20.166,0.33,0.34,0.66,0.67,0.01,0.01,71093.22,1776049518000
1776049520.543,20.543,0.33,0.34,0.66,0.67,0.01,0.01,71091.59,1776049519000
1776049521.138,21.138,0.33,0.34,0.66,0.67,0.01,0.01,71090.83,1776049520000
1776049521.502,21.502,0.33,0.34,0.66,0.67,0.01,0.01,71090.83,1776049520000
1776049521.839,21.839,0.33,0.34,0.66,0.67,0.01,0.01,71090.83,1776049520000
1776049522.288,22.288,0.33,0.34,0.66,0.67,0.01,0.01,71089.44,1776049521000
1776049522.832,22.832,0.33,0.34,0.66,0.67,0.01,0.01,71089.44,1776049521000
1776049523.176,23.176,0.33,0.34,0.66,0.67,0.01,0.01,71089.18,1776049522000
1776049523.586,23.586,0.32,0.33,0.66,0.67,0.01,0.01,71089.18,1776049522000
1776049523.963,23.963,0.32,0.33,0.67,0.68,0.01,0.01,71089.15,1776049523000
1776049524.532,24.532,0.32,0.33,0.67,0.68,0.01,0.01,71089.15,1776049523000
1776049524.936,24.936,0.32,0.34,0.67,0.68,0.02,0.01,71089.15,1776049523000
1776049525.831,25.831,0.32,0.33,0.67,0.68,0.01,0.01,71088.95,1776049524000
1776049526.268,26.268,0.32,0.33,0.67,0.68,0.01,0.01,71088.95,1776049525000
1776049526.654,26.654,0.33,0.34,0.66,0.67,0.01,0.01,71088.95,1776049525000
1776049527.018,27.018,0.35,0.36,0.64,0.65,0.01,0.01,71088.75,1776049526000
1776049527.704,27.704,0.35,0.36,0.64,0.65,0.01,0.01,71088.75,1776049526000
1776049528.111,28.111,0.4,0.41,0.58,0.64,0.01,0.06,71088.41,1776049527000
1776049528.521,28.521,0.4,0.41,0.59,0.6,0.01,0.01,71088.41,1776049527000
1776049528.885,28.885,0.4,0.41,0.58,0.6,0.01,0.02,71088.41,1776049527000
1776049529.46,29.46,0.42,0.43,0.58,0.6,0.01,0.02,71091.49,1776049528000
1776049529.973,29.973,0.42,0.43,0.57,0.58,0.01,0.01,71091.49,1776049528000
1776049530.319,30.319,0.42,0.43,0.57,0.58,0.01,0.01,71099.25,1776049529000
1776049530.682,30.682,0.42,0.43,0.57,0.58,0.01,0.01,71099.25,1776049529000
1776049531.151,31.151,0.42,0.43,0.57,0.58,0.01,0.01,71099.25,1776049529000
1776049531.523,31.523,0.43,0.44,0.56,0.57,0.01,0.01,71105.12,1776049530000
1776049531.898,31.898,0.44,0.45,0.55,0.56,0.01,0.01,71105.12,1776049530000
1776049532.304,32.304,0.45,0.46,0.54,0.56,0.01,0.02,71105.89,1776049531000
1776049532.773,32.773,0.45,0.46,0.54,0.55,0.01,0.01,71105.89,1776049531000
1776049533.119,33.119,0.45,0.46,0.54,0.55,0.01,0.01,71105.89,1776049531000
1776049533.561,33.561,0.45,0.48,0.54,0.55,0.03,0.01,71110.53,1776049532000
1776049534.004,34.004,0.47,0.48,0.52,0.53,0.01,0.01,71110.53,1776049532000
1776049534.34,34.34,0.45,0.46,0.53,0.55,0.01,0.02,71110.53,1776049532000
1776049534.73,34.73,0.45,0.46,0.54,0.55,0.01,0.01,71112.47,1776049533000
1776049535.071,35.071,0.45,0.46,0.54,0.55,0.01,0.01,71112.47,1776049533000
1776049535.577,35.577,0.45,0.46,0.54,0.55,0.01,0.01,71113.18,1776049534000
1776049536.039,36.039,0.47,0.48,0.52,0.53,0.01,0.01,71113.18,1776049534000
1776049536.515,36.515,0.48,0.49,0.51,0.53,0.01,0.02,71112.14,1776049535000
1776049536.893,36.893,0.48,0.49,0.51,0.52,0.01,0.01,71112.14,1776049535000
1776049537.235,37.235,0.48,0.49,0.51,0.52,0.01,0.01,71112.14,1776049535000
1776049537.694,37.694,0.48,0.49,0.51,0.52,0.01,0.01,71111.64,1776049536000
1776049538.034,38.034,0.47,0.48,0.51,0.52,0.01,0.01,71111.64,1776049536000
1776049538.44,38.44,0.44,0.45,0.55,0.56,0.01,0.01,71116.88,1776049537000
1776049538.914,38.914,0.44,0.45,0.55,0.56,0.01,0.01,71116.88,1776049537000
1776049539.373,39.373,0.44,0.45,0.55,0.56,0.01,0.01,71115.88,1776049538000
1776049540.309,40.309,0.44,0.46,0.54,0.56,0.02,0.02,71113.37,1776049539000
1776049540.698,40.698,0.45,0.46,0.54,0.55,0.01,0.01,71113.37,1776049539000
1776049541.195,41.195,0.45,0.46,0.54,0.55,0.01,0.01,71113.37,1776049539000
1776049542.243,42.243,0.45,0.46,0.54,0.55,0.01,0.01,71112.25,1776049541000
1776049543.001,43.001,0.45,0.46,0.54,0.55,0.01,0.01,71112.25,1776049541000
1776049543.401,43.401,0.45,0.46,0.54,0.55,0.01,0.01,71112.49,1776049542000
1776049543.781,43.781,0.44,0.46,0.54,0.55,0.02,0.01,71112.49,1776049542000
1776049544.194,44.194,0.42,0.43,0.57,0.58,0.01,0.01,71112.49,1776049542000
1776049544.566,44.566,0.42,0.43,0.57,0.58,0.01,0.01,71113.07,1776049543000
1776049545.166,45.166,0.42,0.43,0.57,0.58,0.01,0.01,71113.07,1776049543000
1776049545.5,45.5,0.42,0.43,0.57,0.58,0.01,0.01,71113.07,1776049544000
1776049546.119,46.119,0.42,0.43,0.57,0.58,0.01,0.01,71113.07,1776049544000
1776049546.567,46.567,0.43,0.44,0.56,0.58,0.01,0.02,71111.47,1776049545000
1776049546.943,46.943,0.43,0.44,0.56,0.57,0.01,0.01,71111.47,1776049545000
1776049547.452,47.452,0.43,0.44,0.56,0.57,0.01,0.01,71111.47,1776049545000
1776049547.793,47.793,0.43,0.44,0.56,0.57,0.01,0.01,71111.47,1776049545000
1776049548.153,48.153,0.43,0.44,0.56,0.57,0.01,0.01,71110.26,1776049546000
1776049548.486,48.486,0.43,0.44,0.56,0.57,0.01,0.01,71110.13,1776049547000
1776049548.956,48.956,0.42,0.43,0.57,0.58,0.01,0.01,71110.25,1776049548000
1776049549.755,49.755,0.42,0.43,0.57,0.58,0.01,0.01,71110.25,1776049548000
1776049551.301,51.301,0.42,0.43,0.57,0.58,0.01,0.01,71109.91,1776049550000
1776049551.639,51.639,0.42,0.43,0.57,0.58,0.01,0.01,71109.91,1776049550000
1776049552.016,52.016,0.42,0.43,0.57,0.58,0.01,0.01,71109.91,1776049551000
1776049552.533,52.533,0.42,0.43,0.57,0.58,0.01,0.01,71109.91,1776049551000
1776049553.092,53.092,0.42,0.43,0.57,0.58,0.01,0.01,71109.91,1776049551000
1776049554.162,54.162,0.42,0.43,0.57,0.58,0.01,0.01,71109.69,1776049552000
1776049554.576,54.576,0.42,0.43,0.57,0.58,0.01,0.01,71110.07,1776049553000
1776049554.914,54.914,0.42,0.47,0.57,0.58,0.05,0.01,71110.07,1776049553000
1776049555.629,55.629,0.42,0.43,0.53,0.58,0.01,0.05,71110.07,1776049554000
1776049556.067,56.067,0.42,0.43,0.57,0.58,0.01,0.01,71110.07,1776049554000
1776049556.46,56.46,0.42,0.43,0.57,0.58,0.01,0.01,71110.07,1776049554000
1776049556.896,56.896,0.42,0.43,0.57,0.58,0.01,0.01,71110.48,1776049555000
1776049557.502,57.502,0.43,0.44,0.56,0.57,0.01,0.01,71110.48,1776049556000
1776049558.231,58.231,0.43,0.44,0.56,0.57,0.01,0.01,71108.78,1776049557000
1776049558.678,58.678,0.43,0.44,0.56,0.57,0.01,0.01,71108.78,1776049557000
1776049559.027,59.027,0.41,0.42,0.58,0.59,0.01,0.01,71108.78,1776049557000
1776049559.453,59.453,0.41,0.42,0.58,0.59,0.01,0.01,71108.78,1776049558000
1776049559.959,59.959,0.41,0.42,0.58,0.59,0.01,0.01,71108.78,1776049558000
1776049560.294,60.294,0.41,0.42,0.58,0.59,0.01,0.01,71108.77,1776049559000
1776049560.746,60.746,0.41,0.42,0.58,0.59,0.01,0.01,71108.77,1776049559000
1776049561.122,61.122,0.41,0.47,0.58,0.59,0.06,0.01,71108.77,1776049559000
1776049561.605,61.605,0.45,0.47,0.55,0.57,0.02,0.02,71108.78,1776049560000
1776049562.208,62.208,0.46,0.47,0.53,0.54,0.01,0.01,71108.78,1776049560000
1776049562.637,62.637,0.46,0.47,0.53,0.54,0.01,0.01,71108.78,1776049561000
1776049562.983,62.983,0.46,0.47,0.53,0.54,0.01,0.01,71108.81,1776049562000
1776049563.342,63.342,0.46,0.47,0.53,0.54,0.01,0.01,71108.81,1776049562000
1776049563.917,63.917,0.46,0.47,0.53,0.54,0.01,0.01,71109.39,1776049563000
1776049564.264,64.264,0.46,0.47,0.53,0.54,0.01,0.01,71109.39,1776049563000
1776049564.986,64.986,0.46,0.47,0.53,0.54,0.01,0.01,71109.97,1776049564000
1776049565.423,65.423,0.46,0.47,0.53,0.54,0.01,0.01,71109.97,1776049564000
1776049565.89,65.89,0.46,0.47,0.53,0.54,0.01,0.01,71109.97,1776049565000
1776049566.549,66.549,0.46,0.47,0.53,0.54,0.01,0.01,71109.97,1776049565000
1776049566.947,66.947,0.46,0.47,0.53,0.54,0.01,0.01,71110.38,1776049566000
1776049567.485,67.485,0.46,0.47,0.53,0.54,0.01,0.01,71110.38,1776049566000
1776049568.026,68.026,0.46,0.47,0.53,0.54,0.01,0.01,71110.88,1776049567000
1776049568.364,68.364,0.45,0.46,0.54,0.55,0.01,0.01,71110.88,1776049567000
1776049569.057,69.057,0.45,0.46,0.54,0.55,0.01,0.01,71110.88,1776049568000
1776049569.47,69.47,0.43,0.44,0.54,0.57,0.01,0.03,71110.88,1776049568000
1776049570.035,70.035,0.43,0.44,0.56,0.57,0.01,0.01,71111.28,1776049569000
1776049570.448,70.448,0.34,0.44,0.56,0.57,0.1,0.01,71111.28,1776049569000
1776049570.917,70.917,0.4,0.41,0.59,0.6,0.01,0.01,71111.28,1776049569000
1776049571.544,71.544,0.4,0.41,0.59,0.6,0.01,0.01,71110.12,1776049570000
1776049571.923,71.923,0.4,0.42,0.59,0.6,0.02,0.01,71110.12,1776049570000
1776049572.416,72.416,0.41,0.42,0.58,0.6,0.01,0.02,71109.85,1776049571000
1776049572.811,72.811,0.41,0.42,0.58,0.59,0.01,0.01,71109.85,1776049571000
1776049573.219,73.219,0.39,0.4,0.58,0.59,0.01,0.01,71110.36,1776049572000
1776049573.556,73.556,0.31,0.35,0.65,0.69,0.04,0.04,71110.36,1776049572000
1776049573.952,73.952,0.3,0.31,0.69,0.7,0.01,0.01,71110.36,1776049572000
1776049574.295,74.295,0.3,0.31,0.69,0.7,0.01,0.01,71110.21,1776049573000
1776049574.688,74.688,0.3,0.31,0.69,0.7,0.01,0.01,71110.21,1776049573000
1776049575.058,75.058,0.29,0.3,0.7,0.71,0.01,0.01,71110.21,1776049573000
1776049575.558,75.558,0.29,0.3,0.7,0.71,0.01,0.01,71100.19,1776049574000
1776049575.931,75.931,0.29,0.32,0.67,0.71,0.03,0.04,71100.19,1776049574000
1776049576.266,76.266,0.3,0.31,0.69,0.7,0.01,0.01,71100.19,1776049574000
1776049576.654,76.654,0.3,0.31,0.69,0.7,0.01,0.01,71090.0,1776049575000
1776049577.02,77.02,0.29,0.3,0.69,0.71,0.01,0.02,71090.0,1776049575000
1776049577.377,77.377,0.18,0.3,0.7,0.72,0.12,0.02,71088.93,1776049576000
1776049577.71,77.71,0.28,0.29,0.71,0.72,0.01,0.01,71088.93,1776049576000
1776049578.095,78.095,0.28,0.29,0.71,0.72,0.01,0.01,71088.93,1776049576000
1776049578.482,78.482,0.28,0.29,0.71,0.72,0.01,0.01,71088.93,1776049576000
1776049578.835,78.835,0.27,0.28,0.72,0.73,0.01,0.01,71087.27,1776049577000
1776049579.368,79.368,0.26,0.27,0.72,0.74,0.01,0.02,71087.27,1776049577000
1776049580.033,80.033,0.26,0.27,0.73,0.74,0.01,0.01,71087.01,1776049578000
1776049580.82,80.82,0.17,0.27,0.73,0.74,0.1,0.01,71086.3,1776049579000
1776049581.177,81.177,0.24,0.25,0.73,0.83,0.01,0.1,71086.3,1776049579000
1776049581.533,81.533,0.24,0.25,0.75,0.76,0.01,0.01,71086.3,1776049579000
1776049581.868,81.868,0.25,0.26,0.74,0.76,0.01,0.02,71086.27,1776049580000
1776049582.212,82.212,0.25,0.26,0.74,0.75,0.01,0.01,71087.0,1776049581000
1776049582.547,82.547,0.23,0.24,0.76,0.77,0.01,0.01,71087.0,1776049581000
1776049583.093,83.093,0.23,0.24,0.76,0.77,0.01,0.01,71087.0,1776049581000
1776049583.63,83.63,0.26,0.27,0.73,0.74,0.01,0.01,71087.0,1776049581000
1776049583.995,83.995,0.28,0.29,0.71,0.72,0.01,0.01,71086.9,1776049582000
1776049584.43,84.43,0.28,0.29,0.71,0.72,0.01,0.01,71086.9,1776049582000
1776049584.865,84.865,0.28,0.29,0.71,0.72,0.01,0.01,71082.61,1776049583000
1776049585.281,85.281,0.29,0.3,0.7,0.71,0.01,0.01,71082.61,1776049583000
1776049585.653,85.653,0.29,0.3,0.7,0.71,0.01,0.01,71082.46,1776049584000
1776049586.105,86.105,0.29,0.3,0.7,0.71,0.01,0.01,71082.46,1776049584000
1776049586.588,86.588,0.29,0.3,0.7,0.71,0.01,0.01,71082.46,1776049584000
1776049587.273,87.273,0.29,0.3,0.7,0.71,0.01,0.01,71083.21,1776049585000
1776049587.612,87.612,0.29,0.3,0.7,0.71,0.01,0.01,71083.28,1776049586000
1776049587.961,87.961,0.28,0.29,0.71,0.72,0.01,0.01,71083.28,1776049586000
1776049588.314,88.314,0.25,0.26,0.72,0.73,0.01,0.01,71083.84,1776049587000
1776049588.682,88.682,0.24,0.26,0.74,0.75,0.02,0.01,71083.84,1776049587000
1776049589.229,89.229,0.23,0.24,0.75,0.77,0.01,0.02,71083.84,1776049587000
1776049589.606,89.606,0.23,0.24,0.76,0.77,0.01,0.01,71083.84,1776049587000
1776049590.12,90.12,0.19,0.2,0.8,0.81,0.01,0.01,71082.68,1776049588000
1776049590.486,90.486,0.19,0.2,0.8,0.81,0.01,0.01,71082.67,1776049589000
1776049590.907,90.907,0.2,0.21,0.79,0.8,0.01,0.01,71082.67,1776049589000
1776049591.322,91.322,0.21,0.22,0.79,0.8,0.01,0.01,71082.37,1776049590000
1776049591.749,91.749,0.22,0.23,0.76,0.79,0.01,0.03,71082.37,1776049590000
1776049592.729,92.729,0.23,0.24,0.76,0.77,0.01,0.01,71082.12,1776049591000
1776049593.106,93.106,0.23,0.24,0.76,0.77,0.01,0.01,71082.12,1776049591000
1776049593.531,93.531,0.21,0.23,0.76,0.89,0.02,0.13,71082.12,1776049592000
1776049593.907,93.907,0.21,0.22,0.77,0.79,0.01,0.02,71082.12,1776049592000
1776049594.321,94.321,0.19,0.2,0.8,0.81,0.01,0.01,71082.12,1776049592000
1776049594.665,94.665,0.2,0.21,0.79,0.81,0.01,0.02,71082.12,1776049592000
1776049595.093,95.093,0.22,0.23,0.78,0.79,0.01,0.01,71081.96,1776049593000
1776049595.503,95.503,0.22,0.23,0.77,0.78,0.01,0.01,71081.95,1776049594000
1776049595.872,95.872,0.23,0.24,0.77,0.78,0.01,0.01,71081.95,1776049594000
1776049596.216,96.216,0.23,0.24,0.76,0.77,0.01,0.01,71077.26,1776049595000
1776049596.558,96.558,0.24,0.28,0.72,0.76,0.04,0.04,71077.26,1776049595000
1776049596.965,96.965,0.27,0.28,0.72,0.76,0.01,0.04,71077.26,1776049595000
1776049597.298,97.298,0.28,0.29,0.71,0.72,0.01,0.01,71077.26,1776049595000
1776049597.677,97.677,0.28,0.29,0.71,0.72,0.01,0.01,71076.66,1776049596000
1776049598.106,98.106,0.27,0.29,0.71,0.72,0.02,0.01,71077.34,1776049597000
1776049598.514,98.514,0.27,0.28,0.72,0.73,0.01,0.01,71077.34,1776049597000
1776049598.989,98.989,0.27,0.28,0.72,0.73,0.01,0.01,71077.34,1776049597000
1776049599.409,99.409,0.27,0.28,0.72,0.73,0.01,0.01,71085.08,1776049598000
1776049599.752,99.752,0.27,0.28,0.72,0.73,0.01,0.01,71085.08,1776049598000
1776049600.176,100.176,0.27,0.28,0.72,0.73,0.01,0.01,71082.17,1776049599000
1776049600.635,100.635,0.27,0.28,0.72,0.84,0.01,0.12,71082.17,1776049599000
1776049601.319,101.319,0.27,0.28,0.72,0.73,0.01,0.01,71082.17,1776049600000
1776049601.682,101.682,0.24,0.25,0.74,0.75,0.01,0.01,71082.17,1776049600000
1776049602.138,102.138,0.23,0.24,0.75,0.76,0.01,0.01,71082.18,1776049601000
1776049602.577,102.577,0.23,0.24,0.76,0.77,0.01,0.01,71082.18,1776049601000
1776049602.978,102.978,0.23,0.24,0.76,0.77,0.01,0.01,71082.21,1776049602000
1776049603.323,103.323,0.23,0.24,0.76,0.77,0.01,0.01,71082.21,1776049602000
1776049603.809,103.809,0.23,0.24,0.76,0.77,0.01,0.01,71082.21,1776049602000
1776049604.23,104.23,0.22,0.24,0.76,0.77,0.02,0.01,71080.23,1776049603000
1776049605.051,105.051,0.22,0.23,0.77,0.78,0.01,0.01,71080.23,1776049603000
1776049605.602,105.602,0.22,0.23,0.77,0.78,0.01,0.01,71079.82,1776049604000
1776049605.978,105.978,0.23,0.24,0.76,0.78,0.01,0.02,71079.82,1776049604000
1776049606.366,106.366,0.23,0.24,0.76,0.77,0.01,0.01,71078.97,1776049605000
1776049606.749,106.749,0.23,0.24,0.75,0.77,0.01,0.02,71078.97,1776049605000
1776049607.163,107.163,0.22,0.24,0.76,0.77,0.02,0.01,71078.98,1776049606000
1776049607.676,107.676,0.2,0.21,0.77,0.88,0.01,0.11,71078.98,1776049606000
1776049608.014,108.014,0.16,0.17,0.79,0.84,0.01,0.05,71078.99,1776049607000
1776049608.403,108.403,0.17,0.18,0.82,0.84,0.01,0.02,71078.99,1776049607000
1776049608.904,108.904,0.17,0.18,0.82,0.83,0.01,0.01,71078.99,1776049607000
1776049609.333,109.333,0.17,0.18,0.82,0.83,0.01,0.01,71078.6,1776049608000
1776049609.815,109.815,0.17,0.18,0.82,0.83,0.01,0.01,71078.6,1776049608000
1776049610.201,110.201,0.17,0.22,0.82,0.83,0.05,0.01,71074.81,1776049609000
1776049610.993,110.993,0.21,0.22,0.78,0.79,0.01,0.01,71073.51,1776049610000
1776049611.328,111.328,0.27,0.3,0.7,0.73,0.03,0.03,71073.51,1776049610000
1776049611.697,111.697,0.32,0.34,0.66,0.68,0.02,0.02,71073.51,1776049610000
1776049612.126,112.126,0.33,0.35,0.65,0.67,0.02,0.02,71073.52,1776049611000
1776049612.466,112.466,0.34,0.35,0.65,0.66,0.01,0.01,71073.52,1776049611000
1776049613.05,113.05,0.34,0.35,0.65,0.66,0.01,0.01,71073.52,1776049611000
1776049613.384,113.384,0.34,0.35,0.65,0.66,0.01,0.01,71091.23,1776049612000
1776049613.719,113.719,0.34,0.35,0.65,0.66,0.01,0.01,71091.23,1776049612000
1776049614.079,114.079,0.34,0.35,0.65,0.66,0.01,0.01,71091.23,1776049612000
1776049614.419,114.419,0.34,0.35,0.65,0.66,0.01,0.01,71094.82,1776049613000
1776049614.754,114.754,0.34,0.35,0.65,0.66,0.01,0.01,71094.82,1776049613000
1776049615.091,115.091,0.34,0.35,0.65,0.66,0.01,0.01,71094.82,1776049613000
1776049615.629,115.629,0.34,0.35,0.65,0.66,0.01,0.01,71095.43,1776049614000
1776049615.969,115.969,0.34,0.35,0.65,0.66,0.01,0.01,71095.43,1776049614000
1776049616.399,116.399,0.34,0.35,0.65,0.66,0.01,0.01,71095.77,1776049615000
1776049616.754,116.754,0.34,0.35,0.65,0.66,0.01,0.01,71095.77,1776049615000
1776049617.186,117.186,0.34,0.35,0.65,0.66,0.01,0.01,71095.77,1776049615000
1776049617.613,117.613,0.34,0.35,0.65,0.66,0.01,0.01,71095.81,1776049616000
1776049618.446,118.446,0.34,0.35,0.65,0.66,0.01,0.01,71095.75,1776049617000
1776049618.784,118.784,0.34,0.35,0.65,0.66,0.01,0.01,71095.75,1776049617000
1776049619.158,119.158,0.34,0.35,0.65,0.66,0.01,0.01,71095.61,1776049618000
1776049619.674,119.674,0.34,0.35,0.65,0.66,0.01,0.01,71095.61,1776049618000
1776049620.043,120.043,0.34,0.35,0.65,0.66,0.01,0.01,71095.11,1776049619000
1776049620.388,120.388,0.34,0.35,0.65,0.66,0.01,0.01,71095.11,1776049619000
1776049620.817,120.817,0.34,0.35,0.65,0.66,0.01,0.01,71095.11,1776049619000
1776049621.176,121.176,0.33,0.34,0.66,0.67,0.01,0.01,71094.38,1776049620000
1776049621.683,121.683,0.35,0.36,0.64,0.66,0.01,0.02,71094.38,1776049620000
1776049622.188,122.188,0.35,0.36,0.64,0.65,0.01,0.01,71094.38,1776049620000
1776049622.615,122.615,0.35,0.36,0.64,0.65,0.01,0.01,71094.26,1776049621000
1776049622.958,122.958,0.35,0.36,0.64,0.65,0.01,0.01,71093.28,1776049622000
1776049623.608,123.608,0.35,0.36,0.64,0.65,0.01,0.01,71093.28,1776049622000
1776049624.001,124.001,0.35,0.36,0.64,0.65,0.01,0.01,71092.34,1776049623000
1776049624.395,124.395,0.35,0.36,0.64,0.65,0.01,0.01,71092.34,1776049623000
1776049624.857,124.857,0.35,0.36,0.64,0.65,0.01,0.01,71092.34,1776049623000
1776049625.477,125.477,0.35,0.36,0.64,0.65,0.01,0.01,71092.28,1776049624000
1776049625.82,125.82,0.35,0.36,0.64,0.65,0.01,0.01,71092.28,1776049624000
1776049626.207,126.207,0.35,0.36,0.64,0.65,0.01,0.01,71092.27,1776049625000
1776049626.601,126.601,0.35,0.36,0.64,0.65,0.01,0.01,71092.27,1776049625000
1776049627.146,127.146,0.35,0.36,0.64,0.65,0.01,0.01,71092.28,1776049626000
1776049627.8,127.8,0.35,0.36,0.64,0.65,0.01,0.01,71092.28,1776049626000
1776049628.158,128.158,0.35,0.36,0.64,0.65,0.01,0.01,71092.28,1776049627000
1776049629.046,129.046,0.35,0.36,0.64,0.65,0.01,0.01,71092.28,1776049627000
1776049629.807,129.807,0.35,0.36,0.64,0.65,0.01,0.01,71092.28,1776049628000
1776049630.17,130.17,0.32,0.33,0.67,0.68,0.01,0.01,71092.28,1776049628000
1776049630.666,130.666,0.32,0.33,0.67,0.68,0.01,0.01,71092.29,1776049629000
1776049631.14,131.14,0.32,0.33,0.67,0.68,0.01,0.01,71092.29,1776049630000
1776049631.917,131.917,0.32,0.33,0.67,0.68,0.01,0.01,71092.29,1776049631000
1776049632.295,132.295,0.32,0.33,0.67,0.68,0.01,0.01,71092.29,1776049631000
1776049632.63,132.63,0.32,0.33,0.67,0.68,0.01,0.01,71092.29,1776049631000
1776049632.964,132.964,0.32,0.33,0.67,0.68,0.01,0.01,71092.28,1776049632000
1776049633.515,133.515,0.31,0.32,0.67,0.69,0.01,0.02,71092.28,1776049632000
1776049633.917,133.917,0.31,0.32,0.68,0.69,0.01,0.01,71092.28,1776049632000
1776049634.39,134.39,0.31,0.33,0.68,0.69,0.02,0.01,71092.28,1776049633000
1776049635.119,135.119,0.32,0.33,0.67,0.68,0.01,0.01,71091.99,1776049634000
1776049635.538,135.538,0.32,0.33,0.67,0.68,0.01,0.01,71091.99,1776049634000
1776049635.957,135.957,0.32,0.33,0.67,0.68,0.01,0.01,71092.08,1776049635000
1776049636.549,136.549,0.32,0.33,0.67,0.68,0.01,0.01,71092.08,1776049635000
1776049637.088,137.088,0.32,0.33,0.67,0.68,0.01,0.01,71091.99,1776049636000
1776049637.546,137.546,0.32,0.33,0.67,0.68,0.01,0.01,71091.99,1776049636000
1776049638.019,138.019,0.32,0.33,0.67,0.68,0.01,0.01,71091.99,1776049636000
1776049638.469,138.469,0.31,0.32,0.67,0.68,0.01,0.01,71092.2,1776049637000
1776049638.961,138.961,0.31,0.32,0.68,0.69,0.01,0.01,71092.2,1776049637000
1776049639.533,139.533,0.31,0.32,0.68,0.69,0.01,0.01,71092.2,1776049638000
1776049639.868,139.868,0.31,0.32,0.68,0.69,0.01,0.01,71092.2,1776049638000
1776049640.371,140.371,0.31,0.32,0.68,0.69,0.01,0.01,71092.33,1776049639000
1776049640.723,140.723,0.31,0.32,0.68,0.69,0.01,0.01,71092.33,1776049639000
1776049641.437,141.437,0.31,0.32,0.68,0.69,0.01,0.01,71092.45,1776049640000
1776049641.931,141.931,0.3,0.31,0.68,0.7,0.01,0.02,71092.45,1776049640000
1776049642.524,142.524,0.3,0.31,0.69,0.7,0.01,0.01,71092.4,1776049641000
1776049642.874,142.874,0.29,0.3,0.7,0.71,0.01,0.01,71092.4,1776049641000
1776049643.304,143.304,0.27,0.28,0.7,0.73,0.01,0.03,71092.05,1776049642000
1776049643.672,143.672,0.27,0.28,0.72,0.73,0.01,0.01,71092.05,1776049642000
1776049644.239,144.239,0.27,0.28,0.72,0.73,0.01,0.01,71092.05,1776049643000
1776049645.242,145.242,0.27,0.28,0.72,0.73,0.01,0.01,71091.96,1776049644000
1776049645.845,145.845,0.27,0.28,0.72,0.73,0.01,0.01,71091.96,1776049644000
1776049646.293,146.293,0.27,0.28,0.72,0.73,0.01,0.01,71091.96,1776049645000
1776049646.749,146.749,0.27,0.28,0.72,0.73,0.01,0.01,71091.96,1776049645000
1776049647.247,147.247,0.27,0.28,0.72,0.73,0.01,0.01,71091.96,1776049645000
1776049647.58,147.58,0.33,0.35,0.65,0.67,0.02,0.02,71091.95,1776049646000
1776049648.13,148.13,0.38,0.4,0.61,0.62,0.02,0.01,71091.95,1776049646000
1776049648.516,148.516,0.38,0.39,0.61,0.63,0.01,0.02,71091.95,1776049646000
1776049649.022,149.022,0.38,0.39,0.61,0.62,0.01,0.01,71091.29,1776049647000
1776049649.496,149.496,0.37,0.39,0.61,0.62,0.02,0.01,71098.38,1776049648000
1776049649.831,149.831,0.34,0.35,0.65,0.66,0.01,0.01,71098.38,1776049648000
1776049650.213,150.213,0.32,0.33,0.67,0.68,0.01,0.01,71106.34,1776049649000
1776049650.749,150.749,0.32,0.33,0.67,0.68,0.01,0.01,71106.34,1776049649000
1776049651.215,151.215,0.32,0.33,0.67,0.68,0.01,0.01,71108.12,1776049650000
1776049651.602,151.602,0.32,0.33,0.67,0.68,0.01,0.01,71108.12,1776049650000
1776049651.992,151.992,0.32,0.33,0.67,0.68,0.01,0.01,71108.12,1776049650000
1776049653.015,153.015,0.32,0.33,0.67,0.68,0.01,0.01,71101.13,1776049652000
1776049653.405,153.405,0.32,0.33,0.67,0.68,0.01,0.01,71101.13,1776049652000
1776049653.881,153.881,0.32,0.33,0.67,0.68,0.01,0.01,71101.13,1776049652000
1776049654.221,154.221,0.29,0.3,0.7,0.71,0.01,0.01,71100.88,1776049653000
1776049654.649,154.649,0.27,0.28,0.72,0.73,0.01,0.01,71100.88,1776049653000
1776049655.049,155.049,0.27,0.28,0.72,0.73,0.01,0.01,71100.88,1776049654000
1776049655.477,155.477,0.27,0.28,0.72,0.73,0.01,0.01,71100.88,1776049654000
1776049655.865,155.865,0.26,0.27,0.72,0.73,0.01,0.01,71100.88,1776049654000
1776049656.226,156.226,0.25,0.27,0.73,0.74,0.02,0.01,71097.5,1776049655000
1776049656.712,156.712,0.25,0.26,0.74,0.75,0.01,0.01,71097.5,1776049655000
1776049657.05,157.05,0.25,0.26,0.74,0.75,0.01,0.01,71095.93,1776049656000
1776049657.438,157.438,0.24,0.26,0.74,0.75,0.02,0.01,71095.93,1776049656000
1776049657.922,157.922,0.24,0.25,0.75,0.76,0.01,0.01,71095.93,1776049656000
1776049658.33,158.33,0.21,0.25,0.75,0.76,0.04,0.01,71095.11,1776049657000
1776049658.879,158.879,0.22,0.23,0.77,0.78,0.01,0.01,71095.11,1776049657000
1776049659.257,159.257,0.22,0.23,0.77,0.79,0.01,0.02,71093.19,1776049658000
1776049659.644,159.644,0.22,0.23,0.77,0.78,0.01,0.01,71093.19,1776049658000
1776049660.01,160.01,0.22,0.23,0.77,0.78,0.01,0.01,71092.83,1776049659000
1776049660.488,160.488,0.23,0.24,0.76,0.77,0.01,0.01,71092.83,1776049659000
1776049660.903,160.903,0.24,0.25,0.75,0.76,0.01,0.01,71092.83,1776049659000
1776049661.289,161.289,0.25,0.26,0.74,0.75,0.01,0.01,71090.96,1776049660000
1776049661.735,161.735,0.25,0.26,0.74,0.75,0.01,0.01,71090.96,1776049660000
1776049662.919,162.919,0.23,0.26,0.74,0.75,0.03,0.01,71090.82,1776049661000
1776049663.256,163.256,0.19,0.2,0.79,0.81,0.01,0.02,71090.92,1776049662000
1776049663.602,163.602,0.19,0.2,0.8,0.81,0.01,0.01,71090.92,1776049662000
1776049664.033,164.033,0.19,0.2,0.8,0.81,0.01,0.01,71090.92,1776049662000
1776049664.425,164.425,0.19,0.21,0.8,0.81,0.02,0.01,71090.92,1776049662000
1776049664.949,164.949,0.2,0.21,0.79,0.81,0.01,0.02,71090.81,1776049663000
1776049665.364,165.364,0.2,0.21,0.79,0.8,0.01,0.01,71087.12,1776049664000
1776049665.712,165.712,0.11,0.21,0.79,0.8,0.1,0.01,71087.12,1776049664000
1776049666.092,166.092,0.18,0.19,0.79,0.89,0.01,0.1,71087.12,1776049664000
1776049666.663,166.663,0.18,0.19,0.81,0.82,0.01,0.01,71086.64,1776049665000
1776049667.191,167.191,0.18,0.19,0.81,0.82,0.01,0.01,71086.64,1776049665000
1776049668.139,168.139,0.18,0.19,0.81,0.82,0.01,0.01,71084.85,1776049667000
1776049668.523,168.523,0.18,0.19,0.81,0.82,0.01,0.01,71084.85,1776049667000
1776049668.9,168.9,0.18,0.19,0.81,0.82,0.01,0.01,71084.85,1776049667000
1776049669.272,169.272,0.16,0.17,0.83,0.84,0.01,0.01,71084.85,1776049667000
1776049670.044,170.044,0.16,0.17,0.83,0.84,0.01,0.01,71084.38,1776049668000
1776049670.503,170.503,0.16,0.17,0.83,0.84,0.01,0.01,71084.38,1776049669000
1776049670.953,170.953,0.16,0.17,0.83,0.91,0.01,0.08,71084.38,1776049669000
1776049671.383,171.383,0.16,0.17,0.83,0.84,0.01,0.01,71084.38,1776049669000
1776049671.741,171.741,0.14,0.15,0.85,0.86,0.01,0.01,71084.38,1776049670000
1776049672.132,172.132,0.12,0.13,0.86,0.88,0.01,0.02,71084.38,1776049670000
1776049672.465,172.465,0.12,0.13,0.87,0.88,0.01,0.01,71084.38,1776049671000
1776049672.865,172.865,0.08,0.09,0.91,0.92,0.01,0.01,71084.38,1776049671000
1776049673.333,173.333,0.08,0.09,0.91,0.92,0.01,0.01,71084.38,1776049672000
1776049673.696,173.696,0.08,0.09,0.91,0.92,0.01,0.01,71084.38,1776049672000
1776049674.182,174.182,0.08,0.09,0.91,0.92,0.01,0.01,71084.38,1776049672000
1776049674.571,174.571,0.08,0.09,0.91,0.92,0.01,0.01,71078.91,1776049673000
1776049674.941,174.941,0.08,0.09,0.91,0.92,0.01,0.01,71078.91,1776049673000
1776049675.646,175.646,0.08,0.09,0.91,0.92,0.01,0.01,71078.07,1776049674000
1776049676.321,176.321,0.08,0.09,0.91,0.92,0.01,0.01,71078.07,1776049674000
1776049676.701,176.701,0.08,0.09,0.91,0.92,0.01,0.01,71078.07,1776049674000
1776049677.052,177.052,0.08,0.1,0.91,0.92,0.02,0.01,71074.4,1776049675000
1776049677.485,177.485,0.09,0.1,0.9,0.91,0.01,0.01,71074.4,1776049675000
1776049677.848,177.848,0.09,0.1,0.9,0.91,0.01,0.01,71074,1776049676000
1776049678.267,178.267,0.09,0.1,0.9,0.91,0.01,0.01,71074,1776049676000
1776049678.608,178.608,0.09,0.1,0.9,0.91,0.01,0.01,71073.96,1776049677000
1776049678.978,178.978,0.09,0.1,0.9,0.91,0.01,0.01,71073.96,1776049677000
1776049679.345,179.345,0.08,0.09,0.91,0.92,0.01,0.01,71073.97,1776049678000
1776049679.753,179.753,0.08,0.09,0.91,0.92,0.01,0.01,71073.97,1776049678000
1776049680.171,180.171,0.08,0.09,0.91,0.92,0.01,0.01,71073.97,1776049678000
1776049680.508,180.508,0.08,0.09,0.91,0.92,0.01,0.01,71073.97,1776049679000
1776049680.961,180.961,0.08,0.09,0.91,0.92,0.01,0.01,71073.97,1776049679000
1776049681.299,181.299,0.08,0.09,0.91,0.92,0.01,0.01,71073.97,1776049679000
1776049681.633,181.633,0.08,0.09,0.91,0.92,0.01,0.01,71073.97,1776049679000
1776049682.07,182.07,0.08,0.09,0.9,0.92,0.01,0.02,71073.99,1776049680000
1776049682.435,182.435,0.09,0.1,0.9,0.91,0.01,0.01,71073.99,1776049680000
1776049682.789,182.789,0.09,0.1,0.9,0.91,0.01,0.01,71073.99,1776049680000
1776049683.164,183.164,0.09,0.1,0.9,0.91,0.01,0.01,71073.99,1776049681000
1776049683.649,183.649,0.09,0.1,0.9,0.91,0.01,0.01,71073.99,1776049681000
1776049684.429,184.429,0.09,0.1,0.9,0.91,0.01,0.01,71074.01,1776049682000
1776049684.896,184.896,0.09,0.1,0.9,0.91,0.01,0.01,71074.01,1776049683000
1776049685.344,185.344,0.09,0.1,0.9,0.91,0.01,0.01,71074.01,1776049684000
1776049685.73,185.73,0.09,0.1,0.9,0.91,0.01,0.01,71074.01,1776049684000
1776049686.302,186.302,0.09,0.1,0.9,0.91,0.01,0.01,71074.01,1776049684000
1776049686.936,186.936,0.09,0.1,0.9,0.91,0.01,0.01,71074.01,1776049685000
1776049687.43,187.43,0.13,0.15,0.85,0.88,0.02,0.03,71074.18,1776049686000
1776049687.859,187.859,0.14,0.15,0.85,0.86,0.01,0.01,71074.18,1776049686000
1776049688.207,188.207,0.14,0.15,0.85,0.86,0.01,0.01,71074.04,1776049687000
1776049688.543,188.543,0.14,0.15,0.85,0.86,0.01,0.01,71074.04,1776049687000
1776049688.892,188.892,0.14,0.15,0.85,0.86,0.01,0.01,71074.04,1776049687000
1776049689.301,189.301,0.14,0.15,0.85,0.86,0.01,0.01,71074.04,1776049687000
1776049689.636,189.636,0.14,0.15,0.85,0.86,0.01,0.01,71079.97,1776049688000
1776049689.995,189.995,0.14,0.15,0.85,0.86,0.01,0.01,71081.96,1776049689000
1776049690.419,190.419,0.14,0.15,0.85,0.86,0.01,0.01,71081.96,1776049689000
1776049690.827,190.827,0.17,0.18,0.82,0.83,0.01,0.01,71081.96,1776049689000
1776049691.222,191.222,0.17,0.18,0.82,0.83,0.01,0.01,71082.67,1776049690000
1776049691.639,191.639,0.17,0.18,0.82,0.83,0.01,0.01,71082.67,1776049690000
1776049692.166,192.166,0.17,0.18,0.82,0.83,0.01,0.01,71082.67,1776049690000
1776049692.537,192.537,0.17,0.18,0.82,0.83,0.01,0.01,71082.67,1776049690000
1776049692.957,192.957,0.17,0.18,0.82,0.83,0.01,0.01,71085.54,1776049691000
1776049693.995,193.995,0.17,0.18,0.82,0.83,0.01,0.01,71086.83,1776049692000
1776049694.443,194.443,0.17,0.18,0.82,0.83,0.01,0.01,71087.42,1776049693000
1776049694.791,194.791,0.16,0.18,0.82,0.83,0.02,0.01,71087.42,1776049693000
1776049695.179,195.179,0.16,0.17,0.83,0.84,0.01,0.01,71087.59,1776049694000
1776049695.803,195.803,0.16,0.18,0.83,0.84,0.02,0.01,71087.59,1776049694000
1776049696.142,196.142,0.18,0.19,0.8,0.83,0.01,0.03,71087.59,1776049694000
1776049696.565,196.565,0.18,0.19,0.81,0.82,0.01,0.01,71087.71,1776049695000
1776049696.957,196.957,0.18,0.19,0.81,0.82,0.01,0.01,71087.71,1776049696000
1776049697.399,197.399,0.18,0.19,0.81,0.82,0.01,0.01,71087.71,1776049696000
1776049697.793,197.793,0.18,0.22,0.81,0.82,0.04,0.01,71087.71,1776049696000
1776049698.315,198.315,0.19,0.2,0.79,0.8,0.01,0.01,71087.71,1776049696000
1776049698.655,198.655,0.19,0.2,0.8,0.81,0.01,0.01,71086.9,1776049697000
1776049699.263,199.263,0.19,0.2,0.8,0.81,0.01,0.01,71086.9,1776049697000
1776049699.948,199.948,0.19,0.2,0.8,0.81,0.01,0.01,71087.18,1776049698000
1776049700.304,200.304,0.15,0.2,0.81,0.86,0.05,0.05,71087.25,1776049699000
1776049700.74,200.74,0.15,0.16,0.84,0.85,0.01,0.01,71087.25,1776049699000
1776049701.237,201.237,0.15,0.16,0.84,0.85,0.01,0.01,71087.25,1776049699000
1776049701.858,201.858,0.15,0.16,0.84,0.85,0.01,0.01,71086.47,1776049700000
1776049702.354,202.354,0.15,0.16,0.84,0.85,0.01,0.01,71086.47,1776049700000
1776049702.734,202.734,0.13,0.14,0.84,0.91,0.01,0.07,71083.15,1776049701000
1776049703.07,203.07,0.13,0.14,0.86,0.87,0.01,0.01,71081.84,1776049702000
1776049704.043,204.043,0.13,0.14,0.86,0.87,0.01,0.01,71081.84,1776049702000
1776049704.445,204.445,0.13,0.14,0.86,0.87,0.01,0.01,71081.48,1776049703000
1776049704.934,204.934,0.13,0.14,0.86,0.87,0.01,0.01,71081.48,1776049703000
1776049705.454,205.454,0.13,0.14,0.86,0.87,0.01,0.01,71081.16,1776049704000
1776049705.896,205.896,0.13,0.15,0.85,0.86,0.02,0.01,71081.16,1776049704000
1776049706.422,206.422,0.13,0.15,0.85,0.87,0.02,0.02,71081.16,1776049704000
1776049707.223,207.223,0.13,0.15,0.85,0.87,0.02,0.02,71084.57,1776049706000
1776049707.605,207.605,0.14,0.15,0.85,0.86,0.01,0.01,71084.57,1776049706000
1776049708.056,208.056,0.14,0.15,0.85,0.86,0.01,0.01,71084.57,1776049706000
1776049708.492,208.492,0.14,0.15,0.85,0.86,0.01,0.01,71084.95,1776049707000
1776049708.985,208.985,0.12,0.13,0.85,0.86,0.01,0.01,71084.95,1776049707000
1776049709.557,209.557,0.12,0.13,0.87,0.88,0.01,0.01,71085.12,1776049708000
1776049710.23,210.23,0.11,0.12,0.88,0.89,0.01,0.01,71085.12,1776049708000
1776049710.58,210.58,0.11,0.12,0.88,0.89,0.01,0.01,71085.12,1776049708000
1776049710.925,210.925,0.11,0.12,0.88,0.89,0.01,0.01,71084.56,1776049709000
1776049711.536,211.536,0.11,0.12,0.88,0.89,0.01,0.01,71084.56,1776049709000
1776049711.938,211.938,0.11,0.12,0.88,0.89,0.01,0.01,71083.34,1776049710000
1776049712.333,212.333,0.11,0.12,0.88,0.89,0.01,0.01,71082.73,1776049711000
1776049712.774,212.774,0.11,0.12,0.88,0.89,0.01,0.01,71082.73,1776049711000
1776049713.574,213.574,0.11,0.12,0.88,0.89,0.01,0.01,71082.73,1776049712000
1776049713.992,213.992,0.11,0.12,0.88,0.89,0.01,0.01,71082.73,1776049712000
1776049714.346,214.346,0.11,0.12,0.88,0.89,0.01,0.01,71082.73,1776049712000
1776049715.089,215.089,0.11,0.12,0.88,0.89,0.01,0.01,71082.81,1776049714000
1776049715.424,215.424,0.11,0.12,0.88,0.89,0.01,0.01,71082.81,1776049714000
1776049716.534,216.534,0.11,0.12,0.88,0.89,0.01,0.01,71082.81,1776049715000
1776049717.043,217.043,0.11,0.12,0.88,0.89,0.01,0.01,71082.81,1776049716000
1776049717.778,217.778,0.12,0.13,0.87,0.88,0.01,0.01,71082.81,1776049716000
1776049718.28,218.28,0.12,0.13,0.87,0.88,0.01,0.01,71082.8,1776049717000
1776049718.684,218.684,0.12,0.13,0.86,0.88,0.01,0.02,71082.8,1776049717000
1776049719.283,219.283,0.12,0.14,0.84,0.88,0.02,0.04,71082.8,1776049718000
1776049719.639,219.639,0.1,0.11,0.88,0.9,0.01,0.02,71082.8,1776049718000
1776049719.998,219.998,0.1,0.11,0.89,0.9,0.01,0.01,71080.74,1776049719000
1776049720.586,220.586,0.04,0.11,0.89,0.9,0.07,0.01,71080.74,1776049719000
1776049720.929,220.929,0.07,0.08,0.92,0.93,0.01,0.01,71080.74,1776049719000
1776049721.316,221.316,0.07,0.08,0.92,0.93,0.01,0.01,71078.53,1776049720000
1776049721.745,221.745,0.07,0.08,0.92,0.93,0.01,0.01,71078.53,1776049720000
1776049722.078,222.078,0.07,0.08,0.92,0.93,0.01,0.01,71075.18,1776049721000
1776049722.48,222.48,0.07,0.08,0.92,0.93,0.01,0.01,71075.18,1776049721000
1776049723.055,223.055,0.07,0.08,0.92,0.93,0.01,0.01,71075.18,1776049721000
1776049723.67,223.67,0.07,0.08,0.92,0.93,0.01,0.01,71074.06,1776049722000
1776049724.052,224.052,0.07,0.08,0.92,0.93,0.01,0.01,71074.2,1776049723000
1776049724.387,224.387,0.08,0.09,0.91,0.92,0.01,0.01,71074.2,1776049723000
1776049724.869,224.869,0.08,0.09,0.91,0.92,0.01,0.01,71074.2,1776049723000
1776049725.243,225.243,0.08,0.09,0.91,0.92,0.01,0.01,71074.2,1776049724000
1776049725.583,225.583,0.08,0.09,0.91,0.92,0.01,0.01,71074.2,1776049724000
1776049725.956,225.956,0.05,0.08,0.92,0.93,0.03,0.01,71074.2,1776049725000
1776049726.325,226.325,0.07,0.08,0.92,0.93,0.01,0.01,71074.2,1776049725000
1776049726.67,226.67,0.08,0.09,0.92,0.93,0.01,0.01,71074.2,1776049725000
1776049727.075,227.075,0.09,0.1,0.9,0.91,0.01,0.01,71072.02,1776049726000
1776049727.429,227.429,0.04,0.05,0.9,0.97,0.01,0.07,71072.02,1776049726000
1776049727.861,227.861,0.06,0.07,0.93,0.94,0.01,0.01,71071.85,1776049727000
1776049728.246,228.246,0.07,0.08,0.92,0.93,0.01,0.01,71071.85,1776049727000
1776049728.79,228.79,0.07,0.08,0.92,0.93,0.01,0.01,71071.85,1776049727000
1776049729.35,229.35,0.07,0.08,0.92,0.93,0.01,0.01,71071.85,1776049727000
1776049729.903,229.903,0.07,0.08,0.92,0.93,0.01,0.01,71071.63,1776049728000
1776049730.936,230.936,0.07,0.08,0.92,0.93,0.01,0.01,71071.63,1776049729000
1776049731.443,231.443,0.07,0.08,0.92,0.93,0.01,0.01,71071.63,1776049730000
1776049731.784,231.784,0.06,0.07,0.93,0.94,0.01,0.01,71071.63,1776049730000
1776049732.124,232.124,0.05,0.07,0.93,0.95,0.02,0.02,71071.65,1776049731000
1776049732.487,232.487,0.04,0.05,0.94,0.96,0.01,0.02,71071.65,1776049731000
1776049732.867,232.867,0.04,0.05,0.95,0.96,0.01,0.01,71071.65,1776049731000
1776049733.412,233.412,0.04,0.05,0.95,0.96,0.01,0.01,71071.66,1776049732000
1776049733.766,233.766,0.02,0.03,0.97,0.98,0.01,0.01,71071.66,1776049732000
1776049734.112,234.112,0.02,0.03,0.97,0.98,0.01,0.01,71071.66,1776049732000
1776049734.452,234.452,0.02,0.03,0.97,0.98,0.01,0.01,71067.91,1776049733000
1776049734.815,234.815,0.02,0.03,0.97,0.98,0.01,0.01,71067.91,1776049733000
1776049735.186,235.186,0.02,0.03,0.97,0.98,0.01,0.01,71067.91,1776049733000
1776049735.523,235.523,0.02,0.03,0.97,0.98,0.01,0.01,71065.37,1776049734000
1776049735.934,235.934,0.03,0.04,0.96,0.97,0.01,0.01,71065.37,1776049734000
1776049736.361,236.361,0.03,0.04,0.92,0.97,0.01,0.05,71056.36,1776049735000
1776049736.739,236.739,0.04,0.05,0.95,0.97,0.01,0.02,71056.36,1776049735000
1776049737.133,237.133,0.03,0.04,0.95,0.99,0.01,0.04,71056.36,1776049735000
1776049737.472,237.472,0.04,0.05,0.96,0.97,0.01,0.01,71054.07,1776049736000
1776049737.806,237.806,0.03,0.04,0.96,0.97,0.01,0.01,71054.07,1776049736000
1776049738.151,238.151,0.03,0.05,0.96,0.97,0.02,0.01,71054.07,1776049736000
1776049738.55,238.55,0.04,0.05,0.96,0.97,0.01,0.01,71053.51,1776049737000
1776049739.031,239.031,0.04,0.05,0.95,0.96,0.01,0.01,71053.51,1776049737000
1776049739.378,239.378,0.03,0.04,0.96,0.97,0.01,0.01,71053.51,1776049737000
1776049739.73,239.73,0.03,0.04,0.96,0.97,0.01,0.01,71053.39,1776049738000
1776049740.067,240.067,0.02,0.03,0.97,0.98,0.01,0.01,71053.39,1776049738000
1776049740.427,240.427,0.02,0.03,0.97,0.98,0.01,0.01,71052.69,1776049739000
1776049740.775,240.775,0.02,0.03,0.97,0.98,0.01,0.01,71052.69,1776049739000
1776049741.191,241.191,0.02,0.03,0.97,0.98,0.01,0.01,71052.69,1776049739000
1776049741.533,241.533,0.02,0.03,0.97,0.98,0.01,0.01,71052.55,1776049740000
1776049741.869,241.869,0.02,0.03,0.97,0.98,0.01,0.01,71052.55,1776049740000
1776049742.215,242.215,0.02,0.03,0.97,0.98,0.01,0.01,71051.11,1776049741000
1776049742.685,242.685,0.02,0.03,0.97,0.99,0.01,0.02,71051.11,1776049741000
1776049743.031,243.031,0.01,0.03,0.96,0.97,0.02,0.01,71051.11,1776049741000
1776049743.438,243.438,0.01,0.02,0.97,0.98,0.01,0.01,71048.89,1776049742000
1776049743.791,243.791,0.01,0.02,0.98,0.99,0.01,0.01,71048.89,1776049742000
1776049744.133,244.133,0.01,0.02,0.98,0.99,0.01,0.01,71048.89,1776049742000
1776049744.48,244.48,0.02,0.03,0.97,0.98,0.01,0.01,71047.78,1776049743000
1776049744.913,244.913,0.01,0.03,0.97,0.98,0.02,0.01,71047.78,1776049743000
1776049745.248,245.248,0.01,0.02,0.97,0.98,0.01,0.01,71045.58,1776049744000
1776049745.879,245.879,0.02,0.03,0.97,0.98,0.01,0.01,71045.58,1776049744000
1776049746.299,246.299,0.02,0.03,0.97,0.98,0.01,0.01,71045.36,1776049745000
1776049746.716,246.716,0.02,0.03,0.97,0.98,0.01,0.01,71045.36,1776049745000
1776049747.136,247.136,0.02,0.03,0.97,0.98,0.01,0.01,71047.35,1776049746000
1776049747.515,247.515,0.01,0.02,0.97,0.99,0.01,0.02,71047.35,1776049746000
1776049747.992,247.992,0.01,0.02,0.98,0.99,0.01,0.01,71047.35,1776049746000
1776049748.573,248.573,0.01,0.02,0.98,0.99,0.01,0.01,71047.35,1776049747000
1776049748.979,248.979,0.02,0.03,0.97,0.98,0.01,0.01,71047.35,1776049747000
1776049749.624,249.624,0.01,0.02,0.97,0.99,0.01,0.02,71047.35,1776049748000
1776049750.157,250.157,0.01,0.02,0.98,0.99,0.01,0.01,71047.53,1776049749000
1776049750.781,250.781,0.01,0.02,0.98,0.99,0.01,0.01,71047.53,1776049749000
1776049751.118,251.118,0.01,0.02,0.98,0.99,0.01,0.01,71047.67,1776049750000
1776049751.464,251.464,0.01,0.03,0.97,0.99,0.02,0.02,71047.67,1776049750000
1776049751.818,251.818,0.02,0.03,0.97,0.98,0.01,0.01,71047.67,1776049750000
1776049752.161,252.161,0.02,0.03,0.97,0.98,0.01,0.01,71047.68,1776049751000
1776049752.555,252.555,0.02,0.03,0.97,0.98,0.01,0.01,71047.68,1776049751000
1776049753.183,253.183,0.02,0.03,0.97,0.98,0.01,0.01,71047.68,1776049752000
1776049753.562,253.562,0.01,0.02,0.97,0.99,0.01,0.02,71047.68,1776049752000
1776049754.11,254.11,0.01,0.02,0.98,0.99,0.01,0.01,71047.68,1776049753000
1776049754.729,254.729,0.01,0.02,0.98,0.99,0.01,0.01,71047.68,1776049753000
1776049755.073,255.073,0.01,0.02,0.97,0.99,0.01,0.02,71047.68,1776049753000
1776049755.44,255.44,0.01,0.03,0.97,0.99,0.02,0.02,71048.34,1776049754000
1776049755.782,255.782,0.01,0.02,0.98,0.99,0.01,0.01,71048.34,1776049754000
1776049756.335,256.335,0.01,0.02,0.98,0.99,0.01,0.01,71048.34,1776049754000
1776049756.896,256.896,0.02,0.03,0.97,0.99,0.01,0.02,71048.34,1776049754000
1776049757.38,257.38,0.01,0.02,0.98,0.99,0.01,0.01,71048.34,1776049755000
1776049757.813,257.813,0.01,0.02,0.98,0.99,0.01,0.01,71047.68,1776049756000
1776049758.147,258.147,0.01,0.03,0.97,0.98,0.02,0.01,71047.68,1776049756000
1776049758.586,258.586,0.01,0.03,0.98,0.99,0.02,0.01,71047.68,1776049757000
1776049758.96,258.96,0.01,0.02,0.97,0.99,0.01,0.02,71047.68,1776049757000
1776049759.464,259.464,0.01,0.02,0.98,0.99,0.01,0.01,71047.29,1776049758000
1776049759.816,259.816,0.02,0.03,0.97,0.98,0.01,0.01,71047.29,1776049758000
1776049760.382,260.382,0.02,0.03,0.97,0.98,0.01,0.01,71047.29,1776049759000
1776049760.998,260.998,0.02,0.01,0.98,0.98,-0.01,0.0,71047.29,1776049759000
1776049761.366,261.366,0.02,0.01,0.99,0.98,-0.01,-0.01,71047.48,1776049760000
1776049761.812,261.812,0.02,0.02,0.98,0.98,0.0,0.0,71047.48,1776049760000
1776049762.425,262.425,0.01,0.01,0.98,0.99,0.0,0.01,71047.68,1776049761000
1776049762.775,262.775,0.01,0.01,0.99,0.99,0.0,0.0,71047.68,1776049761000
1776049763.145,263.145,0.01,0.01,0.99,0.99,0.0,0.0,71047.68,1776049761000
1776049763.49,263.49,0.02,0.03,0.96,0.98,0.01,0.02,71047.68,1776049761000
1776049763.849,263.849,0.01,0.02,0.98,0.99,0.01,0.01,71047.69,1776049762000
1776049764.452,264.452,0.01,0.01,0.98,0.99,0.0,0.01,71047.66,1776049763000
1776049765.042,265.042,0.01,0.01,0.98,0.99,0.0,0.01,71047.66,1776049763000
1776049765.491,265.491,0.01,0.01,0.98,0.99,0.0,0.01,71047.66,1776049764000
1776049766.139,266.139,0.01,0.01,0.99,0.99,0.0,0.0,71047.66,1776049764000
1776049767.09,267.09,0.01,0.01,0.99,0.99,0.0,0.0,71047.67,1776049766000
1776049767.902,267.902,0.01,0.01,0.99,0.99,0.0,0.0,71047.67,1776049766000
1776049768.297,268.297,0.01,0.01,0.99,0.99,0.0,0.0,71047.66,1776049767000
1776049768.739,268.739,0.01,0.01,0.99,0.99,0.0,0.0,71047.66,1776049767000
1776049769.445,269.445,0.01,0.01,0.99,0.99,0.0,0.0,71047.66,1776049767000
1776049769.846,269.846,0.01,0.01,0.99,0.99,0.0,0.0,71047.6,1776049768000
1776049770.31,270.31,0.01,0.01,0.99,0.99,0.0,0.0,71047.6,1776049768000
1776049770.771,270.771,0.01,0.01,0.99,0.99,0.0,0.0,71047.6,1776049769000
1776049771.405,271.405,0.01,0.01,0.99,0.99,0.0,0.0,71047.61,1776049770000
1776049772.089,272.089,0.01,0.01,0.99,0.99,0.0,0.0,71047.61,1776049770000
1776049772.901,272.901,0.01,0.01,0.99,0.99,0.0,0.0,71047.58,1776049772000
1776049773.817,273.817,0.01,0.01,0.99,0.99,0.0,0.0,71049.84,1776049773000
1776049774.163,274.163,0.01,0.01,0.99,0.99,0.0,0.0,71049.84,1776049773000
1776049774.838,274.838,0.01,0.01,0.99,0.99,0.0,0.0,71049.84,1776049773000
1776049775.879,275.879,0.01,0.01,0.99,0.99,0.0,0.0,71050.64,1776049775000
1776049776.718,276.718,0.01,0.01,0.99,0.99,0.0,0.0,71050.64,1776049775000
1776049777.569,277.569,0.01,0.01,0.99,0.99,0.0,0.0,71050.72,1776049776000
1776049778.794,278.794,0.01,0.01,0.99,0.99,0.0,0.0,71051.04,1776049778000
1776049780.136,280.136,0.01,0.01,0.99,0.99,0.0,0.0,71051.04,1776049778000
1776049780.532,280.532,0.01,0.01,0.99,0.99,0.0,0.0,71051.01,1776049779000
1776049781.17,281.17,0.01,0.01,0.99,0.99,0.0,0.0,71051.01,1776049780000
1776049781.766,281.766,0.01,0.01,0.99,0.99,0.0,0.0,71051.01,1776049780000
1776049782.103,282.103,0.01,0.01,0.99,0.99,0.0,0.0,71050.9,1776049781000
1776049783.055,283.055,0.01,0.01,0.99,0.99,0.0,0.0,71050.84,1776049782000
1776049783.456,283.456,0.01,0.01,0.99,0.99,0.0,0.0,71050.84,1776049782000
1776049784.007,284.007,0.01,0.01,0.99,0.99,0.0,0.0,71050.84,1776049783000
1776049785.197,285.197,0.01,0.01,0.99,0.99,0.0,0.0,71050.84,1776049784000
1776049785.927,285.927,0.01,0.01,0.99,0.99,0.0,0.0,71050.84,1776049784000
1776049786.484,286.484,0.01,0.01,0.99,0.99,0.0,0.0,71051.22,1776049785000
1776049787.222,287.222,0.01,0.01,0.99,0.99,0.0,0.0,71050.19,1776049786000
1776049788.484,288.484,0.01,0.01,0.99,0.99,0.0,0.0,71046.35,1776049787000
1776049788.864,288.864,0.01,0.01,0.99,0.99,0.0,0.0,71046.35,1776049787000
1776049789.199,289.199,0.01,0.01,0.99,0.99,0.0,0.0,71046.29,1776049788000
1776049790.622,290.622,0.01,0.01,0.99,0.99,0.0,0.0,71046.29,1776049788000
1776049791.362,291.362,0.01,0.01,0.99,0.99,0.0,0.0,71046.09,1776049790000
1776049792.144,292.144,0.01,0.01,0.99,0.99,0.0,0.0,71046.09,1776049791000
1776049792.497,292.497,0.01,0.01,0.99,0.99,0.0,0.0,71046.09,1776049791000
1776049793.301,293.301,0.01,0.01,0.99,0.99,0.0,0.0,71046.09,1776049791000
1776049794.018,294.018,0.01,0.01,0.99,0.99,0.0,0.0,71045.88,1776049793000
1776049795.341,295.341,0.01,0.01,0.99,0.99,0.0,0.0,71045.62,1776049794000
1776049795.707,295.707,0.01,0.01,0.99,0.99,0.0,0.0,71045.62,1776049794000
1776049796.934,296.934,0.01,0.01,0.99,0.99,0.0,0.0,71045.62,1776049795000
1776049797.332,297.332,0.01,0.01,0.99,0.99,0.0,0.0,71045.62,1776049795000
1776049798.099,298.099,0.01,0.01,0.99,0.99,0.0,0.0,71044.05,1776049796000
1776049798.507,298.507,0.01,0.01,0.99,0.99,0.0,0.0,71044.05,1776049796000
1776049799.169,299.169,0.01,0.01,0.99,0.99,0.0,0.0,71044.14,1776049798000
1776049800.392,300.392,0.01,0.01,0.99,0.99,0.0,0.0,71044.14,1776049798000
1776049801.012,301.012,0.01,0.01,0.99,0.99,0.0,0.0,71045.89,1776049800000
1776049802.363,302.363,0.01,0.01,0.99,0.99,0.0,0.0,71048.28,1776049801000

# RESULT,winner=Down,slug=btc-updown-5m-1776049500,ticks=632
