timestamp,elapsed_sec,up_bid,up_ask,down_bid,down_ask,up_spread,down_spread,btc_price,btc_oracle_ts
1777034400.546,0.546,0.52,0.53,0.47,0.48,0.01,0.01,78221.14,1777034399000
1777034401.043,1.043,0.52,0.53,0.47,0.48,0.01,0.01,78221.14,1777034399000
1777034401.698,1.698,0.52,0.53,0.47,0.48,0.01,0.01,78221.14,1777034400000
1777034402.031,2.031,0.59,0.6,0.4,0.41,0.01,0.01,78221.14,1777034400000
1777034402.38,2.38,0.6,0.61,0.39,0.4,0.01,0.01,78221.14,1777034400000
1777034402.806,2.806,0.6,0.61,0.39,0.4,0.01,0.01,78221.56,1777034401000
1777034403.179,3.179,0.6,0.61,0.39,0.4,0.01,0.01,78223.11,1777034402000
1777034403.653,3.653,0.6,0.61,0.39,0.4,0.01,0.01,78223.11,1777034402000
1777034404.343,4.343,0.6,0.61,0.39,0.4,0.01,0.01,78223.11,1777034402000
1777034404.705,4.705,0.6,0.61,0.39,0.4,0.01,0.01,78239.56,1777034403000
1777034405.343,5.343,0.6,0.61,0.39,0.4,0.01,0.01,78241.03,1777034404000
1777034406.245,6.245,0.6,0.61,0.39,0.4,0.01,0.01,78242.62,1777034405000
1777034406.587,6.587,0.6,0.61,0.39,0.4,0.01,0.01,78242.62,1777034405000
1777034407.165,7.165,0.6,0.62,0.39,0.4,0.02,0.01,78242.62,1777034405000
1777034407.54,7.54,0.6,0.62,0.38,0.4,0.02,0.02,78242.67,1777034406000
1777034407.987,7.987,0.61,0.62,0.38,0.39,0.01,0.01,78242.67,1777034406000
1777034408.338,8.338,0.61,0.63,0.37,0.39,0.02,0.02,78242.67,1777034406000
1777034408.688,8.688,0.62,0.63,0.37,0.38,0.01,0.01,78242.66,1777034407000
1777034409.104,9.104,0.62,0.63,0.37,0.38,0.01,0.01,78242.66,1777034408000
1777034409.459,9.459,0.62,0.63,0.37,0.38,0.01,0.01,78242.66,1777034408000
1777034409.835,9.835,0.63,0.64,0.36,0.37,0.01,0.01,78242.66,1777034408000
1777034410.263,10.263,0.63,0.64,0.36,0.37,0.01,0.01,78248.02,1777034409000
1777034411.123,11.123,0.63,0.64,0.36,0.37,0.01,0.01,78248.02,1777034409000
1777034411.514,11.514,0.63,0.64,0.36,0.37,0.01,0.01,78247.75,1777034410000
1777034411.953,11.953,0.63,0.64,0.36,0.37,0.01,0.01,78247.75,1777034410000
1777034412.376,12.376,0.63,0.65,0.35,0.37,0.02,0.02,78247.75,1777034410000
1777034412.773,12.773,0.64,0.65,0.35,0.36,0.01,0.01,78247.75,1777034410000
1777034413.157,13.157,0.66,0.67,0.33,0.34,0.01,0.01,78246.02,1777034411000
1777034413.516,13.516,0.66,0.67,0.33,0.34,0.01,0.01,78246.02,1777034412000
1777034414.394,14.394,0.66,0.67,0.33,0.34,0.01,0.01,78246.02,1777034412000
1777034414.775,14.775,0.67,0.68,0.32,0.33,0.01,0.01,78248.39,1777034413000
1777034415.365,15.365,0.67,0.68,0.32,0.33,0.01,0.01,78250.46,1777034414000
1777034415.712,15.712,0.67,0.68,0.32,0.33,0.01,0.01,78250.46,1777034414000
1777034416.052,16.052,0.67,0.68,0.32,0.33,0.01,0.01,78250.46,1777034414000
1777034416.393,16.393,0.67,0.68,0.32,0.33,0.01,0.01,78250.63,1777034415000
1777034416.93,16.93,0.67,0.68,0.32,0.33,0.01,0.01,78250.63,1777034415000
1777034417.285,17.285,0.68,0.69,0.31,0.32,0.01,0.01,78250.63,1777034415000
1777034417.77,17.77,0.7,0.71,0.29,0.3,0.01,0.01,78253.92,1777034416000
1777034418.173,18.173,0.7,0.71,0.29,0.3,0.01,0.01,78253.92,1777034417000
1777034418.521,18.521,0.7,0.71,0.29,0.3,0.01,0.01,78253.92,1777034417000
1777034419.068,19.068,0.7,0.71,0.29,0.3,0.01,0.01,78253.93,1777034418000
1777034419.469,19.469,0.7,0.71,0.29,0.3,0.01,0.01,78253.93,1777034418000
1777034420.038,20.038,0.7,0.71,0.29,0.3,0.01,0.01,78253.93,1777034418000
1777034420.373,20.373,0.7,0.71,0.29,0.3,0.01,0.01,78255.18,1777034419000
1777034420.893,20.893,0.7,0.71,0.29,0.3,0.01,0.01,78255.18,1777034419000
1777034421.308,21.308,0.7,0.71,0.29,0.3,0.01,0.01,78255.37,1777034420000
1777034421.779,21.779,0.7,0.71,0.29,0.3,0.01,0.01,78255.37,1777034420000
1777034422.324,22.324,0.7,0.71,0.29,0.3,0.01,0.01,78256.33,1777034421000
1777034422.657,22.657,0.7,0.71,0.29,0.3,0.01,0.01,78256.33,1777034421000
1777034423.08,23.08,0.7,0.72,0.29,0.3,0.02,0.01,78256.33,1777034421000
1777034423.572,23.572,0.7,0.72,0.28,0.3,0.02,0.02,78255.31,1777034422000
1777034423.931,23.931,0.71,0.72,0.28,0.29,0.01,0.01,78255.31,1777034422000
1777034424.303,24.303,0.71,0.72,0.27,0.29,0.01,0.02,78257.2,1777034423000
1777034425.113,25.113,0.73,0.74,0.27,0.29,0.01,0.02,78257.2,1777034423000
1777034425.846,25.846,0.73,0.74,0.26,0.27,0.01,0.01,78261.66,1777034424000
1777034426.216,26.216,0.73,0.74,0.26,0.27,0.01,0.01,78261.66,1777034425000
1777034426.639,26.639,0.73,0.74,0.26,0.27,0.01,0.01,78261.66,1777034425000
1777034427.014,27.014,0.73,0.74,0.26,0.27,0.01,0.01,78261.66,1777034425000
1777034427.384,27.384,0.73,0.74,0.26,0.27,0.01,0.01,78262.28,1777034426000
1777034428.183,28.183,0.73,0.74,0.26,0.27,0.01,0.01,78262.28,1777034426000
1777034428.533,28.533,0.73,0.74,0.26,0.27,0.01,0.01,78262.54,1777034427000
1777034428.889,28.889,0.73,0.74,0.26,0.27,0.01,0.01,78262.54,1777034427000
1777034429.34,29.34,0.73,0.74,0.26,0.27,0.01,0.01,78262.54,1777034428000
1777034429.704,29.704,0.73,0.74,0.26,0.27,0.01,0.01,78262.54,1777034428000
1777034430.294,30.294,0.73,0.74,0.26,0.27,0.01,0.01,78261.84,1777034429000
1777034430.648,30.648,0.73,0.74,0.26,0.27,0.01,0.01,78261.84,1777034429000
1777034431.263,31.263,0.73,0.74,0.26,0.27,0.01,0.01,78261.84,1777034429000
1777034431.679,31.679,0.73,0.74,0.26,0.27,0.01,0.01,78261.71,1777034430000
1777034432.738,32.738,0.73,0.74,0.26,0.27,0.01,0.01,78261.82,1777034431000
1777034433.25,33.25,0.73,0.74,0.26,0.27,0.01,0.01,78261.66,1777034432000
1777034434.335,34.335,0.73,0.74,0.26,0.27,0.01,0.01,78261.66,1777034433000
1777034434.827,34.827,0.73,0.74,0.26,0.27,0.01,0.01,78261.66,1777034433000
1777034435.175,35.175,0.73,0.74,0.26,0.27,0.01,0.01,78261.66,1777034433000
1777034435.592,35.592,0.73,0.74,0.26,0.27,0.01,0.01,78261.66,1777034433000
1777034436.004,36.004,0.73,0.74,0.26,0.27,0.01,0.01,78261.66,1777034433000
1777034436.394,36.394,0.73,0.74,0.26,0.27,0.01,0.01,78261.66,1777034433000
1777034436.73,36.73,0.73,0.74,0.26,0.27,0.01,0.01,78261.66,1777034433000
1777034437.427,37.427,0.73,0.74,0.26,0.27,0.01,0.01,78261.66,1777034433000
1777034437.929,37.929,0.73,0.74,0.26,0.27,0.01,0.01,78261.66,1777034433000
1777034438.508,38.508,0.73,0.74,0.26,0.27,0.01,0.01,78261.66,1777034433000
1777034438.842,38.842,0.74,0.75,0.25,0.26,0.01,0.01,78261.66,1777034433000
1777034439.278,39.278,0.74,0.75,0.25,0.26,0.01,0.01,78261.66,1777034433000
1777034439.748,39.748,0.74,0.75,0.25,0.26,0.01,0.01,78261.66,1777034433000
1777034440.095,40.095,0.74,0.75,0.25,0.26,0.01,0.01,78261.66,1777034433000
1777034440.611,40.611,0.74,0.75,0.25,0.26,0.01,0.01,78261.66,1777034433000
1777034441.145,41.145,0.74,0.75,0.25,0.26,0.01,0.01,78261.66,1777034433000
1777034441.521,41.521,0.74,0.75,0.25,0.26,0.01,0.01,78261.66,1777034433000
1777034441.869,41.869,0.74,0.75,0.25,0.26,0.01,0.01,78261.66,1777034433000
1777034442.28,42.28,0.74,0.75,0.25,0.26,0.01,0.01,78261.66,1777034433000
1777034442.791,42.791,0.74,0.75,0.25,0.26,0.01,0.01,78262.16,1777034441000
1777034443.261,43.261,0.74,0.75,0.25,0.26,0.01,0.01,78262.06,1777034442000
1777034443.595,43.595,0.74,0.75,0.25,0.26,0.01,0.01,78262.06,1777034442000
1777034444.467,44.467,0.74,0.75,0.25,0.26,0.01,0.01,78261.96,1777034443000
1777034445.14,45.14,0.74,0.75,0.25,0.26,0.01,0.01,78261.96,1777034444000
1777034445.551,45.551,0.74,0.75,0.25,0.26,0.01,0.01,78261.96,1777034444000
1777034445.995,45.995,0.74,0.75,0.25,0.26,0.01,0.01,78262.06,1777034445000
1777034446.561,46.561,0.74,0.75,0.25,0.26,0.01,0.01,78262.06,1777034445000
1777034446.993,46.993,0.74,0.75,0.25,0.26,0.01,0.01,78262.03,1777034446000
1777034447.7,47.7,0.74,0.75,0.25,0.26,0.01,0.01,78262.03,1777034446000
1777034448.203,48.203,0.74,0.75,0.25,0.26,0.01,0.01,78262.49,1777034447000
1777034448.727,48.727,0.74,0.75,0.25,0.26,0.01,0.01,78262.49,1777034447000
1777034449.126,49.126,0.73,0.74,0.25,0.27,0.01,0.02,78262.49,1777034447000
1777034449.515,49.515,0.73,0.74,0.26,0.27,0.01,0.01,78262.43,1777034448000
1777034449.896,49.896,0.73,0.74,0.26,0.27,0.01,0.01,78262.43,1777034448000
1777034450.524,50.524,0.73,0.74,0.26,0.27,0.01,0.01,78262.43,1777034449000
1777034450.901,50.901,0.73,0.74,0.26,0.27,0.01,0.01,78262.43,1777034449000
1777034451.492,51.492,0.73,0.74,0.26,0.27,0.01,0.01,78261.92,1777034450000
1777034452.11,52.11,0.73,0.74,0.26,0.27,0.01,0.01,78260.2,1777034451000
1777034452.456,52.456,0.73,0.74,0.26,0.27,0.01,0.01,78260.2,1777034451000
1777034453.149,53.149,0.73,0.74,0.26,0.27,0.01,0.01,78260.2,1777034451000
1777034453.508,53.508,0.73,0.74,0.26,0.27,0.01,0.01,78260.2,1777034451000
1777034453.943,53.943,0.73,0.74,0.26,0.27,0.01,0.01,78260.19,1777034452000
1777034454.546,54.546,0.73,0.74,0.26,0.27,0.01,0.01,78260.19,1777034453000
1777034454.908,54.908,0.73,0.74,0.26,0.27,0.01,0.01,78260.19,1777034453000
1777034455.274,55.274,0.73,0.74,0.26,0.27,0.01,0.01,78260.19,1777034454000
1777034455.775,55.775,0.73,0.74,0.26,0.27,0.01,0.01,78260.19,1777034454000
1777034456.169,56.169,0.73,0.74,0.26,0.27,0.01,0.01,78260.19,1777034454000
1777034456.832,56.832,0.73,0.74,0.26,0.27,0.01,0.01,78260.64,1777034455000
1777034457.354,57.354,0.73,0.74,0.26,0.27,0.01,0.01,78260.64,1777034455000
1777034457.851,57.851,0.73,0.74,0.26,0.27,0.01,0.01,78260.64,1777034456000
1777034458.215,58.215,0.72,0.74,0.26,0.27,0.02,0.01,78260.64,1777034457000
1777034458.553,58.553,0.72,0.73,0.27,0.28,0.01,0.01,78260.64,1777034457000
1777034459.125,59.125,0.72,0.73,0.27,0.28,0.01,0.01,78260.64,1777034457000
1777034459.825,59.825,0.72,0.73,0.27,0.28,0.01,0.01,78260.64,1777034458000
1777034460.227,60.227,0.72,0.73,0.27,0.28,0.01,0.01,78260.64,1777034459000
1777034460.562,60.562,0.72,0.73,0.27,0.28,0.01,0.01,78260.64,1777034459000
1777034461.168,61.168,0.72,0.73,0.27,0.28,0.01,0.01,78260.64,1777034459000
1777034461.502,61.502,0.72,0.73,0.27,0.28,0.01,0.01,78260.64,1777034459000
1777034461.991,61.991,0.72,0.73,0.27,0.28,0.01,0.01,78260.63,1777034461000
1777034462.521,62.521,0.72,0.73,0.27,0.28,0.01,0.01,78260.63,1777034461000
1777034463.14,63.14,0.72,0.73,0.27,0.28,0.01,0.01,78260.64,1777034462000
1777034463.488,63.488,0.72,0.73,0.27,0.28,0.01,0.01,78260.64,1777034462000
1777034464.132,64.132,0.72,0.73,0.27,0.28,0.01,0.01,78260.64,1777034462000
1777034464.513,64.513,0.72,0.73,0.27,0.28,0.01,0.01,78260.64,1777034463000
1777034465.328,65.328,0.72,0.73,0.27,0.28,0.01,0.01,78260.64,1777034463000
1777034466.081,66.081,0.72,0.73,0.27,0.28,0.01,0.01,78260.74,1777034465000
1777034466.427,66.427,0.72,0.73,0.27,0.28,0.01,0.01,78260.74,1777034465000
1777034467.055,67.055,0.72,0.73,0.27,0.28,0.01,0.01,78260.74,1777034465000
1777034467.509,67.509,0.72,0.73,0.27,0.28,0.01,0.01,78260.74,1777034466000
1777034468.203,68.203,0.72,0.73,0.27,0.28,0.01,0.01,78260.74,1777034466000
1777034468.727,68.727,0.73,0.74,0.26,0.28,0.01,0.02,78260.74,1777034466000
1777034469.085,69.085,0.73,0.74,0.26,0.27,0.01,0.01,78260.07,1777034467000
1777034469.54,69.54,0.73,0.74,0.26,0.27,0.01,0.01,78260.07,1777034467000
1777034469.971,69.971,0.73,0.74,0.26,0.27,0.01,0.01,78260.07,1777034467000
1777034470.625,70.625,0.73,0.74,0.26,0.27,0.01,0.01,78260.07,1777034468000
1777034471.042,71.042,0.74,0.75,0.25,0.26,0.01,0.01,78260.07,1777034468000
1777034471.521,71.521,0.72,0.73,0.27,0.28,0.01,0.01,78260.07,1777034469000
1777034472.155,72.155,0.72,0.73,0.27,0.28,0.01,0.01,78260.05,1777034470000
1777034472.78,72.78,0.72,0.73,0.27,0.28,0.01,0.01,78260.05,1777034470000
1777034473.143,73.143,0.72,0.73,0.27,0.28,0.01,0.01,78260.05,1777034471000
1777034473.597,73.597,0.72,0.74,0.27,0.28,0.02,0.01,78260.64,1777034472000
1777034474.037,74.037,0.73,0.74,0.26,0.27,0.01,0.01,78260.64,1777034472000
1777034474.391,74.391,0.73,0.74,0.26,0.27,0.01,0.01,78260.64,1777034472000
1777034474.8,74.8,0.73,0.75,0.26,0.27,0.02,0.01,78260.64,1777034473000
1777034475.407,75.407,0.78,0.79,0.21,0.22,0.01,0.01,78260.64,1777034473000
1777034475.958,75.958,0.78,0.79,0.21,0.22,0.01,0.01,78260.64,1777034473000
1777034476.319,76.319,0.78,0.79,0.21,0.22,0.01,0.01,78261.61,1777034474000
1777034476.712,76.712,0.78,0.79,0.21,0.22,0.01,0.01,78262.61,1777034475000
1777034477.393,77.393,0.78,0.79,0.21,0.22,0.01,0.01,78267.69,1777034476000
1777034477.772,77.772,0.78,0.79,0.21,0.22,0.01,0.01,78267.69,1777034476000
1777034478.229,78.229,0.78,0.79,0.21,0.22,0.01,0.01,78267.03,1777034477000
1777034478.596,78.596,0.78,0.79,0.21,0.22,0.01,0.01,78267.03,1777034477000
1777034478.972,78.972,0.77,0.78,0.22,0.23,0.01,0.01,78267.03,1777034477000
1777034479.945,79.945,0.76,0.77,0.23,0.24,0.01,0.01,78267.09,1777034478000
1777034480.477,80.477,0.76,0.77,0.23,0.24,0.01,0.01,78267.09,1777034478000
1777034481.366,81.366,0.76,0.77,0.23,0.24,0.01,0.01,78267.09,1777034479000
1777034481.751,81.751,0.76,0.77,0.23,0.24,0.01,0.01,78267.22,1777034480000
1777034482.141,82.141,0.76,0.77,0.23,0.24,0.01,0.01,78267.23,1777034481000
1777034482.58,82.58,0.76,0.79,0.21,0.24,0.03,0.03,78267.23,1777034481000
1777034483.065,83.065,0.8,0.81,0.19,0.2,0.01,0.01,78267.23,1777034481000
1777034483.439,83.439,0.8,0.81,0.19,0.2,0.01,0.01,78267.23,1777034481000
1777034483.853,83.853,0.8,0.81,0.19,0.2,0.01,0.01,78267.23,1777034482000
1777034484.19,84.19,0.8,0.81,0.19,0.2,0.01,0.01,78267.23,1777034482000
1777034484.595,84.595,0.8,0.81,0.19,0.2,0.01,0.01,78267.23,1777034482000
1777034485.012,85.012,0.8,0.81,0.19,0.2,0.01,0.01,78269.67,1777034483000
1777034485.48,85.48,0.8,0.81,0.19,0.2,0.01,0.01,78272.0,1777034484000
1777034486.059,86.059,0.81,0.82,0.18,0.19,0.01,0.01,78272.0,1777034484000
1777034486.64,86.64,0.81,0.82,0.18,0.19,0.01,0.01,78272.07,1777034485000
1777034486.98,86.98,0.81,0.82,0.18,0.19,0.01,0.01,78272.07,1777034485000
1777034487.322,87.322,0.81,0.82,0.18,0.19,0.01,0.01,78272.07,1777034485000
1777034487.799,87.799,0.81,0.82,0.18,0.19,0.01,0.01,78271.35,1777034486000
1777034488.543,88.543,0.81,0.82,0.18,0.19,0.01,0.01,78271.35,1777034487000
1777034488.889,88.889,0.81,0.82,0.18,0.19,0.01,0.01,78271.35,1777034487000
1777034489.333,89.333,0.81,0.82,0.18,0.19,0.01,0.01,78271.35,1777034487000
1777034489.76,89.76,0.81,0.82,0.17,0.19,0.01,0.02,78271.16,1777034488000
1777034490.142,90.142,0.81,0.82,0.18,0.19,0.01,0.01,78272.63,1777034489000
1777034490.534,90.534,0.82,0.83,0.18,0.19,0.01,0.01,78272.63,1777034489000
1777034490.971,90.971,0.82,0.83,0.17,0.18,0.01,0.01,78272.63,1777034489000
1777034491.338,91.338,0.82,0.83,0.17,0.18,0.01,0.01,78276.46,1777034490000
1777034491.692,91.692,0.82,0.83,0.17,0.18,0.01,0.01,78276.46,1777034490000
1777034492.273,92.273,0.83,0.84,0.16,0.18,0.01,0.02,78276.46,1777034490000
1777034492.675,92.675,0.82,0.84,0.16,0.17,0.02,0.01,78275.44,1777034491000
1777034493.298,93.298,0.82,0.83,0.17,0.18,0.01,0.01,78275.44,1777034491000
1777034493.879,93.879,0.82,0.83,0.17,0.18,0.01,0.01,78274.21,1777034493000
1777034494.441,94.441,0.82,0.83,0.17,0.18,0.01,0.01,78274.21,1777034493000
1777034494.922,94.922,0.82,0.83,0.17,0.18,0.01,0.01,78274.21,1777034493000
1777034495.298,95.298,0.82,0.83,0.17,0.18,0.01,0.01,78274.21,1777034494000
1777034495.694,95.694,0.82,0.83,0.17,0.18,0.01,0.01,78274.21,1777034494000
1777034496.125,96.125,0.81,0.82,0.18,0.19,0.01,0.01,78274.83,1777034495000
1777034496.467,96.467,0.81,0.82,0.18,0.19,0.01,0.01,78274.83,1777034495000
1777034497.008,97.008,0.81,0.82,0.18,0.19,0.01,0.01,78274.83,1777034495000
1777034497.398,97.398,0.81,0.82,0.18,0.19,0.01,0.01,78274.19,1777034496000
1777034497.804,97.804,0.81,0.82,0.18,0.19,0.01,0.01,78274.19,1777034496000
1777034498.232,98.232,0.8,0.81,0.19,0.2,0.01,0.01,78274.19,1777034496000
1777034498.594,98.594,0.8,0.81,0.19,0.2,0.01,0.01,78273.35,1777034497000
1777034499.076,99.076,0.8,0.81,0.19,0.2,0.01,0.01,78273.35,1777034498000
1777034499.414,99.414,0.73,0.75,0.25,0.27,0.02,0.02,78273.35,1777034498000
1777034499.775,99.775,0.73,0.74,0.26,0.27,0.01,0.01,78273.35,1777034498000
1777034500.142,100.142,0.73,0.74,0.26,0.27,0.01,0.01,78273.35,1777034498000
1777034501.068,101.068,0.73,0.74,0.26,0.27,0.01,0.01,78272.12,1777034499000
1777034501.407,101.407,0.73,0.74,0.26,0.27,0.01,0.01,78272.12,1777034499000
1777034501.751,101.751,0.73,0.74,0.26,0.27,0.01,0.01,78265.33,1777034500000
1777034502.266,102.266,0.75,0.76,0.24,0.25,0.01,0.01,78263.38,1777034501000
1777034503.027,103.027,0.75,0.76,0.24,0.25,0.01,0.01,78263.38,1777034501000
1777034503.403,103.403,0.76,0.77,0.23,0.25,0.01,0.02,78263.35,1777034502000
1777034503.784,103.784,0.76,0.77,0.23,0.24,0.01,0.01,78263.35,1777034502000
1777034504.125,104.125,0.76,0.77,0.23,0.24,0.01,0.01,78263.35,1777034502000
1777034504.93,104.93,0.76,0.77,0.23,0.24,0.01,0.01,78263.94,1777034503000
1777034505.495,105.495,0.76,0.77,0.23,0.24,0.01,0.01,78263.94,1777034503000
1777034506.061,106.061,0.76,0.77,0.23,0.24,0.01,0.01,78262.69,1777034504000
1777034506.878,106.878,0.76,0.78,0.23,0.24,0.02,0.01,78262.69,1777034505000
1777034507.267,107.267,0.78,0.79,0.21,0.22,0.01,0.01,78262.69,1777034505000
1777034507.608,107.608,0.78,0.79,0.21,0.22,0.01,0.01,78262.31,1777034506000
1777034508.354,108.354,0.78,0.79,0.21,0.22,0.01,0.01,78262.86,1777034507000
1777034508.704,108.704,0.78,0.79,0.21,0.22,0.01,0.01,78262.86,1777034507000
1777034509.238,109.238,0.78,0.79,0.21,0.22,0.01,0.01,78262.86,1777034507000
1777034509.576,109.576,0.78,0.79,0.21,0.22,0.01,0.01,78262.86,1777034507000
1777034510.072,110.072,0.78,0.79,0.21,0.22,0.01,0.01,78263.61,1777034508000
1777034510.579,110.579,0.78,0.79,0.21,0.22,0.01,0.01,78262.96,1777034509000
1777034511.128,111.128,0.78,0.79,0.21,0.22,0.01,0.01,78262.96,1777034509000
1777034511.767,111.767,0.78,0.79,0.21,0.22,0.01,0.01,78262.83,1777034510000
1777034512.154,112.154,0.78,0.79,0.21,0.22,0.01,0.01,78262.83,1777034511000
1777034512.536,112.536,0.78,0.79,0.21,0.22,0.01,0.01,78262.83,1777034511000
1777034513.259,113.259,0.78,0.79,0.21,0.22,0.01,0.01,78262.83,1777034511000
1777034513.856,113.856,0.78,0.79,0.21,0.22,0.01,0.01,78262.84,1777034512000
1777034514.205,114.205,0.78,0.8,0.21,0.22,0.02,0.01,78262.84,1777034512000
1777034514.636,114.636,0.78,0.8,0.21,0.22,0.02,0.01,78262.84,1777034513000
1777034515.02,115.02,0.79,0.8,0.2,0.22,0.01,0.02,78262.84,1777034513000
1777034515.601,115.601,0.79,0.8,0.2,0.21,0.01,0.01,78263.34,1777034514000
1777034515.975,115.975,0.78,0.8,0.2,0.21,0.02,0.01,78263.34,1777034514000
1777034516.706,116.706,0.78,0.79,0.21,0.22,0.01,0.01,78264.38,1777034515000
1777034517.421,117.421,0.78,0.79,0.21,0.22,0.01,0.01,78264.38,1777034515000
1777034518.029,118.029,0.78,0.79,0.21,0.22,0.01,0.01,78264.39,1777034517000
1777034519.601,119.601,0.78,0.79,0.21,0.22,0.01,0.01,78264.72,1777034518000
1777034519.992,119.992,0.78,0.79,0.21,0.22,0.01,0.01,78264.72,1777034518000
1777034520.557,120.557,0.78,0.79,0.21,0.22,0.01,0.01,78266.34,1777034519000
1777034520.89,120.89,0.79,0.8,0.2,0.22,0.01,0.02,78266.34,1777034519000
1777034521.263,121.263,0.79,0.81,0.2,0.21,0.02,0.01,78265.47,1777034520000
1777034521.665,121.665,0.81,0.82,0.18,0.19,0.01,0.01,78265.47,1777034520000
1777034522.058,122.058,0.81,0.83,0.18,0.19,0.02,0.01,78265.47,1777034520000
1777034522.788,122.788,0.82,0.83,0.17,0.19,0.01,0.02,78265.47,1777034520000
1777034523.123,123.123,0.85,0.86,0.14,0.17,0.01,0.03,78265.47,1777034520000
1777034523.628,123.628,0.85,0.86,0.14,0.15,0.01,0.01,78268.05,1777034522000
1777034523.965,123.965,0.85,0.86,0.14,0.15,0.01,0.01,78268.05,1777034522000
1777034524.35,124.35,0.84,0.85,0.14,0.16,0.01,0.02,78270.68,1777034523000
1777034525.114,125.114,0.84,0.85,0.15,0.16,0.01,0.01,78270.68,1777034523000
1777034525.722,125.722,0.84,0.85,0.15,0.16,0.01,0.01,78277.89,1777034524000
1777034526.06,126.06,0.84,0.85,0.15,0.16,0.01,0.01,78277.89,1777034524000
1777034526.507,126.507,0.84,0.85,0.15,0.16,0.01,0.01,78279.06,1777034525000
1777034526.907,126.907,0.84,0.85,0.15,0.16,0.01,0.01,78279.06,1777034525000
1777034527.276,127.276,0.84,0.85,0.15,0.16,0.01,0.01,78279.06,1777034525000
1777034527.67,127.67,0.84,0.85,0.15,0.16,0.01,0.01,78279.17,1777034526000
1777034528.005,128.005,0.84,0.85,0.15,0.16,0.01,0.01,78279.17,1777034527000
1777034528.613,128.613,0.84,0.85,0.15,0.16,0.01,0.01,78279.17,1777034527000
1777034528.948,128.948,0.84,0.85,0.15,0.16,0.01,0.01,78279.17,1777034527000
1777034529.482,129.482,0.84,0.85,0.15,0.16,0.01,0.01,78279.17,1777034528000
1777034529.822,129.822,0.84,0.85,0.15,0.16,0.01,0.01,78279.17,1777034528000
1777034530.46,130.46,0.84,0.85,0.15,0.16,0.01,0.01,78279.17,1777034529000
1777034530.836,130.836,0.84,0.85,0.15,0.16,0.01,0.01,78279.17,1777034529000
1777034531.174,131.174,0.84,0.85,0.15,0.16,0.01,0.01,78279.17,1777034530000
1777034531.53,131.53,0.84,0.85,0.15,0.16,0.01,0.01,78279.17,1777034530000
1777034531.904,131.904,0.84,0.85,0.15,0.16,0.01,0.01,78279.17,1777034530000
1777034532.248,132.248,0.84,0.85,0.15,0.16,0.01,0.01,78279.25,1777034531000
1777034532.757,132.757,0.84,0.85,0.15,0.16,0.01,0.01,78279.25,1777034531000
1777034533.25,133.25,0.84,0.85,0.15,0.16,0.01,0.01,78279.28,1777034532000
1777034533.961,133.961,0.84,0.85,0.15,0.16,0.01,0.01,78279.28,1777034532000
1777034534.365,134.365,0.84,0.85,0.15,0.16,0.01,0.01,78279.28,1777034533000
1777034534.793,134.793,0.84,0.85,0.15,0.16,0.01,0.01,78279.28,1777034533000
1777034535.36,135.36,0.84,0.85,0.15,0.16,0.01,0.01,78279.28,1777034534000
1777034536.006,136.006,0.84,0.86,0.14,0.16,0.02,0.02,78279.25,1777034535000
1777034536.403,136.403,0.85,0.86,0.14,0.15,0.01,0.01,78279.25,1777034535000
1777034536.876,136.876,0.85,0.86,0.14,0.15,0.01,0.01,78279.25,1777034535000
1777034537.259,137.259,0.85,0.86,0.14,0.15,0.01,0.01,78279.25,1777034536000
1777034537.676,137.676,0.85,0.86,0.14,0.15,0.01,0.01,78279.25,1777034536000
1777034538.151,138.151,0.85,0.86,0.14,0.15,0.01,0.01,78279.25,1777034537000
1777034538.655,138.655,0.85,0.86,0.14,0.15,0.01,0.01,78279.25,1777034537000
1777034539.053,139.053,0.85,0.86,0.14,0.15,0.01,0.01,78279.25,1777034537000
1777034539.398,139.398,0.85,0.86,0.14,0.15,0.01,0.01,78279.85,1777034538000
1777034539.842,139.842,0.85,0.87,0.14,0.15,0.02,0.01,78279.85,1777034538000
1777034540.289,140.289,0.86,0.87,0.13,0.15,0.01,0.02,78279.85,1777034538000
1777034540.781,140.781,0.86,0.87,0.13,0.14,0.01,0.01,78279.85,1777034539000
1777034541.434,141.434,0.86,0.87,0.13,0.14,0.01,0.01,78279.86,1777034540000
1777034541.811,141.811,0.86,0.87,0.13,0.14,0.01,0.01,78279.86,1777034540000
1777034542.553,142.553,0.86,0.87,0.13,0.14,0.01,0.01,78280.36,1777034541000
1777034542.962,142.962,0.86,0.87,0.13,0.14,0.01,0.01,78280.36,1777034541000
1777034544.145,144.145,0.86,0.87,0.13,0.14,0.01,0.01,78280.35,1777034542000
1777034544.884,144.884,0.86,0.87,0.13,0.14,0.01,0.01,78280.54,1777034543000
1777034545.281,145.281,0.86,0.87,0.13,0.14,0.01,0.01,78280.54,1777034543000
1777034546.005,146.005,0.86,0.87,0.13,0.14,0.01,0.01,78280.54,1777034544000
1777034546.556,146.556,0.86,0.87,0.13,0.14,0.01,0.01,78280.54,1777034545000
1777034546.948,146.948,0.86,0.87,0.13,0.14,0.01,0.01,78280.54,1777034545000
1777034547.709,147.709,0.86,0.87,0.13,0.14,0.01,0.01,78280.4,1777034546000
1777034548.063,148.063,0.86,0.87,0.13,0.14,0.01,0.01,78280.4,1777034546000
1777034548.507,148.507,0.86,0.87,0.13,0.14,0.01,0.01,78279.7,1777034547000
1777034549.193,149.193,0.86,0.87,0.13,0.14,0.01,0.01,78279.7,1777034547000
1777034549.762,149.762,0.86,0.87,0.13,0.14,0.01,0.01,78279.18,1777034548000
1777034550.356,150.356,0.86,0.87,0.13,0.14,0.01,0.01,78279.18,1777034549000
1777034550.743,150.743,0.86,0.87,0.13,0.14,0.01,0.01,78279.18,1777034549000
1777034551.222,151.222,0.87,0.88,0.13,0.14,0.01,0.01,78279.18,1777034549000
1777034551.593,151.593,0.87,0.88,0.12,0.13,0.01,0.01,78279.18,1777034549000
1777034552.149,152.149,0.87,0.88,0.12,0.13,0.01,0.01,78280.29,1777034550000
1777034552.63,152.63,0.87,0.88,0.12,0.13,0.01,0.01,78280.29,1777034551000
1777034553.29,153.29,0.87,0.88,0.12,0.13,0.01,0.01,78280.54,1777034552000
1777034553.982,153.982,0.87,0.88,0.12,0.13,0.01,0.01,78280.54,1777034552000
1777034554.342,154.342,0.87,0.88,0.12,0.13,0.01,0.01,78280.54,1777034552000
1777034554.945,154.945,0.87,0.88,0.12,0.13,0.01,0.01,78280.54,1777034554000
1777034555.923,155.923,0.87,0.88,0.12,0.13,0.01,0.01,78280.55,1777034555000
1777034556.504,156.504,0.87,0.88,0.12,0.13,0.01,0.01,78280.55,1777034555000
1777034556.857,156.857,0.87,0.88,0.12,0.13,0.01,0.01,78280.55,1777034555000
1777034558.067,158.067,0.87,0.88,0.12,0.13,0.01,0.01,78280.8,1777034557000
1777034558.437,158.437,0.87,0.88,0.12,0.13,0.01,0.01,78280.8,1777034557000
1777034558.82,158.82,0.87,0.88,0.12,0.13,0.01,0.01,78280.8,1777034557000
1777034559.3,159.3,0.87,0.88,0.12,0.13,0.01,0.01,78280.79,1777034558000
1777034559.726,159.726,0.87,0.88,0.12,0.13,0.01,0.01,78280.79,1777034558000
1777034560.06,160.06,0.87,0.88,0.12,0.13,0.01,0.01,78280.79,1777034559000
1777034560.461,160.461,0.87,0.88,0.12,0.13,0.01,0.01,78280.79,1777034559000
1777034560.863,160.863,0.87,0.88,0.12,0.13,0.01,0.01,78280.79,1777034559000
1777034561.221,161.221,0.88,0.89,0.11,0.12,0.01,0.01,78280.85,1777034560000
1777034561.58,161.58,0.88,0.89,0.11,0.12,0.01,0.01,78280.85,1777034560000
1777034561.962,161.962,0.88,0.89,0.11,0.12,0.01,0.01,78280.85,1777034560000
1777034562.376,162.376,0.88,0.89,0.11,0.12,0.01,0.01,78280.85,1777034561000
1777034562.852,162.852,0.88,0.89,0.11,0.12,0.01,0.01,78280.85,1777034561000
1777034563.502,163.502,0.88,0.89,0.11,0.12,0.01,0.01,78281.72,1777034562000
1777034563.869,163.869,0.88,0.89,0.11,0.12,0.01,0.01,78281.72,1777034562000
1777034564.295,164.295,0.88,0.89,0.11,0.12,0.01,0.01,78281.91,1777034563000
1777034564.857,164.857,0.88,0.89,0.11,0.12,0.01,0.01,78281.91,1777034563000
1777034565.35,165.35,0.88,0.9,0.11,0.12,0.02,0.01,78281.85,1777034564000
1777034565.687,165.687,0.89,0.9,0.1,0.11,0.01,0.01,78281.85,1777034564000
1777034566.053,166.053,0.89,0.9,0.1,0.11,0.01,0.01,78281.85,1777034564000
1777034566.388,166.388,0.89,0.9,0.1,0.11,0.01,0.01,78281.85,1777034564000
1777034566.894,166.894,0.89,0.9,0.1,0.11,0.01,0.01,78281.06,1777034565000
1777034567.329,167.329,0.89,0.9,0.1,0.11,0.01,0.01,78281.06,1777034566000
1777034567.763,167.763,0.89,0.9,0.1,0.11,0.01,0.01,78281.06,1777034566000
1777034568.215,168.215,0.89,0.9,0.1,0.11,0.01,0.01,78281.06,1777034566000
1777034568.967,168.967,0.89,0.9,0.1,0.11,0.01,0.01,78281.06,1777034567000
1777034569.573,169.573,0.89,0.9,0.1,0.11,0.01,0.01,78281.74,1777034568000
1777034570.426,170.426,0.89,0.9,0.1,0.11,0.01,0.01,78281.75,1777034569000
1777034570.982,170.982,0.89,0.9,0.1,0.11,0.01,0.01,78281.75,1777034569000
1777034571.534,171.534,0.89,0.9,0.1,0.11,0.01,0.01,78281.75,1777034570000
1777034571.871,171.871,0.89,0.9,0.1,0.11,0.01,0.01,78281.75,1777034570000
1777034572.395,172.395,0.89,0.9,0.1,0.11,0.01,0.01,78281.75,1777034571000
1777034572.966,172.966,0.89,0.9,0.1,0.11,0.01,0.01,78281.75,1777034571000
1777034573.307,173.307,0.89,0.91,0.1,0.11,0.02,0.01,78281.75,1777034571000
1777034573.81,173.81,0.89,0.9,0.1,0.11,0.01,0.01,78281.28,1777034572000
1777034574.148,174.148,0.89,0.9,0.1,0.11,0.01,0.01,78281.28,1777034572000
1777034574.565,174.565,0.89,0.9,0.1,0.11,0.01,0.01,78281.27,1777034573000
1777034575.227,175.227,0.9,0.92,0.09,0.11,0.02,0.02,78281.27,1777034573000
1777034575.609,175.609,0.92,0.93,0.07,0.09,0.01,0.02,78281.27,1777034574000
1777034576.108,176.108,0.92,0.93,0.07,0.08,0.01,0.01,78281.27,1777034574000
1777034576.475,176.475,0.92,0.93,0.07,0.08,0.01,0.01,78281.27,1777034575000
1777034576.818,176.818,0.92,0.93,0.07,0.08,0.01,0.01,78281.27,1777034575000
1777034577.151,177.151,0.93,0.94,0.06,0.07,0.01,0.01,78281.27,1777034575000
1777034577.572,177.572,0.93,0.94,0.06,0.07,0.01,0.01,78281.27,1777034575000
1777034577.91,177.91,0.94,0.95,0.05,0.06,0.01,0.01,78288.33,1777034576000
1777034578.249,178.249,0.94,0.95,0.05,0.06,0.01,0.01,78291.85,1777034577000
1777034578.811,178.811,0.94,0.95,0.05,0.06,0.01,0.01,78291.85,1777034577000
1777034579.552,179.552,0.94,0.95,0.05,0.06,0.01,0.01,78291.85,1777034577000
1777034579.93,179.93,0.94,0.95,0.05,0.06,0.01,0.01,78300.84,1777034578000
1777034580.293,180.293,0.94,0.95,0.05,0.06,0.01,0.01,78300.84,1777034579000
1777034580.652,180.652,0.94,0.95,0.05,0.06,0.01,0.01,78300.84,1777034579000
1777034581.022,181.022,0.94,0.95,0.05,0.06,0.01,0.01,78300.84,1777034579000
1777034581.417,181.417,0.94,0.95,0.05,0.06,0.01,0.01,78300.84,1777034579000
1777034581.809,181.809,0.94,0.95,0.05,0.06,0.01,0.01,78300.71,1777034580000
1777034582.187,182.187,0.95,0.96,0.04,0.05,0.01,0.01,78300.71,1777034580000
1777034582.658,182.658,0.95,0.96,0.04,0.05,0.01,0.01,78300.4,1777034581000
1777034583.076,183.076,0.95,0.96,0.04,0.05,0.01,0.01,78300.4,1777034581000
1777034583.49,183.49,0.95,0.96,0.04,0.05,0.01,0.01,78300.4,1777034582000
1777034583.961,183.961,0.95,0.96,0.04,0.05,0.01,0.01,78300.4,1777034582000
1777034584.315,184.315,0.93,0.94,0.06,0.07,0.01,0.01,78300.4,1777034582000
1777034584.657,184.657,0.93,0.94,0.06,0.07,0.01,0.01,78301.55,1777034583000
1777034585.012,185.012,0.93,0.94,0.06,0.07,0.01,0.01,78300.84,1777034584000
1777034585.352,185.352,0.93,0.94,0.06,0.07,0.01,0.01,78300.84,1777034584000
1777034585.885,185.885,0.93,0.94,0.06,0.07,0.01,0.01,78291.93,1777034585000
1777034586.42,186.42,0.93,0.94,0.06,0.07,0.01,0.01,78291.93,1777034585000
1777034586.935,186.935,0.92,0.93,0.06,0.08,0.01,0.02,78291.93,1777034585000
1777034587.361,187.361,0.91,0.92,0.07,0.09,0.01,0.02,78284.5,1777034586000
1777034587.828,187.828,0.91,0.92,0.08,0.09,0.01,0.01,78284.5,1777034586000
1777034588.259,188.259,0.91,0.92,0.08,0.09,0.01,0.01,78284.64,1777034587000
1777034588.833,188.833,0.91,0.92,0.08,0.09,0.01,0.01,78284.64,1777034587000
1777034589.407,189.407,0.91,0.92,0.08,0.09,0.01,0.01,78282.39,1777034588000
1777034590.096,190.096,0.91,0.92,0.08,0.09,0.01,0.01,78282.39,1777034588000
1777034590.556,190.556,0.91,0.92,0.08,0.09,0.01,0.01,78282.55,1777034589000
1777034590.995,190.995,0.91,0.92,0.08,0.09,0.01,0.01,78282.55,1777034589000
1777034591.603,191.603,0.91,0.92,0.08,0.09,0.01,0.01,78281.95,1777034590000
1777034592.065,192.065,0.91,0.92,0.08,0.09,0.01,0.01,78281.95,1777034590000
1777034592.399,192.399,0.91,0.92,0.08,0.09,0.01,0.01,78281.75,1777034591000
1777034593.126,193.126,0.91,0.93,0.08,0.09,0.02,0.01,78281.75,1777034591000
1777034593.573,193.573,0.93,0.94,0.06,0.07,0.01,0.01,78281.78,1777034592000
1777034594.102,194.102,0.93,0.94,0.06,0.07,0.01,0.01,78281.78,1777034592000
1777034594.535,194.535,0.93,0.94,0.06,0.07,0.01,0.01,78281.56,1777034593000
1777034594.915,194.915,0.93,0.94,0.06,0.07,0.01,0.01,78281.56,1777034593000
1777034595.25,195.25,0.93,0.94,0.06,0.07,0.01,0.01,78281.56,1777034593000
1777034595.601,195.601,0.93,0.95,0.05,0.07,0.02,0.02,78287.48,1777034594000
1777034595.997,195.997,0.95,0.96,0.04,0.07,0.01,0.03,78287.48,1777034594000
1777034596.646,196.646,0.95,0.96,0.04,0.05,0.01,0.01,78293.96,1777034595000
1777034597.092,197.092,0.95,0.96,0.04,0.05,0.01,0.01,78293.96,1777034595000
1777034597.94,197.94,0.95,0.96,0.04,0.05,0.01,0.01,78297.94,1777034596000
1777034598.465,198.465,0.95,0.96,0.04,0.05,0.01,0.01,78297.98,1777034597000
1777034599.019,199.019,0.95,0.96,0.04,0.05,0.01,0.01,78297.98,1777034597000
1777034599.452,199.452,0.95,0.96,0.04,0.05,0.01,0.01,78297.98,1777034597000
1777034599.807,199.807,0.95,0.96,0.04,0.05,0.01,0.01,78300.01,1777034598000
1777034600.3,200.3,0.95,0.96,0.04,0.05,0.01,0.01,78302.46,1777034599000
1777034600.653,200.653,0.95,0.96,0.04,0.05,0.01,0.01,78302.46,1777034599000
1777034601.053,201.053,0.95,0.96,0.04,0.05,0.01,0.01,78302.46,1777034599000
1777034601.523,201.523,0.95,0.96,0.04,0.05,0.01,0.01,78302.46,1777034599000
1777034601.966,201.966,0.96,0.97,0.03,0.04,0.01,0.01,78300.53,1777034600000
1777034602.389,202.389,0.96,0.97,0.03,0.04,0.01,0.01,78300.53,1777034600000
1777034602.786,202.786,0.96,0.97,0.03,0.04,0.01,0.01,78300.93,1777034601000
1777034603.136,203.136,0.96,0.97,0.03,0.04,0.01,0.01,78301.68,1777034602000
1777034603.481,203.481,0.96,0.97,0.03,0.04,0.01,0.01,78301.68,1777034602000
1777034603.897,203.897,0.96,0.97,0.03,0.04,0.01,0.01,78301.68,1777034602000
1777034604.263,204.263,0.96,0.97,0.03,0.04,0.01,0.01,78301.68,1777034602000
1777034604.723,204.723,0.96,0.97,0.03,0.04,0.01,0.01,78303.15,1777034603000
1777034605.145,205.145,0.96,0.97,0.03,0.04,0.01,0.01,78303.15,1777034603000
1777034605.741,205.741,0.96,0.97,0.03,0.04,0.01,0.01,78303.15,1777034604000
1777034606.118,206.118,0.96,0.97,0.03,0.04,0.01,0.01,78303.15,1777034604000
1777034606.476,206.476,0.96,0.97,0.03,0.04,0.01,0.01,78303.15,1777034604000
1777034607.047,207.047,0.96,0.97,0.03,0.04,0.01,0.01,78301.6,1777034605000
1777034607.564,207.564,0.96,0.97,0.03,0.04,0.01,0.01,78302.62,1777034606000
1777034608.032,208.032,0.96,0.97,0.03,0.04,0.01,0.01,78302.62,1777034606000
1777034608.395,208.395,0.96,0.97,0.03,0.04,0.01,0.01,78301.23,1777034607000
1777034608.762,208.762,0.96,0.97,0.03,0.04,0.01,0.01,78301.23,1777034607000
1777034609.722,209.722,0.96,0.97,0.03,0.04,0.01,0.01,78301.23,1777034607000
1777034610.072,210.072,0.96,0.97,0.03,0.04,0.01,0.01,78301.52,1777034608000
1777034610.459,210.459,0.96,0.97,0.03,0.04,0.01,0.01,78301.52,1777034608000
1777034611.207,211.207,0.96,0.97,0.03,0.04,0.01,0.01,78301.88,1777034609000
1777034611.558,211.558,0.96,0.97,0.03,0.04,0.01,0.01,78300.73,1777034610000
1777034612.062,212.062,0.96,0.97,0.03,0.04,0.01,0.01,78300.73,1777034610000
1777034612.632,212.632,0.96,0.97,0.03,0.04,0.01,0.01,78302.84,1777034611000
1777034613.288,213.288,0.96,0.97,0.03,0.04,0.01,0.01,78302.84,1777034611000
1777034613.676,213.676,0.96,0.97,0.03,0.04,0.01,0.01,78299.31,1777034612000
1777034614.052,214.052,0.96,0.97,0.03,0.04,0.01,0.01,78299.31,1777034612000
1777034614.544,214.544,0.96,0.97,0.03,0.04,0.01,0.01,78299.31,1777034612000
1777034614.984,214.984,0.96,0.97,0.03,0.04,0.01,0.01,78299.75,1777034613000
1777034615.916,215.916,0.96,0.97,0.03,0.04,0.01,0.01,78302.99,1777034614000
1777034616.288,216.288,0.96,0.97,0.03,0.04,0.01,0.01,78302.97,1777034615000
1777034616.986,216.986,0.96,0.97,0.03,0.04,0.01,0.01,78302.97,1777034615000
1777034617.339,217.339,0.96,0.97,0.03,0.04,0.01,0.01,78302.97,1777034615000
1777034617.712,217.712,0.96,0.97,0.03,0.04,0.01,0.01,78299.75,1777034616000
1777034618.06,218.06,0.96,0.97,0.03,0.04,0.01,0.01,78300.55,1777034617000
1777034618.433,218.433,0.96,0.97,0.03,0.04,0.01,0.01,78300.55,1777034617000
1777034618.855,218.855,0.96,0.97,0.03,0.04,0.01,0.01,78300.55,1777034617000
1777034619.279,219.279,0.96,0.97,0.03,0.04,0.01,0.01,78297.45,1777034618000
1777034619.865,219.865,0.96,0.97,0.03,0.04,0.01,0.01,78297.45,1777034618000
1777034620.282,220.282,0.96,0.97,0.03,0.04,0.01,0.01,78296.9,1777034619000
1777034620.618,220.618,0.96,0.97,0.03,0.04,0.01,0.01,78296.9,1777034619000
1777034620.999,220.999,0.96,0.97,0.03,0.04,0.01,0.01,78295.92,1777034620000
1777034621.579,221.579,0.96,0.97,0.03,0.04,0.01,0.01,78295.92,1777034620000
1777034621.997,221.997,0.96,0.98,0.03,0.04,0.02,0.01,78295.92,1777034620000
1777034622.457,222.457,0.96,0.97,0.03,0.04,0.01,0.01,78294.13,1777034621000
1777034622.813,222.813,0.97,0.98,0.02,0.03,0.01,0.01,78294.13,1777034621000
1777034623.337,223.337,0.96,0.97,0.03,0.04,0.01,0.01,78293.76,1777034622000
1777034624.119,224.119,0.96,0.97,0.03,0.04,0.01,0.01,78293.76,1777034622000
1777034624.484,224.484,0.96,0.97,0.03,0.04,0.01,0.01,78295.57,1777034623000
1777034625.13,225.13,0.96,0.97,0.03,0.04,0.01,0.01,78293.63,1777034624000
1777034625.708,225.708,0.96,0.97,0.03,0.04,0.01,0.01,78293.63,1777034624000
1777034626.227,226.227,0.96,0.97,0.03,0.04,0.01,0.01,78293.63,1777034625000
1777034626.588,226.588,0.96,0.97,0.03,0.04,0.01,0.01,78293.63,1777034625000
1777034627.257,227.257,0.96,0.97,0.03,0.04,0.01,0.01,78297.66,1777034626000
1777034627.592,227.592,0.95,0.97,0.03,0.05,0.02,0.02,78297.66,1777034626000
1777034627.939,227.939,0.95,0.96,0.04,0.05,0.01,0.01,78297.66,1777034626000
1777034628.5,228.5,0.95,0.96,0.04,0.05,0.01,0.01,78297.66,1777034626000
1777034628.839,228.839,0.92,0.93,0.07,0.09,0.01,0.02,78290.85,1777034627000
1777034629.249,229.249,0.92,0.93,0.07,0.08,0.01,0.01,78290.85,1777034627000
1777034629.677,229.677,0.92,0.93,0.07,0.08,0.01,0.01,78290.85,1777034627000
1777034630.012,230.012,0.92,0.93,0.07,0.08,0.01,0.01,78282.25,1777034628000
1777034630.408,230.408,0.91,0.93,0.07,0.08,0.02,0.01,78282.25,1777034628000
1777034630.808,230.808,0.92,0.93,0.07,0.08,0.01,0.01,78282.25,1777034628000
1777034631.218,231.218,0.9,0.93,0.07,0.08,0.03,0.01,78276.17,1777034629000
1777034631.581,231.581,0.85,0.92,0.08,0.15,0.07,0.07,78276.17,1777034629000
1777034632.324,232.324,0.89,0.91,0.09,0.16,0.02,0.07,78275.62,1777034630000
1777034632.673,232.673,0.86,0.87,0.11,0.14,0.01,0.03,78275.62,1777034630000
1777034633.038,233.038,0.86,0.88,0.13,0.14,0.02,0.01,78270.29,1777034631000
1777034633.55,233.55,0.87,0.88,0.12,0.13,0.01,0.01,78270.29,1777034631000
1777034633.883,233.883,0.88,0.89,0.11,0.12,0.01,0.01,78267.19,1777034632000
1777034634.584,234.584,0.88,0.89,0.11,0.12,0.01,0.01,78267.19,1777034632000
1777034635.026,235.026,0.88,0.89,0.11,0.12,0.01,0.01,78267.02,1777034633000
1777034635.878,235.878,0.88,0.89,0.11,0.12,0.01,0.01,78266.85,1777034634000
1777034636.274,236.274,0.88,0.89,0.11,0.12,0.01,0.01,78266.85,1777034634000
1777034636.612,236.612,0.82,0.83,0.17,0.18,0.01,0.01,78265.49,1777034635000
1777034636.954,236.954,0.82,0.83,0.17,0.18,0.01,0.01,78265.49,1777034635000
1777034637.334,237.334,0.82,0.83,0.17,0.18,0.01,0.01,78265.49,1777034635000
1777034637.74,237.74,0.82,0.83,0.17,0.18,0.01,0.01,78266.4,1777034636000
1777034638.11,238.11,0.81,0.82,0.18,0.19,0.01,0.01,78261.24,1777034637000
1777034638.476,238.476,0.81,0.82,0.18,0.19,0.01,0.01,78261.24,1777034637000
1777034638.843,238.843,0.81,0.82,0.18,0.19,0.01,0.01,78261.24,1777034637000
1777034639.228,239.228,0.79,0.82,0.18,0.19,0.03,0.01,78261.24,1777034637000
1777034639.581,239.581,0.79,0.8,0.2,0.21,0.01,0.01,78254.26,1777034638000
1777034639.957,239.957,0.79,0.8,0.2,0.21,0.01,0.01,78254.26,1777034638000
1777034640.341,240.341,0.8,0.81,0.19,0.2,0.01,0.01,78251.66,1777034639000
1777034640.674,240.674,0.8,0.81,0.19,0.2,0.01,0.01,78251.66,1777034639000
1777034641.044,241.044,0.8,0.82,0.18,0.2,0.02,0.02,78251.66,1777034639000
1777034641.751,241.751,0.8,0.82,0.18,0.2,0.02,0.02,78249.75,1777034640000
1777034642.345,242.345,0.8,0.82,0.18,0.2,0.02,0.02,78248.23,1777034641000
1777034642.805,242.805,0.8,0.83,0.18,0.2,0.03,0.02,78248.23,1777034641000
1777034643.18,243.18,0.82,0.83,0.17,0.22,0.01,0.05,78248.23,1777034641000
1777034643.665,243.665,0.82,0.83,0.17,0.18,0.01,0.01,78248.23,1777034641000
1777034644.005,244.005,0.7,0.78,0.22,0.3,0.08,0.08,78248.23,1777034641000
1777034644.343,244.343,0.66,0.75,0.25,0.33,0.09,0.08,78249.75,1777034643000
1777034644.68,244.68,0.7,0.73,0.27,0.29,0.03,0.02,78249.75,1777034643000
1777034645.024,245.024,0.72,0.73,0.27,0.28,0.01,0.01,78249.75,1777034643000
1777034645.39,245.39,0.73,0.74,0.26,0.28,0.01,0.02,78249.75,1777034643000
1777034645.799,245.799,0.72,0.73,0.27,0.28,0.01,0.01,78244.75,1777034644000
1777034646.205,246.205,0.7,0.73,0.27,0.3,0.03,0.03,78244.9,1777034645000
1777034646.622,246.622,0.7,0.71,0.27,0.3,0.01,0.03,78244.9,1777034645000
1777034646.999,246.999,0.7,0.75,0.26,0.3,0.05,0.04,78244.9,1777034645000
1777034647.346,247.346,0.7,0.75,0.24,0.29,0.05,0.05,78244.9,1777034645000
1777034647.88,247.88,0.73,0.75,0.25,0.3,0.02,0.05,78243.64,1777034646000
1777034648.272,248.272,0.73,0.76,0.24,0.27,0.03,0.03,78243.64,1777034646000
1777034648.608,248.608,0.72,0.73,0.27,0.28,0.01,0.01,78240.97,1777034647000
1777034648.993,248.993,0.71,0.73,0.27,0.29,0.02,0.02,78240.97,1777034647000
1777034649.585,249.585,0.73,0.74,0.25,0.27,0.01,0.02,78240.97,1777034647000
1777034649.924,249.924,0.73,0.74,0.26,0.27,0.01,0.01,78240.96,1777034648000
1777034650.265,250.265,0.71,0.72,0.27,0.31,0.01,0.04,78240.97,1777034649000
1777034650.617,250.617,0.72,0.73,0.27,0.28,0.01,0.01,78240.97,1777034649000
1777034651.104,251.104,0.73,0.75,0.27,0.28,0.02,0.01,78240.97,1777034649000
1777034651.507,251.507,0.74,0.76,0.25,0.26,0.02,0.01,78239.92,1777034650000
1777034651.936,251.936,0.84,0.85,0.15,0.16,0.01,0.01,78239.92,1777034650000
1777034652.294,252.294,0.81,0.82,0.18,0.19,0.01,0.01,78239.92,1777034650000
1777034652.643,252.643,0.67,0.72,0.22,0.33,0.05,0.11,78239.48,1777034651000
1777034652.987,252.987,0.67,0.68,0.32,0.33,0.01,0.01,78239.48,1777034651000
1777034653.374,253.374,0.69,0.7,0.3,0.31,0.01,0.01,78239.75,1777034652000
1777034653.831,253.831,0.69,0.7,0.3,0.31,0.01,0.01,78239.75,1777034652000
1777034654.173,254.173,0.69,0.7,0.3,0.31,0.01,0.01,78242.26,1777034653000
1777034654.517,254.517,0.69,0.7,0.3,0.31,0.01,0.01,78242.26,1777034653000
1777034654.852,254.852,0.71,0.72,0.28,0.29,0.01,0.01,78242.26,1777034653000
1777034655.209,255.209,0.71,0.72,0.28,0.29,0.01,0.01,78242.26,1777034653000
1777034655.547,255.547,0.69,0.71,0.3,0.31,0.02,0.01,78242.26,1777034653000
1777034655.91,255.91,0.69,0.71,0.29,0.31,0.02,0.02,78243.81,1777034654000
1777034656.306,256.306,0.69,0.7,0.3,0.31,0.01,0.01,78243.81,1777034654000
1777034656.814,256.814,0.68,0.69,0.32,0.33,0.01,0.01,78243.81,1777034655000
1777034657.191,257.191,0.68,0.7,0.3,0.32,0.02,0.02,78243.82,1777034656000
1777034657.537,257.537,0.71,0.73,0.28,0.29,0.02,0.01,78243.82,1777034656000
1777034658.117,258.117,0.72,0.73,0.27,0.28,0.01,0.01,78243.82,1777034656000
1777034658.541,258.541,0.72,0.73,0.27,0.28,0.01,0.01,78241.49,1777034657000
1777034659.353,259.353,0.72,0.74,0.26,0.28,0.02,0.02,78239.92,1777034658000
1777034659.728,259.728,0.73,0.74,0.26,0.28,0.01,0.02,78239.92,1777034658000
1777034660.511,260.511,0.72,0.74,0.26,0.28,0.02,0.02,78239.92,1777034658000
1777034661.061,261.061,0.69,0.74,0.26,0.28,0.05,0.02,78242.27,1777034659000
1777034661.417,261.417,0.65,0.74,0.26,0.33,0.09,0.07,78242.27,1777034659000
1777034661.775,261.775,0.63,0.73,0.27,0.28,0.1,0.01,78234.33,1777034660000
1777034662.12,262.12,0.58,0.69,0.31,0.42,0.11,0.11,78231.74,1777034661000
1777034662.457,262.457,0.56,0.58,0.42,0.44,0.02,0.02,78231.74,1777034661000
1777034662.807,262.807,0.51,0.58,0.42,0.49,0.07,0.07,78231.74,1777034661000
1777034663.174,263.174,0.51,0.58,0.42,0.49,0.07,0.07,78231.74,1777034661000
1777034663.534,263.534,0.5,0.58,0.42,0.5,0.08,0.08,78215.2,1777034662000
1777034663.871,263.871,0.42,0.48,0.41,0.58,0.06,0.17,78215.2,1777034662000
1777034664.223,264.223,0.34,0.35,0.65,0.7,0.01,0.05,78215.2,1777034662000
1777034664.562,264.562,0.32,0.33,0.65,0.68,0.01,0.03,78215.17,1777034663000
1777034664.975,264.975,0.32,0.33,0.67,0.68,0.01,0.01,78215.17,1777034663000
1777034665.309,265.309,0.41,0.42,0.58,0.59,0.01,0.01,78215.17,1777034663000
1777034665.675,265.675,0.41,0.42,0.58,0.59,0.01,0.01,78215.17,1777034663000
1777034666.069,266.069,0.41,0.42,0.58,0.6,0.01,0.02,78213.41,1777034664000
1777034666.428,266.428,0.39,0.4,0.6,0.61,0.01,0.01,78213.41,1777034664000
1777034666.813,266.813,0.38,0.39,0.61,0.62,0.01,0.01,78213.01,1777034665000
1777034667.154,267.154,0.38,0.4,0.61,0.63,0.02,0.02,78214.0,1777034666000
1777034667.488,267.488,0.37,0.39,0.61,0.63,0.02,0.02,78214.0,1777034666000
1777034667.933,267.933,0.36,0.38,0.62,0.63,0.02,0.01,78214.0,1777034666000
1777034668.341,268.341,0.38,0.41,0.61,0.62,0.03,0.01,78214.0,1777034666000
1777034668.684,268.684,0.38,0.41,0.59,0.62,0.03,0.03,78213.86,1777034667000
1777034669.022,269.022,0.38,0.4,0.6,0.61,0.02,0.01,78213.86,1777034667000
1777034669.423,269.423,0.39,0.4,0.6,0.61,0.01,0.01,78214.76,1777034668000
1777034669.988,269.988,0.33,0.34,0.61,0.67,0.01,0.06,78214.76,1777034668000
1777034670.335,270.335,0.33,0.34,0.66,0.67,0.01,0.01,78214.76,1777034668000
1777034670.832,270.832,0.32,0.34,0.66,0.67,0.02,0.01,78214.68,1777034669000
1777034671.395,271.395,0.32,0.33,0.67,0.68,0.01,0.01,78214.68,1777034670000
1777034671.796,271.796,0.38,0.39,0.61,0.62,0.01,0.01,78214.68,1777034670000
1777034672.148,272.148,0.37,0.39,0.61,0.63,0.02,0.02,78216.16,1777034671000
1777034672.575,272.575,0.37,0.38,0.62,0.63,0.01,0.01,78216.16,1777034671000
1777034673.005,273.005,0.31,0.34,0.64,0.65,0.03,0.01,78216.16,1777034671000
1777034673.473,273.473,0.3,0.32,0.68,0.69,0.02,0.01,78214.79,1777034672000
1777034673.999,273.999,0.3,0.32,0.68,0.7,0.02,0.02,78214.79,1777034672000
1777034674.398,274.398,0.3,0.31,0.68,0.7,0.01,0.02,78214.55,1777034673000
1777034674.926,274.926,0.28,0.31,0.69,0.7,0.03,0.01,78214.55,1777034673000
1777034675.262,275.262,0.13,0.25,0.75,0.85,0.12,0.1,78214.55,1777034673000
1777034675.597,275.597,0.13,0.15,0.85,0.87,0.02,0.02,78214.55,1777034674000
1777034676.037,276.037,0.12,0.15,0.85,0.88,0.03,0.03,78208.03,1777034675000
1777034676.425,276.425,0.12,0.13,0.87,0.88,0.01,0.01,78208.03,1777034675000
1777034676.784,276.784,0.18,0.22,0.81,0.82,0.04,0.01,78208.03,1777034675000
1777034677.117,277.117,0.19,0.2,0.79,0.81,0.01,0.02,78208.03,1777034675000
1777034677.482,277.482,0.23,0.24,0.76,0.77,0.01,0.01,78201.97,1777034676000
1777034677.839,277.839,0.23,0.24,0.76,0.77,0.01,0.01,78201.97,1777034676000
1777034678.216,278.216,0.24,0.25,0.75,0.76,0.01,0.01,78201.97,1777034676000
1777034678.708,278.708,0.18,0.19,0.75,0.82,0.01,0.07,78202.93,1777034677000
1777034679.119,279.119,0.2,0.21,0.79,0.8,0.01,0.01,78202.93,1777034677000
1777034679.564,279.564,0.18,0.21,0.79,0.82,0.03,0.03,78205.33,1777034678000
1777034680.001,280.001,0.18,0.19,0.81,0.82,0.01,0.01,78205.33,1777034678000
1777034680.45,280.45,0.15,0.18,0.81,0.82,0.03,0.01,78205.34,1777034679000
1777034680.833,280.833,0.16,0.18,0.82,0.84,0.02,0.02,78205.34,1777034679000
1777034681.198,281.198,0.18,0.19,0.81,0.82,0.01,0.01,78205.34,1777034679000
1777034681.611,281.611,0.18,0.2,0.81,0.82,0.02,0.01,78206.26,1777034680000
1777034682.172,282.172,0.19,0.2,0.8,0.83,0.01,0.03,78206.26,1777034680000
1777034682.559,282.559,0.17,0.18,0.8,0.83,0.01,0.03,78206.26,1777034680000
1777034682.946,282.946,0.17,0.18,0.82,0.83,0.01,0.01,78206.8,1777034681000
1777034683.722,283.722,0.16,0.17,0.82,0.83,0.01,0.01,78206.79,1777034682000
1777034684.075,284.075,0.16,0.17,0.83,0.84,0.01,0.01,78206.79,1777034682000
1777034684.543,284.543,0.15,0.16,0.83,0.84,0.01,0.01,78206.79,1777034683000
1777034684.946,284.946,0.15,0.19,0.81,0.85,0.04,0.04,78209.48,1777034684000
1777034685.357,285.357,0.11,0.16,0.84,0.85,0.05,0.01,78209.48,1777034684000
1777034685.696,285.696,0.11,0.12,0.88,0.89,0.01,0.01,78209.48,1777034684000
1777034686.152,286.152,0.11,0.14,0.86,0.89,0.03,0.03,78206.37,1777034685000
1777034686.513,286.513,0.17,0.18,0.82,0.83,0.01,0.01,78206.37,1777034685000
1777034686.886,286.886,0.16,0.18,0.79,0.83,0.02,0.04,78206.37,1777034685000
1777034687.307,287.307,0.17,0.18,0.82,0.83,0.01,0.01,78206.37,1777034685000
1777034687.827,287.827,0.23,0.25,0.79,0.83,0.02,0.04,78206.37,1777034686000
1777034688.223,288.223,0.31,0.32,0.68,0.69,0.01,0.01,78206.37,1777034686000
1777034688.565,288.565,0.41,0.42,0.58,0.59,0.01,0.01,78203.31,1777034687000
1777034688.9,288.9,0.47,0.48,0.52,0.53,0.01,0.01,78203.31,1777034687000
1777034689.24,289.24,0.53,0.54,0.45,0.47,0.01,0.02,78205.93,1777034688000
1777034689.574,289.574,0.53,0.55,0.45,0.47,0.02,0.02,78205.93,1777034688000
1777034689.97,289.97,0.54,0.55,0.45,0.46,0.01,0.01,78205.93,1777034688000
1777034690.413,290.413,0.54,0.55,0.45,0.46,0.01,0.01,78210.35,1777034689000
1777034690.75,290.75,0.48,0.49,0.51,0.52,0.01,0.01,78210.35,1777034689000
1777034691.322,291.322,0.48,0.49,0.51,0.52,0.01,0.01,78215.56,1777034690000
1777034691.661,291.661,0.48,0.49,0.51,0.52,0.01,0.01,78215.56,1777034690000
1777034692.179,292.179,0.02,0.49,0.51,0.52,0.47,0.01,78217.49,1777034691000
1777034692.53,292.53,0.34,0.39,0.57,0.59,0.05,0.02,78217.49,1777034691000
1777034692.955,292.955,0.37,0.39,0.62,0.66,0.02,0.04,78217.49,1777034691000
1777034693.341,293.341,0.38,0.39,0.61,0.62,0.01,0.01,78217.65,1777034692000
1777034693.704,293.704,0.06,0.07,0.93,0.94,0.01,0.01,78217.65,1777034692000
1777034694.1,294.1,0.05,0.06,0.94,0.95,0.01,0.01,78217.65,1777034692000
1777034694.438,294.438,0.05,0.06,0.94,0.95,0.01,0.01,78216.17,1777034693000
1777034694.815,294.815,0.07,0.08,0.92,0.93,0.01,0.01,78216.17,1777034693000
1777034695.154,295.154,0.09,0.1,0.9,0.91,0.01,0.01,78216.17,1777034693000
1777034695.539,295.539,0.08,0.1,0.9,0.92,0.02,0.02,78216.31,1777034694000
1777034696.059,296.059,0.05,0.1,0.9,0.95,0.05,0.05,78216.31,1777034694000
1777034696.431,296.431,0.08,0.09,0.91,0.98,0.01,0.07,78212.11,1777034695000
1777034696.802,296.802,0.07,0.09,0.91,0.97,0.02,0.06,78212.11,1777034695000
1777034697.141,297.141,0.02,0.07,0.93,0.98,0.05,0.05,78212.11,1777034695000
1777034697.475,297.475,0.02,0.05,0.95,0.98,0.03,0.03,78209.0,1777034696000
1777034697.859,297.859,0.02,0.01,0.99,0.98,-0.01,-0.01,78209.0,1777034696000
1777034698.228,298.228,0.02,0.01,0.99,0.98,-0.01,-0.01,78209.0,1777034696000
1777034698.572,298.572,0.02,0.01,0.99,0.98,-0.01,-0.01,78209.13,1777034697000
1777034698.91,298.91,0.02,0.01,0.99,0.98,-0.01,-0.01,78209.13,1777034697000
1777034699.728,299.728,0.02,0.01,0.99,0.98,-0.01,-0.01,78209.61,1777034698000
1777034700.259,300.259,0.02,0.01,0.99,0.98,-0.01,-0.01,78209.15,1777034699000
1777034700.633,300.633,0.02,0.01,0.99,0.98,-0.01,-0.01,78209.15,1777034699000
1777034700.985,300.985,0.02,0.01,0.99,0.98,-0.01,-0.01,78209.15,1777034699000

# RESULT,winner=Down,slug=btc-updown-5m-1777034400,ticks=648
