timestamp,elapsed_sec,up_bid,up_ask,down_bid,down_ask,up_spread,down_spread,btc_price,btc_oracle_ts
1776197400.593,0.593,0.49,0.5,0.5,0.51,0.01,0.01,74412.15,1776197399000
1776197400.996,0.996,0.49,0.5,0.5,0.51,0.01,0.01,74412.15,1776197399000
1776197401.36,1.36,0.49,0.5,0.5,0.52,0.01,0.02,74410.85,1776197400000
1776197401.9,1.9,0.49,0.5,0.5,0.51,0.01,0.01,74410.85,1776197400000
1776197402.274,2.274,0.49,0.5,0.5,0.51,0.01,0.01,74410.85,1776197400000
1776197402.802,2.802,0.48,0.5,0.5,0.51,0.02,0.01,74410.85,1776197400000
1776197403.139,3.139,0.47,0.48,0.51,0.53,0.01,0.02,74410.79,1776197401000
1776197403.557,3.557,0.47,0.48,0.52,0.53,0.01,0.01,74410.79,1776197402000
1776197403.948,3.948,0.47,0.48,0.52,0.53,0.01,0.01,74410.79,1776197402000
1776197404.367,4.367,0.46,0.48,0.52,0.53,0.02,0.01,74410.78,1776197403000
1776197404.849,4.849,0.45,0.47,0.53,0.54,0.02,0.01,74410.78,1776197403000
1776197405.296,5.296,0.45,0.46,0.54,0.55,0.01,0.01,74410.78,1776197403000
1776197405.767,5.767,0.45,0.46,0.54,0.55,0.01,0.01,74404.87,1776197404000
1776197406.115,6.115,0.45,0.46,0.54,0.55,0.01,0.01,74404.47,1776197405000
1776197406.73,6.73,0.45,0.46,0.54,0.55,0.01,0.01,74404.47,1776197405000
1776197407.118,7.118,0.45,0.46,0.54,0.55,0.01,0.01,74404.47,1776197405000
1776197407.491,7.491,0.45,0.46,0.54,0.55,0.01,0.01,74404.47,1776197405000
1776197407.953,7.953,0.45,0.46,0.54,0.55,0.01,0.01,74405.14,1776197406000
1776197408.362,8.362,0.45,0.46,0.54,0.55,0.01,0.01,74405.14,1776197407000
1776197408.741,8.741,0.45,0.46,0.54,0.55,0.01,0.01,74405.14,1776197407000
1776197409.158,9.158,0.45,0.46,0.54,0.55,0.01,0.01,74405.14,1776197407000
1776197409.627,9.627,0.45,0.46,0.54,0.55,0.01,0.01,74405.09,1776197408000
1776197410.125,10.125,0.45,0.46,0.54,0.55,0.01,0.01,74405.09,1776197408000
1776197410.459,10.459,0.45,0.46,0.54,0.55,0.01,0.01,74405.03,1776197409000
1776197411.063,11.063,0.45,0.46,0.54,0.55,0.01,0.01,74405.03,1776197409000
1776197411.443,11.443,0.45,0.46,0.54,0.55,0.01,0.01,74404.62,1776197410000
1776197411.853,11.853,0.45,0.46,0.54,0.55,0.01,0.01,74404.62,1776197410000
1776197412.246,12.246,0.45,0.46,0.54,0.55,0.01,0.01,74404.62,1776197411000
1776197412.614,12.614,0.45,0.46,0.54,0.55,0.01,0.01,74404.62,1776197411000
1776197412.988,12.988,0.45,0.46,0.54,0.55,0.01,0.01,74404.62,1776197411000
1776197413.335,13.335,0.45,0.46,0.54,0.55,0.01,0.01,74403.42,1776197412000
1776197413.765,13.765,0.45,0.46,0.54,0.55,0.01,0.01,74403.42,1776197412000
1776197414.344,14.344,0.45,0.46,0.54,0.55,0.01,0.01,74403.42,1776197413000
1776197415.182,15.182,0.45,0.46,0.54,0.55,0.01,0.01,74403.42,1776197413000
1776197415.819,15.819,0.45,0.46,0.54,0.55,0.01,0.01,74403.57,1776197414000
1776197416.827,16.827,0.45,0.46,0.51,0.55,0.01,0.04,74403.57,1776197415000
1776197417.331,17.331,0.45,0.46,0.54,0.55,0.01,0.01,74402.24,1776197416000
1776197417.725,17.725,0.45,0.46,0.54,0.55,0.01,0.01,74402.24,1776197416000
1776197418.104,18.104,0.45,0.46,0.54,0.55,0.01,0.01,74402.24,1776197416000
1776197418.479,18.479,0.45,0.47,0.53,0.55,0.02,0.02,74402.21,1776197417000
1776197418.959,18.959,0.46,0.47,0.53,0.55,0.01,0.02,74402.21,1776197417000
1776197419.344,19.344,0.46,0.47,0.53,0.54,0.01,0.01,74402.97,1776197418000
1776197419.685,19.685,0.46,0.47,0.53,0.54,0.01,0.01,74402.97,1776197418000
1776197420.207,20.207,0.46,0.47,0.53,0.54,0.01,0.01,74402.97,1776197418000
1776197420.787,20.787,0.46,0.47,0.53,0.54,0.01,0.01,74405.25,1776197419000
1776197421.575,21.575,0.46,0.47,0.53,0.54,0.01,0.01,74403.13,1776197420000
1776197421.964,21.964,0.46,0.47,0.53,0.54,0.01,0.01,74403.13,1776197420000
1776197422.495,22.495,0.46,0.47,0.53,0.54,0.01,0.01,74402.38,1776197421000
1776197423.131,23.131,0.46,0.47,0.53,0.54,0.01,0.01,74402.38,1776197421000
1776197423.565,23.565,0.46,0.47,0.53,0.54,0.01,0.01,74402.43,1776197422000
1776197424.195,24.195,0.46,0.47,0.53,0.54,0.01,0.01,74402.43,1776197422000
1776197424.542,24.542,0.46,0.47,0.53,0.54,0.01,0.01,74402.42,1776197423000
1776197425.05,25.05,0.46,0.47,0.53,0.57,0.01,0.04,74402.42,1776197423000
1776197425.514,25.514,0.46,0.47,0.53,0.54,0.01,0.01,74402.55,1776197424000
1776197426.023,26.023,0.46,0.47,0.53,0.54,0.01,0.01,74402.55,1776197424000
1776197426.57,26.57,0.46,0.47,0.53,0.54,0.01,0.01,74402.54,1776197425000
1776197426.931,26.931,0.46,0.47,0.53,0.54,0.01,0.01,74402.54,1776197425000
1776197427.383,27.383,0.46,0.47,0.53,0.54,0.01,0.01,74402.54,1776197425000
1776197427.722,27.722,0.46,0.47,0.53,0.54,0.01,0.01,74402.5,1776197426000
1776197428.061,28.061,0.46,0.47,0.53,0.54,0.01,0.01,74402.46,1776197427000
1776197429.159,29.159,0.47,0.48,0.52,0.54,0.01,0.02,74402.46,1776197427000
1776197429.716,29.716,0.47,0.48,0.52,0.53,0.01,0.01,74402.47,1776197428000
1776197430.119,30.119,0.41,0.48,0.52,0.53,0.07,0.01,74402.47,1776197428000
1776197430.486,30.486,0.47,0.48,0.52,0.53,0.01,0.01,74402.47,1776197428000
1776197430.821,30.821,0.47,0.48,0.52,0.53,0.01,0.01,74402.75,1776197429000
1776197431.165,31.165,0.44,0.45,0.52,0.56,0.01,0.04,74402.73,1776197430000
1776197431.702,31.702,0.44,0.45,0.55,0.56,0.01,0.01,74402.73,1776197430000
1776197432.14,32.14,0.44,0.45,0.55,0.56,0.01,0.01,74402.73,1776197430000
1776197432.624,32.624,0.44,0.45,0.55,0.56,0.01,0.01,74402.7,1776197431000
1776197432.96,32.96,0.44,0.46,0.55,0.56,0.02,0.01,74402.7,1776197431000
1776197433.296,33.296,0.44,0.46,0.55,0.56,0.02,0.01,74402.7,1776197431000
1776197433.741,33.741,0.45,0.46,0.54,0.55,0.01,0.01,74402.38,1776197432000
1776197434.124,34.124,0.45,0.46,0.54,0.55,0.01,0.01,74402.34,1776197433000
1776197434.471,34.471,0.45,0.5,0.5,0.55,0.05,0.05,74402.34,1776197433000
1776197434.859,34.859,0.47,0.48,0.5,0.54,0.01,0.04,74402.34,1776197433000
1776197435.315,35.315,0.47,0.48,0.52,0.53,0.01,0.01,74402.31,1776197434000
1776197436.406,36.406,0.47,0.48,0.52,0.53,0.01,0.01,74402.31,1776197434000
1776197436.895,36.895,0.47,0.48,0.52,0.53,0.01,0.01,74402.3,1776197435000
1776197437.396,37.396,0.47,0.48,0.52,0.53,0.01,0.01,74402.3,1776197435000
1776197437.747,37.747,0.47,0.48,0.52,0.53,0.01,0.01,74402.3,1776197435000
1776197438.127,38.127,0.48,0.49,0.51,0.53,0.01,0.02,74402.41,1776197436000
1776197438.535,38.535,0.48,0.49,0.51,0.52,0.01,0.01,74402.41,1776197436000
1776197438.872,38.872,0.48,0.49,0.51,0.52,0.01,0.01,74402.4,1776197437000
1776197439.451,39.451,0.48,0.49,0.51,0.52,0.01,0.01,74402.4,1776197437000
1776197440.352,40.352,0.48,0.49,0.51,0.52,0.01,0.01,74402.37,1776197439000
1776197440.777,40.777,0.48,0.49,0.51,0.52,0.01,0.01,74402.37,1776197439000
1776197441.131,41.131,0.49,0.5,0.5,0.51,0.01,0.01,74402.37,1776197439000
1776197441.56,41.56,0.49,0.5,0.5,0.51,0.01,0.01,74402.37,1776197440000
1776197442.0,42.0,0.49,0.5,0.5,0.51,0.01,0.01,74402.37,1776197440000
1776197442.358,42.358,0.49,0.5,0.5,0.51,0.01,0.01,74402.6,1776197441000
1776197442.86,42.86,0.49,0.5,0.5,0.51,0.01,0.01,74402.6,1776197441000
1776197443.61,43.61,0.49,0.5,0.5,0.51,0.01,0.01,74402.6,1776197441000
1776197444.155,44.155,0.49,0.5,0.5,0.51,0.01,0.01,74407.97,1776197442000
1776197444.511,44.511,0.49,0.5,0.5,0.51,0.01,0.01,74407.97,1776197442000
1776197445.109,45.109,0.49,0.5,0.5,0.51,0.01,0.01,74408.3,1776197443000
1776197445.597,45.597,0.49,0.5,0.5,0.51,0.01,0.01,74408.31,1776197444000
1776197445.979,45.979,0.49,0.5,0.5,0.51,0.01,0.01,74408.31,1776197444000
1776197446.345,46.345,0.49,0.5,0.5,0.51,0.01,0.01,74408.31,1776197444000
1776197446.867,46.867,0.49,0.5,0.5,0.51,0.01,0.01,74408.93,1776197445000
1776197447.279,47.279,0.49,0.5,0.5,0.51,0.01,0.01,74408.93,1776197445000
1776197448.002,48.002,0.49,0.5,0.5,0.51,0.01,0.01,74408.93,1776197446000
1776197448.405,48.405,0.49,0.5,0.5,0.51,0.01,0.01,74408.93,1776197447000
1776197448.757,48.757,0.49,0.5,0.5,0.51,0.01,0.01,74408.93,1776197447000
1776197449.247,49.247,0.49,0.5,0.5,0.51,0.01,0.01,74408.93,1776197448000
1776197449.866,49.866,0.49,0.5,0.5,0.51,0.01,0.01,74408.93,1776197448000
1776197450.284,50.284,0.49,0.5,0.49,0.51,0.01,0.02,74408.93,1776197448000
1776197450.765,50.765,0.49,0.5,0.5,0.51,0.01,0.01,74408.93,1776197448000
1776197451.294,51.294,0.5,0.51,0.5,0.51,0.01,0.01,74408.93,1776197449000
1776197451.674,51.674,0.5,0.51,0.49,0.5,0.01,0.01,74408.93,1776197450000
1776197452.246,52.246,0.5,0.51,0.49,0.5,0.01,0.01,74408.93,1776197450000
1776197452.596,52.596,0.5,0.51,0.49,0.5,0.01,0.01,74408.94,1776197451000
1776197453.127,53.127,0.5,0.51,0.49,0.5,0.01,0.01,74408.94,1776197451000
1776197453.953,53.953,0.5,0.51,0.49,0.5,0.01,0.01,74408.94,1776197452000
1776197454.521,54.521,0.5,0.51,0.49,0.5,0.01,0.01,74408.94,1776197452000
1776197455.596,55.596,0.5,0.51,0.49,0.5,0.01,0.01,74408.93,1776197453000
1776197456.046,56.046,0.5,0.51,0.49,0.5,0.01,0.01,74408.69,1776197454000
1776197456.456,56.456,0.5,0.52,0.48,0.5,0.02,0.02,74408.55,1776197455000
1776197457.005,57.005,0.51,0.52,0.48,0.49,0.01,0.01,74408.55,1776197455000
1776197458.471,58.471,0.51,0.52,0.48,0.49,0.01,0.01,74408.49,1776197457000
1776197459.072,59.072,0.51,0.52,0.48,0.49,0.01,0.01,74408.49,1776197458000
1776197459.542,59.542,0.51,0.52,0.48,0.49,0.01,0.01,74408.49,1776197458000
1776197460.107,60.107,0.52,0.53,0.47,0.49,0.01,0.02,74408.49,1776197458000
1776197460.682,60.682,0.52,0.53,0.47,0.48,0.01,0.01,74408.41,1776197459000
1776197461.094,61.094,0.5,0.51,0.48,0.5,0.01,0.02,74408.49,1776197460000
1776197461.447,61.447,0.49,0.51,0.49,0.5,0.02,0.01,74408.49,1776197460000
1776197461.825,61.825,0.49,0.5,0.5,0.51,0.01,0.01,74408.49,1776197460000
1776197462.179,62.179,0.48,0.49,0.51,0.52,0.01,0.01,74408.49,1776197460000
1776197462.768,62.768,0.48,0.49,0.51,0.52,0.01,0.01,74408.49,1776197460000
1776197463.157,63.157,0.45,0.46,0.52,0.54,0.01,0.02,74408.34,1776197461000
1776197463.71,63.71,0.44,0.45,0.54,0.55,0.01,0.01,74408.34,1776197461000
1776197464.159,64.159,0.42,0.45,0.55,0.57,0.03,0.02,74404.64,1776197462000
1776197464.574,64.574,0.38,0.41,0.59,0.62,0.03,0.03,74404.61,1776197463000
1776197464.911,64.911,0.33,0.38,0.62,0.63,0.05,0.01,74404.61,1776197463000
1776197465.274,65.274,0.34,0.35,0.65,0.66,0.01,0.01,74402.94,1776197464000
1776197465.667,65.667,0.34,0.35,0.65,0.66,0.01,0.01,74402.94,1776197464000
1776197466.054,66.054,0.33,0.34,0.66,0.67,0.01,0.01,74402.94,1776197464000
1776197466.413,66.413,0.33,0.34,0.66,0.67,0.01,0.01,74402.94,1776197464000
1776197466.793,66.793,0.33,0.34,0.66,0.67,0.01,0.01,74392.77,1776197465000
1776197467.16,67.16,0.33,0.34,0.66,0.67,0.01,0.01,74392.77,1776197465000
1776197467.528,67.528,0.33,0.34,0.66,0.67,0.01,0.01,74387.53,1776197466000
1776197467.861,67.861,0.33,0.34,0.66,0.67,0.01,0.01,74387.53,1776197466000
1776197468.231,68.231,0.33,0.34,0.66,0.67,0.01,0.01,74387.53,1776197466000
1776197468.565,68.565,0.33,0.34,0.66,0.67,0.01,0.01,74387.53,1776197466000
1776197468.944,68.944,0.33,0.34,0.66,0.67,0.01,0.01,74385.11,1776197467000
1776197469.308,69.308,0.33,0.34,0.66,0.67,0.01,0.01,74385.11,1776197467000
1776197469.935,69.935,0.33,0.34,0.66,0.67,0.01,0.01,74385.11,1776197468000
1776197470.476,70.476,0.32,0.33,0.67,0.68,0.01,0.01,74384.67,1776197469000
1776197470.829,70.829,0.32,0.33,0.67,0.68,0.01,0.01,74384.67,1776197469000
1776197471.196,71.196,0.32,0.33,0.67,0.68,0.01,0.01,74384.67,1776197469000
1776197471.561,71.561,0.31,0.32,0.68,0.69,0.01,0.01,74384.73,1776197470000
1776197472.011,72.011,0.31,0.32,0.68,0.69,0.01,0.01,74384.73,1776197470000
1776197472.394,72.394,0.31,0.32,0.68,0.69,0.01,0.01,74384.73,1776197471000
1776197472.743,72.743,0.3,0.31,0.68,0.7,0.01,0.02,74384.73,1776197471000
1776197473.081,73.081,0.3,0.31,0.69,0.7,0.01,0.01,74384.73,1776197471000
1776197473.434,73.434,0.3,0.31,0.69,0.7,0.01,0.01,74384.73,1776197471000
1776197473.796,73.796,0.3,0.31,0.69,0.7,0.01,0.01,74384.73,1776197471000
1776197474.148,74.148,0.3,0.31,0.69,0.7,0.01,0.01,74378.77,1776197472000
1776197474.491,74.491,0.3,0.31,0.69,0.7,0.01,0.01,74378.77,1776197472000
1776197475.175,75.175,0.3,0.31,0.69,0.7,0.01,0.01,74378.37,1776197473000
1776197475.627,75.627,0.29,0.3,0.69,0.71,0.01,0.02,74376.25,1776197474000
1776197476.06,76.06,0.27,0.28,0.72,0.73,0.01,0.01,74376.25,1776197474000
1776197476.417,76.417,0.26,0.27,0.73,0.74,0.01,0.01,74376.25,1776197474000
1776197476.83,76.83,0.26,0.27,0.73,0.74,0.01,0.01,74374.76,1776197475000
1776197477.188,77.188,0.26,0.28,0.73,0.74,0.02,0.01,74374.09,1776197476000
1776197477.555,77.555,0.25,0.26,0.74,0.75,0.01,0.01,74374.09,1776197476000
1776197477.929,77.929,0.24,0.25,0.75,0.76,0.01,0.01,74374.09,1776197476000
1776197478.35,78.35,0.25,0.26,0.74,0.75,0.01,0.01,74369.05,1776197477000
1776197478.769,78.769,0.24,0.25,0.74,0.76,0.01,0.02,74369.05,1776197477000
1776197479.11,79.11,0.22,0.25,0.75,0.78,0.03,0.03,74369.05,1776197477000
1776197479.451,79.451,0.23,0.24,0.76,0.77,0.01,0.01,74368.05,1776197478000
1776197479.821,79.821,0.22,0.24,0.76,0.78,0.02,0.02,74368.05,1776197478000
1776197480.157,80.157,0.24,0.25,0.74,0.76,0.01,0.02,74368.05,1776197478000
1776197480.506,80.506,0.24,0.25,0.75,0.76,0.01,0.01,74368.05,1776197478000
1776197480.866,80.866,0.25,0.26,0.74,0.76,0.01,0.02,74363.69,1776197479000
1776197481.209,81.209,0.25,0.26,0.74,0.75,0.01,0.01,74362.39,1776197480000
1776197481.603,81.603,0.25,0.26,0.74,0.75,0.01,0.01,74362.39,1776197480000
1776197482.014,82.014,0.26,0.27,0.73,0.75,0.01,0.02,74362.39,1776197480000
1776197482.477,82.477,0.26,0.27,0.73,0.74,0.01,0.01,74360.18,1776197481000
1776197482.863,82.863,0.26,0.27,0.73,0.74,0.01,0.01,74360.18,1776197481000
1776197483.216,83.216,0.26,0.27,0.73,0.74,0.01,0.01,74360.18,1776197481000
1776197483.564,83.564,0.26,0.27,0.73,0.74,0.01,0.01,74363.77,1776197482000
1776197484.006,84.006,0.26,0.27,0.73,0.74,0.01,0.01,74363.77,1776197482000
1776197484.43,84.43,0.27,0.29,0.72,0.73,0.02,0.01,74363.77,1776197482000
1776197484.803,84.803,0.29,0.3,0.7,0.71,0.01,0.01,74365.75,1776197483000
1776197485.139,85.139,0.3,0.31,0.69,0.7,0.01,0.01,74365.8,1776197484000
1776197485.477,85.477,0.3,0.31,0.69,0.7,0.01,0.01,74365.8,1776197484000
1776197485.929,85.929,0.31,0.32,0.68,0.69,0.01,0.01,74365.8,1776197484000
1776197486.273,86.273,0.31,0.32,0.68,0.69,0.01,0.01,74366.69,1776197485000
1776197486.61,86.61,0.31,0.32,0.68,0.69,0.01,0.01,74366.69,1776197485000
1776197486.956,86.956,0.31,0.32,0.68,0.69,0.01,0.01,74366.69,1776197485000
1776197487.348,87.348,0.31,0.32,0.68,0.69,0.01,0.01,74369.96,1776197486000
1776197487.698,87.698,0.31,0.32,0.68,0.69,0.01,0.01,74369.96,1776197486000
1776197488.184,88.184,0.31,0.32,0.68,0.69,0.01,0.01,74369.96,1776197486000
1776197488.551,88.551,0.31,0.32,0.68,0.69,0.01,0.01,74369.96,1776197486000
1776197488.928,88.928,0.31,0.32,0.68,0.69,0.01,0.01,74370.47,1776197487000
1776197489.293,89.293,0.31,0.32,0.68,0.69,0.01,0.01,74370.47,1776197487000
1776197489.993,89.993,0.31,0.32,0.68,0.69,0.01,0.01,74370.5,1776197489000
1776197490.337,90.337,0.33,0.35,0.66,0.68,0.02,0.02,74370.5,1776197489000
1776197490.697,90.697,0.35,0.36,0.64,0.65,0.01,0.01,74370.5,1776197489000
1776197491.086,91.086,0.37,0.38,0.62,0.63,0.01,0.01,74370.5,1776197489000
1776197491.723,91.723,0.37,0.38,0.62,0.63,0.01,0.01,74370.58,1776197490000
1776197492.091,92.091,0.37,0.38,0.62,0.63,0.01,0.01,74370.58,1776197490000
1776197492.457,92.457,0.37,0.38,0.62,0.63,0.01,0.01,74378.53,1776197491000
1776197492.932,92.932,0.37,0.38,0.62,0.63,0.01,0.01,74378.53,1776197491000
1776197493.279,93.279,0.37,0.38,0.62,0.63,0.01,0.01,74381.77,1776197492000
1776197493.727,93.727,0.37,0.38,0.62,0.63,0.01,0.01,74381.77,1776197492000
1776197494.077,94.077,0.37,0.38,0.62,0.63,0.01,0.01,74381.77,1776197492000
1776197494.533,94.533,0.37,0.38,0.62,0.63,0.01,0.01,74382.67,1776197493000
1776197494.995,94.995,0.37,0.38,0.62,0.63,0.01,0.01,74382.67,1776197493000
1776197495.333,95.333,0.37,0.38,0.62,0.63,0.01,0.01,74384.48,1776197494000
1776197495.675,95.675,0.37,0.38,0.62,0.63,0.01,0.01,74384.48,1776197494000
1776197496.027,96.027,0.37,0.38,0.62,0.63,0.01,0.01,74384.48,1776197494000
1776197496.408,96.408,0.37,0.38,0.62,0.63,0.01,0.01,74385.13,1776197495000
1776197496.943,96.943,0.38,0.39,0.61,0.63,0.01,0.02,74385.13,1776197495000
1776197497.295,97.295,0.38,0.39,0.61,0.62,0.01,0.01,74385.24,1776197496000
1776197497.67,97.67,0.38,0.39,0.61,0.62,0.01,0.01,74385.24,1776197496000
1776197498.239,98.239,0.38,0.39,0.61,0.62,0.01,0.01,74385.23,1776197497000
1776197498.716,98.716,0.38,0.39,0.61,0.62,0.01,0.01,74385.23,1776197497000
1776197499.158,99.158,0.38,0.39,0.61,0.62,0.01,0.01,74385.23,1776197497000
1776197499.65,99.65,0.38,0.39,0.61,0.62,0.01,0.01,74385.25,1776197498000
1776197500.039,100.039,0.38,0.39,0.61,0.62,0.01,0.01,74385.25,1776197498000
1776197500.442,100.442,0.38,0.39,0.61,0.62,0.01,0.01,74386.15,1776197499000
1776197501.225,101.225,0.38,0.39,0.61,0.62,0.01,0.01,74386.15,1776197499000
1776197501.595,101.595,0.38,0.39,0.61,0.62,0.01,0.01,74386.15,1776197500000
1776197502.113,102.113,0.38,0.41,0.61,0.62,0.03,0.01,74386.15,1776197500000
1776197502.597,102.597,0.41,0.43,0.58,0.59,0.02,0.01,74386.15,1776197500000
1776197502.946,102.946,0.43,0.44,0.56,0.57,0.01,0.01,74386.16,1776197501000
1776197503.355,103.355,0.45,0.46,0.54,0.55,0.01,0.01,74386.53,1776197502000
1776197503.8,103.8,0.45,0.46,0.54,0.55,0.01,0.01,74386.53,1776197502000
1776197504.156,104.156,0.45,0.46,0.54,0.56,0.01,0.02,74386.53,1776197502000
1776197504.639,104.639,0.43,0.45,0.54,0.55,0.02,0.01,74397.17,1776197503000
1776197504.978,104.978,0.4,0.42,0.58,0.59,0.02,0.01,74399.58,1776197504000
1776197505.327,105.327,0.39,0.4,0.6,0.61,0.01,0.01,74399.58,1776197504000
1776197505.673,105.673,0.39,0.4,0.6,0.61,0.01,0.01,74399.58,1776197504000
1776197506.328,106.328,0.39,0.4,0.6,0.61,0.01,0.01,74394.13,1776197505000
1776197507.043,107.043,0.39,0.4,0.6,0.61,0.01,0.01,74394.13,1776197505000
1776197507.387,107.387,0.39,0.4,0.6,0.61,0.01,0.01,74394.13,1776197505000
1776197507.726,107.726,0.39,0.4,0.6,0.61,0.01,0.01,74390.61,1776197506000
1776197508.309,108.309,0.39,0.4,0.6,0.61,0.01,0.01,74390.56,1776197507000
1776197508.658,108.658,0.39,0.4,0.6,0.61,0.01,0.01,74390.56,1776197507000
1776197509.003,109.003,0.39,0.4,0.6,0.61,0.01,0.01,74390.56,1776197507000
1776197509.378,109.378,0.39,0.4,0.6,0.61,0.01,0.01,74390.97,1776197508000
1776197509.72,109.72,0.39,0.4,0.6,0.61,0.01,0.01,74390.97,1776197508000
1776197510.197,110.197,0.39,0.4,0.6,0.61,0.01,0.01,74390.97,1776197508000
1776197510.545,110.545,0.39,0.45,0.55,0.61,0.06,0.06,74390.97,1776197509000
1776197510.917,110.917,0.44,0.45,0.55,0.57,0.01,0.02,74390.97,1776197509000
1776197511.303,111.303,0.44,0.45,0.55,0.56,0.01,0.01,74391.0,1776197510000
1776197511.659,111.659,0.44,0.45,0.55,0.56,0.01,0.01,74391.0,1776197510000
1776197512.508,112.508,0.44,0.45,0.55,0.56,0.01,0.01,74391.0,1776197511000
1776197512.918,112.918,0.43,0.44,0.56,0.57,0.01,0.01,74391.0,1776197511000
1776197513.283,113.283,0.42,0.43,0.56,0.58,0.01,0.02,74391.0,1776197512000
1776197513.641,113.641,0.41,0.42,0.57,0.58,0.01,0.01,74391.0,1776197512000
1776197514.134,114.134,0.41,0.42,0.58,0.59,0.01,0.01,74391.0,1776197512000
1776197514.499,114.499,0.41,0.42,0.58,0.59,0.01,0.01,74390.98,1776197513000
1776197514.949,114.949,0.41,0.42,0.58,0.59,0.01,0.01,74390.98,1776197513000
1776197515.283,115.283,0.41,0.42,0.58,0.59,0.01,0.01,74390.98,1776197513000
1776197515.827,115.827,0.4,0.41,0.58,0.6,0.01,0.02,74390.98,1776197514000
1776197516.463,116.463,0.4,0.41,0.59,0.6,0.01,0.01,74390.99,1776197515000
1776197517.159,117.159,0.4,0.41,0.59,0.6,0.01,0.01,74390.99,1776197515000
1776197517.835,117.835,0.4,0.41,0.59,0.6,0.01,0.01,74390.99,1776197515000
1776197518.235,118.235,0.4,0.41,0.59,0.6,0.01,0.01,74390.99,1776197516000
1776197518.916,118.916,0.4,0.41,0.59,0.6,0.01,0.01,74391.01,1776197517000
1776197519.346,119.346,0.4,0.41,0.59,0.6,0.01,0.01,74391.01,1776197518000
1776197519.973,119.973,0.4,0.41,0.59,0.6,0.01,0.01,74391.01,1776197518000
1776197520.522,120.522,0.4,0.41,0.59,0.6,0.01,0.01,74391.01,1776197519000
1776197520.948,120.948,0.4,0.41,0.59,0.6,0.01,0.01,74391.01,1776197519000
1776197521.285,121.285,0.4,0.41,0.59,0.6,0.01,0.01,74391.01,1776197520000
1776197521.729,121.729,0.4,0.41,0.59,0.6,0.01,0.01,74391.01,1776197520000
1776197522.143,122.143,0.4,0.41,0.59,0.6,0.01,0.01,74391.01,1776197520000
1776197522.656,122.656,0.4,0.42,0.59,0.6,0.02,0.01,74391.01,1776197521000
1776197523.002,123.002,0.41,0.42,0.58,0.59,0.01,0.01,74391.01,1776197521000
1776197523.37,123.37,0.41,0.42,0.58,0.59,0.01,0.01,74391.01,1776197521000
1776197524.115,124.115,0.41,0.42,0.58,0.59,0.01,0.01,74392.47,1776197523000
1776197524.505,124.505,0.41,0.42,0.58,0.59,0.01,0.01,74392.47,1776197523000
1776197524.855,124.855,0.41,0.42,0.58,0.59,0.01,0.01,74392.47,1776197523000
1776197525.346,125.346,0.41,0.42,0.58,0.59,0.01,0.01,74392.47,1776197523000
1776197526.001,126.001,0.42,0.43,0.57,0.58,0.01,0.01,74392.52,1776197524000
1776197526.502,126.502,0.42,0.43,0.57,0.58,0.01,0.01,74392.52,1776197524000
1776197526.992,126.992,0.42,0.43,0.57,0.58,0.01,0.01,74392.51,1776197525000
1776197527.858,127.858,0.42,0.43,0.57,0.58,0.01,0.01,74392.74,1776197526000
1776197528.293,128.293,0.42,0.43,0.57,0.58,0.01,0.01,74392.88,1776197527000
1776197528.758,128.758,0.44,0.45,0.55,0.58,0.01,0.03,74392.88,1776197527000
1776197529.319,129.319,0.44,0.45,0.55,0.56,0.01,0.01,74392.88,1776197527000
1776197529.804,129.804,0.44,0.45,0.55,0.56,0.01,0.01,74392.97,1776197528000
1776197530.347,130.347,0.43,0.44,0.55,0.57,0.01,0.02,74392.97,1776197529000
1776197530.88,130.88,0.43,0.45,0.56,0.57,0.02,0.01,74392.97,1776197529000
1776197531.24,131.24,0.44,0.46,0.54,0.56,0.02,0.02,74393.44,1776197530000
1776197531.626,131.626,0.45,0.46,0.54,0.55,0.01,0.01,74393.44,1776197530000
1776197531.96,131.96,0.45,0.46,0.54,0.55,0.01,0.01,74393.44,1776197530000
1776197532.311,132.311,0.45,0.46,0.54,0.55,0.01,0.01,74393.44,1776197530000
1776197532.764,132.764,0.45,0.46,0.54,0.55,0.01,0.01,74393.44,1776197530000
1776197533.134,133.134,0.45,0.46,0.54,0.55,0.01,0.01,74393.88,1776197531000
1776197533.527,133.527,0.45,0.46,0.54,0.55,0.01,0.01,74393.88,1776197531000
1776197534.032,134.032,0.45,0.46,0.54,0.55,0.01,0.01,74395.78,1776197532000
1776197534.517,134.517,0.45,0.46,0.54,0.55,0.01,0.01,74395.77,1776197533000
1776197535.073,135.073,0.45,0.46,0.54,0.55,0.01,0.01,74395.77,1776197534000
1776197535.857,135.857,0.45,0.46,0.54,0.55,0.01,0.01,74395.77,1776197534000
1776197536.193,136.193,0.45,0.46,0.54,0.55,0.01,0.01,74395.77,1776197535000
1776197536.74,136.74,0.45,0.46,0.54,0.55,0.01,0.01,74395.77,1776197535000
1776197537.257,137.257,0.45,0.46,0.54,0.55,0.01,0.01,74395.55,1776197536000
1776197537.963,137.963,0.45,0.46,0.54,0.55,0.01,0.01,74395.55,1776197536000
1776197538.346,138.346,0.45,0.46,0.54,0.55,0.01,0.01,74395.55,1776197537000
1776197538.75,138.75,0.45,0.46,0.54,0.55,0.01,0.01,74395.55,1776197537000
1776197539.51,139.51,0.45,0.46,0.54,0.55,0.01,0.01,74395.54,1776197538000
1776197539.844,139.844,0.53,0.55,0.45,0.47,0.02,0.02,74395.54,1776197538000
1776197540.223,140.223,0.54,0.56,0.44,0.46,0.02,0.02,74395.82,1776197539000
1776197540.57,140.57,0.5,0.55,0.45,0.5,0.05,0.05,74395.82,1776197539000
1776197540.934,140.934,0.5,0.51,0.47,0.5,0.01,0.03,74395.82,1776197539000
1776197541.299,141.299,0.5,0.51,0.49,0.51,0.01,0.02,74401.6,1776197540000
1776197541.637,141.637,0.49,0.51,0.49,0.5,0.02,0.01,74401.6,1776197540000
1776197541.97,141.97,0.5,0.51,0.49,0.5,0.01,0.01,74401.6,1776197540000
1776197542.348,142.348,0.5,0.51,0.49,0.5,0.01,0.01,74405.06,1776197541000
1776197542.705,142.705,0.58,0.59,0.41,0.43,0.01,0.02,74405.06,1776197541000
1776197543.143,143.143,0.58,0.59,0.41,0.42,0.01,0.01,74405.06,1776197541000
1776197543.57,143.57,0.58,0.59,0.41,0.42,0.01,0.01,74402.95,1776197542000
1776197543.938,143.938,0.58,0.59,0.41,0.42,0.01,0.01,74402.95,1776197542000
1776197544.276,144.276,0.58,0.59,0.41,0.42,0.01,0.01,74402.95,1776197542000
1776197544.63,144.63,0.58,0.59,0.41,0.42,0.01,0.01,74405.62,1776197543000
1776197545.145,145.145,0.57,0.58,0.42,0.43,0.01,0.01,74405.62,1776197543000
1776197545.626,145.626,0.57,0.59,0.42,0.43,0.02,0.01,74410.92,1776197544000
1776197545.991,145.991,0.58,0.59,0.41,0.42,0.01,0.01,74410.92,1776197544000
1776197546.363,146.363,0.58,0.59,0.41,0.42,0.01,0.01,74410.92,1776197544000
1776197546.858,146.858,0.58,0.59,0.41,0.42,0.01,0.01,74410.92,1776197544000
1776197547.194,147.194,0.58,0.6,0.4,0.42,0.02,0.02,74410.89,1776197545000
1776197547.568,147.568,0.59,0.64,0.36,0.41,0.05,0.05,74411.38,1776197546000
1776197547.929,147.929,0.61,0.63,0.37,0.39,0.02,0.02,74411.38,1776197546000
1776197548.291,148.291,0.63,0.65,0.35,0.37,0.02,0.02,74411.38,1776197546000
1776197548.701,148.701,0.64,0.66,0.34,0.35,0.02,0.01,74412.18,1776197547000
1776197549.036,149.036,0.65,0.66,0.33,0.35,0.01,0.02,74419.42,1776197548000
1776197549.375,149.375,0.65,0.66,0.34,0.35,0.01,0.01,74419.42,1776197548000
1776197549.725,149.725,0.65,0.67,0.34,0.35,0.02,0.01,74419.42,1776197548000
1776197550.068,150.068,0.66,0.68,0.33,0.34,0.02,0.01,74419.42,1776197548000
1776197550.405,150.405,0.67,0.68,0.32,0.33,0.01,0.01,74424.29,1776197549000
1776197550.859,150.859,0.68,0.69,0.31,0.33,0.01,0.02,74424.29,1776197549000
1776197551.219,151.219,0.68,0.69,0.31,0.32,0.01,0.01,74424.29,1776197549000
1776197551.573,151.573,0.68,0.69,0.31,0.32,0.01,0.01,74424.29,1776197549000
1776197551.92,151.92,0.69,0.7,0.3,0.31,0.01,0.01,74426.45,1776197550000
1776197552.403,152.403,0.69,0.7,0.3,0.31,0.01,0.01,74426.45,1776197550000
1776197552.81,152.81,0.7,0.71,0.29,0.31,0.01,0.02,74426.8,1776197551000
1776197553.362,153.362,0.7,0.71,0.29,0.3,0.01,0.01,74426.83,1776197552000
1776197553.849,153.849,0.71,0.72,0.28,0.29,0.01,0.01,74426.83,1776197552000
1776197554.185,154.185,0.72,0.73,0.27,0.29,0.01,0.02,74426.83,1776197552000
1776197554.524,154.524,0.72,0.73,0.27,0.28,0.01,0.01,74427.54,1776197553000
1776197554.916,154.916,0.73,0.74,0.26,0.28,0.01,0.02,74427.54,1776197553000
1776197555.321,155.321,0.74,0.75,0.25,0.27,0.01,0.02,74427.83,1776197554000
1776197555.809,155.809,0.74,0.75,0.25,0.26,0.01,0.01,74427.83,1776197554000
1776197556.22,156.22,0.74,0.75,0.25,0.26,0.01,0.01,74427.83,1776197554000
1776197556.566,156.566,0.74,0.75,0.25,0.26,0.01,0.01,74431.75,1776197555000
1776197556.917,156.917,0.74,0.75,0.25,0.26,0.01,0.01,74431.75,1776197555000
1776197557.449,157.449,0.74,0.75,0.25,0.26,0.01,0.01,74432.36,1776197556000
1776197557.841,157.841,0.74,0.75,0.25,0.26,0.01,0.01,74432.36,1776197556000
1776197558.204,158.204,0.74,0.75,0.25,0.26,0.01,0.01,74432.36,1776197556000
1776197558.559,158.559,0.74,0.75,0.25,0.26,0.01,0.01,74432.65,1776197557000
1776197558.933,158.933,0.74,0.75,0.25,0.26,0.01,0.01,74432.65,1776197557000
1776197559.447,159.447,0.74,0.75,0.25,0.26,0.01,0.01,74432.65,1776197558000
1776197559.887,159.887,0.74,0.75,0.25,0.26,0.01,0.01,74432.65,1776197558000
1776197560.251,160.251,0.74,0.75,0.25,0.26,0.01,0.01,74432.65,1776197558000
1776197560.879,160.879,0.75,0.76,0.24,0.26,0.01,0.02,74432.77,1776197559000
1776197561.272,161.272,0.75,0.76,0.24,0.25,0.01,0.01,74432.8,1776197560000
1776197561.736,161.736,0.74,0.76,0.24,0.25,0.02,0.01,74432.8,1776197560000
1776197562.118,162.118,0.7,0.71,0.28,0.3,0.01,0.02,74432.8,1776197560000
1776197562.545,162.545,0.7,0.72,0.28,0.3,0.02,0.02,74433.0,1776197561000
1776197562.926,162.926,0.71,0.73,0.28,0.29,0.02,0.01,74433.0,1776197561000
1776197563.283,163.283,0.72,0.73,0.27,0.28,0.01,0.01,74432.84,1776197562000
1776197563.628,163.628,0.72,0.73,0.27,0.28,0.01,0.01,74432.84,1776197562000
1776197564.056,164.056,0.74,0.75,0.25,0.26,0.01,0.01,74432.84,1776197562000
1776197564.539,164.539,0.73,0.74,0.25,0.27,0.01,0.02,74430.25,1776197563000
1776197564.924,164.924,0.73,0.74,0.26,0.27,0.01,0.01,74430.25,1776197563000
1776197565.261,165.261,0.73,0.74,0.25,0.27,0.01,0.02,74430.25,1776197563000
1776197565.653,165.653,0.73,0.74,0.26,0.27,0.01,0.01,74430.26,1776197564000
1776197566.045,166.045,0.73,0.74,0.26,0.27,0.01,0.01,74430.27,1776197565000
1776197566.516,166.516,0.73,0.74,0.26,0.27,0.01,0.01,74430.27,1776197565000
1776197566.942,166.942,0.73,0.74,0.26,0.27,0.01,0.01,74430.27,1776197565000
1776197567.282,167.282,0.73,0.74,0.26,0.27,0.01,0.01,74430.29,1776197566000
1776197567.656,167.656,0.73,0.74,0.26,0.27,0.01,0.01,74430.29,1776197566000
1776197568.074,168.074,0.73,0.74,0.26,0.27,0.01,0.01,74430.29,1776197566000
1776197568.451,168.451,0.74,0.75,0.25,0.27,0.01,0.02,74430.0,1776197567000
1776197568.849,168.849,0.74,0.75,0.25,0.26,0.01,0.01,74430.0,1776197567000
1776197569.308,169.308,0.74,0.75,0.25,0.26,0.01,0.01,74430.0,1776197567000
1776197569.802,169.802,0.72,0.75,0.25,0.26,0.03,0.01,74430.0,1776197568000
1776197570.141,170.141,0.72,0.75,0.25,0.28,0.03,0.03,74430.0,1776197569000
1776197570.7,170.7,0.67,0.68,0.31,0.34,0.01,0.03,74430.0,1776197569000
1776197571.126,171.126,0.66,0.67,0.33,0.34,0.01,0.01,74430.03,1776197570000
1776197571.734,171.734,0.66,0.67,0.33,0.34,0.01,0.01,74430.03,1776197570000
1776197572.177,172.177,0.66,0.67,0.33,0.34,0.01,0.01,74422.68,1776197571000
1776197572.638,172.638,0.66,0.67,0.33,0.34,0.01,0.01,74422.68,1776197571000
1776197573.096,173.096,0.66,0.67,0.33,0.34,0.01,0.01,74422.68,1776197571000
1776197573.445,173.445,0.63,0.66,0.34,0.35,0.03,0.01,74417.84,1776197572000
1776197574.049,174.049,0.64,0.65,0.35,0.36,0.01,0.01,74417.84,1776197572000
1776197574.432,174.432,0.64,0.65,0.35,0.37,0.01,0.02,74417.84,1776197572000
1776197574.869,174.869,0.62,0.65,0.35,0.36,0.03,0.01,74417.84,1776197573000
1776197575.369,175.369,0.62,0.63,0.35,0.38,0.01,0.03,74417.78,1776197574000
1776197576.035,176.035,0.62,0.63,0.37,0.38,0.01,0.01,74416.94,1776197575000
1776197576.52,176.52,0.62,0.63,0.37,0.38,0.01,0.01,74416.94,1776197575000
1776197577.117,177.117,0.62,0.63,0.37,0.38,0.01,0.01,74417.27,1776197576000
1776197577.803,177.803,0.62,0.63,0.37,0.38,0.01,0.01,74417.27,1776197576000
1776197578.166,178.166,0.62,0.63,0.37,0.38,0.01,0.01,74417.27,1776197576000
1776197578.583,178.583,0.62,0.63,0.37,0.38,0.01,0.01,74417.27,1776197576000
1776197578.935,178.935,0.62,0.63,0.37,0.38,0.01,0.01,74417.28,1776197577000
1776197579.321,179.321,0.62,0.63,0.37,0.38,0.01,0.01,74417.25,1776197578000
1776197579.682,179.682,0.62,0.63,0.37,0.38,0.01,0.01,74417.25,1776197578000
1776197580.705,180.705,0.62,0.63,0.37,0.38,0.01,0.01,74417.2,1776197579000
1776197581.144,181.144,0.62,0.63,0.37,0.38,0.01,0.01,74417.27,1776197580000
1776197581.53,181.53,0.62,0.63,0.37,0.38,0.01,0.01,74417.27,1776197580000
1776197581.87,181.87,0.62,0.63,0.37,0.38,0.01,0.01,74417.27,1776197580000
1776197582.204,182.204,0.62,0.63,0.37,0.38,0.01,0.01,74417.28,1776197581000
1776197582.56,182.56,0.62,0.63,0.37,0.38,0.01,0.01,74417.28,1776197581000
1776197583.162,183.162,0.62,0.63,0.37,0.38,0.01,0.01,74417.29,1776197582000
1776197583.501,183.501,0.54,0.61,0.39,0.47,0.07,0.08,74417.29,1776197582000
1776197583.845,183.845,0.52,0.61,0.39,0.48,0.09,0.09,74417.29,1776197582000
1776197584.21,184.21,0.55,0.57,0.43,0.45,0.02,0.02,74417.26,1776197583000
1776197584.772,184.772,0.56,0.57,0.43,0.44,0.01,0.01,74417.26,1776197583000
1776197585.23,185.23,0.56,0.57,0.43,0.45,0.01,0.02,74417.26,1776197583000
1776197585.673,185.673,0.56,0.57,0.43,0.44,0.01,0.01,74416.13,1776197584000
1776197586.119,186.119,0.56,0.57,0.43,0.44,0.01,0.01,74416.13,1776197584000
1776197586.497,186.497,0.56,0.57,0.43,0.44,0.01,0.01,74412.89,1776197585000
1776197586.956,186.956,0.53,0.54,0.45,0.47,0.01,0.02,74412.89,1776197585000
1776197587.301,187.301,0.49,0.51,0.49,0.5,0.02,0.01,74412.89,1776197585000
1776197587.712,187.712,0.47,0.48,0.49,0.52,0.01,0.03,74412.68,1776197586000
1776197588.145,188.145,0.47,0.48,0.52,0.53,0.01,0.01,74412.68,1776197586000
1776197588.58,188.58,0.47,0.48,0.52,0.53,0.01,0.01,74403.86,1776197587000
1776197589.058,189.058,0.47,0.48,0.52,0.53,0.01,0.01,74402.37,1776197588000
1776197589.953,189.953,0.46,0.48,0.52,0.54,0.02,0.02,74400.83,1776197589000
1776197590.778,190.778,0.46,0.47,0.5,0.54,0.01,0.04,74400.83,1776197589000
1776197591.234,191.234,0.45,0.46,0.54,0.55,0.01,0.01,74399.79,1776197590000
1776197591.579,191.579,0.45,0.46,0.54,0.55,0.01,0.01,74399.79,1776197590000
1776197592.047,192.047,0.44,0.45,0.55,0.56,0.01,0.01,74399.79,1776197590000
1776197592.388,192.388,0.43,0.44,0.55,0.56,0.01,0.01,74399.79,1776197590000
1776197593.26,193.26,0.43,0.44,0.56,0.57,0.01,0.01,74394.75,1776197592000
1776197593.636,193.636,0.43,0.44,0.56,0.57,0.01,0.01,74394.75,1776197592000
1776197594.014,194.014,0.42,0.44,0.56,0.57,0.02,0.01,74394.75,1776197592000
1776197594.359,194.359,0.42,0.43,0.57,0.58,0.01,0.01,74394.03,1776197593000
1776197594.72,194.72,0.42,0.43,0.57,0.58,0.01,0.01,74394.03,1776197593000
1776197595.113,195.113,0.42,0.43,0.57,0.58,0.01,0.01,74394.03,1776197593000
1776197595.543,195.543,0.42,0.43,0.57,0.58,0.01,0.01,74394.02,1776197594000
1776197595.969,195.969,0.43,0.44,0.56,0.57,0.01,0.01,74393.8,1776197595000
1776197596.337,196.337,0.43,0.44,0.56,0.57,0.01,0.01,74393.8,1776197595000
1776197596.748,196.748,0.43,0.44,0.56,0.57,0.01,0.01,74393.8,1776197595000
1776197597.263,197.263,0.43,0.44,0.56,0.57,0.01,0.01,74393.97,1776197596000
1776197597.715,197.715,0.43,0.44,0.56,0.57,0.01,0.01,74393.97,1776197596000
1776197598.051,198.051,0.43,0.44,0.56,0.57,0.01,0.01,74393.97,1776197596000
1776197598.385,198.385,0.43,0.44,0.56,0.57,0.01,0.01,74396.37,1776197597000
1776197598.823,198.823,0.43,0.44,0.56,0.57,0.01,0.01,74396.37,1776197597000
1776197599.217,199.217,0.43,0.44,0.56,0.57,0.01,0.01,74396.51,1776197598000
1776197599.654,199.654,0.43,0.44,0.56,0.57,0.01,0.01,74396.51,1776197598000
1776197600.08,200.08,0.42,0.44,0.56,0.57,0.02,0.01,74396.51,1776197598000
1776197600.617,200.617,0.43,0.44,0.56,0.57,0.01,0.01,74397.94,1776197599000
1776197601.004,201.004,0.43,0.44,0.56,0.57,0.01,0.01,74397.94,1776197599000
1776197601.397,201.397,0.42,0.44,0.56,0.58,0.02,0.02,74397.94,1776197600000
1776197601.742,201.742,0.42,0.43,0.56,0.58,0.01,0.02,74397.94,1776197600000
1776197602.167,202.167,0.42,0.43,0.57,0.58,0.01,0.01,74397.94,1776197601000
1776197602.665,202.665,0.42,0.43,0.57,0.58,0.01,0.01,74397.94,1776197601000
1776197603.054,203.054,0.42,0.43,0.57,0.58,0.01,0.01,74397.94,1776197602000
1776197603.999,203.999,0.42,0.43,0.57,0.58,0.01,0.01,74397.93,1776197603000
1776197604.765,204.765,0.42,0.43,0.57,0.58,0.01,0.01,74397.93,1776197603000
1776197605.123,205.123,0.42,0.43,0.57,0.58,0.01,0.01,74397.93,1776197604000
1776197605.488,205.488,0.55,0.56,0.44,0.45,0.01,0.01,74397.93,1776197604000
1776197605.861,205.861,0.55,0.58,0.43,0.45,0.03,0.02,74397.93,1776197604000
1776197606.195,206.195,0.57,0.59,0.41,0.43,0.02,0.02,74397.93,1776197604000
1776197606.581,206.581,0.58,0.61,0.39,0.42,0.03,0.03,74397.93,1776197605000
1776197606.947,206.947,0.58,0.59,0.4,0.42,0.01,0.02,74397.93,1776197605000
1776197607.324,207.324,0.59,0.6,0.4,0.41,0.01,0.01,74406.59,1776197606000
1776197608.141,208.141,0.59,0.6,0.4,0.41,0.01,0.01,74406.59,1776197606000
1776197608.759,208.759,0.59,0.6,0.4,0.41,0.01,0.01,74414.24,1776197607000
1776197609.149,209.149,0.59,0.6,0.4,0.41,0.01,0.01,74414.24,1776197607000
1776197609.484,209.484,0.59,0.6,0.4,0.41,0.01,0.01,74414.24,1776197607000
1776197609.985,209.985,0.59,0.6,0.4,0.41,0.01,0.01,74414.16,1776197608000
1776197610.354,210.354,0.59,0.6,0.4,0.41,0.01,0.01,74414.16,1776197608000
1776197610.718,210.718,0.59,0.6,0.4,0.41,0.01,0.01,74414.16,1776197609000
1776197611.129,211.129,0.59,0.6,0.4,0.41,0.01,0.01,74414.16,1776197609000
1776197611.462,211.462,0.59,0.6,0.4,0.41,0.01,0.01,74414.16,1776197610000
1776197612.006,212.006,0.59,0.6,0.4,0.41,0.01,0.01,74414.16,1776197610000
1776197612.38,212.38,0.59,0.6,0.4,0.41,0.01,0.01,74414.16,1776197611000
1776197612.718,212.718,0.59,0.6,0.4,0.41,0.01,0.01,74414.16,1776197611000
1776197613.065,213.065,0.58,0.59,0.41,0.42,0.01,0.01,74414.16,1776197611000
1776197613.483,213.483,0.59,0.6,0.4,0.41,0.01,0.01,74414.15,1776197612000
1776197613.937,213.937,0.59,0.6,0.4,0.41,0.01,0.01,74414.15,1776197612000
1776197614.294,214.294,0.59,0.6,0.4,0.41,0.01,0.01,74413.89,1776197613000
1776197614.963,214.963,0.59,0.61,0.4,0.41,0.02,0.01,74413.89,1776197613000
1776197615.308,215.308,0.62,0.63,0.33,0.38,0.01,0.05,74413.89,1776197613000
1776197615.647,215.647,0.66,0.68,0.33,0.34,0.02,0.01,74413.9,1776197614000
1776197615.991,215.991,0.67,0.69,0.31,0.33,0.02,0.02,74413.9,1776197614000
1776197616.419,216.419,0.69,0.7,0.3,0.32,0.01,0.02,74413.9,1776197614000
1776197616.858,216.858,0.69,0.7,0.3,0.31,0.01,0.01,74415.72,1776197615000
1776197617.205,217.205,0.73,0.75,0.25,0.27,0.02,0.02,74415.72,1776197615000
1776197617.543,217.543,0.75,0.77,0.23,0.24,0.02,0.01,74415.77,1776197616000
1776197617.945,217.945,0.77,0.78,0.22,0.23,0.01,0.01,74415.77,1776197616000
1776197618.307,218.307,0.78,0.79,0.21,0.22,0.01,0.01,74415.77,1776197616000
1776197618.685,218.685,0.78,0.8,0.21,0.22,0.02,0.01,74424.83,1776197617000
1776197619.105,219.105,0.79,0.8,0.2,0.21,0.01,0.01,74424.83,1776197617000
1776197619.452,219.452,0.79,0.8,0.2,0.22,0.01,0.02,74431.51,1776197618000
1776197619.798,219.798,0.79,0.8,0.2,0.21,0.01,0.01,74431.51,1776197618000
1776197620.134,220.134,0.79,0.8,0.2,0.21,0.01,0.01,74431.51,1776197618000
1776197620.47,220.47,0.79,0.8,0.2,0.21,0.01,0.01,74431.51,1776197618000
1776197621.145,221.145,0.79,0.8,0.2,0.21,0.01,0.01,74432.46,1776197619000
1776197621.503,221.503,0.79,0.8,0.2,0.21,0.01,0.01,74432.45,1776197620000
1776197621.97,221.97,0.79,0.8,0.2,0.21,0.01,0.01,74432.45,1776197620000
1776197622.383,222.383,0.79,0.8,0.2,0.21,0.01,0.01,74431.78,1776197621000
1776197622.752,222.752,0.79,0.8,0.2,0.21,0.01,0.01,74431.78,1776197621000
1776197623.226,223.226,0.79,0.8,0.2,0.21,0.01,0.01,74431.78,1776197621000
1776197623.64,223.64,0.78,0.8,0.2,0.21,0.02,0.01,74431.78,1776197622000
1776197623.997,223.997,0.69,0.71,0.29,0.31,0.02,0.02,74431.89,1776197623000
1776197624.358,224.358,0.7,0.71,0.29,0.3,0.01,0.01,74431.89,1776197623000
1776197624.698,224.698,0.69,0.71,0.29,0.31,0.02,0.02,74431.89,1776197623000
1776197625.031,225.031,0.7,0.71,0.29,0.3,0.01,0.01,74431.89,1776197623000
1776197625.391,225.391,0.69,0.7,0.29,0.3,0.01,0.01,74432.06,1776197624000
1776197625.74,225.74,0.69,0.7,0.3,0.31,0.01,0.01,74432.06,1776197624000
1776197626.164,226.164,0.69,0.7,0.3,0.31,0.01,0.01,74432.06,1776197624000
1776197626.788,226.788,0.69,0.7,0.3,0.31,0.01,0.01,74422.05,1776197625000
1776197627.399,227.399,0.67,0.68,0.3,0.32,0.01,0.02,74422.05,1776197625000
1776197627.929,227.929,0.67,0.68,0.32,0.33,0.01,0.01,74422.05,1776197626000
1776197628.295,228.295,0.67,0.68,0.32,0.33,0.01,0.01,74421.66,1776197627000
1776197628.738,228.738,0.66,0.67,0.32,0.34,0.01,0.02,74421.66,1776197627000
1776197629.141,229.141,0.65,0.66,0.33,0.35,0.01,0.02,74421.66,1776197627000
1776197629.567,229.567,0.63,0.64,0.35,0.36,0.01,0.01,74421.1,1776197628000
1776197630.002,230.002,0.63,0.64,0.36,0.37,0.01,0.01,74420.87,1776197629000
1776197630.351,230.351,0.63,0.64,0.36,0.37,0.01,0.01,74420.87,1776197629000
1776197630.921,230.921,0.63,0.64,0.36,0.37,0.01,0.01,74420.87,1776197629000
1776197631.42,231.42,0.63,0.64,0.35,0.37,0.01,0.02,74418.72,1776197630000
1776197631.896,231.896,0.63,0.64,0.36,0.37,0.01,0.01,74418.72,1776197630000
1776197632.536,232.536,0.63,0.64,0.36,0.37,0.01,0.01,74417.64,1776197631000
1776197632.942,232.942,0.63,0.64,0.36,0.37,0.01,0.01,74417.64,1776197631000
1776197633.315,233.315,0.63,0.64,0.36,0.37,0.01,0.01,74417.64,1776197631000
1776197633.655,233.655,0.63,0.64,0.36,0.37,0.01,0.01,74418.28,1776197632000
1776197634.007,234.007,0.63,0.64,0.36,0.37,0.01,0.01,74418.03,1776197633000
1776197634.344,234.344,0.62,0.63,0.37,0.38,0.01,0.01,74418.03,1776197633000
1776197634.714,234.714,0.61,0.62,0.38,0.39,0.01,0.01,74418.03,1776197633000
1776197635.113,235.113,0.61,0.62,0.38,0.39,0.01,0.01,74418.03,1776197633000
1776197635.502,235.502,0.61,0.62,0.38,0.39,0.01,0.01,74417.51,1776197634000
1776197635.856,235.856,0.61,0.62,0.38,0.39,0.01,0.01,74417.51,1776197634000
1776197636.278,236.278,0.6,0.61,0.38,0.4,0.01,0.02,74417.51,1776197634000
1776197636.717,236.717,0.6,0.61,0.39,0.4,0.01,0.01,74417.26,1776197635000
1776197637.1,237.1,0.6,0.61,0.39,0.4,0.01,0.01,74417.26,1776197635000
1776197637.497,237.497,0.6,0.61,0.39,0.4,0.01,0.01,74416.46,1776197636000
1776197638.156,238.156,0.6,0.61,0.39,0.4,0.01,0.01,74416.46,1776197636000
1776197638.691,238.691,0.6,0.61,0.39,0.4,0.01,0.01,74416.45,1776197637000
1776197639.115,239.115,0.58,0.59,0.41,0.42,0.01,0.01,74416.45,1776197637000
1776197639.471,239.471,0.58,0.59,0.41,0.42,0.01,0.01,74416.42,1776197638000
1776197639.807,239.807,0.58,0.59,0.41,0.42,0.01,0.01,74416.42,1776197638000
1776197640.305,240.305,0.58,0.59,0.41,0.42,0.01,0.01,74416.42,1776197638000
1776197640.855,240.855,0.58,0.59,0.41,0.42,0.01,0.01,74416.13,1776197639000
1776197641.22,241.22,0.58,0.59,0.41,0.42,0.01,0.01,74416.13,1776197639000
1776197641.573,241.573,0.58,0.59,0.41,0.42,0.01,0.01,74416.05,1776197640000
1776197641.956,241.956,0.56,0.59,0.41,0.42,0.03,0.01,74416.05,1776197640000
1776197642.423,242.423,0.56,0.57,0.43,0.44,0.01,0.01,74415.24,1776197641000
1776197642.838,242.838,0.56,0.57,0.43,0.44,0.01,0.01,74415.24,1776197641000
1776197643.433,243.433,0.54,0.57,0.43,0.44,0.03,0.01,74415.24,1776197641000
1776197643.785,243.785,0.5,0.51,0.49,0.5,0.01,0.01,74415.4,1776197642000
1776197644.207,244.207,0.47,0.48,0.5,0.53,0.01,0.03,74415.34,1776197643000
1776197644.549,244.549,0.46,0.47,0.53,0.54,0.01,0.01,74415.34,1776197643000
1776197644.884,244.884,0.45,0.46,0.54,0.55,0.01,0.01,74415.34,1776197643000
1776197645.296,245.296,0.45,0.46,0.54,0.55,0.01,0.01,74415.22,1776197644000
1776197645.676,245.676,0.44,0.45,0.55,0.56,0.01,0.01,74415.22,1776197644000
1776197646.097,246.097,0.45,0.46,0.54,0.56,0.01,0.02,74415.22,1776197644000
1776197646.604,246.604,0.45,0.46,0.54,0.55,0.01,0.01,74408.47,1776197645000
1776197646.944,246.944,0.45,0.46,0.54,0.55,0.01,0.01,74408.47,1776197645000
1776197647.354,247.354,0.45,0.46,0.54,0.55,0.01,0.01,74408.47,1776197645000
1776197647.694,247.694,0.45,0.46,0.54,0.55,0.01,0.01,74407.65,1776197646000
1776197648.228,248.228,0.45,0.46,0.54,0.55,0.01,0.01,74407.65,1776197646000
1776197648.674,248.674,0.45,0.46,0.54,0.55,0.01,0.01,74407.34,1776197647000
1776197649.23,249.23,0.45,0.46,0.54,0.55,0.01,0.01,74407.2,1776197648000
1776197649.57,249.57,0.59,0.64,0.39,0.41,0.05,0.02,74407.2,1776197648000
1776197649.929,249.929,0.7,0.72,0.28,0.3,0.02,0.02,74407.2,1776197648000
1776197650.335,250.335,0.75,0.79,0.24,0.25,0.04,0.01,74407.2,1776197649000
1776197650.685,250.685,0.78,0.81,0.19,0.22,0.03,0.03,74407.2,1776197649000
1776197651.069,251.069,0.81,0.82,0.18,0.19,0.01,0.01,74407.2,1776197649000
1776197651.458,251.458,0.83,0.84,0.15,0.17,0.01,0.02,74412.99,1776197650000
1776197651.814,251.814,0.84,0.85,0.15,0.16,0.01,0.01,74412.99,1776197650000
1776197652.289,252.289,0.84,0.86,0.15,0.16,0.02,0.01,74412.99,1776197650000
1776197652.627,252.627,0.85,0.86,0.14,0.15,0.01,0.01,74425.98,1776197651000
1776197653.056,253.056,0.85,0.86,0.14,0.15,0.01,0.01,74425.98,1776197651000
1776197653.486,253.486,0.85,0.86,0.14,0.15,0.01,0.01,74425.98,1776197651000
1776197653.881,253.881,0.85,0.86,0.14,0.15,0.01,0.01,74430.79,1776197652000
1776197654.259,254.259,0.85,0.86,0.14,0.15,0.01,0.01,74435.08,1776197653000
1776197654.609,254.609,0.85,0.86,0.14,0.15,0.01,0.01,74435.08,1776197653000
1776197655.074,255.074,0.85,0.86,0.14,0.15,0.01,0.01,74435.08,1776197653000
1776197655.439,255.439,0.88,0.89,0.11,0.12,0.01,0.01,74435.43,1776197654000
1776197655.784,255.784,0.88,0.89,0.11,0.12,0.01,0.01,74435.43,1776197654000
1776197656.198,256.198,0.88,0.89,0.11,0.12,0.01,0.01,74435.43,1776197654000
1776197656.599,256.599,0.88,0.89,0.11,0.12,0.01,0.01,74435.43,1776197655000
1776197656.939,256.939,0.88,0.89,0.11,0.12,0.01,0.01,74435.43,1776197655000
1776197657.423,257.423,0.88,0.89,0.11,0.12,0.01,0.01,74437.94,1776197656000
1776197657.797,257.797,0.88,0.89,0.11,0.12,0.01,0.01,74437.94,1776197656000
1776197658.142,258.142,0.88,0.89,0.11,0.12,0.01,0.01,74441.57,1776197657000
1776197658.512,258.512,0.88,0.89,0.11,0.12,0.01,0.01,74441.57,1776197657000
1776197658.858,258.858,0.88,0.89,0.11,0.12,0.01,0.01,74441.57,1776197657000
1776197659.213,259.213,0.88,0.89,0.11,0.12,0.01,0.01,74441.57,1776197657000
1776197659.669,259.669,0.89,0.9,0.1,0.12,0.01,0.02,74443.8,1776197658000
1776197660.009,260.009,0.89,0.9,0.1,0.11,0.01,0.01,74443.8,1776197658000
1776197660.416,260.416,0.89,0.9,0.1,0.11,0.01,0.01,74446.45,1776197659000
1776197660.884,260.884,0.89,0.9,0.1,0.11,0.01,0.01,74446.45,1776197659000
1776197661.221,261.221,0.89,0.9,0.1,0.11,0.01,0.01,74446.45,1776197659000
1776197661.591,261.591,0.9,0.91,0.09,0.11,0.01,0.02,74447.04,1776197660000
1776197661.981,261.981,0.9,0.91,0.09,0.1,0.01,0.01,74447.04,1776197660000
1776197662.316,262.316,0.91,0.92,0.08,0.09,0.01,0.01,74447.04,1776197661000
1776197662.652,262.652,0.91,0.92,0.08,0.09,0.01,0.01,74447.04,1776197661000
1776197663.131,263.131,0.91,0.92,0.08,0.09,0.01,0.01,74447.04,1776197661000
1776197663.728,263.728,0.92,0.93,0.07,0.08,0.01,0.01,74445.42,1776197662000
1776197664.089,264.089,0.92,0.93,0.07,0.08,0.01,0.01,74445.42,1776197662000
1776197664.495,264.495,0.92,0.93,0.07,0.08,0.01,0.01,74445.41,1776197663000
1776197665.019,265.019,0.92,0.93,0.07,0.08,0.01,0.01,74445.41,1776197663000
1776197665.358,265.358,0.92,0.93,0.07,0.08,0.01,0.01,74445.41,1776197663000
1776197665.723,265.723,0.92,0.93,0.07,0.08,0.01,0.01,74446.22,1776197664000
1776197666.089,266.089,0.92,0.93,0.07,0.08,0.01,0.01,74446.22,1776197665000
1776197666.639,266.639,0.92,0.93,0.07,0.08,0.01,0.01,74446.22,1776197665000
1776197666.988,266.988,0.92,0.93,0.07,0.08,0.01,0.01,74445.97,1776197666000
1776197667.381,267.381,0.92,0.93,0.07,0.08,0.01,0.01,74445.97,1776197666000
1776197667.73,267.73,0.92,0.93,0.07,0.08,0.01,0.01,74445.97,1776197666000
1776197668.119,268.119,0.93,0.94,0.06,0.07,0.01,0.01,74445.96,1776197667000
1776197668.497,268.497,0.93,0.94,0.06,0.07,0.01,0.01,74445.96,1776197667000
1776197668.909,268.909,0.93,0.94,0.06,0.07,0.01,0.01,74445.96,1776197667000
1776197669.265,269.265,0.93,0.94,0.06,0.07,0.01,0.01,74445.86,1776197668000
1776197669.764,269.764,0.93,0.94,0.06,0.07,0.01,0.01,74445.86,1776197668000
1776197670.208,270.208,0.93,0.94,0.06,0.07,0.01,0.01,74445.87,1776197669000
1776197670.652,270.652,0.93,0.94,0.06,0.07,0.01,0.01,74445.87,1776197669000
1776197671.005,271.005,0.93,0.94,0.06,0.07,0.01,0.01,74445.98,1776197670000
1776197671.391,271.391,0.93,0.94,0.06,0.07,0.01,0.01,74445.98,1776197670000
1776197671.738,271.738,0.93,0.94,0.06,0.07,0.01,0.01,74445.98,1776197670000
1776197672.137,272.137,0.94,0.95,0.05,0.07,0.01,0.02,74445.95,1776197671000
1776197672.679,272.679,0.94,0.95,0.05,0.06,0.01,0.01,74445.95,1776197671000
1776197673.044,273.044,0.94,0.95,0.05,0.06,0.01,0.01,74445.95,1776197672000
1776197673.405,273.405,0.94,0.95,0.05,0.06,0.01,0.01,74445.95,1776197672000
1776197673.933,273.933,0.94,0.95,0.05,0.06,0.01,0.01,74445.95,1776197672000
1776197674.375,274.375,0.93,0.94,0.05,0.07,0.01,0.02,74445.92,1776197673000
1776197674.776,274.776,0.93,0.94,0.06,0.07,0.01,0.01,74445.92,1776197673000
1776197675.262,275.262,0.93,0.95,0.06,0.07,0.02,0.01,74446.01,1776197674000
1776197675.596,275.596,0.93,0.95,0.05,0.07,0.02,0.02,74446.01,1776197674000
1776197675.94,275.94,0.94,0.95,0.05,0.06,0.01,0.01,74446.01,1776197674000
1776197676.485,276.485,0.94,0.95,0.05,0.06,0.01,0.01,74446.0,1776197675000
1776197677.123,277.123,0.94,0.95,0.05,0.06,0.01,0.01,74445.95,1776197676000
1776197677.476,277.476,0.94,0.95,0.05,0.06,0.01,0.01,74445.95,1776197676000
1776197677.815,277.815,0.94,0.96,0.05,0.06,0.02,0.01,74445.95,1776197676000
1776197678.161,278.161,0.96,0.97,0.03,0.04,0.01,0.01,74445.95,1776197677000
1776197678.54,278.54,0.97,0.98,0.02,0.03,0.01,0.01,74445.95,1776197677000
1776197678.921,278.921,0.97,0.98,0.02,0.03,0.01,0.01,74445.95,1776197677000
1776197679.256,279.256,0.97,0.98,0.02,0.03,0.01,0.01,74446.1,1776197678000
1776197679.623,279.623,0.97,0.98,0.02,0.03,0.01,0.01,74446.1,1776197678000
1776197680.054,280.054,0.97,0.98,0.02,0.03,0.01,0.01,74446.1,1776197678000
1776197680.494,280.494,0.97,0.98,0.02,0.03,0.01,0.01,74459.39,1776197679000
1776197680.84,280.84,0.97,0.98,0.02,0.03,0.01,0.01,74459.39,1776197679000
1776197681.222,281.222,0.97,0.98,0.02,0.03,0.01,0.01,74466.97,1776197680000
1776197681.601,281.601,0.97,0.98,0.02,0.03,0.01,0.01,74466.97,1776197680000
1776197681.948,281.948,0.98,0.99,0.01,0.02,0.01,0.01,74466.97,1776197680000
1776197682.288,282.288,0.98,0.99,0.01,0.02,0.01,0.01,74466.98,1776197681000
1776197682.635,282.635,0.98,0.99,0.01,0.02,0.01,0.01,74466.98,1776197681000
1776197683.021,283.021,0.98,0.99,0.01,0.02,0.01,0.01,74466.98,1776197681000
1776197683.385,283.385,0.98,0.99,0.01,0.02,0.01,0.01,74466.91,1776197682000
1776197683.771,283.771,0.98,0.99,0.01,0.02,0.01,0.01,74466.91,1776197682000
1776197684.117,284.117,0.98,0.99,0.01,0.02,0.01,0.01,74466.91,1776197682000
1776197684.454,284.454,0.98,0.99,0.01,0.02,0.01,0.01,74466.97,1776197683000
1776197684.811,284.811,0.98,0.99,0.01,0.02,0.01,0.01,74466.97,1776197683000
1776197685.175,285.175,0.98,0.99,0.01,0.02,0.01,0.01,74466.97,1776197683000
1776197685.601,285.601,0.98,0.99,0.01,0.02,0.01,0.01,74472.91,1776197684000
1776197685.979,285.979,0.98,0.99,0.01,0.02,0.01,0.01,74472.91,1776197684000
1776197686.372,286.372,0.99,0.99,0.01,0.01,0.0,0.0,74472.67,1776197685000
1776197686.809,286.809,0.99,0.99,0.01,0.01,0.0,0.0,74472.67,1776197685000
1776197687.249,287.249,0.99,0.99,0.01,0.01,0.0,0.0,74472.67,1776197685000
1776197687.863,287.863,0.99,0.99,0.01,0.01,0.0,0.0,74468.8,1776197687000
1776197688.287,288.287,0.99,0.99,0.01,0.01,0.0,0.0,74468.8,1776197687000
1776197688.633,288.633,0.99,0.99,0.01,0.01,0.0,0.0,74468.8,1776197687000
1776197688.97,288.97,0.99,0.99,0.01,0.01,0.0,0.0,74463.21,1776197688000
1776197689.315,289.315,0.99,0.99,0.01,0.01,0.0,0.0,74463.21,1776197688000
1776197689.927,289.927,0.99,0.99,0.01,0.01,0.0,0.0,74461.09,1776197689000
1776197690.331,290.331,0.99,0.99,0.01,0.01,0.0,0.0,74461.09,1776197689000
1776197690.756,290.756,0.99,0.99,0.01,0.01,0.0,0.0,74461.09,1776197689000
1776197691.194,291.194,0.99,0.99,0.01,0.01,0.0,0.0,74464.49,1776197690000
1776197691.674,291.674,0.99,0.99,0.01,0.01,0.0,0.0,74464.49,1776197690000
1776197692.044,292.044,0.99,0.99,0.01,0.01,0.0,0.0,74462.88,1776197691000
1776197692.435,292.435,0.99,0.99,0.01,0.01,0.0,0.0,74462.88,1776197691000
1776197693.097,293.097,0.99,0.99,0.01,0.01,0.0,0.0,74462.58,1776197692000
1776197693.518,293.518,0.99,0.99,0.01,0.01,0.0,0.0,74462.58,1776197692000
1776197693.859,293.859,0.99,0.99,0.01,0.01,0.0,0.0,74462.58,1776197692000
1776197694.802,294.802,0.99,0.99,0.01,0.01,0.0,0.0,74463.04,1776197693000
1776197695.266,295.266,0.99,0.99,0.01,0.01,0.0,0.0,74463.04,1776197693000
1776197695.859,295.859,0.99,0.99,0.01,0.01,0.0,0.0,74463.54,1776197694000
1776197696.223,296.223,0.99,0.99,0.01,0.01,0.0,0.0,74463.54,1776197694000
1776197696.614,296.614,0.99,0.99,0.01,0.01,0.0,0.0,74463.31,1776197695000
1776197697.028,297.028,0.99,0.99,0.01,0.01,0.0,0.0,74463.31,1776197695000
1776197697.467,297.467,0.99,0.99,0.01,0.01,0.0,0.0,74463.33,1776197696000
1776197697.86,297.86,0.99,0.99,0.01,0.01,0.0,0.0,74463.33,1776197696000
1776197698.248,298.248,0.99,0.99,0.01,0.01,0.0,0.0,74463.02,1776197697000
1776197698.774,298.774,0.99,0.99,0.01,0.01,0.0,0.0,74463.02,1776197697000
1776197699.278,299.278,0.99,0.99,0.01,0.01,0.0,0.0,74455.39,1776197698000
1776197700.295,300.295,0.99,0.99,0.01,0.01,0.0,0.0,74452.14,1776197699000
1776197701.447,301.447,0.99,0.99,0.01,0.01,0.0,0.0,74451.69,1776197700000
1776197701.916,301.916,0.99,0.99,0.01,0.01,0.0,0.0,74451.45,1776197701000
1776197702.975,302.975,0.99,0.99,0.01,0.01,0.0,0.0,74450.71,1776197702000

# RESULT,winner=Up,slug=btc-updown-5m-1776197400,ticks=687
