timestamp,elapsed_sec,up_bid,up_ask,down_bid,down_ask,up_spread,down_spread,btc_price,btc_oracle_ts
1776093600.614,0.614,0.51,0.54,0.46,0.47,0.03,0.01,71897.03,1776093599000
1776093600.95,0.95,0.5,0.52,0.46,0.49,0.02,0.03,71897.03,1776093599000
1776093601.292,1.292,0.5,0.54,0.46,0.47,0.04,0.01,71897.03,1776093599000
1776093602.077,2.077,0.52,0.53,0.47,0.48,0.01,0.01,71896.16,1776093600000
1776093602.466,2.466,0.54,0.55,0.45,0.46,0.01,0.01,71896.19,1776093601000
1776093602.802,2.802,0.54,0.55,0.45,0.46,0.01,0.01,71896.19,1776093601000
1776093603.337,3.337,0.54,0.55,0.45,0.46,0.01,0.01,71896.19,1776093601000
1776093603.799,3.799,0.57,0.6,0.43,0.45,0.03,0.02,71896.19,1776093601000
1776093604.163,4.163,0.59,0.6,0.4,0.41,0.01,0.01,71896.33,1776093602000
1776093604.561,4.561,0.59,0.6,0.4,0.41,0.01,0.01,71896.33,1776093602000
1776093604.917,4.917,0.59,0.6,0.4,0.41,0.01,0.01,71899.05,1776093603000
1776093605.419,5.419,0.59,0.6,0.4,0.41,0.01,0.01,71907.96,1776093604000
1776093605.826,5.826,0.58,0.59,0.41,0.42,0.01,0.01,71907.96,1776093604000
1776093606.241,6.241,0.58,0.59,0.41,0.42,0.01,0.01,71910.26,1776093605000
1776093606.64,6.64,0.58,0.59,0.41,0.42,0.01,0.01,71910.26,1776093605000
1776093607.105,7.105,0.58,0.59,0.41,0.42,0.01,0.01,71910.26,1776093605000
1776093607.527,7.527,0.6,0.61,0.39,0.4,0.01,0.01,71910.26,1776093605000
1776093607.965,7.965,0.6,0.61,0.39,0.4,0.01,0.01,71910.77,1776093606000
1776093608.299,8.299,0.6,0.62,0.38,0.4,0.02,0.02,71910.77,1776093606000
1776093608.666,8.666,0.61,0.62,0.38,0.39,0.01,0.01,71911.29,1776093607000
1776093609.574,9.574,0.61,0.62,0.38,0.39,0.01,0.01,71911.29,1776093607000
1776093609.938,9.938,0.63,0.64,0.36,0.38,0.01,0.02,71919.01,1776093608000
1776093610.369,10.369,0.63,0.64,0.36,0.37,0.01,0.01,71919.01,1776093608000
1776093610.776,10.776,0.62,0.63,0.36,0.38,0.01,0.02,71919.58,1776093609000
1776093611.135,11.135,0.63,0.64,0.36,0.37,0.01,0.01,71919.58,1776093609000
1776093611.471,11.471,0.63,0.65,0.35,0.37,0.02,0.02,71921.86,1776093610000
1776093611.826,11.826,0.64,0.65,0.35,0.36,0.01,0.01,71921.86,1776093610000
1776093612.187,12.187,0.64,0.65,0.35,0.36,0.01,0.01,71921.86,1776093610000
1776093612.77,12.77,0.64,0.65,0.35,0.36,0.01,0.01,71925.46,1776093611000
1776093613.107,13.107,0.67,0.68,0.32,0.33,0.01,0.01,71925.46,1776093611000
1776093613.446,13.446,0.68,0.69,0.31,0.32,0.01,0.01,71925.46,1776093611000
1776093614.137,14.137,0.67,0.69,0.3,0.33,0.02,0.03,71929.74,1776093612000
1776093614.64,14.64,0.67,0.68,0.32,0.33,0.01,0.01,71929.74,1776093612000
1776093615.222,15.222,0.65,0.68,0.32,0.34,0.03,0.02,71941.22,1776093613000
1776093615.589,15.589,0.67,0.68,0.32,0.35,0.01,0.03,71941.19,1776093614000
1776093615.968,15.968,0.67,0.68,0.32,0.33,0.01,0.01,71941.19,1776093614000
1776093616.367,16.367,0.67,0.68,0.32,0.33,0.01,0.01,71941.19,1776093614000
1776093616.704,16.704,0.67,0.68,0.32,0.33,0.01,0.01,71933.68,1776093615000
1776093617.066,17.066,0.67,0.68,0.32,0.33,0.01,0.01,71933.68,1776093615000
1776093617.399,17.399,0.67,0.68,0.32,0.33,0.01,0.01,71933.68,1776093615000
1776093617.748,17.748,0.67,0.68,0.32,0.33,0.01,0.01,71935.52,1776093616000
1776093618.135,18.135,0.67,0.68,0.32,0.33,0.01,0.01,71935.52,1776093617000
1776093618.477,18.477,0.67,0.68,0.32,0.33,0.01,0.01,71935.52,1776093617000
1776093618.822,18.822,0.67,0.68,0.32,0.33,0.01,0.01,71935.52,1776093617000
1776093619.218,19.218,0.68,0.69,0.31,0.32,0.01,0.01,71935.09,1776093618000
1776093619.555,19.555,0.68,0.69,0.31,0.32,0.01,0.01,71935.09,1776093618000
1776093619.957,19.957,0.68,0.69,0.31,0.32,0.01,0.01,71935.09,1776093618000
1776093620.399,20.399,0.68,0.69,0.31,0.32,0.01,0.01,71938.63,1776093619000
1776093620.749,20.749,0.68,0.69,0.31,0.32,0.01,0.01,71938.63,1776093619000
1776093621.265,21.265,0.64,0.69,0.31,0.36,0.05,0.05,71940.25,1776093620000
1776093621.646,21.646,0.67,0.68,0.32,0.33,0.01,0.01,71940.25,1776093620000
1776093622.006,22.006,0.68,0.69,0.31,0.32,0.01,0.01,71940.25,1776093620000
1776093622.346,22.346,0.68,0.69,0.31,0.32,0.01,0.01,71940.51,1776093621000
1776093622.762,22.762,0.69,0.7,0.3,0.32,0.01,0.02,71940.51,1776093621000
1776093623.27,23.27,0.7,0.71,0.29,0.3,0.01,0.01,71940.51,1776093621000
1776093623.667,23.667,0.7,0.71,0.29,0.3,0.01,0.01,71940.52,1776093622000
1776093624.005,24.005,0.7,0.71,0.29,0.3,0.01,0.01,71940.52,1776093622000
1776093624.352,24.352,0.7,0.71,0.29,0.3,0.01,0.01,71944.76,1776093623000
1776093624.81,24.81,0.7,0.71,0.29,0.3,0.01,0.01,71944.76,1776093623000
1776093625.146,25.146,0.68,0.7,0.29,0.31,0.02,0.02,71944.76,1776093623000
1776093625.566,25.566,0.68,0.69,0.31,0.32,0.01,0.01,71950.81,1776093624000
1776093625.925,25.925,0.68,0.69,0.31,0.32,0.01,0.01,71951.39,1776093625000
1776093626.308,26.308,0.69,0.7,0.3,0.31,0.01,0.01,71951.39,1776093625000
1776093626.898,26.898,0.7,0.71,0.29,0.3,0.01,0.01,71947.65,1776093626000
1776093627.248,27.248,0.7,0.71,0.29,0.3,0.01,0.01,71947.65,1776093626000
1776093627.623,27.623,0.7,0.71,0.29,0.3,0.01,0.01,71947.65,1776093626000
1776093627.972,27.972,0.71,0.72,0.28,0.3,0.01,0.02,71947.65,1776093626000
1776093628.332,28.332,0.73,0.74,0.26,0.28,0.01,0.02,71947.65,1776093626000
1776093628.686,28.686,0.74,0.75,0.25,0.26,0.01,0.01,71950.61,1776093627000
1776093629.028,29.028,0.74,0.75,0.25,0.26,0.01,0.01,71950.61,1776093627000
1776093629.52,29.52,0.73,0.74,0.26,0.27,0.01,0.01,71950.61,1776093627000
1776093629.947,29.947,0.73,0.74,0.26,0.27,0.01,0.01,71952.05,1776093628000
1776093630.359,30.359,0.72,0.73,0.26,0.28,0.01,0.02,71952.05,1776093628000
1776093630.732,30.732,0.72,0.73,0.27,0.28,0.01,0.01,71963.99,1776093629000
1776093631.068,31.068,0.72,0.73,0.27,0.28,0.01,0.01,71963.99,1776093629000
1776093631.453,31.453,0.72,0.73,0.27,0.28,0.01,0.01,71962.85,1776093630000
1776093631.948,31.948,0.72,0.74,0.27,0.28,0.02,0.01,71962.85,1776093630000
1776093632.371,32.371,0.73,0.74,0.27,0.28,0.01,0.01,71962.16,1776093631000
1776093632.748,32.748,0.73,0.74,0.26,0.27,0.01,0.01,71962.16,1776093631000
1776093633.298,33.298,0.73,0.74,0.26,0.27,0.01,0.01,71962.16,1776093631000
1776093633.679,33.679,0.74,0.75,0.25,0.27,0.01,0.02,71957.54,1776093632000
1776093634.062,34.062,0.74,0.75,0.25,0.26,0.01,0.01,71957.54,1776093632000
1776093634.423,34.423,0.75,0.76,0.24,0.25,0.01,0.01,71957.63,1776093633000
1776093634.853,34.853,0.75,0.76,0.24,0.25,0.01,0.01,71957.63,1776093633000
1776093635.471,35.471,0.75,0.76,0.24,0.25,0.01,0.01,71957.63,1776093633000
1776093635.824,35.824,0.76,0.78,0.22,0.24,0.02,0.02,71959.45,1776093634000
1776093636.196,36.196,0.77,0.78,0.22,0.23,0.01,0.01,71959.45,1776093634000
1776093636.535,36.535,0.77,0.78,0.22,0.23,0.01,0.01,71962.36,1776093635000
1776093636.939,36.939,0.77,0.78,0.22,0.23,0.01,0.01,71962.36,1776093635000
1776093637.4,37.4,0.77,0.78,0.22,0.23,0.01,0.01,71963.43,1776093636000
1776093637.807,37.807,0.78,0.79,0.21,0.23,0.01,0.02,71963.43,1776093636000
1776093638.243,38.243,0.78,0.79,0.21,0.22,0.01,0.01,71963.43,1776093636000
1776093638.584,38.584,0.78,0.79,0.21,0.22,0.01,0.01,71965.64,1776093637000
1776093638.931,38.931,0.78,0.79,0.21,0.22,0.01,0.01,71965.64,1776093637000
1776093639.327,39.327,0.78,0.79,0.21,0.22,0.01,0.01,71966.78,1776093638000
1776093639.773,39.773,0.78,0.79,0.21,0.22,0.01,0.01,71966.78,1776093638000
1776093640.12,40.12,0.78,0.79,0.21,0.22,0.01,0.01,71966.78,1776093638000
1776093640.676,40.676,0.78,0.79,0.21,0.22,0.01,0.01,71966.78,1776093638000
1776093641.029,41.029,0.78,0.79,0.21,0.22,0.01,0.01,71970.23,1776093639000
1776093641.368,41.368,0.78,0.79,0.21,0.22,0.01,0.01,71970.23,1776093639000
1776093641.729,41.729,0.78,0.79,0.21,0.22,0.01,0.01,71970.23,1776093640000
1776093642.151,42.151,0.78,0.79,0.21,0.22,0.01,0.01,71970.03,1776093641000
1776093642.513,42.513,0.78,0.79,0.21,0.22,0.01,0.01,71970.03,1776093641000
1776093642.917,42.917,0.78,0.79,0.21,0.22,0.01,0.01,71970.03,1776093641000
1776093643.275,43.275,0.78,0.79,0.21,0.22,0.01,0.01,71970.03,1776093641000
1776093643.895,43.895,0.77,0.79,0.21,0.22,0.02,0.01,71968.93,1776093642000
1776093644.301,44.301,0.77,0.78,0.22,0.23,0.01,0.01,71968.96,1776093643000
1776093645.0,45.0,0.77,0.78,0.22,0.23,0.01,0.01,71968.96,1776093643000
1776093645.339,45.339,0.77,0.78,0.22,0.23,0.01,0.01,71968.96,1776093643000
1776093645.86,45.86,0.77,0.78,0.22,0.23,0.01,0.01,71968.96,1776093644000
1776093646.24,46.24,0.77,0.78,0.22,0.23,0.01,0.01,71968.93,1776093645000
1776093646.59,46.59,0.76,0.77,0.22,0.24,0.01,0.02,71968.93,1776093645000
1776093647.122,47.122,0.76,0.77,0.23,0.24,0.01,0.01,71968.93,1776093645000
1776093647.48,47.48,0.76,0.77,0.23,0.24,0.01,0.01,71969.4,1776093646000
1776093647.952,47.952,0.76,0.77,0.23,0.24,0.01,0.01,71969.4,1776093646000
1776093648.691,48.691,0.76,0.77,0.23,0.24,0.01,0.01,71969.4,1776093646000
1776093649.18,49.18,0.76,0.77,0.23,0.24,0.01,0.01,71969.14,1776093647000
1776093650.031,50.031,0.76,0.77,0.23,0.24,0.01,0.01,71969.26,1776093648000
1776093650.442,50.442,0.75,0.76,0.23,0.25,0.01,0.02,71969.26,1776093648000
1776093650.937,50.937,0.76,0.77,0.24,0.25,0.01,0.01,71969.23,1776093649000
1776093651.311,51.311,0.76,0.77,0.23,0.24,0.01,0.01,71969.25,1776093650000
1776093651.773,51.773,0.76,0.77,0.23,0.24,0.01,0.01,71969.25,1776093650000
1776093652.223,52.223,0.76,0.77,0.23,0.24,0.01,0.01,71969.25,1776093650000
1776093652.56,52.56,0.77,0.78,0.22,0.23,0.01,0.01,71969.1,1776093651000
1776093652.931,52.931,0.8,0.81,0.19,0.2,0.01,0.01,71969.1,1776093651000
1776093653.35,53.35,0.8,0.81,0.19,0.2,0.01,0.01,71969.1,1776093651000
1776093653.702,53.702,0.8,0.81,0.19,0.2,0.01,0.01,71969.11,1776093652000
1776093654.074,54.074,0.81,0.82,0.18,0.19,0.01,0.01,71969.15,1776093653000
1776093654.441,54.441,0.81,0.82,0.18,0.19,0.01,0.01,71969.15,1776093653000
1776093654.939,54.939,0.81,0.82,0.18,0.19,0.01,0.01,71969.15,1776093653000
1776093655.328,55.328,0.82,0.83,0.17,0.18,0.01,0.01,71982.29,1776093654000
1776093655.71,55.71,0.82,0.83,0.17,0.18,0.01,0.01,71982.29,1776093654000
1776093656.099,56.099,0.82,0.83,0.17,0.18,0.01,0.01,71982.29,1776093654000
1776093656.433,56.433,0.82,0.83,0.17,0.18,0.01,0.01,71987.9,1776093655000
1776093656.781,56.781,0.82,0.83,0.17,0.18,0.01,0.01,71987.9,1776093655000
1776093657.319,57.319,0.81,0.83,0.17,0.19,0.02,0.02,71994.16,1776093656000
1776093657.873,57.873,0.8,0.81,0.18,0.2,0.01,0.02,71994.16,1776093656000
1776093658.248,58.248,0.79,0.8,0.19,0.21,0.01,0.02,71994.16,1776093656000
1776093658.821,58.821,0.78,0.8,0.2,0.21,0.02,0.01,71995.0,1776093657000
1776093659.257,59.257,0.78,0.79,0.21,0.22,0.01,0.01,71995.0,1776093657000
1776093659.629,59.629,0.78,0.79,0.21,0.22,0.01,0.01,71988.6,1776093658000
1776093660.031,60.031,0.77,0.78,0.22,0.23,0.01,0.01,71988.6,1776093658000
1776093660.396,60.396,0.77,0.78,0.22,0.23,0.01,0.01,71980.94,1776093659000
1776093660.789,60.789,0.77,0.78,0.22,0.23,0.01,0.01,71980.94,1776093659000
1776093661.134,61.134,0.77,0.78,0.22,0.23,0.01,0.01,71980.94,1776093659000
1776093661.855,61.855,0.76,0.78,0.22,0.23,0.02,0.01,71975.52,1776093660000
1776093662.267,62.267,0.71,0.72,0.28,0.29,0.01,0.01,71975.52,1776093660000
1776093662.604,62.604,0.7,0.72,0.28,0.3,0.02,0.02,71975.47,1776093661000
1776093663.008,63.008,0.7,0.71,0.29,0.3,0.01,0.01,71975.47,1776093661000
1776093663.42,63.42,0.7,0.71,0.29,0.3,0.01,0.01,71971.66,1776093662000
1776093663.787,63.787,0.7,0.72,0.28,0.3,0.02,0.02,71971.66,1776093662000
1776093664.122,64.122,0.73,0.75,0.25,0.27,0.02,0.02,71957.85,1776093663000
1776093664.52,64.52,0.75,0.76,0.24,0.25,0.01,0.01,71957.85,1776093663000
1776093664.882,64.882,0.76,0.77,0.23,0.24,0.01,0.01,71957.85,1776093663000
1776093665.259,65.259,0.76,0.77,0.23,0.24,0.01,0.01,71953.61,1776093664000
1776093665.596,65.596,0.74,0.76,0.24,0.25,0.02,0.01,71953.61,1776093664000
1776093665.981,65.981,0.74,0.75,0.24,0.26,0.01,0.02,71953.61,1776093664000
1776093666.315,66.315,0.73,0.74,0.26,0.27,0.01,0.01,71967.1,1776093665000
1776093666.854,66.854,0.72,0.73,0.27,0.28,0.01,0.01,71967.1,1776093665000
1776093667.294,67.294,0.72,0.73,0.27,0.28,0.01,0.01,71967.1,1776093665000
1776093667.643,67.643,0.72,0.73,0.27,0.28,0.01,0.01,71965.88,1776093666000
1776093668.131,68.131,0.72,0.73,0.27,0.28,0.01,0.01,71958.54,1776093667000
1776093668.571,68.571,0.71,0.72,0.27,0.28,0.01,0.01,71958.54,1776093667000
1776093668.905,68.905,0.7,0.71,0.29,0.3,0.01,0.01,71958.54,1776093667000
1776093669.45,69.45,0.68,0.7,0.3,0.31,0.02,0.01,71955.7,1776093668000
1776093669.818,69.818,0.68,0.69,0.31,0.32,0.01,0.01,71955.7,1776093668000
1776093670.188,70.188,0.68,0.69,0.31,0.32,0.01,0.01,71955.7,1776093668000
1776093670.639,70.639,0.67,0.68,0.32,0.33,0.01,0.01,71951.5,1776093669000
1776093671.115,71.115,0.69,0.7,0.3,0.31,0.01,0.01,71951.5,1776093669000
1776093671.465,71.465,0.72,0.73,0.28,0.29,0.01,0.01,71950.72,1776093670000
1776093671.912,71.912,0.72,0.73,0.27,0.28,0.01,0.01,71950.72,1776093670000
1776093672.291,72.291,0.73,0.74,0.26,0.27,0.01,0.01,71950.72,1776093670000
1776093672.756,72.756,0.74,0.75,0.25,0.26,0.01,0.01,71950.65,1776093671000
1776093673.146,73.146,0.74,0.76,0.25,0.26,0.02,0.01,71950.9,1776093672000
1776093673.77,73.77,0.75,0.76,0.24,0.25,0.01,0.01,71950.9,1776093672000
1776093674.337,74.337,0.74,0.75,0.25,0.26,0.01,0.01,71956.38,1776093673000
1776093674.766,74.766,0.71,0.72,0.27,0.29,0.01,0.02,71956.38,1776093673000
1776093675.119,75.119,0.71,0.72,0.28,0.29,0.01,0.01,71956.38,1776093673000
1776093675.542,75.542,0.71,0.72,0.28,0.29,0.01,0.01,71958.85,1776093674000
1776093676.011,76.011,0.7,0.72,0.28,0.29,0.02,0.01,71958.85,1776093674000
1776093676.401,76.401,0.7,0.71,0.29,0.3,0.01,0.01,71958.85,1776093674000
1776093676.799,76.799,0.7,0.71,0.29,0.3,0.01,0.01,71956.06,1776093675000
1776093677.147,77.147,0.68,0.69,0.31,0.32,0.01,0.01,71953.49,1776093676000
1776093677.498,77.498,0.67,0.69,0.31,0.32,0.02,0.01,71953.49,1776093676000
1776093677.832,77.832,0.67,0.68,0.32,0.33,0.01,0.01,71953.49,1776093676000
1776093678.169,78.169,0.67,0.68,0.32,0.33,0.01,0.01,71952.45,1776093677000
1776093678.55,78.55,0.67,0.68,0.32,0.33,0.01,0.01,71952.45,1776093677000
1776093678.888,78.888,0.67,0.68,0.32,0.33,0.01,0.01,71952.45,1776093677000
1776093679.345,79.345,0.67,0.68,0.32,0.33,0.01,0.01,71947.13,1776093678000
1776093679.685,79.685,0.67,0.68,0.32,0.33,0.01,0.01,71947.13,1776093678000
1776093680.115,80.115,0.67,0.68,0.32,0.33,0.01,0.01,71940.27,1776093679000
1776093680.463,80.463,0.67,0.68,0.32,0.33,0.01,0.01,71940.27,1776093679000
1776093680.851,80.851,0.67,0.68,0.32,0.33,0.01,0.01,71940.27,1776093679000
1776093681.257,81.257,0.67,0.68,0.32,0.33,0.01,0.01,71939.05,1776093680000
1776093681.641,81.641,0.67,0.68,0.32,0.33,0.01,0.01,71939.05,1776093680000
1776093682.022,82.022,0.67,0.68,0.32,0.33,0.01,0.01,71939.05,1776093680000
1776093682.424,82.424,0.67,0.68,0.32,0.33,0.01,0.01,71938.77,1776093681000
1776093682.818,82.818,0.67,0.68,0.32,0.33,0.01,0.01,71938.77,1776093681000
1776093683.211,83.211,0.67,0.68,0.32,0.33,0.01,0.01,71939.13,1776093682000
1776093683.593,83.593,0.67,0.68,0.32,0.33,0.01,0.01,71939.13,1776093682000
1776093683.937,83.937,0.67,0.68,0.32,0.33,0.01,0.01,71939.13,1776093682000
1776093684.306,84.306,0.67,0.68,0.32,0.33,0.01,0.01,71939.17,1776093683000
1776093684.782,84.782,0.67,0.68,0.32,0.33,0.01,0.01,71939.17,1776093683000
1776093685.19,85.19,0.67,0.68,0.32,0.33,0.01,0.01,71937.49,1776093684000
1776093685.537,85.537,0.65,0.66,0.33,0.35,0.01,0.02,71937.49,1776093684000
1776093685.895,85.895,0.64,0.65,0.35,0.36,0.01,0.01,71937.49,1776093684000
1776093686.425,86.425,0.64,0.65,0.35,0.36,0.01,0.01,71937.47,1776093685000
1776093686.761,86.761,0.64,0.65,0.31,0.36,0.01,0.05,71937.47,1776093685000
1776093687.098,87.098,0.64,0.65,0.35,0.36,0.01,0.01,71935.62,1776093686000
1776093687.537,87.537,0.64,0.65,0.35,0.36,0.01,0.01,71935.62,1776093686000
1776093688.002,88.002,0.64,0.65,0.35,0.36,0.01,0.01,71935.62,1776093686000
1776093688.378,88.378,0.64,0.65,0.35,0.36,0.01,0.01,71931.02,1776093687000
1776093688.836,88.836,0.65,0.66,0.34,0.35,0.01,0.01,71931.02,1776093687000
1776093689.381,89.381,0.65,0.66,0.34,0.35,0.01,0.01,71932.85,1776093688000
1776093689.823,89.823,0.67,0.68,0.33,0.35,0.01,0.02,71932.85,1776093688000
1776093690.16,90.16,0.67,0.68,0.32,0.33,0.01,0.01,71932.85,1776093689000
1776093690.497,90.497,0.67,0.68,0.32,0.33,0.01,0.01,71932.85,1776093689000
1776093690.893,90.893,0.67,0.68,0.32,0.33,0.01,0.01,71932.85,1776093689000
1776093691.271,91.271,0.67,0.69,0.32,0.33,0.02,0.01,71934.01,1776093690000
1776093691.719,91.719,0.68,0.69,0.3,0.32,0.01,0.02,71934.01,1776093690000
1776093692.218,92.218,0.71,0.73,0.28,0.29,0.02,0.01,71934.01,1776093690000
1776093692.569,92.569,0.74,0.75,0.25,0.26,0.01,0.01,71935.55,1776093691000
1776093693.094,93.094,0.74,0.75,0.25,0.26,0.01,0.01,71935.55,1776093691000
1776093693.589,93.589,0.74,0.75,0.25,0.26,0.01,0.01,71936.52,1776093692000
1776093694.009,94.009,0.74,0.75,0.25,0.26,0.01,0.01,71936.52,1776093692000
1776093694.707,94.707,0.74,0.75,0.25,0.26,0.01,0.01,71944.86,1776093693000
1776093695.051,95.051,0.74,0.75,0.25,0.26,0.01,0.01,71944.86,1776093693000
1776093695.387,95.387,0.74,0.75,0.25,0.26,0.01,0.01,71944.86,1776093693000
1776093695.723,95.723,0.74,0.75,0.25,0.26,0.01,0.01,71947.12,1776093694000
1776093696.185,96.185,0.74,0.75,0.25,0.26,0.01,0.01,71947.12,1776093695000
1776093696.639,96.639,0.74,0.75,0.25,0.26,0.01,0.01,71947.12,1776093695000
1776093697.092,97.092,0.74,0.76,0.24,0.26,0.02,0.02,71947.99,1776093696000
1776093697.447,97.447,0.75,0.76,0.24,0.25,0.01,0.01,71947.99,1776093696000
1776093697.913,97.913,0.75,0.76,0.24,0.25,0.01,0.01,71947.99,1776093696000
1776093698.408,98.408,0.75,0.76,0.24,0.25,0.01,0.01,71947.92,1776093697000
1776093698.743,98.743,0.75,0.76,0.24,0.25,0.01,0.01,71947.92,1776093697000
1776093699.134,99.134,0.73,0.76,0.24,0.25,0.03,0.01,71947.92,1776093697000
1776093699.586,99.586,0.75,0.76,0.24,0.27,0.01,0.03,71947.94,1776093698000
1776093700.053,100.053,0.75,0.76,0.24,0.25,0.01,0.01,71947.94,1776093698000
1776093700.518,100.518,0.75,0.76,0.24,0.25,0.01,0.01,71947.91,1776093699000
1776093700.918,100.918,0.75,0.76,0.24,0.25,0.01,0.01,71947.91,1776093699000
1776093701.381,101.381,0.75,0.76,0.24,0.25,0.01,0.01,71947.9,1776093700000
1776093701.899,101.899,0.75,0.76,0.24,0.25,0.01,0.01,71947.9,1776093700000
1776093702.39,102.39,0.75,0.76,0.24,0.25,0.01,0.01,71948.56,1776093701000
1776093702.918,102.918,0.74,0.75,0.24,0.26,0.01,0.02,71948.56,1776093701000
1776093703.35,103.35,0.74,0.75,0.25,0.26,0.01,0.01,71949.63,1776093702000
1776093703.724,103.724,0.74,0.75,0.25,0.26,0.01,0.01,71949.63,1776093702000
1776093704.163,104.163,0.74,0.75,0.25,0.26,0.01,0.01,71949.47,1776093703000
1776093704.636,104.636,0.74,0.75,0.25,0.26,0.01,0.01,71949.47,1776093703000
1776093705.15,105.15,0.74,0.75,0.25,0.26,0.01,0.01,71948.44,1776093704000
1776093705.555,105.555,0.74,0.75,0.25,0.26,0.01,0.01,71948.44,1776093704000
1776093705.931,105.931,0.74,0.75,0.25,0.26,0.01,0.01,71948.44,1776093704000
1776093706.387,106.387,0.74,0.75,0.25,0.26,0.01,0.01,71948.43,1776093705000
1776093706.741,106.741,0.74,0.75,0.25,0.26,0.01,0.01,71948.43,1776093705000
1776093707.215,107.215,0.74,0.75,0.25,0.26,0.01,0.01,71948.43,1776093706000
1776093707.587,107.587,0.75,0.76,0.24,0.25,0.01,0.01,71948.43,1776093706000
1776093707.935,107.935,0.75,0.76,0.24,0.25,0.01,0.01,71948.43,1776093706000
1776093708.629,108.629,0.75,0.76,0.24,0.25,0.01,0.01,71948.43,1776093707000
1776093709.031,109.031,0.74,0.76,0.24,0.25,0.02,0.01,71948.44,1776093708000
1776093709.371,109.371,0.75,0.76,0.24,0.25,0.01,0.01,71948.44,1776093708000
1776093709.777,109.777,0.75,0.76,0.24,0.25,0.01,0.01,71948.44,1776093708000
1776093710.365,110.365,0.75,0.76,0.24,0.25,0.01,0.01,71948.76,1776093709000
1776093710.858,110.858,0.75,0.76,0.24,0.25,0.01,0.01,71948.76,1776093709000
1776093711.269,111.269,0.72,0.73,0.27,0.28,0.01,0.01,71949.73,1776093710000
1776093712.316,112.316,0.72,0.73,0.27,0.28,0.01,0.01,71948.79,1776093711000
1776093712.959,112.959,0.72,0.73,0.27,0.28,0.01,0.01,71947.73,1776093712000
1776093713.558,113.558,0.67,0.68,0.31,0.33,0.01,0.02,71947.73,1776093712000
1776093713.941,113.941,0.67,0.68,0.32,0.33,0.01,0.01,71947.73,1776093712000
1776093714.283,114.283,0.66,0.67,0.32,0.33,0.01,0.01,71941.36,1776093713000
1776093714.87,114.87,0.66,0.67,0.33,0.34,0.01,0.01,71941.36,1776093713000
1776093715.212,115.212,0.66,0.67,0.33,0.34,0.01,0.01,71941.36,1776093713000
1776093715.558,115.558,0.66,0.67,0.33,0.34,0.01,0.01,71933.79,1776093714000
1776093715.951,115.951,0.66,0.67,0.33,0.34,0.01,0.01,71933.79,1776093714000
1776093716.314,116.314,0.64,0.67,0.33,0.34,0.03,0.01,71933.79,1776093714000
1776093716.716,116.716,0.61,0.62,0.38,0.4,0.01,0.02,71931.93,1776093715000
1776093717.064,117.064,0.61,0.62,0.38,0.39,0.01,0.01,71930.47,1776093716000
1776093717.436,117.436,0.61,0.62,0.38,0.39,0.01,0.01,71930.47,1776093716000
1776093717.792,117.792,0.61,0.62,0.38,0.39,0.01,0.01,71930.47,1776093716000
1776093718.156,118.156,0.6,0.62,0.38,0.4,0.02,0.02,71924.09,1776093717000
1776093718.489,118.489,0.6,0.61,0.39,0.4,0.01,0.01,71924.09,1776093717000
1776093718.83,118.83,0.6,0.61,0.39,0.4,0.01,0.01,71924.09,1776093717000
1776093719.205,119.205,0.6,0.61,0.39,0.4,0.01,0.01,71924.09,1776093717000
1776093719.557,119.557,0.6,0.61,0.39,0.4,0.01,0.01,71918.84,1776093718000
1776093720.031,120.031,0.6,0.61,0.39,0.4,0.01,0.01,71918.84,1776093718000
1776093720.881,120.881,0.59,0.61,0.39,0.4,0.02,0.01,71918.83,1776093719000
1776093721.228,121.228,0.58,0.59,0.41,0.42,0.01,0.01,71918.83,1776093719000
1776093721.596,121.596,0.56,0.58,0.41,0.44,0.02,0.03,71918.86,1776093720000
1776093721.948,121.948,0.55,0.58,0.42,0.45,0.03,0.03,71918.89,1776093721000
1776093722.282,122.282,0.55,0.58,0.44,0.45,0.03,0.01,71918.89,1776093721000
1776093722.635,122.635,0.55,0.56,0.44,0.45,0.01,0.01,71918.89,1776093721000
1776093722.984,122.984,0.56,0.57,0.43,0.44,0.01,0.01,71918.89,1776093721000
1776093723.345,123.345,0.56,0.58,0.43,0.44,0.02,0.01,71912.81,1776093722000
1776093723.695,123.695,0.57,0.58,0.42,0.43,0.01,0.01,71912.81,1776093722000
1776093724.071,124.071,0.61,0.62,0.38,0.39,0.01,0.01,71912.81,1776093722000
1776093724.409,124.409,0.61,0.62,0.38,0.39,0.01,0.01,71907.81,1776093723000
1776093724.771,124.771,0.61,0.62,0.38,0.39,0.01,0.01,71907.81,1776093723000
1776093725.111,125.111,0.61,0.62,0.38,0.39,0.01,0.01,71907.81,1776093723000
1776093726.021,126.021,0.62,0.63,0.38,0.39,0.01,0.01,71911.7,1776093724000
1776093726.358,126.358,0.62,0.63,0.37,0.38,0.01,0.01,71911.7,1776093724000
1776093726.758,126.758,0.64,0.65,0.35,0.36,0.01,0.01,71916.98,1776093725000
1776093727.098,127.098,0.64,0.65,0.35,0.36,0.01,0.01,71916.93,1776093726000
1776093727.467,127.467,0.65,0.66,0.35,0.36,0.01,0.01,71916.93,1776093726000
1776093727.96,127.96,0.67,0.68,0.32,0.33,0.01,0.01,71916.93,1776093726000
1776093728.355,128.355,0.66,0.67,0.32,0.34,0.01,0.02,71916.98,1776093727000
1776093728.757,128.757,0.66,0.67,0.33,0.34,0.01,0.01,71916.98,1776093727000
1776093729.108,129.108,0.72,0.73,0.27,0.28,0.01,0.01,71919.17,1776093728000
1776093729.505,129.505,0.72,0.74,0.25,0.28,0.02,0.03,71919.17,1776093728000
1776093729.893,129.893,0.72,0.73,0.27,0.28,0.01,0.01,71919.17,1776093728000
1776093730.257,130.257,0.72,0.73,0.27,0.28,0.01,0.01,71919.17,1776093728000
1776093730.597,130.597,0.69,0.72,0.29,0.31,0.03,0.02,71919.17,1776093728000
1776093730.955,130.955,0.68,0.69,0.3,0.32,0.01,0.02,71930.5,1776093729000
1776093731.373,131.373,0.68,0.69,0.31,0.32,0.01,0.01,71930.5,1776093729000
1776093731.725,131.725,0.68,0.69,0.31,0.32,0.01,0.01,71940.54,1776093730000
1776093732.273,132.273,0.66,0.67,0.33,0.34,0.01,0.01,71940.54,1776093730000
1776093732.613,132.613,0.66,0.67,0.33,0.34,0.01,0.01,71931.73,1776093731000
1776093732.956,132.956,0.66,0.67,0.33,0.34,0.01,0.01,71931.73,1776093731000
1776093733.466,133.466,0.66,0.67,0.33,0.34,0.01,0.01,71922.45,1776093732000
1776093733.824,133.824,0.66,0.67,0.33,0.34,0.01,0.01,71922.45,1776093732000
1776093734.195,134.195,0.66,0.67,0.33,0.34,0.01,0.01,71922.46,1776093733000
1776093734.751,134.751,0.66,0.67,0.33,0.34,0.01,0.01,71922.46,1776093733000
1776093735.138,135.138,0.66,0.67,0.33,0.34,0.01,0.01,71922.46,1776093733000
1776093735.528,135.528,0.69,0.7,0.3,0.33,0.01,0.03,71924.9,1776093734000
1776093735.882,135.882,0.69,0.7,0.3,0.31,0.01,0.01,71924.9,1776093734000
1776093736.317,136.317,0.7,0.71,0.29,0.3,0.01,0.01,71924.9,1776093735000
1776093736.766,136.766,0.69,0.71,0.29,0.3,0.02,0.01,71924.9,1776093735000
1776093737.113,137.113,0.68,0.69,0.3,0.31,0.01,0.01,71924.9,1776093735000
1776093737.496,137.496,0.68,0.69,0.31,0.33,0.01,0.02,71930.14,1776093736000
1776093737.872,137.872,0.65,0.67,0.33,0.34,0.02,0.01,71930.14,1776093736000
1776093738.284,138.284,0.66,0.67,0.33,0.34,0.01,0.01,71930.14,1776093736000
1776093738.911,138.911,0.66,0.67,0.33,0.34,0.01,0.01,71927.77,1776093738000
1776093739.463,139.463,0.66,0.67,0.33,0.34,0.01,0.01,71927.77,1776093738000
1776093739.826,139.826,0.66,0.67,0.33,0.34,0.01,0.01,71927.77,1776093738000
1776093740.348,140.348,0.66,0.67,0.33,0.34,0.01,0.01,71925.1,1776093739000
1776093741.127,141.127,0.65,0.66,0.34,0.35,0.01,0.01,71926.03,1776093740000
1776093741.682,141.682,0.64,0.65,0.34,0.35,0.01,0.01,71926.03,1776093740000
1776093742.162,142.162,0.64,0.65,0.35,0.36,0.01,0.01,71926.03,1776093740000
1776093742.497,142.497,0.66,0.69,0.32,0.34,0.03,0.02,71924.55,1776093741000
1776093742.907,142.907,0.69,0.7,0.3,0.31,0.01,0.01,71924.55,1776093741000
1776093743.248,143.248,0.69,0.7,0.3,0.31,0.01,0.01,71924.55,1776093741000
1776093743.672,143.672,0.69,0.7,0.3,0.31,0.01,0.01,71926.28,1776093742000
1776093744.094,144.094,0.7,0.71,0.29,0.3,0.01,0.01,71926.28,1776093742000
1776093744.436,144.436,0.7,0.72,0.28,0.3,0.02,0.02,71931.73,1776093743000
1776093745.067,145.067,0.71,0.72,0.28,0.29,0.01,0.01,71931.73,1776093743000
1776093745.424,145.424,0.71,0.72,0.28,0.29,0.01,0.01,71931.73,1776093743000
1776093745.773,145.773,0.71,0.72,0.28,0.29,0.01,0.01,71932.39,1776093744000
1776093746.172,146.172,0.71,0.72,0.28,0.29,0.01,0.01,71932.71,1776093745000
1776093747.515,147.515,0.71,0.72,0.28,0.29,0.01,0.01,71932.71,1776093745000
1776093747.906,147.906,0.71,0.72,0.28,0.29,0.01,0.01,71932.71,1776093745000
1776093748.516,148.516,0.71,0.72,0.28,0.29,0.01,0.01,71934.93,1776093746000
1776093748.91,148.91,0.71,0.72,0.28,0.29,0.01,0.01,71934.8,1776093747000
1776093749.684,149.684,0.71,0.73,0.28,0.29,0.02,0.01,71934.8,1776093747000
1776093750.025,150.025,0.77,0.78,0.22,0.24,0.01,0.02,71934.39,1776093748000
1776093750.361,150.361,0.78,0.79,0.21,0.22,0.01,0.01,71934.39,1776093748000
1776093750.784,150.784,0.79,0.8,0.2,0.21,0.01,0.01,71934.49,1776093749000
1776093751.149,151.149,0.8,0.81,0.19,0.2,0.01,0.01,71934.49,1776093749000
1776093751.503,151.503,0.81,0.82,0.18,0.19,0.01,0.01,71937.78,1776093750000
1776093751.849,151.849,0.82,0.83,0.17,0.18,0.01,0.01,71937.78,1776093750000
1776093752.303,152.303,0.83,0.84,0.16,0.17,0.01,0.01,71937.78,1776093750000
1776093752.64,152.64,0.82,0.83,0.17,0.19,0.01,0.02,71937.78,1776093750000
1776093752.999,152.999,0.82,0.83,0.17,0.18,0.01,0.01,71937.78,1776093750000
1776093753.421,153.421,0.83,0.84,0.15,0.17,0.01,0.02,71959.48,1776093751000
1776093753.762,153.762,0.83,0.84,0.16,0.17,0.01,0.01,71966.37,1776093752000
1776093754.191,154.191,0.83,0.84,0.16,0.17,0.01,0.01,71966.37,1776093752000
1776093754.548,154.548,0.82,0.84,0.16,0.17,0.02,0.01,71969.23,1776093753000
1776093754.979,154.979,0.83,0.84,0.16,0.17,0.01,0.01,71969.23,1776093753000
1776093755.337,155.337,0.83,0.84,0.16,0.17,0.01,0.01,71976.07,1776093754000
1776093755.789,155.789,0.84,0.85,0.15,0.17,0.01,0.02,71976.07,1776093754000
1776093756.202,156.202,0.84,0.86,0.14,0.16,0.02,0.02,71976.07,1776093754000
1776093756.574,156.574,0.84,0.86,0.14,0.16,0.02,0.02,71976.07,1776093754000
1776093757.66,157.66,0.85,0.86,0.14,0.16,0.01,0.02,71974.16,1776093755000
1776093758.218,158.218,0.85,0.86,0.14,0.15,0.01,0.01,71976.06,1776093757000
1776093758.673,158.673,0.84,0.86,0.14,0.16,0.02,0.02,71976.06,1776093757000
1776093759.019,159.019,0.85,0.86,0.14,0.15,0.01,0.01,71976.06,1776093757000
1776093759.441,159.441,0.85,0.86,0.14,0.15,0.01,0.01,71976.06,1776093757000
1776093759.794,159.794,0.85,0.86,0.14,0.15,0.01,0.01,71973.83,1776093758000
1776093760.442,160.442,0.85,0.86,0.14,0.15,0.01,0.01,71973.92,1776093759000
1776093761.094,161.094,0.85,0.86,0.14,0.15,0.01,0.01,71974.16,1776093760000
1776093761.456,161.456,0.82,0.83,0.17,0.18,0.01,0.01,71974.16,1776093760000
1776093762.057,162.057,0.82,0.83,0.17,0.18,0.01,0.01,71974.16,1776093760000
1776093762.435,162.435,0.81,0.82,0.18,0.2,0.01,0.02,71974.16,1776093760000
1776093762.772,162.772,0.81,0.82,0.18,0.19,0.01,0.01,71974.19,1776093761000
1776093763.205,163.205,0.81,0.82,0.18,0.19,0.01,0.01,71971.53,1776093762000
1776093763.656,163.656,0.81,0.82,0.18,0.19,0.01,0.01,71971.53,1776093762000
1776093764.124,164.124,0.81,0.82,0.18,0.19,0.01,0.01,71971.53,1776093762000
1776093764.474,164.474,0.81,0.82,0.18,0.19,0.01,0.01,71971.53,1776093762000
1776093764.995,164.995,0.82,0.83,0.17,0.18,0.01,0.01,71963.0,1776093763000
1776093765.409,165.409,0.81,0.82,0.17,0.19,0.01,0.02,71963.0,1776093763000
1776093765.92,165.92,0.81,0.82,0.18,0.19,0.01,0.01,71964.35,1776093764000
1776093766.304,166.304,0.79,0.8,0.19,0.21,0.01,0.02,71964.35,1776093764000
1776093766.841,166.841,0.79,0.8,0.2,0.21,0.01,0.01,71962.54,1776093765000
1776093767.176,167.176,0.8,0.81,0.19,0.2,0.01,0.01,71962.54,1776093765000
1776093767.543,167.543,0.8,0.81,0.19,0.2,0.01,0.01,71960.86,1776093766000
1776093767.95,167.95,0.81,0.82,0.18,0.19,0.01,0.01,71960.86,1776093766000
1776093768.348,168.348,0.81,0.82,0.18,0.19,0.01,0.01,71960.86,1776093766000
1776093768.741,168.741,0.8,0.81,0.19,0.2,0.01,0.01,71956.18,1776093767000
1776093769.2,169.2,0.8,0.81,0.19,0.2,0.01,0.01,71955.69,1776093768000
1776093769.746,169.746,0.78,0.79,0.19,0.21,0.01,0.02,71955.69,1776093768000
1776093770.131,170.131,0.78,0.79,0.21,0.22,0.01,0.01,71955.69,1776093768000
1776093770.584,170.584,0.77,0.78,0.22,0.23,0.01,0.01,71955.69,1776093768000
1776093771.035,171.035,0.77,0.79,0.22,0.23,0.02,0.01,71957.0,1776093769000
1776093771.512,171.512,0.8,0.82,0.19,0.21,0.02,0.02,71956.36,1776093770000
1776093771.856,171.856,0.81,0.82,0.18,0.19,0.01,0.01,71956.36,1776093770000
1776093772.201,172.201,0.81,0.82,0.18,0.19,0.01,0.01,71956.36,1776093770000
1776093772.653,172.653,0.81,0.82,0.18,0.19,0.01,0.01,71956.36,1776093770000
1776093772.999,172.999,0.81,0.82,0.18,0.19,0.01,0.01,71955.94,1776093771000
1776093773.416,173.416,0.8,0.81,0.18,0.2,0.01,0.02,71956.11,1776093772000
1776093774.276,174.276,0.8,0.81,0.19,0.2,0.01,0.01,71956.11,1776093772000
1776093774.626,174.626,0.8,0.81,0.19,0.2,0.01,0.01,71956.11,1776093772000
1776093774.961,174.961,0.8,0.81,0.19,0.2,0.01,0.01,71956.09,1776093773000
1776093775.341,175.341,0.8,0.81,0.19,0.2,0.01,0.01,71956.09,1776093773000
1776093776.28,176.28,0.8,0.81,0.19,0.2,0.01,0.01,71955.89,1776093774000
1776093776.692,176.692,0.8,0.81,0.19,0.2,0.01,0.01,71955.89,1776093775000
1776093777.071,177.071,0.81,0.82,0.18,0.2,0.01,0.02,71955.89,1776093775000
1776093777.638,177.638,0.8,0.81,0.19,0.2,0.01,0.01,71955.91,1776093776000
1776093777.975,177.975,0.82,0.85,0.15,0.18,0.03,0.03,71955.91,1776093776000
1776093778.318,178.318,0.85,0.86,0.14,0.15,0.01,0.01,71955.92,1776093777000
1776093778.662,178.662,0.85,0.87,0.14,0.15,0.02,0.01,71955.92,1776093777000
1776093778.996,178.996,0.87,0.88,0.12,0.13,0.01,0.01,71955.92,1776093777000
1776093779.345,179.345,0.88,0.89,0.11,0.12,0.01,0.01,71955.92,1776093777000
1776093779.73,179.73,0.88,0.89,0.11,0.12,0.01,0.01,71955.92,1776093777000
1776093780.143,180.143,0.88,0.89,0.11,0.12,0.01,0.01,71976.9,1776093778000
1776093780.505,180.505,0.88,0.89,0.11,0.12,0.01,0.01,71976.9,1776093778000
1776093780.858,180.858,0.88,0.89,0.11,0.12,0.01,0.01,71977.25,1776093779000
1776093781.269,181.269,0.88,0.89,0.11,0.12,0.01,0.01,71977.25,1776093779000
1776093781.611,181.611,0.87,0.88,0.12,0.13,0.01,0.01,71976.74,1776093780000
1776093781.946,181.946,0.87,0.88,0.12,0.13,0.01,0.01,71976.74,1776093780000
1776093782.319,182.319,0.87,0.88,0.12,0.13,0.01,0.01,71976.74,1776093780000
1776093782.827,182.827,0.87,0.88,0.12,0.13,0.01,0.01,71976.74,1776093780000
1776093783.227,183.227,0.89,0.9,0.11,0.12,0.01,0.01,71975.41,1776093782000
1776093783.644,183.644,0.89,0.9,0.1,0.11,0.01,0.01,71975.41,1776093782000
1776093783.979,183.979,0.9,0.91,0.09,0.1,0.01,0.01,71975.41,1776093782000
1776093784.313,184.313,0.9,0.91,0.09,0.1,0.01,0.01,71975.41,1776093782000
1776093784.659,184.659,0.9,0.91,0.09,0.1,0.01,0.01,71975.41,1776093782000
1776093785.052,185.052,0.9,0.91,0.09,0.1,0.01,0.01,71975.41,1776093782000
1776093785.421,185.421,0.9,0.91,0.09,0.1,0.01,0.01,71982.99,1776093784000
1776093785.786,185.786,0.9,0.91,0.09,0.1,0.01,0.01,71982.99,1776093784000
1776093786.198,186.198,0.89,0.91,0.09,0.11,0.02,0.02,71989.13,1776093785000
1776093786.578,186.578,0.88,0.89,0.11,0.12,0.01,0.01,71989.13,1776093785000
1776093786.916,186.916,0.86,0.87,0.13,0.14,0.01,0.01,71989.13,1776093785000
1776093787.26,187.26,0.82,0.84,0.15,0.18,0.02,0.03,71989.13,1776093785000
1776093787.601,187.601,0.82,0.83,0.17,0.18,0.01,0.01,71989.13,1776093785000
1776093787.941,187.941,0.82,0.83,0.17,0.18,0.01,0.01,71979.53,1776093786000
1776093788.279,188.279,0.82,0.83,0.17,0.18,0.01,0.01,71979.53,1776093786000
1776093788.651,188.651,0.82,0.83,0.17,0.18,0.01,0.01,71964.65,1776093787000
1776093788.991,188.991,0.82,0.83,0.17,0.18,0.01,0.01,71957.09,1776093788000
1776093789.505,189.505,0.82,0.83,0.17,0.18,0.01,0.01,71957.09,1776093788000
1776093790.266,190.266,0.82,0.83,0.17,0.18,0.01,0.01,71957.09,1776093788000
1776093790.683,190.683,0.82,0.83,0.17,0.18,0.01,0.01,71954.91,1776093789000
1776093791.577,191.577,0.82,0.83,0.17,0.18,0.01,0.01,71956.02,1776093790000
1776093791.988,191.988,0.82,0.83,0.17,0.18,0.01,0.01,71956.02,1776093790000
1776093792.398,192.398,0.82,0.83,0.17,0.18,0.01,0.01,71956.05,1776093791000
1776093792.755,192.755,0.82,0.83,0.17,0.18,0.01,0.01,71956.05,1776093791000
1776093793.128,193.128,0.81,0.82,0.17,0.2,0.01,0.03,71956.05,1776093791000
1776093793.569,193.569,0.79,0.8,0.2,0.21,0.01,0.01,71956.31,1776093792000
1776093793.917,193.917,0.78,0.79,0.2,0.22,0.01,0.02,71956.31,1776093792000
1776093794.253,194.253,0.78,0.79,0.21,0.22,0.01,0.01,71952.08,1776093793000
1776093794.599,194.599,0.78,0.79,0.21,0.22,0.01,0.01,71952.08,1776093793000
1776093795.023,195.023,0.78,0.79,0.21,0.22,0.01,0.01,71952.08,1776093793000
1776093795.439,195.439,0.78,0.79,0.21,0.22,0.01,0.01,71952.08,1776093793000
1776093796.009,196.009,0.78,0.79,0.21,0.22,0.01,0.01,71943.11,1776093794000
1776093796.579,196.579,0.77,0.78,0.21,0.22,0.01,0.01,71942.63,1776093795000
1776093797.037,197.037,0.77,0.78,0.22,0.23,0.01,0.01,71942.63,1776093795000
1776093797.4,197.4,0.77,0.78,0.22,0.23,0.01,0.01,71942.56,1776093796000
1776093797.818,197.818,0.78,0.79,0.22,0.23,0.01,0.01,71942.56,1776093796000
1776093798.368,198.368,0.78,0.79,0.21,0.22,0.01,0.01,71942.57,1776093797000
1776093798.718,198.718,0.83,0.84,0.16,0.17,0.01,0.01,71942.57,1776093797000
1776093799.053,199.053,0.83,0.84,0.16,0.17,0.01,0.01,71942.57,1776093797000
1776093799.396,199.396,0.83,0.84,0.16,0.17,0.01,0.01,71942.57,1776093798000
1776093799.856,199.856,0.83,0.84,0.16,0.17,0.01,0.01,71942.57,1776093798000
1776093800.26,200.26,0.84,0.85,0.15,0.17,0.01,0.02,71942.57,1776093798000
1776093800.614,200.614,0.84,0.85,0.15,0.16,0.01,0.01,71947.21,1776093799000
1776093800.978,200.978,0.86,0.87,0.13,0.15,0.01,0.02,71947.21,1776093799000
1776093801.373,201.373,0.86,0.87,0.13,0.14,0.01,0.01,71955.02,1776093800000
1776093801.839,201.839,0.87,0.88,0.12,0.14,0.01,0.02,71955.02,1776093800000
1776093802.203,202.203,0.87,0.88,0.12,0.13,0.01,0.01,71962.39,1776093801000
1776093802.539,202.539,0.87,0.88,0.12,0.13,0.01,0.01,71962.39,1776093801000
1776093802.889,202.889,0.87,0.89,0.12,0.13,0.02,0.01,71962.39,1776093801000
1776093803.489,203.489,0.88,0.89,0.11,0.12,0.01,0.01,71964.43,1776093802000
1776093804.092,204.092,0.86,0.87,0.13,0.14,0.01,0.01,71965.55,1776093803000
1776093804.428,204.428,0.86,0.87,0.13,0.14,0.01,0.01,71965.55,1776093803000
1776093804.803,204.803,0.86,0.87,0.13,0.14,0.01,0.01,71965.55,1776093803000
1776093805.386,205.386,0.86,0.87,0.13,0.14,0.01,0.01,71967.91,1776093804000
1776093805.741,205.741,0.87,0.88,0.12,0.13,0.01,0.01,71967.91,1776093804000
1776093806.197,206.197,0.88,0.89,0.11,0.12,0.01,0.01,71961.11,1776093805000
1776093806.55,206.55,0.88,0.89,0.11,0.12,0.01,0.01,71961.11,1776093805000
1776093806.941,206.941,0.87,0.89,0.11,0.13,0.02,0.02,71961.11,1776093806000
1776093807.322,207.322,0.87,0.88,0.12,0.13,0.01,0.01,71961.11,1776093806000
1776093807.767,207.767,0.86,0.87,0.13,0.14,0.01,0.01,71961.11,1776093806000
1776093808.182,208.182,0.86,0.87,0.13,0.14,0.01,0.01,71966.27,1776093807000
1776093808.547,208.547,0.86,0.87,0.13,0.14,0.01,0.01,71966.27,1776093807000
1776093808.89,208.89,0.86,0.87,0.13,0.14,0.01,0.01,71964.58,1776093808000
1776093809.488,209.488,0.86,0.87,0.13,0.14,0.01,0.01,71964.58,1776093808000
1776093809.925,209.925,0.86,0.87,0.13,0.14,0.01,0.01,71964.58,1776093808000
1776093810.336,210.336,0.86,0.87,0.13,0.14,0.01,0.01,71964.58,1776093808000
1776093810.701,210.701,0.86,0.87,0.13,0.14,0.01,0.01,71956.1,1776093809000
1776093811.213,211.213,0.86,0.87,0.13,0.14,0.01,0.01,71956.1,1776093809000
1776093811.588,211.588,0.86,0.87,0.13,0.14,0.01,0.01,71955.51,1776093810000
1776093811.982,211.982,0.85,0.86,0.14,0.15,0.01,0.01,71955.51,1776093810000
1776093812.381,212.381,0.85,0.86,0.14,0.15,0.01,0.01,71955.51,1776093810000
1776093812.737,212.737,0.85,0.86,0.14,0.15,0.01,0.01,71955.0,1776093811000
1776093813.157,213.157,0.84,0.85,0.15,0.16,0.01,0.01,71955.0,1776093811000
1776093813.494,213.494,0.85,0.86,0.14,0.16,0.01,0.02,71953.72,1776093812000
1776093813.859,213.859,0.84,0.85,0.15,0.16,0.01,0.01,71953.72,1776093812000
1776093814.258,214.258,0.85,0.86,0.14,0.15,0.01,0.01,71953.72,1776093812000
1776093814.753,214.753,0.85,0.86,0.14,0.15,0.01,0.01,71949.74,1776093813000
1776093815.138,215.138,0.85,0.86,0.14,0.15,0.01,0.01,71949.74,1776093813000
1776093815.527,215.527,0.85,0.86,0.14,0.15,0.01,0.01,71948.5,1776093814000
1776093815.865,215.865,0.86,0.87,0.13,0.14,0.01,0.01,71948.5,1776093814000
1776093816.281,216.281,0.86,0.87,0.13,0.14,0.01,0.01,71948.52,1776093815000
1776093816.721,216.721,0.87,0.88,0.12,0.13,0.01,0.01,71948.52,1776093815000
1776093817.112,217.112,0.87,0.88,0.12,0.13,0.01,0.01,71948.52,1776093815000
1776093817.568,217.568,0.87,0.88,0.12,0.13,0.01,0.01,71949.91,1776093816000
1776093817.926,217.926,0.87,0.88,0.12,0.13,0.01,0.01,71949.91,1776093816000
1776093818.402,218.402,0.87,0.88,0.12,0.13,0.01,0.01,71949.91,1776093816000
1776093818.781,218.781,0.87,0.88,0.12,0.13,0.01,0.01,71952.19,1776093817000
1776093819.267,219.267,0.87,0.88,0.12,0.13,0.01,0.01,71952.19,1776093818000
1776093819.634,219.634,0.87,0.88,0.12,0.13,0.01,0.01,71952.19,1776093818000
1776093820.061,220.061,0.87,0.88,0.12,0.13,0.01,0.01,71952.19,1776093818000
1776093820.693,220.693,0.87,0.88,0.12,0.13,0.01,0.01,71951.72,1776093819000
1776093821.103,221.103,0.87,0.88,0.12,0.13,0.01,0.01,71951.72,1776093819000
1776093821.559,221.559,0.87,0.88,0.12,0.13,0.01,0.01,71952.16,1776093820000
1776093822.084,222.084,0.87,0.88,0.12,0.13,0.01,0.01,71952.16,1776093820000
1776093822.428,222.428,0.87,0.88,0.12,0.13,0.01,0.01,71952.45,1776093821000
1776093823.157,223.157,0.87,0.88,0.12,0.13,0.01,0.01,71952.45,1776093821000
1776093823.682,223.682,0.87,0.88,0.12,0.13,0.01,0.01,71952.54,1776093822000
1776093824.178,224.178,0.86,0.88,0.12,0.14,0.02,0.02,71952.17,1776093823000
1776093824.525,224.525,0.86,0.87,0.13,0.14,0.01,0.01,71952.17,1776093823000
1776093825.172,225.172,0.86,0.87,0.13,0.14,0.01,0.01,71952.54,1776093824000
1776093825.544,225.544,0.86,0.87,0.13,0.14,0.01,0.01,71952.54,1776093824000
1776093826.246,226.246,0.86,0.87,0.13,0.14,0.01,0.01,71951.42,1776093825000
1776093826.63,226.63,0.86,0.87,0.13,0.14,0.01,0.01,71951.42,1776093825000
1776093826.963,226.963,0.86,0.87,0.13,0.14,0.01,0.01,71951.42,1776093825000
1776093827.329,227.329,0.86,0.87,0.13,0.14,0.01,0.01,71951.03,1776093826000
1776093827.818,227.818,0.87,0.88,0.12,0.13,0.01,0.01,71951.03,1776093826000
1776093828.225,228.225,0.87,0.88,0.12,0.13,0.01,0.01,71951.03,1776093826000
1776093828.615,228.615,0.87,0.88,0.12,0.13,0.01,0.01,71952.74,1776093827000
1776093829.34,229.34,0.87,0.88,0.12,0.13,0.01,0.01,71952.55,1776093828000
1776093829.891,229.891,0.87,0.88,0.12,0.13,0.01,0.01,71952.55,1776093828000
1776093830.343,230.343,0.87,0.88,0.12,0.13,0.01,0.01,71952.14,1776093829000
1776093830.745,230.745,0.87,0.88,0.12,0.13,0.01,0.01,71952.14,1776093829000
1776093831.127,231.127,0.87,0.88,0.12,0.13,0.01,0.01,71952.14,1776093829000
1776093831.496,231.496,0.87,0.89,0.12,0.13,0.02,0.01,71952.17,1776093830000
1776093831.845,231.845,0.89,0.9,0.1,0.11,0.01,0.01,71952.17,1776093830000
1776093832.223,232.223,0.89,0.9,0.1,0.11,0.01,0.01,71952.17,1776093830000
1776093832.57,232.57,0.89,0.9,0.1,0.11,0.01,0.01,71951.88,1776093831000
1776093832.914,232.914,0.9,0.91,0.09,0.11,0.01,0.02,71951.88,1776093831000
1776093833.301,233.301,0.9,0.91,0.09,0.1,0.01,0.01,71951.88,1776093831000
1776093833.724,233.724,0.9,0.91,0.09,0.1,0.01,0.01,71956.43,1776093832000
1776093834.076,234.076,0.9,0.91,0.09,0.1,0.01,0.01,71956.43,1776093832000
1776093834.424,234.424,0.9,0.91,0.09,0.1,0.01,0.01,71956.43,1776093832000
1776093834.992,234.992,0.9,0.91,0.09,0.1,0.01,0.01,71962.56,1776093834000
1776093835.332,235.332,0.9,0.91,0.09,0.1,0.01,0.01,71962.56,1776093834000
1776093835.67,235.67,0.9,0.91,0.09,0.1,0.01,0.01,71962.56,1776093834000
1776093836.015,236.015,0.9,0.91,0.09,0.1,0.01,0.01,71962.56,1776093834000
1776093836.369,236.369,0.9,0.91,0.09,0.1,0.01,0.01,71961.88,1776093835000
1776093836.783,236.783,0.88,0.89,0.1,0.11,0.01,0.01,71961.88,1776093835000
1776093837.131,237.131,0.88,0.9,0.11,0.12,0.02,0.01,71961.88,1776093835000
1776093837.489,237.489,0.9,0.91,0.09,0.1,0.01,0.01,71961.08,1776093836000
1776093837.832,237.832,0.9,0.91,0.09,0.1,0.01,0.01,71961.08,1776093836000
1776093838.178,238.178,0.91,0.92,0.08,0.09,0.01,0.01,71958.47,1776093837000
1776093838.641,238.641,0.91,0.92,0.08,0.09,0.01,0.01,71958.47,1776093837000
1776093839.042,239.042,0.91,0.92,0.08,0.09,0.01,0.01,71958.47,1776093837000
1776093839.384,239.384,0.91,0.92,0.08,0.09,0.01,0.01,71958.47,1776093837000
1776093839.736,239.736,0.91,0.92,0.08,0.09,0.01,0.01,71958.47,1776093837000
1776093840.11,240.11,0.91,0.92,0.08,0.09,0.01,0.01,71954.49,1776093838000
1776093840.498,240.498,0.91,0.92,0.08,0.09,0.01,0.01,71954.49,1776093838000
1776093840.831,240.831,0.91,0.92,0.08,0.09,0.01,0.01,71957.39,1776093839000
1776093841.23,241.23,0.92,0.93,0.07,0.08,0.01,0.01,71957.24,1776093840000
1776093841.585,241.585,0.92,0.93,0.07,0.08,0.01,0.01,71957.24,1776093840000
1776093842.01,242.01,0.93,0.94,0.06,0.07,0.01,0.01,71957.24,1776093840000
1776093842.419,242.419,0.93,0.94,0.06,0.07,0.01,0.01,71957.36,1776093841000
1776093842.815,242.815,0.93,0.94,0.06,0.07,0.01,0.01,71957.36,1776093841000
1776093843.153,243.153,0.93,0.94,0.06,0.07,0.01,0.01,71957.36,1776093841000
1776093843.504,243.504,0.93,0.94,0.06,0.07,0.01,0.01,71958.02,1776093842000
1776093843.863,243.863,0.94,0.95,0.05,0.06,0.01,0.01,71958.02,1776093842000
1776093844.24,244.24,0.94,0.95,0.05,0.06,0.01,0.01,71958.02,1776093842000
1776093844.671,244.671,0.94,0.95,0.05,0.06,0.01,0.01,71963.23,1776093843000
1776093845.013,245.013,0.95,0.96,0.04,0.05,0.01,0.01,71964.0,1776093844000
1776093845.372,245.372,0.95,0.96,0.04,0.05,0.01,0.01,71964.0,1776093844000
1776093845.732,245.732,0.95,0.96,0.04,0.05,0.01,0.01,71964.0,1776093844000
1776093846.112,246.112,0.95,0.96,0.04,0.05,0.01,0.01,71964.0,1776093844000
1776093846.453,246.453,0.95,0.96,0.04,0.05,0.01,0.01,71967.55,1776093845000
1776093847.023,247.023,0.95,0.96,0.04,0.05,0.01,0.01,71967.55,1776093845000
1776093847.483,247.483,0.95,0.96,0.04,0.05,0.01,0.01,71967.93,1776093846000
1776093847.835,247.835,0.95,0.96,0.04,0.05,0.01,0.01,71967.93,1776093846000
1776093848.227,248.227,0.95,0.96,0.04,0.05,0.01,0.01,71967.93,1776093846000
1776093848.652,248.652,0.95,0.96,0.04,0.05,0.01,0.01,71968.97,1776093847000
1776093849.033,249.033,0.94,0.95,0.05,0.06,0.01,0.01,71968.97,1776093847000
1776093849.437,249.437,0.95,0.96,0.04,0.05,0.01,0.01,71969.24,1776093848000
1776093849.783,249.783,0.92,0.96,0.04,0.05,0.04,0.01,71969.24,1776093848000
1776093850.138,250.138,0.95,0.96,0.04,0.05,0.01,0.01,71969.24,1776093848000
1776093850.53,250.53,0.94,0.95,0.03,0.06,0.01,0.03,71967.7,1776093849000
1776093850.978,250.978,0.95,0.96,0.04,0.05,0.01,0.01,71967.7,1776093849000
1776093851.316,251.316,0.96,0.97,0.03,0.05,0.01,0.02,71967.7,1776093849000
1776093851.651,251.651,0.95,0.96,0.04,0.05,0.01,0.01,71965.84,1776093850000
1776093852.01,252.01,0.95,0.96,0.04,0.05,0.01,0.01,71967.09,1776093851000
1776093852.389,252.389,0.95,0.96,0.04,0.05,0.01,0.01,71967.09,1776093851000
1776093852.832,252.832,0.96,0.97,0.04,0.05,0.01,0.01,71967.09,1776093851000
1776093853.181,253.181,0.96,0.97,0.03,0.04,0.01,0.01,71966.66,1776093852000
1776093853.607,253.607,0.96,0.97,0.03,0.04,0.01,0.01,71966.66,1776093852000
1776093853.943,253.943,0.96,0.97,0.03,0.04,0.01,0.01,71966.66,1776093852000
1776093854.366,254.366,0.96,0.97,0.03,0.04,0.01,0.01,71966.66,1776093852000
1776093854.737,254.737,0.96,0.97,0.03,0.04,0.01,0.01,71966.69,1776093853000
1776093855.144,255.144,0.95,0.97,0.03,0.04,0.02,0.01,71966.93,1776093854000
1776093855.523,255.523,0.96,0.97,0.03,0.04,0.01,0.01,71966.93,1776093854000
1776093855.958,255.958,0.96,0.98,0.02,0.04,0.02,0.02,71969.47,1776093855000
1776093856.36,256.36,0.95,0.96,0.03,0.04,0.01,0.01,71969.47,1776093855000
1776093856.854,256.854,0.96,0.97,0.02,0.05,0.01,0.03,71969.47,1776093855000
1776093857.372,257.372,0.96,0.97,0.03,0.04,0.01,0.01,71969.98,1776093856000
1776093857.712,257.712,0.96,0.97,0.03,0.04,0.01,0.01,71969.98,1776093856000
1776093858.152,258.152,0.97,0.98,0.02,0.03,0.01,0.01,71967.67,1776093857000
1776093858.551,258.551,0.96,0.97,0.02,0.04,0.01,0.02,71967.67,1776093857000
1776093858.955,258.955,0.95,0.97,0.03,0.04,0.02,0.01,71967.67,1776093858000
1776093859.417,259.417,0.96,0.97,0.03,0.04,0.01,0.01,71967.67,1776093858000
1776093859.91,259.91,0.96,0.97,0.03,0.04,0.01,0.01,71966.2,1776093859000
1776093860.277,260.277,0.97,0.98,0.02,0.03,0.01,0.01,71966.2,1776093859000
1776093860.639,260.639,0.97,0.98,0.02,0.03,0.01,0.01,71966.2,1776093859000
1776093861.016,261.016,0.97,0.98,0.02,0.03,0.01,0.01,71966.2,1776093859000
1776093861.51,261.51,0.96,0.98,0.02,0.03,0.02,0.01,71966.15,1776093860000
1776093861.858,261.858,0.96,0.98,0.03,0.04,0.02,0.01,71966.15,1776093860000
1776093862.198,262.198,0.97,0.98,0.02,0.03,0.01,0.01,71966.15,1776093860000
1776093862.649,262.649,0.97,0.98,0.02,0.03,0.01,0.01,71966.13,1776093861000
1776093863.089,263.089,0.96,0.97,0.03,0.04,0.01,0.01,71966.13,1776093861000
1776093863.746,263.746,0.96,0.97,0.03,0.04,0.01,0.01,71968.41,1776093862000
1776093864.129,264.129,0.96,0.97,0.03,0.04,0.01,0.01,71968.41,1776093862000
1776093864.687,264.687,0.96,0.97,0.03,0.04,0.01,0.01,71967.69,1776093863000
1776093865.088,265.088,0.97,0.98,0.02,0.03,0.01,0.01,71967.69,1776093863000
1776093865.526,265.526,0.97,0.98,0.02,0.03,0.01,0.01,71964.77,1776093864000
1776093865.881,265.881,0.95,0.96,0.04,0.05,0.01,0.01,71964.77,1776093864000
1776093866.233,266.233,0.95,0.96,0.04,0.05,0.01,0.01,71961.74,1776093865000
1776093866.658,266.658,0.93,0.95,0.05,0.06,0.02,0.01,71961.74,1776093865000
1776093867.02,267.02,0.93,0.94,0.06,0.07,0.01,0.01,71961.74,1776093865000
1776093867.471,267.471,0.93,0.94,0.04,0.07,0.01,0.03,71961.45,1776093866000
1776093867.826,267.826,0.93,0.94,0.06,0.07,0.01,0.01,71961.45,1776093866000
1776093868.231,268.231,0.91,0.92,0.08,0.09,0.01,0.01,71961.45,1776093866000
1776093868.618,268.618,0.91,0.92,0.08,0.09,0.01,0.01,71951.03,1776093867000
1776093868.967,268.967,0.91,0.92,0.08,0.09,0.01,0.01,71951.03,1776093867000
1776093869.375,269.375,0.9,0.91,0.09,0.1,0.01,0.01,71951.03,1776093867000
1776093869.791,269.791,0.88,0.89,0.11,0.12,0.01,0.01,71951.03,1776093867000
1776093870.125,270.125,0.88,0.89,0.11,0.12,0.01,0.01,71946.43,1776093868000
1776093870.471,270.471,0.87,0.88,0.12,0.13,0.01,0.01,71946.43,1776093868000
1776093870.85,270.85,0.87,0.88,0.12,0.13,0.01,0.01,71937.27,1776093869000
1776093871.263,271.263,0.89,0.9,0.1,0.11,0.01,0.01,71933.35,1776093870000
1776093871.754,271.754,0.89,0.9,0.1,0.11,0.01,0.01,71933.35,1776093870000
1776093872.114,272.114,0.88,0.89,0.1,0.12,0.01,0.02,71933.35,1776093870000
1776093872.467,272.467,0.88,0.89,0.11,0.12,0.01,0.01,71927.2,1776093871000
1776093872.848,272.848,0.89,0.9,0.1,0.11,0.01,0.01,71927.2,1776093871000
1776093873.229,273.229,0.89,0.9,0.1,0.11,0.01,0.01,71927.2,1776093872000
1776093873.569,273.569,0.89,0.9,0.1,0.11,0.01,0.01,71927.2,1776093872000
1776093873.954,273.954,0.89,0.9,0.1,0.11,0.01,0.01,71927.2,1776093872000
1776093874.332,274.332,0.89,0.9,0.1,0.11,0.01,0.01,71927.15,1776093873000
1776093874.687,274.687,0.89,0.9,0.1,0.11,0.01,0.01,71927.15,1776093873000
1776093875.033,275.033,0.89,0.9,0.1,0.11,0.01,0.01,71927.15,1776093873000
1776093875.534,275.534,0.87,0.88,0.1,0.13,0.01,0.03,71927.66,1776093874000
1776093876.005,276.005,0.9,0.91,0.09,0.1,0.01,0.01,71927.66,1776093874000
1776093876.518,276.518,0.88,0.89,0.1,0.13,0.01,0.03,71927.66,1776093875000
1776093877.051,277.051,0.88,0.89,0.12,0.13,0.01,0.01,71927.66,1776093875000
1776093877.425,277.425,0.87,0.88,0.12,0.13,0.01,0.01,71927.68,1776093876000
1776093877.767,277.767,0.87,0.88,0.12,0.13,0.01,0.01,71927.68,1776093876000
1776093878.131,278.131,0.84,0.85,0.14,0.16,0.01,0.02,71927.68,1776093876000
1776093878.537,278.537,0.84,0.85,0.15,0.16,0.01,0.01,71927.68,1776093877000
1776093878.899,278.899,0.84,0.85,0.15,0.16,0.01,0.01,71927.68,1776093877000
1776093879.294,279.294,0.84,0.85,0.15,0.16,0.01,0.01,71927.68,1776093877000
1776093879.632,279.632,0.85,0.86,0.14,0.15,0.01,0.01,71925.77,1776093878000
1776093880.038,280.038,0.86,0.87,0.13,0.14,0.01,0.01,71925.77,1776093878000
1776093880.374,280.374,0.86,0.87,0.13,0.14,0.01,0.01,71925.77,1776093878000
1776093880.722,280.722,0.91,0.92,0.07,0.09,0.01,0.02,71924.92,1776093879000
1776093881.106,281.106,0.92,0.93,0.07,0.08,0.01,0.01,71924.92,1776093879000
1776093881.508,281.508,0.93,0.94,0.06,0.07,0.01,0.01,71924.92,1776093879000
1776093881.885,281.885,0.93,0.95,0.06,0.07,0.02,0.01,71924.92,1776093879000
1776093882.259,282.259,0.94,0.95,0.05,0.06,0.01,0.01,71924.45,1776093880000
1776093882.634,282.634,0.94,0.95,0.05,0.06,0.01,0.01,71925.0,1776093881000
1776093883.006,283.006,0.93,0.94,0.05,0.07,0.01,0.02,71925.0,1776093881000
1776093883.726,283.726,0.93,0.94,0.06,0.07,0.01,0.01,71926.65,1776093882000
1776093884.158,284.158,0.93,0.94,0.06,0.07,0.01,0.01,71926.65,1776093882000
1776093884.996,284.996,0.92,0.93,0.06,0.08,0.01,0.02,71926.85,1776093883000
1776093885.502,285.502,0.92,0.93,0.07,0.08,0.01,0.01,71926.43,1776093884000
1776093885.839,285.839,0.94,0.95,0.05,0.06,0.01,0.01,71926.43,1776093884000
1776093886.225,286.225,0.94,0.95,0.05,0.06,0.01,0.01,71926.43,1776093884000
1776093886.702,286.702,0.96,0.97,0.03,0.06,0.01,0.03,71925.91,1776093885000
1776093887.156,287.156,0.96,0.97,0.03,0.04,0.01,0.01,71925.91,1776093885000
1776093887.493,287.493,0.96,0.97,0.03,0.04,0.01,0.01,71925.6,1776093886000
1776093887.878,287.878,0.95,0.96,0.03,0.05,0.01,0.02,71925.6,1776093886000
1776093888.262,288.262,0.94,0.95,0.05,0.06,0.01,0.01,71926.27,1776093887000
1776093888.633,288.633,0.91,0.92,0.06,0.1,0.01,0.04,71926.27,1776093887000
1776093889.07,289.07,0.91,0.92,0.08,0.09,0.01,0.01,71926.27,1776093887000
1776093889.427,289.427,0.91,0.92,0.08,0.09,0.01,0.01,71926.86,1776093888000
1776093889.811,289.811,0.93,0.94,0.06,0.07,0.01,0.01,71926.86,1776093888000
1776093890.912,290.912,0.94,0.95,0.05,0.06,0.01,0.01,71926.86,1776093888000
1776093891.265,291.265,0.96,0.97,0.02,0.05,0.01,0.03,71926.36,1776093890000
1776093891.604,291.604,0.96,0.97,0.03,0.04,0.01,0.01,71926.36,1776093890000
1776093891.988,291.988,0.96,0.97,0.03,0.04,0.01,0.01,71926.36,1776093890000
1776093892.337,292.337,0.97,0.98,0.02,0.03,0.01,0.01,71921.39,1776093891000
1776093892.67,292.67,0.96,0.98,0.02,0.03,0.02,0.01,71921.39,1776093891000
1776093893.053,293.053,0.98,0.99,0.02,0.03,0.01,0.01,71921.39,1776093891000
1776093893.467,293.467,0.98,0.99,0.01,0.02,0.01,0.01,71920.94,1776093892000
1776093893.818,293.818,0.98,0.99,0.01,0.02,0.01,0.01,71920.94,1776093892000
1776093894.162,294.162,0.98,0.99,0.01,0.02,0.01,0.01,71920.94,1776093892000
1776093894.504,294.504,0.98,0.99,0.01,0.02,0.01,0.01,71921.59,1776093893000
1776093894.925,294.925,0.98,0.99,0.01,0.02,0.01,0.01,71921.59,1776093893000
1776093895.358,295.358,0.98,0.99,0.01,0.02,0.01,0.01,71923.73,1776093894000
1776093895.694,295.694,0.98,0.99,0.01,0.02,0.01,0.01,71923.73,1776093894000
1776093896.033,296.033,0.98,0.99,0.01,0.02,0.01,0.01,71928.95,1776093895000
1776093896.368,296.368,0.98,0.99,0.01,0.02,0.01,0.01,71928.95,1776093895000
1776093896.901,296.901,0.98,0.99,0.01,0.02,0.01,0.01,71932.65,1776093896000
1776093897.253,297.253,0.99,0.99,0.01,0.01,0.0,0.0,71932.65,1776093896000
1776093897.632,297.632,0.99,0.99,0.01,0.01,0.0,0.0,71932.65,1776093896000
1776093897.971,297.971,0.99,0.99,0.01,0.01,0.0,0.0,71932.88,1776093897000
1776093898.307,298.307,0.99,0.99,0.01,0.01,0.0,0.0,71932.88,1776093897000
1776093898.848,298.848,0.99,0.99,0.01,0.01,0.0,0.0,71932.88,1776093897000
1776093899.386,299.386,0.99,0.99,0.01,0.01,0.0,0.0,71932.55,1776093898000
1776093899.911,299.911,0.99,0.99,0.01,0.01,0.0,0.0,71932.55,1776093898000
1776093900.302,300.302,0.99,0.99,0.01,0.01,0.0,0.0,71932.54,1776093899000
1776093900.98,300.98,0.99,0.99,0.01,0.01,0.0,0.0,71932.53,1776093900000
1776093901.903,301.903,0.99,0.99,0.01,0.01,0.0,0.0,71932.21,1776093901000
1776093902.905,302.905,0.99,0.99,0.01,0.01,0.0,0.0,71931.49,1776093902000

# RESULT,winner=Up,slug=btc-updown-5m-1776093600,ticks=716
