timestamp,elapsed_sec,up_bid,up_ask,down_bid,down_ask,up_spread,down_spread,btc_price,btc_oracle_ts
1776358200.579,0.579,0.5,0.51,0.49,0.5,0.01,0.01,74337.17,1776358199000
1776358201.169,1.169,0.49,0.5,0.49,0.51,0.01,0.02,74337.17,1776358199000
1776358201.508,1.508,0.49,0.51,0.5,0.51,0.02,0.01,74332.19,1776358200000
1776358201.902,1.902,0.49,0.5,0.5,0.51,0.01,0.01,74332.19,1776358200000
1776358202.28,2.28,0.49,0.5,0.5,0.51,0.01,0.01,74332.43,1776358201000
1776358202.703,2.703,0.49,0.5,0.5,0.51,0.01,0.01,74332.43,1776358201000
1776358203.254,3.254,0.49,0.5,0.5,0.51,0.01,0.01,74332.43,1776358201000
1776358203.679,3.679,0.49,0.5,0.5,0.51,0.01,0.01,74331.92,1776358202000
1776358204.193,4.193,0.49,0.5,0.5,0.51,0.01,0.01,74331.35,1776358203000
1776358204.56,4.56,0.46,0.48,0.52,0.54,0.02,0.02,74331.35,1776358203000
1776358205.033,5.033,0.45,0.46,0.54,0.55,0.01,0.01,74331.35,1776358203000
1776358205.498,5.498,0.45,0.46,0.54,0.55,0.01,0.01,74331.35,1776358203000
1776358205.836,5.836,0.45,0.46,0.54,0.55,0.01,0.01,74331.35,1776358203000
1776358206.226,6.226,0.45,0.46,0.54,0.55,0.01,0.01,74322.04,1776358204000
1776358206.676,6.676,0.45,0.46,0.54,0.55,0.01,0.01,74322.04,1776358204000
1776358207.01,7.01,0.45,0.46,0.54,0.55,0.01,0.01,74313.64,1776358205000
1776358207.401,7.401,0.45,0.46,0.54,0.55,0.01,0.01,74313.64,1776358205000
1776358208.015,8.015,0.45,0.46,0.54,0.55,0.01,0.01,74313.45,1776358206000
1776358208.482,8.482,0.44,0.45,0.54,0.55,0.01,0.01,74313.45,1776358206000
1776358208.825,8.825,0.44,0.45,0.55,0.56,0.01,0.01,74313.57,1776358207000
1776358209.189,9.189,0.44,0.45,0.55,0.56,0.01,0.01,74313.57,1776358207000
1776358209.796,9.796,0.44,0.45,0.55,0.56,0.01,0.01,74313.54,1776358208000
1776358210.318,10.318,0.44,0.45,0.55,0.56,0.01,0.01,74313.54,1776358208000
1776358210.759,10.759,0.44,0.45,0.55,0.56,0.01,0.01,74313.76,1776358209000
1776358211.097,11.097,0.45,0.46,0.54,0.55,0.01,0.01,74313.76,1776358209000
1776358211.502,11.502,0.45,0.46,0.54,0.55,0.01,0.01,74314.07,1776358210000
1776358211.859,11.859,0.45,0.46,0.54,0.55,0.01,0.01,74314.07,1776358210000
1776358212.309,12.309,0.45,0.46,0.54,0.55,0.01,0.01,74315.3,1776358211000
1776358212.729,12.729,0.45,0.46,0.53,0.55,0.01,0.02,74315.3,1776358211000
1776358213.078,13.078,0.46,0.48,0.53,0.54,0.02,0.01,74321.82,1776358212000
1776358213.573,13.573,0.47,0.48,0.52,0.53,0.01,0.01,74321.82,1776358212000
1776358214.086,14.086,0.47,0.49,0.52,0.53,0.02,0.01,74321.82,1776358212000
1776358214.456,14.456,0.48,0.49,0.51,0.52,0.01,0.01,74322.15,1776358213000
1776358215.043,15.043,0.48,0.49,0.51,0.52,0.01,0.01,74322.15,1776358213000
1776358215.44,15.44,0.5,0.51,0.49,0.51,0.01,0.02,74328.43,1776358214000
1776358215.789,15.789,0.5,0.52,0.48,0.5,0.02,0.02,74328.43,1776358214000
1776358216.162,16.162,0.51,0.52,0.48,0.49,0.01,0.01,74328.43,1776358214000
1776358216.505,16.505,0.51,0.52,0.48,0.49,0.01,0.01,74328.75,1776358215000
1776358216.849,16.849,0.51,0.52,0.48,0.49,0.01,0.01,74328.75,1776358215000
1776358217.395,17.395,0.51,0.52,0.48,0.49,0.01,0.01,74335.52,1776358216000
1776358217.776,17.776,0.51,0.52,0.48,0.49,0.01,0.01,74335.52,1776358216000
1776358218.131,18.131,0.51,0.52,0.48,0.49,0.01,0.01,74338.33,1776358217000
1776358218.583,18.583,0.51,0.52,0.48,0.49,0.01,0.01,74338.33,1776358217000
1776358218.996,18.996,0.51,0.52,0.48,0.49,0.01,0.01,74338.33,1776358217000
1776358219.491,19.491,0.51,0.52,0.48,0.49,0.01,0.01,74338.8,1776358218000
1776358219.929,19.929,0.51,0.52,0.48,0.49,0.01,0.01,74338.8,1776358218000
1776358220.462,20.462,0.51,0.52,0.48,0.49,0.01,0.01,74339.3,1776358219000
1776358220.838,20.838,0.51,0.52,0.48,0.49,0.01,0.01,74339.3,1776358219000
1776358221.375,21.375,0.51,0.52,0.48,0.49,0.01,0.01,74337.11,1776358220000
1776358221.925,21.925,0.52,0.53,0.47,0.48,0.01,0.01,74337.11,1776358220000
1776358222.348,22.348,0.52,0.53,0.47,0.48,0.01,0.01,74337.11,1776358220000
1776358222.77,22.77,0.52,0.53,0.47,0.48,0.01,0.01,74333.87,1776358221000
1776358223.257,23.257,0.52,0.53,0.47,0.48,0.01,0.01,74333.87,1776358221000
1776358223.704,23.704,0.52,0.53,0.47,0.48,0.01,0.01,74333.87,1776358222000
1776358224.251,24.251,0.53,0.54,0.46,0.48,0.01,0.02,74333.87,1776358222000
1776358224.832,24.832,0.53,0.54,0.46,0.47,0.01,0.01,74335.9,1776358223000
1776358225.17,25.17,0.53,0.54,0.46,0.47,0.01,0.01,74335.91,1776358224000
1776358225.593,25.593,0.53,0.54,0.46,0.47,0.01,0.01,74335.91,1776358224000
1776358226.041,26.041,0.53,0.54,0.46,0.47,0.01,0.01,74337.14,1776358225000
1776358226.468,26.468,0.53,0.54,0.46,0.47,0.01,0.01,74337.14,1776358225000
1776358226.806,26.806,0.52,0.53,0.46,0.48,0.01,0.02,74337.14,1776358225000
1776358227.774,27.774,0.52,0.53,0.47,0.48,0.01,0.01,74336.61,1776358226000
1776358228.123,28.123,0.52,0.54,0.47,0.48,0.02,0.01,74336.61,1776358226000
1776358228.475,28.475,0.52,0.54,0.46,0.48,0.02,0.02,74335.8,1776358227000
1776358228.916,28.916,0.53,0.54,0.46,0.47,0.01,0.01,74335.8,1776358227000
1776358229.436,29.436,0.53,0.54,0.46,0.47,0.01,0.01,74336.37,1776358228000
1776358229.835,29.835,0.53,0.54,0.46,0.47,0.01,0.01,74336.37,1776358228000
1776358230.191,30.191,0.53,0.54,0.46,0.47,0.01,0.01,74336.37,1776358228000
1776358230.644,30.644,0.53,0.54,0.46,0.47,0.01,0.01,74336.45,1776358229000
1776358231.043,31.043,0.54,0.55,0.45,0.46,0.01,0.01,74336.45,1776358229000
1776358231.427,31.427,0.54,0.55,0.45,0.46,0.01,0.01,74336.64,1776358230000
1776358231.836,31.836,0.54,0.55,0.45,0.46,0.01,0.01,74336.64,1776358230000
1776358232.27,32.27,0.54,0.55,0.45,0.46,0.01,0.01,74337.63,1776358231000
1776358232.659,32.659,0.54,0.55,0.45,0.46,0.01,0.01,74337.63,1776358231000
1776358233.15,33.15,0.54,0.55,0.45,0.46,0.01,0.01,74337.63,1776358231000
1776358233.809,33.809,0.54,0.55,0.45,0.46,0.01,0.01,74340.79,1776358232000
1776358234.194,34.194,0.55,0.57,0.44,0.45,0.02,0.01,74340.79,1776358232000
1776358234.568,34.568,0.57,0.58,0.43,0.45,0.01,0.02,74340.79,1776358232000
1776358234.948,34.948,0.58,0.59,0.41,0.42,0.01,0.01,74340.92,1776358233000
1776358235.372,35.372,0.58,0.59,0.4,0.42,0.01,0.02,74345.3,1776358234000
1776358235.784,35.784,0.59,0.6,0.41,0.42,0.01,0.01,74345.3,1776358234000
1776358236.148,36.148,0.59,0.6,0.4,0.41,0.01,0.01,74345.3,1776358234000
1776358236.571,36.571,0.61,0.62,0.38,0.41,0.01,0.03,74353.96,1776358235000
1776358236.94,36.94,0.61,0.62,0.38,0.39,0.01,0.01,74353.96,1776358235000
1776358237.292,37.292,0.61,0.62,0.38,0.39,0.01,0.01,74353.96,1776358235000
1776358237.743,37.743,0.62,0.63,0.37,0.38,0.01,0.01,74358.35,1776358236000
1776358238.213,38.213,0.62,0.63,0.37,0.38,0.01,0.01,74357.97,1776358237000
1776358238.598,38.598,0.62,0.63,0.37,0.38,0.01,0.01,74357.97,1776358237000
1776358239.015,39.015,0.62,0.63,0.37,0.38,0.01,0.01,74357.95,1776358238000
1776358239.455,39.455,0.63,0.64,0.36,0.38,0.01,0.02,74357.95,1776358238000
1776358239.828,39.828,0.63,0.64,0.36,0.37,0.01,0.01,74357.95,1776358238000
1776358240.192,40.192,0.63,0.64,0.36,0.37,0.01,0.01,74357.87,1776358239000
1776358240.533,40.533,0.63,0.64,0.36,0.37,0.01,0.01,74357.87,1776358239000
1776358240.983,40.983,0.63,0.64,0.36,0.37,0.01,0.01,74357.88,1776358240000
1776358241.33,41.33,0.63,0.64,0.36,0.37,0.01,0.01,74357.88,1776358240000
1776358241.813,41.813,0.63,0.64,0.36,0.37,0.01,0.01,74357.88,1776358240000
1776358242.229,42.229,0.64,0.65,0.35,0.36,0.01,0.01,74358.33,1776358241000
1776358242.645,42.645,0.66,0.67,0.33,0.35,0.01,0.02,74358.33,1776358241000
1776358242.986,42.986,0.67,0.68,0.32,0.34,0.01,0.02,74358.33,1776358241000
1776358243.349,43.349,0.67,0.68,0.32,0.33,0.01,0.01,74362.78,1776358242000
1776358243.736,43.736,0.67,0.68,0.32,0.33,0.01,0.01,74362.78,1776358242000
1776358244.115,44.115,0.67,0.69,0.31,0.33,0.02,0.02,74367.78,1776358243000
1776358244.595,44.595,0.68,0.69,0.29,0.33,0.01,0.04,74367.78,1776358243000
1776358244.93,44.93,0.71,0.73,0.27,0.29,0.02,0.02,74367.78,1776358243000
1776358245.312,45.312,0.72,0.74,0.26,0.28,0.02,0.02,74374.58,1776358244000
1776358245.646,45.646,0.72,0.74,0.26,0.28,0.02,0.02,74374.58,1776358244000
1776358246.037,46.037,0.73,0.74,0.26,0.27,0.01,0.01,74374.58,1776358244000
1776358246.409,46.409,0.73,0.74,0.26,0.27,0.01,0.01,74378.79,1776358245000
1776358246.773,46.773,0.73,0.74,0.26,0.27,0.01,0.01,74378.79,1776358245000
1776358247.12,47.12,0.73,0.74,0.26,0.27,0.01,0.01,74378.79,1776358245000
1776358247.468,47.468,0.73,0.74,0.26,0.27,0.01,0.01,74392.39,1776358246000
1776358248.043,48.043,0.73,0.74,0.26,0.27,0.01,0.01,74392.39,1776358246000
1776358248.39,48.39,0.73,0.74,0.26,0.27,0.01,0.01,74392.39,1776358246000
1776358248.738,48.738,0.73,0.74,0.26,0.27,0.01,0.01,74392.82,1776358247000
1776358249.132,49.132,0.73,0.74,0.26,0.27,0.01,0.01,74393.41,1776358248000
1776358249.499,49.499,0.73,0.74,0.26,0.27,0.01,0.01,74393.41,1776358248000
1776358249.905,49.905,0.73,0.74,0.26,0.27,0.01,0.01,74393.41,1776358248000
1776358250.259,50.259,0.73,0.74,0.26,0.27,0.01,0.01,74393.41,1776358248000
1776358250.651,50.651,0.73,0.74,0.26,0.27,0.01,0.01,74393.38,1776358249000
1776358251.02,51.02,0.76,0.77,0.23,0.24,0.01,0.01,74393.38,1776358249000
1776358251.382,51.382,0.76,0.77,0.23,0.24,0.01,0.01,74391.3,1776358250000
1776358251.727,51.727,0.76,0.77,0.23,0.24,0.01,0.01,74391.3,1776358250000
1776358252.11,52.11,0.81,0.83,0.17,0.2,0.02,0.03,74391.3,1776358250000
1776358252.556,52.556,0.82,0.83,0.17,0.21,0.01,0.04,74392.01,1776358251000
1776358253.019,53.019,0.82,0.83,0.16,0.18,0.01,0.02,74392.01,1776358251000
1776358253.42,53.42,0.82,0.83,0.16,0.18,0.01,0.02,74392.01,1776358251000
1776358253.766,53.766,0.82,0.83,0.17,0.18,0.01,0.01,74402.55,1776358252000
1776358254.241,54.241,0.82,0.83,0.17,0.18,0.01,0.01,74402.55,1776358252000
1776358254.62,54.62,0.82,0.83,0.17,0.18,0.01,0.01,74427.08,1776358253000
1776358255.006,55.006,0.82,0.83,0.17,0.18,0.01,0.01,74427.08,1776358253000
1776358255.431,55.431,0.82,0.83,0.17,0.18,0.01,0.01,74427.06,1776358254000
1776358255.799,55.799,0.8,0.81,0.18,0.2,0.01,0.02,74427.06,1776358254000
1776358256.176,56.176,0.81,0.82,0.18,0.19,0.01,0.01,74427.06,1776358254000
1776358256.511,56.511,0.8,0.81,0.19,0.2,0.01,0.01,74427.06,1776358254000
1776358256.877,56.877,0.8,0.81,0.19,0.2,0.01,0.01,74425.38,1776358255000
1776358257.274,57.274,0.8,0.81,0.19,0.2,0.01,0.01,74425.38,1776358255000
1776358257.659,57.659,0.8,0.81,0.19,0.2,0.01,0.01,74415.19,1776358256000
1776358258.111,58.111,0.8,0.81,0.19,0.2,0.01,0.01,74415.19,1776358256000
1776358258.464,58.464,0.8,0.81,0.19,0.2,0.01,0.01,74412.61,1776358257000
1776358258.963,58.963,0.8,0.81,0.19,0.2,0.01,0.01,74412.61,1776358257000
1776358259.313,59.313,0.8,0.81,0.19,0.2,0.01,0.01,74412.36,1776358258000
1776358259.698,59.698,0.8,0.81,0.19,0.2,0.01,0.01,74412.36,1776358258000
1776358260.062,60.062,0.8,0.81,0.19,0.2,0.01,0.01,74412.36,1776358258000
1776358260.461,60.461,0.8,0.81,0.19,0.2,0.01,0.01,74412.36,1776358258000
1776358260.799,60.799,0.81,0.82,0.18,0.19,0.01,0.01,74412.6,1776358259000
1776358261.145,61.145,0.8,0.81,0.18,0.2,0.01,0.02,74412.6,1776358259000
1776358261.528,61.528,0.79,0.8,0.2,0.21,0.01,0.01,74412.61,1776358260000
1776358261.931,61.931,0.79,0.8,0.2,0.21,0.01,0.01,74412.61,1776358260000
1776358262.407,62.407,0.78,0.79,0.21,0.22,0.01,0.01,74412.7,1776358261000
1776358263.028,63.028,0.78,0.79,0.21,0.22,0.01,0.01,74412.7,1776358261000
1776358263.438,63.438,0.77,0.78,0.22,0.23,0.01,0.01,74412.7,1776358261000
1776358263.941,63.941,0.77,0.78,0.22,0.23,0.01,0.01,74408.21,1776358262000
1776358264.314,64.314,0.77,0.78,0.22,0.23,0.01,0.01,74408.21,1776358262000
1776358264.819,64.819,0.77,0.78,0.22,0.23,0.01,0.01,74404.47,1776358263000
1776358265.202,65.202,0.76,0.78,0.22,0.23,0.02,0.01,74404.47,1776358263000
1776358265.553,65.553,0.75,0.76,0.24,0.25,0.01,0.01,74398.43,1776358264000
1776358265.965,65.965,0.75,0.76,0.24,0.25,0.01,0.01,74398.43,1776358264000
1776358266.298,66.298,0.73,0.74,0.26,0.27,0.01,0.01,74398.43,1776358264000
1776358266.729,66.729,0.73,0.74,0.26,0.27,0.01,0.01,74394.31,1776358265000
1776358267.151,67.151,0.72,0.73,0.26,0.28,0.01,0.02,74394.31,1776358265000
1776358267.547,67.547,0.71,0.72,0.27,0.29,0.01,0.02,74385.38,1776358266000
1776358267.898,67.898,0.71,0.72,0.28,0.3,0.01,0.02,74385.38,1776358266000
1776358268.298,68.298,0.7,0.71,0.29,0.3,0.01,0.01,74385.38,1776358266000
1776358268.651,68.651,0.7,0.71,0.29,0.3,0.01,0.01,74385.38,1776358266000
1776358269.017,69.017,0.7,0.71,0.29,0.3,0.01,0.01,74383.29,1776358267000
1776358269.457,69.457,0.7,0.71,0.29,0.3,0.01,0.01,74383.29,1776358267000
1776358269.937,69.937,0.7,0.71,0.29,0.3,0.01,0.01,74380.55,1776358268000
1776358270.413,70.413,0.7,0.71,0.29,0.3,0.01,0.01,74378.55,1776358269000
1776358270.802,70.802,0.7,0.71,0.29,0.3,0.01,0.01,74378.55,1776358269000
1776358271.138,71.138,0.7,0.71,0.29,0.3,0.01,0.01,74378.55,1776358269000
1776358271.485,71.485,0.7,0.71,0.29,0.3,0.01,0.01,74378.58,1776358270000
1776358271.894,71.894,0.7,0.71,0.29,0.3,0.01,0.01,74378.58,1776358270000
1776358272.503,72.503,0.7,0.71,0.29,0.3,0.01,0.01,74379.21,1776358271000
1776358272.844,72.844,0.7,0.71,0.29,0.3,0.01,0.01,74379.21,1776358271000
1776358273.295,73.295,0.7,0.71,0.29,0.3,0.01,0.01,74379.57,1776358272000
1776358273.657,73.657,0.7,0.71,0.29,0.3,0.01,0.01,74379.57,1776358272000
1776358274.072,74.072,0.7,0.71,0.29,0.3,0.01,0.01,74379.57,1776358272000
1776358274.423,74.423,0.7,0.71,0.29,0.3,0.01,0.01,74379.61,1776358273000
1776358274.805,74.805,0.71,0.72,0.28,0.29,0.01,0.01,74379.61,1776358273000
1776358275.247,75.247,0.71,0.72,0.28,0.29,0.01,0.01,74379.61,1776358274000
1776358275.603,75.603,0.71,0.72,0.28,0.29,0.01,0.01,74379.61,1776358274000
1776358276.029,76.029,0.7,0.72,0.28,0.29,0.02,0.01,74379.61,1776358274000
1776358276.542,76.542,0.69,0.7,0.29,0.31,0.01,0.02,74380.85,1776358275000
1776358277.027,77.027,0.69,0.7,0.3,0.31,0.01,0.01,74380.85,1776358275000
1776358277.523,77.523,0.69,0.7,0.3,0.31,0.01,0.01,74382.34,1776358276000
1776358277.891,77.891,0.69,0.7,0.3,0.31,0.01,0.01,74382.34,1776358276000
1776358278.309,78.309,0.69,0.7,0.3,0.31,0.01,0.01,74382.34,1776358276000
1776358278.657,78.657,0.68,0.69,0.31,0.32,0.01,0.01,74378.08,1776358277000
1776358279.009,79.009,0.68,0.69,0.31,0.32,0.01,0.01,74378.08,1776358277000
1776358279.507,79.507,0.68,0.7,0.31,0.32,0.02,0.01,74374.56,1776358278000
1776358280.067,80.067,0.69,0.7,0.3,0.32,0.01,0.02,74374.56,1776358278000
1776358280.451,80.451,0.69,0.71,0.3,0.31,0.02,0.01,74374.56,1776358278000
1776358280.884,80.884,0.71,0.72,0.28,0.29,0.01,0.01,74374.77,1776358279000
1776358281.246,81.246,0.7,0.71,0.28,0.3,0.01,0.02,74374.84,1776358280000
1776358281.625,81.625,0.7,0.72,0.29,0.3,0.02,0.01,74374.84,1776358280000
1776358282.036,82.036,0.71,0.72,0.28,0.29,0.01,0.01,74374.84,1776358280000
1776358282.492,82.492,0.71,0.72,0.28,0.29,0.01,0.01,74379.05,1776358281000
1776358282.839,82.839,0.71,0.72,0.28,0.29,0.01,0.01,74379.05,1776358281000
1776358283.332,83.332,0.71,0.72,0.28,0.29,0.01,0.01,74379.05,1776358281000
1776358283.822,83.822,0.71,0.72,0.28,0.29,0.01,0.01,74379.01,1776358282000
1776358284.23,84.23,0.71,0.72,0.28,0.29,0.01,0.01,74379.01,1776358282000
1776358284.568,84.568,0.71,0.72,0.28,0.29,0.01,0.01,74379.57,1776358283000
1776358285.053,85.053,0.7,0.71,0.29,0.3,0.01,0.01,74379.26,1776358284000
1776358285.658,85.658,0.7,0.71,0.29,0.3,0.01,0.01,74379.26,1776358284000
1776358286.046,86.046,0.7,0.71,0.29,0.3,0.01,0.01,74379.26,1776358284000
1776358286.484,86.484,0.7,0.71,0.29,0.3,0.01,0.01,74379.26,1776358284000
1776358286.851,86.851,0.7,0.71,0.29,0.3,0.01,0.01,74378.59,1776358285000
1776358287.578,87.578,0.71,0.72,0.28,0.29,0.01,0.01,74378.49,1776358286000
1776358287.963,87.963,0.72,0.73,0.26,0.28,0.01,0.02,74378.49,1776358286000
1776358288.336,88.336,0.73,0.74,0.26,0.27,0.01,0.01,74378.57,1776358287000
1776358288.812,88.812,0.74,0.75,0.25,0.26,0.01,0.01,74378.57,1776358287000
1776358289.322,89.322,0.75,0.76,0.24,0.25,0.01,0.01,74383.59,1776358288000
1776358289.655,89.655,0.75,0.76,0.24,0.25,0.01,0.01,74383.59,1776358288000
1776358290.233,90.233,0.75,0.76,0.24,0.25,0.01,0.01,74389.69,1776358289000
1776358290.567,90.567,0.75,0.76,0.24,0.25,0.01,0.01,74389.69,1776358289000
1776358291.133,91.133,0.72,0.74,0.26,0.27,0.02,0.01,74389.69,1776358289000
1776358291.55,91.55,0.72,0.73,0.27,0.28,0.01,0.01,74390.89,1776358290000
1776358291.903,91.903,0.72,0.73,0.27,0.28,0.01,0.01,74390.89,1776358290000
1776358292.255,92.255,0.72,0.73,0.27,0.28,0.01,0.01,74385.22,1776358291000
1776358292.998,92.998,0.72,0.73,0.27,0.28,0.01,0.01,74385.22,1776358291000
1776358293.362,93.362,0.72,0.73,0.27,0.28,0.01,0.01,74383.92,1776358292000
1776358293.825,93.825,0.72,0.73,0.27,0.28,0.01,0.01,74383.92,1776358292000
1776358294.225,94.225,0.72,0.73,0.27,0.28,0.01,0.01,74383.92,1776358292000
1776358294.602,94.602,0.72,0.73,0.27,0.28,0.01,0.01,74383.92,1776358293000
1776358294.962,94.962,0.72,0.73,0.27,0.28,0.01,0.01,74383.92,1776358293000
1776358295.333,95.333,0.72,0.73,0.27,0.28,0.01,0.01,74383.42,1776358294000
1776358295.676,95.676,0.72,0.73,0.27,0.28,0.01,0.01,74383.42,1776358294000
1776358296.108,96.108,0.72,0.73,0.27,0.28,0.01,0.01,74383.42,1776358294000
1776358296.481,96.481,0.73,0.74,0.26,0.28,0.01,0.02,74382.85,1776358295000
1776358296.928,96.928,0.73,0.74,0.26,0.27,0.01,0.01,74382.85,1776358295000
1776358297.295,97.295,0.73,0.74,0.26,0.27,0.01,0.01,74382.82,1776358296000
1776358297.867,97.867,0.73,0.74,0.26,0.27,0.01,0.01,74382.82,1776358297000
1776358298.343,98.343,0.73,0.74,0.26,0.27,0.01,0.01,74382.82,1776358297000
1776358298.684,98.684,0.73,0.74,0.26,0.27,0.01,0.01,74382.82,1776358297000
1776358299.346,99.346,0.73,0.74,0.26,0.27,0.01,0.01,74382.82,1776358297000
1776358299.871,99.871,0.72,0.73,0.27,0.28,0.01,0.01,74382.82,1776358297000
1776358300.272,100.272,0.72,0.73,0.27,0.28,0.01,0.01,74384.05,1776358298000
1776358300.699,100.699,0.72,0.73,0.27,0.28,0.01,0.01,74384.05,1776358298000
1776358301.526,101.526,0.71,0.73,0.27,0.29,0.02,0.02,74382.19,1776358300000
1776358301.913,101.913,0.71,0.72,0.27,0.29,0.01,0.02,74382.19,1776358300000
1776358302.278,102.278,0.71,0.72,0.28,0.29,0.01,0.01,74381.12,1776358301000
1776358302.815,102.815,0.71,0.72,0.28,0.29,0.01,0.01,74381.12,1776358301000
1776358303.206,103.206,0.7,0.71,0.28,0.3,0.01,0.02,74381.12,1776358301000
1776358303.719,103.719,0.7,0.71,0.29,0.3,0.01,0.01,74377.4,1776358302000
1776358304.148,104.148,0.7,0.71,0.29,0.3,0.01,0.01,74377.4,1776358302000
1776358304.639,104.639,0.7,0.71,0.29,0.3,0.01,0.01,74376.43,1776358303000
1776358305.33,105.33,0.7,0.71,0.29,0.3,0.01,0.01,74376.43,1776358303000
1776358306.047,106.047,0.7,0.71,0.29,0.3,0.01,0.01,74376.42,1776358305000
1776358306.729,106.729,0.7,0.71,0.29,0.3,0.01,0.01,74376.42,1776358305000
1776358307.176,107.176,0.7,0.71,0.29,0.3,0.01,0.01,74376.42,1776358305000
1776358307.534,107.534,0.7,0.71,0.29,0.3,0.01,0.01,74377.43,1776358306000
1776358307.889,107.889,0.68,0.7,0.29,0.31,0.02,0.02,74377.43,1776358306000
1776358308.448,108.448,0.69,0.7,0.3,0.32,0.01,0.02,74377.43,1776358306000
1776358308.823,108.823,0.69,0.71,0.3,0.31,0.02,0.01,74376.06,1776358307000
1776358309.175,109.175,0.7,0.71,0.29,0.3,0.01,0.01,74374.96,1776358308000
1776358309.693,109.693,0.7,0.71,0.29,0.3,0.01,0.01,74374.96,1776358308000
1776358310.199,110.199,0.7,0.71,0.29,0.3,0.01,0.01,74372.34,1776358309000
1776358310.551,110.551,0.7,0.71,0.29,0.3,0.01,0.01,74372.34,1776358309000
1776358310.978,110.978,0.7,0.71,0.29,0.3,0.01,0.01,74372.34,1776358309000
1776358311.329,111.329,0.7,0.71,0.29,0.3,0.01,0.01,74374.01,1776358310000
1776358311.688,111.688,0.7,0.71,0.29,0.3,0.01,0.01,74374.01,1776358310000
1776358312.057,112.057,0.68,0.7,0.3,0.32,0.02,0.02,74373.99,1776358311000
1776358312.554,112.554,0.69,0.7,0.3,0.32,0.01,0.02,74373.99,1776358311000
1776358313.035,113.035,0.69,0.7,0.3,0.31,0.01,0.01,74374.7,1776358312000
1776358313.378,113.378,0.69,0.7,0.3,0.31,0.01,0.01,74374.7,1776358312000
1776358314.127,114.127,0.69,0.7,0.3,0.31,0.01,0.01,74372.38,1776358313000
1776358314.478,114.478,0.69,0.7,0.3,0.31,0.01,0.01,74372.38,1776358313000
1776358314.929,114.929,0.68,0.69,0.31,0.32,0.01,0.01,74372.38,1776358313000
1776358315.484,115.484,0.67,0.68,0.32,0.33,0.01,0.01,74372.38,1776358313000
1776358315.905,115.905,0.66,0.67,0.33,0.34,0.01,0.01,74372.37,1776358314000
1776358316.307,116.307,0.66,0.67,0.33,0.34,0.01,0.01,74368.06,1776358315000
1776358316.705,116.705,0.65,0.66,0.33,0.35,0.01,0.02,74368.06,1776358315000
1776358317.329,117.329,0.65,0.66,0.34,0.35,0.01,0.01,74368.06,1776358315000
1776358317.914,117.914,0.65,0.66,0.34,0.35,0.01,0.01,74364.23,1776358316000
1776358318.345,118.345,0.64,0.65,0.34,0.36,0.01,0.02,74362.73,1776358317000
1776358318.887,118.887,0.62,0.63,0.37,0.38,0.01,0.01,74362.73,1776358317000
1776358319.271,119.271,0.61,0.62,0.38,0.39,0.01,0.01,74361.27,1776358318000
1776358319.614,119.614,0.6,0.62,0.38,0.4,0.02,0.02,74361.27,1776358318000
1776358320.012,120.012,0.6,0.61,0.39,0.4,0.01,0.01,74357.9,1776358319000
1776358320.411,120.411,0.59,0.6,0.4,0.41,0.01,0.01,74357.9,1776358319000
1776358320.882,120.882,0.58,0.6,0.4,0.41,0.02,0.01,74357.9,1776358319000
1776358321.247,121.247,0.56,0.59,0.41,0.44,0.03,0.03,74353.29,1776358320000
1776358321.618,121.618,0.57,0.58,0.42,0.43,0.01,0.01,74353.29,1776358320000
1776358322.015,122.015,0.57,0.58,0.42,0.43,0.01,0.01,74350.35,1776358321000
1776358322.469,122.469,0.57,0.58,0.42,0.43,0.01,0.01,74350.35,1776358321000
1776358322.83,122.83,0.56,0.57,0.42,0.44,0.01,0.02,74350.35,1776358321000
1776358323.178,123.178,0.55,0.56,0.43,0.45,0.01,0.02,74344.21,1776358322000
1776358323.714,123.714,0.55,0.56,0.44,0.45,0.01,0.01,74344.21,1776358322000
1776358324.062,124.062,0.54,0.55,0.44,0.46,0.01,0.02,74343.16,1776358323000
1776358324.452,124.452,0.53,0.55,0.45,0.46,0.02,0.01,74343.16,1776358323000
1776358324.844,124.844,0.52,0.54,0.46,0.48,0.02,0.02,74343.16,1776358323000
1776358325.201,125.201,0.5,0.53,0.47,0.5,0.03,0.03,74341.36,1776358324000
1776358325.535,125.535,0.49,0.5,0.5,0.51,0.01,0.01,74341.36,1776358324000
1776358325.907,125.907,0.49,0.5,0.5,0.51,0.01,0.01,74341.36,1776358324000
1776358326.247,126.247,0.48,0.5,0.5,0.52,0.02,0.02,74336.25,1776358325000
1776358326.62,126.62,0.47,0.48,0.52,0.53,0.01,0.01,74336.25,1776358325000
1776358327.25,127.25,0.46,0.47,0.53,0.54,0.01,0.01,74332.2,1776358326000
1776358327.598,127.598,0.46,0.47,0.53,0.54,0.01,0.01,74332.2,1776358326000
1776358327.954,127.954,0.46,0.47,0.53,0.54,0.01,0.01,74332.2,1776358326000
1776358328.344,128.344,0.46,0.47,0.53,0.54,0.01,0.01,74321.72,1776358327000
1776358328.754,128.754,0.49,0.51,0.48,0.5,0.02,0.02,74321.72,1776358327000
1776358329.118,129.118,0.5,0.51,0.49,0.5,0.01,0.01,74321.72,1776358327000
1776358329.465,129.465,0.5,0.51,0.49,0.5,0.01,0.01,74325.21,1776358328000
1776358329.847,129.847,0.5,0.51,0.49,0.5,0.01,0.01,74325.21,1776358328000
1776358330.259,130.259,0.5,0.51,0.49,0.5,0.01,0.01,74329.57,1776358329000
1776358330.703,130.703,0.5,0.51,0.49,0.5,0.01,0.01,74329.57,1776358329000
1776358331.065,131.065,0.51,0.52,0.48,0.49,0.01,0.01,74329.57,1776358329000
1776358331.512,131.512,0.51,0.52,0.48,0.49,0.01,0.01,74330.66,1776358330000
1776358331.866,131.866,0.51,0.52,0.48,0.49,0.01,0.01,74330.66,1776358330000
1776358332.226,132.226,0.51,0.52,0.48,0.49,0.01,0.01,74330.66,1776358330000
1776358332.712,132.712,0.51,0.52,0.48,0.49,0.01,0.01,74331.39,1776358331000
1776358333.159,133.159,0.51,0.52,0.48,0.49,0.01,0.01,74332.91,1776358332000
1776358333.578,133.578,0.5,0.52,0.48,0.5,0.02,0.02,74332.91,1776358332000
1776358333.988,133.988,0.49,0.5,0.5,0.51,0.01,0.01,74332.91,1776358332000
1776358334.346,134.346,0.48,0.49,0.51,0.52,0.01,0.01,74332.91,1776358332000
1776358334.697,134.697,0.47,0.48,0.52,0.53,0.01,0.01,74331.99,1776358333000
1776358335.159,135.159,0.47,0.48,0.52,0.53,0.01,0.01,74330.83,1776358334000
1776358335.644,135.644,0.46,0.47,0.53,0.54,0.01,0.01,74330.83,1776358334000
1776358335.992,135.992,0.46,0.47,0.53,0.54,0.01,0.01,74330.83,1776358334000
1776358336.4,136.4,0.46,0.47,0.53,0.54,0.01,0.01,74330.83,1776358334000
1776358336.785,136.785,0.46,0.47,0.53,0.54,0.01,0.01,74326.41,1776358335000
1776358337.345,137.345,0.45,0.47,0.53,0.54,0.02,0.01,74326.41,1776358335000
1776358337.678,137.678,0.46,0.47,0.53,0.54,0.01,0.01,74326.5,1776358336000
1776358338.05,138.05,0.46,0.47,0.53,0.54,0.01,0.01,74326.5,1776358336000
1776358338.401,138.401,0.47,0.48,0.52,0.53,0.01,0.01,74326.5,1776358336000
1776358338.737,138.737,0.48,0.49,0.51,0.52,0.01,0.01,74324.47,1776358337000
1776358339.17,139.17,0.49,0.51,0.5,0.52,0.02,0.02,74324.47,1776358337000
1776358339.529,139.529,0.5,0.53,0.48,0.5,0.03,0.02,74324.92,1776358338000
1776358339.89,139.89,0.52,0.54,0.47,0.48,0.02,0.01,74324.92,1776358338000
1776358340.346,140.346,0.52,0.53,0.47,0.48,0.01,0.01,74324.92,1776358338000
1776358340.801,140.801,0.53,0.54,0.46,0.48,0.01,0.02,74327.56,1776358339000
1776358341.46,141.46,0.54,0.55,0.45,0.46,0.01,0.01,74334.11,1776358340000
1776358341.926,141.926,0.54,0.55,0.45,0.46,0.01,0.01,74334.11,1776358340000
1776358342.439,142.439,0.54,0.55,0.45,0.46,0.01,0.01,74336.57,1776358341000
1776358343.058,143.058,0.54,0.55,0.45,0.46,0.01,0.01,74336.77,1776358342000
1776358343.56,143.56,0.54,0.55,0.45,0.46,0.01,0.01,74336.77,1776358342000
1776358343.913,143.913,0.54,0.55,0.45,0.46,0.01,0.01,74336.77,1776358342000
1776358344.27,144.27,0.53,0.55,0.45,0.47,0.02,0.02,74336.94,1776358343000
1776358344.809,144.809,0.51,0.53,0.47,0.48,0.02,0.01,74336.94,1776358343000
1776358345.178,145.178,0.49,0.52,0.47,0.5,0.03,0.03,74336.94,1776358343000
1776358345.593,145.593,0.47,0.49,0.51,0.53,0.02,0.02,74336.94,1776358343000
1776358345.929,145.929,0.46,0.48,0.52,0.55,0.02,0.03,74336.94,1776358343000
1776358346.494,146.494,0.46,0.47,0.53,0.54,0.01,0.01,74335.03,1776358344000
1776358346.83,146.83,0.46,0.47,0.53,0.54,0.01,0.01,74328.2,1776358345000
1776358347.207,147.207,0.46,0.47,0.53,0.54,0.01,0.01,74328.2,1776358345000
1776358347.573,147.573,0.46,0.47,0.53,0.54,0.01,0.01,74325.44,1776358346000
1776358348.005,148.005,0.44,0.45,0.55,0.56,0.01,0.01,74325.44,1776358346000
1776358348.35,148.35,0.44,0.45,0.55,0.56,0.01,0.01,74320.74,1776358347000
1776358348.973,148.973,0.44,0.45,0.55,0.56,0.01,0.01,74320.74,1776358347000
1776358349.322,149.322,0.43,0.44,0.55,0.57,0.01,0.02,74320.09,1776358348000
1776358349.685,149.685,0.43,0.44,0.56,0.57,0.01,0.01,74320.09,1776358348000
1776358350.293,150.293,0.42,0.43,0.57,0.58,0.01,0.01,74320.09,1776358348000
1776358350.631,150.631,0.42,0.43,0.57,0.58,0.01,0.01,74319.61,1776358349000
1776358350.975,150.975,0.42,0.43,0.57,0.58,0.01,0.01,74319.61,1776358349000
1776358352.089,152.089,0.41,0.42,0.58,0.59,0.01,0.01,74317.43,1776358351000
1776358352.482,152.482,0.41,0.42,0.58,0.59,0.01,0.01,74317.43,1776358351000
1776358353.126,153.126,0.4,0.42,0.58,0.6,0.02,0.02,74317.43,1776358351000
1776358353.616,153.616,0.38,0.41,0.59,0.62,0.03,0.03,74313.55,1776358352000
1776358354.01,154.01,0.36,0.41,0.59,0.62,0.05,0.03,74313.55,1776358352000
1776358354.37,154.37,0.35,0.4,0.6,0.65,0.05,0.05,74313.55,1776358352000
1776358354.808,154.808,0.3,0.31,0.65,0.7,0.01,0.05,74307.57,1776358353000
1776358355.162,155.162,0.25,0.31,0.69,0.75,0.06,0.06,74303.01,1776358354000
1776358355.541,155.541,0.22,0.29,0.71,0.78,0.07,0.07,74303.01,1776358354000
1776358355.882,155.882,0.21,0.24,0.76,0.79,0.03,0.03,74303.01,1776358354000
1776358356.572,156.572,0.23,0.24,0.76,0.77,0.01,0.01,74290.29,1776358355000
1776358357.187,157.187,0.22,0.24,0.76,0.78,0.02,0.02,74268.34,1776358356000
1776358357.752,157.752,0.22,0.24,0.76,0.78,0.02,0.02,74268.34,1776358356000
1776358358.19,158.19,0.22,0.23,0.77,0.78,0.01,0.01,74268.11,1776358357000
1776358358.544,158.544,0.22,0.23,0.77,0.78,0.01,0.01,74268.11,1776358357000
1776358359.019,159.019,0.23,0.24,0.76,0.77,0.01,0.01,74268.11,1776358357000
1776358359.355,159.355,0.22,0.24,0.76,0.78,0.02,0.02,74255.27,1776358358000
1776358359.714,159.714,0.22,0.23,0.77,0.78,0.01,0.01,74255.27,1776358358000
1776358360.053,160.053,0.15,0.2,0.8,0.85,0.05,0.05,74255.27,1776358358000
1776358360.41,160.41,0.15,0.22,0.79,0.85,0.07,0.06,74255.27,1776358358000
1776358360.775,160.775,0.15,0.17,0.83,0.84,0.02,0.01,74255.27,1776358358000
1776358361.353,161.353,0.13,0.17,0.83,0.85,0.04,0.02,74247.1,1776358359000
1776358361.809,161.809,0.13,0.17,0.83,0.87,0.04,0.04,74245.57,1776358360000
1776358362.77,162.77,0.11,0.15,0.83,0.87,0.04,0.04,74243.15,1776358361000
1776358363.166,163.166,0.11,0.16,0.88,0.89,0.05,0.01,74243.15,1776358361000
1776358364.097,164.097,0.1,0.12,0.84,0.9,0.02,0.06,74230.24,1776358362000
1776358364.47,164.47,0.1,0.12,0.88,0.9,0.02,0.02,74211.74,1776358363000
1776358364.895,164.895,0.08,0.09,0.91,0.92,0.01,0.01,74211.74,1776358363000
1776358365.231,165.231,0.08,0.1,0.9,0.92,0.02,0.02,74211.74,1776358363000
1776358365.569,165.569,0.05,0.1,0.91,0.95,0.05,0.04,74207.95,1776358364000
1776358365.939,165.939,0.05,0.09,0.91,0.95,0.04,0.04,74207.95,1776358365000
1776358366.873,166.873,0.08,0.09,0.91,0.95,0.01,0.04,74207.95,1776358365000
1776358367.249,167.249,0.05,0.09,0.91,0.92,0.04,0.01,74201.01,1776358366000
1776358367.605,167.605,0.05,0.09,0.91,0.95,0.04,0.04,74201.01,1776358366000
1776358368.017,168.017,0.05,0.08,0.91,0.95,0.03,0.04,74201.01,1776358366000
1776358368.4,168.4,0.05,0.07,0.93,0.95,0.02,0.02,74202.06,1776358367000
1776358368.734,168.734,0.06,0.07,0.93,0.94,0.01,0.01,74202.06,1776358367000
1776358369.077,169.077,0.06,0.09,0.91,0.94,0.03,0.03,74202.06,1776358367000
1776358369.422,169.422,0.08,0.09,0.91,0.92,0.01,0.01,74182.91,1776358368000
1776358369.762,169.762,0.04,0.07,0.93,0.96,0.03,0.03,74182.91,1776358368000
1776358370.097,170.097,0.03,0.07,0.93,0.97,0.04,0.04,74182.91,1776358368000
1776358370.432,170.432,0.03,0.05,0.95,0.97,0.02,0.02,74171.31,1776358369000
1776358370.896,170.896,0.04,0.06,0.94,0.96,0.02,0.02,74171.31,1776358369000
1776358371.283,171.283,0.04,0.05,0.94,0.95,0.01,0.01,74168.26,1776358370000
1776358371.707,171.707,0.04,0.05,0.95,0.96,0.01,0.01,74168.26,1776358370000
1776358372.231,172.231,0.03,0.05,0.95,0.97,0.02,0.02,74165.88,1776358371000
1776358372.757,172.757,0.04,0.05,0.95,0.97,0.01,0.02,74165.88,1776358371000
1776358373.17,173.17,0.04,0.05,0.95,0.96,0.01,0.01,74165.88,1776358371000
1776358373.519,173.519,0.05,0.06,0.93,0.96,0.01,0.03,74165.58,1776358372000
1776358373.916,173.916,0.04,0.08,0.94,0.96,0.04,0.02,74165.58,1776358372000
1776358374.309,174.309,0.03,0.04,0.96,0.97,0.01,0.01,74168.86,1776358373000
1776358374.695,174.695,0.03,0.05,0.95,0.97,0.02,0.02,74168.86,1776358373000
1776358375.032,175.032,0.04,0.05,0.95,0.96,0.01,0.01,74168.86,1776358373000
1776358375.376,175.376,0.02,0.05,0.95,0.98,0.03,0.03,74171.08,1776358374000
1776358375.718,175.718,0.04,0.05,0.95,0.96,0.01,0.01,74171.08,1776358374000
1776358376.074,176.074,0.02,0.04,0.96,0.98,0.02,0.02,74171.08,1776358374000
1776358376.644,176.644,0.03,0.05,0.95,0.97,0.02,0.02,74167.53,1776358375000
1776358377.316,177.316,0.03,0.05,0.95,0.97,0.02,0.02,74167.1,1776358376000
1776358377.666,177.666,0.02,0.05,0.95,0.97,0.03,0.02,74167.1,1776358376000
1776358378.363,178.363,0.02,0.05,0.95,0.98,0.03,0.03,74156.19,1776358377000
1776358378.761,178.761,0.02,0.03,0.97,0.98,0.01,0.01,74156.19,1776358377000
1776358379.374,179.374,0.02,0.03,0.97,0.98,0.01,0.01,74152.35,1776358378000
1776358379.711,179.711,0.02,0.03,0.97,0.98,0.01,0.01,74152.35,1776358378000
1776358380.092,180.092,0.02,0.03,0.97,0.98,0.01,0.01,74143.46,1776358379000
1776358380.437,180.437,0.02,0.03,0.97,0.98,0.01,0.01,74143.46,1776358379000
1776358380.785,180.785,0.01,0.02,0.98,0.99,0.01,0.01,74143.46,1776358379000
1776358381.124,181.124,0.01,0.02,0.98,0.99,0.01,0.01,74143.46,1776358379000
1776358381.559,181.559,0.01,0.02,0.97,0.99,0.01,0.02,74142.17,1776358380000
1776358382.114,182.114,0.01,0.02,0.98,0.99,0.01,0.01,74141.29,1776358381000
1776358382.662,182.662,0.01,0.02,0.98,0.99,0.01,0.01,74141.29,1776358381000
1776358383.166,183.166,0.01,0.02,0.98,0.99,0.01,0.01,74148.44,1776358382000
1776358383.551,183.551,0.01,0.02,0.98,0.99,0.01,0.01,74148.44,1776358382000
1776358383.922,183.922,0.01,0.02,0.98,0.99,0.01,0.01,74148.44,1776358382000
1776358384.294,184.294,0.01,0.02,0.98,0.99,0.01,0.01,74181.61,1776358383000
1776358384.842,184.842,0.01,0.02,0.98,0.99,0.01,0.01,74181.61,1776358383000
1776358385.224,185.224,0.01,0.02,0.98,0.99,0.01,0.01,74181.61,1776358383000
1776358385.758,185.758,0.01,0.02,0.98,0.99,0.01,0.01,74196.92,1776358384000
1776358386.16,186.16,0.01,0.02,0.97,0.99,0.01,0.02,74205.85,1776358385000
1776358386.495,186.495,0.04,0.05,0.95,0.96,0.01,0.01,74205.85,1776358385000
1776358386.83,186.83,0.02,0.03,0.97,0.98,0.01,0.01,74205.85,1776358385000
1776358387.174,187.174,0.02,0.03,0.97,0.98,0.01,0.01,74207.81,1776358386000
1776358387.558,187.558,0.02,0.08,0.92,0.98,0.06,0.06,74207.81,1776358386000
1776358387.947,187.947,0.02,0.04,0.96,0.98,0.02,0.02,74188.09,1776358387000
1776358388.485,188.485,0.02,0.05,0.96,0.98,0.03,0.02,74188.09,1776358387000
1776358388.91,188.91,0.03,0.05,0.95,0.98,0.02,0.03,74188.09,1776358387000
1776358389.385,189.385,0.03,0.04,0.96,0.97,0.01,0.01,74176.81,1776358388000
1776358389.782,189.782,0.02,0.04,0.96,0.99,0.02,0.03,74176.81,1776358388000
1776358390.126,190.126,0.02,0.03,0.97,0.98,0.01,0.01,74175.74,1776358389000
1776358390.579,190.579,0.03,0.05,0.95,0.98,0.02,0.03,74175.74,1776358389000
1776358390.913,190.913,0.02,0.05,0.95,0.98,0.03,0.03,74175.74,1776358389000
1776358391.321,191.321,0.02,0.04,0.95,0.98,0.02,0.03,74167.49,1776358390000
1776358391.657,191.657,0.02,0.03,0.97,0.98,0.01,0.01,74167.49,1776358390000
1776358391.998,191.998,0.02,0.03,0.97,0.98,0.01,0.01,74167.49,1776358390000
1776358392.338,192.338,0.02,0.04,0.97,0.98,0.02,0.01,74163.25,1776358391000
1776358392.699,192.699,0.01,0.02,0.98,0.99,0.01,0.01,74163.25,1776358391000
1776358393.359,193.359,0.01,0.02,0.98,0.99,0.01,0.01,74163.25,1776358391000
1776358394.035,194.035,0.01,0.02,0.97,0.99,0.01,0.02,74148.62,1776358392000
1776358395.288,195.288,0.01,0.03,0.97,0.99,0.02,0.02,74153.59,1776358394000
1776358396.293,196.293,0.01,0.03,0.97,0.99,0.02,0.02,74160.95,1776358395000
1776358397.065,197.065,0.01,0.02,0.98,0.99,0.01,0.01,74160.95,1776358395000
1776358397.562,197.562,0.01,0.03,0.98,0.99,0.02,0.01,74160.95,1776358395000
1776358397.907,197.907,0.02,0.03,0.97,0.98,0.01,0.01,74171.08,1776358396000
1776358398.243,198.243,0.01,0.03,0.97,0.98,0.02,0.01,74171.08,1776358396000
1776358398.591,198.591,0.01,0.05,0.98,0.99,0.04,0.01,74172.34,1776358397000
1776358398.933,198.933,0.04,0.05,0.95,0.96,0.01,0.01,74172.34,1776358397000
1776358399.285,199.285,0.02,0.04,0.96,0.98,0.02,0.02,74171.68,1776358398000
1776358399.676,199.676,0.02,0.03,0.96,0.98,0.01,0.02,74171.68,1776358398000
1776358400.05,200.05,0.02,0.03,0.97,0.98,0.01,0.01,74171.68,1776358398000
1776358400.411,200.411,0.02,0.03,0.97,0.98,0.01,0.01,74171.67,1776358399000
1776358400.835,200.835,0.02,0.03,0.97,0.98,0.01,0.01,74171.67,1776358399000
1776358401.389,201.389,0.03,0.04,0.96,0.97,0.01,0.01,74169.9,1776358400000
1776358402.056,202.056,0.03,0.04,0.96,0.97,0.01,0.01,74171.81,1776358401000
1776358402.687,202.687,0.03,0.04,0.96,0.97,0.01,0.01,74171.81,1776358401000
1776358403.194,203.194,0.02,0.03,0.96,0.98,0.01,0.02,74171.81,1776358401000
1776358403.54,203.54,0.02,0.03,0.97,0.98,0.01,0.01,74176.74,1776358402000
1776358403.923,203.923,0.02,0.04,0.97,0.98,0.02,0.01,74176.74,1776358402000
1776358404.309,204.309,0.02,0.03,0.97,0.98,0.01,0.01,74179.24,1776358403000
1776358404.657,204.657,0.02,0.03,0.97,0.98,0.01,0.01,74179.24,1776358403000
1776358405.022,205.022,0.02,0.03,0.97,0.98,0.01,0.01,74170.45,1776358404000
1776358405.375,205.375,0.02,0.03,0.97,0.98,0.01,0.01,74170.45,1776358404000
1776358405.878,205.878,0.02,0.03,0.97,0.98,0.01,0.01,74170.45,1776358404000
1776358406.228,206.228,0.01,0.02,0.97,0.99,0.01,0.02,74170.45,1776358404000
1776358406.568,206.568,0.01,0.02,0.98,0.99,0.01,0.01,74162.21,1776358405000
1776358406.918,206.918,0.01,0.02,0.98,0.99,0.01,0.01,74162.21,1776358405000
1776358407.252,207.252,0.01,0.02,0.98,0.99,0.01,0.01,74162.21,1776358405000
1776358407.746,207.746,0.01,0.02,0.98,0.99,0.01,0.01,74162.21,1776358405000
1776358408.159,208.159,0.01,0.03,0.97,0.98,0.02,0.01,74162.21,1776358405000
1776358408.748,208.748,0.01,0.02,0.98,0.99,0.01,0.01,74154.25,1776358407000
1776358409.143,209.143,0.01,0.02,0.98,0.99,0.01,0.01,74154.25,1776358407000
1776358409.642,209.642,0.01,0.02,0.98,0.99,0.01,0.01,74149.96,1776358408000
1776358410.237,210.237,0.01,0.02,0.98,0.99,0.01,0.01,74149.96,1776358408000
1776358410.659,210.659,0.01,0.02,0.98,0.99,0.01,0.01,74145.61,1776358409000
1776358411.122,211.122,0.01,0.02,0.98,0.99,0.01,0.01,74145.61,1776358409000
1776358411.512,211.512,0.01,0.02,0.98,0.99,0.01,0.01,74145.61,1776358409000
1776358411.87,211.87,0.01,0.02,0.98,0.99,0.01,0.01,74145.26,1776358410000
1776358412.272,212.272,0.01,0.02,0.98,0.99,0.01,0.01,74145.56,1776358411000
1776358412.657,212.657,0.01,0.02,0.98,0.99,0.01,0.01,74145.56,1776358411000
1776358413.037,213.037,0.01,0.02,0.98,0.99,0.01,0.01,74145.56,1776358411000
1776358413.419,213.419,0.01,0.02,0.98,0.99,0.01,0.01,74148.11,1776358412000
1776358413.87,213.87,0.01,0.02,0.98,0.99,0.01,0.01,74148.11,1776358412000
1776358414.258,214.258,0.01,0.02,0.98,0.99,0.01,0.01,74149.18,1776358413000
1776358414.601,214.601,0.01,0.02,0.98,0.99,0.01,0.01,74149.18,1776358413000
1776358415.029,215.029,0.01,0.02,0.98,0.99,0.01,0.01,74149.18,1776358413000
1776358415.394,215.394,0.01,0.02,0.98,0.99,0.01,0.01,74149.31,1776358414000
1776358415.728,215.728,0.01,0.02,0.98,0.99,0.01,0.01,74149.31,1776358414000
1776358416.118,216.118,0.01,0.02,0.98,0.99,0.01,0.01,74149.31,1776358414000
1776358416.629,216.629,0.01,0.02,0.98,0.99,0.01,0.01,74143.7,1776358415000
1776358417.077,217.077,0.01,0.01,0.99,0.99,0.0,0.0,74143.7,1776358415000
1776358417.458,217.458,0.01,0.01,0.99,0.99,0.0,0.0,74143.7,1776358415000
1776358418.112,218.112,0.01,0.01,0.99,0.99,0.0,0.0,74147.1,1776358416000
1776358418.496,218.496,0.01,0.01,0.99,0.99,0.0,0.0,74146.73,1776358417000
1776358419.078,219.078,0.01,0.01,0.99,0.99,0.0,0.0,74146.73,1776358417000
1776358419.487,219.487,0.01,0.01,0.99,0.99,0.0,0.0,74146.73,1776358417000
1776358419.898,219.898,0.01,0.01,0.99,0.99,0.0,0.0,74146.73,1776358417000
1776358420.234,220.234,0.01,0.01,0.99,0.99,0.0,0.0,74139.93,1776358419000
1776358420.636,220.636,0.01,0.01,0.99,0.99,0.0,0.0,74139.93,1776358419000
1776358421.265,221.265,0.01,0.01,0.99,0.99,0.0,0.0,74139.79,1776358420000
1776358422.381,222.381,0.01,0.01,0.99,0.99,0.0,0.0,74138.93,1776358421000
1776358422.773,222.773,0.01,0.01,0.99,0.99,0.0,0.0,74138.93,1776358421000
1776358423.129,223.129,0.01,0.01,0.99,0.99,0.0,0.0,74138.93,1776358421000
1776358423.564,223.564,0.01,0.01,0.99,0.99,0.0,0.0,74137.84,1776358422000
1776358424.078,224.078,0.01,0.01,0.99,0.99,0.0,0.0,74135.17,1776358423000
1776358424.729,224.729,0.01,0.01,0.99,0.99,0.0,0.0,74135.17,1776358423000
1776358425.114,225.114,0.01,0.01,0.99,0.99,0.0,0.0,74134.8,1776358424000
1776358425.529,225.529,0.01,0.01,0.99,0.99,0.0,0.0,74134.8,1776358424000
1776358426.007,226.007,0.01,0.01,0.99,0.99,0.0,0.0,74134.8,1776358424000
1776358426.773,226.773,0.01,0.01,0.99,0.99,0.0,0.0,74136.7,1776358425000
1776358427.235,227.235,0.01,0.01,0.99,0.99,0.0,0.0,74134.49,1776358426000
1776358428.373,228.373,0.01,0.01,0.99,0.99,0.0,0.0,74119.65,1776358427000
1776358428.906,228.906,0.01,0.01,0.99,0.99,0.0,0.0,74116.48,1776358428000
1776358429.326,229.326,0.01,0.01,0.99,0.99,0.0,0.0,74116.48,1776358428000
1776358429.831,229.831,0.01,0.01,0.99,0.99,0.0,0.0,74116.48,1776358428000
1776358430.319,230.319,0.01,0.01,0.99,0.99,0.0,0.0,74116.48,1776358428000
1776358431.002,231.002,0.01,0.01,0.99,0.99,0.0,0.0,74110.68,1776358429000
1776358432.338,232.338,0.01,0.01,0.99,0.99,0.0,0.0,74094.07,1776358431000
1776358433.285,233.285,0.01,0.01,0.99,0.99,0.0,0.0,74085.36,1776358432000
1776358433.92,233.92,0.01,0.01,0.99,0.99,0.0,0.0,74085.36,1776358432000
1776358434.539,234.539,0.01,0.01,0.99,0.99,0.0,0.0,74085.36,1776358432000
1776358434.875,234.875,0.01,0.01,0.99,0.99,0.0,0.0,74078.43,1776358433000
1776358435.365,235.365,0.01,0.01,0.99,0.99,0.0,0.0,74080.2,1776358434000
1776358435.804,235.804,0.01,0.01,0.99,0.99,0.0,0.0,74080.2,1776358434000
1776358436.906,236.906,0.01,0.01,0.99,0.99,0.0,0.0,74092.93,1776358436000
1776358437.301,237.301,0.01,0.01,0.99,0.99,0.0,0.0,74092.93,1776358436000
1776358437.959,237.959,0.01,0.01,0.99,0.99,0.0,0.0,74086.81,1776358437000
1776358438.565,238.565,0.01,0.01,0.99,0.99,0.0,0.0,74086.81,1776358437000
1776358438.92,238.92,0.01,0.01,0.99,0.99,0.0,0.0,74081.04,1776358438000
1776358439.338,239.338,0.01,0.01,0.99,0.99,0.0,0.0,74081.04,1776358438000
1776358440.04,240.04,0.01,0.01,0.99,0.99,0.0,0.0,74083.0,1776358439000
1776358440.396,240.396,0.01,0.01,0.99,0.99,0.0,0.0,74083.0,1776358439000
1776358440.931,240.931,0.01,0.01,0.99,0.99,0.0,0.0,74083.0,1776358439000
1776358442.11,242.11,0.01,0.01,0.99,0.99,0.0,0.0,74100.03,1776358441000
1776358442.568,242.568,0.01,0.01,0.99,0.99,0.0,0.0,74100.03,1776358441000
1776358443.038,243.038,0.01,0.01,0.99,0.99,0.0,0.0,74100.03,1776358441000
1776358443.486,243.486,0.01,0.01,0.99,0.99,0.0,0.0,74113.22,1776358442000
1776358444.21,244.21,0.01,0.01,0.99,0.99,0.0,0.0,74129.5,1776358443000
1776358445.259,245.259,0.01,0.01,0.99,0.99,0.0,0.0,74136.62,1776358444000
1776358446.242,246.242,0.01,0.01,0.99,0.99,0.0,0.0,74136.62,1776358444000
1776358447.362,247.362,0.01,0.01,0.99,0.99,0.0,0.0,74122.32,1776358446000
1776358447.711,247.711,0.01,0.01,0.99,0.99,0.0,0.0,74122.32,1776358446000
1776358448.737,248.737,0.01,0.01,0.99,0.99,0.0,0.0,74127.86,1776358447000
1776358449.421,249.421,0.01,0.01,0.99,0.99,0.0,0.0,74134.03,1776358448000
1776358450.393,250.393,0.01,0.01,0.99,0.99,0.0,0.0,74141.02,1776358449000
1776358451.145,251.145,0.01,0.01,0.99,0.99,0.0,0.0,74139.76,1776358450000
1776358452.574,252.574,0.01,0.01,0.99,0.99,0.0,0.0,74139.76,1776358450000
1776358453.492,253.492,0.01,0.01,0.99,0.99,0.0,0.0,74142.3,1776358452000
1776358454.137,254.137,0.01,0.01,0.99,0.99,0.0,0.0,74144.15,1776358453000
1776358455.603,255.603,0.01,0.01,0.99,0.99,0.0,0.0,74147.71,1776358454000
1776358456.462,256.462,0.01,0.01,0.99,0.99,0.0,0.0,74143.6,1776358455000
1776358456.809,256.809,0.01,0.01,0.99,0.99,0.0,0.0,74143.6,1776358455000
1776358457.259,257.259,0.01,0.01,0.99,0.99,0.0,0.0,74145.66,1776358456000
1776358458.563,258.563,0.01,0.01,0.99,0.99,0.0,0.0,74146.29,1776358457000
1776358458.923,258.923,0.01,0.01,0.99,0.99,0.0,0.0,74146.29,1776358457000
1776358459.337,259.337,0.01,0.01,0.99,0.99,0.0,0.0,74149.17,1776358458000
1776358459.981,259.981,0.01,0.01,0.99,0.99,0.0,0.0,74149.17,1776358458000
1776358460.372,260.372,0.01,0.01,0.99,0.99,0.0,0.0,74153.87,1776358459000
1776358461.149,261.149,0.01,0.01,0.99,0.99,0.0,0.0,74153.87,1776358459000
1776358461.709,261.709,0.01,0.01,0.99,0.99,0.0,0.0,74154.96,1776358460000
1776358462.297,262.297,0.01,0.01,0.99,0.99,0.0,0.0,74154.96,1776358460000
1776358463.127,263.127,0.01,0.01,0.99,0.99,0.0,0.0,74157.45,1776358462000
1776358463.538,263.538,0.01,0.01,0.99,0.99,0.0,0.0,74157.45,1776358462000
1776358464.014,264.014,0.01,0.01,0.99,0.99,0.0,0.0,74157.45,1776358462000
1776358464.729,264.729,0.01,0.01,0.99,0.99,0.0,0.0,74167.55,1776358463000
1776358465.559,265.559,0.01,0.01,0.99,0.99,0.0,0.0,74167.38,1776358464000
1776358466.146,266.146,0.01,0.01,0.99,0.99,0.0,0.0,74167.38,1776358464000
1776358466.482,266.482,0.01,0.01,0.99,0.99,0.0,0.0,74162.23,1776358465000
1776358466.907,266.907,0.01,0.01,0.99,0.99,0.0,0.0,74162.23,1776358465000
1776358467.243,267.243,0.01,0.01,0.99,0.99,0.0,0.0,74163.54,1776358466000
1776358467.65,267.65,0.01,0.01,0.99,0.99,0.0,0.0,74163.54,1776358466000
1776358468.379,268.379,0.01,0.01,0.99,0.99,0.0,0.0,74163.54,1776358466000
1776358468.991,268.991,0.01,0.01,0.99,0.99,0.0,0.0,74168.67,1776358467000
1776358470.341,270.341,0.01,0.01,0.99,0.99,0.0,0.0,74163.48,1776358469000
1776358470.953,270.953,0.01,0.01,0.99,0.99,0.0,0.0,74163.02,1776358470000
1776358471.768,271.768,0.01,0.01,0.99,0.99,0.0,0.0,74163.02,1776358470000
1776358472.361,272.361,0.01,0.01,0.99,0.99,0.0,0.0,74160.73,1776358471000
1776358472.939,272.939,0.01,0.01,0.99,0.99,0.0,0.0,74160.73,1776358471000
1776358473.369,273.369,0.01,0.01,0.99,0.99,0.0,0.0,74161.5,1776358472000
1776358473.951,273.951,0.01,0.01,0.99,0.99,0.0,0.0,74164.84,1776358473000
1776358474.636,274.636,0.01,0.01,0.99,0.99,0.0,0.0,74164.84,1776358473000
1776358475.086,275.086,0.01,0.01,0.99,0.99,0.0,0.0,74169.81,1776358474000
1776358476.264,276.264,0.01,0.01,0.99,0.99,0.0,0.0,74173.07,1776358475000
1776358477.069,277.069,0.01,0.01,0.99,0.99,0.0,0.0,74173.07,1776358475000
1776358478.534,278.534,0.01,0.01,0.99,0.99,0.0,0.0,74180.65,1776358477000
1776358479.175,279.175,0.01,0.01,0.99,0.99,0.0,0.0,74186.34,1776358478000
1776358480.407,280.407,0.01,0.01,0.99,0.99,0.0,0.0,74187.77,1776358479000
1776358480.937,280.937,0.01,0.01,0.99,0.99,0.0,0.0,74187.76,1776358480000
1776358482.097,282.097,0.01,0.01,0.99,0.99,0.0,0.0,74187.34,1776358481000
1776358483.803,283.803,0.01,0.01,0.99,0.99,0.0,0.0,74175.51,1776358482000
1776358484.403,284.403,0.01,0.01,0.99,0.99,0.0,0.0,74175.51,1776358482000
1776358485.432,285.432,0.01,0.01,0.99,0.99,0.0,0.0,74175.1,1776358484000
1776358485.892,285.892,0.01,0.01,0.99,0.99,0.0,0.0,74175.1,1776358484000
1776358486.575,286.575,0.01,0.01,0.99,0.99,0.0,0.0,74175.1,1776358485000
1776358486.962,286.962,0.01,0.01,0.99,0.99,0.0,0.0,74172.81,1776358486000
1776358488.013,288.013,0.01,0.01,0.99,0.99,0.0,0.0,74172.45,1776358487000
1776358489.033,289.033,0.01,0.01,0.99,0.99,0.0,0.0,74170.64,1776358488000
1776358489.524,289.524,0.01,0.01,0.99,0.99,0.0,0.0,74170.64,1776358488000
1776358490.272,290.272,0.01,0.01,0.99,0.99,0.0,0.0,74169.5,1776358489000
1776358491.084,291.084,0.01,0.01,0.99,0.99,0.0,0.0,74160.58,1776358490000
1776358491.605,291.605,0.01,0.01,0.99,0.99,0.0,0.0,74160.58,1776358490000
1776358492.162,292.162,0.01,0.01,0.99,0.99,0.0,0.0,74162.31,1776358491000
1776358492.544,292.544,0.01,0.01,0.99,0.99,0.0,0.0,74162.31,1776358491000
1776358493.154,293.154,0.01,0.01,0.99,0.99,0.0,0.0,74163.01,1776358492000
1776358494.212,294.212,0.01,0.01,0.99,0.99,0.0,0.0,74162.87,1776358493000
1776358495.325,295.325,0.01,0.01,0.99,0.99,0.0,0.0,74163.49,1776358494000
1776358496.367,296.367,0.01,0.01,0.99,0.99,0.0,0.0,74164.72,1776358495000
1776358497.653,297.653,0.01,0.01,0.99,0.99,0.0,0.0,74164.53,1776358496000
1776358498.266,298.266,0.01,0.01,0.99,0.99,0.0,0.0,74164.88,1776358497000
1776358498.95,298.95,0.01,0.01,0.99,0.99,0.0,0.0,74163.4,1776358498000
1776358500.148,300.148,0.01,0.01,0.99,0.99,0.0,0.0,74162.81,1776358499000
1776358500.565,300.565,0.01,0.01,0.99,0.99,0.0,0.0,74162.81,1776358499000
1776358500.948,300.948,0.01,0.01,0.99,0.99,0.0,0.0,74162.81,1776358499000

# RESULT,winner=Down,slug=btc-updown-5m-1776358200,ticks=624
