timestamp,elapsed_sec,up_bid,up_ask,down_bid,down_ask,up_spread,down_spread,btc_price,btc_oracle_ts
1777149300.691,0.691,0.43,0.44,0.56,0.57,0.01,0.01,77421.44,1777149299000
1777149301.056,1.056,0.43,0.44,0.56,0.57,0.01,0.01,77421.74,1777149300000
1777149301.419,1.419,0.43,0.44,0.56,0.57,0.01,0.01,77421.74,1777149300000
1777149301.753,1.753,0.43,0.44,0.56,0.57,0.01,0.01,77421.74,1777149300000
1777149302.149,2.149,0.43,0.44,0.56,0.57,0.01,0.01,77421.74,1777149300000
1777149302.558,2.558,0.44,0.45,0.55,0.56,0.01,0.01,77421.82,1777149301000
1777149302.926,2.926,0.44,0.45,0.55,0.56,0.01,0.01,77421.82,1777149301000
1777149303.273,3.273,0.44,0.45,0.55,0.56,0.01,0.01,77421.82,1777149301000
1777149303.623,3.623,0.44,0.45,0.55,0.56,0.01,0.01,77421.92,1777149302000
1777149303.956,3.956,0.44,0.45,0.55,0.56,0.01,0.01,77421.92,1777149302000
1777149304.293,4.293,0.44,0.45,0.55,0.56,0.01,0.01,77421.92,1777149303000
1777149304.72,4.72,0.44,0.45,0.55,0.56,0.01,0.01,77421.92,1777149303000
1777149305.115,5.115,0.44,0.45,0.55,0.56,0.01,0.01,77422.1,1777149304000
1777149305.588,5.588,0.44,0.45,0.55,0.56,0.01,0.01,77422.1,1777149304000
1777149305.974,5.974,0.44,0.45,0.55,0.56,0.01,0.01,77422.1,1777149304000
1777149306.32,6.32,0.44,0.45,0.55,0.56,0.01,0.01,77422.1,1777149304000
1777149306.81,6.81,0.45,0.46,0.54,0.56,0.01,0.02,77422.06,1777149305000
1777149307.229,7.229,0.46,0.47,0.53,0.54,0.01,0.01,77422.06,1777149305000
1777149307.815,7.815,0.46,0.47,0.53,0.54,0.01,0.01,77422.15,1777149306000
1777149308.231,8.231,0.46,0.47,0.53,0.54,0.01,0.01,77422.14,1777149307000
1777149308.861,8.861,0.46,0.47,0.53,0.54,0.01,0.01,77422.14,1777149307000
1777149309.252,9.252,0.46,0.47,0.53,0.54,0.01,0.01,77422.18,1777149308000
1777149309.631,9.631,0.46,0.47,0.53,0.54,0.01,0.01,77422.18,1777149308000
1777149309.97,9.97,0.46,0.47,0.53,0.54,0.01,0.01,77422.18,1777149308000
1777149310.338,10.338,0.46,0.49,0.53,0.54,0.03,0.01,77422.18,1777149308000
1777149310.856,10.856,0.48,0.49,0.51,0.54,0.01,0.03,77422.21,1777149309000
1777149311.576,11.576,0.48,0.49,0.51,0.52,0.01,0.01,77422.83,1777149310000
1777149312.077,12.077,0.48,0.49,0.51,0.52,0.01,0.01,77422.85,1777149311000
1777149312.436,12.436,0.48,0.49,0.51,0.52,0.01,0.01,77422.85,1777149311000
1777149313.331,13.331,0.48,0.49,0.51,0.52,0.01,0.01,77422.81,1777149312000
1777149314.349,14.349,0.48,0.49,0.51,0.52,0.01,0.01,77422.82,1777149313000
1777149314.799,14.799,0.48,0.49,0.51,0.52,0.01,0.01,77422.82,1777149313000
1777149315.143,15.143,0.48,0.5,0.51,0.52,0.02,0.01,77422.81,1777149314000
1777149315.55,15.55,0.49,0.5,0.5,0.52,0.01,0.02,77422.81,1777149314000
1777149315.98,15.98,0.49,0.5,0.5,0.51,0.01,0.01,77422.82,1777149315000
1777149316.611,16.611,0.49,0.5,0.5,0.51,0.01,0.01,77422.82,1777149315000
1777149317.219,17.219,0.49,0.5,0.5,0.51,0.01,0.01,77422.82,1777149315000
1777149317.839,17.839,0.49,0.5,0.5,0.51,0.01,0.01,77422.84,1777149316000
1777149318.266,18.266,0.49,0.5,0.5,0.51,0.01,0.01,77422.84,1777149316000
1777149318.772,18.772,0.49,0.5,0.5,0.51,0.01,0.01,77422.94,1777149317000
1777149319.339,19.339,0.49,0.5,0.5,0.51,0.01,0.01,77422.94,1777149318000
1777149319.824,19.824,0.49,0.5,0.5,0.51,0.01,0.01,77422.94,1777149318000
1777149320.341,20.341,0.49,0.5,0.5,0.51,0.01,0.01,77422.9,1777149319000
1777149320.688,20.688,0.49,0.5,0.5,0.51,0.01,0.01,77422.9,1777149319000
1777149321.271,21.271,0.49,0.5,0.5,0.51,0.01,0.01,77422.93,1777149320000
1777149321.732,21.732,0.49,0.5,0.5,0.51,0.01,0.01,77422.93,1777149320000
1777149322.401,22.401,0.49,0.5,0.5,0.51,0.01,0.01,77423.0,1777149321000
1777149322.945,22.945,0.49,0.5,0.5,0.51,0.01,0.01,77423.0,1777149322000
1777149323.293,23.293,0.49,0.5,0.5,0.51,0.01,0.01,77423.0,1777149322000
1777149323.85,23.85,0.49,0.5,0.5,0.51,0.01,0.01,77423.0,1777149322000
1777149324.521,24.521,0.49,0.5,0.5,0.51,0.01,0.01,77422.93,1777149323000
1777149324.906,24.906,0.49,0.5,0.5,0.51,0.01,0.01,77422.93,1777149323000
1777149325.406,25.406,0.49,0.5,0.5,0.51,0.01,0.01,77422.92,1777149324000
1777149326.446,26.446,0.49,0.5,0.5,0.51,0.01,0.01,77422.92,1777149325000
1777149327.246,27.246,0.49,0.5,0.5,0.51,0.01,0.01,77422.92,1777149325000
1777149327.967,27.967,0.49,0.5,0.5,0.51,0.01,0.01,77422.84,1777149326000
1777149328.498,28.498,0.49,0.5,0.5,0.51,0.01,0.01,77422.8,1777149327000
1777149328.891,28.891,0.49,0.5,0.5,0.51,0.01,0.01,77422.8,1777149327000
1777149330.193,30.193,0.49,0.5,0.5,0.51,0.01,0.01,77424.16,1777149329000
1777149330.706,30.706,0.49,0.5,0.5,0.51,0.01,0.01,77424.16,1777149329000
1777149331.156,31.156,0.49,0.5,0.5,0.51,0.01,0.01,77424.16,1777149330000
1777149331.624,31.624,0.5,0.51,0.49,0.5,0.01,0.01,77424.16,1777149330000
1777149332.141,32.141,0.5,0.51,0.49,0.5,0.01,0.01,77424.16,1777149330000
1777149332.582,32.582,0.5,0.51,0.49,0.5,0.01,0.01,77424.16,1777149331000
1777149332.96,32.96,0.5,0.51,0.49,0.5,0.01,0.01,77424.17,1777149332000
1777149333.692,33.692,0.5,0.51,0.49,0.5,0.01,0.01,77424.17,1777149332000
1777149334.103,34.103,0.5,0.51,0.49,0.5,0.01,0.01,77424.17,1777149333000
1777149334.469,34.469,0.5,0.51,0.49,0.5,0.01,0.01,77424.17,1777149333000
1777149334.865,34.865,0.5,0.51,0.49,0.5,0.01,0.01,77424.17,1777149333000
1777149335.291,35.291,0.5,0.51,0.49,0.5,0.01,0.01,77424.18,1777149334000
1777149335.633,35.633,0.5,0.51,0.49,0.5,0.01,0.01,77424.18,1777149334000
1777149336.258,36.258,0.5,0.51,0.49,0.5,0.01,0.01,77424.33,1777149335000
1777149337.033,37.033,0.5,0.51,0.49,0.5,0.01,0.01,77424.33,1777149335000
1777149337.383,37.383,0.5,0.52,0.48,0.5,0.02,0.02,77424.34,1777149336000
1777149338.43,38.43,0.51,0.52,0.48,0.49,0.01,0.01,77424.36,1777149337000
1777149339.0,39.0,0.52,0.53,0.47,0.48,0.01,0.01,77424.36,1777149338000
1777149339.402,39.402,0.52,0.53,0.47,0.48,0.01,0.01,77424.36,1777149338000
1777149339.86,39.86,0.52,0.53,0.47,0.48,0.01,0.01,77424.36,1777149338000
1777149340.248,40.248,0.52,0.53,0.47,0.48,0.01,0.01,77424.36,1777149338000
1777149340.867,40.867,0.52,0.53,0.47,0.48,0.01,0.01,77424.4,1777149339000
1777149341.633,41.633,0.52,0.56,0.47,0.48,0.04,0.01,77424.38,1777149340000
1777149341.989,41.989,0.55,0.56,0.44,0.45,0.01,0.01,77424.38,1777149340000
1777149342.347,42.347,0.52,0.54,0.46,0.48,0.02,0.02,77424.36,1777149341000
1777149342.942,42.942,0.52,0.53,0.47,0.48,0.01,0.01,77424.36,1777149341000
1777149343.584,43.584,0.52,0.53,0.47,0.48,0.01,0.01,77424.36,1777149341000
1777149344.2,44.2,0.52,0.53,0.47,0.48,0.01,0.01,77424.54,1777149343000
1777149344.539,44.539,0.52,0.53,0.47,0.48,0.01,0.01,77424.54,1777149343000
1777149344.993,44.993,0.52,0.53,0.47,0.48,0.01,0.01,77424.42,1777149344000
1777149345.803,45.803,0.52,0.53,0.47,0.48,0.01,0.01,77424.42,1777149344000
1777149346.191,46.191,0.52,0.53,0.47,0.48,0.01,0.01,77424.42,1777149344000
1777149346.554,46.554,0.52,0.53,0.47,0.48,0.01,0.01,77424.41,1777149345000
1777149346.953,46.953,0.52,0.53,0.47,0.48,0.01,0.01,77424.41,1777149345000
1777149347.288,47.288,0.52,0.53,0.47,0.48,0.01,0.01,77424.41,1777149345000
1777149347.68,47.68,0.52,0.53,0.47,0.48,0.01,0.01,77424.36,1777149346000
1777149348.121,48.121,0.52,0.53,0.47,0.48,0.01,0.01,77424.35,1777149347000
1777149348.512,48.512,0.52,0.53,0.47,0.48,0.01,0.01,77424.35,1777149347000
1777149348.962,48.962,0.52,0.53,0.47,0.48,0.01,0.01,77424.35,1777149347000
1777149349.389,49.389,0.52,0.53,0.47,0.48,0.01,0.01,77424.23,1777149348000
1777149350.183,50.183,0.52,0.53,0.47,0.48,0.01,0.01,77424.23,1777149348000
1777149350.721,50.721,0.52,0.53,0.47,0.48,0.01,0.01,77424.25,1777149349000
1777149351.077,51.077,0.52,0.53,0.47,0.48,0.01,0.01,77424.25,1777149350000
1777149352.268,52.268,0.52,0.53,0.47,0.48,0.01,0.01,77424.25,1777149351000
1777149352.839,52.839,0.52,0.53,0.47,0.48,0.01,0.01,77424.25,1777149351000
1777149353.304,53.304,0.52,0.53,0.47,0.48,0.01,0.01,77424.27,1777149352000
1777149353.795,53.795,0.52,0.53,0.47,0.48,0.01,0.01,77424.27,1777149352000
1777149354.338,54.338,0.52,0.53,0.47,0.48,0.01,0.01,77424.27,1777149352000
1777149355.282,55.282,0.52,0.53,0.47,0.48,0.01,0.01,77424.34,1777149353000
1777149355.857,55.857,0.52,0.53,0.47,0.48,0.01,0.01,77424.25,1777149354000
1777149356.442,56.442,0.52,0.53,0.47,0.48,0.01,0.01,77424.25,1777149355000
1777149357.047,57.047,0.52,0.53,0.47,0.48,0.01,0.01,77424.25,1777149355000
1777149357.933,57.933,0.52,0.53,0.47,0.48,0.01,0.01,77424.33,1777149356000
1777149358.275,58.275,0.51,0.53,0.47,0.49,0.02,0.02,77424.25,1777149357000
1777149358.66,58.66,0.51,0.52,0.47,0.49,0.01,0.02,77424.25,1777149357000
1777149359.146,59.146,0.51,0.52,0.48,0.49,0.01,0.01,77424.25,1777149357000
1777149359.556,59.556,0.51,0.52,0.48,0.49,0.01,0.01,77424.25,1777149358000
1777149359.913,59.913,0.51,0.52,0.48,0.49,0.01,0.01,77424.25,1777149358000
1777149360.598,60.598,0.51,0.52,0.48,0.49,0.01,0.01,77424.25,1777149359000
1777149361.324,61.324,0.51,0.52,0.48,0.49,0.01,0.01,77424.25,1777149360000
1777149361.662,61.662,0.51,0.52,0.48,0.49,0.01,0.01,77424.25,1777149360000
1777149362.21,62.21,0.51,0.52,0.48,0.49,0.01,0.01,77424.25,1777149360000
1777149362.816,62.816,0.53,0.54,0.46,0.49,0.01,0.03,77424.37,1777149361000
1777149363.173,63.173,0.63,0.64,0.36,0.37,0.01,0.01,77424.37,1777149362000
1777149363.535,63.535,0.63,0.64,0.36,0.37,0.01,0.01,77424.37,1777149362000
1777149363.965,63.965,0.64,0.65,0.35,0.36,0.01,0.01,77424.37,1777149362000
1777149364.299,64.299,0.64,0.65,0.35,0.36,0.01,0.01,77424.35,1777149363000
1777149364.639,64.639,0.64,0.65,0.35,0.36,0.01,0.01,77424.35,1777149363000
1777149365.081,65.081,0.65,0.66,0.35,0.36,0.01,0.01,77424.35,1777149363000
1777149365.434,65.434,0.65,0.66,0.34,0.35,0.01,0.01,77425.65,1777149364000
1777149365.819,65.819,0.65,0.66,0.34,0.35,0.01,0.01,77425.65,1777149364000
1777149366.213,66.213,0.65,0.66,0.34,0.35,0.01,0.01,77425.65,1777149364000
1777149366.983,66.983,0.65,0.66,0.34,0.35,0.01,0.01,77428.23,1777149365000
1777149367.459,67.459,0.65,0.66,0.34,0.35,0.01,0.01,77428.56,1777149366000
1777149367.9,67.9,0.65,0.66,0.34,0.35,0.01,0.01,77428.56,1777149366000
1777149368.293,68.293,0.65,0.66,0.34,0.35,0.01,0.01,77429.37,1777149367000
1777149368.628,68.628,0.65,0.67,0.34,0.35,0.02,0.01,77429.37,1777149367000
1777149369.025,69.025,0.69,0.7,0.31,0.32,0.01,0.01,77429.37,1777149367000
1777149369.543,69.543,0.69,0.7,0.3,0.31,0.01,0.01,77429.37,1777149368000
1777149369.938,69.938,0.69,0.7,0.3,0.31,0.01,0.01,77429.37,1777149368000
1777149370.298,70.298,0.69,0.7,0.3,0.31,0.01,0.01,77429.37,1777149368000
1777149370.814,70.814,0.66,0.67,0.33,0.34,0.01,0.01,77429.37,1777149369000
1777149371.248,71.248,0.66,0.67,0.33,0.34,0.01,0.01,77429.37,1777149369000
1777149371.605,71.605,0.66,0.67,0.33,0.34,0.01,0.01,77430.3,1777149370000
1777149372.084,72.084,0.66,0.67,0.33,0.34,0.01,0.01,77430.3,1777149370000
1777149372.526,72.526,0.66,0.67,0.33,0.34,0.01,0.01,77430.3,1777149370000
1777149372.933,72.933,0.66,0.67,0.33,0.34,0.01,0.01,77431.7,1777149371000
1777149373.454,73.454,0.66,0.67,0.33,0.34,0.01,0.01,77431.8,1777149372000
1777149373.929,73.929,0.66,0.67,0.33,0.34,0.01,0.01,77431.8,1777149372000
1777149374.495,74.495,0.66,0.67,0.33,0.34,0.01,0.01,77431.84,1777149373000
1777149374.984,74.984,0.66,0.67,0.33,0.34,0.01,0.01,77431.84,1777149373000
1777149375.361,75.361,0.66,0.67,0.33,0.34,0.01,0.01,77431.84,1777149374000
1777149375.713,75.713,0.66,0.68,0.33,0.34,0.02,0.01,77431.84,1777149374000
1777149376.213,76.213,0.67,0.68,0.32,0.33,0.01,0.01,77431.84,1777149374000
1777149376.552,76.552,0.67,0.7,0.3,0.33,0.03,0.03,77432.06,1777149375000
1777149376.97,76.97,0.68,0.69,0.31,0.32,0.01,0.01,77432.06,1777149375000
1777149377.308,77.308,0.7,0.71,0.29,0.3,0.01,0.01,77432.06,1777149376000
1777149377.684,77.684,0.7,0.71,0.29,0.3,0.01,0.01,77432.06,1777149376000
1777149378.035,78.035,0.7,0.71,0.29,0.3,0.01,0.01,77432.06,1777149376000
1777149378.415,78.415,0.7,0.71,0.29,0.3,0.01,0.01,77434.08,1777149377000
1777149378.783,78.783,0.7,0.72,0.28,0.29,0.02,0.01,77434.08,1777149377000
1777149379.118,79.118,0.7,0.71,0.29,0.3,0.01,0.01,77434.08,1777149377000
1777149379.526,79.526,0.7,0.71,0.29,0.3,0.01,0.01,77434.08,1777149377000
1777149379.886,79.886,0.7,0.71,0.29,0.3,0.01,0.01,77435.72,1777149378000
1777149380.346,80.346,0.7,0.71,0.29,0.3,0.01,0.01,77435.72,1777149378000
1777149380.778,80.778,0.7,0.71,0.29,0.3,0.01,0.01,77435.69,1777149379000
1777149381.178,81.178,0.7,0.71,0.29,0.3,0.01,0.01,77435.69,1777149379000
1777149381.639,81.639,0.71,0.72,0.28,0.29,0.01,0.01,77435.7,1777149380000
1777149381.997,81.997,0.71,0.72,0.28,0.29,0.01,0.01,77435.7,1777149381000
1777149382.395,82.395,0.71,0.72,0.28,0.29,0.01,0.01,77435.7,1777149381000
1777149382.794,82.794,0.71,0.72,0.28,0.29,0.01,0.01,77435.7,1777149381000
1777149383.166,83.166,0.71,0.72,0.28,0.29,0.01,0.01,77435.7,1777149381000
1777149383.529,83.529,0.71,0.72,0.28,0.29,0.01,0.01,77435.7,1777149381000
1777149383.872,83.872,0.71,0.72,0.28,0.29,0.01,0.01,77436.21,1777149382000
1777149384.249,84.249,0.71,0.72,0.28,0.29,0.01,0.01,77436.69,1777149383000
1777149384.587,84.587,0.71,0.72,0.28,0.29,0.01,0.01,77436.69,1777149383000
1777149384.949,84.949,0.71,0.72,0.28,0.29,0.01,0.01,77436.69,1777149383000
1777149385.297,85.297,0.71,0.72,0.28,0.29,0.01,0.01,77437.31,1777149384000
1777149385.639,85.639,0.71,0.72,0.28,0.29,0.01,0.01,77437.31,1777149384000
1777149386.003,86.003,0.71,0.72,0.28,0.29,0.01,0.01,77437.31,1777149384000
1777149386.352,86.352,0.71,0.72,0.28,0.29,0.01,0.01,77437.31,1777149385000
1777149386.756,86.756,0.71,0.72,0.28,0.29,0.01,0.01,77437.31,1777149385000
1777149387.108,87.108,0.71,0.72,0.28,0.29,0.01,0.01,77437.31,1777149385000
1777149387.523,87.523,0.72,0.73,0.27,0.28,0.01,0.01,77437.03,1777149386000
1777149387.93,87.93,0.72,0.73,0.27,0.28,0.01,0.01,77437.03,1777149386000
1777149388.365,88.365,0.72,0.73,0.27,0.28,0.01,0.01,77437.32,1777149387000
1777149389.246,89.246,0.71,0.73,0.27,0.29,0.02,0.02,77437.31,1777149388000
1777149389.604,89.604,0.72,0.73,0.27,0.28,0.01,0.01,77437.31,1777149388000
1777149390.333,90.333,0.72,0.73,0.27,0.28,0.01,0.01,77437.31,1777149388000
1777149390.755,90.755,0.72,0.73,0.27,0.28,0.01,0.01,77437.31,1777149389000
1777149391.118,91.118,0.72,0.73,0.27,0.28,0.01,0.01,77436.8,1777149390000
1777149391.684,91.684,0.72,0.73,0.27,0.28,0.01,0.01,77436.8,1777149390000
1777149392.385,92.385,0.72,0.73,0.27,0.28,0.01,0.01,77436.8,1777149391000
1777149392.718,92.718,0.73,0.74,0.26,0.27,0.01,0.01,77436.8,1777149391000
1777149393.107,93.107,0.73,0.74,0.26,0.27,0.01,0.01,77436.8,1777149391000
1777149393.592,93.592,0.73,0.74,0.26,0.27,0.01,0.01,77436.81,1777149392000
1777149394.373,94.373,0.73,0.74,0.26,0.27,0.01,0.01,77436.81,1777149393000
1777149394.717,94.717,0.72,0.73,0.26,0.28,0.01,0.02,77436.81,1777149393000
1777149395.313,95.313,0.72,0.73,0.27,0.28,0.01,0.01,77436.81,1777149393000
1777149395.656,95.656,0.72,0.73,0.27,0.28,0.01,0.01,77436.81,1777149393000
1777149396.068,96.068,0.72,0.73,0.27,0.28,0.01,0.01,77436.81,1777149394000
1777149396.44,96.44,0.72,0.73,0.27,0.28,0.01,0.01,77437.07,1777149395000
1777149397.078,97.078,0.7,0.71,0.27,0.3,0.01,0.03,77437.07,1777149395000
1777149397.463,97.463,0.68,0.71,0.29,0.32,0.03,0.03,77437.07,1777149396000
1777149397.817,97.817,0.68,0.69,0.31,0.32,0.01,0.01,77437.07,1777149396000
1777149398.188,98.188,0.68,0.69,0.31,0.32,0.01,0.01,77436.72,1777149397000
1777149398.554,98.554,0.68,0.69,0.31,0.32,0.01,0.01,77436.72,1777149397000
1777149399.003,99.003,0.68,0.7,0.31,0.32,0.02,0.01,77436.72,1777149397000
1777149399.406,99.406,0.7,0.71,0.29,0.3,0.01,0.01,77436.72,1777149398000
1777149399.769,99.769,0.72,0.73,0.27,0.3,0.01,0.03,77436.72,1777149398000
1777149400.297,100.297,0.71,0.72,0.27,0.29,0.01,0.02,77436.72,1777149399000
1777149400.855,100.855,0.68,0.69,0.28,0.32,0.01,0.04,77436.72,1777149399000
1777149401.2,101.2,0.68,0.69,0.31,0.32,0.01,0.01,77436.72,1777149399000
1777149401.667,101.667,0.68,0.69,0.31,0.32,0.01,0.01,77436.41,1777149400000
1777149402.371,102.371,0.68,0.69,0.31,0.32,0.01,0.01,77436.12,1777149401000
1777149403.035,103.035,0.71,0.72,0.28,0.32,0.01,0.04,77436.12,1777149401000
1777149403.401,103.401,0.71,0.72,0.28,0.29,0.01,0.01,77436.09,1777149402000
1777149403.745,103.745,0.71,0.72,0.28,0.29,0.01,0.01,77436.09,1777149402000
1777149404.171,104.171,0.71,0.72,0.28,0.29,0.01,0.01,77436.09,1777149402000
1777149404.562,104.562,0.71,0.72,0.28,0.29,0.01,0.01,77436.05,1777149403000
1777149405.125,105.125,0.71,0.72,0.28,0.29,0.01,0.01,77436.05,1777149403000
1777149405.461,105.461,0.71,0.72,0.28,0.29,0.01,0.01,77436.03,1777149404000
1777149406.114,106.114,0.71,0.72,0.28,0.29,0.01,0.01,77436.03,1777149404000
1777149406.751,106.751,0.71,0.72,0.28,0.29,0.01,0.01,77434.58,1777149405000
1777149407.245,107.245,0.71,0.72,0.28,0.29,0.01,0.01,77436.05,1777149406000
1777149407.776,107.776,0.71,0.72,0.28,0.29,0.01,0.01,77436.05,1777149406000
1777149408.125,108.125,0.71,0.72,0.28,0.29,0.01,0.01,77436.05,1777149406000
1777149408.589,108.589,0.71,0.72,0.28,0.29,0.01,0.01,77436.05,1777149407000
1777149408.973,108.973,0.71,0.73,0.27,0.29,0.02,0.02,77436.05,1777149407000
1777149409.347,109.347,0.72,0.73,0.27,0.28,0.01,0.01,77436.04,1777149408000
1777149409.751,109.751,0.72,0.73,0.27,0.28,0.01,0.01,77436.04,1777149408000
1777149410.192,110.192,0.72,0.74,0.26,0.28,0.02,0.02,77435.97,1777149409000
1777149410.592,110.592,0.73,0.74,0.26,0.27,0.01,0.01,77435.97,1777149409000
1777149411.021,111.021,0.71,0.72,0.28,0.29,0.01,0.01,77435.97,1777149409000
1777149411.371,111.371,0.72,0.73,0.27,0.28,0.01,0.01,77435.97,1777149410000
1777149411.77,111.77,0.72,0.73,0.27,0.28,0.01,0.01,77435.97,1777149410000
1777149412.193,112.193,0.72,0.74,0.26,0.28,0.02,0.02,77435.97,1777149411000
1777149412.628,112.628,0.73,0.74,0.26,0.27,0.01,0.01,77435.97,1777149411000
1777149412.97,112.97,0.72,0.73,0.27,0.28,0.01,0.01,77435.97,1777149411000
1777149413.579,113.579,0.73,0.74,0.26,0.27,0.01,0.01,77436.75,1777149412000
1777149414.001,114.001,0.73,0.74,0.26,0.27,0.01,0.01,77436.75,1777149412000
1777149414.398,114.398,0.73,0.74,0.26,0.27,0.01,0.01,77436.75,1777149413000
1777149414.818,114.818,0.73,0.74,0.26,0.27,0.01,0.01,77436.75,1777149413000
1777149415.152,115.152,0.73,0.74,0.26,0.27,0.01,0.01,77436.75,1777149413000
1777149415.94,115.94,0.73,0.74,0.26,0.27,0.01,0.01,77436.76,1777149414000
1777149416.312,116.312,0.74,0.75,0.25,0.26,0.01,0.01,77436.02,1777149415000
1777149416.749,116.749,0.74,0.75,0.25,0.26,0.01,0.01,77436.02,1777149415000
1777149417.392,117.392,0.74,0.75,0.25,0.26,0.01,0.01,77436.03,1777149416000
1777149418.112,118.112,0.74,0.75,0.25,0.26,0.01,0.01,77436.03,1777149416000
1777149418.513,118.513,0.74,0.75,0.25,0.26,0.01,0.01,77436.02,1777149417000
1777149418.861,118.861,0.74,0.75,0.25,0.26,0.01,0.01,77436.02,1777149417000
1777149419.4,119.4,0.74,0.75,0.25,0.26,0.01,0.01,77436.03,1777149418000
1777149420.114,120.114,0.74,0.75,0.25,0.26,0.01,0.01,77436.03,1777149419000
1777149420.831,120.831,0.74,0.75,0.25,0.26,0.01,0.01,77436.03,1777149419000
1777149421.221,121.221,0.74,0.75,0.25,0.26,0.01,0.01,77436.04,1777149420000
1777149421.571,121.571,0.74,0.75,0.25,0.26,0.01,0.01,77436.04,1777149420000
1777149421.978,121.978,0.74,0.75,0.25,0.26,0.01,0.01,77436.04,1777149420000
1777149422.319,122.319,0.74,0.75,0.25,0.26,0.01,0.01,77436.04,1777149421000
1777149422.662,122.662,0.75,0.76,0.24,0.25,0.01,0.01,77436.04,1777149421000
1777149423.029,123.029,0.75,0.77,0.24,0.25,0.02,0.01,77436.04,1777149421000
1777149423.532,123.532,0.74,0.77,0.23,0.24,0.03,0.01,77436.05,1777149422000
1777149424.163,124.163,0.74,0.75,0.25,0.26,0.01,0.01,77436.05,1777149422000
1777149424.574,124.574,0.74,0.76,0.25,0.26,0.02,0.01,77436.87,1777149423000
1777149425.008,125.008,0.75,0.76,0.24,0.25,0.01,0.01,77436.87,1777149423000
1777149425.913,125.913,0.75,0.76,0.24,0.25,0.01,0.01,77436.96,1777149424000
1777149426.257,126.257,0.75,0.76,0.24,0.25,0.01,0.01,77436.91,1777149425000
1777149426.624,126.624,0.75,0.76,0.24,0.25,0.01,0.01,77436.91,1777149425000
1777149426.98,126.98,0.75,0.76,0.24,0.25,0.01,0.01,77436.91,1777149425000
1777149427.402,127.402,0.75,0.76,0.24,0.25,0.01,0.01,77436.91,1777149426000
1777149427.792,127.792,0.75,0.76,0.24,0.25,0.01,0.01,77436.91,1777149426000
1777149428.131,128.131,0.75,0.76,0.24,0.25,0.01,0.01,77436.91,1777149426000
1777149428.544,128.544,0.76,0.77,0.23,0.24,0.01,0.01,77436.91,1777149426000
1777149428.943,128.943,0.76,0.77,0.23,0.24,0.01,0.01,77436.1,1777149427000
1777149429.505,129.505,0.76,0.77,0.23,0.24,0.01,0.01,77436.1,1777149427000
1777149429.879,129.879,0.76,0.77,0.23,0.24,0.01,0.01,77436.1,1777149428000
1777149430.298,130.298,0.76,0.77,0.23,0.24,0.01,0.01,77436.1,1777149429000
1777149430.737,130.737,0.76,0.77,0.23,0.24,0.01,0.01,77436.1,1777149429000
1777149431.212,131.212,0.76,0.77,0.23,0.24,0.01,0.01,77436.1,1777149429000
1777149432.52,132.52,0.76,0.77,0.23,0.24,0.01,0.01,77436.45,1777149431000
1777149432.964,132.964,0.76,0.77,0.23,0.24,0.01,0.01,77436.45,1777149431000
1777149433.437,133.437,0.76,0.77,0.23,0.24,0.01,0.01,77436.45,1777149432000
1777149434.217,134.217,0.76,0.77,0.23,0.24,0.01,0.01,77436.45,1777149432000
1777149434.815,134.815,0.76,0.77,0.23,0.24,0.01,0.01,77436.45,1777149433000
1777149435.259,135.259,0.76,0.77,0.23,0.24,0.01,0.01,77436.45,1777149433000
1777149435.598,135.598,0.77,0.78,0.22,0.23,0.01,0.01,77436.99,1777149434000
1777149435.943,135.943,0.76,0.78,0.22,0.23,0.02,0.01,77436.99,1777149434000
1777149436.755,136.755,0.76,0.77,0.22,0.24,0.01,0.02,77436.99,1777149435000
1777149437.114,137.114,0.76,0.77,0.23,0.24,0.01,0.01,77436.99,1777149435000
1777149437.651,137.651,0.76,0.77,0.23,0.24,0.01,0.01,77436.99,1777149436000
1777149438.508,138.508,0.76,0.77,0.23,0.24,0.01,0.01,77436.98,1777149437000
1777149439.129,139.129,0.76,0.77,0.23,0.24,0.01,0.01,77434.87,1777149438000
1777149439.495,139.495,0.76,0.77,0.23,0.24,0.01,0.01,77434.87,1777149438000
1777149440.214,140.214,0.76,0.77,0.23,0.24,0.01,0.01,77436.96,1777149439000
1777149440.614,140.614,0.76,0.77,0.23,0.24,0.01,0.01,77436.96,1777149439000
1777149441.383,141.383,0.76,0.77,0.23,0.24,0.01,0.01,77436.96,1777149439000
1777149441.849,141.849,0.76,0.77,0.23,0.24,0.01,0.01,77436.93,1777149440000
1777149442.434,142.434,0.76,0.77,0.23,0.24,0.01,0.01,77436.93,1777149441000
1777149443.171,143.171,0.76,0.77,0.23,0.24,0.01,0.01,77436.93,1777149442000
1777149444.244,144.244,0.76,0.77,0.23,0.24,0.01,0.01,77436.45,1777149443000
1777149444.606,144.606,0.76,0.77,0.23,0.24,0.01,0.01,77436.45,1777149443000
1777149445.007,145.007,0.76,0.77,0.23,0.24,0.01,0.01,77436.45,1777149443000
1777149446.228,146.228,0.76,0.77,0.23,0.24,0.01,0.01,77436.45,1777149443000
1777149447.914,147.914,0.76,0.77,0.23,0.24,0.01,0.01,77436.45,1777149443000
1777149448.287,148.287,0.76,0.77,0.23,0.24,0.01,0.01,77436.45,1777149443000
1777149449.207,149.207,0.76,0.77,0.23,0.24,0.01,0.01,77436.45,1777149443000
1777149450.113,150.113,0.76,0.77,0.23,0.24,0.01,0.01,77436.45,1777149443000
1777149450.486,150.486,0.76,0.77,0.23,0.24,0.01,0.01,77436.45,1777149443000
1777149450.869,150.869,0.76,0.77,0.23,0.24,0.01,0.01,77436.45,1777149443000
1777149451.401,151.401,0.77,0.78,0.23,0.24,0.01,0.01,77436.45,1777149443000
1777149451.735,151.735,0.76,0.78,0.22,0.23,0.02,0.01,77436.45,1777149443000
1777149452.28,152.28,0.78,0.79,0.21,0.24,0.01,0.03,77436.45,1777149443000
1777149452.738,152.738,0.78,0.79,0.21,0.22,0.01,0.01,77436.45,1777149443000
1777149453.203,153.203,0.78,0.79,0.21,0.22,0.01,0.01,77436.45,1777149443000
1777149453.632,153.632,0.78,0.79,0.21,0.22,0.01,0.01,77436.68,1777149452000
1777149453.996,153.996,0.78,0.79,0.21,0.22,0.01,0.01,77436.68,1777149452000
1777149454.359,154.359,0.78,0.79,0.21,0.22,0.01,0.01,77436.68,1777149453000
1777149454.716,154.716,0.78,0.79,0.21,0.22,0.01,0.01,77436.68,1777149453000
1777149455.056,155.056,0.78,0.79,0.21,0.22,0.01,0.01,77436.68,1777149454000
1777149455.434,155.434,0.78,0.79,0.21,0.22,0.01,0.01,77436.68,1777149454000
1777149455.903,155.903,0.78,0.8,0.21,0.22,0.02,0.01,77436.68,1777149454000
1777149456.301,156.301,0.79,0.8,0.2,0.21,0.01,0.01,77436.68,1777149454000
1777149456.793,156.793,0.79,0.8,0.2,0.21,0.01,0.01,77436.68,1777149455000
1777149457.492,157.492,0.79,0.8,0.2,0.21,0.01,0.01,77436.68,1777149456000
1777149458.133,158.133,0.79,0.8,0.2,0.21,0.01,0.01,77436.68,1777149456000
1777149458.694,158.694,0.79,0.8,0.2,0.21,0.01,0.01,77436.68,1777149457000
1777149459.487,159.487,0.79,0.8,0.2,0.21,0.01,0.01,77436.68,1777149457000
1777149459.987,159.987,0.79,0.8,0.2,0.21,0.01,0.01,77436.68,1777149458000
1777149460.363,160.363,0.79,0.81,0.19,0.21,0.02,0.02,77436.68,1777149459000
1777149460.75,160.75,0.8,0.81,0.19,0.2,0.01,0.01,77436.68,1777149459000
1777149461.186,161.186,0.8,0.81,0.19,0.2,0.01,0.01,77436.67,1777149460000
1777149461.853,161.853,0.8,0.81,0.19,0.2,0.01,0.01,77436.67,1777149460000
1777149462.219,162.219,0.8,0.81,0.19,0.2,0.01,0.01,77436.67,1777149460000
1777149462.68,162.68,0.8,0.82,0.19,0.2,0.02,0.01,77436.65,1777149461000
1777149463.321,163.321,0.8,0.81,0.19,0.2,0.01,0.01,77436.65,1777149461000
1777149463.706,163.706,0.81,0.82,0.18,0.19,0.01,0.01,77436.62,1777149462000
1777149464.11,164.11,0.81,0.82,0.18,0.19,0.01,0.01,77436.62,1777149462000
1777149464.558,164.558,0.81,0.82,0.18,0.19,0.01,0.01,77436.61,1777149463000
1777149464.948,164.948,0.81,0.82,0.18,0.19,0.01,0.01,77436.61,1777149463000
1777149465.459,165.459,0.81,0.82,0.18,0.19,0.01,0.01,77436.64,1777149464000
1777149465.975,165.975,0.81,0.82,0.18,0.19,0.01,0.01,77436.64,1777149465000
1777149466.323,166.323,0.81,0.82,0.18,0.19,0.01,0.01,77436.64,1777149465000
1777149466.76,166.76,0.81,0.82,0.18,0.19,0.01,0.01,77436.64,1777149465000
1777149467.115,167.115,0.81,0.82,0.18,0.19,0.01,0.01,77436.49,1777149466000
1777149467.536,167.536,0.81,0.82,0.18,0.19,0.01,0.01,77436.49,1777149466000
1777149468.155,168.155,0.81,0.82,0.18,0.19,0.01,0.01,77436.52,1777149467000
1777149468.668,168.668,0.81,0.82,0.18,0.19,0.01,0.01,77436.52,1777149467000
1777149469.048,169.048,0.81,0.82,0.18,0.19,0.01,0.01,77436.52,1777149467000
1777149469.438,169.438,0.81,0.82,0.18,0.19,0.01,0.01,77436.52,1777149467000
1777149469.829,169.829,0.81,0.82,0.18,0.19,0.01,0.01,77436.62,1777149468000
1777149470.235,170.235,0.81,0.82,0.18,0.19,0.01,0.01,77436.62,1777149468000
1777149470.602,170.602,0.81,0.82,0.18,0.19,0.01,0.01,77436.58,1777149469000
1777149471.108,171.108,0.81,0.82,0.18,0.19,0.01,0.01,77436.58,1777149470000
1777149471.714,171.714,0.81,0.82,0.18,0.19,0.01,0.01,77436.58,1777149470000
1777149472.69,172.69,0.81,0.82,0.18,0.19,0.01,0.01,77436.57,1777149471000
1777149473.024,173.024,0.81,0.82,0.18,0.19,0.01,0.01,77436.57,1777149471000
1777149473.509,173.509,0.81,0.82,0.18,0.19,0.01,0.01,77436.63,1777149472000
1777149474.085,174.085,0.81,0.82,0.18,0.19,0.01,0.01,77436.71,1777149473000
1777149474.597,174.597,0.82,0.83,0.18,0.19,0.01,0.01,77436.71,1777149473000
1777149474.931,174.931,0.82,0.83,0.17,0.18,0.01,0.01,77436.71,1777149473000
1777149475.303,175.303,0.82,0.83,0.17,0.18,0.01,0.01,77436.65,1777149474000
1777149476.204,176.204,0.82,0.83,0.17,0.18,0.01,0.01,77436.65,1777149475000
1777149476.566,176.566,0.82,0.83,0.17,0.18,0.01,0.01,77436.65,1777149475000
1777149477.311,177.311,0.82,0.83,0.17,0.18,0.01,0.01,77436.65,1777149475000
1777149477.926,177.926,0.82,0.83,0.17,0.18,0.01,0.01,77436.61,1777149476000
1777149478.294,178.294,0.82,0.83,0.17,0.18,0.01,0.01,77436.61,1777149476000
1777149479.426,179.426,0.82,0.83,0.17,0.18,0.01,0.01,77436.61,1777149478000
1777149480.235,180.235,0.82,0.83,0.17,0.18,0.01,0.01,77436.61,1777149479000
1777149480.598,180.598,0.82,0.83,0.17,0.18,0.01,0.01,77436.61,1777149479000
1777149481.101,181.101,0.82,0.83,0.17,0.18,0.01,0.01,77436.61,1777149479000
1777149481.504,181.504,0.81,0.82,0.17,0.19,0.01,0.02,77436.41,1777149480000
1777149481.911,181.911,0.82,0.83,0.17,0.19,0.01,0.02,77436.41,1777149480000
1777149482.499,182.499,0.82,0.83,0.17,0.18,0.01,0.01,77436.37,1777149481000
1777149482.866,182.866,0.82,0.83,0.17,0.18,0.01,0.01,77436.37,1777149481000
1777149483.499,183.499,0.82,0.83,0.17,0.18,0.01,0.01,77436.28,1777149482000
1777149483.88,183.88,0.82,0.83,0.17,0.18,0.01,0.01,77436.28,1777149482000
1777149484.484,184.484,0.82,0.83,0.17,0.18,0.01,0.01,77436.33,1777149483000
1777149485.144,185.144,0.82,0.83,0.17,0.18,0.01,0.01,77436.33,1777149483000
1777149485.863,185.863,0.82,0.83,0.17,0.18,0.01,0.01,77436.33,1777149484000
1777149486.261,186.261,0.82,0.83,0.17,0.18,0.01,0.01,77436.33,1777149484000
1777149486.623,186.623,0.83,0.84,0.17,0.18,0.01,0.01,77436.34,1777149485000
1777149487.126,187.126,0.83,0.84,0.16,0.17,0.01,0.01,77436.35,1777149486000
1777149487.627,187.627,0.83,0.84,0.16,0.17,0.01,0.01,77436.35,1777149486000
1777149488.296,188.296,0.83,0.84,0.16,0.17,0.01,0.01,77436.36,1777149487000
1777149488.646,188.646,0.83,0.84,0.16,0.17,0.01,0.01,77436.36,1777149487000
1777149489.13,189.13,0.83,0.85,0.16,0.17,0.02,0.01,77436.36,1777149487000
1777149489.473,189.473,0.84,0.85,0.15,0.17,0.01,0.02,77436.37,1777149488000
1777149489.99,189.99,0.84,0.85,0.15,0.16,0.01,0.01,77436.38,1777149489000
1777149490.453,190.453,0.84,0.85,0.15,0.16,0.01,0.01,77436.38,1777149489000
1777149491.141,191.141,0.84,0.85,0.15,0.16,0.01,0.01,77436.41,1777149490000
1777149492.301,192.301,0.84,0.85,0.15,0.16,0.01,0.01,77436.41,1777149490000
1777149492.646,192.646,0.84,0.85,0.15,0.16,0.01,0.01,77436.41,1777149490000
1777149493.465,193.465,0.84,0.85,0.15,0.16,0.01,0.01,77436.41,1777149490000
1777149493.995,193.995,0.84,0.85,0.15,0.16,0.01,0.01,77434.95,1777149491000
1777149494.402,194.402,0.84,0.85,0.15,0.16,0.01,0.01,77434.95,1777149491000
1777149494.753,194.753,0.84,0.85,0.15,0.16,0.01,0.01,77434.95,1777149491000
1777149495.128,195.128,0.77,0.81,0.19,0.23,0.04,0.04,77435.45,1777149493000
1777149495.515,195.515,0.74,0.75,0.24,0.26,0.01,0.02,77435.45,1777149493000
1777149495.95,195.95,0.74,0.75,0.25,0.26,0.01,0.01,77435.45,1777149493000
1777149496.366,196.366,0.74,0.75,0.25,0.26,0.01,0.01,77435.45,1777149493000
1777149496.817,196.817,0.74,0.75,0.25,0.26,0.01,0.01,77437.47,1777149494000
1777149497.336,197.336,0.74,0.75,0.25,0.26,0.01,0.01,77437.47,1777149494000
1777149497.791,197.791,0.74,0.75,0.25,0.26,0.01,0.01,77431.22,1777149496000
1777149498.568,198.568,0.74,0.75,0.25,0.26,0.01,0.01,77431.22,1777149496000
1777149498.922,198.922,0.74,0.75,0.25,0.26,0.01,0.01,77430.18,1777149497000
1777149499.369,199.369,0.74,0.75,0.25,0.26,0.01,0.01,77430.18,1777149497000
1777149499.771,199.771,0.74,0.75,0.25,0.26,0.01,0.01,77430.18,1777149497000
1777149500.697,200.697,0.72,0.73,0.25,0.28,0.01,0.03,77430.18,1777149498000
1777149501.64,201.64,0.72,0.73,0.27,0.28,0.01,0.01,77429.94,1777149500000
1777149502.125,202.125,0.72,0.73,0.27,0.28,0.01,0.01,77429.94,1777149500000
1777149503.521,203.521,0.72,0.73,0.27,0.28,0.01,0.01,77429.93,1777149502000
1777149503.93,203.93,0.72,0.73,0.27,0.28,0.01,0.01,77429.93,1777149502000
1777149504.448,204.448,0.72,0.73,0.27,0.28,0.01,0.01,77430.82,1777149503000
1777149504.805,204.805,0.72,0.73,0.27,0.28,0.01,0.01,77430.82,1777149503000
1777149505.154,205.154,0.72,0.73,0.27,0.28,0.01,0.01,77430.82,1777149504000
1777149505.725,205.725,0.72,0.73,0.27,0.28,0.01,0.01,77430.82,1777149504000
1777149506.098,206.098,0.72,0.73,0.27,0.28,0.01,0.01,77430.82,1777149504000
1777149506.599,206.599,0.68,0.69,0.31,0.32,0.01,0.01,77430.82,1777149504000
1777149507.037,207.037,0.68,0.69,0.31,0.32,0.01,0.01,77430.15,1777149505000
1777149507.51,207.51,0.68,0.69,0.31,0.32,0.01,0.01,77430.15,1777149505000
1777149507.918,207.918,0.68,0.69,0.31,0.32,0.01,0.01,77430.52,1777149506000
1777149508.449,208.449,0.68,0.69,0.31,0.32,0.01,0.01,77430.21,1777149507000
1777149508.921,208.921,0.68,0.69,0.31,0.32,0.01,0.01,77430.21,1777149507000
1777149509.359,209.359,0.68,0.69,0.31,0.32,0.01,0.01,77430.21,1777149507000
1777149509.715,209.715,0.68,0.69,0.31,0.32,0.01,0.01,77429.38,1777149508000
1777149510.207,210.207,0.68,0.69,0.31,0.32,0.01,0.01,77429.38,1777149508000
1777149510.543,210.543,0.68,0.69,0.31,0.32,0.01,0.01,77429.39,1777149509000
1777149511.508,211.508,0.68,0.69,0.31,0.32,0.01,0.01,77429.39,1777149509000
1777149512.017,212.017,0.68,0.69,0.31,0.32,0.01,0.01,77430.75,1777149510000
1777149512.452,212.452,0.68,0.69,0.31,0.32,0.01,0.01,77430.77,1777149511000
1777149512.915,212.915,0.68,0.69,0.31,0.32,0.01,0.01,77430.77,1777149511000
1777149513.376,213.376,0.68,0.69,0.31,0.32,0.01,0.01,77430.77,1777149511000
1777149513.729,213.729,0.68,0.69,0.31,0.32,0.01,0.01,77430.66,1777149512000
1777149514.301,214.301,0.68,0.69,0.31,0.32,0.01,0.01,77430.66,1777149512000
1777149514.641,214.641,0.68,0.69,0.31,0.32,0.01,0.01,77430.66,1777149513000
1777149515.033,215.033,0.68,0.69,0.31,0.32,0.01,0.01,77430.66,1777149513000
1777149515.436,215.436,0.68,0.69,0.31,0.32,0.01,0.01,77430.66,1777149513000
1777149515.99,215.99,0.68,0.69,0.31,0.32,0.01,0.01,77430.66,1777149515000
1777149516.659,216.659,0.68,0.69,0.31,0.32,0.01,0.01,77430.66,1777149515000
1777149517.018,217.018,0.68,0.69,0.31,0.32,0.01,0.01,77430.66,1777149515000
1777149517.991,217.991,0.68,0.69,0.31,0.32,0.01,0.01,77429.21,1777149516000
1777149518.328,218.328,0.68,0.69,0.31,0.32,0.01,0.01,77430.63,1777149517000
1777149518.77,218.77,0.68,0.69,0.31,0.32,0.01,0.01,77430.63,1777149517000
1777149519.162,219.162,0.69,0.7,0.3,0.32,0.01,0.02,77430.63,1777149517000
1777149519.515,219.515,0.69,0.7,0.3,0.31,0.01,0.01,77429.8,1777149518000
1777149519.926,219.926,0.69,0.7,0.3,0.31,0.01,0.01,77429.8,1777149518000
1777149520.754,220.754,0.69,0.7,0.3,0.31,0.01,0.01,77429.08,1777149519000
1777149521.139,221.139,0.69,0.7,0.3,0.31,0.01,0.01,77429.08,1777149520000
1777149521.829,221.829,0.69,0.7,0.3,0.31,0.01,0.01,77429.08,1777149520000
1777149522.172,222.172,0.69,0.7,0.3,0.31,0.01,0.01,77429.08,1777149521000
1777149523.095,223.095,0.69,0.7,0.3,0.31,0.01,0.01,77428.67,1777149522000
1777149523.522,223.522,0.69,0.7,0.3,0.31,0.01,0.01,77428.67,1777149522000
1777149524.164,224.164,0.69,0.7,0.3,0.31,0.01,0.01,77429.07,1777149523000
1777149525.106,225.106,0.69,0.7,0.3,0.31,0.01,0.01,77429.07,1777149523000
1777149525.481,225.481,0.69,0.7,0.3,0.31,0.01,0.01,77429.07,1777149524000
1777149525.833,225.833,0.69,0.7,0.3,0.31,0.01,0.01,77429.07,1777149524000
1777149526.199,226.199,0.69,0.7,0.3,0.31,0.01,0.01,77429.9,1777149525000
1777149526.781,226.781,0.69,0.7,0.3,0.31,0.01,0.01,77429.9,1777149525000
1777149527.231,227.231,0.69,0.7,0.3,0.31,0.01,0.01,77429.9,1777149526000
1777149528.49,228.49,0.69,0.7,0.3,0.31,0.01,0.01,77429.9,1777149526000
1777149529.272,229.272,0.7,0.71,0.29,0.31,0.01,0.02,77429.15,1777149527000
1777149529.677,229.677,0.7,0.71,0.29,0.3,0.01,0.01,77429.15,1777149528000
1777149530.584,230.584,0.7,0.71,0.29,0.3,0.01,0.01,77429.73,1777149529000
1777149531.044,231.044,0.7,0.71,0.29,0.3,0.01,0.01,77429.73,1777149529000
1777149531.673,231.673,0.7,0.71,0.29,0.3,0.01,0.01,77429.48,1777149530000
1777149532.302,232.302,0.71,0.72,0.28,0.3,0.01,0.02,77429.48,1777149530000
1777149533.479,233.479,0.71,0.72,0.28,0.29,0.01,0.01,77429.64,1777149532000
1777149533.82,233.82,0.46,0.59,0.39,0.54,0.13,0.15,77429.64,1777149532000
1777149534.43,234.43,0.55,0.58,0.41,0.54,0.03,0.13,77429.44,1777149533000
1777149534.763,234.763,0.55,0.57,0.43,0.45,0.02,0.02,77429.44,1777149533000
1777149535.096,235.096,0.55,0.58,0.42,0.45,0.03,0.03,77429.44,1777149533000
1777149535.436,235.436,0.56,0.58,0.43,0.44,0.02,0.01,77425.15,1777149534000
1777149535.779,235.779,0.59,0.6,0.4,0.41,0.01,0.01,77425.15,1777149534000
1777149536.118,236.118,0.59,0.6,0.4,0.41,0.01,0.01,77425.15,1777149534000
1777149536.458,236.458,0.59,0.6,0.4,0.41,0.01,0.01,77424.46,1777149535000
1777149536.795,236.795,0.59,0.6,0.4,0.41,0.01,0.01,77424.46,1777149535000
1777149537.142,237.142,0.6,0.61,0.39,0.4,0.01,0.01,77424.46,1777149535000
1777149537.483,237.483,0.6,0.61,0.39,0.4,0.01,0.01,77424.46,1777149535000
1777149537.821,237.821,0.6,0.61,0.39,0.4,0.01,0.01,77427.49,1777149536000
1777149538.168,238.168,0.61,0.62,0.38,0.4,0.01,0.02,77427.49,1777149537000
1777149538.52,238.52,0.61,0.62,0.38,0.39,0.01,0.01,77427.49,1777149537000
1777149538.865,238.865,0.62,0.63,0.37,0.38,0.01,0.01,77427.49,1777149537000
1777149539.199,239.199,0.62,0.63,0.37,0.38,0.01,0.01,77427.08,1777149538000
1777149539.56,239.56,0.62,0.63,0.37,0.38,0.01,0.01,77427.08,1777149538000
1777149539.903,239.903,0.62,0.63,0.37,0.38,0.01,0.01,77427.08,1777149538000
1777149540.236,240.236,0.64,0.65,0.35,0.36,0.01,0.01,77427.21,1777149539000
1777149540.572,240.572,0.63,0.64,0.35,0.37,0.01,0.02,77427.21,1777149539000
1777149540.906,240.906,0.63,0.64,0.36,0.37,0.01,0.01,77427.21,1777149539000
1777149541.339,241.339,0.61,0.62,0.38,0.39,0.01,0.01,77427.21,1777149539000
1777149541.887,241.887,0.59,0.6,0.4,0.41,0.01,0.01,77427.29,1777149540000
1777149542.241,242.241,0.57,0.58,0.42,0.43,0.01,0.01,77427.29,1777149540000
1777149542.584,242.584,0.59,0.61,0.39,0.42,0.02,0.03,77427.4,1777149541000
1777149542.92,242.92,0.63,0.64,0.36,0.37,0.01,0.01,77427.4,1777149541000
1777149543.293,243.293,0.63,0.64,0.36,0.37,0.01,0.01,77427.4,1777149541000
1777149543.872,243.872,0.63,0.64,0.36,0.37,0.01,0.01,77427.33,1777149542000
1777149544.208,244.208,0.63,0.64,0.36,0.37,0.01,0.01,77427.33,1777149542000
1777149544.711,244.711,0.62,0.63,0.37,0.38,0.01,0.01,77427.33,1777149543000
1777149545.086,245.086,0.62,0.63,0.37,0.38,0.01,0.01,77427.38,1777149544000
1777149545.434,245.434,0.56,0.57,0.43,0.44,0.01,0.01,77427.38,1777149544000
1777149545.849,245.849,0.56,0.57,0.43,0.44,0.01,0.01,77427.38,1777149544000
1777149546.234,246.234,0.56,0.57,0.43,0.44,0.01,0.01,77427.38,1777149545000
1777149546.748,246.748,0.58,0.59,0.41,0.42,0.01,0.01,77427.38,1777149545000
1777149547.107,247.107,0.58,0.59,0.41,0.42,0.01,0.01,77426.32,1777149546000
1777149547.456,247.456,0.58,0.59,0.41,0.42,0.01,0.01,77426.32,1777149546000
1777149547.827,247.827,0.58,0.59,0.41,0.42,0.01,0.01,77426.32,1777149546000
1777149548.187,248.187,0.58,0.59,0.41,0.42,0.01,0.01,77426.32,1777149547000
1777149548.544,248.544,0.61,0.62,0.38,0.39,0.01,0.01,77426.32,1777149547000
1777149548.885,248.885,0.63,0.64,0.36,0.37,0.01,0.01,77426.32,1777149547000
1777149549.379,249.379,0.63,0.64,0.36,0.37,0.01,0.01,77426.11,1777149548000
1777149549.768,249.768,0.63,0.64,0.36,0.37,0.01,0.01,77426.11,1777149548000
1777149550.221,250.221,0.63,0.64,0.36,0.37,0.01,0.01,77426.11,1777149548000
1777149550.794,250.794,0.63,0.64,0.36,0.37,0.01,0.01,77426.07,1777149549000
1777149551.218,251.218,0.62,0.63,0.37,0.38,0.01,0.01,77426.07,1777149550000
1777149551.64,251.64,0.62,0.63,0.37,0.38,0.01,0.01,77426.07,1777149550000
1777149552.196,252.196,0.6,0.63,0.37,0.4,0.03,0.03,77426.07,1777149551000
1777149553.028,253.028,0.6,0.63,0.39,0.4,0.03,0.01,77426.07,1777149551000
1777149553.767,253.767,0.62,0.63,0.36,0.38,0.01,0.02,77426.16,1777149552000
1777149554.131,254.131,0.63,0.64,0.35,0.38,0.01,0.03,77426.16,1777149552000
1777149554.588,254.588,0.58,0.59,0.4,0.41,0.01,0.01,77426.14,1777149553000
1777149554.935,254.935,0.57,0.58,0.42,0.43,0.01,0.01,77426.14,1777149553000
1777149555.409,255.409,0.57,0.58,0.42,0.43,0.01,0.01,77426.14,1777149554000
1777149555.995,255.995,0.57,0.58,0.42,0.43,0.01,0.01,77426.14,1777149554000
1777149556.49,256.49,0.57,0.58,0.42,0.43,0.01,0.01,77424.03,1777149555000
1777149556.836,256.836,0.41,0.58,0.42,0.43,0.17,0.01,77424.03,1777149555000
1777149557.194,257.194,0.5,0.51,0.49,0.5,0.01,0.01,77424.03,1777149555000
1777149557.589,257.589,0.43,0.47,0.52,0.59,0.04,0.07,77424.01,1777149556000
1777149557.933,257.933,0.36,0.37,0.63,0.64,0.01,0.01,77424.01,1777149556000
1777149558.272,258.272,0.38,0.39,0.61,0.63,0.01,0.02,77424.01,1777149556000
1777149558.612,258.612,0.42,0.43,0.57,0.58,0.01,0.01,77424.03,1777149557000
1777149558.953,258.953,0.43,0.44,0.56,0.57,0.01,0.01,77424.03,1777149557000
1777149559.415,259.415,0.43,0.44,0.56,0.57,0.01,0.01,77423.83,1777149558000
1777149559.756,259.756,0.43,0.44,0.56,0.57,0.01,0.01,77423.83,1777149558000
1777149560.141,260.141,0.44,0.45,0.55,0.56,0.01,0.01,77422.43,1777149559000
1777149560.487,260.487,0.44,0.45,0.55,0.56,0.01,0.01,77422.43,1777149559000
1777149561.111,261.111,0.44,0.46,0.55,0.56,0.02,0.01,77422.43,1777149559000
1777149561.445,261.445,0.57,0.6,0.4,0.43,0.03,0.03,77422.33,1777149560000
1777149561.806,261.806,0.59,0.6,0.4,0.41,0.01,0.01,77422.33,1777149560000
1777149562.164,262.164,0.58,0.59,0.41,0.42,0.01,0.01,77422.33,1777149560000
1777149562.517,262.517,0.59,0.6,0.4,0.41,0.01,0.01,77422.33,1777149560000
1777149562.87,262.87,0.56,0.57,0.43,0.44,0.01,0.01,77422.42,1777149561000
1777149563.329,263.329,0.49,0.5,0.43,0.44,0.01,0.01,77422.42,1777149562000
1777149564.096,264.096,0.56,0.57,0.5,0.51,0.01,0.01,77422.42,1777149562000
1777149565.042,265.042,0.57,0.58,0.43,0.44,0.01,0.01,77424.04,1777149563000
1777149565.522,265.522,0.44,0.55,0.42,0.49,0.11,0.07,77424.04,1777149563000
1777149565.934,265.934,0.44,0.45,0.46,0.53,0.01,0.07,77423.48,1777149564000
1777149566.401,266.401,0.51,0.52,0.47,0.48,0.01,0.01,77423.42,1777149565000
1777149566.737,266.737,0.42,0.51,0.49,0.57,0.09,0.08,77423.42,1777149565000
1777149567.171,267.171,0.46,0.47,0.53,0.54,0.01,0.01,77423.41,1777149566000
1777149567.533,267.533,0.46,0.47,0.53,0.54,0.01,0.01,77423.41,1777149566000
1777149567.884,267.884,0.46,0.47,0.53,0.54,0.01,0.01,77423.41,1777149566000
1777149568.352,268.352,0.46,0.47,0.53,0.54,0.01,0.01,77423.41,1777149566000
1777149568.997,268.997,0.46,0.47,0.53,0.54,0.01,0.01,77422.99,1777149568000
1777149569.593,269.593,0.46,0.47,0.53,0.54,0.01,0.01,77422.99,1777149568000
1777149570.022,270.022,0.49,0.5,0.5,0.51,0.01,0.01,77422.99,1777149569000
1777149570.477,270.477,0.49,0.51,0.5,0.51,0.02,0.01,77422.99,1777149569000
1777149570.852,270.852,0.46,0.47,0.49,0.5,0.01,0.01,77422.99,1777149569000
1777149571.438,271.438,0.43,0.44,0.54,0.55,0.01,0.01,77423.0,1777149570000
1777149572.532,272.532,0.39,0.44,0.56,0.61,0.05,0.05,77423.01,1777149571000
1777149573.17,273.17,0.39,0.4,0.6,0.61,0.01,0.01,77423.01,1777149572000
1777149573.594,273.594,0.39,0.4,0.6,0.61,0.01,0.01,77423.01,1777149572000
1777149574.001,274.001,0.36,0.37,0.62,0.63,0.01,0.01,77423.01,1777149572000
1777149574.364,274.364,0.36,0.37,0.63,0.64,0.01,0.01,77423.06,1777149573000
1777149574.733,274.733,0.37,0.38,0.62,0.63,0.01,0.01,77423.06,1777149573000
1777149575.408,275.408,0.37,0.38,0.62,0.63,0.01,0.01,77422.89,1777149574000
1777149575.889,275.889,0.38,0.39,0.61,0.62,0.01,0.01,77422.89,1777149574000
1777149576.381,276.381,0.38,0.4,0.6,0.62,0.02,0.02,77422.85,1777149575000
1777149576.874,276.874,0.39,0.45,0.55,0.61,0.06,0.06,77422.7,1777149576000
1777149577.249,277.249,0.44,0.47,0.55,0.56,0.03,0.01,77422.7,1777149576000
1777149577.865,277.865,0.46,0.47,0.53,0.54,0.01,0.01,77422.7,1777149576000
1777149579.0,279.0,0.46,0.47,0.53,0.54,0.01,0.01,77422.72,1777149578000
1777149579.333,279.333,0.34,0.35,0.65,0.66,0.01,0.01,77422.72,1777149578000
1777149579.836,279.836,0.32,0.33,0.67,0.68,0.01,0.01,77422.72,1777149578000
1777149580.218,280.218,0.3,0.31,0.69,0.7,0.01,0.01,77422.75,1777149579000
1777149580.59,280.59,0.3,0.31,0.69,0.7,0.01,0.01,77422.75,1777149579000
1777149580.94,280.94,0.27,0.29,0.71,0.72,0.02,0.01,77422.75,1777149579000
1777149581.273,281.273,0.26,0.28,0.72,0.73,0.02,0.01,77422.75,1777149579000
1777149581.651,281.651,0.25,0.26,0.74,0.75,0.01,0.01,77422.42,1777149580000
1777149581.985,281.985,0.25,0.26,0.74,0.75,0.01,0.01,77422.42,1777149580000
1777149582.472,282.472,0.25,0.26,0.74,0.75,0.01,0.01,77422.57,1777149581000
1777149582.808,282.808,0.25,0.26,0.74,0.75,0.01,0.01,77422.57,1777149581000
1777149583.163,283.163,0.27,0.29,0.71,0.73,0.02,0.02,77422.58,1777149582000
1777149584.1,284.1,0.27,0.28,0.72,0.73,0.01,0.01,77422.58,1777149583000
1777149584.472,284.472,0.25,0.27,0.73,0.74,0.02,0.01,77422.58,1777149583000
1777149584.806,284.806,0.06,0.09,0.91,0.92,0.03,0.01,77422.58,1777149583000
1777149585.147,285.147,0.07,0.08,0.92,0.93,0.01,0.01,77422.58,1777149583000
1777149585.481,285.481,0.08,0.09,0.92,0.93,0.01,0.01,77422.58,1777149583000
1777149585.879,285.879,0.09,0.1,0.9,0.91,0.01,0.01,77422.58,1777149584000
1777149586.22,286.22,0.09,0.1,0.9,0.91,0.01,0.01,77422.58,1777149584000
1777149586.556,286.556,0.09,0.1,0.9,0.91,0.01,0.01,77420.71,1777149585000
1777149586.929,286.929,0.07,0.08,0.92,0.93,0.01,0.01,77420.71,1777149585000
1777149587.337,287.337,0.08,0.33,0.91,0.92,0.25,0.01,77420.71,1777149585000
1777149587.687,287.687,0.11,0.12,0.89,0.9,0.01,0.01,77414.7,1777149586000
1777149588.025,288.025,0.39,0.47,0.53,0.61,0.08,0.08,77414.7,1777149586000
1777149588.359,288.359,0.44,0.45,0.55,0.57,0.01,0.02,77414.7,1777149587000
1777149588.693,288.693,0.39,0.43,0.6,0.61,0.04,0.01,77414.7,1777149587000
1777149589.026,289.026,0.4,0.42,0.58,0.6,0.02,0.02,77414.7,1777149587000
1777149589.382,289.382,0.37,0.38,0.62,0.63,0.01,0.01,77414.7,1777149588000
1777149589.781,289.781,0.32,0.33,0.67,0.68,0.01,0.01,77414.7,1777149588000
1777149590.401,290.401,0.32,0.33,0.67,0.68,0.01,0.01,77414.7,1777149588000
1777149590.747,290.747,0.27,0.28,0.71,0.74,0.01,0.03,77417.4,1777149589000
1777149591.088,291.088,0.25,0.26,0.74,0.75,0.01,0.01,77417.4,1777149589000
1777149591.423,291.423,0.24,0.26,0.74,0.76,0.02,0.02,77417.4,1777149590000
1777149591.865,291.865,0.22,0.24,0.75,0.77,0.02,0.02,77417.4,1777149590000
1777149592.199,292.199,0.17,0.18,0.82,0.83,0.01,0.01,77417.4,1777149590000
1777149592.581,292.581,0.14,0.15,0.84,0.86,0.01,0.02,77417.9,1777149591000
1777149592.945,292.945,0.14,0.15,0.85,0.86,0.01,0.01,77417.9,1777149591000
1777149593.288,293.288,0.14,0.15,0.85,0.86,0.01,0.01,77417.9,1777149592000
1777149593.79,293.79,0.14,0.15,0.85,0.86,0.01,0.01,77417.9,1777149592000
1777149594.15,294.15,0.14,0.15,0.85,0.86,0.01,0.01,77417.9,1777149592000
1777149594.641,294.641,0.11,0.12,0.88,0.89,0.01,0.01,77417.9,1777149593000
1777149595.041,295.041,0.09,0.1,0.9,0.91,0.01,0.01,77417.9,1777149593000
1777149595.422,295.422,0.05,0.06,0.9,0.95,0.01,0.05,77417.9,1777149594000
1777149595.794,295.794,0.05,0.15,0.94,0.95,0.1,0.01,77417.9,1777149594000
1777149596.147,296.147,0.03,0.05,0.95,0.97,0.02,0.02,77417.9,1777149595000
1777149596.487,296.487,0.03,0.04,0.96,0.97,0.01,0.01,77417.9,1777149595000
1777149596.857,296.857,0.04,0.05,0.95,0.96,0.01,0.01,77417.9,1777149595000
1777149597.191,297.191,0.03,0.04,0.95,0.96,0.01,0.01,77417.9,1777149595000
1777149597.541,297.541,0.02,0.04,0.96,0.97,0.02,0.01,77417.91,1777149596000
1777149597.999,297.999,0.02,0.03,0.97,0.98,0.01,0.01,77417.91,1777149596000
1777149598.366,298.366,0.02,0.03,0.97,0.98,0.01,0.01,77417.91,1777149596000
1777149598.804,298.804,0.01,0.02,0.98,0.99,0.01,0.01,77417.91,1777149597000
1777149599.148,299.148,0.01,0.02,0.98,0.99,0.01,0.01,77417.91,1777149598000
1777149599.728,299.728,0.01,0.01,0.99,0.99,0.0,0.0,77417.91,1777149598000
1777149600.147,300.147,0.01,0.01,0.99,0.99,0.0,0.0,77417.91,1777149598000
1777149600.659,300.659,0.01,0.01,0.99,0.99,0.0,0.0,77417.91,1777149599000

# RESULT,winner=Down,slug=btc-updown-5m-1777149300,ticks=622
