timestamp,elapsed_sec,up_bid,up_ask,down_bid,down_ask,up_spread,down_spread,btc_price,btc_oracle_ts
1776593700.511,0.511,0.55,0.56,0.44,0.45,0.01,0.01,75062.9,1776593699000
1776593701.026,1.026,0.54,0.55,0.45,0.46,0.01,0.01,75062.9,1776593699000
1776593701.55,1.55,0.54,0.55,0.45,0.46,0.01,0.01,75062.96,1776593700000
1776593701.972,1.972,0.54,0.55,0.45,0.46,0.01,0.01,75062.96,1776593700000
1776593702.76,2.76,0.53,0.55,0.45,0.46,0.02,0.01,75063.0,1776593701000
1776593703.165,3.165,0.53,0.55,0.45,0.47,0.02,0.02,75062.92,1776593702000
1776593704.347,4.347,0.53,0.54,0.46,0.47,0.01,0.01,75062.92,1776593702000
1776593704.716,4.716,0.53,0.54,0.46,0.47,0.01,0.01,75063.05,1776593703000
1776593705.054,5.054,0.53,0.54,0.46,0.48,0.01,0.02,75063.05,1776593703000
1776593705.388,5.388,0.5,0.54,0.46,0.5,0.04,0.04,75063.06,1776593704000
1776593705.727,5.727,0.35,0.42,0.57,0.65,0.07,0.08,75063.06,1776593704000
1776593706.061,6.061,0.34,0.41,0.65,0.66,0.07,0.01,75063.06,1776593704000
1776593706.399,6.399,0.37,0.4,0.62,0.63,0.03,0.01,75063.06,1776593704000
1776593706.737,6.737,0.39,0.4,0.6,0.61,0.01,0.01,75063.05,1776593705000
1776593707.148,7.148,0.4,0.41,0.58,0.6,0.01,0.02,75063.05,1776593705000
1776593707.497,7.497,0.44,0.45,0.55,0.56,0.01,0.01,75047.54,1776593706000
1776593707.841,7.841,0.44,0.45,0.55,0.56,0.01,0.01,75047.54,1776593706000
1776593708.257,8.257,0.45,0.46,0.54,0.55,0.01,0.01,75047.54,1776593706000
1776593708.591,8.591,0.42,0.43,0.57,0.58,0.01,0.01,75047.54,1776593706000
1776593708.977,8.977,0.41,0.42,0.58,0.59,0.01,0.01,75047.54,1776593706000
1776593709.393,9.393,0.4,0.41,0.59,0.6,0.01,0.01,75050.06,1776593707000
1776593709.818,9.818,0.39,0.4,0.6,0.61,0.01,0.01,75051.75,1776593708000
1776593710.194,10.194,0.39,0.4,0.6,0.61,0.01,0.01,75051.75,1776593708000
1776593710.531,10.531,0.38,0.39,0.61,0.62,0.01,0.01,75051.75,1776593708000
1776593710.88,10.88,0.32,0.34,0.65,0.67,0.02,0.02,75051.75,1776593709000
1776593711.229,11.229,0.32,0.34,0.66,0.67,0.02,0.01,75051.75,1776593709000
1776593711.655,11.655,0.31,0.32,0.68,0.69,0.01,0.01,75050.08,1776593710000
1776593712.001,12.001,0.31,0.32,0.68,0.69,0.01,0.01,75050.08,1776593710000
1776593712.337,12.337,0.31,0.32,0.68,0.69,0.01,0.01,75048.62,1776593711000
1776593712.684,12.684,0.31,0.32,0.68,0.69,0.01,0.01,75048.62,1776593711000
1776593713.07,13.07,0.3,0.31,0.69,0.7,0.01,0.01,75048.62,1776593711000
1776593713.404,13.404,0.3,0.31,0.69,0.7,0.01,0.01,75040.07,1776593712000
1776593713.928,13.928,0.3,0.31,0.69,0.7,0.01,0.01,75040.07,1776593712000
1776593714.296,14.296,0.3,0.32,0.69,0.7,0.02,0.01,75040.07,1776593712000
1776593714.69,14.69,0.3,0.31,0.69,0.7,0.01,0.01,75039.04,1776593713000
1776593715.087,15.087,0.3,0.31,0.69,0.7,0.01,0.01,75039.04,1776593714000
1776593715.44,15.44,0.29,0.3,0.69,0.71,0.01,0.02,75039.04,1776593714000
1776593715.777,15.777,0.29,0.3,0.7,0.71,0.01,0.01,75039.04,1776593714000
1776593716.13,16.13,0.28,0.29,0.71,0.72,0.01,0.01,75038.88,1776593715000
1776593716.571,16.571,0.28,0.29,0.71,0.72,0.01,0.01,75038.88,1776593715000
1776593717.031,17.031,0.28,0.29,0.71,0.72,0.01,0.01,75038.88,1776593715000
1776593717.443,17.443,0.28,0.29,0.71,0.72,0.01,0.01,75038.64,1776593716000
1776593717.804,17.804,0.27,0.28,0.71,0.73,0.01,0.02,75038.64,1776593716000
1776593718.17,18.17,0.27,0.28,0.72,0.73,0.01,0.01,75038.64,1776593716000
1776593718.515,18.515,0.27,0.28,0.72,0.73,0.01,0.01,75033.62,1776593717000
1776593719.056,19.056,0.27,0.28,0.72,0.73,0.01,0.01,75033.62,1776593717000
1776593719.439,19.439,0.26,0.27,0.73,0.74,0.01,0.01,75033.31,1776593718000
1776593719.867,19.867,0.27,0.28,0.72,0.73,0.01,0.01,75033.31,1776593718000
1776593720.282,20.282,0.27,0.28,0.72,0.73,0.01,0.01,75033.16,1776593719000
1776593720.72,20.72,0.27,0.28,0.72,0.73,0.01,0.01,75033.16,1776593719000
1776593721.11,21.11,0.26,0.27,0.73,0.74,0.01,0.01,75033.16,1776593719000
1776593721.748,21.748,0.26,0.27,0.73,0.74,0.01,0.01,75033.16,1776593720000
1776593722.159,22.159,0.25,0.27,0.73,0.75,0.02,0.02,75033.16,1776593720000
1776593722.529,22.529,0.25,0.26,0.74,0.75,0.01,0.01,75033.16,1776593720000
1776593722.941,22.941,0.26,0.27,0.73,0.74,0.01,0.01,75033.16,1776593720000
1776593723.346,23.346,0.26,0.27,0.73,0.74,0.01,0.01,75033.58,1776593722000
1776593723.824,23.824,0.26,0.27,0.73,0.74,0.01,0.01,75033.58,1776593722000
1776593724.383,24.383,0.26,0.27,0.73,0.74,0.01,0.01,75033.58,1776593723000
1776593724.775,24.775,0.26,0.27,0.73,0.74,0.01,0.01,75033.58,1776593723000
1776593725.109,25.109,0.26,0.27,0.73,0.74,0.01,0.01,75033.59,1776593724000
1776593725.77,25.77,0.26,0.27,0.73,0.74,0.01,0.01,75033.59,1776593724000
1776593726.202,26.202,0.26,0.27,0.73,0.74,0.01,0.01,75033.23,1776593725000
1776593726.682,26.682,0.26,0.27,0.73,0.74,0.01,0.01,75033.23,1776593725000
1776593727.09,27.09,0.26,0.27,0.73,0.74,0.01,0.01,75033.23,1776593725000
1776593727.693,27.693,0.26,0.27,0.73,0.74,0.01,0.01,75030.68,1776593726000
1776593728.106,28.106,0.25,0.26,0.73,0.75,0.01,0.02,75030.64,1776593727000
1776593728.734,28.734,0.26,0.27,0.73,0.74,0.01,0.01,75030.64,1776593727000
1776593729.115,29.115,0.26,0.27,0.73,0.74,0.01,0.01,75030.64,1776593727000
1776593730.23,30.23,0.26,0.27,0.73,0.74,0.01,0.01,75033.23,1776593729000
1776593730.764,30.764,0.26,0.27,0.73,0.74,0.01,0.01,75033.23,1776593729000
1776593731.165,31.165,0.25,0.26,0.74,0.75,0.01,0.01,75033.23,1776593729000
1776593731.675,31.675,0.25,0.26,0.74,0.75,0.01,0.01,75033.21,1776593730000
1776593732.255,32.255,0.25,0.26,0.74,0.75,0.01,0.01,75033.21,1776593731000
1776593733.014,33.014,0.24,0.25,0.74,0.75,0.01,0.01,75033.21,1776593731000
1776593733.458,33.458,0.24,0.25,0.75,0.76,0.01,0.01,75030.4,1776593732000
1776593733.879,33.879,0.24,0.25,0.75,0.76,0.01,0.01,75030.4,1776593732000
1776593734.35,34.35,0.24,0.25,0.75,0.76,0.01,0.01,75029.53,1776593733000
1776593735.066,35.066,0.24,0.25,0.75,0.76,0.01,0.01,75029.52,1776593734000
1776593735.411,35.411,0.24,0.25,0.75,0.76,0.01,0.01,75029.52,1776593734000
1776593735.772,35.772,0.24,0.25,0.75,0.76,0.01,0.01,75029.52,1776593734000
1776593736.115,36.115,0.24,0.25,0.75,0.76,0.01,0.01,75029.52,1776593734000
1776593736.499,36.499,0.24,0.25,0.75,0.76,0.01,0.01,75028.04,1776593735000
1776593736.897,36.897,0.23,0.24,0.75,0.77,0.01,0.02,75028.04,1776593735000
1776593737.323,37.323,0.23,0.24,0.76,0.77,0.01,0.01,75028.04,1776593735000
1776593737.696,37.696,0.23,0.24,0.76,0.77,0.01,0.01,75028.04,1776593736000
1776593738.289,38.289,0.24,0.25,0.75,0.77,0.01,0.02,75028.04,1776593736000
1776593738.631,38.631,0.24,0.25,0.75,0.76,0.01,0.01,75028.01,1776593737000
1776593739.299,39.299,0.23,0.25,0.75,0.76,0.02,0.01,75028.01,1776593738000
1776593739.653,39.653,0.23,0.25,0.75,0.77,0.02,0.02,75028.01,1776593738000
1776593740.058,40.058,0.23,0.24,0.75,0.77,0.01,0.02,75028.01,1776593738000
1776593740.571,40.571,0.23,0.24,0.76,0.77,0.01,0.01,75028.01,1776593738000
1776593740.913,40.913,0.23,0.24,0.76,0.77,0.01,0.01,75029.48,1776593739000
1776593741.286,41.286,0.23,0.24,0.76,0.77,0.01,0.01,75028.85,1776593740000
1776593741.708,41.708,0.23,0.24,0.76,0.77,0.01,0.01,75028.85,1776593740000
1776593742.436,42.436,0.23,0.24,0.76,0.77,0.01,0.01,75028.13,1776593741000
1776593743.103,43.103,0.23,0.24,0.76,0.77,0.01,0.01,75028.13,1776593741000
1776593743.946,43.946,0.23,0.24,0.76,0.77,0.01,0.01,75028.2,1776593743000
1776593744.697,44.697,0.23,0.24,0.76,0.77,0.01,0.01,75028.2,1776593743000
1776593745.151,45.151,0.2,0.21,0.79,0.8,0.01,0.01,75027.91,1776593744000
1776593745.838,45.838,0.2,0.21,0.79,0.8,0.01,0.01,75027.91,1776593744000
1776593746.278,46.278,0.2,0.21,0.79,0.8,0.01,0.01,75027.57,1776593745000
1776593747.086,47.086,0.2,0.22,0.79,0.8,0.02,0.01,75027.57,1776593745000
1776593748.055,48.055,0.21,0.22,0.78,0.8,0.01,0.02,75024.58,1776593746000
1776593748.528,48.528,0.2,0.21,0.78,0.8,0.01,0.02,75024.68,1776593747000
1776593749.168,49.168,0.2,0.21,0.79,0.8,0.01,0.01,75024.65,1776593748000
1776593749.581,49.581,0.2,0.21,0.79,0.8,0.01,0.01,75024.65,1776593748000
1776593749.996,49.996,0.2,0.22,0.79,0.8,0.02,0.01,75024.65,1776593748000
1776593750.392,50.392,0.21,0.22,0.78,0.8,0.01,0.02,75024.65,1776593748000
1776593750.789,50.789,0.21,0.22,0.78,0.79,0.01,0.01,75024.65,1776593749000
1776593751.296,51.296,0.21,0.22,0.78,0.79,0.01,0.01,75024.66,1776593750000
1776593751.861,51.861,0.21,0.22,0.78,0.79,0.01,0.01,75024.66,1776593750000
1776593752.21,52.21,0.21,0.22,0.78,0.79,0.01,0.01,75024.65,1776593751000
1776593752.645,52.645,0.21,0.22,0.78,0.79,0.01,0.01,75024.65,1776593751000
1776593753.132,53.132,0.21,0.23,0.78,0.79,0.02,0.01,75024.65,1776593751000
1776593753.763,53.763,0.22,0.23,0.77,0.78,0.01,0.01,75024.86,1776593752000
1776593754.207,54.207,0.22,0.23,0.77,0.78,0.01,0.01,75024.86,1776593752000
1776593754.918,54.918,0.22,0.23,0.77,0.78,0.01,0.01,75025.12,1776593754000
1776593755.995,55.995,0.22,0.23,0.77,0.78,0.01,0.01,75025.1,1776593755000
1776593756.401,56.401,0.22,0.23,0.77,0.78,0.01,0.01,75025.1,1776593755000
1776593756.807,56.807,0.22,0.23,0.77,0.78,0.01,0.01,75025.1,1776593755000
1776593757.278,57.278,0.22,0.23,0.77,0.78,0.01,0.01,75025.11,1776593756000
1776593757.823,57.823,0.22,0.23,0.77,0.78,0.01,0.01,75025.11,1776593756000
1776593758.536,58.536,0.22,0.23,0.77,0.78,0.01,0.01,75025.19,1776593757000
1776593759.06,59.06,0.22,0.23,0.77,0.78,0.01,0.01,75025.19,1776593758000
1776593759.55,59.55,0.22,0.23,0.77,0.78,0.01,0.01,75025.19,1776593758000
1776593760.165,60.165,0.22,0.23,0.77,0.78,0.01,0.01,75025.19,1776593758000
1776593760.658,60.658,0.22,0.23,0.77,0.78,0.01,0.01,75025.21,1776593759000
1776593761.281,61.281,0.22,0.23,0.77,0.78,0.01,0.01,75025.21,1776593760000
1776593761.716,61.716,0.22,0.23,0.77,0.78,0.01,0.01,75025.21,1776593760000
1776593762.087,62.087,0.22,0.23,0.77,0.78,0.01,0.01,75025.21,1776593760000
1776593762.439,62.439,0.22,0.23,0.77,0.78,0.01,0.01,75025.21,1776593761000
1776593762.965,62.965,0.22,0.23,0.77,0.78,0.01,0.01,75025.21,1776593761000
1776593763.368,63.368,0.22,0.23,0.77,0.78,0.01,0.01,75025.55,1776593762000
1776593763.77,63.77,0.22,0.23,0.77,0.78,0.01,0.01,75025.55,1776593762000
1776593764.169,64.169,0.22,0.23,0.77,0.78,0.01,0.01,75025.55,1776593763000
1776593764.537,64.537,0.22,0.23,0.77,0.78,0.01,0.01,75025.55,1776593763000
1776593765.011,65.011,0.22,0.23,0.77,0.78,0.01,0.01,75025.11,1776593764000
1776593765.408,65.408,0.22,0.23,0.77,0.78,0.01,0.01,75025.11,1776593764000
1776593765.821,65.821,0.22,0.23,0.77,0.78,0.01,0.01,75025.11,1776593764000
1776593766.16,66.16,0.22,0.23,0.77,0.78,0.01,0.01,75025.01,1776593765000
1776593766.552,66.552,0.22,0.23,0.77,0.78,0.01,0.01,75025.01,1776593765000
1776593767.044,67.044,0.22,0.23,0.77,0.78,0.01,0.01,75025.01,1776593765000
1776593767.468,67.468,0.22,0.23,0.77,0.78,0.01,0.01,75025.01,1776593765000
1776593767.882,67.882,0.22,0.23,0.77,0.78,0.01,0.01,75025.51,1776593766000
1776593768.22,68.22,0.22,0.23,0.77,0.78,0.01,0.01,75025.51,1776593766000
1776593768.553,68.553,0.22,0.23,0.77,0.78,0.01,0.01,75025.51,1776593767000
1776593769.078,69.078,0.22,0.23,0.77,0.78,0.01,0.01,75025.51,1776593767000
1776593769.56,69.56,0.22,0.23,0.77,0.78,0.01,0.01,75025.67,1776593768000
1776593770.162,70.162,0.22,0.23,0.77,0.78,0.01,0.01,75025.67,1776593769000
1776593770.996,70.996,0.22,0.23,0.77,0.78,0.01,0.01,75025.67,1776593769000
1776593771.392,71.392,0.22,0.23,0.77,0.78,0.01,0.01,75025.55,1776593770000
1776593771.951,71.951,0.22,0.23,0.77,0.78,0.01,0.01,75025.55,1776593770000
1776593772.483,72.483,0.22,0.23,0.77,0.78,0.01,0.01,75025.55,1776593771000
1776593773.115,73.115,0.22,0.23,0.77,0.78,0.01,0.01,75025.72,1776593772000
1776593773.492,73.492,0.22,0.23,0.77,0.78,0.01,0.01,75025.72,1776593772000
1776593773.893,73.893,0.23,0.24,0.77,0.78,0.01,0.01,75025.72,1776593772000
1776593774.23,74.23,0.24,0.26,0.74,0.76,0.02,0.02,75025.72,1776593773000
1776593774.571,74.571,0.24,0.25,0.75,0.76,0.01,0.01,75025.72,1776593773000
1776593774.907,74.907,0.24,0.25,0.75,0.76,0.01,0.01,75025.72,1776593773000
1776593775.266,75.266,0.21,0.23,0.77,0.79,0.02,0.02,75025.72,1776593773000
1776593775.604,75.604,0.21,0.22,0.78,0.79,0.01,0.01,75026.29,1776593774000
1776593776.007,76.007,0.21,0.22,0.78,0.79,0.01,0.01,75029.32,1776593775000
1776593776.471,76.471,0.21,0.22,0.78,0.79,0.01,0.01,75029.32,1776593775000
1776593776.86,76.86,0.21,0.22,0.78,0.79,0.01,0.01,75029.32,1776593775000
1776593777.234,77.234,0.2,0.21,0.78,0.8,0.01,0.02,75029.32,1776593775000
1776593777.88,77.88,0.2,0.21,0.79,0.8,0.01,0.01,75027.55,1776593776000
1776593778.367,78.367,0.2,0.21,0.79,0.8,0.01,0.01,75027.43,1776593777000
1776593778.728,78.728,0.2,0.21,0.79,0.8,0.01,0.01,75027.43,1776593777000
1776593779.582,79.582,0.2,0.21,0.79,0.8,0.01,0.01,75026.89,1776593778000
1776593780.135,80.135,0.2,0.21,0.79,0.8,0.01,0.01,75026.59,1776593779000
1776593780.764,80.764,0.2,0.21,0.79,0.8,0.01,0.01,75026.59,1776593779000
1776593781.159,81.159,0.2,0.21,0.79,0.8,0.01,0.01,75026.59,1776593779000
1776593781.51,81.51,0.2,0.21,0.79,0.8,0.01,0.01,75026.34,1776593780000
1776593782.021,82.021,0.2,0.21,0.79,0.8,0.01,0.01,75026.34,1776593780000
1776593782.818,82.818,0.2,0.21,0.79,0.8,0.01,0.01,75026.55,1776593781000
1776593783.16,83.16,0.2,0.21,0.79,0.8,0.01,0.01,75026.55,1776593781000
1776593783.655,83.655,0.2,0.21,0.79,0.8,0.01,0.01,75027.33,1776593782000
1776593784.218,84.218,0.19,0.2,0.79,0.8,0.01,0.01,75027.32,1776593783000
1776593784.802,84.802,0.19,0.2,0.8,0.81,0.01,0.01,75027.32,1776593783000
1776593785.673,85.673,0.19,0.2,0.8,0.81,0.01,0.01,75026.72,1776593784000
1776593786.059,86.059,0.2,0.21,0.79,0.81,0.01,0.02,75026.72,1776593785000
1776593786.957,86.957,0.2,0.21,0.79,0.8,0.01,0.01,75027.15,1776593786000
1776593787.936,87.936,0.2,0.21,0.79,0.8,0.01,0.01,75027.15,1776593786000
1776593788.323,88.323,0.21,0.22,0.78,0.8,0.01,0.02,75027.03,1776593787000
1776593788.925,88.925,0.21,0.22,0.78,0.79,0.01,0.01,75027.03,1776593787000
1776593789.302,89.302,0.21,0.22,0.78,0.79,0.01,0.01,75027.43,1776593788000
1776593789.834,89.834,0.21,0.22,0.78,0.79,0.01,0.01,75027.43,1776593788000
1776593790.359,90.359,0.21,0.22,0.78,0.79,0.01,0.01,75027.43,1776593789000
1776593790.701,90.701,0.21,0.22,0.78,0.79,0.01,0.01,75027.43,1776593789000
1776593791.068,91.068,0.21,0.22,0.78,0.79,0.01,0.01,75027.43,1776593789000
1776593791.772,91.772,0.21,0.22,0.78,0.79,0.01,0.01,75027.46,1776593790000
1776593792.137,92.137,0.21,0.22,0.78,0.79,0.01,0.01,75027.46,1776593791000
1776593793.182,93.182,0.21,0.22,0.78,0.79,0.01,0.01,75027.43,1776593792000
1776593793.613,93.613,0.21,0.22,0.78,0.79,0.01,0.01,75027.43,1776593792000
1776593794.151,94.151,0.21,0.22,0.78,0.79,0.01,0.01,75027.55,1776593793000
1776593794.807,94.807,0.21,0.22,0.78,0.79,0.01,0.01,75027.55,1776593793000
1776593795.185,95.185,0.21,0.22,0.78,0.79,0.01,0.01,75027.6,1776593794000
1776593795.68,95.68,0.23,0.24,0.76,0.78,0.01,0.02,75027.6,1776593794000
1776593796.047,96.047,0.23,0.24,0.76,0.77,0.01,0.01,75027.61,1776593795000
1776593796.433,96.433,0.23,0.24,0.76,0.77,0.01,0.01,75027.61,1776593795000
1776593796.969,96.969,0.23,0.24,0.76,0.77,0.01,0.01,75027.61,1776593795000
1776593797.401,97.401,0.23,0.24,0.76,0.77,0.01,0.01,75027.61,1776593796000
1776593797.96,97.96,0.23,0.24,0.76,0.77,0.01,0.01,75027.61,1776593796000
1776593798.433,98.433,0.23,0.24,0.76,0.77,0.01,0.01,75027.72,1776593797000
1776593799.217,99.217,0.23,0.24,0.76,0.77,0.01,0.01,75027.75,1776593798000
1776593799.55,99.55,0.23,0.24,0.76,0.77,0.01,0.01,75027.75,1776593798000
1776593800.284,100.284,0.23,0.24,0.76,0.77,0.01,0.01,75027.76,1776593799000
1776593801.021,101.021,0.23,0.24,0.76,0.77,0.01,0.01,75027.76,1776593799000
1776593801.471,101.471,0.23,0.24,0.76,0.77,0.01,0.01,75027.76,1776593799000
1776593801.989,101.989,0.23,0.24,0.76,0.77,0.01,0.01,75027.74,1776593801000
1776593802.535,102.535,0.23,0.24,0.76,0.77,0.01,0.01,75027.74,1776593801000
1776593802.938,102.938,0.23,0.24,0.76,0.77,0.01,0.01,75027.74,1776593802000
1776593803.679,103.679,0.23,0.24,0.76,0.77,0.01,0.01,75027.74,1776593802000
1776593804.348,104.348,0.23,0.24,0.76,0.77,0.01,0.01,75029.81,1776593803000
1776593805.027,105.027,0.23,0.24,0.76,0.77,0.01,0.01,75029.45,1776593804000
1776593805.758,105.758,0.23,0.24,0.76,0.77,0.01,0.01,75029.45,1776593804000
1776593806.111,106.111,0.23,0.24,0.76,0.77,0.01,0.01,75029.45,1776593805000
1776593806.605,106.605,0.23,0.24,0.76,0.77,0.01,0.01,75029.45,1776593805000
1776593807.138,107.138,0.23,0.24,0.76,0.77,0.01,0.01,75029.45,1776593806000
1776593807.799,107.799,0.22,0.23,0.77,0.78,0.01,0.01,75029.45,1776593806000
1776593808.202,108.202,0.22,0.23,0.77,0.78,0.01,0.01,75029.45,1776593807000
1776593808.593,108.593,0.21,0.22,0.77,0.78,0.01,0.01,75029.45,1776593807000
1776593809.454,109.454,0.21,0.22,0.78,0.79,0.01,0.01,75029.45,1776593807000
1776593810.158,110.158,0.21,0.22,0.78,0.79,0.01,0.01,75029.1,1776593808000
1776593810.569,110.569,0.23,0.24,0.76,0.78,0.01,0.02,75029.09,1776593809000
1776593810.928,110.928,0.29,0.31,0.69,0.71,0.02,0.02,75029.09,1776593809000
1776593811.29,111.29,0.34,0.35,0.65,0.66,0.01,0.01,75029.09,1776593810000
1776593811.625,111.625,0.34,0.36,0.64,0.66,0.02,0.02,75029.09,1776593810000
1776593811.979,111.979,0.35,0.36,0.64,0.65,0.01,0.01,75029.09,1776593810000
1776593812.33,112.33,0.35,0.36,0.64,0.65,0.01,0.01,75029.09,1776593810000
1776593812.691,112.691,0.35,0.36,0.64,0.65,0.01,0.01,75033.03,1776593811000
1776593813.142,113.142,0.35,0.36,0.64,0.65,0.01,0.01,75033.03,1776593811000
1776593813.53,113.53,0.35,0.36,0.64,0.65,0.01,0.01,75040.14,1776593812000
1776593813.924,113.924,0.35,0.36,0.64,0.65,0.01,0.01,75040.14,1776593812000
1776593814.294,114.294,0.35,0.36,0.64,0.65,0.01,0.01,75040.14,1776593812000
1776593814.65,114.65,0.35,0.36,0.64,0.65,0.01,0.01,75045.13,1776593813000
1776593814.988,114.988,0.35,0.36,0.64,0.65,0.01,0.01,75045.41,1776593814000
1776593815.439,115.439,0.35,0.36,0.64,0.65,0.01,0.01,75045.41,1776593814000
1776593816.04,116.04,0.34,0.35,0.65,0.66,0.01,0.01,75045.41,1776593814000
1776593816.39,116.39,0.34,0.35,0.65,0.66,0.01,0.01,75045.99,1776593815000
1776593816.901,116.901,0.34,0.35,0.65,0.66,0.01,0.01,75045.99,1776593815000
1776593817.248,117.248,0.34,0.35,0.65,0.66,0.01,0.01,75045.99,1776593815000
1776593817.586,117.586,0.34,0.35,0.65,0.66,0.01,0.01,75045.99,1776593816000
1776593818.041,118.041,0.34,0.35,0.65,0.66,0.01,0.01,75045.99,1776593816000
1776593818.527,118.527,0.34,0.35,0.65,0.66,0.01,0.01,75045.81,1776593817000
1776593819.142,119.142,0.34,0.35,0.65,0.66,0.01,0.01,75045.45,1776593818000
1776593820.156,120.156,0.34,0.35,0.65,0.66,0.01,0.01,75045.45,1776593818000
1776593820.819,120.819,0.34,0.35,0.65,0.66,0.01,0.01,75045.45,1776593819000
1776593821.296,121.296,0.34,0.35,0.65,0.66,0.01,0.01,75045.45,1776593820000
1776593821.67,121.67,0.34,0.35,0.65,0.66,0.01,0.01,75045.45,1776593820000
1776593822.317,122.317,0.34,0.35,0.65,0.66,0.01,0.01,75045.45,1776593820000
1776593822.671,122.671,0.34,0.35,0.65,0.66,0.01,0.01,75045.45,1776593821000
1776593823.148,123.148,0.35,0.36,0.64,0.66,0.01,0.02,75045.45,1776593821000
1776593823.689,123.689,0.35,0.36,0.64,0.65,0.01,0.01,75045.45,1776593821000
1776593824.207,124.207,0.35,0.36,0.64,0.65,0.01,0.01,75045.47,1776593822000
1776593824.737,124.737,0.35,0.36,0.64,0.65,0.01,0.01,75045.58,1776593823000
1776593825.261,125.261,0.35,0.36,0.64,0.65,0.01,0.01,75046.11,1776593824000
1776593825.68,125.68,0.34,0.36,0.64,0.65,0.02,0.01,75046.11,1776593824000
1776593826.071,126.071,0.31,0.32,0.67,0.7,0.01,0.03,75046.11,1776593824000
1776593826.734,126.734,0.3,0.32,0.68,0.69,0.02,0.01,75046.11,1776593824000
1776593827.206,127.206,0.3,0.31,0.69,0.7,0.01,0.01,75046.11,1776593824000
1776593827.644,127.644,0.3,0.31,0.69,0.7,0.01,0.01,75046.11,1776593824000
1776593827.985,127.985,0.3,0.31,0.69,0.7,0.01,0.01,75045.45,1776593826000
1776593828.431,128.431,0.3,0.31,0.69,0.7,0.01,0.01,75044.26,1776593827000
1776593829.025,129.025,0.28,0.29,0.69,0.7,0.01,0.01,75044.26,1776593827000
1776593829.362,129.362,0.26,0.27,0.73,0.74,0.01,0.01,75044.26,1776593827000
1776593829.747,129.747,0.26,0.27,0.73,0.74,0.01,0.01,75043.38,1776593828000
1776593830.082,130.082,0.26,0.27,0.73,0.74,0.01,0.01,75043.38,1776593828000
1776593831.121,131.121,0.25,0.26,0.74,0.75,0.01,0.01,75043.26,1776593829000
1776593831.505,131.505,0.25,0.26,0.74,0.75,0.01,0.01,75041.49,1776593830000
1776593831.845,131.845,0.25,0.26,0.74,0.75,0.01,0.01,75041.49,1776593830000
1776593832.298,132.298,0.25,0.26,0.74,0.75,0.01,0.01,75039.11,1776593831000
1776593832.683,132.683,0.24,0.25,0.75,0.76,0.01,0.01,75039.11,1776593831000
1776593833.025,133.025,0.24,0.25,0.75,0.76,0.01,0.01,75039.11,1776593831000
1776593833.399,133.399,0.24,0.25,0.75,0.76,0.01,0.01,75039.11,1776593831000
1776593833.961,133.961,0.24,0.25,0.75,0.76,0.01,0.01,75037.66,1776593833000
1776593834.637,134.637,0.23,0.24,0.76,0.77,0.01,0.01,75037.66,1776593833000
1776593835.117,135.117,0.23,0.24,0.76,0.77,0.01,0.01,75038.38,1776593834000
1776593835.941,135.941,0.23,0.24,0.76,0.77,0.01,0.01,75038.38,1776593834000
1776593836.307,136.307,0.23,0.24,0.76,0.77,0.01,0.01,75038.38,1776593834000
1776593836.645,136.645,0.22,0.24,0.76,0.77,0.02,0.01,75037.99,1776593835000
1776593837.185,137.185,0.22,0.23,0.76,0.78,0.01,0.02,75037.99,1776593836000
1776593837.632,137.632,0.21,0.22,0.77,0.79,0.01,0.02,75037.99,1776593836000
1776593838.054,138.054,0.21,0.22,0.78,0.79,0.01,0.01,75037.96,1776593837000
1776593838.516,138.516,0.21,0.22,0.77,0.79,0.01,0.02,75037.96,1776593837000
1776593838.896,138.896,0.22,0.26,0.77,0.79,0.04,0.02,75037.96,1776593837000
1776593839.233,139.233,0.23,0.26,0.74,0.77,0.03,0.03,75035.77,1776593838000
1776593839.85,139.85,0.25,0.26,0.74,0.75,0.01,0.01,75035.77,1776593838000
1776593840.338,140.338,0.25,0.26,0.74,0.75,0.01,0.01,75037.32,1776593839000
1776593840.866,140.866,0.25,0.26,0.74,0.75,0.01,0.01,75037.65,1776593840000
1776593841.415,141.415,0.25,0.26,0.74,0.75,0.01,0.01,75037.65,1776593840000
1776593841.942,141.942,0.25,0.26,0.74,0.75,0.01,0.01,75037.65,1776593840000
1776593842.333,142.333,0.25,0.26,0.74,0.75,0.01,0.01,75037.65,1776593841000
1776593842.938,142.938,0.25,0.26,0.74,0.75,0.01,0.01,75037.65,1776593842000
1776593843.461,143.461,0.25,0.26,0.74,0.75,0.01,0.01,75037.65,1776593842000
1776593844.055,144.055,0.25,0.26,0.74,0.75,0.01,0.01,75037.65,1776593843000
1776593844.649,144.649,0.28,0.29,0.71,0.74,0.01,0.03,75037.65,1776593843000
1776593845.0,145.0,0.28,0.29,0.71,0.72,0.01,0.01,75037.65,1776593843000
1776593845.622,145.622,0.28,0.29,0.71,0.72,0.01,0.01,75037.65,1776593844000
1776593845.984,145.984,0.28,0.29,0.71,0.72,0.01,0.01,75037.65,1776593844000
1776593846.558,146.558,0.28,0.29,0.71,0.72,0.01,0.01,75038.0,1776593845000
1776593847.352,147.352,0.27,0.29,0.71,0.72,0.02,0.01,75038.0,1776593845000
1776593847.78,147.78,0.27,0.28,0.71,0.73,0.01,0.02,75040.69,1776593846000
1776593848.243,148.243,0.27,0.28,0.72,0.73,0.01,0.01,75040.69,1776593847000
1776593849.081,149.081,0.27,0.28,0.72,0.73,0.01,0.01,75039.44,1776593848000
1776593849.678,149.678,0.26,0.27,0.73,0.74,0.01,0.01,75039.44,1776593848000
1776593850.02,150.02,0.23,0.26,0.73,0.74,0.03,0.01,75039.44,1776593848000
1776593850.362,150.362,0.22,0.24,0.76,0.78,0.02,0.02,75038.8,1776593849000
1776593850.728,150.728,0.21,0.22,0.77,0.78,0.01,0.01,75038.8,1776593849000
1776593851.067,151.067,0.21,0.22,0.78,0.79,0.01,0.01,75038.8,1776593849000
1776593851.471,151.471,0.21,0.22,0.78,0.79,0.01,0.01,75038.79,1776593850000
1776593851.822,151.822,0.21,0.22,0.78,0.79,0.01,0.01,75038.79,1776593850000
1776593852.216,152.216,0.21,0.22,0.78,0.79,0.01,0.01,75038.16,1776593851000
1776593852.629,152.629,0.21,0.22,0.78,0.79,0.01,0.01,75038.16,1776593851000
1776593852.966,152.966,0.21,0.22,0.78,0.79,0.01,0.01,75038.16,1776593851000
1776593853.307,153.307,0.21,0.22,0.78,0.79,0.01,0.01,75037.76,1776593852000
1776593853.645,153.645,0.21,0.22,0.78,0.79,0.01,0.01,75037.76,1776593852000
1776593853.983,153.983,0.21,0.22,0.78,0.79,0.01,0.01,75037.76,1776593852000
1776593854.453,154.453,0.21,0.22,0.78,0.79,0.01,0.01,75036.66,1776593853000
1776593855.068,155.068,0.21,0.22,0.78,0.79,0.01,0.01,75035.29,1776593854000
1776593855.667,155.667,0.21,0.22,0.78,0.79,0.01,0.01,75035.29,1776593854000
1776593856.055,156.055,0.21,0.22,0.78,0.79,0.01,0.01,75035.29,1776593854000
1776593856.423,156.423,0.23,0.24,0.76,0.77,0.01,0.01,75037.17,1776593855000
1776593856.762,156.762,0.23,0.24,0.76,0.77,0.01,0.01,75037.17,1776593855000
1776593857.289,157.289,0.23,0.24,0.76,0.77,0.01,0.01,75037.2,1776593856000
1776593857.635,157.635,0.2,0.21,0.79,0.8,0.01,0.01,75037.2,1776593856000
1776593858.431,158.431,0.2,0.21,0.79,0.8,0.01,0.01,75037.2,1776593856000
1776593858.944,158.944,0.22,0.23,0.78,0.8,0.01,0.02,75037.17,1776593857000
1776593859.322,159.322,0.22,0.24,0.76,0.78,0.02,0.02,75037.17,1776593857000
1776593859.768,159.768,0.22,0.24,0.76,0.78,0.02,0.02,75036.74,1776593858000
1776593860.291,160.291,0.22,0.24,0.76,0.78,0.02,0.02,75036.59,1776593859000
1776593860.926,160.926,0.22,0.23,0.77,0.78,0.01,0.01,75036.59,1776593860000
1776593861.472,161.472,0.22,0.23,0.77,0.78,0.01,0.01,75036.59,1776593860000
1776593861.965,161.965,0.22,0.23,0.77,0.78,0.01,0.01,75036.59,1776593860000
1776593862.484,162.484,0.23,0.24,0.76,0.78,0.01,0.02,75036.65,1776593861000
1776593863.334,163.334,0.23,0.24,0.76,0.77,0.01,0.01,75036.65,1776593861000
1776593863.673,163.673,0.23,0.25,0.76,0.77,0.02,0.01,75036.38,1776593862000
1776593864.035,164.035,0.23,0.24,0.75,0.77,0.01,0.02,75036.38,1776593862000
1776593864.427,164.427,0.23,0.24,0.76,0.77,0.01,0.01,75036.38,1776593863000
1776593865.051,165.051,0.23,0.24,0.76,0.77,0.01,0.01,75036.38,1776593863000
1776593865.439,165.439,0.23,0.24,0.76,0.77,0.01,0.01,75036.37,1776593864000
1776593865.888,165.888,0.23,0.24,0.76,0.77,0.01,0.01,75036.37,1776593864000
1776593866.572,166.572,0.23,0.24,0.76,0.77,0.01,0.01,75036.73,1776593865000
1776593867.271,167.271,0.23,0.24,0.76,0.77,0.01,0.01,75036.73,1776593866000
1776593868.44,168.44,0.23,0.24,0.76,0.77,0.01,0.01,75036.72,1776593867000
1776593869.007,169.007,0.23,0.24,0.76,0.77,0.01,0.01,75036.72,1776593868000
1776593869.869,169.869,0.23,0.24,0.76,0.77,0.01,0.01,75036.72,1776593868000
1776593870.208,170.208,0.23,0.24,0.76,0.77,0.01,0.01,75036.74,1776593869000
1776593871.131,171.131,0.23,0.24,0.76,0.77,0.01,0.01,75036.74,1776593869000
1776593871.824,171.824,0.23,0.24,0.76,0.77,0.01,0.01,75037.69,1776593870000
1776593872.554,172.554,0.23,0.24,0.76,0.77,0.01,0.01,75037.69,1776593871000
1776593872.986,172.986,0.23,0.24,0.76,0.77,0.01,0.01,75037.69,1776593871000
1776593873.525,173.525,0.23,0.24,0.76,0.77,0.01,0.01,75037.69,1776593871000
1776593874.06,174.06,0.23,0.24,0.76,0.77,0.01,0.01,75037.69,1776593872000
1776593874.827,174.827,0.23,0.24,0.76,0.77,0.01,0.01,75037.35,1776593873000
1776593875.396,175.396,0.22,0.24,0.76,0.78,0.02,0.02,75037.35,1776593874000
1776593875.79,175.79,0.23,0.24,0.76,0.78,0.01,0.02,75037.35,1776593874000
1776593877.25,177.25,0.23,0.24,0.76,0.77,0.01,0.01,75037.36,1776593875000
1776593877.848,177.848,0.23,0.24,0.76,0.77,0.01,0.01,75037.36,1776593877000
1776593878.273,178.273,0.22,0.24,0.76,0.77,0.02,0.01,75037.36,1776593877000
1776593879.171,179.171,0.2,0.22,0.78,0.79,0.02,0.01,75037.36,1776593877000
1776593879.521,179.521,0.2,0.21,0.79,0.8,0.01,0.01,75036.98,1776593878000
1776593880.311,180.311,0.19,0.2,0.8,0.81,0.01,0.01,75036.98,1776593878000
1776593880.687,180.687,0.19,0.2,0.8,0.81,0.01,0.01,75036.91,1776593879000
1776593881.098,181.098,0.19,0.2,0.8,0.81,0.01,0.01,75036.91,1776593880000
1776593881.54,181.54,0.19,0.2,0.8,0.81,0.01,0.01,75036.91,1776593880000
1776593882.14,182.14,0.19,0.2,0.8,0.81,0.01,0.01,75036.07,1776593881000
1776593882.57,182.57,0.19,0.2,0.8,0.81,0.01,0.01,75036.07,1776593881000
1776593883.577,183.577,0.19,0.2,0.8,0.81,0.01,0.01,75036.44,1776593882000
1776593883.912,183.912,0.19,0.2,0.8,0.82,0.01,0.02,75036.44,1776593882000
1776593885.35,185.35,0.19,0.2,0.8,0.81,0.01,0.01,75034.82,1776593884000
1776593885.734,185.734,0.19,0.2,0.8,0.81,0.01,0.01,75034.82,1776593884000
1776593886.344,186.344,0.19,0.2,0.8,0.81,0.01,0.01,75034.82,1776593884000
1776593887.117,187.117,0.19,0.2,0.8,0.81,0.01,0.01,75035.68,1776593886000
1776593887.463,187.463,0.19,0.2,0.8,0.81,0.01,0.01,75035.68,1776593886000
1776593887.803,187.803,0.17,0.2,0.8,0.83,0.03,0.03,75035.68,1776593886000
1776593888.469,188.469,0.17,0.2,0.8,0.83,0.03,0.03,75032.31,1776593887000
1776593889.191,189.191,0.17,0.2,0.8,0.83,0.03,0.03,75032.31,1776593887000
1776593890.032,190.032,0.17,0.2,0.8,0.83,0.03,0.03,75030.73,1776593888000
1776593890.582,190.582,0.17,0.2,0.8,0.83,0.03,0.03,75030.72,1776593889000
1776593890.932,190.932,0.17,0.18,0.82,0.83,0.01,0.01,75030.72,1776593889000
1776593891.31,191.31,0.17,0.18,0.82,0.83,0.01,0.01,75030.72,1776593889000
1776593891.648,191.648,0.17,0.18,0.82,0.83,0.01,0.01,75030.72,1776593889000
1776593892.005,192.005,0.17,0.18,0.82,0.83,0.01,0.01,75030.9,1776593890000
1776593892.347,192.347,0.15,0.18,0.84,0.85,0.03,0.01,75030.9,1776593890000
1776593892.872,192.872,0.14,0.15,0.84,0.86,0.01,0.02,75030.7,1776593891000
1776593893.266,193.266,0.14,0.15,0.85,0.86,0.01,0.01,75030.7,1776593891000
1776593893.861,193.861,0.14,0.15,0.85,0.86,0.01,0.01,75030.43,1776593892000
1776593894.204,194.204,0.14,0.15,0.85,0.86,0.01,0.01,75030.43,1776593892000
1776593894.821,194.821,0.13,0.15,0.85,0.87,0.02,0.02,75027.89,1776593893000
1776593895.253,195.253,0.12,0.14,0.86,0.87,0.02,0.01,75027.89,1776593893000
1776593895.683,195.683,0.12,0.13,0.86,0.88,0.01,0.02,75027.96,1776593894000
1776593896.114,196.114,0.12,0.13,0.87,0.88,0.01,0.01,75028.04,1776593895000
1776593896.459,196.459,0.12,0.13,0.87,0.88,0.01,0.01,75028.04,1776593895000
1776593896.962,196.962,0.1,0.11,0.87,0.89,0.01,0.02,75028.04,1776593895000
1776593897.331,197.331,0.09,0.1,0.9,0.91,0.01,0.01,75028.04,1776593895000
1776593897.679,197.679,0.09,0.1,0.9,0.91,0.01,0.01,75026.55,1776593896000
1776593898.11,198.11,0.09,0.1,0.9,0.91,0.01,0.01,75026.55,1776593896000
1776593898.497,198.497,0.1,0.11,0.89,0.9,0.01,0.01,75028.0,1776593897000
1776593899.221,199.221,0.1,0.11,0.89,0.9,0.01,0.01,75028.0,1776593897000
1776593899.559,199.559,0.1,0.11,0.89,0.9,0.01,0.01,75028.0,1776593897000
1776593900.173,200.173,0.1,0.11,0.89,0.9,0.01,0.01,75026.47,1776593898000
1776593900.542,200.542,0.09,0.1,0.89,0.9,0.01,0.01,75027.74,1776593899000
1776593900.886,200.886,0.09,0.1,0.9,0.91,0.01,0.01,75027.74,1776593899000
1776593901.29,201.29,0.09,0.1,0.9,0.91,0.01,0.01,75028.2,1776593900000
1776593901.743,201.743,0.09,0.1,0.9,0.91,0.01,0.01,75028.2,1776593900000
1776593902.131,202.131,0.09,0.1,0.9,0.91,0.01,0.01,75028.2,1776593900000
1776593902.632,202.632,0.09,0.1,0.9,0.91,0.01,0.01,75028.2,1776593900000
1776593902.966,202.966,0.11,0.13,0.88,0.89,0.02,0.01,75028.2,1776593901000
1776593903.324,203.324,0.17,0.18,0.82,0.84,0.01,0.02,75028.2,1776593901000
1776593903.72,203.72,0.17,0.18,0.82,0.83,0.01,0.01,75028.18,1776593902000
1776593904.06,204.06,0.17,0.18,0.82,0.83,0.01,0.01,75028.18,1776593902000
1776593904.475,204.475,0.17,0.18,0.82,0.83,0.01,0.01,75028.18,1776593903000
1776593904.848,204.848,0.17,0.18,0.82,0.83,0.01,0.01,75028.18,1776593903000
1776593905.188,205.188,0.17,0.18,0.82,0.83,0.01,0.01,75028.18,1776593903000
1776593905.579,205.579,0.17,0.18,0.82,0.83,0.01,0.01,75028.18,1776593903000
1776593906.07,206.07,0.16,0.17,0.83,0.84,0.01,0.01,75033.49,1776593904000
1776593906.683,206.683,0.15,0.17,0.83,0.84,0.02,0.01,75033.88,1776593905000
1776593907.313,207.313,0.15,0.16,0.84,0.85,0.01,0.01,75033.88,1776593905000
1776593907.73,207.73,0.14,0.15,0.84,0.86,0.01,0.02,75033.88,1776593905000
1776593908.139,208.139,0.14,0.15,0.85,0.86,0.01,0.01,75035.04,1776593906000
1776593908.628,208.628,0.12,0.15,0.85,0.88,0.03,0.03,75035.41,1776593907000
1776593908.973,208.973,0.11,0.13,0.87,0.88,0.02,0.01,75035.41,1776593907000
1776593909.312,209.312,0.1,0.12,0.88,0.9,0.02,0.02,75035.44,1776593908000
1776593909.72,209.72,0.09,0.1,0.89,0.91,0.01,0.02,75035.44,1776593908000
1776593910.099,210.099,0.09,0.1,0.9,0.91,0.01,0.01,75035.44,1776593908000
1776593910.448,210.448,0.09,0.1,0.9,0.91,0.01,0.01,75033.67,1776593909000
1776593910.856,210.856,0.09,0.1,0.9,0.91,0.01,0.01,75033.67,1776593909000
1776593911.24,211.24,0.09,0.1,0.9,0.91,0.01,0.01,75033.67,1776593909000
1776593911.597,211.597,0.09,0.1,0.9,0.91,0.01,0.01,75030.65,1776593910000
1776593911.93,211.93,0.09,0.1,0.9,0.91,0.01,0.01,75030.65,1776593910000
1776593912.267,212.267,0.09,0.1,0.9,0.91,0.01,0.01,75029.53,1776593911000
1776593912.605,212.605,0.09,0.1,0.9,0.91,0.01,0.01,75029.53,1776593911000
1776593913.038,213.038,0.09,0.1,0.9,0.91,0.01,0.01,75029.53,1776593911000
1776593913.428,213.428,0.09,0.1,0.9,0.91,0.01,0.01,75028.98,1776593912000
1776593913.864,213.864,0.09,0.1,0.9,0.91,0.01,0.01,75029.25,1776593913000
1776593914.385,214.385,0.09,0.1,0.9,0.91,0.01,0.01,75029.25,1776593913000
1776593914.852,214.852,0.09,0.1,0.9,0.92,0.01,0.02,75029.25,1776593913000
1776593915.3,215.3,0.09,0.1,0.9,0.91,0.01,0.01,75029.25,1776593914000
1776593915.914,215.914,0.09,0.1,0.9,0.91,0.01,0.01,75029.05,1776593915000
1776593916.308,216.308,0.09,0.1,0.9,0.91,0.01,0.01,75029.05,1776593915000
1776593916.743,216.743,0.11,0.12,0.88,0.89,0.01,0.01,75029.05,1776593915000
1776593917.086,217.086,0.12,0.15,0.87,0.88,0.03,0.01,75029.12,1776593916000
1776593917.502,217.502,0.15,0.16,0.84,0.86,0.01,0.02,75029.12,1776593916000
1776593917.855,217.855,0.15,0.16,0.84,0.85,0.01,0.01,75029.12,1776593916000
1776593918.228,218.228,0.15,0.16,0.84,0.85,0.01,0.01,75029.12,1776593917000
1776593918.679,218.679,0.15,0.16,0.84,0.85,0.01,0.01,75029.12,1776593917000
1776593919.017,219.017,0.15,0.16,0.84,0.85,0.01,0.01,75030.04,1776593918000
1776593919.351,219.351,0.15,0.16,0.84,0.85,0.01,0.01,75030.04,1776593918000
1776593919.698,219.698,0.15,0.16,0.84,0.85,0.01,0.01,75030.04,1776593918000
1776593920.068,220.068,0.15,0.16,0.84,0.85,0.01,0.01,75035.05,1776593919000
1776593920.438,220.438,0.1,0.12,0.87,0.89,0.02,0.02,75035.05,1776593919000
1776593920.958,220.958,0.1,0.12,0.88,0.89,0.02,0.01,75035.05,1776593919000
1776593921.526,221.526,0.1,0.11,0.89,0.9,0.01,0.01,75035.27,1776593920000
1776593922.006,222.006,0.1,0.11,0.89,0.9,0.01,0.01,75035.25,1776593921000
1776593922.859,222.859,0.1,0.11,0.89,0.9,0.01,0.01,75031.53,1776593922000
1776593923.316,223.316,0.1,0.11,0.89,0.9,0.01,0.01,75031.53,1776593922000
1776593923.909,223.909,0.1,0.11,0.89,0.9,0.01,0.01,75031.53,1776593922000
1776593924.284,224.284,0.1,0.11,0.89,0.9,0.01,0.01,75030.42,1776593923000
1776593925.059,225.059,0.1,0.11,0.89,0.9,0.01,0.01,75030.42,1776593923000
1776593925.577,225.577,0.1,0.11,0.89,0.9,0.01,0.01,75030.42,1776593923000
1776593925.996,225.996,0.1,0.11,0.89,0.9,0.01,0.01,75030.28,1776593924000
1776593926.55,226.55,0.09,0.1,0.9,0.91,0.01,0.01,75032.44,1776593925000
1776593926.912,226.912,0.09,0.1,0.9,0.91,0.01,0.01,75032.42,1776593926000
1776593927.296,227.296,0.08,0.09,0.91,0.92,0.01,0.01,75032.42,1776593926000
1776593927.631,227.631,0.06,0.07,0.91,0.94,0.01,0.03,75032.42,1776593926000
1776593928.015,228.015,0.06,0.07,0.93,0.94,0.01,0.01,75032.42,1776593926000
1776593928.531,228.531,0.06,0.07,0.93,0.94,0.01,0.01,75030.27,1776593927000
1776593928.866,228.866,0.06,0.07,0.93,0.94,0.01,0.01,75030.27,1776593927000
1776593929.392,229.392,0.06,0.07,0.93,0.94,0.01,0.01,75030.05,1776593928000
1776593929.893,229.893,0.06,0.07,0.93,0.94,0.01,0.01,75030.05,1776593928000
1776593930.547,230.547,0.06,0.07,0.93,0.94,0.01,0.01,75029.54,1776593929000
1776593930.958,230.958,0.09,0.1,0.89,0.91,0.01,0.02,75029.54,1776593929000
1776593931.348,231.348,0.12,0.13,0.87,0.9,0.01,0.03,75027.6,1776593930000
1776593931.688,231.688,0.12,0.13,0.87,0.88,0.01,0.01,75027.6,1776593930000
1776593932.094,232.094,0.12,0.13,0.87,0.88,0.01,0.01,75028.34,1776593931000
1776593932.441,232.441,0.12,0.13,0.87,0.88,0.01,0.01,75028.34,1776593931000
1776593932.948,232.948,0.12,0.13,0.87,0.88,0.01,0.01,75028.34,1776593931000
1776593933.327,233.327,0.11,0.12,0.88,0.89,0.01,0.01,75034.95,1776593932000
1776593933.942,233.942,0.09,0.1,0.9,0.91,0.01,0.01,75034.95,1776593932000
1776593934.68,234.68,0.08,0.09,0.91,0.92,0.01,0.01,75035.27,1776593933000
1776593935.352,235.352,0.07,0.08,0.91,0.92,0.01,0.01,75035.27,1776593933000
1776593935.793,235.793,0.07,0.08,0.92,0.93,0.01,0.01,75034.45,1776593934000
1776593936.276,236.276,0.07,0.08,0.92,0.93,0.01,0.01,75033.59,1776593935000
1776593936.678,236.678,0.07,0.08,0.92,0.93,0.01,0.01,75033.59,1776593935000
1776593937.189,237.189,0.07,0.08,0.92,0.93,0.01,0.01,75033.59,1776593936000
1776593937.805,237.805,0.07,0.08,0.92,0.93,0.01,0.01,75033.59,1776593936000
1776593938.151,238.151,0.07,0.08,0.92,0.93,0.01,0.01,75033.59,1776593936000
1776593938.507,238.507,0.07,0.08,0.92,0.93,0.01,0.01,75033.61,1776593937000
1776593938.84,238.84,0.07,0.08,0.92,0.93,0.01,0.01,75033.61,1776593937000
1776593939.189,239.189,0.07,0.08,0.92,0.93,0.01,0.01,75033.61,1776593938000
1776593939.573,239.573,0.07,0.08,0.92,0.93,0.01,0.01,75033.61,1776593938000
1776593940.026,240.026,0.07,0.08,0.92,0.93,0.01,0.01,75033.61,1776593938000
1776593940.429,240.429,0.07,0.08,0.92,0.93,0.01,0.01,75033.98,1776593939000
1776593940.931,240.931,0.07,0.08,0.92,0.93,0.01,0.01,75033.98,1776593939000
1776593941.33,241.33,0.08,0.09,0.92,0.93,0.01,0.01,75034.01,1776593940000
1776593941.757,241.757,0.08,0.09,0.91,0.92,0.01,0.01,75034.01,1776593940000
1776593942.132,242.132,0.08,0.09,0.91,0.92,0.01,0.01,75033.72,1776593941000
1776593942.52,242.52,0.08,0.09,0.91,0.92,0.01,0.01,75033.72,1776593941000
1776593943.03,243.03,0.08,0.09,0.91,0.92,0.01,0.01,75033.72,1776593941000
1776593943.531,243.531,0.08,0.09,0.91,0.92,0.01,0.01,75033.82,1776593942000
1776593944.049,244.049,0.08,0.09,0.91,0.92,0.01,0.01,75035.22,1776593943000
1776593944.394,244.394,0.08,0.09,0.91,0.92,0.01,0.01,75035.22,1776593943000
1776593944.847,244.847,0.08,0.09,0.91,0.92,0.01,0.01,75035.22,1776593943000
1776593945.268,245.268,0.08,0.09,0.91,0.92,0.01,0.01,75035.21,1776593944000
1776593945.65,245.65,0.1,0.11,0.91,0.92,0.01,0.01,75035.21,1776593944000
1776593946.031,246.031,0.16,0.17,0.83,0.86,0.01,0.03,75035.21,1776593944000
1776593946.392,246.392,0.16,0.17,0.83,0.84,0.01,0.01,75035.06,1776593945000
1776593946.828,246.828,0.16,0.17,0.83,0.84,0.01,0.01,75035.06,1776593945000
1776593947.405,247.405,0.16,0.17,0.83,0.84,0.01,0.01,75035.06,1776593946000
1776593947.81,247.81,0.14,0.15,0.83,0.84,0.01,0.01,75035.06,1776593946000
1776593948.207,248.207,0.16,0.17,0.85,0.86,0.01,0.01,75038.22,1776593947000
1776593948.599,248.599,0.16,0.17,0.83,0.84,0.01,0.01,75038.22,1776593947000
1776593949.313,249.313,0.16,0.17,0.83,0.84,0.01,0.01,75038.22,1776593947000
1776593949.682,249.682,0.16,0.17,0.83,0.84,0.01,0.01,75041.27,1776593948000
1776593950.083,250.083,0.16,0.17,0.83,0.84,0.01,0.01,75041.27,1776593949000
1776593950.444,250.444,0.19,0.2,0.8,0.81,0.01,0.01,75041.27,1776593949000
1776593950.811,250.811,0.19,0.2,0.8,0.81,0.01,0.01,75041.27,1776593949000
1776593951.214,251.214,0.19,0.2,0.8,0.81,0.01,0.01,75041.24,1776593950000
1776593951.56,251.56,0.18,0.19,0.81,0.82,0.01,0.01,75041.24,1776593950000
1776593951.981,251.981,0.18,0.19,0.81,0.82,0.01,0.01,75042.71,1776593951000
1776593952.339,252.339,0.18,0.19,0.81,0.82,0.01,0.01,75042.71,1776593951000
1776593952.871,252.871,0.18,0.19,0.81,0.82,0.01,0.01,75044.5,1776593952000
1776593953.322,253.322,0.18,0.19,0.81,0.82,0.01,0.01,75044.5,1776593952000
1776593953.677,253.677,0.18,0.19,0.81,0.82,0.01,0.01,75044.5,1776593952000
1776593954.044,254.044,0.18,0.19,0.81,0.84,0.01,0.03,75044.5,1776593952000
1776593954.401,254.401,0.19,0.2,0.8,0.81,0.01,0.01,75046.15,1776593953000
1776593954.79,254.79,0.19,0.2,0.8,0.81,0.01,0.01,75046.15,1776593953000
1776593955.137,255.137,0.19,0.2,0.8,0.81,0.01,0.01,75046.15,1776593953000
1776593955.473,255.473,0.08,0.15,0.85,0.92,0.07,0.07,75046.17,1776593954000
1776593955.917,255.917,0.09,0.1,0.9,0.91,0.01,0.01,75046.17,1776593954000
1776593956.373,256.373,0.07,0.1,0.9,0.93,0.03,0.03,75045.77,1776593955000
1776593956.756,256.756,0.07,0.08,0.92,0.93,0.01,0.01,75045.77,1776593955000
1776593957.091,257.091,0.07,0.08,0.92,0.93,0.01,0.01,75045.77,1776593955000
1776593957.475,257.475,0.07,0.08,0.92,0.93,0.01,0.01,75045.33,1776593956000
1776593957.808,257.808,0.07,0.08,0.92,0.93,0.01,0.01,75045.33,1776593956000
1776593958.277,258.277,0.07,0.08,0.92,0.93,0.01,0.01,75041.87,1776593957000
1776593958.644,258.644,0.06,0.07,0.92,0.94,0.01,0.02,75041.87,1776593957000
1776593959.154,259.154,0.06,0.07,0.93,0.94,0.01,0.01,75041.87,1776593957000
1776593959.501,259.501,0.06,0.07,0.93,0.94,0.01,0.01,75040.45,1776593958000
1776593959.857,259.857,0.06,0.07,0.93,0.94,0.01,0.01,75040.45,1776593958000
1776593960.193,260.193,0.06,0.07,0.93,0.94,0.01,0.01,75040.45,1776593958000
1776593960.595,260.595,0.06,0.07,0.93,0.94,0.01,0.01,75040.07,1776593959000
1776593960.937,260.937,0.06,0.07,0.93,0.94,0.01,0.01,75040.07,1776593959000
1776593961.416,261.416,0.06,0.07,0.93,0.94,0.01,0.01,75040.07,1776593959000
1776593961.943,261.943,0.06,0.07,0.93,0.94,0.01,0.01,75039.05,1776593960000
1776593962.336,262.336,0.05,0.06,0.94,0.95,0.01,0.01,75039.05,1776593960000
1776593962.731,262.731,0.06,0.07,0.92,0.95,0.01,0.03,75038.86,1776593961000
1776593963.073,263.073,0.05,0.06,0.94,0.95,0.01,0.01,75038.86,1776593962000
1776593963.512,263.512,0.05,0.06,0.94,0.95,0.01,0.01,75038.86,1776593962000
1776593963.87,263.87,0.05,0.08,0.94,0.95,0.03,0.01,75038.86,1776593962000
1776593964.523,264.523,0.05,0.06,0.94,0.95,0.01,0.01,75038.52,1776593963000
1776593964.921,264.921,0.04,0.05,0.94,0.95,0.01,0.01,75038.52,1776593963000
1776593965.278,265.278,0.04,0.05,0.95,0.96,0.01,0.01,75038.45,1776593964000
1776593965.624,265.624,0.04,0.05,0.95,0.96,0.01,0.01,75038.45,1776593964000
1776593966.003,266.003,0.04,0.05,0.95,0.96,0.01,0.01,75038.45,1776593964000
1776593966.528,266.528,0.04,0.05,0.95,0.96,0.01,0.01,75038.3,1776593965000
1776593966.909,266.909,0.03,0.04,0.96,0.97,0.01,0.01,75038.3,1776593965000
1776593967.344,267.344,0.03,0.04,0.96,0.97,0.01,0.01,75034.43,1776593966000
1776593967.736,267.736,0.03,0.04,0.96,0.97,0.01,0.01,75034.43,1776593966000
1776593968.234,268.234,0.03,0.04,0.96,0.97,0.01,0.01,75033.81,1776593967000
1776593968.73,268.73,0.03,0.04,0.96,0.97,0.01,0.01,75033.81,1776593967000
1776593969.143,269.143,0.03,0.04,0.96,0.97,0.01,0.01,75033.0,1776593968000
1776593969.583,269.583,0.03,0.04,0.96,0.97,0.01,0.01,75033.0,1776593968000
1776593969.971,269.971,0.03,0.04,0.96,0.97,0.01,0.01,75033.12,1776593969000
1776593970.35,270.35,0.03,0.04,0.96,0.97,0.01,0.01,75033.12,1776593969000
1776593970.708,270.708,0.03,0.04,0.96,0.97,0.01,0.01,75033.12,1776593969000
1776593971.151,271.151,0.02,0.03,0.97,0.98,0.01,0.01,75032.31,1776593970000
1776593971.503,271.503,0.03,0.04,0.96,0.97,0.01,0.01,75032.31,1776593970000
1776593971.859,271.859,0.02,0.03,0.96,0.97,0.01,0.01,75032.31,1776593970000
1776593972.334,272.334,0.03,0.04,0.95,0.98,0.01,0.03,75033.09,1776593971000
1776593972.677,272.677,0.02,0.03,0.97,0.98,0.01,0.01,75033.09,1776593971000
1776593973.073,273.073,0.02,0.03,0.97,0.98,0.01,0.01,75033.45,1776593972000
1776593973.495,273.495,0.02,0.03,0.97,0.98,0.01,0.01,75033.45,1776593972000
1776593973.94,273.94,0.01,0.02,0.98,0.99,0.01,0.01,75033.46,1776593973000
1776593974.308,274.308,0.01,0.02,0.98,0.99,0.01,0.01,75033.46,1776593973000
1776593974.653,274.653,0.01,0.02,0.98,0.99,0.01,0.01,75033.46,1776593973000
1776593975.041,275.041,0.01,0.02,0.98,0.99,0.01,0.01,75033.2,1776593974000
1776593975.598,275.598,0.01,0.02,0.98,0.99,0.01,0.01,75033.2,1776593974000
1776593976.184,276.184,0.01,0.02,0.98,0.99,0.01,0.01,75032.73,1776593975000
1776593976.592,276.592,0.01,0.02,0.98,0.99,0.01,0.01,75032.73,1776593975000
1776593977.07,277.07,0.01,0.02,0.98,0.99,0.01,0.01,75032.73,1776593975000
1776593977.479,277.479,0.01,0.02,0.98,0.99,0.01,0.01,75032.8,1776593976000
1776593978.004,278.004,0.01,0.02,0.98,0.99,0.01,0.01,75032.8,1776593976000
1776593978.447,278.447,0.01,0.02,0.98,0.99,0.01,0.01,75032.93,1776593977000
1776593978.823,278.823,0.01,0.02,0.98,0.99,0.01,0.01,75032.93,1776593977000
1776593979.18,279.18,0.01,0.02,0.98,0.99,0.01,0.01,75032.91,1776593978000
1776593979.808,279.808,0.01,0.02,0.98,0.99,0.01,0.01,75032.91,1776593978000
1776593980.282,280.282,0.01,0.02,0.98,0.99,0.01,0.01,75032.79,1776593979000
1776593980.861,280.861,0.01,0.02,0.98,0.99,0.01,0.01,75032.79,1776593979000
1776593981.273,281.273,0.01,0.02,0.98,0.99,0.01,0.01,75032.79,1776593979000
1776593981.618,281.618,0.01,0.02,0.98,0.99,0.01,0.01,75032.84,1776593980000
1776593982.01,282.01,0.01,0.02,0.98,0.99,0.01,0.01,75032.83,1776593981000
1776593982.346,282.346,0.01,0.02,0.98,0.99,0.01,0.01,75032.83,1776593981000
1776593982.762,282.762,0.01,0.02,0.98,0.99,0.01,0.01,75032.83,1776593981000
1776593983.202,283.202,0.01,0.02,0.98,0.99,0.01,0.01,75032.81,1776593982000
1776593983.753,283.753,0.01,0.02,0.98,0.99,0.01,0.01,75032.81,1776593982000
1776593984.136,284.136,0.01,0.02,0.98,0.99,0.01,0.01,75032.91,1776593983000
1776593984.981,284.981,0.01,0.02,0.98,0.99,0.01,0.01,75032.91,1776593983000
1776593985.314,285.314,0.01,0.02,0.98,0.99,0.01,0.01,75032.91,1776593983000
1776593985.67,285.67,0.01,0.02,0.98,0.99,0.01,0.01,75032.92,1776593984000
1776593986.015,286.015,0.01,0.02,0.98,0.99,0.01,0.01,75032.92,1776593984000
1776593986.358,286.358,0.01,0.02,0.98,0.99,0.01,0.01,75033.01,1776593985000
1776593986.73,286.73,0.01,0.02,0.98,0.99,0.01,0.01,75033.01,1776593985000
1776593987.256,287.256,0.01,0.02,0.98,0.99,0.01,0.01,75033.04,1776593986000
1776593987.679,287.679,0.01,0.01,0.98,0.99,0.0,0.01,75033.04,1776593986000
1776593988.021,288.021,0.01,0.01,0.99,0.99,0.0,0.0,75033.04,1776593987000
1776593988.537,288.537,0.01,0.01,0.99,0.99,0.0,0.0,75033.04,1776593987000
1776593989.189,289.189,0.01,0.01,0.99,0.99,0.0,0.0,75033.04,1776593987000
1776593989.969,289.969,0.01,0.01,0.99,0.99,0.0,0.0,75033.05,1776593988000
1776593990.386,290.386,0.01,0.01,0.99,0.99,0.0,0.0,75033.05,1776593988000
1776593991.162,291.162,0.01,0.01,0.99,0.99,0.0,0.0,75033.24,1776593989000
1776593991.56,291.56,0.01,0.01,0.99,0.99,0.0,0.0,75034.0,1776593990000
1776593992.122,292.122,0.01,0.01,0.99,0.99,0.0,0.0,75034.01,1776593991000
1776593992.627,292.627,0.01,0.01,0.99,0.99,0.0,0.0,75034.01,1776593991000
1776593993.291,293.291,0.01,0.01,0.99,0.99,0.0,0.0,75034.01,1776593991000
1776593993.97,293.97,0.01,0.01,0.99,0.99,0.0,0.0,75034.01,1776593992000
1776593994.613,294.613,0.01,0.01,0.99,0.99,0.0,0.0,75033.99,1776593993000
1776593995.022,295.022,0.01,0.01,0.99,0.99,0.0,0.0,75033.99,1776593993000
1776593995.616,295.616,0.01,0.01,0.99,0.99,0.0,0.0,75033.99,1776593994000
1776593996.016,296.016,0.01,0.01,0.99,0.99,0.0,0.0,75033.99,1776593994000
1776593996.929,296.929,0.01,0.01,0.99,0.99,0.0,0.0,75033.99,1776593995000
1776593997.409,297.409,0.01,0.01,0.99,0.99,0.0,0.0,75034.0,1776593996000
1776593997.857,297.857,0.01,0.01,0.99,0.99,0.0,0.0,75034.0,1776593996000
1776593998.806,298.806,0.01,0.01,0.99,0.99,0.0,0.0,75034.02,1776593997000
1776593999.833,299.833,0.01,0.01,0.99,0.99,0.0,0.0,75036.76,1776593998000
1776594000.266,300.266,0.01,0.01,0.99,0.99,0.0,0.0,75038.51,1776593999000
1776594000.688,300.688,0.01,0.01,0.99,0.99,0.0,0.0,75038.51,1776593999000

# RESULT,winner=Down,slug=btc-updown-5m-1776593700,ticks=628
