timestamp,elapsed_sec,up_bid,up_ask,down_bid,down_ask,up_spread,down_spread,btc_price,btc_oracle_ts
1776769200.516,0.516,0.42,0.46,0.57,0.58,0.04,0.01,76771.8,1776769199000
1776769200.849,0.849,0.47,0.48,0.52,0.53,0.01,0.01,76771.8,1776769199000
1776769201.221,1.221,0.47,0.5,0.5,0.53,0.03,0.03,76771.8,1776769199000
1776769201.573,1.573,0.48,0.51,0.5,0.52,0.03,0.02,76771.8,1776769199000
1776769201.921,1.921,0.48,0.51,0.49,0.52,0.03,0.03,76771.76,1776769200000
1776769202.278,2.278,0.49,0.55,0.45,0.51,0.06,0.06,76771.76,1776769200000
1776769202.633,2.633,0.5,0.53,0.45,0.5,0.03,0.05,76771.76,1776769200000
1776769203.018,3.018,0.5,0.52,0.47,0.5,0.02,0.03,76771.8,1776769201000
1776769203.826,3.826,0.5,0.51,0.48,0.5,0.01,0.02,76771.8,1776769201000
1776769204.166,4.166,0.5,0.51,0.49,0.5,0.01,0.01,76781.43,1776769202000
1776769204.553,4.553,0.5,0.51,0.49,0.5,0.01,0.01,76781.43,1776769202000
1776769205.101,5.101,0.5,0.52,0.48,0.5,0.02,0.02,76781.57,1776769203000
1776769205.439,5.439,0.5,0.52,0.48,0.5,0.02,0.02,76781.57,1776769203000
1776769205.865,5.865,0.51,0.52,0.48,0.5,0.01,0.02,76781.57,1776769203000
1776769206.224,6.224,0.51,0.52,0.48,0.49,0.01,0.01,76780.8,1776769204000
1776769206.662,6.662,0.5,0.52,0.48,0.5,0.02,0.02,76780.8,1776769204000
1776769207.012,7.012,0.51,0.52,0.48,0.5,0.01,0.02,76780.96,1776769205000
1776769207.473,7.473,0.51,0.55,0.45,0.49,0.04,0.04,76780.96,1776769205000
1776769207.834,7.834,0.51,0.52,0.48,0.49,0.01,0.01,76780.96,1776769205000
1776769208.404,8.404,0.51,0.52,0.48,0.49,0.01,0.01,76781.01,1776769206000
1776769208.779,8.779,0.51,0.52,0.48,0.49,0.01,0.01,76780.06,1776769207000
1776769209.21,9.21,0.51,0.52,0.48,0.49,0.01,0.01,76780.06,1776769207000
1776769209.544,9.544,0.21,0.41,0.59,0.62,0.2,0.03,76780.06,1776769207000
1776769209.924,9.924,0.43,0.44,0.53,0.57,0.01,0.04,76779.06,1776769208000
1776769210.277,10.277,0.43,0.44,0.56,0.57,0.01,0.01,76779.06,1776769208000
1776769210.68,10.68,0.43,0.44,0.56,0.57,0.01,0.01,76779.01,1776769209000
1776769211.022,11.022,0.43,0.44,0.56,0.57,0.01,0.01,76779.01,1776769209000
1776769211.563,11.563,0.43,0.44,0.56,0.57,0.01,0.01,76775.42,1776769210000
1776769211.931,11.931,0.44,0.45,0.56,0.57,0.01,0.01,76775.42,1776769210000
1776769212.286,12.286,0.44,0.46,0.54,0.56,0.02,0.02,76775.42,1776769210000
1776769212.966,12.966,0.44,0.47,0.53,0.56,0.03,0.03,76771.19,1776769211000
1776769213.319,13.319,0.44,0.45,0.55,0.56,0.01,0.01,76771.19,1776769211000
1776769213.733,13.733,0.44,0.46,0.55,0.56,0.02,0.01,76771.19,1776769211000
1776769214.379,14.379,0.44,0.45,0.55,0.56,0.01,0.01,76771.55,1776769212000
1776769214.725,14.725,0.44,0.45,0.55,0.56,0.01,0.01,76771.55,1776769212000
1776769215.094,15.094,0.44,0.45,0.55,0.56,0.01,0.01,76771.55,1776769212000
1776769215.591,15.591,0.44,0.45,0.55,0.56,0.01,0.01,76772.11,1776769213000
1776769216.058,16.058,0.44,0.45,0.55,0.56,0.01,0.01,76772.11,1776769213000
1776769216.623,16.623,0.44,0.45,0.55,0.56,0.01,0.01,76772.37,1776769214000
1776769216.963,16.963,0.38,0.4,0.6,0.62,0.02,0.02,76772.37,1776769214000
1776769217.319,17.319,0.38,0.39,0.61,0.62,0.01,0.01,76772.37,1776769214000
1776769217.661,17.661,0.38,0.39,0.61,0.62,0.01,0.01,76771.51,1776769215000
1776769217.997,17.997,0.23,0.33,0.67,0.77,0.1,0.1,76771.51,1776769215000
1776769218.337,18.337,0.17,0.23,0.77,0.83,0.06,0.06,76771.13,1776769217000
1776769218.678,18.678,0.2,0.28,0.72,0.8,0.08,0.08,76771.13,1776769217000
1776769219.163,19.163,0.3,0.33,0.67,0.7,0.03,0.03,76763.8,1776769218000
1776769219.507,19.507,0.3,0.33,0.67,0.7,0.03,0.03,76763.8,1776769218000
1776769219.937,19.937,0.3,0.31,0.69,0.7,0.01,0.01,76763.8,1776769218000
1776769220.382,20.382,0.29,0.31,0.69,0.7,0.02,0.01,76763.8,1776769218000
1776769220.725,20.725,0.29,0.32,0.68,0.71,0.03,0.03,76763.8,1776769218000
1776769221.077,21.077,0.2,0.23,0.77,0.8,0.03,0.03,76763.8,1776769218000
1776769221.548,21.548,0.2,0.23,0.77,0.8,0.03,0.03,76734.86,1776769219000
1776769222.006,22.006,0.22,0.32,0.77,0.8,0.1,0.03,76734.86,1776769219000
1776769222.343,22.343,0.22,0.25,0.75,0.78,0.03,0.03,76733.88,1776769220000
1776769222.843,22.843,0.22,0.27,0.73,0.78,0.05,0.05,76733.88,1776769220000
1776769223.225,23.225,0.19,0.2,0.8,0.81,0.01,0.01,76733.88,1776769220000
1776769223.565,23.565,0.3,0.33,0.67,0.69,0.03,0.02,76733.98,1776769221000
1776769223.929,23.929,0.27,0.32,0.68,0.73,0.05,0.05,76733.98,1776769221000
1776769224.303,24.303,0.3,0.31,0.69,0.72,0.01,0.03,76734.66,1776769222000
1776769224.651,24.651,0.3,0.31,0.69,0.7,0.01,0.01,76734.66,1776769222000
1776769224.986,24.986,0.3,0.31,0.69,0.7,0.01,0.01,76735.8,1776769223000
1776769225.319,25.319,0.3,0.31,0.69,0.7,0.01,0.01,76736.1,1776769224000
1776769225.677,25.677,0.3,0.31,0.69,0.7,0.01,0.01,76736.1,1776769224000
1776769226.016,26.016,0.3,0.31,0.69,0.7,0.01,0.01,76736.1,1776769224000
1776769226.392,26.392,0.3,0.31,0.69,0.7,0.01,0.01,76736.1,1776769224000
1776769227.123,27.123,0.3,0.31,0.69,0.7,0.01,0.01,76736.1,1776769224000
1776769227.458,27.458,0.3,0.31,0.69,0.7,0.01,0.01,76736.17,1776769226000
1776769228.461,28.461,0.26,0.28,0.72,0.74,0.02,0.02,76735.62,1776769227000
1776769228.941,28.941,0.27,0.28,0.72,0.74,0.01,0.02,76735.62,1776769227000
1776769229.35,29.35,0.27,0.28,0.72,0.73,0.01,0.01,76735.62,1776769227000
1776769229.691,29.691,0.27,0.28,0.72,0.73,0.01,0.01,76734.38,1776769228000
1776769230.091,30.091,0.27,0.28,0.72,0.73,0.01,0.01,76734.13,1776769229000
1776769230.485,30.485,0.27,0.29,0.71,0.73,0.02,0.02,76734.13,1776769229000
1776769231.077,31.077,0.28,0.29,0.71,0.72,0.01,0.01,76733.65,1776769230000
1776769231.411,31.411,0.28,0.29,0.71,0.72,0.01,0.01,76733.65,1776769230000
1776769231.778,31.778,0.28,0.29,0.71,0.72,0.01,0.01,76733.65,1776769230000
1776769232.137,32.137,0.28,0.29,0.71,0.72,0.01,0.01,76734.55,1776769231000
1776769232.487,32.487,0.28,0.29,0.71,0.72,0.01,0.01,76734.55,1776769231000
1776769232.869,32.869,0.28,0.29,0.71,0.72,0.01,0.01,76734.55,1776769231000
1776769233.217,33.217,0.28,0.29,0.71,0.72,0.01,0.01,76734.55,1776769231000
1776769233.759,33.759,0.28,0.29,0.71,0.72,0.01,0.01,76735.06,1776769232000
1776769234.224,34.224,0.28,0.29,0.71,0.72,0.01,0.01,76735.06,1776769232000
1776769234.636,34.636,0.28,0.29,0.71,0.72,0.01,0.01,76735.03,1776769233000
1776769234.981,34.981,0.25,0.28,0.72,0.75,0.03,0.03,76734.98,1776769234000
1776769235.343,35.343,0.25,0.26,0.74,0.75,0.01,0.01,76734.98,1776769234000
1776769236.111,36.111,0.25,0.26,0.74,0.75,0.01,0.01,76734.87,1776769235000
1776769236.815,36.815,0.25,0.26,0.74,0.75,0.01,0.01,76734.87,1776769235000
1776769237.158,37.158,0.25,0.27,0.74,0.75,0.02,0.01,76734.87,1776769235000
1776769237.518,37.518,0.25,0.26,0.74,0.75,0.01,0.01,76732.38,1776769236000
1776769238.01,38.01,0.25,0.26,0.74,0.75,0.01,0.01,76732.38,1776769236000
1776769238.349,38.349,0.26,0.27,0.73,0.74,0.01,0.01,76731.59,1776769237000
1776769238.717,38.717,0.27,0.28,0.73,0.74,0.01,0.01,76731.59,1776769237000
1776769239.089,39.089,0.27,0.28,0.72,0.73,0.01,0.01,76731.59,1776769238000
1776769239.822,39.822,0.27,0.28,0.72,0.73,0.01,0.01,76731.59,1776769238000
1776769240.156,40.156,0.3,0.32,0.7,0.71,0.02,0.01,76731.67,1776769239000
1776769240.527,40.527,0.31,0.32,0.68,0.69,0.01,0.01,76731.67,1776769239000
1776769240.915,40.915,0.31,0.32,0.68,0.69,0.01,0.01,76731.67,1776769239000
1776769241.27,41.27,0.31,0.32,0.68,0.69,0.01,0.01,76731.67,1776769239000
1776769241.771,41.771,0.31,0.32,0.68,0.69,0.01,0.01,76731.67,1776769239000
1776769242.183,42.183,0.31,0.33,0.67,0.69,0.02,0.02,76733.66,1776769241000
1776769242.594,42.594,0.31,0.33,0.67,0.69,0.02,0.02,76733.66,1776769241000
1776769242.938,42.938,0.31,0.33,0.67,0.69,0.02,0.02,76733.66,1776769241000
1776769243.29,43.29,0.31,0.33,0.67,0.69,0.02,0.02,76736.55,1776769242000
1776769243.684,43.684,0.31,0.33,0.68,0.69,0.02,0.01,76736.55,1776769242000
1776769244.047,44.047,0.31,0.32,0.68,0.69,0.01,0.01,76736.55,1776769242000
1776769244.386,44.386,0.31,0.32,0.68,0.69,0.01,0.01,76736.77,1776769243000
1776769244.884,44.884,0.31,0.32,0.68,0.69,0.01,0.01,76736.77,1776769243000
1776769245.264,45.264,0.31,0.32,0.68,0.69,0.01,0.01,76736.88,1776769244000
1776769245.689,45.689,0.32,0.33,0.67,0.68,0.01,0.01,76736.88,1776769244000
1776769246.034,46.034,0.32,0.33,0.67,0.68,0.01,0.01,76739.05,1776769245000
1776769246.425,46.425,0.32,0.33,0.67,0.68,0.01,0.01,76739.05,1776769245000
1776769246.89,46.89,0.29,0.3,0.69,0.71,0.01,0.02,76739.05,1776769245000
1776769247.294,47.294,0.29,0.3,0.7,0.71,0.01,0.01,76739.01,1776769246000
1776769247.645,47.645,0.27,0.3,0.7,0.73,0.03,0.03,76739.01,1776769246000
1776769248.075,48.075,0.28,0.29,0.71,0.72,0.01,0.01,76739.01,1776769246000
1776769248.421,48.421,0.28,0.29,0.71,0.72,0.01,0.01,76737.44,1776769247000
1776769248.804,48.804,0.28,0.29,0.71,0.72,0.01,0.01,76737.44,1776769247000
1776769249.142,49.142,0.28,0.29,0.71,0.72,0.01,0.01,76736.9,1776769248000
1776769249.591,49.591,0.28,0.29,0.71,0.72,0.01,0.01,76736.9,1776769248000
1776769249.974,49.974,0.28,0.29,0.71,0.72,0.01,0.01,76734.87,1776769249000
1776769250.341,50.341,0.27,0.29,0.71,0.72,0.02,0.01,76734.87,1776769249000
1776769250.676,50.676,0.27,0.29,0.71,0.73,0.02,0.02,76734.87,1776769249000
1776769251.085,51.085,0.27,0.28,0.71,0.73,0.01,0.02,76734.22,1776769250000
1776769251.451,51.451,0.27,0.28,0.72,0.73,0.01,0.01,76734.22,1776769250000
1776769251.964,51.964,0.27,0.28,0.72,0.73,0.01,0.01,76734.85,1776769251000
1776769252.346,52.346,0.27,0.28,0.72,0.73,0.01,0.01,76734.85,1776769251000
1776769252.781,52.781,0.27,0.28,0.72,0.73,0.01,0.01,76734.85,1776769251000
1776769253.178,53.178,0.27,0.28,0.72,0.73,0.01,0.01,76734.84,1776769252000
1776769253.692,53.692,0.27,0.28,0.72,0.73,0.01,0.01,76734.84,1776769252000
1776769254.101,54.101,0.27,0.28,0.72,0.73,0.01,0.01,76734.84,1776769252000
1776769254.546,54.546,0.27,0.28,0.72,0.73,0.01,0.01,76733.96,1776769253000
1776769254.936,54.936,0.33,0.35,0.66,0.67,0.02,0.01,76733.96,1776769253000
1776769255.275,55.275,0.34,0.38,0.64,0.67,0.04,0.03,76733.96,1776769253000
1776769255.62,55.62,0.35,0.38,0.62,0.65,0.03,0.03,76733.96,1776769254000
1776769256.027,56.027,0.35,0.38,0.62,0.65,0.03,0.03,76733.96,1776769254000
1776769256.396,56.396,0.35,0.38,0.62,0.65,0.03,0.03,76734.82,1776769255000
1776769256.998,56.998,0.34,0.35,0.62,0.66,0.01,0.04,76734.82,1776769255000
1776769257.433,57.433,0.34,0.39,0.61,0.66,0.05,0.05,76745.55,1776769256000
1776769258.06,58.06,0.37,0.39,0.61,0.63,0.02,0.02,76745.8,1776769257000
1776769258.407,58.407,0.36,0.39,0.62,0.64,0.03,0.02,76745.8,1776769257000
1776769258.848,58.848,0.38,0.39,0.61,0.66,0.01,0.05,76745.8,1776769257000
1776769259.197,59.197,0.38,0.39,0.59,0.62,0.01,0.03,76745.8,1776769257000
1776769259.562,59.562,0.37,0.39,0.62,0.63,0.02,0.01,76752.01,1776769258000
1776769259.965,59.965,0.38,0.39,0.61,0.62,0.01,0.01,76752.01,1776769258000
1776769260.426,60.426,0.39,0.4,0.6,0.62,0.01,0.02,76750.0,1776769259000
1776769260.78,60.78,0.39,0.4,0.6,0.61,0.01,0.01,76750.0,1776769259000
1776769261.221,61.221,0.39,0.4,0.6,0.61,0.01,0.01,76750.0,1776769259000
1776769261.56,61.56,0.35,0.37,0.63,0.64,0.02,0.01,76750.81,1776769260000
1776769261.933,61.933,0.34,0.36,0.64,0.65,0.02,0.01,76750.81,1776769260000
1776769262.281,62.281,0.34,0.35,0.65,0.66,0.01,0.01,76750.81,1776769261000
1776769262.616,62.616,0.32,0.33,0.67,0.69,0.01,0.02,76750.81,1776769261000
1776769263.025,63.025,0.31,0.32,0.68,0.69,0.01,0.01,76750.81,1776769261000
1776769263.448,63.448,0.31,0.32,0.68,0.69,0.01,0.01,76749.4,1776769262000
1776769263.798,63.798,0.31,0.32,0.68,0.69,0.01,0.01,76749.4,1776769262000
1776769264.277,64.277,0.31,0.32,0.68,0.69,0.01,0.01,76745.96,1776769263000
1776769264.862,64.862,0.31,0.32,0.68,0.69,0.01,0.01,76745.96,1776769263000
1776769265.358,65.358,0.31,0.32,0.68,0.69,0.01,0.01,76741.92,1776769264000
1776769265.889,65.889,0.31,0.32,0.68,0.69,0.01,0.01,76741.92,1776769264000
1776769266.247,66.247,0.31,0.32,0.68,0.69,0.01,0.01,76741.92,1776769264000
1776769266.589,66.589,0.31,0.32,0.68,0.69,0.01,0.01,76741.34,1776769265000
1776769267.024,67.024,0.31,0.32,0.68,0.69,0.01,0.01,76741.21,1776769266000
1776769267.775,67.775,0.3,0.32,0.68,0.7,0.02,0.02,76741.21,1776769266000
1776769268.132,68.132,0.3,0.31,0.69,0.7,0.01,0.01,76741.21,1776769266000
1776769268.465,68.465,0.31,0.33,0.68,0.69,0.02,0.01,76741.08,1776769267000
1776769268.869,68.869,0.3,0.31,0.69,0.7,0.01,0.01,76741.08,1776769267000
1776769269.205,69.205,0.3,0.31,0.69,0.7,0.01,0.01,76741.08,1776769267000
1776769269.547,69.547,0.3,0.31,0.69,0.7,0.01,0.01,76740.92,1776769268000
1776769269.898,69.898,0.27,0.29,0.71,0.73,0.02,0.02,76740.92,1776769268000
1776769270.501,70.501,0.27,0.29,0.71,0.73,0.02,0.02,76736.18,1776769269000
1776769271.059,71.059,0.26,0.28,0.72,0.74,0.02,0.02,76736.12,1776769270000
1776769271.59,71.59,0.26,0.27,0.73,0.74,0.01,0.01,76736.12,1776769270000
1776769272.268,72.268,0.26,0.27,0.73,0.74,0.01,0.01,76733.19,1776769271000
1776769272.603,72.603,0.26,0.27,0.73,0.74,0.01,0.01,76733.19,1776769271000
1776769272.936,72.936,0.24,0.27,0.73,0.76,0.03,0.03,76733.19,1776769271000
1776769273.327,73.327,0.26,0.27,0.73,0.76,0.01,0.03,76733.19,1776769271000
1776769273.801,73.801,0.25,0.26,0.74,0.75,0.01,0.01,76730.77,1776769272000
1776769274.19,74.19,0.25,0.26,0.74,0.75,0.01,0.01,76730.77,1776769272000
1776769274.596,74.596,0.24,0.25,0.75,0.76,0.01,0.01,76730.26,1776769273000
1776769274.995,74.995,0.24,0.25,0.75,0.76,0.01,0.01,76730.26,1776769273000
1776769275.349,75.349,0.24,0.25,0.75,0.76,0.01,0.01,76730.26,1776769274000
1776769275.752,75.752,0.23,0.24,0.76,0.77,0.01,0.01,76730.26,1776769274000
1776769276.087,76.087,0.22,0.23,0.77,0.78,0.01,0.01,76730.26,1776769274000
1776769276.423,76.423,0.22,0.23,0.77,0.78,0.01,0.01,76729.15,1776769275000
1776769276.814,76.814,0.2,0.21,0.79,0.8,0.01,0.01,76729.15,1776769275000
1776769277.352,77.352,0.2,0.21,0.79,0.8,0.01,0.01,76729.15,1776769275000
1776769277.875,77.875,0.2,0.21,0.79,0.8,0.01,0.01,76725.96,1776769276000
1776769278.284,78.284,0.2,0.21,0.79,0.8,0.01,0.01,76723.94,1776769277000
1776769278.648,78.648,0.2,0.21,0.79,0.8,0.01,0.01,76723.94,1776769277000
1776769279.02,79.02,0.2,0.21,0.79,0.8,0.01,0.01,76723.94,1776769277000
1776769279.872,79.872,0.2,0.21,0.79,0.8,0.01,0.01,76718.58,1776769278000
1776769280.252,80.252,0.2,0.21,0.79,0.8,0.01,0.01,76718.58,1776769278000
1776769280.879,80.879,0.19,0.21,0.79,0.8,0.02,0.01,76715.06,1776769279000
1776769281.258,81.258,0.18,0.21,0.79,0.82,0.03,0.03,76715.06,1776769279000
1776769281.686,81.686,0.18,0.2,0.8,0.82,0.02,0.02,76714.75,1776769280000
1776769282.159,82.159,0.19,0.2,0.8,0.81,0.01,0.01,76714.75,1776769281000
1776769282.497,82.497,0.19,0.2,0.8,0.81,0.01,0.01,76714.75,1776769281000
1776769282.893,82.893,0.19,0.2,0.8,0.81,0.01,0.01,76714.75,1776769281000
1776769283.538,83.538,0.19,0.2,0.8,0.81,0.01,0.01,76714.79,1776769282000
1776769283.894,83.894,0.21,0.23,0.78,0.79,0.02,0.01,76714.79,1776769282000
1776769284.249,84.249,0.21,0.22,0.77,0.79,0.01,0.02,76714.86,1776769283000
1776769284.692,84.692,0.26,0.27,0.73,0.74,0.01,0.01,76714.86,1776769283000
1776769285.038,85.038,0.25,0.26,0.74,0.75,0.01,0.01,76714.86,1776769283000
1776769285.466,85.466,0.23,0.25,0.75,0.78,0.02,0.03,76715.67,1776769284000
1776769285.832,85.832,0.23,0.24,0.76,0.77,0.01,0.01,76715.67,1776769284000
1776769287.022,87.022,0.23,0.24,0.76,0.77,0.01,0.01,76721.03,1776769286000
1776769287.744,87.744,0.22,0.24,0.76,0.77,0.02,0.01,76721.03,1776769286000
1776769288.207,88.207,0.22,0.24,0.76,0.78,0.02,0.02,76721.07,1776769287000
1776769288.641,88.641,0.22,0.24,0.76,0.79,0.02,0.03,76721.07,1776769287000
1776769288.981,88.981,0.23,0.24,0.76,0.77,0.01,0.01,76721.93,1776769288000
1776769289.484,89.484,0.23,0.24,0.76,0.79,0.01,0.03,76721.93,1776769288000
1776769289.826,89.826,0.21,0.24,0.76,0.79,0.03,0.03,76721.93,1776769288000
1776769290.319,90.319,0.22,0.23,0.77,0.78,0.01,0.01,76722.38,1776769289000
1776769290.811,90.811,0.22,0.23,0.77,0.78,0.01,0.01,76722.38,1776769289000
1776769291.147,91.147,0.22,0.23,0.77,0.78,0.01,0.01,76720.73,1776769290000
1776769291.581,91.581,0.18,0.19,0.81,0.82,0.01,0.01,76720.73,1776769290000
1776769291.92,91.92,0.17,0.18,0.82,0.83,0.01,0.01,76720.25,1776769291000
1776769292.273,92.273,0.17,0.18,0.82,0.83,0.01,0.01,76720.25,1776769291000
1776769292.777,92.777,0.17,0.18,0.82,0.83,0.01,0.01,76720.25,1776769291000
1776769293.116,93.116,0.17,0.18,0.82,0.83,0.01,0.01,76720.25,1776769291000
1776769293.861,93.861,0.17,0.18,0.82,0.83,0.01,0.01,76713.25,1776769292000
1776769294.217,94.217,0.17,0.18,0.82,0.83,0.01,0.01,76713.25,1776769292000
1776769294.714,94.714,0.17,0.18,0.82,0.83,0.01,0.01,76714.88,1776769293000
1776769295.164,95.164,0.17,0.19,0.81,0.83,0.02,0.02,76714.88,1776769293000
1776769295.58,95.58,0.17,0.19,0.81,0.83,0.02,0.02,76703.95,1776769294000
1776769296.285,96.285,0.17,0.19,0.81,0.83,0.02,0.02,76703.95,1776769294000
1776769296.627,96.627,0.19,0.2,0.8,0.83,0.01,0.03,76703.95,1776769294000
1776769296.992,96.992,0.19,0.2,0.8,0.81,0.01,0.01,76697.63,1776769295000
1776769297.349,97.349,0.17,0.18,0.82,0.83,0.01,0.01,76697.63,1776769295000
1776769298.054,98.054,0.17,0.18,0.82,0.83,0.01,0.01,76697.47,1776769296000
1776769298.534,98.534,0.16,0.17,0.82,0.84,0.01,0.02,76705.51,1776769297000
1776769298.879,98.879,0.17,0.18,0.82,0.83,0.01,0.01,76705.51,1776769297000
1776769299.212,99.212,0.17,0.18,0.82,0.83,0.01,0.01,76711.34,1776769298000
1776769299.55,99.55,0.16,0.18,0.82,0.83,0.02,0.01,76711.34,1776769298000
1776769299.887,99.887,0.17,0.18,0.82,0.83,0.01,0.01,76711.34,1776769298000
1776769300.276,100.276,0.17,0.18,0.82,0.83,0.01,0.01,76711.73,1776769299000
1776769300.848,100.848,0.17,0.18,0.82,0.83,0.01,0.01,76711.73,1776769299000
1776769301.279,101.279,0.17,0.18,0.82,0.83,0.01,0.01,76711.86,1776769300000
1776769301.643,101.643,0.17,0.18,0.82,0.83,0.01,0.01,76711.86,1776769300000
1776769302.155,102.155,0.17,0.18,0.82,0.83,0.01,0.01,76711.86,1776769300000
1776769302.563,102.563,0.17,0.18,0.82,0.83,0.01,0.01,76713.93,1776769301000
1776769302.974,102.974,0.17,0.2,0.8,0.83,0.03,0.03,76713.93,1776769301000
1776769303.468,103.468,0.17,0.2,0.8,0.83,0.03,0.03,76714.62,1776769302000
1776769303.902,103.902,0.17,0.18,0.8,0.83,0.01,0.03,76714.62,1776769302000
1776769304.244,104.244,0.17,0.21,0.82,0.83,0.04,0.01,76714.62,1776769302000
1776769304.685,104.685,0.2,0.22,0.79,0.8,0.02,0.01,76718.1,1776769303000
1776769305.034,105.034,0.18,0.2,0.79,0.81,0.02,0.02,76718.1,1776769303000
1776769305.375,105.375,0.19,0.2,0.8,0.81,0.01,0.01,76719.56,1776769304000
1776769305.747,105.747,0.19,0.2,0.8,0.81,0.01,0.01,76719.56,1776769304000
1776769306.192,106.192,0.19,0.2,0.8,0.81,0.01,0.01,76719.56,1776769305000
1776769306.537,106.537,0.19,0.2,0.8,0.81,0.01,0.01,76719.56,1776769305000
1776769306.884,106.884,0.19,0.2,0.8,0.81,0.01,0.01,76719.56,1776769305000
1776769307.262,107.262,0.19,0.2,0.8,0.81,0.01,0.01,76719.58,1776769306000
1776769307.611,107.611,0.19,0.2,0.8,0.81,0.01,0.01,76719.58,1776769306000
1776769307.956,107.956,0.19,0.2,0.8,0.81,0.01,0.01,76719.58,1776769306000
1776769308.293,108.293,0.19,0.2,0.8,0.81,0.01,0.01,76719.58,1776769307000
1776769308.877,108.877,0.19,0.2,0.8,0.81,0.01,0.01,76719.58,1776769307000
1776769310.005,110.005,0.19,0.2,0.79,0.81,0.01,0.02,76719.58,1776769308000
1776769310.521,110.521,0.19,0.2,0.8,0.81,0.01,0.01,76719.58,1776769309000
1776769310.907,110.907,0.19,0.2,0.8,0.81,0.01,0.01,76719.58,1776769310000
1776769311.468,111.468,0.19,0.2,0.79,0.81,0.01,0.02,76719.58,1776769310000
1776769312.308,112.308,0.19,0.22,0.78,0.81,0.03,0.03,76719.58,1776769311000
1776769312.643,112.643,0.2,0.21,0.79,0.81,0.01,0.02,76719.58,1776769311000
1776769313.023,113.023,0.19,0.2,0.8,0.81,0.01,0.01,76719.58,1776769311000
1776769313.363,113.363,0.19,0.2,0.8,0.81,0.01,0.01,76719.56,1776769312000
1776769313.981,113.981,0.19,0.2,0.8,0.81,0.01,0.01,76719.56,1776769312000
1776769314.367,114.367,0.19,0.2,0.8,0.81,0.01,0.01,76718.89,1776769313000
1776769315.107,115.107,0.19,0.2,0.8,0.81,0.01,0.01,76718.89,1776769313000
1776769315.555,115.555,0.16,0.17,0.8,0.84,0.01,0.04,76718.84,1776769314000
1776769316.214,116.214,0.16,0.17,0.83,0.84,0.01,0.01,76718.52,1776769315000
1776769316.665,116.665,0.15,0.16,0.84,0.85,0.01,0.01,76718.52,1776769315000
1776769317.012,117.012,0.15,0.16,0.84,0.85,0.01,0.01,76718.52,1776769315000
1776769317.983,117.983,0.15,0.16,0.84,0.85,0.01,0.01,76716.92,1776769316000
1776769318.374,118.374,0.15,0.16,0.84,0.85,0.01,0.01,76716.27,1776769317000
1776769318.782,118.782,0.15,0.16,0.84,0.85,0.01,0.01,76716.27,1776769317000
1776769319.144,119.144,0.15,0.16,0.84,0.85,0.01,0.01,76716.27,1776769317000
1776769319.716,119.716,0.15,0.16,0.84,0.85,0.01,0.01,76716.2,1776769318000
1776769320.175,120.175,0.15,0.16,0.84,0.85,0.01,0.01,76716.2,1776769318000
1776769320.557,120.557,0.15,0.16,0.84,0.85,0.01,0.01,76716.2,1776769319000
1776769321.081,121.081,0.15,0.16,0.84,0.85,0.01,0.01,76716.2,1776769319000
1776769321.455,121.455,0.15,0.16,0.84,0.85,0.01,0.01,76716.18,1776769320000
1776769322.075,122.075,0.15,0.16,0.84,0.85,0.01,0.01,76716.18,1776769320000
1776769322.457,122.457,0.14,0.15,0.85,0.86,0.01,0.01,76716.18,1776769320000
1776769322.885,122.885,0.14,0.15,0.85,0.86,0.01,0.01,76716.22,1776769321000
1776769323.282,123.282,0.14,0.15,0.85,0.86,0.01,0.01,76716.11,1776769322000
1776769323.631,123.631,0.14,0.15,0.85,0.86,0.01,0.01,76716.11,1776769322000
1776769323.964,123.964,0.14,0.15,0.85,0.86,0.01,0.01,76716.11,1776769322000
1776769324.406,124.406,0.14,0.15,0.85,0.86,0.01,0.01,76716.11,1776769322000
1776769324.978,124.978,0.14,0.17,0.85,0.86,0.03,0.01,76715.65,1776769323000
1776769325.444,125.444,0.14,0.15,0.85,0.86,0.01,0.01,76715.76,1776769324000
1776769326.493,126.493,0.14,0.15,0.85,0.86,0.01,0.01,76715.76,1776769324000
1776769326.978,126.978,0.15,0.16,0.85,0.86,0.01,0.01,76715.76,1776769324000
1776769327.317,127.317,0.15,0.17,0.83,0.85,0.02,0.02,76715.76,1776769324000
1776769327.674,127.674,0.16,0.17,0.83,0.84,0.01,0.01,76715.76,1776769324000
1776769328.04,128.04,0.17,0.19,0.8,0.84,0.02,0.04,76715.76,1776769324000
1776769328.375,128.375,0.19,0.2,0.8,0.81,0.01,0.01,76715.76,1776769324000
1776769328.753,128.753,0.21,0.24,0.76,0.79,0.03,0.03,76715.76,1776769324000
1776769329.13,129.13,0.3,0.34,0.66,0.7,0.04,0.04,76715.76,1776769324000
1776769329.636,129.636,0.33,0.34,0.66,0.67,0.01,0.01,76715.76,1776769324000
1776769329.977,129.977,0.33,0.34,0.66,0.67,0.01,0.01,76715.76,1776769324000
1776769330.325,130.325,0.33,0.34,0.66,0.67,0.01,0.01,76715.76,1776769324000
1776769330.895,130.895,0.33,0.34,0.66,0.67,0.01,0.01,76715.76,1776769324000
1776769331.229,131.229,0.33,0.34,0.66,0.67,0.01,0.01,76715.76,1776769324000
1776769331.562,131.562,0.27,0.3,0.7,0.73,0.03,0.03,76715.76,1776769324000
1776769331.931,131.931,0.28,0.29,0.71,0.72,0.01,0.01,76715.76,1776769324000
1776769332.3,132.3,0.27,0.28,0.72,0.73,0.01,0.01,76715.76,1776769324000
1776769332.638,132.638,0.27,0.28,0.72,0.73,0.01,0.01,76715.76,1776769324000
1776769333.146,133.146,0.27,0.28,0.72,0.73,0.01,0.01,76715.76,1776769324000
1776769333.539,133.539,0.27,0.28,0.72,0.73,0.01,0.01,76715.76,1776769324000
1776769333.96,133.96,0.27,0.28,0.72,0.73,0.01,0.01,76738.64,1776769332000
1776769334.333,134.333,0.27,0.28,0.72,0.73,0.01,0.01,76738.64,1776769332000
1776769334.733,134.733,0.27,0.28,0.72,0.73,0.01,0.01,76739.79,1776769333000
1776769335.251,135.251,0.27,0.28,0.72,0.73,0.01,0.01,76739.79,1776769333000
1776769335.727,135.727,0.27,0.28,0.72,0.73,0.01,0.01,76739.79,1776769333000
1776769336.264,136.264,0.27,0.28,0.72,0.73,0.01,0.01,76740.13,1776769335000
1776769336.839,136.839,0.3,0.31,0.69,0.71,0.01,0.02,76740.13,1776769335000
1776769337.179,137.179,0.3,0.31,0.69,0.7,0.01,0.01,76740.13,1776769335000
1776769337.564,137.564,0.3,0.31,0.69,0.7,0.01,0.01,76740.13,1776769335000
1776769337.909,137.909,0.32,0.33,0.67,0.68,0.01,0.01,76741.49,1776769336000
1776769338.43,138.43,0.32,0.33,0.67,0.68,0.01,0.01,76741.49,1776769336000
1776769338.774,138.774,0.31,0.32,0.68,0.69,0.01,0.01,76741.49,1776769336000
1776769339.409,139.409,0.31,0.32,0.68,0.69,0.01,0.01,76741.49,1776769336000
1776769339.86,139.86,0.31,0.32,0.68,0.69,0.01,0.01,76741.49,1776769336000
1776769340.586,140.586,0.31,0.32,0.68,0.69,0.01,0.01,76741.49,1776769336000
1776769341.039,141.039,0.26,0.27,0.72,0.74,0.01,0.02,76741.49,1776769336000
1776769341.381,141.381,0.26,0.27,0.73,0.74,0.01,0.01,76741.49,1776769336000
1776769341.747,141.747,0.24,0.25,0.74,0.75,0.01,0.01,76746.27,1776769340000
1776769342.223,142.223,0.24,0.25,0.75,0.76,0.01,0.01,76744.43,1776769341000
1776769342.624,142.624,0.28,0.3,0.69,0.74,0.02,0.05,76744.43,1776769341000
1776769342.996,142.996,0.29,0.3,0.7,0.72,0.01,0.02,76744.43,1776769341000
1776769343.337,143.337,0.29,0.31,0.69,0.71,0.02,0.02,76740.96,1776769342000
1776769343.687,143.687,0.31,0.32,0.68,0.7,0.01,0.02,76740.96,1776769342000
1776769344.187,144.187,0.31,0.32,0.68,0.69,0.01,0.01,76739.25,1776769343000
1776769344.568,144.568,0.31,0.32,0.68,0.69,0.01,0.01,76739.25,1776769343000
1776769345.041,145.041,0.31,0.32,0.68,0.69,0.01,0.01,76739.25,1776769343000
1776769345.487,145.487,0.31,0.32,0.68,0.69,0.01,0.01,76743.58,1776769344000
1776769345.924,145.924,0.31,0.32,0.68,0.69,0.01,0.01,76743.58,1776769344000
1776769346.288,146.288,0.31,0.32,0.68,0.69,0.01,0.01,76743.58,1776769344000
1776769346.653,146.653,0.25,0.29,0.71,0.75,0.04,0.04,76746.07,1776769345000
1776769346.991,146.991,0.26,0.27,0.73,0.74,0.01,0.01,76746.07,1776769345000
1776769347.46,147.46,0.26,0.27,0.73,0.74,0.01,0.01,76746.74,1776769346000
1776769347.926,147.926,0.26,0.27,0.73,0.74,0.01,0.01,76746.74,1776769346000
1776769348.259,148.259,0.33,0.35,0.65,0.67,0.02,0.02,76746.74,1776769346000
1776769348.613,148.613,0.35,0.37,0.64,0.65,0.02,0.01,76746.74,1776769346000
1776769348.961,148.961,0.36,0.37,0.63,0.64,0.01,0.01,76741.03,1776769347000
1776769349.302,149.302,0.37,0.38,0.62,0.63,0.01,0.01,76741.05,1776769348000
1776769349.67,149.67,0.37,0.38,0.62,0.63,0.01,0.01,76741.05,1776769348000
1776769350.075,150.075,0.37,0.38,0.62,0.63,0.01,0.01,76741.05,1776769348000
1776769350.568,150.568,0.37,0.38,0.62,0.63,0.01,0.01,76749.83,1776769349000
1776769350.945,150.945,0.37,0.38,0.62,0.63,0.01,0.01,76749.83,1776769349000
1776769351.296,151.296,0.37,0.38,0.62,0.63,0.01,0.01,76749.83,1776769349000
1776769351.917,151.917,0.37,0.38,0.62,0.63,0.01,0.01,76750.39,1776769350000
1776769352.261,152.261,0.35,0.37,0.62,0.63,0.02,0.01,76750.39,1776769350000
1776769353.303,153.303,0.35,0.37,0.63,0.65,0.02,0.02,76749.97,1776769352000
1776769353.675,153.675,0.31,0.36,0.64,0.67,0.05,0.03,76749.97,1776769352000
1776769354.269,154.269,0.3,0.36,0.64,0.7,0.06,0.06,76749.23,1776769353000
1776769354.61,154.61,0.29,0.34,0.65,0.71,0.05,0.06,76749.23,1776769353000
1776769355.03,155.03,0.31,0.32,0.68,0.69,0.01,0.01,76749.23,1776769353000
1776769355.39,155.39,0.31,0.32,0.68,0.69,0.01,0.01,76749.23,1776769353000
1776769355.842,155.842,0.31,0.32,0.68,0.69,0.01,0.01,76748.01,1776769354000
1776769356.284,156.284,0.31,0.32,0.68,0.69,0.01,0.01,76748.01,1776769354000
1776769356.776,156.776,0.31,0.32,0.68,0.69,0.01,0.01,76747.8,1776769355000
1776769357.203,157.203,0.31,0.32,0.68,0.69,0.01,0.01,76747.8,1776769355000
1776769357.563,157.563,0.31,0.32,0.68,0.69,0.01,0.01,76747.8,1776769355000
1776769358.09,158.09,0.31,0.32,0.68,0.69,0.01,0.01,76747.8,1776769355000
1776769358.459,158.459,0.31,0.32,0.68,0.69,0.01,0.01,76748.0,1776769356000
1776769358.89,158.89,0.31,0.32,0.68,0.69,0.01,0.01,76748.0,1776769356000
1776769359.224,159.224,0.29,0.3,0.7,0.71,0.01,0.01,76747.8,1776769358000
1776769359.566,159.566,0.29,0.3,0.7,0.71,0.01,0.01,76747.8,1776769358000
1776769359.914,159.914,0.29,0.3,0.7,0.71,0.01,0.01,76747.8,1776769358000
1776769360.553,160.553,0.29,0.3,0.7,0.71,0.01,0.01,76747.8,1776769358000
1776769361.425,161.425,0.29,0.3,0.7,0.71,0.01,0.01,76748.54,1776769359000
1776769362.233,162.233,0.29,0.3,0.7,0.71,0.01,0.01,76748.43,1776769360000
1776769362.583,162.583,0.15,0.19,0.81,0.85,0.04,0.04,76748.43,1776769361000
1776769362.936,162.936,0.15,0.16,0.82,0.85,0.01,0.03,76748.43,1776769361000
1776769363.303,163.303,0.17,0.18,0.82,0.83,0.01,0.01,76748.43,1776769361000
1776769363.668,163.668,0.17,0.18,0.81,0.83,0.01,0.02,76748.43,1776769361000
1776769364.086,164.086,0.21,0.23,0.78,0.79,0.02,0.01,76748.59,1776769362000
1776769364.463,164.463,0.22,0.23,0.77,0.79,0.01,0.02,76748.59,1776769362000
1776769364.899,164.899,0.22,0.23,0.77,0.78,0.01,0.01,76734.35,1776769363000
1776769365.3,165.3,0.23,0.24,0.76,0.77,0.01,0.01,76733.63,1776769364000
1776769365.651,165.651,0.23,0.24,0.76,0.77,0.01,0.01,76733.63,1776769364000
1776769366.016,166.016,0.22,0.23,0.76,0.78,0.01,0.02,76733.63,1776769364000
1776769366.415,166.415,0.2,0.21,0.78,0.8,0.01,0.02,76733.63,1776769364000
1776769366.916,166.916,0.19,0.2,0.8,0.81,0.01,0.01,76739.24,1776769365000
1776769367.313,167.313,0.11,0.12,0.88,0.89,0.01,0.01,76739.24,1776769365000
1776769367.662,167.662,0.15,0.17,0.83,0.85,0.02,0.02,76738.95,1776769366000
1776769368.039,168.039,0.15,0.16,0.84,0.85,0.01,0.01,76738.95,1776769366000
1776769368.553,168.553,0.15,0.16,0.84,0.85,0.01,0.01,76736.34,1776769367000
1776769368.907,168.907,0.15,0.16,0.84,0.85,0.01,0.01,76736.34,1776769367000
1776769369.246,169.246,0.11,0.13,0.87,0.89,0.02,0.02,76736.34,1776769367000
1776769369.667,169.667,0.11,0.12,0.88,0.89,0.01,0.01,76726.78,1776769368000
1776769370.012,170.012,0.11,0.12,0.88,0.89,0.01,0.01,76726.78,1776769368000
1776769370.487,170.487,0.11,0.12,0.88,0.89,0.01,0.01,76727.22,1776769369000
1776769370.929,170.929,0.08,0.1,0.9,0.92,0.02,0.02,76727.22,1776769369000
1776769371.266,171.266,0.07,0.08,0.92,0.94,0.01,0.02,76727.22,1776769369000
1776769371.599,171.599,0.07,0.08,0.92,0.93,0.01,0.01,76727.22,1776769369000
1776769371.941,171.941,0.07,0.08,0.92,0.93,0.01,0.01,76727.22,1776769369000
1776769372.282,172.282,0.07,0.08,0.92,0.93,0.01,0.01,76718.08,1776769370000
1776769372.659,172.659,0.07,0.08,0.92,0.93,0.01,0.01,76718.08,1776769370000
1776769373.027,173.027,0.07,0.08,0.92,0.93,0.01,0.01,76706.55,1776769371000
1776769373.373,173.373,0.07,0.08,0.92,0.93,0.01,0.01,76706.55,1776769371000
1776769373.714,173.714,0.07,0.08,0.92,0.93,0.01,0.01,76699.18,1776769372000
1776769374.185,174.185,0.07,0.08,0.92,0.93,0.01,0.01,76699.18,1776769372000
1776769374.568,174.568,0.07,0.08,0.92,0.93,0.01,0.01,76697.16,1776769373000
1776769375.011,175.011,0.07,0.08,0.92,0.93,0.01,0.01,76697.16,1776769373000
1776769375.481,175.481,0.07,0.08,0.92,0.93,0.01,0.01,76697.16,1776769373000
1776769375.88,175.88,0.07,0.08,0.92,0.93,0.01,0.01,76699.99,1776769374000
1776769376.343,176.343,0.07,0.08,0.92,0.93,0.01,0.01,76699.99,1776769374000
1776769376.768,176.768,0.07,0.08,0.92,0.93,0.01,0.01,76699.99,1776769374000
1776769377.153,177.153,0.07,0.08,0.92,0.93,0.01,0.01,76700.21,1776769375000
1776769377.554,177.554,0.07,0.08,0.92,0.93,0.01,0.01,76699.56,1776769376000
1776769377.901,177.901,0.07,0.11,0.89,0.93,0.04,0.04,76699.56,1776769376000
1776769378.241,178.241,0.09,0.1,0.9,0.91,0.01,0.01,76699.56,1776769377000
1776769378.584,178.584,0.11,0.13,0.87,0.89,0.02,0.02,76699.56,1776769377000
1776769378.983,178.983,0.14,0.15,0.85,0.88,0.01,0.03,76699.56,1776769377000
1776769379.323,179.323,0.14,0.15,0.85,0.86,0.01,0.01,76699.56,1776769377000
1776769379.666,179.666,0.14,0.15,0.85,0.86,0.01,0.01,76699.56,1776769377000
1776769380.069,180.069,0.14,0.15,0.85,0.86,0.01,0.01,76703.44,1776769378000
1776769380.418,180.418,0.14,0.15,0.85,0.86,0.01,0.01,76710.34,1776769379000
1776769380.824,180.824,0.14,0.15,0.85,0.86,0.01,0.01,76710.34,1776769379000
1776769381.747,181.747,0.14,0.15,0.85,0.86,0.01,0.01,76710.34,1776769379000
1776769382.096,182.096,0.14,0.15,0.85,0.86,0.01,0.01,76715.98,1776769380000
1776769382.581,182.581,0.14,0.15,0.85,0.86,0.01,0.01,76716.13,1776769381000
1776769382.934,182.934,0.14,0.15,0.85,0.86,0.01,0.01,76716.13,1776769381000
1776769383.394,183.394,0.14,0.15,0.85,0.86,0.01,0.01,76716.18,1776769382000
1776769383.835,183.835,0.14,0.15,0.85,0.86,0.01,0.01,76716.18,1776769382000
1776769384.337,184.337,0.14,0.15,0.85,0.86,0.01,0.01,76716.18,1776769382000
1776769384.735,184.735,0.14,0.15,0.85,0.86,0.01,0.01,76717.49,1776769383000
1776769385.244,185.244,0.14,0.15,0.85,0.86,0.01,0.01,76717.49,1776769383000
1776769385.947,185.947,0.14,0.15,0.85,0.86,0.01,0.01,76717.6,1776769384000
1776769386.29,186.29,0.13,0.15,0.85,0.86,0.02,0.01,76717.59,1776769385000
1776769386.631,186.631,0.13,0.14,0.85,0.9,0.01,0.05,76717.59,1776769385000
1776769387.078,187.078,0.13,0.14,0.86,0.87,0.01,0.01,76717.59,1776769385000
1776769387.633,187.633,0.1,0.14,0.86,0.9,0.04,0.04,76717.48,1776769386000
1776769387.975,187.975,0.09,0.11,0.89,0.91,0.02,0.02,76717.48,1776769386000
1776769388.642,188.642,0.1,0.11,0.89,0.9,0.01,0.01,76716.68,1776769387000
1776769389.374,189.374,0.1,0.11,0.89,0.9,0.01,0.01,76716.68,1776769387000
1776769389.754,189.754,0.1,0.11,0.89,0.9,0.01,0.01,76715.36,1776769388000
1776769390.126,190.126,0.1,0.11,0.89,0.9,0.01,0.01,76715.36,1776769388000
1776769390.559,190.559,0.1,0.11,0.89,0.9,0.01,0.01,76715.96,1776769389000
1776769390.902,190.902,0.11,0.12,0.88,0.89,0.01,0.01,76715.96,1776769389000
1776769391.381,191.381,0.11,0.12,0.88,0.89,0.01,0.01,76716.52,1776769390000
1776769391.735,191.735,0.11,0.12,0.88,0.89,0.01,0.01,76716.52,1776769390000
1776769392.081,192.081,0.1,0.11,0.89,0.9,0.01,0.01,76716.52,1776769390000
1776769392.563,192.563,0.1,0.11,0.89,0.9,0.01,0.01,76716.52,1776769390000
1776769393.101,193.101,0.09,0.1,0.9,0.91,0.01,0.01,76716.53,1776769391000
1776769393.449,193.449,0.09,0.1,0.9,0.91,0.01,0.01,76716.57,1776769392000
1776769393.995,193.995,0.09,0.1,0.9,0.91,0.01,0.01,76716.57,1776769392000
1776769394.692,194.692,0.09,0.1,0.9,0.91,0.01,0.01,76715.56,1776769393000
1776769395.056,195.056,0.09,0.1,0.9,0.91,0.01,0.01,76714.67,1776769394000
1776769396.061,196.061,0.09,0.1,0.9,0.91,0.01,0.01,76713.78,1776769395000
1776769396.897,196.897,0.08,0.1,0.9,0.91,0.02,0.01,76713.78,1776769395000
1776769397.969,197.969,0.08,0.1,0.9,0.92,0.02,0.02,76713.68,1776769396000
1776769398.308,198.308,0.07,0.1,0.9,0.93,0.03,0.03,76713.52,1776769397000
1776769398.799,198.799,0.09,0.1,0.9,0.91,0.01,0.01,76713.52,1776769397000
1776769399.135,199.135,0.09,0.1,0.9,0.91,0.01,0.01,76713.52,1776769397000
1776769399.491,199.491,0.09,0.1,0.89,0.91,0.01,0.02,76716.2,1776769398000
1776769399.862,199.862,0.09,0.1,0.9,0.91,0.01,0.01,76716.2,1776769398000
1776769400.315,200.315,0.09,0.1,0.9,0.91,0.01,0.01,76716.2,1776769398000
1776769400.708,200.708,0.09,0.11,0.9,0.91,0.02,0.01,76717.72,1776769399000
1776769401.052,201.052,0.09,0.1,0.9,0.91,0.01,0.01,76717.77,1776769400000
1776769401.537,201.537,0.09,0.1,0.9,0.91,0.01,0.01,76717.77,1776769400000
1776769402.028,202.028,0.09,0.1,0.9,0.91,0.01,0.01,76717.77,1776769400000
1776769402.37,202.37,0.09,0.1,0.9,0.91,0.01,0.01,76716.48,1776769401000
1776769402.925,202.925,0.09,0.1,0.9,0.91,0.01,0.01,76716.48,1776769401000
1776769403.33,203.33,0.09,0.1,0.9,0.91,0.01,0.01,76716.22,1776769402000
1776769403.767,203.767,0.09,0.1,0.9,0.91,0.01,0.01,76716.22,1776769402000
1776769404.342,204.342,0.08,0.1,0.9,0.92,0.02,0.02,76716.2,1776769403000
1776769405.514,205.514,0.08,0.1,0.9,0.92,0.02,0.02,76714.65,1776769404000
1776769406.024,206.024,0.08,0.1,0.9,0.92,0.02,0.02,76712.0,1776769405000
1776769406.368,206.368,0.09,0.1,0.9,0.91,0.01,0.01,76712.0,1776769405000
1776769406.719,206.719,0.07,0.08,0.9,0.91,0.01,0.01,76712.0,1776769405000
1776769407.29,207.29,0.06,0.07,0.93,0.94,0.01,0.01,76703.31,1776769406000
1776769407.939,207.939,0.06,0.07,0.93,0.94,0.01,0.01,76701.4,1776769407000
1776769408.543,208.543,0.06,0.07,0.93,0.94,0.01,0.01,76701.4,1776769407000
1776769409.461,209.461,0.06,0.07,0.93,0.94,0.01,0.01,76702.38,1776769408000
1776769410.104,210.104,0.06,0.07,0.93,0.94,0.01,0.01,76702.38,1776769408000
1776769410.487,210.487,0.06,0.07,0.93,0.94,0.01,0.01,76702.97,1776769409000
1776769410.889,210.889,0.06,0.07,0.93,0.94,0.01,0.01,76702.97,1776769409000
1776769411.513,211.513,0.06,0.07,0.93,0.94,0.01,0.01,76702.96,1776769410000
1776769412.211,212.211,0.06,0.07,0.93,0.94,0.01,0.01,76702.97,1776769411000
1776769412.775,212.775,0.06,0.07,0.93,0.94,0.01,0.01,76702.97,1776769411000
1776769413.242,213.242,0.06,0.07,0.93,0.94,0.01,0.01,76703.03,1776769412000
1776769413.632,213.632,0.06,0.07,0.93,0.94,0.01,0.01,76703.03,1776769412000
1776769413.996,213.996,0.06,0.07,0.93,0.94,0.01,0.01,76703.03,1776769412000
1776769414.354,214.354,0.05,0.06,0.94,0.95,0.01,0.01,76702.99,1776769413000
1776769414.815,214.815,0.05,0.07,0.94,0.95,0.02,0.01,76702.99,1776769413000
1776769415.158,215.158,0.05,0.07,0.94,0.95,0.02,0.01,76702.99,1776769413000
1776769415.528,215.528,0.05,0.06,0.94,0.95,0.01,0.01,76702.92,1776769414000
1776769415.967,215.967,0.05,0.06,0.94,0.95,0.01,0.01,76702.92,1776769414000
1776769416.325,216.325,0.05,0.06,0.94,0.95,0.01,0.01,76702.9,1776769415000
1776769416.72,216.72,0.04,0.05,0.94,0.95,0.01,0.01,76702.9,1776769415000
1776769417.125,217.125,0.04,0.05,0.95,0.96,0.01,0.01,76702.53,1776769416000
1776769417.461,217.461,0.04,0.05,0.95,0.96,0.01,0.01,76702.53,1776769416000
1776769418.161,218.161,0.04,0.05,0.95,0.96,0.01,0.01,76702.53,1776769416000
1776769418.772,218.772,0.04,0.05,0.95,0.96,0.01,0.01,76702.19,1776769417000
1776769419.131,219.131,0.04,0.05,0.95,0.96,0.01,0.01,76702.19,1776769417000
1776769419.524,219.524,0.04,0.05,0.95,0.96,0.01,0.01,76701.3,1776769418000
1776769419.891,219.891,0.04,0.05,0.95,0.96,0.01,0.01,76701.3,1776769418000
1776769420.3,220.3,0.04,0.05,0.95,0.96,0.01,0.01,76701.32,1776769419000
1776769421.084,221.084,0.04,0.05,0.95,0.96,0.01,0.01,76701.32,1776769419000
1776769421.756,221.756,0.04,0.05,0.95,0.96,0.01,0.01,76698.13,1776769420000
1776769422.159,222.159,0.03,0.04,0.96,0.97,0.01,0.01,76697.21,1776769421000
1776769422.493,222.493,0.03,0.04,0.96,0.97,0.01,0.01,76697.21,1776769421000
1776769422.858,222.858,0.03,0.04,0.96,0.97,0.01,0.01,76697.21,1776769421000
1776769423.213,223.213,0.03,0.04,0.96,0.97,0.01,0.01,76697.21,1776769421000
1776769423.551,223.551,0.03,0.04,0.96,0.97,0.01,0.01,76697.21,1776769421000
1776769423.898,223.898,0.03,0.04,0.96,0.97,0.01,0.01,76694.99,1776769422000
1776769424.265,224.265,0.03,0.04,0.96,0.97,0.01,0.01,76697.05,1776769423000
1776769424.945,224.945,0.03,0.04,0.96,0.97,0.01,0.01,76697.05,1776769423000
1776769425.322,225.322,0.03,0.04,0.96,0.97,0.01,0.01,76697.05,1776769423000
1776769425.722,225.722,0.03,0.04,0.96,0.97,0.01,0.01,76701.95,1776769424000
1776769426.182,226.182,0.03,0.04,0.96,0.97,0.01,0.01,76702.47,1776769425000
1776769427.243,227.243,0.03,0.04,0.96,0.97,0.01,0.01,76701.61,1776769426000
1776769428.24,228.24,0.03,0.04,0.96,0.97,0.01,0.01,76701.98,1776769427000
1776769428.729,228.729,0.03,0.04,0.96,0.97,0.01,0.01,76701.98,1776769427000
1776769429.289,229.289,0.03,0.04,0.96,0.97,0.01,0.01,76701.98,1776769427000
1776769429.638,229.638,0.03,0.04,0.96,0.97,0.01,0.01,76709.29,1776769428000
1776769429.98,229.98,0.03,0.04,0.96,0.97,0.01,0.01,76709.31,1776769429000
1776769430.337,230.337,0.03,0.04,0.96,0.97,0.01,0.01,76709.31,1776769429000
1776769430.785,230.785,0.03,0.04,0.96,0.97,0.01,0.01,76709.31,1776769429000
1776769431.121,231.121,0.03,0.04,0.96,0.97,0.01,0.01,76709.38,1776769430000
1776769431.476,231.476,0.03,0.04,0.96,0.97,0.01,0.01,76709.38,1776769430000
1776769431.813,231.813,0.03,0.04,0.96,0.97,0.01,0.01,76709.38,1776769430000
1776769432.163,232.163,0.03,0.05,0.95,0.97,0.02,0.02,76709.4,1776769431000
1776769432.501,232.501,0.05,0.06,0.94,0.95,0.01,0.01,76709.4,1776769431000
1776769433.057,233.057,0.05,0.06,0.93,0.95,0.01,0.02,76709.4,1776769431000
1776769433.396,233.396,0.05,0.06,0.94,0.95,0.01,0.01,76709.11,1776769432000
1776769433.791,233.791,0.05,0.06,0.94,0.95,0.01,0.01,76709.11,1776769432000
1776769434.316,234.316,0.05,0.06,0.94,0.95,0.01,0.01,76709.11,1776769432000
1776769434.686,234.686,0.04,0.06,0.94,0.95,0.02,0.01,76708.68,1776769433000
1776769435.409,235.409,0.04,0.05,0.94,0.96,0.01,0.02,76708.68,1776769434000
1776769436.031,236.031,0.04,0.05,0.95,0.96,0.01,0.01,76708.68,1776769435000
1776769436.478,236.478,0.04,0.05,0.95,0.96,0.01,0.01,76708.68,1776769435000
1776769436.861,236.861,0.04,0.05,0.95,0.96,0.01,0.01,76708.68,1776769435000
1776769437.489,237.489,0.04,0.05,0.95,0.96,0.01,0.01,76708.68,1776769435000
1776769437.848,237.848,0.03,0.05,0.95,0.96,0.02,0.01,76708.9,1776769436000
1776769438.304,238.304,0.03,0.04,0.96,0.97,0.01,0.01,76711.75,1776769437000
1776769438.763,238.763,0.03,0.04,0.96,0.97,0.01,0.01,76711.75,1776769437000
1776769439.345,239.345,0.02,0.03,0.96,0.97,0.01,0.01,76711.75,1776769437000
1776769439.734,239.734,0.02,0.03,0.97,0.98,0.01,0.01,76713.46,1776769438000
1776769440.292,240.292,0.02,0.03,0.97,0.98,0.01,0.01,76712.0,1776769439000
1776769440.64,240.64,0.02,0.03,0.97,0.98,0.01,0.01,76712.0,1776769439000
1776769440.974,240.974,0.02,0.03,0.97,0.98,0.01,0.01,76712.0,1776769439000
1776769441.399,241.399,0.02,0.03,0.97,0.98,0.01,0.01,76712.0,1776769439000
1776769441.736,241.736,0.02,0.03,0.97,0.98,0.01,0.01,76706.36,1776769440000
1776769442.122,242.122,0.02,0.03,0.97,0.98,0.01,0.01,76701.93,1776769441000
1776769442.74,242.74,0.02,0.03,0.97,0.98,0.01,0.01,76701.93,1776769441000
1776769443.245,243.245,0.02,0.03,0.97,0.98,0.01,0.01,76697.44,1776769442000
1776769443.878,243.878,0.02,0.03,0.97,0.98,0.01,0.01,76697.44,1776769442000
1776769444.212,244.212,0.02,0.03,0.97,0.98,0.01,0.01,76697.44,1776769442000
1776769444.656,244.656,0.02,0.03,0.97,0.98,0.01,0.01,76697.38,1776769443000
1776769445.119,245.119,0.02,0.03,0.97,0.98,0.01,0.01,76697.38,1776769443000
1776769445.517,245.517,0.01,0.02,0.98,0.99,0.01,0.01,76696.66,1776769444000
1776769445.911,245.911,0.01,0.03,0.98,0.99,0.02,0.01,76696.66,1776769444000
1776769446.336,246.336,0.01,0.02,0.98,0.99,0.01,0.01,76696.74,1776769445000
1776769447.086,247.086,0.01,0.02,0.98,0.99,0.01,0.01,76696.62,1776769446000
1776769447.624,247.624,0.01,0.02,0.98,0.99,0.01,0.01,76696.62,1776769446000
1776769448.048,248.048,0.01,0.02,0.98,0.99,0.01,0.01,76696.62,1776769446000
1776769448.382,248.382,0.01,0.02,0.98,0.99,0.01,0.01,76696.62,1776769446000
1776769449.145,249.145,0.01,0.02,0.98,0.99,0.01,0.01,76696.56,1776769447000
1776769449.506,249.506,0.01,0.02,0.98,0.99,0.01,0.01,76696.56,1776769448000
1776769449.878,249.878,0.01,0.02,0.98,0.99,0.01,0.01,76696.56,1776769448000
1776769450.241,250.241,0.01,0.02,0.98,0.99,0.01,0.01,76696.56,1776769448000
1776769450.604,250.604,0.01,0.02,0.98,0.99,0.01,0.01,76696.62,1776769449000
1776769451.068,251.068,0.01,0.02,0.98,0.99,0.01,0.01,76696.63,1776769450000
1776769451.844,251.844,0.01,0.02,0.98,0.99,0.01,0.01,76696.63,1776769450000
1776769452.203,252.203,0.01,0.02,0.98,0.99,0.01,0.01,76696.63,1776769450000
1776769452.687,252.687,0.01,0.02,0.98,0.99,0.01,0.01,76695.98,1776769451000
1776769453.134,253.134,0.01,0.02,0.98,0.99,0.01,0.01,76695.98,1776769451000
1776769453.608,253.608,0.01,0.01,0.99,0.99,0.0,0.0,76693.14,1776769452000
1776769454.332,254.332,0.01,0.01,0.99,0.99,0.0,0.0,76690.53,1776769453000
1776769454.938,254.938,0.01,0.01,0.99,0.99,0.0,0.0,76690.53,1776769453000
1776769455.443,255.443,0.01,0.01,0.99,0.99,0.0,0.0,76690.53,1776769453000
1776769456.185,256.185,0.01,0.01,0.99,0.99,0.0,0.0,76688.49,1776769455000
1776769457.04,257.04,0.01,0.01,0.99,0.99,0.0,0.0,76688.49,1776769455000
1776769458.144,258.144,0.01,0.01,0.99,0.99,0.0,0.0,76688.33,1776769457000
1776769458.562,258.562,0.01,0.01,0.99,0.99,0.0,0.0,76688.33,1776769457000
1776769458.907,258.907,0.01,0.01,0.99,0.99,0.0,0.0,76688.33,1776769457000
1776769459.269,259.269,0.01,0.01,0.99,0.99,0.0,0.0,76688.19,1776769458000
1776769460.198,260.198,0.01,0.01,0.99,0.99,0.0,0.0,76686.26,1776769459000
1776769460.576,260.576,0.01,0.01,0.99,0.99,0.0,0.0,76686.26,1776769459000
1776769460.912,260.912,0.01,0.01,0.99,0.99,0.0,0.0,76686.26,1776769459000
1776769461.268,261.268,0.01,0.01,0.99,0.99,0.0,0.0,76687.39,1776769460000
1776769461.716,261.716,0.01,0.01,0.99,0.99,0.0,0.0,76687.39,1776769460000
1776769462.268,262.268,0.01,0.01,0.99,0.99,0.0,0.0,76687.39,1776769460000
1776769463.189,263.189,0.01,0.01,0.99,0.99,0.0,0.0,76687.72,1776769461000
1776769463.669,263.669,0.01,0.01,0.99,0.99,0.0,0.0,76688.49,1776769462000
1776769464.17,264.17,0.01,0.01,0.99,0.99,0.0,0.0,76688.49,1776769462000
1776769464.564,264.564,0.01,0.01,0.99,0.99,0.0,0.0,76688.41,1776769463000
1776769465.39,265.39,0.01,0.01,0.99,0.99,0.0,0.0,76688.41,1776769464000
1776769465.73,265.73,0.01,0.01,0.99,0.99,0.0,0.0,76688.41,1776769464000
1776769466.238,266.238,0.01,0.01,0.99,0.99,0.0,0.0,76688.41,1776769464000
1776769466.755,266.755,0.01,0.01,0.99,0.99,0.0,0.0,76688.36,1776769465000
1776769467.529,267.529,0.01,0.01,0.99,0.99,0.0,0.0,76688.35,1776769466000
1776769467.946,267.946,0.01,0.01,0.99,0.99,0.0,0.0,76688.35,1776769466000
1776769469.318,269.318,0.01,0.01,0.99,0.99,0.0,0.0,76693.45,1776769468000
1776769470.185,270.185,0.01,0.01,0.99,0.99,0.0,0.0,76693.45,1776769468000
1776769470.53,270.53,0.01,0.01,0.99,0.99,0.0,0.0,76697.64,1776769469000
1776769471.031,271.031,0.01,0.01,0.99,0.99,0.0,0.0,76696.33,1776769470000
1776769472.02,272.02,0.01,0.01,0.99,0.99,0.0,0.0,76696.33,1776769470000
1776769473.091,273.091,0.01,0.01,0.99,0.99,0.0,0.0,76695.92,1776769471000
1776769473.766,273.766,0.01,0.01,0.99,0.99,0.0,0.0,76696.13,1776769472000
1776769474.235,274.235,0.01,0.01,0.99,0.99,0.0,0.0,76696.24,1776769473000
1776769474.847,274.847,0.01,0.01,0.99,0.99,0.0,0.0,76696.24,1776769473000
1776769475.358,275.358,0.01,0.01,0.99,0.99,0.0,0.0,76697.93,1776769474000
1776769475.821,275.821,0.01,0.01,0.99,0.99,0.0,0.0,76697.93,1776769474000
1776769477.001,277.001,0.01,0.01,0.99,0.99,0.0,0.0,76698.07,1776769476000
1776769478.047,278.047,0.01,0.01,0.99,0.99,0.0,0.0,76698.09,1776769477000
1776769479.214,279.214,0.01,0.01,0.99,0.99,0.0,0.0,76698.51,1776769478000
1776769479.605,279.605,0.01,0.01,0.99,0.99,0.0,0.0,76698.51,1776769478000
1776769480.185,280.185,0.01,0.01,0.99,0.99,0.0,0.0,76698.51,1776769478000
1776769480.595,280.595,0.01,0.01,0.99,0.99,0.0,0.0,76698.51,1776769478000
1776769481.132,281.132,0.01,0.01,0.99,0.99,0.0,0.0,76703.79,1776769479000
1776769481.845,281.845,0.01,0.01,0.99,0.99,0.0,0.0,76704.29,1776769480000
1776769483.158,283.158,0.01,0.01,0.99,0.99,0.0,0.0,76707.86,1776769482000
1776769483.82,283.82,0.01,0.01,0.99,0.99,0.0,0.0,76707.86,1776769482000
1776769485.034,285.034,0.01,0.01,0.99,0.99,0.0,0.0,76711.49,1776769484000
1776769485.523,285.523,0.01,0.01,0.99,0.99,0.0,0.0,76711.49,1776769484000
1776769486.011,286.011,0.01,0.01,0.99,0.99,0.0,0.0,76711.49,1776769485000
1776769486.574,286.574,0.01,0.01,0.99,0.99,0.0,0.0,76711.49,1776769485000
1776769486.955,286.955,0.01,0.01,0.99,0.99,0.0,0.0,76711.49,1776769485000
1776769487.922,287.922,0.01,0.01,0.99,0.99,0.0,0.0,76712.14,1776769487000
1776769488.643,288.643,0.01,0.01,0.99,0.99,0.0,0.0,76712.14,1776769487000
1776769489.02,289.02,0.01,0.01,0.99,0.99,0.0,0.0,76712.27,1776769488000
1776769489.62,289.62,0.01,0.01,0.99,0.99,0.0,0.0,76712.27,1776769488000
1776769490.298,290.298,0.01,0.01,0.99,0.99,0.0,0.0,76712.43,1776769489000
1776769490.854,290.854,0.01,0.01,0.99,0.99,0.0,0.0,76720.29,1776769490000
1776769491.332,291.332,0.01,0.01,0.99,0.99,0.0,0.0,76720.29,1776769490000
1776769492.353,292.353,0.01,0.01,0.99,0.99,0.0,0.0,76721.84,1776769491000
1776769492.736,292.736,0.01,0.01,0.99,0.99,0.0,0.0,76721.84,1776769491000
1776769493.487,293.487,0.01,0.01,0.99,0.99,0.0,0.0,76717.05,1776769492000
1776769494.083,294.083,0.01,0.01,0.99,0.99,0.0,0.0,76717.05,1776769492000
1776769495.574,295.574,0.01,0.01,0.99,0.99,0.0,0.0,76712.2,1776769494000
1776769496.033,296.033,0.01,0.01,0.99,0.99,0.0,0.0,76712.2,1776769494000
1776769497.629,297.629,0.01,0.01,0.99,0.99,0.0,0.0,76712.08,1776769496000
1776769497.996,297.996,0.01,0.01,0.99,0.99,0.0,0.0,76712.08,1776769496000
1776769498.351,298.351,0.01,0.01,0.99,0.99,0.0,0.0,76712.08,1776769497000
1776769499.633,299.633,0.01,0.01,0.99,0.99,0.0,0.0,76711.36,1776769498000
1776769500.109,300.109,0.01,0.01,0.99,0.99,0.0,0.0,76711.36,1776769498000
1776769500.598,300.598,0.01,0.01,0.99,0.99,0.0,0.0,76711.26,1776769499000
1776769501.001,301.001,0.01,0.01,0.99,0.99,0.0,0.0,76711.26,1776769500000

# RESULT,winner=Down,slug=btc-updown-5m-1776769200,ticks=642
