timestamp,elapsed_sec,up_bid,up_ask,down_bid,down_ask,up_spread,down_spread,btc_price,btc_oracle_ts
1776972300.565,0.565,0.48,0.49,0.51,0.52,0.01,0.01,77821.93,1776972299000
1776972300.922,0.922,0.48,0.49,0.51,0.52,0.01,0.01,77821.26,1776972300000
1776972301.343,1.343,0.51,0.52,0.48,0.49,0.01,0.01,77821.26,1776972300000
1776972301.734,1.734,0.52,0.53,0.47,0.48,0.01,0.01,77821.26,1776972300000
1776972302.264,2.264,0.52,0.53,0.47,0.48,0.01,0.01,77821.26,1776972301000
1776972302.988,2.988,0.52,0.53,0.47,0.48,0.01,0.01,77821.26,1776972301000
1776972303.586,3.586,0.52,0.53,0.47,0.48,0.01,0.01,77825.97,1776972302000
1776972303.936,3.936,0.52,0.53,0.47,0.48,0.01,0.01,77827.62,1776972303000
1776972304.967,4.967,0.52,0.53,0.47,0.48,0.01,0.01,77827.62,1776972303000
1776972305.555,5.555,0.53,0.54,0.46,0.47,0.01,0.01,77827.53,1776972304000
1776972305.922,5.922,0.53,0.54,0.46,0.47,0.01,0.01,77827.53,1776972304000
1776972306.264,6.264,0.53,0.54,0.46,0.47,0.01,0.01,77828.88,1776972305000
1776972306.602,6.602,0.53,0.54,0.46,0.47,0.01,0.01,77828.88,1776972305000
1776972306.949,6.949,0.53,0.54,0.46,0.47,0.01,0.01,77828.88,1776972305000
1776972307.427,7.427,0.53,0.54,0.46,0.47,0.01,0.01,77829.63,1776972306000
1776972308.005,8.005,0.53,0.54,0.46,0.47,0.01,0.01,77829.63,1776972306000
1776972308.4,8.4,0.53,0.54,0.46,0.47,0.01,0.01,77829.63,1776972307000
1776972308.776,8.776,0.54,0.55,0.46,0.47,0.01,0.01,77829.63,1776972307000
1776972309.16,9.16,0.54,0.56,0.45,0.46,0.02,0.01,77829.63,1776972307000
1776972309.501,9.501,0.55,0.57,0.43,0.45,0.02,0.02,77829.63,1776972308000
1776972309.875,9.875,0.57,0.58,0.42,0.44,0.01,0.02,77829.63,1776972308000
1776972310.233,10.233,0.57,0.58,0.42,0.43,0.01,0.01,77831.02,1776972309000
1776972310.764,10.764,0.57,0.58,0.42,0.43,0.01,0.01,77831.02,1776972309000
1776972311.135,11.135,0.57,0.58,0.42,0.43,0.01,0.01,77834.06,1776972310000
1776972311.979,11.979,0.57,0.58,0.42,0.43,0.01,0.01,77834.06,1776972310000
1776972312.482,12.482,0.57,0.58,0.42,0.43,0.01,0.01,77834.92,1776972311000
1776972313.2,13.2,0.57,0.58,0.42,0.43,0.01,0.01,77834.63,1776972312000
1776972313.816,13.816,0.57,0.58,0.42,0.43,0.01,0.01,77834.63,1776972312000
1776972314.282,14.282,0.57,0.58,0.42,0.43,0.01,0.01,77834.82,1776972313000
1776972314.955,14.955,0.57,0.58,0.42,0.43,0.01,0.01,77834.82,1776972313000
1776972315.383,15.383,0.57,0.58,0.42,0.43,0.01,0.01,77834.82,1776972314000
1776972315.734,15.734,0.57,0.58,0.42,0.43,0.01,0.01,77834.82,1776972314000
1776972316.162,16.162,0.58,0.59,0.41,0.42,0.01,0.01,77834.83,1776972315000
1776972316.626,16.626,0.58,0.59,0.41,0.42,0.01,0.01,77834.83,1776972315000
1776972317.057,17.057,0.58,0.59,0.41,0.42,0.01,0.01,77834.93,1776972316000
1776972317.411,17.411,0.58,0.6,0.4,0.42,0.02,0.02,77834.93,1776972316000
1776972317.762,17.762,0.6,0.62,0.38,0.4,0.02,0.02,77834.93,1776972316000
1776972318.119,18.119,0.63,0.64,0.36,0.37,0.01,0.01,77835.26,1776972317000
1776972318.967,18.967,0.64,0.65,0.35,0.37,0.01,0.02,77835.26,1776972317000
1776972319.336,19.336,0.64,0.65,0.35,0.36,0.01,0.01,77839.96,1776972318000
1776972319.77,19.77,0.64,0.65,0.35,0.36,0.01,0.01,77839.96,1776972318000
1776972320.139,20.139,0.64,0.65,0.35,0.36,0.01,0.01,77839.96,1776972318000
1776972320.655,20.655,0.64,0.65,0.35,0.36,0.01,0.01,77847.26,1776972319000
1776972321.104,21.104,0.64,0.65,0.35,0.36,0.01,0.01,77847.26,1776972319000
1776972321.663,21.663,0.64,0.65,0.35,0.36,0.01,0.01,77849.37,1776972320000
1776972322.376,22.376,0.64,0.65,0.35,0.36,0.01,0.01,77850.95,1776972321000
1776972322.771,22.771,0.64,0.65,0.35,0.36,0.01,0.01,77850.95,1776972321000
1776972323.245,23.245,0.64,0.66,0.34,0.36,0.02,0.02,77850.95,1776972321000
1776972323.675,23.675,0.65,0.66,0.34,0.35,0.01,0.01,77851.39,1776972322000
1776972324.064,24.064,0.65,0.66,0.34,0.35,0.01,0.01,77851.45,1776972323000
1776972324.669,24.669,0.65,0.66,0.34,0.35,0.01,0.01,77851.45,1776972323000
1776972325.098,25.098,0.65,0.66,0.34,0.35,0.01,0.01,77851.44,1776972324000
1776972325.707,25.707,0.65,0.66,0.34,0.35,0.01,0.01,77851.44,1776972324000
1776972326.158,26.158,0.65,0.66,0.34,0.35,0.01,0.01,77851.64,1776972325000
1776972326.52,26.52,0.63,0.66,0.34,0.35,0.03,0.01,77851.64,1776972325000
1776972326.853,26.853,0.65,0.66,0.34,0.35,0.01,0.01,77851.64,1776972325000
1776972327.202,27.202,0.65,0.66,0.34,0.35,0.01,0.01,77850.57,1776972326000
1776972327.967,27.967,0.65,0.66,0.34,0.35,0.01,0.01,77850.57,1776972326000
1776972328.376,28.376,0.64,0.65,0.34,0.35,0.01,0.01,77851.3,1776972327000
1776972329.018,29.018,0.63,0.64,0.36,0.37,0.01,0.01,77851.3,1776972327000
1776972330.324,30.324,0.63,0.64,0.36,0.37,0.01,0.01,77848.63,1776972329000
1776972331.35,31.35,0.63,0.64,0.36,0.37,0.01,0.01,77847.9,1776972330000
1776972332.324,32.324,0.63,0.64,0.36,0.37,0.01,0.01,77851.0,1776972331000
1776972332.995,32.995,0.63,0.64,0.36,0.37,0.01,0.01,77851.92,1776972332000
1776972333.437,33.437,0.63,0.64,0.36,0.37,0.01,0.01,77851.92,1776972332000
1776972333.855,33.855,0.63,0.64,0.36,0.37,0.01,0.01,77852.5,1776972333000
1776972334.477,34.477,0.63,0.64,0.36,0.37,0.01,0.01,77852.5,1776972333000
1776972334.854,34.854,0.63,0.64,0.36,0.37,0.01,0.01,77852.5,1776972333000
1776972335.196,35.196,0.63,0.64,0.36,0.37,0.01,0.01,77852.65,1776972334000
1776972335.543,35.543,0.63,0.64,0.36,0.37,0.01,0.01,77852.65,1776972334000
1776972335.933,35.933,0.63,0.64,0.36,0.37,0.01,0.01,77852.67,1776972335000
1776972336.478,36.478,0.63,0.64,0.36,0.37,0.01,0.01,77852.67,1776972335000
1776972336.83,36.83,0.63,0.64,0.36,0.37,0.01,0.01,77852.67,1776972335000
1776972337.182,37.182,0.63,0.64,0.36,0.37,0.01,0.01,77852.67,1776972335000
1776972337.568,37.568,0.63,0.64,0.36,0.37,0.01,0.01,77853.04,1776972336000
1776972337.914,37.914,0.63,0.64,0.36,0.37,0.01,0.01,77853.14,1776972337000
1776972338.347,38.347,0.63,0.64,0.36,0.37,0.01,0.01,77853.14,1776972337000
1776972339.283,39.283,0.63,0.64,0.36,0.37,0.01,0.01,77853.14,1776972337000
1776972339.776,39.776,0.63,0.64,0.36,0.37,0.01,0.01,77853.43,1776972338000
1776972341.14,41.14,0.63,0.64,0.36,0.37,0.01,0.01,77850.86,1776972339000
1776972341.611,41.611,0.63,0.64,0.36,0.37,0.01,0.01,77850.46,1776972340000
1776972342.204,42.204,0.62,0.63,0.36,0.38,0.01,0.02,77850.46,1776972340000
1776972342.539,42.539,0.61,0.63,0.37,0.39,0.02,0.02,77849.6,1776972341000
1776972342.886,42.886,0.58,0.6,0.4,0.42,0.02,0.02,77849.6,1776972341000
1776972343.445,43.445,0.59,0.6,0.4,0.42,0.01,0.02,77845.37,1776972342000
1776972343.802,43.802,0.59,0.6,0.4,0.41,0.01,0.01,77845.37,1776972342000
1776972344.191,44.191,0.59,0.6,0.4,0.41,0.01,0.01,77844.54,1776972343000
1776972344.999,44.999,0.59,0.6,0.4,0.41,0.01,0.01,77844.54,1776972343000
1776972345.555,45.555,0.59,0.6,0.4,0.41,0.01,0.01,77844.31,1776972344000
1776972345.893,45.893,0.59,0.6,0.4,0.41,0.01,0.01,77844.31,1776972344000
1776972346.319,46.319,0.59,0.6,0.4,0.41,0.01,0.01,77844.46,1776972345000
1776972347.008,47.008,0.59,0.6,0.4,0.41,0.01,0.01,77844.46,1776972345000
1776972347.35,47.35,0.59,0.6,0.4,0.41,0.01,0.01,77844.46,1776972345000
1776972347.856,47.856,0.59,0.6,0.4,0.41,0.01,0.01,77843.98,1776972346000
1776972348.302,48.302,0.6,0.61,0.39,0.41,0.01,0.02,77843.98,1776972346000
1776972348.684,48.684,0.6,0.61,0.39,0.4,0.01,0.01,77844.31,1776972347000
1776972349.28,49.28,0.6,0.61,0.39,0.4,0.01,0.01,77844.26,1776972348000
1776972350.417,50.417,0.6,0.61,0.39,0.4,0.01,0.01,77844.26,1776972348000
1776972350.818,50.818,0.6,0.61,0.39,0.4,0.01,0.01,77843.56,1776972349000
1776972351.159,51.159,0.6,0.61,0.39,0.4,0.01,0.01,77843.55,1776972350000
1776972351.722,51.722,0.6,0.61,0.39,0.4,0.01,0.01,77843.55,1776972350000
1776972352.23,52.23,0.64,0.65,0.35,0.36,0.01,0.01,77843.55,1776972350000
1776972352.832,52.832,0.63,0.66,0.35,0.4,0.03,0.05,77844.05,1776972351000
1776972353.172,53.172,0.65,0.66,0.34,0.35,0.01,0.01,77845.5,1776972352000
1776972353.755,53.755,0.65,0.66,0.34,0.35,0.01,0.01,77845.5,1776972352000
1776972354.149,54.149,0.66,0.67,0.33,0.34,0.01,0.01,77845.5,1776972352000
1776972354.503,54.503,0.66,0.67,0.33,0.34,0.01,0.01,77852.11,1776972353000
1776972354.862,54.862,0.66,0.67,0.33,0.34,0.01,0.01,77852.11,1776972353000
1776972355.212,55.212,0.68,0.69,0.31,0.32,0.01,0.01,77861.46,1776972354000
1776972355.588,55.588,0.68,0.69,0.31,0.32,0.01,0.01,77861.46,1776972354000
1776972356.012,56.012,0.69,0.7,0.3,0.31,0.01,0.01,77861.46,1776972354000
1776972356.368,56.368,0.69,0.7,0.3,0.31,0.01,0.01,77863.41,1776972355000
1776972356.787,56.787,0.69,0.7,0.3,0.31,0.01,0.01,77863.41,1776972355000
1776972357.275,57.275,0.69,0.7,0.3,0.31,0.01,0.01,77863.35,1776972356000
1776972357.792,57.792,0.69,0.7,0.3,0.31,0.01,0.01,77863.35,1776972356000
1776972358.125,58.125,0.69,0.7,0.3,0.31,0.01,0.01,77863.35,1776972356000
1776972358.885,58.885,0.69,0.7,0.3,0.31,0.01,0.01,77862.91,1776972358000
1776972359.921,59.921,0.69,0.7,0.3,0.31,0.01,0.01,77862.91,1776972358000
1776972360.469,60.469,0.69,0.71,0.3,0.31,0.02,0.01,77864.61,1776972359000
1776972360.953,60.953,0.69,0.71,0.29,0.31,0.02,0.02,77864.61,1776972359000
1776972361.335,61.335,0.69,0.72,0.29,0.31,0.03,0.02,77866.62,1776972360000
1776972361.766,61.766,0.7,0.73,0.27,0.3,0.03,0.03,77866.62,1776972360000
1776972362.102,62.102,0.72,0.73,0.27,0.28,0.01,0.01,77873.07,1776972361000
1776972362.436,62.436,0.71,0.75,0.25,0.26,0.04,0.01,77873.07,1776972361000
1776972362.835,62.835,0.78,0.79,0.21,0.22,0.01,0.01,77873.07,1776972361000
1776972363.176,63.176,0.78,0.79,0.21,0.22,0.01,0.01,77873.07,1776972361000
1776972363.559,63.559,0.78,0.79,0.21,0.22,0.01,0.01,77880.72,1776972362000
1776972363.898,63.898,0.78,0.79,0.21,0.22,0.01,0.01,77880.72,1776972362000
1776972364.263,64.263,0.78,0.79,0.21,0.22,0.01,0.01,77883.85,1776972363000
1776972364.624,64.624,0.78,0.79,0.21,0.22,0.01,0.01,77883.85,1776972363000
1776972364.991,64.991,0.78,0.79,0.21,0.22,0.01,0.01,77890.32,1776972364000
1776972365.447,65.447,0.78,0.79,0.21,0.22,0.01,0.01,77890.32,1776972364000
1776972366.274,66.274,0.78,0.79,0.21,0.22,0.01,0.01,77892.35,1776972365000
1776972367.078,67.078,0.78,0.79,0.21,0.22,0.01,0.01,77892.35,1776972365000
1776972367.426,67.426,0.78,0.79,0.21,0.22,0.01,0.01,77892.35,1776972365000
1776972367.853,67.853,0.78,0.79,0.21,0.22,0.01,0.01,77891.95,1776972366000
1776972368.24,68.24,0.78,0.79,0.21,0.22,0.01,0.01,77891.98,1776972367000
1776972369.247,69.247,0.78,0.79,0.21,0.22,0.01,0.01,77892.12,1776972368000
1776972369.593,69.593,0.78,0.79,0.21,0.22,0.01,0.01,77892.12,1776972368000
1776972370.059,70.059,0.78,0.79,0.21,0.22,0.01,0.01,77892.12,1776972368000
1776972370.693,70.693,0.78,0.79,0.21,0.22,0.01,0.01,77892.35,1776972369000
1776972371.029,71.029,0.78,0.79,0.21,0.22,0.01,0.01,77892.35,1776972369000
1776972371.426,71.426,0.78,0.79,0.21,0.22,0.01,0.01,77892.35,1776972369000
1776972371.868,71.868,0.78,0.79,0.21,0.22,0.01,0.01,77892.31,1776972370000
1776972372.353,72.353,0.78,0.79,0.2,0.22,0.01,0.02,77892.58,1776972371000
1776972372.938,72.938,0.79,0.8,0.2,0.22,0.01,0.02,77892.58,1776972371000
1776972373.277,73.277,0.79,0.8,0.2,0.21,0.01,0.01,77892.96,1776972372000
1776972373.716,73.716,0.81,0.82,0.14,0.2,0.01,0.06,77892.96,1776972372000
1776972374.06,74.06,0.81,0.82,0.18,0.19,0.01,0.01,77892.96,1776972372000
1776972374.44,74.44,0.83,0.84,0.16,0.17,0.01,0.01,77900.04,1776972373000
1776972374.853,74.853,0.83,0.84,0.16,0.17,0.01,0.01,77900.04,1776972373000
1776972375.194,75.194,0.83,0.84,0.16,0.17,0.01,0.01,77900.04,1776972373000
1776972375.545,75.545,0.83,0.84,0.16,0.17,0.01,0.01,77902.02,1776972374000
1776972375.883,75.883,0.83,0.84,0.16,0.17,0.01,0.01,77902.04,1776972375000
1776972376.276,76.276,0.83,0.84,0.16,0.17,0.01,0.01,77902.04,1776972375000
1776972376.625,76.625,0.83,0.84,0.16,0.17,0.01,0.01,77902.04,1776972375000
1776972376.974,76.974,0.83,0.84,0.16,0.17,0.01,0.01,77901.27,1776972376000
1776972377.341,77.341,0.83,0.84,0.16,0.17,0.01,0.01,77901.27,1776972376000
1776972377.687,77.687,0.82,0.83,0.16,0.18,0.01,0.02,77901.27,1776972376000
1776972378.146,78.146,0.82,0.83,0.17,0.18,0.01,0.01,77901.37,1776972377000
1776972378.908,78.908,0.82,0.83,0.17,0.18,0.01,0.01,77901.37,1776972377000
1776972379.426,79.426,0.82,0.83,0.17,0.18,0.01,0.01,77900.63,1776972378000
1776972379.837,79.837,0.82,0.83,0.17,0.18,0.01,0.01,77900.63,1776972378000
1776972380.386,80.386,0.82,0.83,0.17,0.18,0.01,0.01,77900.63,1776972378000
1776972380.883,80.883,0.82,0.83,0.17,0.18,0.01,0.01,77898.36,1776972379000
1776972381.226,81.226,0.78,0.8,0.21,0.22,0.02,0.01,77890.33,1776972380000
1776972381.58,81.58,0.77,0.78,0.22,0.25,0.01,0.03,77890.33,1776972380000
1776972381.939,81.939,0.76,0.77,0.23,0.24,0.01,0.01,77890.33,1776972380000
1776972382.343,82.343,0.75,0.76,0.23,0.25,0.01,0.02,77881.36,1776972381000
1776972382.724,82.724,0.75,0.76,0.24,0.25,0.01,0.01,77881.36,1776972381000
1776972383.232,83.232,0.73,0.74,0.26,0.27,0.01,0.01,77881.36,1776972381000
1776972383.663,83.663,0.71,0.74,0.26,0.28,0.03,0.02,77881.69,1776972382000
1776972384.01,84.01,0.72,0.73,0.27,0.28,0.01,0.01,77881.71,1776972383000
1776972384.493,84.493,0.7,0.71,0.27,0.28,0.01,0.01,77881.71,1776972383000
1776972384.827,84.827,0.7,0.71,0.29,0.3,0.01,0.01,77881.71,1776972383000
1776972385.179,85.179,0.7,0.71,0.29,0.3,0.01,0.01,77881.71,1776972383000
1776972385.545,85.545,0.7,0.71,0.29,0.3,0.01,0.01,77881.69,1776972384000
1776972386.039,86.039,0.72,0.73,0.27,0.28,0.01,0.01,77881.69,1776972384000
1776972386.409,86.409,0.72,0.73,0.27,0.28,0.01,0.01,77873.96,1776972385000
1776972386.903,86.903,0.72,0.73,0.27,0.28,0.01,0.01,77872.61,1776972386000
1776972387.297,87.297,0.72,0.73,0.27,0.28,0.01,0.01,77872.61,1776972386000
1776972387.633,87.633,0.72,0.73,0.27,0.28,0.01,0.01,77872.61,1776972386000
1776972387.995,87.995,0.72,0.73,0.27,0.28,0.01,0.01,77872.61,1776972386000
1776972388.363,88.363,0.72,0.73,0.27,0.28,0.01,0.01,77872.61,1776972386000
1776972388.736,88.736,0.72,0.73,0.27,0.28,0.01,0.01,77872.61,1776972386000
1776972389.195,89.195,0.72,0.73,0.27,0.28,0.01,0.01,77873.74,1776972387000
1776972389.565,89.565,0.71,0.72,0.28,0.29,0.01,0.01,77874.38,1776972388000
1776972389.971,89.971,0.73,0.74,0.26,0.27,0.01,0.01,77874.38,1776972388000
1776972390.391,90.391,0.73,0.74,0.26,0.27,0.01,0.01,77874.38,1776972389000
1776972390.839,90.839,0.73,0.74,0.26,0.27,0.01,0.01,77874.38,1776972389000
1776972391.18,91.18,0.73,0.74,0.26,0.27,0.01,0.01,77874.38,1776972389000
1776972391.64,91.64,0.72,0.73,0.26,0.28,0.01,0.02,77875.58,1776972390000
1776972392.02,92.02,0.71,0.72,0.27,0.29,0.01,0.02,77875.75,1776972391000
1776972392.379,92.379,0.71,0.72,0.28,0.29,0.01,0.01,77875.75,1776972391000
1776972392.76,92.76,0.71,0.72,0.28,0.29,0.01,0.01,77875.75,1776972391000
1776972393.232,93.232,0.71,0.72,0.28,0.29,0.01,0.01,77876.96,1776972392000
1776972393.721,93.721,0.72,0.73,0.27,0.29,0.01,0.02,77876.96,1776972392000
1776972394.103,94.103,0.73,0.75,0.26,0.28,0.02,0.02,77877.17,1776972393000
1776972394.461,94.461,0.73,0.75,0.25,0.27,0.02,0.02,77877.17,1776972393000
1776972394.906,94.906,0.73,0.74,0.25,0.27,0.01,0.02,77877.17,1776972393000
1776972395.407,95.407,0.74,0.75,0.25,0.26,0.01,0.01,77877.56,1776972394000
1776972396.143,96.143,0.74,0.76,0.24,0.26,0.02,0.02,77878.28,1776972395000
1776972396.847,96.847,0.75,0.76,0.24,0.26,0.01,0.02,77878.28,1776972395000
1776972397.456,97.456,0.75,0.76,0.24,0.25,0.01,0.01,77878.97,1776972396000
1776972397.873,97.873,0.68,0.76,0.24,0.32,0.08,0.08,77878.97,1776972396000
1776972398.265,98.265,0.72,0.73,0.27,0.28,0.01,0.01,77878.76,1776972397000
1776972398.751,98.751,0.72,0.73,0.27,0.28,0.01,0.01,77878.76,1776972397000
1776972399.111,99.111,0.71,0.72,0.28,0.29,0.01,0.01,77878.76,1776972397000
1776972399.57,99.57,0.71,0.72,0.28,0.29,0.01,0.01,77879.68,1776972398000
1776972399.94,99.94,0.71,0.72,0.28,0.29,0.01,0.01,77879.68,1776972398000
1776972400.281,100.281,0.71,0.72,0.28,0.29,0.01,0.01,77880.42,1776972399000
1776972400.706,100.706,0.7,0.71,0.29,0.3,0.01,0.01,77880.42,1776972399000
1776972401.158,101.158,0.7,0.71,0.29,0.3,0.01,0.01,77880.42,1776972399000
1776972401.512,101.512,0.7,0.71,0.29,0.3,0.01,0.01,77880.63,1776972400000
1776972401.941,101.941,0.69,0.7,0.29,0.31,0.01,0.02,77880.63,1776972400000
1776972402.301,102.301,0.7,0.71,0.29,0.3,0.01,0.01,77880.63,1776972401000
1776972402.637,102.637,0.7,0.71,0.29,0.3,0.01,0.01,77880.63,1776972401000
1776972403.056,103.056,0.71,0.72,0.28,0.29,0.01,0.01,77880.63,1776972401000
1776972403.891,103.891,0.76,0.77,0.23,0.24,0.01,0.01,77880.71,1776972402000
1776972404.26,104.26,0.76,0.77,0.23,0.24,0.01,0.01,77880.28,1776972403000
1776972404.711,104.711,0.76,0.77,0.23,0.24,0.01,0.01,77880.28,1776972403000
1776972405.106,105.106,0.76,0.77,0.23,0.24,0.01,0.01,77881.22,1776972404000
1776972405.532,105.532,0.76,0.77,0.23,0.24,0.01,0.01,77881.22,1776972404000
1776972405.889,105.889,0.76,0.78,0.22,0.24,0.02,0.02,77881.22,1776972404000
1776972406.249,106.249,0.76,0.77,0.23,0.24,0.01,0.01,77883.77,1776972405000
1776972406.963,106.963,0.76,0.77,0.23,0.24,0.01,0.01,77883.77,1776972405000
1776972407.393,107.393,0.77,0.79,0.21,0.24,0.02,0.03,77886.79,1776972406000
1776972407.829,107.829,0.78,0.79,0.21,0.22,0.01,0.01,77886.79,1776972406000
1776972408.324,108.324,0.78,0.79,0.21,0.22,0.01,0.01,77887.75,1776972407000
1776972408.721,108.721,0.78,0.79,0.21,0.22,0.01,0.01,77887.75,1776972407000
1776972409.095,109.095,0.78,0.79,0.21,0.22,0.01,0.01,77889.84,1776972408000
1776972409.51,109.51,0.78,0.79,0.21,0.22,0.01,0.01,77889.84,1776972408000
1776972409.861,109.861,0.79,0.8,0.2,0.21,0.01,0.01,77889.84,1776972408000
1776972410.214,110.214,0.79,0.8,0.2,0.21,0.01,0.01,77890.9,1776972409000
1776972410.571,110.571,0.81,0.82,0.18,0.19,0.01,0.01,77890.9,1776972409000
1776972410.922,110.922,0.81,0.82,0.18,0.19,0.01,0.01,77890.9,1776972409000
1776972411.373,111.373,0.81,0.82,0.18,0.19,0.01,0.01,77892.91,1776972410000
1776972411.822,111.822,0.81,0.82,0.18,0.19,0.01,0.01,77892.91,1776972410000
1776972412.261,112.261,0.81,0.82,0.18,0.19,0.01,0.01,77892.91,1776972410000
1776972412.72,112.72,0.81,0.82,0.18,0.19,0.01,0.01,77895.77,1776972411000
1776972413.072,113.072,0.81,0.82,0.18,0.19,0.01,0.01,77895.77,1776972411000
1776972413.457,113.457,0.81,0.82,0.18,0.19,0.01,0.01,77895.77,1776972411000
1776972413.87,113.87,0.8,0.85,0.19,0.2,0.05,0.01,77896.37,1776972412000
1776972414.364,114.364,0.84,0.85,0.15,0.2,0.01,0.05,77896.92,1776972413000
1776972414.752,114.752,0.83,0.85,0.15,0.16,0.02,0.01,77896.92,1776972413000
1776972415.192,115.192,0.82,0.83,0.17,0.18,0.01,0.01,77897.25,1776972414000
1776972415.607,115.607,0.82,0.83,0.17,0.18,0.01,0.01,77897.25,1776972414000
1776972415.976,115.976,0.82,0.83,0.17,0.18,0.01,0.01,77897.25,1776972414000
1776972416.557,116.557,0.82,0.83,0.17,0.18,0.01,0.01,77896.52,1776972415000
1776972416.975,116.975,0.82,0.83,0.17,0.18,0.01,0.01,77896.52,1776972415000
1776972417.352,117.352,0.82,0.83,0.17,0.18,0.01,0.01,77896.5,1776972416000
1776972417.726,117.726,0.82,0.83,0.17,0.18,0.01,0.01,77896.5,1776972416000
1776972418.098,118.098,0.82,0.83,0.17,0.18,0.01,0.01,77897.62,1776972417000
1776972418.455,118.455,0.79,0.83,0.17,0.18,0.04,0.01,77897.62,1776972417000
1776972418.834,118.834,0.8,0.81,0.19,0.2,0.01,0.01,77897.62,1776972417000
1776972419.339,119.339,0.8,0.81,0.19,0.2,0.01,0.01,77897.67,1776972418000
1776972419.694,119.694,0.8,0.81,0.19,0.2,0.01,0.01,77897.67,1776972418000
1776972420.121,120.121,0.8,0.81,0.19,0.2,0.01,0.01,77897.67,1776972418000
1776972420.489,120.489,0.8,0.81,0.19,0.2,0.01,0.01,77898.1,1776972419000
1776972420.883,120.883,0.79,0.81,0.19,0.2,0.02,0.01,77898.1,1776972419000
1776972421.666,121.666,0.79,0.8,0.19,0.21,0.01,0.02,77897.93,1776972420000
1776972422.013,122.013,0.79,0.8,0.2,0.21,0.01,0.01,77897.93,1776972420000
1776972422.48,122.48,0.79,0.8,0.2,0.21,0.01,0.01,77897.93,1776972421000
1776972423.149,123.149,0.79,0.8,0.2,0.21,0.01,0.01,77897.93,1776972421000
1776972423.498,123.498,0.79,0.8,0.2,0.21,0.01,0.01,77897.77,1776972422000
1776972423.929,123.929,0.79,0.8,0.2,0.21,0.01,0.01,77897.77,1776972422000
1776972424.443,124.443,0.79,0.8,0.2,0.21,0.01,0.01,77897.8,1776972423000
1776972424.911,124.911,0.78,0.79,0.21,0.22,0.01,0.01,77897.8,1776972423000
1776972425.427,125.427,0.74,0.76,0.24,0.26,0.02,0.02,77897.79,1776972424000
1776972425.853,125.853,0.74,0.76,0.24,0.26,0.02,0.02,77897.79,1776972424000
1776972426.241,126.241,0.73,0.75,0.25,0.27,0.02,0.02,77892.82,1776972425000
1776972426.587,126.587,0.74,0.75,0.25,0.27,0.01,0.02,77892.82,1776972425000
1776972426.956,126.956,0.71,0.75,0.25,0.29,0.04,0.04,77892.82,1776972425000
1776972427.462,127.462,0.67,0.68,0.32,0.33,0.01,0.01,77884.28,1776972426000
1776972427.798,127.798,0.67,0.68,0.32,0.33,0.01,0.01,77884.28,1776972426000
1776972428.253,128.253,0.67,0.68,0.32,0.33,0.01,0.01,77878.43,1776972427000
1776972428.814,128.814,0.67,0.68,0.32,0.33,0.01,0.01,77878.43,1776972427000
1776972429.218,129.218,0.67,0.68,0.32,0.33,0.01,0.01,77878.43,1776972427000
1776972429.584,129.584,0.67,0.68,0.32,0.33,0.01,0.01,77871.01,1776972428000
1776972430.199,130.199,0.67,0.68,0.32,0.33,0.01,0.01,77871.01,1776972428000
1776972430.583,130.583,0.67,0.68,0.32,0.33,0.01,0.01,77870.83,1776972429000
1776972430.975,130.975,0.67,0.68,0.32,0.33,0.01,0.01,77870.88,1776972430000
1776972431.495,131.495,0.68,0.71,0.32,0.33,0.03,0.01,77870.88,1776972430000
1776972431.913,131.913,0.73,0.74,0.26,0.27,0.01,0.01,77870.56,1776972431000
1776972432.268,132.268,0.73,0.74,0.26,0.27,0.01,0.01,77870.56,1776972431000
1776972432.601,132.601,0.73,0.74,0.26,0.27,0.01,0.01,77870.56,1776972431000
1776972432.956,132.956,0.73,0.78,0.22,0.27,0.05,0.05,77870.56,1776972432000
1776972433.422,133.422,0.77,0.78,0.22,0.23,0.01,0.01,77870.56,1776972432000
1776972433.928,133.928,0.77,0.78,0.22,0.23,0.01,0.01,77876.78,1776972433000
1776972434.339,134.339,0.77,0.78,0.22,0.23,0.01,0.01,77876.78,1776972433000
1776972434.797,134.797,0.77,0.78,0.22,0.23,0.01,0.01,77876.78,1776972433000
1776972435.228,135.228,0.77,0.78,0.22,0.23,0.01,0.01,77882.77,1776972434000
1776972435.577,135.577,0.77,0.78,0.22,0.23,0.01,0.01,77882.77,1776972434000
1776972436.436,136.436,0.77,0.79,0.22,0.23,0.02,0.01,77882.77,1776972434000
1776972436.776,136.776,0.78,0.79,0.21,0.23,0.01,0.02,77883.59,1776972435000
1776972437.196,137.196,0.78,0.79,0.21,0.22,0.01,0.01,77883.59,1776972435000
1776972437.997,137.997,0.78,0.79,0.21,0.22,0.01,0.01,77884.49,1776972436000
1776972438.394,138.394,0.78,0.79,0.21,0.22,0.01,0.01,77885.21,1776972437000
1776972438.835,138.835,0.78,0.79,0.21,0.22,0.01,0.01,77884.88,1776972438000
1776972439.205,139.205,0.78,0.79,0.21,0.22,0.01,0.01,77884.88,1776972438000
1776972439.56,139.56,0.78,0.79,0.21,0.22,0.01,0.01,77884.88,1776972438000
1776972439.931,139.931,0.78,0.79,0.21,0.22,0.01,0.01,77884.88,1776972438000
1776972440.321,140.321,0.78,0.8,0.21,0.22,0.02,0.01,77884.89,1776972439000
1776972440.831,140.831,0.79,0.8,0.2,0.21,0.01,0.01,77884.89,1776972439000
1776972441.351,141.351,0.79,0.8,0.2,0.21,0.01,0.01,77884.86,1776972440000
1776972441.693,141.693,0.79,0.8,0.2,0.21,0.01,0.01,77884.86,1776972440000
1776972442.311,142.311,0.79,0.81,0.2,0.21,0.02,0.01,77884.86,1776972440000
1776972442.654,142.654,0.79,0.82,0.18,0.21,0.03,0.03,77885.68,1776972441000
1776972443.077,143.077,0.81,0.82,0.18,0.19,0.01,0.01,77885.68,1776972441000
1776972443.717,143.717,0.82,0.83,0.17,0.18,0.01,0.01,77885.69,1776972442000
1776972444.122,144.122,0.82,0.83,0.17,0.18,0.01,0.01,77885.69,1776972442000
1776972444.487,144.487,0.82,0.83,0.17,0.18,0.01,0.01,77888.27,1776972443000
1776972444.864,144.864,0.82,0.83,0.17,0.18,0.01,0.01,77888.27,1776972443000
1776972445.198,145.198,0.82,0.83,0.17,0.18,0.01,0.01,77893.12,1776972444000
1776972445.76,145.76,0.82,0.83,0.17,0.18,0.01,0.01,77893.12,1776972444000
1776972446.67,146.67,0.81,0.82,0.18,0.19,0.01,0.01,77894.69,1776972445000
1776972447.077,147.077,0.81,0.82,0.18,0.19,0.01,0.01,77894.69,1776972445000
1776972447.509,147.509,0.8,0.81,0.19,0.2,0.01,0.01,77895.11,1776972446000
1776972447.863,147.863,0.8,0.81,0.19,0.2,0.01,0.01,77895.11,1776972446000
1776972448.277,148.277,0.8,0.81,0.19,0.2,0.01,0.01,77895.2,1776972447000
1776972449.058,149.058,0.79,0.8,0.19,0.2,0.01,0.01,77895.2,1776972447000
1776972449.465,149.465,0.79,0.8,0.2,0.21,0.01,0.01,77895.2,1776972447000
1776972449.873,149.873,0.79,0.8,0.2,0.21,0.01,0.01,77892.62,1776972448000
1776972450.218,150.218,0.64,0.71,0.29,0.36,0.07,0.07,77892.08,1776972449000
1776972450.552,150.552,0.62,0.74,0.26,0.38,0.12,0.12,77892.08,1776972449000
1776972450.908,150.908,0.59,0.64,0.36,0.41,0.05,0.05,77892.08,1776972449000
1776972451.28,151.28,0.59,0.64,0.36,0.41,0.05,0.05,77892.08,1776972449000
1776972451.616,151.616,0.63,0.64,0.28,0.37,0.01,0.09,77892.08,1776972449000
1776972451.973,151.973,0.63,0.64,0.31,0.37,0.01,0.06,77878.77,1776972450000
1776972452.324,152.324,0.68,0.69,0.3,0.32,0.01,0.02,77878.77,1776972450000
1776972452.674,152.674,0.68,0.69,0.31,0.32,0.01,0.01,77878.77,1776972450000
1776972453.116,153.116,0.67,0.69,0.31,0.32,0.02,0.01,77868.42,1776972451000
1776972453.494,153.494,0.65,0.66,0.33,0.35,0.01,0.02,77868.42,1776972451000
1776972453.887,153.887,0.65,0.66,0.34,0.35,0.01,0.01,77868.12,1776972452000
1776972454.239,154.239,0.65,0.66,0.34,0.35,0.01,0.01,77868.12,1776972452000
1776972454.6,154.6,0.67,0.68,0.32,0.34,0.01,0.02,77868.53,1776972453000
1776972454.938,154.938,0.67,0.68,0.32,0.33,0.01,0.01,77868.53,1776972453000
1776972455.373,155.373,0.68,0.69,0.31,0.32,0.01,0.01,77868.53,1776972453000
1776972455.782,155.782,0.68,0.69,0.31,0.32,0.01,0.01,77865.99,1776972454000
1776972456.256,156.256,0.68,0.69,0.31,0.32,0.01,0.01,77865.99,1776972454000
1776972456.74,156.74,0.69,0.7,0.3,0.31,0.01,0.01,77865.57,1776972455000
1776972457.077,157.077,0.69,0.7,0.3,0.31,0.01,0.01,77865.33,1776972456000
1776972457.604,157.604,0.69,0.7,0.3,0.31,0.01,0.01,77865.33,1776972456000
1776972457.965,157.965,0.69,0.7,0.3,0.31,0.01,0.01,77865.33,1776972456000
1776972458.515,158.515,0.69,0.7,0.3,0.31,0.01,0.01,77865.14,1776972457000
1776972459.253,159.253,0.69,0.7,0.3,0.31,0.01,0.01,77865.24,1776972458000
1776972459.637,159.637,0.67,0.7,0.3,0.31,0.03,0.01,77865.24,1776972458000
1776972459.991,159.991,0.6,0.63,0.37,0.41,0.03,0.04,77865.24,1776972458000
1776972460.376,160.376,0.6,0.62,0.37,0.4,0.02,0.03,77865.24,1776972458000
1776972460.751,160.751,0.61,0.62,0.38,0.39,0.01,0.01,77865.24,1776972458000
1776972461.157,161.157,0.61,0.62,0.38,0.39,0.01,0.01,77859.49,1776972459000
1776972461.556,161.556,0.62,0.63,0.37,0.39,0.01,0.02,77857.62,1776972460000
1776972462.151,162.151,0.62,0.63,0.37,0.38,0.01,0.01,77857.62,1776972460000
1776972462.679,162.679,0.62,0.63,0.37,0.38,0.01,0.01,77853.82,1776972461000
1776972463.152,163.152,0.65,0.66,0.34,0.35,0.01,0.01,77853.82,1776972461000
1776972463.771,163.771,0.65,0.66,0.34,0.35,0.01,0.01,77853.82,1776972461000
1776972464.12,164.12,0.65,0.66,0.34,0.35,0.01,0.01,77853.09,1776972462000
1776972464.491,164.491,0.64,0.65,0.35,0.36,0.01,0.01,77853.09,1776972462000
1776972465.418,165.418,0.64,0.65,0.35,0.36,0.01,0.01,77856.23,1776972464000
1776972466.056,166.056,0.63,0.64,0.36,0.37,0.01,0.01,77856.23,1776972464000
1776972467.795,167.795,0.63,0.64,0.36,0.37,0.01,0.01,77840.75,1776972466000
1776972468.128,168.128,0.63,0.64,0.36,0.37,0.01,0.01,77840.75,1776972466000
1776972468.462,168.462,0.58,0.62,0.38,0.42,0.04,0.04,77838.6,1776972467000
1776972468.798,168.798,0.51,0.53,0.39,0.49,0.02,0.1,77838.6,1776972467000
1776972469.216,169.216,0.5,0.53,0.47,0.5,0.03,0.03,77835.55,1776972468000
1776972469.573,169.573,0.53,0.56,0.44,0.5,0.03,0.06,77835.55,1776972468000
1776972470.185,170.185,0.55,0.58,0.43,0.48,0.03,0.05,77835.55,1776972468000
1776972470.518,170.518,0.55,0.56,0.44,0.45,0.01,0.01,77835.55,1776972468000
1776972470.924,170.924,0.54,0.55,0.45,0.46,0.01,0.01,77835.55,1776972468000
1776972471.387,171.387,0.54,0.55,0.45,0.46,0.01,0.01,77837.3,1776972470000
1776972471.722,171.722,0.54,0.55,0.45,0.46,0.01,0.01,77837.3,1776972470000
1776972472.186,172.186,0.52,0.53,0.47,0.48,0.01,0.01,77837.3,1776972470000
1776972472.523,172.523,0.51,0.53,0.47,0.49,0.02,0.02,77837.3,1776972470000
1776972472.892,172.892,0.51,0.52,0.48,0.49,0.01,0.01,77837.3,1776972470000
1776972473.25,173.25,0.51,0.52,0.48,0.49,0.01,0.01,77839.39,1776972471000
1776972473.595,173.595,0.51,0.52,0.48,0.49,0.01,0.01,77839.22,1776972472000
1776972474.197,174.197,0.51,0.52,0.48,0.49,0.01,0.01,77839.22,1776972472000
1776972474.618,174.618,0.5,0.51,0.49,0.5,0.01,0.01,77838.48,1776972473000
1776972474.988,174.988,0.5,0.51,0.49,0.5,0.01,0.01,77838.48,1776972473000
1776972475.412,175.412,0.5,0.51,0.49,0.5,0.01,0.01,77838.48,1776972473000
1776972475.79,175.79,0.5,0.51,0.49,0.5,0.01,0.01,77838.53,1776972474000
1776972476.143,176.143,0.5,0.51,0.49,0.5,0.01,0.01,77838.78,1776972475000
1776972476.577,176.577,0.5,0.51,0.49,0.5,0.01,0.01,77838.78,1776972475000
1776972477.179,177.179,0.5,0.51,0.49,0.5,0.01,0.01,77838.78,1776972475000
1776972477.519,177.519,0.5,0.51,0.49,0.5,0.01,0.01,77838.78,1776972475000
1776972477.858,177.858,0.5,0.51,0.49,0.5,0.01,0.01,77839.12,1776972476000
1776972478.395,178.395,0.5,0.51,0.49,0.5,0.01,0.01,77839.46,1776972477000
1776972478.836,178.836,0.49,0.51,0.49,0.5,0.02,0.01,77839.46,1776972477000
1776972479.181,179.181,0.49,0.5,0.5,0.51,0.01,0.01,77839.46,1776972477000
1776972479.514,179.514,0.5,0.51,0.49,0.5,0.01,0.01,77838.78,1776972478000
1776972480.025,180.025,0.51,0.52,0.48,0.49,0.01,0.01,77838.78,1776972478000
1776972480.424,180.424,0.57,0.6,0.41,0.43,0.03,0.02,77838.31,1776972479000
1776972480.785,180.785,0.58,0.6,0.4,0.42,0.02,0.02,77838.31,1776972479000
1776972481.138,181.138,0.59,0.6,0.4,0.41,0.01,0.01,77838.43,1776972480000
1776972481.537,181.537,0.59,0.6,0.4,0.41,0.01,0.01,77838.43,1776972480000
1776972481.935,181.935,0.6,0.61,0.38,0.4,0.01,0.02,77838.43,1776972480000
1776972482.329,182.329,0.6,0.61,0.39,0.4,0.01,0.01,77838.43,1776972480000
1776972482.768,182.768,0.6,0.61,0.39,0.4,0.01,0.01,77838.43,1776972480000
1776972483.235,183.235,0.6,0.61,0.39,0.4,0.01,0.01,77845.33,1776972482000
1776972483.716,183.716,0.6,0.61,0.39,0.4,0.01,0.01,77845.33,1776972482000
1776972484.274,184.274,0.6,0.61,0.39,0.4,0.01,0.01,77846.32,1776972483000
1776972484.625,184.625,0.6,0.61,0.39,0.4,0.01,0.01,77846.32,1776972483000
1776972485.019,185.019,0.6,0.61,0.39,0.4,0.01,0.01,77846.32,1776972483000
1776972485.379,185.379,0.6,0.61,0.39,0.4,0.01,0.01,77846.32,1776972483000
1776972485.77,185.77,0.6,0.61,0.39,0.4,0.01,0.01,77848.06,1776972484000
1776972486.297,186.297,0.6,0.61,0.39,0.4,0.01,0.01,77848.06,1776972485000
1776972486.639,186.639,0.61,0.62,0.39,0.41,0.01,0.02,77848.06,1776972485000
1776972487.362,187.362,0.61,0.62,0.38,0.39,0.01,0.01,77848.06,1776972485000
1776972487.706,187.706,0.61,0.64,0.36,0.39,0.03,0.03,77847.85,1776972486000
1776972488.068,188.068,0.67,0.68,0.32,0.33,0.01,0.01,77847.85,1776972486000
1776972488.415,188.415,0.67,0.68,0.32,0.33,0.01,0.01,77848.59,1776972487000
1776972488.776,188.776,0.69,0.7,0.3,0.31,0.01,0.01,77848.59,1776972487000
1776972489.133,189.133,0.69,0.7,0.3,0.31,0.01,0.01,77848.59,1776972487000
1776972489.54,189.54,0.69,0.7,0.3,0.31,0.01,0.01,77850.85,1776972488000
1776972489.944,189.944,0.7,0.71,0.29,0.3,0.01,0.01,77850.85,1776972488000
1776972490.482,190.482,0.7,0.71,0.29,0.3,0.01,0.01,77856.2,1776972489000
1776972490.816,190.816,0.7,0.71,0.29,0.3,0.01,0.01,77856.2,1776972489000
1776972491.158,191.158,0.7,0.73,0.27,0.3,0.03,0.03,77861.31,1776972490000
1776972491.6,191.6,0.72,0.74,0.26,0.28,0.02,0.02,77861.31,1776972490000
1776972491.942,191.942,0.75,0.76,0.24,0.25,0.01,0.01,77861.31,1776972490000
1776972492.311,192.311,0.75,0.76,0.24,0.25,0.01,0.01,77862.58,1776972491000
1776972492.654,192.654,0.75,0.76,0.24,0.25,0.01,0.01,77862.58,1776972491000
1776972493.087,193.087,0.75,0.76,0.24,0.25,0.01,0.01,77872.25,1776972492000
1776972493.845,193.845,0.75,0.76,0.24,0.25,0.01,0.01,77872.25,1776972492000
1776972494.32,194.32,0.75,0.76,0.24,0.25,0.01,0.01,77874.91,1776972493000
1776972494.701,194.701,0.75,0.76,0.24,0.25,0.01,0.01,77874.91,1776972493000
1776972495.069,195.069,0.75,0.76,0.24,0.25,0.01,0.01,77876.14,1776972494000
1776972495.44,195.44,0.76,0.77,0.23,0.24,0.01,0.01,77876.14,1776972494000
1776972495.992,195.992,0.76,0.77,0.23,0.24,0.01,0.01,77876.14,1776972494000
1776972496.384,196.384,0.76,0.77,0.23,0.24,0.01,0.01,77876.92,1776972495000
1776972496.789,196.789,0.76,0.77,0.23,0.24,0.01,0.01,77876.92,1776972495000
1776972497.127,197.127,0.76,0.77,0.23,0.24,0.01,0.01,77876.92,1776972495000
1776972497.65,197.65,0.76,0.77,0.23,0.24,0.01,0.01,77877.36,1776972496000
1776972498.04,198.04,0.76,0.77,0.23,0.24,0.01,0.01,77877.36,1776972496000
1776972498.436,198.436,0.76,0.77,0.23,0.24,0.01,0.01,77877.52,1776972497000
1776972498.997,198.997,0.76,0.77,0.23,0.24,0.01,0.01,77877.86,1776972498000
1776972499.526,199.526,0.76,0.77,0.23,0.24,0.01,0.01,77877.86,1776972498000
1776972499.907,199.907,0.77,0.78,0.22,0.23,0.01,0.01,77877.86,1776972498000
1776972500.345,200.345,0.77,0.78,0.22,0.23,0.01,0.01,77878.49,1776972499000
1776972500.765,200.765,0.77,0.78,0.22,0.23,0.01,0.01,77878.49,1776972499000
1776972501.173,201.173,0.77,0.78,0.22,0.23,0.01,0.01,77876.91,1776972500000
1776972501.661,201.661,0.77,0.78,0.22,0.23,0.01,0.01,77876.91,1776972500000
1776972502.102,202.102,0.77,0.78,0.22,0.23,0.01,0.01,77882.7,1776972501000
1776972503.13,203.13,0.77,0.78,0.22,0.23,0.01,0.01,77882.7,1776972502000
1776972503.703,203.703,0.77,0.78,0.22,0.23,0.01,0.01,77882.7,1776972502000
1776972504.132,204.132,0.77,0.78,0.22,0.23,0.01,0.01,77882.7,1776972502000
1776972504.574,204.574,0.77,0.78,0.22,0.23,0.01,0.01,77883.1,1776972503000
1776972505.262,205.262,0.78,0.79,0.21,0.22,0.01,0.01,77883.1,1776972503000
1776972505.617,205.617,0.78,0.79,0.21,0.22,0.01,0.01,77885.47,1776972504000
1776972505.957,205.957,0.78,0.79,0.21,0.22,0.01,0.01,77885.47,1776972504000
1776972506.321,206.321,0.78,0.79,0.21,0.22,0.01,0.01,77885.47,1776972504000
1776972506.725,206.725,0.78,0.79,0.21,0.22,0.01,0.01,77884.73,1776972505000
1776972507.078,207.078,0.78,0.79,0.21,0.22,0.01,0.01,77884.73,1776972506000
1776972507.479,207.479,0.79,0.8,0.2,0.21,0.01,0.01,77884.73,1776972506000
1776972507.822,207.822,0.79,0.8,0.2,0.21,0.01,0.01,77884.73,1776972506000
1776972508.212,208.212,0.79,0.8,0.2,0.21,0.01,0.01,77884.58,1776972507000
1776972508.861,208.861,0.79,0.8,0.2,0.21,0.01,0.01,77884.58,1776972507000
1776972509.416,209.416,0.79,0.8,0.2,0.21,0.01,0.01,77884.25,1776972508000
1776972510.055,210.055,0.79,0.8,0.2,0.21,0.01,0.01,77884.25,1776972508000
1776972510.442,210.442,0.79,0.8,0.2,0.21,0.01,0.01,77884.01,1776972509000
1776972511.004,211.004,0.79,0.8,0.2,0.21,0.01,0.01,77884.01,1776972509000
1776972511.338,211.338,0.79,0.8,0.2,0.21,0.01,0.01,77884.13,1776972510000
1776972512.144,212.144,0.79,0.8,0.2,0.21,0.01,0.01,77884.14,1776972511000
1776972512.574,212.574,0.79,0.8,0.2,0.21,0.01,0.01,77884.14,1776972511000
1776972513.175,213.175,0.79,0.8,0.2,0.21,0.01,0.01,77884.15,1776972512000
1776972514.163,214.163,0.79,0.8,0.2,0.21,0.01,0.01,77884.15,1776972512000
1776972514.638,214.638,0.79,0.8,0.2,0.21,0.01,0.01,77884.15,1776972512000
1776972515.293,215.293,0.8,0.82,0.18,0.2,0.02,0.02,77886.77,1776972514000
1776972515.711,215.711,0.81,0.82,0.18,0.19,0.01,0.01,77886.77,1776972514000
1776972516.36,216.36,0.82,0.83,0.17,0.18,0.01,0.01,77887.16,1776972515000
1776972516.726,216.726,0.82,0.83,0.17,0.18,0.01,0.01,77887.16,1776972515000
1776972517.136,217.136,0.82,0.83,0.17,0.18,0.01,0.01,77889.11,1776972516000
1776972517.66,217.66,0.82,0.83,0.17,0.18,0.01,0.01,77889.11,1776972516000
1776972518.267,218.267,0.82,0.83,0.17,0.18,0.01,0.01,77889.11,1776972516000
1776972518.783,218.783,0.82,0.83,0.17,0.18,0.01,0.01,77889.23,1776972517000
1776972519.128,219.128,0.83,0.84,0.16,0.17,0.01,0.01,77889.23,1776972517000
1776972519.489,219.489,0.83,0.84,0.16,0.17,0.01,0.01,77889.27,1776972518000
1776972519.825,219.825,0.83,0.84,0.16,0.17,0.01,0.01,77889.27,1776972518000
1776972520.236,220.236,0.83,0.84,0.16,0.17,0.01,0.01,77890.65,1776972519000
1776972520.633,220.633,0.84,0.85,0.15,0.17,0.01,0.02,77890.65,1776972519000
1776972521.138,221.138,0.84,0.85,0.15,0.16,0.01,0.01,77890.65,1776972519000
1776972521.494,221.494,0.84,0.85,0.15,0.16,0.01,0.01,77897.15,1776972520000
1776972521.91,221.91,0.84,0.85,0.15,0.16,0.01,0.01,77897.15,1776972520000
1776972522.346,222.346,0.84,0.85,0.15,0.16,0.01,0.01,77897.15,1776972520000
1776972522.824,222.824,0.84,0.86,0.14,0.16,0.02,0.02,77899.82,1776972521000
1776972523.174,223.174,0.85,0.86,0.14,0.15,0.01,0.01,77899.84,1776972522000
1776972523.536,223.536,0.85,0.86,0.14,0.15,0.01,0.01,77899.84,1776972522000
1776972523.887,223.887,0.84,0.85,0.15,0.16,0.01,0.01,77899.84,1776972522000
1776972524.279,224.279,0.83,0.84,0.16,0.17,0.01,0.01,77899.84,1776972523000
1776972524.646,224.646,0.83,0.84,0.16,0.17,0.01,0.01,77899.84,1776972523000
1776972525.014,225.014,0.83,0.84,0.16,0.17,0.01,0.01,77899.84,1776972523000
1776972525.421,225.421,0.83,0.84,0.16,0.17,0.01,0.01,77900.17,1776972524000
1776972525.863,225.863,0.84,0.85,0.15,0.16,0.01,0.01,77900.17,1776972524000
1776972526.236,226.236,0.84,0.85,0.15,0.16,0.01,0.01,77894.9,1776972525000
1776972526.771,226.771,0.84,0.85,0.15,0.16,0.01,0.01,77894.9,1776972525000
1776972527.232,227.232,0.84,0.85,0.15,0.16,0.01,0.01,77891.84,1776972526000
1776972527.642,227.642,0.84,0.85,0.15,0.16,0.01,0.01,77891.84,1776972526000
1776972527.986,227.986,0.84,0.85,0.15,0.16,0.01,0.01,77891.84,1776972526000
1776972528.792,228.792,0.84,0.85,0.15,0.16,0.01,0.01,77891.84,1776972526000
1776972529.278,229.278,0.84,0.85,0.15,0.16,0.01,0.01,77891.33,1776972527000
1776972529.714,229.714,0.84,0.85,0.15,0.16,0.01,0.01,77891.33,1776972528000
1776972530.255,230.255,0.84,0.85,0.15,0.16,0.01,0.01,77891.33,1776972529000
1776972530.71,230.71,0.85,0.86,0.14,0.15,0.01,0.01,77891.33,1776972529000
1776972531.201,231.201,0.85,0.86,0.14,0.15,0.01,0.01,77891.05,1776972530000
1776972531.55,231.55,0.85,0.86,0.14,0.15,0.01,0.01,77891.05,1776972530000
1776972531.889,231.889,0.85,0.86,0.13,0.15,0.01,0.02,77891.05,1776972530000
1776972532.255,232.255,0.85,0.87,0.14,0.15,0.02,0.01,77891.05,1776972530000
1776972532.669,232.669,0.84,0.86,0.14,0.16,0.02,0.02,77892.03,1776972531000
1776972533.324,233.324,0.84,0.85,0.14,0.16,0.01,0.02,77889.81,1776972532000
1776972533.807,233.807,0.84,0.85,0.15,0.16,0.01,0.01,77889.81,1776972532000
1776972534.295,234.295,0.84,0.85,0.15,0.16,0.01,0.01,77890.23,1776972533000
1776972534.675,234.675,0.83,0.84,0.15,0.16,0.01,0.01,77890.23,1776972533000
1776972535.09,235.09,0.83,0.84,0.16,0.17,0.01,0.01,77890.21,1776972534000
1776972535.43,235.43,0.83,0.84,0.16,0.17,0.01,0.01,77890.21,1776972534000
1776972535.791,235.791,0.82,0.84,0.16,0.17,0.02,0.01,77890.21,1776972534000
1776972536.203,236.203,0.82,0.83,0.17,0.18,0.01,0.01,77890.43,1776972535000
1776972537.059,237.059,0.82,0.83,0.17,0.18,0.01,0.01,77890.43,1776972535000
1776972537.563,237.563,0.81,0.82,0.18,0.19,0.01,0.01,77887.35,1776972536000
1776972537.932,237.932,0.81,0.83,0.17,0.19,0.02,0.02,77887.35,1776972536000
1776972538.417,238.417,0.81,0.83,0.17,0.19,0.02,0.02,77881.96,1776972537000
1776972538.838,238.838,0.82,0.83,0.17,0.18,0.01,0.01,77881.96,1776972537000
1776972539.396,239.396,0.82,0.83,0.17,0.18,0.01,0.01,77880.94,1776972538000
1776972539.809,239.809,0.82,0.83,0.17,0.18,0.01,0.01,77880.94,1776972538000
1776972540.151,240.151,0.82,0.83,0.17,0.18,0.01,0.01,77881.34,1776972539000
1776972540.539,240.539,0.82,0.83,0.17,0.2,0.01,0.03,77881.34,1776972539000
1776972541.167,241.167,0.87,0.88,0.12,0.18,0.01,0.06,77881.34,1776972539000
1776972541.505,241.505,0.87,0.88,0.12,0.13,0.01,0.01,77882.13,1776972540000
1776972542.051,242.051,0.87,0.88,0.12,0.14,0.01,0.02,77882.13,1776972540000
1776972542.426,242.426,0.87,0.88,0.12,0.13,0.01,0.01,77882.13,1776972540000
1776972542.954,242.954,0.87,0.88,0.12,0.13,0.01,0.01,77882.48,1776972541000
1776972543.297,243.297,0.87,0.88,0.12,0.13,0.01,0.01,77882.48,1776972541000
1776972543.946,243.946,0.87,0.88,0.12,0.13,0.01,0.01,77884.71,1776972542000
1776972544.282,244.282,0.87,0.88,0.12,0.13,0.01,0.01,77885.99,1776972543000
1776972544.635,244.635,0.87,0.88,0.12,0.13,0.01,0.01,77885.99,1776972543000
1776972545.125,245.125,0.87,0.88,0.12,0.13,0.01,0.01,77887.71,1776972544000
1776972545.588,245.588,0.86,0.87,0.13,0.14,0.01,0.01,77887.71,1776972544000
1776972545.923,245.923,0.86,0.87,0.13,0.14,0.01,0.01,77887.71,1776972544000
1776972546.267,246.267,0.85,0.86,0.14,0.15,0.01,0.01,77887.71,1776972544000
1776972546.672,246.672,0.85,0.86,0.14,0.15,0.01,0.01,77887.72,1776972545000
1776972547.018,247.018,0.84,0.85,0.15,0.16,0.01,0.01,77887.72,1776972545000
1776972547.352,247.352,0.85,0.86,0.14,0.15,0.01,0.01,77888.16,1776972546000
1776972547.829,247.829,0.85,0.88,0.14,0.15,0.03,0.01,77888.16,1776972546000
1776972548.371,248.371,0.87,0.88,0.12,0.13,0.01,0.01,77888.15,1776972547000
1776972548.791,248.791,0.87,0.88,0.12,0.13,0.01,0.01,77888.15,1776972547000
1776972549.183,249.183,0.87,0.88,0.12,0.13,0.01,0.01,77888.15,1776972547000
1776972549.547,249.547,0.87,0.88,0.12,0.13,0.01,0.01,77888.41,1776972548000
1776972549.961,249.961,0.87,0.88,0.11,0.13,0.01,0.02,77888.41,1776972548000
1776972550.415,250.415,0.88,0.89,0.11,0.13,0.01,0.02,77888.41,1776972548000
1776972550.755,250.755,0.88,0.89,0.11,0.12,0.01,0.01,77890.0,1776972549000
1776972551.253,251.253,0.88,0.89,0.11,0.12,0.01,0.01,77892.2,1776972550000
1776972551.743,251.743,0.87,0.88,0.11,0.12,0.01,0.01,77892.2,1776972550000
1776972552.089,252.089,0.87,0.88,0.12,0.13,0.01,0.01,77892.2,1776972550000
1776972552.433,252.433,0.87,0.88,0.12,0.13,0.01,0.01,77893.29,1776972551000
1776972552.796,252.796,0.87,0.88,0.12,0.13,0.01,0.01,77893.29,1776972551000
1776972553.164,253.164,0.87,0.88,0.12,0.13,0.01,0.01,77893.29,1776972551000
1776972553.556,253.556,0.87,0.88,0.12,0.13,0.01,0.01,77893.57,1776972552000
1776972553.989,253.989,0.86,0.87,0.13,0.14,0.01,0.01,77893.57,1776972552000
1776972554.355,254.355,0.86,0.87,0.13,0.14,0.01,0.01,77893.58,1776972553000
1776972554.725,254.725,0.86,0.87,0.13,0.14,0.01,0.01,77893.58,1776972553000
1776972555.072,255.072,0.85,0.86,0.13,0.14,0.01,0.01,77893.28,1776972554000
1776972555.662,255.662,0.85,0.86,0.14,0.15,0.01,0.01,77893.28,1776972554000
1776972556.061,256.061,0.85,0.86,0.14,0.15,0.01,0.01,77889.05,1776972555000
1776972556.566,256.566,0.85,0.86,0.14,0.15,0.01,0.01,77889.05,1776972555000
1776972557.005,257.005,0.86,0.89,0.13,0.14,0.03,0.01,77889.05,1776972555000
1776972557.528,257.528,0.88,0.89,0.11,0.12,0.01,0.01,77888.5,1776972556000
1776972557.896,257.896,0.88,0.89,0.11,0.12,0.01,0.01,77888.5,1776972556000
1776972558.235,258.235,0.87,0.89,0.12,0.13,0.02,0.01,77888.5,1776972556000
1776972558.622,258.622,0.88,0.89,0.11,0.12,0.01,0.01,77888.73,1776972557000
1776972558.961,258.961,0.88,0.89,0.11,0.12,0.01,0.01,77891.5,1776972558000
1776972559.294,259.294,0.88,0.89,0.11,0.12,0.01,0.01,77891.5,1776972558000
1776972559.915,259.915,0.88,0.89,0.11,0.12,0.01,0.01,77891.5,1776972558000
1776972560.376,260.376,0.88,0.89,0.11,0.12,0.01,0.01,77892.04,1776972559000
1776972560.753,260.753,0.9,0.91,0.09,0.12,0.01,0.03,77892.04,1776972559000
1776972561.091,261.091,0.9,0.91,0.09,0.1,0.01,0.01,77892.95,1776972560000
1776972561.5,261.5,0.91,0.92,0.08,0.11,0.01,0.03,77892.95,1776972560000
1776972561.854,261.854,0.9,0.92,0.08,0.09,0.02,0.01,77892.95,1776972560000
1776972562.241,262.241,0.9,0.91,0.09,0.1,0.01,0.01,77892.96,1776972561000
1776972562.631,262.631,0.92,0.93,0.07,0.08,0.01,0.01,77892.96,1776972561000
1776972563.028,263.028,0.92,0.93,0.07,0.08,0.01,0.01,77892.96,1776972561000
1776972563.367,263.367,0.92,0.93,0.07,0.08,0.01,0.01,77892.93,1776972562000
1776972563.748,263.748,0.91,0.92,0.08,0.09,0.01,0.01,77892.93,1776972562000
1776972564.229,264.229,0.91,0.92,0.08,0.09,0.01,0.01,77893.51,1776972563000
1776972564.617,264.617,0.93,0.94,0.06,0.07,0.01,0.01,77893.51,1776972563000
1776972564.956,264.956,0.93,0.94,0.06,0.07,0.01,0.01,77893.51,1776972563000
1776972565.404,265.404,0.93,0.94,0.06,0.07,0.01,0.01,77893.57,1776972564000
1776972565.913,265.913,0.94,0.95,0.05,0.07,0.01,0.02,77893.57,1776972564000
1776972566.387,266.387,0.94,0.95,0.05,0.06,0.01,0.01,77893.57,1776972564000
1776972566.778,266.778,0.94,0.95,0.05,0.06,0.01,0.01,77894.09,1776972565000
1776972567.276,267.276,0.94,0.95,0.05,0.06,0.01,0.01,77894.47,1776972566000
1776972567.628,267.628,0.95,0.96,0.04,0.06,0.01,0.02,77894.47,1776972566000
1776972567.968,267.968,0.95,0.96,0.04,0.05,0.01,0.01,77895.58,1776972567000
1776972568.346,268.346,0.95,0.96,0.04,0.05,0.01,0.01,77895.58,1776972567000
1776972568.679,268.679,0.95,0.96,0.04,0.05,0.01,0.01,77895.58,1776972567000
1776972569.047,269.047,0.95,0.96,0.04,0.05,0.01,0.01,77895.58,1776972567000
1776972569.4,269.4,0.95,0.97,0.04,0.05,0.02,0.01,77895.58,1776972568000
1776972569.806,269.806,0.96,0.97,0.03,0.04,0.01,0.01,77895.58,1776972568000
1776972570.156,270.156,0.96,0.97,0.03,0.04,0.01,0.01,77895.58,1776972568000
1776972570.508,270.508,0.96,0.97,0.03,0.04,0.01,0.01,77895.0,1776972569000
1776972570.864,270.864,0.96,0.97,0.03,0.04,0.01,0.01,77895.0,1776972569000
1776972571.352,271.352,0.97,0.98,0.02,0.04,0.01,0.02,77894.73,1776972570000
1776972571.725,271.725,0.95,0.96,0.04,0.05,0.01,0.01,77894.73,1776972570000
1776972572.15,272.15,0.95,0.96,0.04,0.05,0.01,0.01,77894.73,1776972570000
1776972572.551,272.551,0.97,0.98,0.02,0.03,0.01,0.01,77894.77,1776972571000
1776972572.931,272.931,0.97,0.98,0.02,0.03,0.01,0.01,77894.77,1776972571000
1776972573.306,273.306,0.97,0.98,0.02,0.03,0.01,0.01,77895.87,1776972572000
1776972573.694,273.694,0.97,0.98,0.02,0.03,0.01,0.01,77895.87,1776972572000
1776972574.067,274.067,0.96,0.97,0.03,0.04,0.01,0.01,77895.87,1776972572000
1776972574.419,274.419,0.97,0.98,0.02,0.04,0.01,0.02,77895.58,1776972573000
1776972574.887,274.887,0.97,0.98,0.02,0.03,0.01,0.01,77895.58,1776972573000
1776972575.449,275.449,0.97,0.98,0.02,0.03,0.01,0.01,77895.85,1776972574000
1776972575.821,275.821,0.97,0.98,0.02,0.03,0.01,0.01,77895.85,1776972574000
1776972576.167,276.167,0.97,0.98,0.02,0.03,0.01,0.01,77895.85,1776972574000
1776972576.512,276.512,0.97,0.98,0.02,0.03,0.01,0.01,77897.15,1776972575000
1776972577.069,277.069,0.98,0.99,0.01,0.02,0.01,0.01,77897.15,1776972575000
1776972577.536,277.536,0.98,0.99,0.01,0.02,0.01,0.01,77898.98,1776972576000
1776972577.879,277.879,0.98,0.99,0.01,0.02,0.01,0.01,77898.98,1776972576000
1776972578.221,278.221,0.98,0.99,0.01,0.02,0.01,0.01,77898.98,1776972576000
1776972578.638,278.638,0.98,0.99,0.01,0.02,0.01,0.01,77898.4,1776972577000
1776972579.198,279.198,0.98,0.99,0.01,0.02,0.01,0.01,77898.4,1776972577000
1776972579.665,279.665,0.98,0.99,0.01,0.02,0.01,0.01,77898.97,1776972578000
1776972580.182,280.182,0.98,0.99,0.01,0.02,0.01,0.01,77898.97,1776972579000
1776972580.549,280.549,0.98,0.99,0.01,0.02,0.01,0.01,77898.97,1776972579000
1776972580.903,280.903,0.98,0.99,0.01,0.02,0.01,0.01,77898.65,1776972580000
1776972581.36,281.36,0.98,0.99,0.01,0.02,0.01,0.01,77898.65,1776972580000
1776972581.768,281.768,0.98,0.99,0.01,0.02,0.01,0.01,77898.65,1776972580000
1776972582.204,282.204,0.98,0.99,0.01,0.02,0.01,0.01,77899.0,1776972581000
1776972582.638,282.638,0.98,0.99,0.01,0.02,0.01,0.01,77899.0,1776972581000
1776972582.977,282.977,0.98,0.99,0.01,0.02,0.01,0.01,77899.0,1776972581000
1776972583.334,283.334,0.98,0.99,0.01,0.02,0.01,0.01,77899.05,1776972582000
1776972583.712,283.712,0.98,0.99,0.01,0.02,0.01,0.01,77899.05,1776972582000
1776972584.09,284.09,0.98,0.99,0.01,0.02,0.01,0.01,77898.98,1776972583000
1776972584.514,284.514,0.98,0.99,0.01,0.02,0.01,0.01,77898.98,1776972583000
1776972584.97,284.97,0.98,0.99,0.01,0.02,0.01,0.01,77898.98,1776972583000
1776972585.34,285.34,0.98,0.99,0.01,0.02,0.01,0.01,77898.98,1776972583000
1776972585.686,285.686,0.99,0.99,0.01,0.01,0.0,0.0,77899.34,1776972584000
1776972586.069,286.069,0.99,0.99,0.01,0.01,0.0,0.0,77899.34,1776972584000
1776972587.356,287.356,0.99,0.99,0.01,0.01,0.0,0.0,77899.8,1776972586000
1776972587.864,287.864,0.99,0.99,0.01,0.01,0.0,0.0,77899.8,1776972587000
1776972588.693,288.693,0.99,0.99,0.01,0.01,0.0,0.0,77899.8,1776972587000
1776972589.048,289.048,0.99,0.99,0.01,0.01,0.0,0.0,77895.38,1776972588000
1776972589.418,289.418,0.99,0.99,0.01,0.01,0.0,0.0,77895.38,1776972588000
1776972590.335,290.335,0.99,0.99,0.01,0.01,0.0,0.0,77896.37,1776972589000
1776972590.889,290.889,0.99,0.99,0.01,0.01,0.0,0.0,77896.37,1776972589000
1776972591.248,291.248,0.99,0.99,0.01,0.01,0.0,0.0,77896.37,1776972589000
1776972591.967,291.967,0.99,0.99,0.01,0.01,0.0,0.0,77896.69,1776972591000
1776972593.069,293.069,0.99,0.99,0.01,0.01,0.0,0.0,77896.43,1776972592000
1776972593.925,293.925,0.99,0.99,0.01,0.01,0.0,0.0,77896.43,1776972592000
1776972594.941,294.941,0.99,0.99,0.01,0.01,0.0,0.0,77896.52,1776972593000
1776972595.322,295.322,0.99,0.99,0.01,0.01,0.0,0.0,77896.63,1776972594000
1776972595.783,295.783,0.99,0.99,0.01,0.01,0.0,0.0,77896.63,1776972594000
1776972596.968,296.968,0.99,0.99,0.01,0.01,0.0,0.0,77890.31,1776972596000
1776972597.332,297.332,0.99,0.99,0.01,0.01,0.0,0.0,77890.31,1776972596000
1776972597.763,297.763,0.99,0.99,0.01,0.01,0.0,0.0,77890.31,1776972596000
1776972598.353,298.353,0.99,0.99,0.01,0.01,0.0,0.0,77879.13,1776972597000
1776972599.172,299.172,0.99,0.99,0.01,0.01,0.0,0.0,77877.87,1776972598000
1776972600.143,300.143,0.99,0.99,0.01,0.01,0.0,0.0,77877.69,1776972599000
1776972600.678,300.678,0.99,0.99,0.01,0.01,0.0,0.0,77877.69,1776972599000

# RESULT,winner=Up,slug=btc-updown-5m-1776972300,ticks=657
