timestamp,elapsed_sec,up_bid,up_ask,down_bid,down_ask,up_spread,down_spread,btc_price
1775840400.507,0.507,0.43,0.44,0.56,0.57,0.01,0.01,73006.08
1775840400.855,0.855,0.43,0.44,0.56,0.57,0.01,0.01,73006.08
1775840401.199,1.199,0.43,0.44,0.56,0.57,0.01,0.01,73006.27
1775840401.568,1.568,0.43,0.44,0.56,0.57,0.01,0.01,73006.27
1775840401.915,1.915,0.45,0.46,0.54,0.57,0.01,0.03,73009.47
1775840402.27,2.27,0.45,0.46,0.54,0.55,0.01,0.01,73009.47
1775840402.651,2.651,0.45,0.46,0.54,0.55,0.01,0.01,73009.47
1775840403.228,3.228,0.45,0.46,0.54,0.55,0.01,0.01,73011.68
1775840403.664,3.664,0.44,0.46,0.54,0.56,0.02,0.02,73011.68
1775840404.015,4.015,0.44,0.45,0.55,0.57,0.01,0.02,73011.68
1775840404.496,4.496,0.44,0.45,0.55,0.56,0.01,0.01,73013.03
1775840404.894,4.894,0.44,0.45,0.55,0.56,0.01,0.01,73013.03
1775840405.263,5.263,0.43,0.44,0.55,0.57,0.01,0.02,73011.0
1775840405.649,5.649,0.42,0.43,0.56,0.57,0.01,0.01,73011.0
1775840406.019,6.019,0.42,0.43,0.57,0.58,0.01,0.01,73011.0
1775840406.36,6.36,0.42,0.43,0.57,0.58,0.01,0.01,73003.96
1775840406.721,6.721,0.42,0.43,0.57,0.58,0.01,0.01,73003.96
1775840407.056,7.056,0.42,0.43,0.57,0.58,0.01,0.01,73000.16
1775840407.437,7.437,0.42,0.43,0.57,0.58,0.01,0.01,73000.16
1775840407.817,7.817,0.42,0.43,0.57,0.58,0.01,0.01,73000.16
1775840408.233,8.233,0.44,0.45,0.55,0.57,0.01,0.02,72998.4
1775840408.583,8.583,0.44,0.45,0.55,0.56,0.01,0.01,72998.4
1775840408.939,8.939,0.44,0.45,0.55,0.56,0.01,0.01,72998.4
1775840409.311,9.311,0.44,0.45,0.55,0.56,0.01,0.01,72997.81
1775840409.645,9.645,0.44,0.45,0.55,0.56,0.01,0.01,72997.81
1775840410.497,10.497,0.43,0.44,0.55,0.58,0.01,0.03,72997.81
1775840410.833,10.833,0.41,0.42,0.58,0.6,0.01,0.02,72997.81
1775840411.251,11.251,0.4,0.41,0.59,0.6,0.01,0.01,72998.22
1775840411.588,11.588,0.4,0.41,0.59,0.6,0.01,0.01,72998.22
1775840411.935,11.935,0.4,0.41,0.59,0.6,0.01,0.01,72998.22
1775840412.314,12.314,0.36,0.38,0.62,0.64,0.02,0.02,72997.53
1775840412.693,12.693,0.35,0.36,0.63,0.65,0.01,0.02,72997.53
1775840413.066,13.066,0.35,0.36,0.64,0.65,0.01,0.01,72997.53
1775840413.427,13.427,0.33,0.34,0.65,0.67,0.01,0.02,72989.53
1775840413.761,13.761,0.33,0.34,0.66,0.67,0.01,0.01,72989.53
1775840414.11,14.11,0.33,0.34,0.66,0.67,0.01,0.01,72979.66
1775840414.464,14.464,0.31,0.32,0.68,0.69,0.01,0.01,72979.66
1775840414.935,14.935,0.31,0.32,0.68,0.69,0.01,0.01,72979.66
1775840415.311,15.311,0.31,0.32,0.68,0.69,0.01,0.01,72973.3
1775840415.66,15.66,0.31,0.32,0.68,0.69,0.01,0.01,72973.3
1775840416.049,16.049,0.31,0.32,0.68,0.69,0.01,0.01,72973.3
1775840416.385,16.385,0.31,0.32,0.68,0.69,0.01,0.01,72972.56
1775840416.718,16.718,0.31,0.32,0.68,0.69,0.01,0.01,72972.56
1775840417.121,17.121,0.32,0.33,0.67,0.69,0.01,0.02,72972.56
1775840417.472,17.472,0.32,0.33,0.66,0.68,0.01,0.02,72970.88
1775840417.877,17.877,0.33,0.34,0.66,0.68,0.01,0.02,72970.88
1775840418.256,18.256,0.33,0.34,0.66,0.67,0.01,0.01,72966.06
1775840419.64,19.64,0.33,0.34,0.66,0.67,0.01,0.01,72968.11
1775840420.031,20.031,0.33,0.34,0.66,0.67,0.01,0.01,72968.11
1775840420.453,20.453,0.33,0.34,0.66,0.67,0.01,0.01,72969.31
1775840420.799,20.799,0.32,0.33,0.67,0.68,0.01,0.01,72969.31
1775840421.255,21.255,0.32,0.33,0.67,0.68,0.01,0.01,72970.42
1775840421.803,21.803,0.33,0.34,0.66,0.67,0.01,0.01,72970.42
1775840422.206,22.206,0.33,0.34,0.66,0.67,0.01,0.01,72970.22
1775840422.62,22.62,0.33,0.34,0.66,0.67,0.01,0.01,72970.22
1775840422.979,22.979,0.33,0.34,0.66,0.67,0.01,0.01,72970.22
1775840423.323,23.323,0.33,0.34,0.66,0.67,0.01,0.01,72970.22
1775840423.672,23.672,0.33,0.34,0.66,0.67,0.01,0.01,72970.22
1775840424.322,24.322,0.33,0.34,0.66,0.67,0.01,0.01,72970.22
1775840424.673,24.673,0.33,0.34,0.66,0.67,0.01,0.01,72969.7
1775840425.072,25.072,0.33,0.34,0.66,0.67,0.01,0.01,72969.7
1775840425.429,25.429,0.33,0.34,0.66,0.67,0.01,0.01,72969.68
1775840425.777,25.777,0.33,0.34,0.66,0.67,0.01,0.01,72969.68
1775840426.176,26.176,0.33,0.34,0.66,0.67,0.01,0.01,72969.68
1775840426.591,26.591,0.33,0.34,0.66,0.67,0.01,0.01,72970.53
1775840427.219,27.219,0.33,0.34,0.66,0.67,0.01,0.01,72970.53
1775840427.566,27.566,0.32,0.33,0.66,0.68,0.01,0.02,72970.53
1775840427.998,27.998,0.32,0.33,0.67,0.68,0.01,0.01,72970.53
1775840428.548,28.548,0.32,0.33,0.67,0.68,0.01,0.01,72970.38
1775840429.009,29.009,0.32,0.33,0.67,0.68,0.01,0.01,72970.38
1775840429.357,29.357,0.3,0.31,0.69,0.7,0.01,0.01,72970.38
1775840429.712,29.712,0.3,0.31,0.69,0.7,0.01,0.01,72969.84
1775840430.278,30.278,0.28,0.29,0.71,0.72,0.01,0.01,72969.5
1775840430.628,30.628,0.28,0.29,0.71,0.72,0.01,0.01,72969.5
1775840430.986,30.986,0.28,0.29,0.71,0.72,0.01,0.01,72969.5
1775840431.581,31.581,0.28,0.29,0.71,0.72,0.01,0.01,72969.5
1775840431.958,31.958,0.28,0.29,0.71,0.72,0.01,0.01,72965.02
1775840432.295,32.295,0.28,0.29,0.71,0.72,0.01,0.01,72963.16
1775840432.679,32.679,0.28,0.29,0.71,0.72,0.01,0.01,72963.16
1775840433.042,33.042,0.27,0.28,0.72,0.73,0.01,0.01,72963.16
1775840433.403,33.403,0.27,0.28,0.72,0.73,0.01,0.01,72963.16
1775840433.796,33.796,0.27,0.28,0.72,0.73,0.01,0.01,72963.2
1775840434.144,34.144,0.28,0.3,0.7,0.72,0.02,0.02,72963.2
1775840434.496,34.496,0.3,0.31,0.69,0.7,0.01,0.01,72960.48
1775840435.075,35.075,0.3,0.31,0.69,0.7,0.01,0.01,72960.48
1775840435.507,35.507,0.3,0.31,0.69,0.7,0.01,0.01,72960.48
1775840435.857,35.857,0.29,0.3,0.68,0.7,0.01,0.02,72957.18
1775840436.216,36.216,0.29,0.3,0.7,0.71,0.01,0.01,72957.18
1775840436.648,36.648,0.29,0.31,0.69,0.71,0.02,0.02,72964.19
1775840437.107,37.107,0.29,0.3,0.7,0.71,0.01,0.01,72965.79
1775840437.491,37.491,0.29,0.3,0.69,0.71,0.01,0.02,72965.79
1775840437.917,37.917,0.29,0.3,0.7,0.71,0.01,0.01,72965.79
1775840438.359,38.359,0.29,0.3,0.7,0.71,0.01,0.01,72965.79
1775840438.699,38.699,0.29,0.3,0.7,0.71,0.01,0.01,72962.67
1775840439.208,39.208,0.3,0.31,0.69,0.71,0.01,0.02,72962.67
1775840439.844,39.844,0.3,0.31,0.69,0.7,0.01,0.01,72961.69
1775840440.192,40.192,0.3,0.31,0.69,0.7,0.01,0.01,72961.69
1775840440.543,40.543,0.3,0.31,0.69,0.7,0.01,0.01,72961.29
1775840440.992,40.992,0.3,0.31,0.69,0.7,0.01,0.01,72961.29
1775840441.329,41.329,0.3,0.31,0.69,0.7,0.01,0.01,72961.29
1775840441.749,41.749,0.3,0.31,0.69,0.7,0.01,0.01,72961.67
1775840442.139,42.139,0.3,0.32,0.69,0.7,0.02,0.01,72962.18
1775840442.684,42.684,0.32,0.33,0.67,0.69,0.01,0.02,72962.18
1775840443.053,43.053,0.32,0.33,0.67,0.68,0.01,0.01,72962.18
1775840443.493,43.493,0.32,0.33,0.67,0.68,0.01,0.01,72962.21
1775840443.922,43.922,0.32,0.33,0.67,0.68,0.01,0.01,72962.21
1775840444.425,44.425,0.32,0.33,0.67,0.68,0.01,0.01,72967.09
1775840445.251,45.251,0.32,0.33,0.67,0.68,0.01,0.01,72967.49
1775840445.637,45.637,0.32,0.33,0.67,0.68,0.01,0.01,72967.49
1775840446.005,46.005,0.32,0.33,0.67,0.68,0.01,0.01,72967.49
1775840446.37,46.37,0.32,0.33,0.67,0.68,0.01,0.01,72967.18
1775840446.723,46.723,0.32,0.33,0.67,0.68,0.01,0.01,72967.18
1775840447.252,47.252,0.32,0.33,0.67,0.68,0.01,0.01,72966.32
1775840447.663,47.663,0.32,0.33,0.67,0.68,0.01,0.01,72966.32
1775840448.041,48.041,0.32,0.33,0.67,0.68,0.01,0.01,72966.32
1775840448.423,48.423,0.32,0.33,0.67,0.68,0.01,0.01,72966.57
1775840448.998,48.998,0.32,0.33,0.67,0.68,0.01,0.01,72966.57
1775840449.593,49.593,0.32,0.33,0.67,0.68,0.01,0.01,72966.24
1775840450.146,50.146,0.3,0.31,0.67,0.7,0.01,0.03,72966.24
1775840450.526,50.526,0.3,0.31,0.69,0.7,0.01,0.01,72966.16
1775840450.912,50.912,0.3,0.31,0.69,0.7,0.01,0.01,72966.16
1775840451.255,51.255,0.29,0.31,0.69,0.71,0.02,0.02,72966.12
1775840451.605,51.605,0.29,0.3,0.7,0.71,0.01,0.01,72966.12
1775840452.027,52.027,0.29,0.3,0.7,0.71,0.01,0.01,72963.28
1775840452.411,52.411,0.29,0.3,0.7,0.71,0.01,0.01,72963.28
1775840452.816,52.816,0.29,0.3,0.7,0.71,0.01,0.01,72963.28
1775840453.348,53.348,0.3,0.31,0.69,0.71,0.01,0.02,72962.59
1775840454.025,54.025,0.31,0.32,0.68,0.7,0.01,0.02,72962.59
1775840454.583,54.583,0.31,0.32,0.68,0.69,0.01,0.01,72962.54
1775840454.984,54.984,0.36,0.37,0.64,0.66,0.01,0.02,72962.54
1775840455.661,55.661,0.36,0.37,0.63,0.64,0.01,0.01,72962.54
1775840456.021,56.021,0.35,0.36,0.64,0.65,0.01,0.01,72966.97
1775840456.393,56.393,0.35,0.36,0.64,0.65,0.01,0.01,72971.54
1775840456.729,56.729,0.34,0.35,0.65,0.66,0.01,0.01,72971.54
1775840457.151,57.151,0.34,0.35,0.65,0.66,0.01,0.01,72971.54
1775840457.515,57.515,0.34,0.35,0.65,0.66,0.01,0.01,72971.54
1775840457.858,57.858,0.33,0.34,0.66,0.67,0.01,0.01,72974.13
1775840458.304,58.304,0.33,0.34,0.66,0.67,0.01,0.01,72971.05
1775840458.673,58.673,0.33,0.34,0.66,0.67,0.01,0.01,72971.05
1775840459.182,59.182,0.33,0.34,0.66,0.67,0.01,0.01,72971.05
1775840459.573,59.573,0.33,0.36,0.65,0.67,0.03,0.02,72968.62
1775840459.998,59.998,0.36,0.37,0.63,0.66,0.01,0.03,72968.62
1775840460.352,60.352,0.36,0.37,0.63,0.64,0.01,0.01,72968.62
1775840460.702,60.702,0.36,0.37,0.63,0.64,0.01,0.01,72967.76
1775840461.058,61.058,0.34,0.36,0.64,0.66,0.02,0.02,72967.76
1775840461.394,61.394,0.32,0.33,0.67,0.68,0.01,0.01,72967.76
1775840461.761,61.761,0.32,0.33,0.67,0.68,0.01,0.01,72971.86
1775840462.428,62.428,0.31,0.32,0.67,0.7,0.01,0.03,72973.65
1775840462.879,62.879,0.3,0.32,0.68,0.7,0.02,0.02,72973.65
1775840463.266,63.266,0.3,0.31,0.69,0.7,0.01,0.01,72969.83
1775840463.679,63.679,0.28,0.29,0.71,0.72,0.01,0.01,72969.83
1775840464.382,64.382,0.28,0.29,0.71,0.72,0.01,0.01,72964.98
1775840464.768,64.768,0.28,0.29,0.71,0.72,0.01,0.01,72964.98
1775840465.211,65.211,0.28,0.29,0.71,0.72,0.01,0.01,72964.98
1775840465.555,65.555,0.28,0.29,0.71,0.72,0.01,0.01,72959.84
1775840465.955,65.955,0.28,0.29,0.71,0.72,0.01,0.01,72959.79
1775840466.324,66.324,0.28,0.29,0.71,0.72,0.01,0.01,72959.79
1775840466.671,66.671,0.28,0.29,0.71,0.72,0.01,0.01,72959.79
1775840467.034,67.034,0.28,0.29,0.71,0.72,0.01,0.01,72960.32
1775840467.533,67.533,0.28,0.29,0.71,0.72,0.01,0.01,72960.32
1775840468.17,68.17,0.28,0.29,0.71,0.72,0.01,0.01,72960.33
1775840468.504,68.504,0.28,0.29,0.71,0.72,0.01,0.01,72960.33
1775840468.905,68.905,0.28,0.29,0.71,0.72,0.01,0.01,72960.33
1775840469.333,69.333,0.28,0.29,0.71,0.72,0.01,0.01,72960.62
1775840469.748,69.748,0.28,0.29,0.71,0.72,0.01,0.01,72960.62
1775840470.182,70.182,0.28,0.29,0.71,0.72,0.01,0.01,72960.62
1775840470.768,70.768,0.28,0.29,0.71,0.72,0.01,0.01,72960.64
1775840471.182,71.182,0.29,0.3,0.7,0.71,0.01,0.01,72960.64
1775840471.603,71.603,0.29,0.3,0.7,0.71,0.01,0.01,72960.63
1775840472.015,72.015,0.3,0.31,0.69,0.7,0.01,0.01,72960.63
1775840472.381,72.381,0.3,0.31,0.69,0.7,0.01,0.01,72960.63
1775840472.748,72.748,0.3,0.31,0.69,0.7,0.01,0.01,72960.64
1775840473.268,73.268,0.3,0.31,0.69,0.7,0.01,0.01,72960.63
1775840473.614,73.614,0.3,0.32,0.69,0.7,0.02,0.01,72960.63
1775840474.033,74.033,0.31,0.32,0.68,0.69,0.01,0.01,72960.63
1775840474.405,74.405,0.31,0.33,0.67,0.69,0.02,0.02,72960.6
1775840474.748,74.748,0.32,0.33,0.67,0.68,0.01,0.01,72960.6
1775840475.154,75.154,0.32,0.33,0.67,0.68,0.01,0.01,72960.32
1775840475.594,75.594,0.32,0.33,0.67,0.68,0.01,0.01,72960.32
1775840475.954,75.954,0.32,0.33,0.67,0.68,0.01,0.01,72960.32
1775840476.383,76.383,0.32,0.34,0.67,0.68,0.02,0.01,72963.44
1775840476.844,76.844,0.33,0.35,0.66,0.67,0.02,0.01,72963.44
1775840477.217,77.217,0.34,0.35,0.65,0.66,0.01,0.01,72963.44
1775840477.614,77.614,0.34,0.35,0.65,0.66,0.01,0.01,72963.44
1775840477.998,77.998,0.34,0.35,0.65,0.66,0.01,0.01,72963.44
1775840478.424,78.424,0.34,0.35,0.65,0.66,0.01,0.01,72963.44
1775840478.797,78.797,0.34,0.35,0.65,0.66,0.01,0.01,72963.44
1775840479.25,79.25,0.34,0.35,0.65,0.66,0.01,0.01,72965.11
1775840480.034,80.034,0.34,0.36,0.65,0.66,0.02,0.01,72965.95
1775840480.428,80.428,0.37,0.38,0.62,0.64,0.01,0.02,72965.95
1775840480.844,80.844,0.37,0.38,0.62,0.63,0.01,0.01,72965.95
1775840481.4,81.4,0.37,0.38,0.62,0.63,0.01,0.01,72966.2
1775840481.761,81.761,0.38,0.39,0.61,0.63,0.01,0.02,72966.2
1775840482.096,82.096,0.39,0.41,0.59,0.62,0.02,0.03,72966.2
1775840482.541,82.541,0.4,0.41,0.59,0.6,0.01,0.01,72972.77
1775840482.878,82.878,0.42,0.43,0.57,0.58,0.01,0.01,72972.77
1775840483.224,83.224,0.44,0.45,0.55,0.58,0.01,0.03,72982.38
1775840483.584,83.584,0.44,0.45,0.55,0.56,0.01,0.01,72982.38
1775840483.977,83.977,0.44,0.45,0.55,0.56,0.01,0.01,72982.38
1775840484.44,84.44,0.44,0.46,0.54,0.56,0.02,0.02,72988.68
1775840484.781,84.781,0.45,0.47,0.53,0.55,0.02,0.02,72988.68
1775840485.276,85.276,0.46,0.48,0.53,0.54,0.02,0.01,72988.68
1775840485.661,85.661,0.47,0.48,0.52,0.53,0.01,0.01,72998.8
1775840485.998,85.998,0.47,0.48,0.52,0.53,0.01,0.01,72998.8
1775840486.374,86.374,0.47,0.48,0.52,0.53,0.01,0.01,73000.02
1775840486.821,86.821,0.47,0.48,0.52,0.53,0.01,0.01,73000.02
1775840487.249,87.249,0.46,0.47,0.52,0.54,0.01,0.02,73000.02
1775840487.648,87.648,0.46,0.47,0.53,0.54,0.01,0.01,73003.09
1775840488.161,88.161,0.47,0.48,0.52,0.54,0.01,0.02,73003.09
1775840488.509,88.509,0.47,0.48,0.52,0.53,0.01,0.01,73004.15
1775840488.905,88.905,0.47,0.48,0.52,0.53,0.01,0.01,73004.15
1775840489.247,89.247,0.47,0.48,0.52,0.53,0.01,0.01,73004.15
1775840489.612,89.612,0.47,0.48,0.52,0.53,0.01,0.01,73003.85
1775840490.032,90.032,0.48,0.49,0.51,0.52,0.01,0.01,73003.85
1775840490.412,90.412,0.48,0.49,0.51,0.52,0.01,0.01,73003.97
1775840490.81,90.81,0.46,0.48,0.51,0.54,0.02,0.03,73003.97
1775840491.317,91.317,0.45,0.47,0.53,0.55,0.02,0.02,73003.97
1775840491.656,91.656,0.45,0.46,0.54,0.55,0.01,0.01,73005.79
1775840491.999,91.999,0.45,0.46,0.54,0.55,0.01,0.01,73005.79
1775840492.378,92.378,0.45,0.46,0.54,0.55,0.01,0.01,73006.44
1775840492.767,92.767,0.45,0.46,0.54,0.55,0.01,0.01,73006.44
1775840493.559,93.559,0.42,0.43,0.55,0.57,0.01,0.02,73004.55
1775840493.899,93.899,0.41,0.42,0.58,0.59,0.01,0.01,73004.55
1775840494.348,94.348,0.41,0.42,0.58,0.59,0.01,0.01,73000.25
1775840494.751,94.751,0.41,0.42,0.58,0.59,0.01,0.01,73000.25
1775840495.153,95.153,0.41,0.42,0.58,0.59,0.01,0.01,72999.23
1775840495.578,95.578,0.41,0.42,0.58,0.59,0.01,0.01,72999.23
1775840496.035,96.035,0.41,0.42,0.58,0.59,0.01,0.01,72999.23
1775840496.374,96.374,0.44,0.47,0.53,0.56,0.03,0.03,72999.23
1775840496.736,96.736,0.44,0.46,0.52,0.56,0.02,0.04,72999.23
1775840497.082,97.082,0.46,0.5,0.51,0.54,0.04,0.03,72994.55
1775840497.563,97.563,0.5,0.51,0.49,0.5,0.01,0.01,72998.53
1775840497.926,97.926,0.51,0.52,0.48,0.5,0.01,0.02,72998.53
1775840498.259,98.259,0.51,0.52,0.48,0.49,0.01,0.01,72999.44
1775840498.702,98.702,0.54,0.55,0.45,0.46,0.01,0.01,72999.44
1775840499.072,99.072,0.54,0.55,0.45,0.46,0.01,0.01,72999.44
1775840499.658,99.658,0.54,0.55,0.45,0.46,0.01,0.01,73011.39
1775840500.129,100.129,0.55,0.56,0.44,0.46,0.01,0.02,73011.39
1775840500.481,100.481,0.55,0.56,0.44,0.45,0.01,0.01,73014.17
1775840500.841,100.841,0.56,0.57,0.43,0.44,0.01,0.01,73014.17
1775840501.191,101.191,0.56,0.57,0.43,0.44,0.01,0.01,73014.17
1775840501.559,101.559,0.56,0.57,0.43,0.44,0.01,0.01,73015.58
1775840501.933,101.933,0.56,0.57,0.43,0.44,0.01,0.01,73015.58
1775840502.295,102.295,0.56,0.57,0.43,0.44,0.01,0.01,73015.58
1775840502.639,102.639,0.56,0.57,0.43,0.44,0.01,0.01,73015.58
1775840503.182,103.182,0.56,0.57,0.43,0.44,0.01,0.01,73022.78
1775840503.583,103.583,0.56,0.57,0.43,0.44,0.01,0.01,73022.78
1775840503.928,103.928,0.56,0.57,0.43,0.44,0.01,0.01,73022.78
1775840504.27,104.27,0.56,0.57,0.43,0.44,0.01,0.01,73022.61
1775840504.669,104.669,0.56,0.57,0.43,0.44,0.01,0.01,73022.61
1775840505.013,105.013,0.56,0.57,0.43,0.44,0.01,0.01,73022.61
1775840505.392,105.392,0.56,0.57,0.43,0.44,0.01,0.01,73021.61
1775840505.808,105.808,0.55,0.56,0.44,0.45,0.01,0.01,73021.61
1775840506.407,106.407,0.53,0.54,0.44,0.47,0.01,0.03,73020.92
1775840507.018,107.018,0.53,0.54,0.46,0.47,0.01,0.01,73020.92
1775840507.37,107.37,0.52,0.53,0.46,0.48,0.01,0.02,73020.93
1775840507.765,107.765,0.52,0.53,0.47,0.48,0.01,0.01,73020.93
1775840508.122,108.122,0.5,0.51,0.47,0.5,0.01,0.03,73019.98
1775840508.505,108.505,0.5,0.51,0.49,0.5,0.01,0.01,73019.98
1775840508.899,108.899,0.5,0.51,0.49,0.5,0.01,0.01,73019.98
1775840509.234,109.234,0.5,0.51,0.49,0.5,0.01,0.01,73018.76
1775840509.631,109.631,0.5,0.51,0.49,0.5,0.01,0.01,73018.76
1775840509.966,109.966,0.49,0.5,0.49,0.51,0.01,0.02,73018.76
1775840510.322,110.322,0.49,0.5,0.5,0.51,0.01,0.01,73018.76
1775840510.756,110.756,0.49,0.5,0.5,0.51,0.01,0.01,73014.26
1775840511.108,111.108,0.49,0.5,0.5,0.51,0.01,0.01,73013.53
1775840511.446,111.446,0.49,0.5,0.5,0.51,0.01,0.01,73013.53
1775840511.794,111.794,0.49,0.5,0.5,0.51,0.01,0.01,73013.53
1775840512.152,112.152,0.49,0.5,0.5,0.51,0.01,0.01,73013.53
1775840512.533,112.533,0.48,0.49,0.51,0.52,0.01,0.01,73013.69
1775840513.208,113.208,0.48,0.49,0.51,0.52,0.01,0.01,73013.69
1775840513.611,113.611,0.48,0.49,0.51,0.52,0.01,0.01,73013.69
1775840514.352,114.352,0.48,0.49,0.51,0.52,0.01,0.01,73013.69
1775840514.774,114.774,0.48,0.49,0.51,0.52,0.01,0.01,73011.48
1775840515.309,115.309,0.48,0.49,0.51,0.52,0.01,0.01,73011.6
1775840515.643,115.643,0.48,0.49,0.51,0.52,0.01,0.01,73011.6
1775840516.012,116.012,0.45,0.47,0.53,0.55,0.02,0.02,73011.6
1775840516.446,116.446,0.42,0.43,0.54,0.57,0.01,0.03,73011.6
1775840516.817,116.817,0.42,0.43,0.57,0.58,0.01,0.01,73011.6
1775840517.156,117.156,0.41,0.42,0.58,0.59,0.01,0.01,73011.6
1775840517.507,117.507,0.41,0.42,0.58,0.59,0.01,0.01,73009.66
1775840518.387,118.387,0.4,0.41,0.58,0.59,0.01,0.01,73009.66
1775840519.014,119.014,0.4,0.41,0.59,0.6,0.01,0.01,72998.81
1775840519.38,119.38,0.4,0.41,0.59,0.6,0.01,0.01,72998.72
1775840519.717,119.717,0.4,0.41,0.59,0.6,0.01,0.01,72998.72
1775840520.061,120.061,0.4,0.41,0.59,0.6,0.01,0.01,72998.72
1775840520.428,120.428,0.4,0.41,0.59,0.6,0.01,0.01,72998.72
1775840521.343,121.343,0.38,0.39,0.59,0.6,0.01,0.01,72997.54
1775840521.732,121.732,0.37,0.38,0.62,0.63,0.01,0.01,72997.54
1775840522.08,122.08,0.37,0.38,0.62,0.63,0.01,0.01,72997.54
1775840522.474,122.474,0.37,0.38,0.62,0.63,0.01,0.01,72997.54
1775840522.963,122.963,0.37,0.38,0.62,0.63,0.01,0.01,72997.44
1775840523.375,123.375,0.37,0.38,0.62,0.63,0.01,0.01,72997.44
1775840523.757,123.757,0.37,0.38,0.62,0.63,0.01,0.01,72993.29
1775840524.261,124.261,0.37,0.38,0.62,0.63,0.01,0.01,72990.52
1775840524.65,124.65,0.37,0.38,0.62,0.63,0.01,0.01,72990.52
1775840525.325,125.325,0.39,0.4,0.6,0.61,0.01,0.01,72990.52
1775840525.717,125.717,0.41,0.42,0.58,0.61,0.01,0.03,72991.66
1775840526.575,126.575,0.4,0.42,0.58,0.59,0.02,0.01,72991.52
1775840527.006,127.006,0.39,0.41,0.58,0.6,0.02,0.02,72991.52
1775840527.339,127.339,0.39,0.4,0.6,0.61,0.01,0.01,72993.62
1775840527.824,127.824,0.38,0.4,0.6,0.62,0.02,0.02,72993.62
1775840528.234,128.234,0.38,0.39,0.61,0.62,0.01,0.01,72993.62
1775840528.623,128.623,0.38,0.39,0.61,0.62,0.01,0.01,72993.5
1775840528.97,128.97,0.38,0.39,0.61,0.62,0.01,0.01,72993.5
1775840529.347,129.347,0.38,0.39,0.61,0.62,0.01,0.01,72992.65
1775840529.897,129.897,0.37,0.38,0.61,0.62,0.01,0.01,72992.65
1775840530.243,130.243,0.37,0.38,0.62,0.63,0.01,0.01,72991.94
1775840530.649,130.649,0.37,0.38,0.62,0.63,0.01,0.01,72991.94
1775840530.99,130.99,0.36,0.38,0.62,0.63,0.02,0.01,72991.94
1775840531.428,131.428,0.36,0.38,0.62,0.64,0.02,0.02,72991.99
1775840531.98,131.98,0.36,0.37,0.63,0.64,0.01,0.01,72991.99
1775840532.405,132.405,0.35,0.36,0.63,0.64,0.01,0.01,72991.83
1775840532.82,132.82,0.3,0.31,0.69,0.7,0.01,0.01,72991.83
1775840533.2,133.2,0.3,0.31,0.69,0.7,0.01,0.01,72991.72
1775840533.572,133.572,0.27,0.29,0.71,0.73,0.02,0.02,72991.72
1775840533.905,133.905,0.26,0.27,0.73,0.74,0.01,0.01,72991.72
1775840534.29,134.29,0.26,0.27,0.73,0.74,0.01,0.01,72991.72
1775840534.648,134.648,0.26,0.27,0.73,0.74,0.01,0.01,72980.02
1775840535.084,135.084,0.26,0.27,0.73,0.74,0.01,0.01,72979.31
1775840536.176,136.176,0.26,0.27,0.73,0.74,0.01,0.01,72971.74
1775840536.615,136.615,0.26,0.27,0.73,0.74,0.01,0.01,72971.74
1775840537.446,137.446,0.25,0.27,0.73,0.74,0.02,0.01,72970.06
1775840537.804,137.804,0.24,0.25,0.75,0.76,0.01,0.01,72970.06
1775840538.22,138.22,0.24,0.25,0.75,0.76,0.01,0.01,72970.64
1775840538.558,138.558,0.24,0.25,0.75,0.76,0.01,0.01,72970.64
1775840538.897,138.897,0.23,0.24,0.75,0.77,0.01,0.02,72970.64
1775840539.248,139.248,0.23,0.24,0.76,0.77,0.01,0.01,72968.63
1775840539.589,139.589,0.23,0.24,0.76,0.77,0.01,0.01,72968.63
1775840540.322,140.322,0.23,0.24,0.76,0.77,0.01,0.01,72964.06
1775840541.428,141.428,0.23,0.24,0.76,0.77,0.01,0.01,72964.0
1775840541.84,141.84,0.19,0.21,0.76,0.81,0.02,0.05,72964.0
1775840542.174,142.174,0.19,0.23,0.77,0.81,0.04,0.04,72937.31
1775840542.533,142.533,0.14,0.15,0.85,0.86,0.01,0.01,72937.31
1775840542.876,142.876,0.13,0.14,0.85,0.87,0.01,0.02,72937.31
1775840543.258,143.258,0.11,0.13,0.87,0.89,0.02,0.02,72927.22
1775840543.606,143.606,0.12,0.13,0.87,0.88,0.01,0.01,72927.22
1775840543.977,143.977,0.12,0.13,0.87,0.88,0.01,0.01,72924.77
1775840544.336,144.336,0.1,0.13,0.87,0.89,0.03,0.02,72924.77
1775840544.726,144.726,0.1,0.11,0.89,0.9,0.01,0.01,72924.77
1775840545.084,145.084,0.1,0.11,0.89,0.9,0.01,0.01,72924.47
1775840545.437,145.437,0.1,0.11,0.89,0.9,0.01,0.01,72924.47
1775840545.806,145.806,0.1,0.11,0.89,0.9,0.01,0.01,72924.47
1775840546.292,146.292,0.1,0.11,0.89,0.9,0.01,0.01,72924.47
1775840546.63,146.63,0.12,0.13,0.87,0.88,0.01,0.01,72924.47
1775840546.967,146.967,0.13,0.14,0.87,0.89,0.01,0.02,72924.49
1775840547.312,147.312,0.14,0.15,0.85,0.86,0.01,0.01,72923.62
1775840547.675,147.675,0.15,0.17,0.83,0.85,0.02,0.02,72923.62
1775840548.197,148.197,0.16,0.17,0.83,0.84,0.01,0.01,72923.62
1775840548.539,148.539,0.16,0.17,0.83,0.84,0.01,0.01,72927.46
1775840548.967,148.967,0.15,0.16,0.83,0.84,0.01,0.01,72927.46
1775840549.308,149.308,0.15,0.16,0.84,0.85,0.01,0.01,72927.46
1775840549.642,149.642,0.14,0.16,0.84,0.85,0.02,0.01,72936.06
1775840550.017,150.017,0.15,0.16,0.84,0.85,0.01,0.01,72936.06
1775840550.405,150.405,0.15,0.16,0.84,0.85,0.01,0.01,72939.76
1775840550.741,150.741,0.15,0.16,0.84,0.85,0.01,0.01,72939.76
1775840551.219,151.219,0.16,0.17,0.83,0.84,0.01,0.01,72938.88
1775840551.569,151.569,0.15,0.16,0.84,0.85,0.01,0.01,72938.88
1775840551.987,151.987,0.15,0.16,0.84,0.85,0.01,0.01,72938.88
1775840552.332,152.332,0.15,0.16,0.84,0.85,0.01,0.01,72938.86
1775840552.879,152.879,0.15,0.17,0.83,0.85,0.02,0.02,72938.86
1775840553.332,153.332,0.15,0.16,0.83,0.85,0.01,0.02,72938.86
1775840553.907,153.907,0.15,0.16,0.84,0.85,0.01,0.01,72938.86
1775840554.255,154.255,0.15,0.16,0.84,0.85,0.01,0.01,72938.41
1775840554.942,154.942,0.15,0.16,0.84,0.85,0.01,0.01,72938.41
1775840555.403,155.403,0.15,0.16,0.84,0.85,0.01,0.01,72938.04
1775840555.827,155.827,0.13,0.14,0.86,0.87,0.01,0.01,72938.04
1775840556.222,156.222,0.1,0.13,0.87,0.89,0.03,0.02,72938.04
1775840556.568,156.568,0.1,0.12,0.88,0.9,0.02,0.02,72938.04
1775840556.915,156.915,0.1,0.11,0.89,0.9,0.01,0.01,72938.04
1775840557.283,157.283,0.1,0.11,0.89,0.9,0.01,0.01,72937.12
1775840557.664,157.664,0.1,0.11,0.89,0.9,0.01,0.01,72937.12
1775840558.007,158.007,0.1,0.11,0.89,0.9,0.01,0.01,72923.51
1775840558.342,158.342,0.1,0.11,0.89,0.9,0.01,0.01,72923.51
1775840558.711,158.711,0.1,0.11,0.89,0.9,0.01,0.01,72923.51
1775840559.261,159.261,0.1,0.11,0.89,0.9,0.01,0.01,72923.51
1775840559.618,159.618,0.1,0.11,0.89,0.9,0.01,0.01,72919.64
1775840560.025,160.025,0.1,0.11,0.89,0.9,0.01,0.01,72919.64
1775840560.426,160.426,0.1,0.11,0.89,0.9,0.01,0.01,72918.53
1775840561.126,161.126,0.11,0.12,0.88,0.89,0.01,0.01,72918.53
1775840561.611,161.611,0.1,0.11,0.89,0.9,0.01,0.01,72918.61
1775840561.946,161.946,0.1,0.11,0.89,0.9,0.01,0.01,72918.61
1775840562.359,162.359,0.1,0.11,0.89,0.9,0.01,0.01,72919.32
1775840562.746,162.746,0.1,0.11,0.89,0.9,0.01,0.01,72919.32
1775840563.11,163.11,0.1,0.11,0.89,0.9,0.01,0.01,72919.32
1775840563.493,163.493,0.1,0.11,0.89,0.9,0.01,0.01,72921.17
1775840563.828,163.828,0.1,0.11,0.89,0.9,0.01,0.01,72921.17
1775840564.195,164.195,0.1,0.11,0.89,0.9,0.01,0.01,72919.98
1775840564.969,164.969,0.1,0.11,0.89,0.9,0.01,0.01,72919.98
1775840565.45,165.45,0.1,0.11,0.89,0.9,0.01,0.01,72918.91
1775840565.934,165.934,0.1,0.11,0.89,0.9,0.01,0.01,72918.91
1775840566.302,166.302,0.1,0.11,0.89,0.9,0.01,0.01,72918.24
1775840566.764,166.764,0.1,0.11,0.89,0.9,0.01,0.01,72918.24
1775840567.253,167.253,0.1,0.11,0.89,0.9,0.01,0.01,72918.39
1775840567.729,167.729,0.1,0.11,0.89,0.9,0.01,0.01,72918.39
1775840568.426,168.426,0.1,0.11,0.89,0.9,0.01,0.01,72918.24
1775840568.816,168.816,0.1,0.11,0.89,0.9,0.01,0.01,72918.24
1775840569.254,169.254,0.1,0.11,0.89,0.9,0.01,0.01,72918.03
1775840569.719,169.719,0.1,0.11,0.89,0.9,0.01,0.01,72918.03
1775840570.078,170.078,0.1,0.11,0.89,0.9,0.01,0.01,72918.03
1775840570.5,170.5,0.09,0.1,0.9,0.91,0.01,0.01,72917.75
1775840570.881,170.881,0.09,0.1,0.9,0.91,0.01,0.01,72917.75
1775840571.249,171.249,0.09,0.1,0.9,0.91,0.01,0.01,72917.75
1775840571.973,171.973,0.08,0.1,0.9,0.91,0.02,0.01,72917.75
1775840572.384,172.384,0.08,0.09,0.91,0.92,0.01,0.01,72917.22
1775840572.747,172.747,0.08,0.09,0.91,0.92,0.01,0.01,72915.86
1775840573.228,173.228,0.08,0.09,0.91,0.92,0.01,0.01,72915.84
1775840573.59,173.59,0.08,0.09,0.91,0.92,0.01,0.01,72915.84
1775840574.043,174.043,0.08,0.09,0.91,0.92,0.01,0.01,72915.5
1775840574.408,174.408,0.08,0.09,0.91,0.92,0.01,0.01,72915.5
1775840574.755,174.755,0.09,0.1,0.9,0.91,0.01,0.01,72915.5
1775840575.343,175.343,0.1,0.11,0.89,0.91,0.01,0.02,72911.01
1775840575.687,175.687,0.1,0.11,0.89,0.9,0.01,0.01,72911.01
1775840576.058,176.058,0.1,0.11,0.89,0.9,0.01,0.01,72913.69
1775840576.653,176.653,0.1,0.11,0.89,0.9,0.01,0.01,72913.69
1775840576.998,176.998,0.11,0.12,0.88,0.89,0.01,0.01,72913.69
1775840577.364,177.364,0.11,0.12,0.88,0.89,0.01,0.01,72920.05
1775840577.923,177.923,0.11,0.12,0.88,0.89,0.01,0.01,72920.05
1775840578.428,178.428,0.1,0.12,0.88,0.89,0.02,0.01,72921.98
1775840578.763,178.763,0.1,0.11,0.89,0.9,0.01,0.01,72921.98
1775840579.174,179.174,0.1,0.11,0.89,0.9,0.01,0.01,72926.79
1775840579.666,179.666,0.06,0.11,0.89,0.9,0.05,0.01,72926.79
1775840580.186,180.186,0.07,0.08,0.89,0.94,0.01,0.05,72928.07
1775840580.523,180.523,0.07,0.08,0.92,0.93,0.01,0.01,72928.07
1775840580.857,180.857,0.07,0.08,0.92,0.93,0.01,0.01,72928.07
1775840581.192,181.192,0.07,0.08,0.92,0.93,0.01,0.01,72928.14
1775840581.644,181.644,0.07,0.08,0.92,0.93,0.01,0.01,72928.14
1775840582.178,182.178,0.07,0.08,0.92,0.93,0.01,0.01,72928.15
1775840582.573,182.573,0.07,0.08,0.92,0.93,0.01,0.01,72928.15
1775840582.994,182.994,0.07,0.08,0.92,0.93,0.01,0.01,72928.21
1775840583.543,183.543,0.07,0.08,0.92,0.93,0.01,0.01,72928.21
1775840584.264,184.264,0.07,0.08,0.92,0.93,0.01,0.01,72928.33
1775840584.67,184.67,0.07,0.08,0.92,0.93,0.01,0.01,72928.33
1775840585.086,185.086,0.07,0.08,0.92,0.93,0.01,0.01,72928.33
1775840585.563,185.563,0.07,0.08,0.92,0.93,0.01,0.01,72928.33
1775840586.464,186.464,0.07,0.09,0.92,0.93,0.02,0.01,72928.44
1775840587.195,187.195,0.08,0.09,0.91,0.92,0.01,0.01,72927.41
1775840587.54,187.54,0.08,0.09,0.91,0.92,0.01,0.01,72927.41
1775840587.882,187.882,0.08,0.09,0.91,0.92,0.01,0.01,72927.41
1775840588.647,188.647,0.08,0.19,0.91,0.92,0.11,0.01,72927.73
1775840589.096,189.096,0.09,0.1,0.81,0.92,0.01,0.11,72927.73
1775840589.488,189.488,0.1,0.13,0.88,0.91,0.03,0.03,72927.73
1775840589.917,189.917,0.12,0.13,0.87,0.88,0.01,0.01,72927.53
1775840590.27,190.27,0.12,0.13,0.87,0.88,0.01,0.01,72927.53
1775840590.82,190.82,0.12,0.13,0.87,0.88,0.01,0.01,72927.53
1775840591.259,191.259,0.12,0.13,0.87,0.88,0.01,0.01,72927.53
1775840591.616,191.616,0.12,0.13,0.87,0.88,0.01,0.01,72927.56
1775840591.989,191.989,0.12,0.13,0.87,0.88,0.01,0.01,72927.56
1775840592.322,192.322,0.12,0.13,0.87,0.89,0.01,0.02,72927.56
1775840592.717,192.717,0.12,0.13,0.87,0.88,0.01,0.01,72927.56
1775840593.083,193.083,0.12,0.13,0.87,0.88,0.01,0.01,72927.56
1775840593.452,193.452,0.12,0.13,0.87,0.88,0.01,0.01,72927.56
1775840593.81,193.81,0.12,0.13,0.87,0.88,0.01,0.01,72929.21
1775840594.144,194.144,0.12,0.13,0.87,0.88,0.01,0.01,72929.21
1775840594.518,194.518,0.11,0.12,0.88,0.89,0.01,0.01,72929.21
1775840595.289,195.289,0.11,0.12,0.88,0.89,0.01,0.01,72929.19
1775840595.639,195.639,0.1,0.11,0.89,0.9,0.01,0.01,72929.19
1775840596.223,196.223,0.1,0.11,0.89,0.9,0.01,0.01,72929.19
1775840596.628,196.628,0.09,0.11,0.89,0.9,0.02,0.01,72928.47
1775840597.148,197.148,0.09,0.1,0.89,0.91,0.01,0.02,72928.47
1775840597.64,197.64,0.1,0.11,0.89,0.91,0.01,0.02,72928.66
1775840598.145,198.145,0.12,0.13,0.87,0.88,0.01,0.01,72928.66
1775840598.507,198.507,0.12,0.13,0.87,0.88,0.01,0.01,72928.66
1775840598.894,198.894,0.12,0.13,0.87,0.88,0.01,0.01,72928.84
1775840599.601,199.601,0.13,0.14,0.86,0.87,0.01,0.01,72928.9
1775840600.059,200.059,0.13,0.14,0.86,0.87,0.01,0.01,72928.9
1775840600.423,200.423,0.13,0.14,0.85,0.87,0.01,0.02,72928.9
1775840600.765,200.765,0.13,0.15,0.85,0.87,0.02,0.02,72938.41
1775840601.142,201.142,0.13,0.14,0.86,0.87,0.01,0.01,72938.41
1775840601.535,201.535,0.13,0.14,0.86,0.87,0.01,0.01,72939.25
1775840601.958,201.958,0.14,0.15,0.85,0.87,0.01,0.02,72939.25
1775840602.428,202.428,0.13,0.14,0.85,0.87,0.01,0.02,72939.25
1775840602.776,202.776,0.13,0.14,0.86,0.87,0.01,0.01,72939.24
1775840603.19,203.19,0.13,0.14,0.86,0.87,0.01,0.01,72939.23
1775840603.601,203.601,0.13,0.14,0.86,0.87,0.01,0.01,72939.23
1775840603.956,203.956,0.13,0.14,0.86,0.87,0.01,0.01,72939.23
1775840604.292,204.292,0.13,0.14,0.86,0.87,0.01,0.01,72939.23
1775840604.64,204.64,0.13,0.14,0.86,0.87,0.01,0.01,72939.23
1775840605.045,205.045,0.13,0.14,0.86,0.87,0.01,0.01,72939.23
1775840605.394,205.394,0.12,0.13,0.86,0.88,0.01,0.02,72939.23
1775840605.741,205.741,0.12,0.13,0.87,0.88,0.01,0.01,72939.21
1775840606.119,206.119,0.12,0.13,0.87,0.88,0.01,0.01,72939.2
1775840606.456,206.456,0.12,0.13,0.87,0.88,0.01,0.01,72939.2
1775840606.858,206.858,0.12,0.13,0.87,0.88,0.01,0.01,72939.2
1775840607.226,207.226,0.12,0.13,0.87,0.88,0.01,0.01,72939.16
1775840607.582,207.582,0.12,0.13,0.87,0.88,0.01,0.01,72939.16
1775840607.987,207.987,0.12,0.14,0.87,0.88,0.02,0.01,72939.16
1775840608.43,208.43,0.13,0.14,0.86,0.87,0.01,0.01,72939.91
1775840608.764,208.764,0.13,0.14,0.86,0.87,0.01,0.01,72939.91
1775840609.2,209.2,0.14,0.15,0.85,0.86,0.01,0.01,72939.91
1775840609.563,209.563,0.14,0.15,0.85,0.86,0.01,0.01,72940.41
1775840610.029,210.029,0.13,0.15,0.86,0.87,0.02,0.01,72940.41
1775840610.364,210.364,0.13,0.14,0.86,0.87,0.01,0.01,72940.58
1775840610.913,210.913,0.12,0.13,0.86,0.87,0.01,0.01,72940.58
1775840611.375,211.375,0.12,0.14,0.86,0.87,0.02,0.01,72943.07
1775840611.918,211.918,0.12,0.13,0.87,0.88,0.01,0.01,72943.07
1775840612.389,212.389,0.12,0.13,0.87,0.88,0.01,0.01,72943.8
1775840612.922,212.922,0.12,0.14,0.87,0.88,0.02,0.01,72943.8
1775840613.391,213.391,0.13,0.14,0.85,0.86,0.01,0.01,72943.62
1775840613.958,213.958,0.13,0.15,0.86,0.87,0.02,0.01,72943.62
1775840614.33,214.33,0.15,0.17,0.83,0.86,0.02,0.03,72942.87
1775840614.695,214.695,0.16,0.17,0.83,0.84,0.01,0.01,72942.87
1775840615.119,215.119,0.16,0.17,0.83,0.84,0.01,0.01,72942.87
1775840615.492,215.492,0.16,0.17,0.83,0.84,0.01,0.01,72942.95
1775840616.05,216.05,0.16,0.17,0.83,0.84,0.01,0.01,72942.95
1775840616.507,216.507,0.16,0.17,0.83,0.84,0.01,0.01,72946.04
1775840616.963,216.963,0.16,0.17,0.83,0.84,0.01,0.01,72946.04
1775840617.39,217.39,0.16,0.17,0.83,0.84,0.01,0.01,72948.47
1775840617.748,217.748,0.15,0.16,0.84,0.85,0.01,0.01,72948.47
1775840618.261,218.261,0.14,0.16,0.84,0.85,0.02,0.01,72948.34
1775840618.597,218.597,0.13,0.15,0.85,0.86,0.02,0.01,72948.34
1775840619.003,219.003,0.13,0.14,0.86,0.87,0.01,0.01,72948.34
1775840619.648,219.648,0.13,0.14,0.86,0.87,0.01,0.01,72948.35
1775840620.245,220.245,0.13,0.14,0.86,0.87,0.01,0.01,72948.32
1775840620.59,220.59,0.11,0.12,0.88,0.89,0.01,0.01,72948.32
1775840620.938,220.938,0.1,0.11,0.89,0.9,0.01,0.01,72948.32
1775840621.301,221.301,0.1,0.11,0.89,0.9,0.01,0.01,72947.85
1775840621.694,221.694,0.1,0.11,0.89,0.9,0.01,0.01,72947.85
1775840622.096,222.096,0.1,0.11,0.89,0.9,0.01,0.01,72947.85
1775840622.483,222.483,0.1,0.11,0.89,0.9,0.01,0.01,72947.78
1775840622.947,222.947,0.1,0.11,0.89,0.9,0.01,0.01,72947.78
1775840623.328,223.328,0.09,0.1,0.9,0.91,0.01,0.01,72943.13
1775840623.679,223.679,0.08,0.09,0.91,0.92,0.01,0.01,72943.13
1775840624.014,224.014,0.08,0.09,0.91,0.92,0.01,0.01,72943.13
1775840624.426,224.426,0.08,0.09,0.91,0.92,0.01,0.01,72943.13
1775840624.775,224.775,0.08,0.09,0.91,0.92,0.01,0.01,72943.35
1775840625.422,225.422,0.07,0.08,0.92,0.93,0.01,0.01,72941.76
1775840625.776,225.776,0.07,0.08,0.92,0.93,0.01,0.01,72941.76
1775840626.165,226.165,0.07,0.08,0.92,0.93,0.01,0.01,72941.76
1775840626.504,226.504,0.05,0.07,0.93,0.95,0.02,0.02,72941.76
1775840626.848,226.848,0.05,0.06,0.94,0.95,0.01,0.01,72941.76
1775840627.182,227.182,0.05,0.06,0.94,0.95,0.01,0.01,72940.04
1775840627.521,227.521,0.05,0.06,0.94,0.95,0.01,0.01,72940.04
1775840627.858,227.858,0.04,0.05,0.95,0.96,0.01,0.01,72940.04
1775840628.198,228.198,0.04,0.05,0.95,0.96,0.01,0.01,72939.84
1775840628.635,228.635,0.04,0.05,0.95,0.96,0.01,0.01,72939.84
1775840629.128,229.128,0.04,0.05,0.95,0.96,0.01,0.01,72922.62
1775840629.482,229.482,0.04,0.05,0.95,0.96,0.01,0.01,72922.62
1775840629.865,229.865,0.03,0.04,0.95,0.97,0.01,0.02,72922.62
1775840630.266,230.266,0.03,0.04,0.96,0.97,0.01,0.01,72922.62
1775840630.605,230.605,0.03,0.04,0.96,0.97,0.01,0.01,72922.62
1775840630.95,230.95,0.03,0.04,0.96,0.97,0.01,0.01,72908.16
1775840631.368,231.368,0.03,0.04,0.96,0.97,0.01,0.01,72906.83
1775840631.712,231.712,0.03,0.04,0.96,0.97,0.01,0.01,72906.83
1775840632.06,232.06,0.03,0.04,0.96,0.97,0.01,0.01,72906.83
1775840632.733,232.733,0.03,0.04,0.96,0.97,0.01,0.01,72906.74
1775840633.227,233.227,0.03,0.04,0.96,0.97,0.01,0.01,72906.29
1775840633.624,233.624,0.03,0.04,0.96,0.97,0.01,0.01,72906.29
1775840634.171,234.171,0.03,0.04,0.96,0.97,0.01,0.01,72905.22
1775840634.516,234.516,0.03,0.04,0.96,0.97,0.01,0.01,72905.22
1775840635.003,235.003,0.03,0.04,0.96,0.97,0.01,0.01,72905.22
1775840635.344,235.344,0.03,0.04,0.96,0.97,0.01,0.01,72905.22
1775840635.703,235.703,0.03,0.04,0.96,0.97,0.01,0.01,72905.22
1775840636.066,236.066,0.02,0.03,0.96,0.98,0.01,0.02,72905.22
1775840636.421,236.421,0.02,0.03,0.97,0.98,0.01,0.01,72906.16
1775840637.001,237.001,0.02,0.03,0.97,0.98,0.01,0.01,72906.16
1775840637.337,237.337,0.02,0.03,0.97,0.98,0.01,0.01,72905.32
1775840637.878,237.878,0.02,0.03,0.97,0.98,0.01,0.01,72905.32
1775840638.411,238.411,0.02,0.03,0.97,0.98,0.01,0.01,72905.85
1775840638.946,238.946,0.02,0.03,0.97,0.98,0.01,0.01,72905.85
1775840639.457,239.457,0.02,0.03,0.97,0.98,0.01,0.01,72905.85
1775840640.03,240.03,0.02,0.03,0.97,0.98,0.01,0.01,72906.07
1775840640.374,240.374,0.02,0.03,0.97,0.98,0.01,0.01,72906.07
1775840640.794,240.794,0.02,0.03,0.97,0.98,0.01,0.01,72906.07
1775840641.445,241.445,0.02,0.03,0.97,0.98,0.01,0.01,72906.14
1775840641.785,241.785,0.02,0.03,0.97,0.98,0.01,0.01,72906.14
1775840642.183,242.183,0.02,0.03,0.97,0.98,0.01,0.01,72906.25
1775840643.237,243.237,0.02,0.03,0.97,0.98,0.01,0.01,72907.13
1775840643.736,243.736,0.02,0.03,0.97,0.98,0.01,0.01,72907.13
1775840644.141,244.141,0.03,0.04,0.96,0.97,0.01,0.01,72907.13
1775840644.572,244.572,0.02,0.03,0.96,0.98,0.01,0.02,72912.68
1775840644.91,244.91,0.02,0.03,0.97,0.98,0.01,0.01,72912.68
1775840645.412,245.412,0.02,0.03,0.97,0.98,0.01,0.01,72915.77
1775840646.156,246.156,0.02,0.03,0.97,0.98,0.01,0.01,72915.77
1775840646.53,246.53,0.02,0.03,0.97,0.98,0.01,0.01,72915.8
1775840646.864,246.864,0.02,0.03,0.97,0.98,0.01,0.01,72915.8
1775840647.476,247.476,0.02,0.03,0.97,0.98,0.01,0.01,72915.73
1775840648.318,248.318,0.02,0.03,0.97,0.98,0.01,0.01,72915.88
1775840648.736,248.736,0.02,0.03,0.97,0.98,0.01,0.01,72915.88
1775840649.362,249.362,0.02,0.03,0.97,0.98,0.01,0.01,72915.87
1775840649.708,249.708,0.02,0.03,0.97,0.98,0.01,0.01,72915.87
1775840650.062,250.062,0.01,0.02,0.98,0.99,0.01,0.01,72915.87
1775840650.477,250.477,0.01,0.02,0.98,0.99,0.01,0.01,72915.81
1775840650.885,250.885,0.01,0.02,0.98,0.99,0.01,0.01,72915.81
1775840651.495,251.495,0.01,0.02,0.98,0.99,0.01,0.01,72915.71
1775840651.913,251.913,0.01,0.02,0.98,0.99,0.01,0.01,72915.71
1775840652.488,252.488,0.01,0.02,0.98,0.99,0.01,0.01,72914.48
1775840652.876,252.876,0.02,0.03,0.97,0.98,0.01,0.01,72914.48
1775840653.461,253.461,0.01,0.03,0.98,0.99,0.02,0.01,72914.44
1775840653.815,253.815,0.01,0.02,0.98,0.99,0.01,0.01,72914.44
1775840654.406,254.406,0.01,0.02,0.98,0.99,0.01,0.01,72914.49
1775840654.967,254.967,0.01,0.02,0.98,0.99,0.01,0.01,72914.49
1775840655.355,255.355,0.01,0.02,0.98,0.99,0.01,0.01,72915.3
1775840655.724,255.724,0.01,0.02,0.98,0.99,0.01,0.01,72915.3
1775840656.09,256.09,0.01,0.02,0.98,0.99,0.01,0.01,72915.3
1775840656.572,256.572,0.01,0.02,0.98,0.99,0.01,0.01,72914.17
1775840656.908,256.908,0.01,0.02,0.98,0.99,0.01,0.01,72914.17
1775840657.303,257.303,0.01,0.02,0.98,0.99,0.01,0.01,72914.17
1775840657.72,257.72,0.01,0.02,0.98,0.99,0.01,0.01,72913.93
1775840658.077,258.077,0.01,0.02,0.98,0.99,0.01,0.01,72913.93
1775840658.764,258.764,0.01,0.02,0.98,0.99,0.01,0.01,72913.97
1775840659.116,259.116,0.01,0.02,0.98,0.99,0.01,0.01,72912.08
1775840659.483,259.483,0.01,0.02,0.98,0.99,0.01,0.01,72912.08
1775840659.98,259.98,0.01,0.02,0.98,0.99,0.01,0.01,72910.33
1775840660.347,260.347,0.01,0.02,0.98,0.99,0.01,0.01,72910.33
1775840660.868,260.868,0.01,0.02,0.98,0.99,0.01,0.01,72910.33
1775840661.279,261.279,0.01,0.02,0.98,0.99,0.01,0.01,72907.7
1775840661.732,261.732,0.01,0.02,0.98,0.99,0.01,0.01,72907.7
1775840662.133,262.133,0.01,0.02,0.98,0.99,0.01,0.01,72907.7
1775840662.621,262.621,0.01,0.02,0.98,0.99,0.01,0.01,72906.37
1775840662.974,262.974,0.01,0.02,0.98,0.99,0.01,0.01,72906.37
1775840663.454,263.454,0.01,0.02,0.98,0.99,0.01,0.01,72906.22
1775840664.118,264.118,0.01,0.02,0.98,0.99,0.01,0.01,72906.22
1775840664.537,264.537,0.01,0.02,0.98,0.99,0.01,0.01,72905.03
1775840664.883,264.883,0.01,0.02,0.98,0.99,0.01,0.01,72905.03
1775840665.266,265.266,0.01,0.02,0.98,0.99,0.01,0.01,72905.03
1775840665.599,265.599,0.01,0.02,0.98,0.99,0.01,0.01,72905.34
1775840665.986,265.986,0.01,0.02,0.98,0.99,0.01,0.01,72905.34
1775840666.565,266.565,0.01,0.01,0.99,0.99,0.0,0.0,72905.52
1775840667.007,267.007,0.01,0.01,0.99,0.99,0.0,0.0,72905.52
1775840667.365,267.365,0.01,0.01,0.99,0.99,0.0,0.0,72905.52
1775840667.884,267.884,0.01,0.01,0.99,0.99,0.0,0.0,72905.52
1775840668.407,268.407,0.01,0.01,0.99,0.99,0.0,0.0,72905.01
1775840668.839,268.839,0.01,0.01,0.99,0.99,0.0,0.0,72905.01
1775840669.203,269.203,0.01,0.01,0.99,0.99,0.0,0.0,72905.5
1775840669.619,269.619,0.01,0.01,0.99,0.99,0.0,0.0,72905.5
1775840669.974,269.974,0.01,0.01,0.99,0.99,0.0,0.0,72905.5
1775840670.386,270.386,0.01,0.01,0.99,0.99,0.0,0.0,72905.66
1775840671.244,271.244,0.01,0.01,0.99,0.99,0.0,0.0,72905.66
1775840671.738,271.738,0.01,0.01,0.99,0.99,0.0,0.0,72905.66
1775840672.436,272.436,0.01,0.01,0.99,0.99,0.0,0.0,72905.66
1775840672.904,272.904,0.01,0.01,0.99,0.99,0.0,0.0,72906.34
1775840673.237,273.237,0.01,0.01,0.99,0.99,0.0,0.0,72905.33
1775840673.597,273.597,0.01,0.01,0.99,0.99,0.0,0.0,72905.33
1775840674.107,274.107,0.01,0.01,0.99,0.99,0.0,0.0,72905.33
1775840675.217,275.217,0.01,0.01,0.99,0.99,0.0,0.0,72909.57
1775840675.555,275.555,0.01,0.01,0.99,0.99,0.0,0.0,72909.57
1775840677.44,277.44,0.01,0.01,0.99,0.99,0.0,0.0,72909.65
1775840679.782,279.782,0.01,0.01,0.99,0.99,0.0,0.0,72908.67
1775840680.17,280.17,0.01,0.01,0.99,0.99,0.0,0.0,72908.67
1775840680.513,280.513,0.01,0.01,0.99,0.99,0.0,0.0,72908.67
1775840680.946,280.946,0.01,0.01,0.99,0.99,0.0,0.0,72906.62
1775840681.375,281.375,0.01,0.01,0.99,0.99,0.0,0.0,72906.62
1775840681.897,281.897,0.01,0.01,0.99,0.99,0.0,0.0,72905.31
1775840682.495,282.495,0.01,0.01,0.99,0.99,0.0,0.0,72905.31
1775840682.987,282.987,0.01,0.01,0.99,0.99,0.0,0.0,72906.12
1775840683.563,283.563,0.01,0.01,0.99,0.99,0.0,0.0,72906.12
1775840683.936,283.936,0.01,0.01,0.99,0.99,0.0,0.0,72907.0
1775840685.112,285.112,0.01,0.01,0.99,0.99,0.0,0.0,72909.39
1775840685.648,285.648,0.01,0.01,0.99,0.99,0.0,0.0,72909.43
1775840686.601,286.601,0.01,0.01,0.99,0.99,0.0,0.0,72909.43
1775840687.336,287.336,0.01,0.01,0.99,0.99,0.0,0.0,72909.45
1775840689.365,289.365,0.01,0.01,0.99,0.99,0.0,0.0,72909.47
1775840689.941,289.941,0.01,0.01,0.99,0.99,0.0,0.0,72909.47
1775840690.506,290.506,0.01,0.01,0.99,0.99,0.0,0.0,72909.47
1775840690.848,290.848,0.01,0.01,0.99,0.99,0.0,0.0,72909.47
1775840691.444,291.444,0.01,0.01,0.99,0.99,0.0,0.0,72909.48
1775840691.966,291.966,0.01,0.01,0.99,0.99,0.0,0.0,72909.48
1775840692.385,292.385,0.01,0.01,0.99,0.99,0.0,0.0,72909.51
1775840692.734,292.734,0.01,0.01,0.99,0.99,0.0,0.0,72909.51
1775840693.369,293.369,0.01,0.01,0.99,0.99,0.0,0.0,72907.67
1775840696.036,296.036,0.01,0.01,0.99,0.99,0.0,0.0,72906.99
1775840696.448,296.448,0.01,0.01,0.99,0.99,0.0,0.0,72901.2
1775840697.171,297.171,0.01,0.01,0.99,0.99,0.0,0.0,72901.2
1775840698.438,298.438,0.01,0.01,0.99,0.99,0.0,0.0,72895.83
1775840700.216,300.216,0.01,0.01,0.99,0.99,0.0,0.0,72900.34
1775840700.816,300.816,0.01,0.01,0.99,0.99,0.0,0.0,72900.34

# RESULT,winner=Down,slug=btc-updown-5m-1775840400,ticks=667
