timestamp,elapsed_sec,up_bid,up_ask,down_bid,down_ask,up_spread,down_spread,btc_price,btc_oracle_ts
1776846600.516,0.516,0.52,0.53,0.47,0.48,0.01,0.01,77987.93,1776846599000
1776846600.935,0.935,0.51,0.53,0.47,0.49,0.02,0.02,77986.83,1776846600000
1776846601.273,1.273,0.51,0.52,0.48,0.49,0.01,0.01,77986.83,1776846600000
1776846601.661,1.661,0.51,0.52,0.48,0.49,0.01,0.01,77986.83,1776846600000
1776846602.017,2.017,0.51,0.52,0.48,0.49,0.01,0.01,77978.92,1776846601000
1776846602.365,2.365,0.51,0.52,0.48,0.49,0.01,0.01,77978.92,1776846601000
1776846602.787,2.787,0.51,0.53,0.47,0.49,0.02,0.02,77978.92,1776846601000
1776846603.167,3.167,0.54,0.55,0.45,0.46,0.01,0.01,77978.92,1776846601000
1776846603.541,3.541,0.54,0.55,0.45,0.46,0.01,0.01,77978.92,1776846601000
1776846603.903,3.903,0.54,0.55,0.45,0.46,0.01,0.01,77979.68,1776846602000
1776846604.24,4.24,0.53,0.55,0.45,0.47,0.02,0.02,77983.16,1776846603000
1776846604.579,4.579,0.54,0.55,0.45,0.46,0.01,0.01,77983.16,1776846603000
1776846605.071,5.071,0.51,0.52,0.48,0.49,0.01,0.01,77983.16,1776846603000
1776846605.454,5.454,0.5,0.52,0.48,0.49,0.02,0.01,77986.3,1776846604000
1776846605.93,5.93,0.5,0.53,0.49,0.5,0.03,0.01,77986.3,1776846604000
1776846606.352,6.352,0.52,0.53,0.47,0.48,0.01,0.01,77979.63,1776846605000
1776846606.727,6.727,0.52,0.53,0.47,0.48,0.01,0.01,77979.63,1776846605000
1776846607.206,7.206,0.52,0.53,0.47,0.48,0.01,0.01,77979.63,1776846605000
1776846607.593,7.593,0.51,0.53,0.47,0.48,0.02,0.01,77978.86,1776846606000
1776846608.025,8.025,0.5,0.51,0.49,0.5,0.01,0.01,77978.86,1776846606000
1776846608.432,8.432,0.5,0.51,0.49,0.5,0.01,0.01,77979.96,1776846607000
1776846608.776,8.776,0.5,0.51,0.49,0.5,0.01,0.01,77979.96,1776846607000
1776846609.28,9.28,0.5,0.51,0.49,0.5,0.01,0.01,77979.96,1776846607000
1776846609.81,9.81,0.5,0.51,0.49,0.5,0.01,0.01,77980.02,1776846608000
1776846610.379,10.379,0.49,0.5,0.49,0.51,0.01,0.02,77980.02,1776846609000
1776846610.764,10.764,0.48,0.49,0.51,0.52,0.01,0.01,77980.02,1776846609000
1776846611.135,11.135,0.48,0.49,0.51,0.52,0.01,0.01,77979.93,1776846610000
1776846611.742,11.742,0.48,0.49,0.51,0.52,0.01,0.01,77979.93,1776846610000
1776846612.097,12.097,0.48,0.49,0.51,0.52,0.01,0.01,77979.93,1776846610000
1776846612.647,12.647,0.48,0.49,0.51,0.52,0.01,0.01,77979.21,1776846611000
1776846612.983,12.983,0.47,0.48,0.52,0.53,0.01,0.01,77979.21,1776846611000
1776846613.441,13.441,0.47,0.48,0.52,0.53,0.01,0.01,77979.21,1776846611000
1776846614.036,14.036,0.47,0.48,0.52,0.53,0.01,0.01,77979.18,1776846612000
1776846614.787,14.787,0.47,0.48,0.52,0.53,0.01,0.01,77979.18,1776846613000
1776846615.139,15.139,0.45,0.46,0.54,0.55,0.01,0.01,77979.18,1776846613000
1776846615.562,15.562,0.44,0.45,0.54,0.56,0.01,0.02,77979.16,1776846614000
1776846615.963,15.963,0.44,0.45,0.55,0.56,0.01,0.01,77979.16,1776846614000
1776846616.551,16.551,0.44,0.45,0.55,0.56,0.01,0.01,77979.16,1776846614000
1776846616.907,16.907,0.44,0.45,0.55,0.56,0.01,0.01,77978.04,1776846615000
1776846617.404,17.404,0.44,0.45,0.55,0.56,0.01,0.01,77972.78,1776846616000
1776846618.102,18.102,0.44,0.45,0.55,0.56,0.01,0.01,77970.9,1776846617000
1776846618.861,18.861,0.44,0.45,0.55,0.56,0.01,0.01,77970.9,1776846617000
1776846619.262,19.262,0.44,0.45,0.55,0.56,0.01,0.01,77970.16,1776846618000
1776846619.888,19.888,0.44,0.45,0.55,0.56,0.01,0.01,77970.16,1776846618000
1776846620.262,20.262,0.44,0.45,0.55,0.56,0.01,0.01,77970.16,1776846618000
1776846620.678,20.678,0.44,0.45,0.55,0.56,0.01,0.01,77967.65,1776846619000
1776846621.128,21.128,0.43,0.44,0.55,0.56,0.01,0.01,77967.65,1776846619000
1776846621.535,21.535,0.43,0.44,0.56,0.57,0.01,0.01,77967.52,1776846620000
1776846621.923,21.923,0.43,0.44,0.56,0.57,0.01,0.01,77967.52,1776846621000
1776846622.727,22.727,0.43,0.44,0.56,0.57,0.01,0.01,77967.52,1776846621000
1776846623.176,23.176,0.43,0.44,0.56,0.57,0.01,0.01,77966.72,1776846622000
1776846623.721,23.721,0.43,0.44,0.56,0.57,0.01,0.01,77966.72,1776846622000
1776846624.074,24.074,0.43,0.44,0.56,0.57,0.01,0.01,77966.72,1776846623000
1776846624.681,24.681,0.43,0.44,0.56,0.57,0.01,0.01,77966.72,1776846623000
1776846625.374,25.374,0.43,0.44,0.56,0.57,0.01,0.01,77966.99,1776846624000
1776846625.929,25.929,0.43,0.44,0.56,0.57,0.01,0.01,77966.99,1776846624000
1776846626.298,26.298,0.43,0.44,0.56,0.57,0.01,0.01,77967.15,1776846625000
1776846626.684,26.684,0.43,0.44,0.56,0.57,0.01,0.01,77967.15,1776846625000
1776846627.088,27.088,0.43,0.44,0.56,0.57,0.01,0.01,77966.99,1776846626000
1776846627.466,27.466,0.43,0.44,0.56,0.57,0.01,0.01,77966.99,1776846626000
1776846628.086,28.086,0.43,0.44,0.56,0.57,0.01,0.01,77966.99,1776846626000
1776846628.42,28.42,0.43,0.44,0.56,0.57,0.01,0.01,77968.28,1776846627000
1776846629.176,29.176,0.43,0.44,0.56,0.57,0.01,0.01,77968.93,1776846628000
1776846629.766,29.766,0.42,0.44,0.56,0.57,0.02,0.01,77968.93,1776846628000
1776846630.371,30.371,0.42,0.43,0.57,0.58,0.01,0.01,77968.52,1776846629000
1776846631.27,31.27,0.42,0.43,0.57,0.58,0.01,0.01,77968.52,1776846629000
1776846631.604,31.604,0.42,0.43,0.57,0.58,0.01,0.01,77968.52,1776846629000
1776846631.954,31.954,0.43,0.44,0.56,0.57,0.01,0.01,77968.56,1776846630000
1776846632.306,32.306,0.43,0.44,0.56,0.57,0.01,0.01,77968.27,1776846631000
1776846632.816,32.816,0.43,0.44,0.56,0.57,0.01,0.01,77968.27,1776846631000
1776846633.554,33.554,0.43,0.44,0.56,0.57,0.01,0.01,77968.08,1776846632000
1776846633.926,33.926,0.43,0.45,0.55,0.57,0.02,0.02,77968.08,1776846632000
1776846634.386,34.386,0.43,0.45,0.55,0.57,0.02,0.02,77968.08,1776846633000
1776846634.736,34.736,0.53,0.54,0.46,0.47,0.01,0.01,77968.08,1776846633000
1776846635.318,35.318,0.56,0.57,0.43,0.44,0.01,0.01,77968.08,1776846633000
1776846636.023,36.023,0.56,0.59,0.41,0.44,0.03,0.03,77968.61,1776846634000
1776846636.486,36.486,0.56,0.6,0.4,0.44,0.04,0.04,77968.61,1776846634000
1776846636.905,36.905,0.6,0.61,0.39,0.4,0.01,0.01,77989.45,1776846635000
1776846637.316,37.316,0.6,0.61,0.38,0.4,0.01,0.02,77997.48,1776846636000
1776846637.718,37.718,0.6,0.61,0.39,0.4,0.01,0.01,77997.48,1776846636000
1776846638.122,38.122,0.6,0.61,0.39,0.4,0.01,0.01,77997.48,1776846636000
1776846638.466,38.466,0.62,0.63,0.37,0.39,0.01,0.02,77998.19,1776846637000
1776846638.862,38.862,0.62,0.63,0.37,0.38,0.01,0.01,77998.19,1776846637000
1776846639.298,39.298,0.63,0.64,0.36,0.37,0.01,0.01,77998.19,1776846637000
1776846639.797,39.797,0.63,0.64,0.36,0.37,0.01,0.01,78002.24,1776846638000
1776846640.181,40.181,0.64,0.65,0.35,0.36,0.01,0.01,78006.33,1776846639000
1776846640.555,40.555,0.64,0.65,0.35,0.36,0.01,0.01,78006.33,1776846639000
1776846640.901,40.901,0.64,0.65,0.35,0.36,0.01,0.01,78006.33,1776846639000
1776846641.268,41.268,0.64,0.65,0.35,0.36,0.01,0.01,78006.33,1776846639000
1776846641.618,41.618,0.64,0.65,0.35,0.36,0.01,0.01,78009.37,1776846640000
1776846641.956,41.956,0.64,0.65,0.35,0.36,0.01,0.01,78009.37,1776846640000
1776846642.356,42.356,0.67,0.69,0.31,0.33,0.02,0.02,78009.26,1776846641000
1776846642.82,42.82,0.69,0.7,0.3,0.31,0.01,0.01,78009.26,1776846641000
1776846643.18,43.18,0.69,0.7,0.3,0.31,0.01,0.01,78009.26,1776846641000
1776846643.558,43.558,0.69,0.7,0.3,0.31,0.01,0.01,78009.52,1776846642000
1776846643.917,43.917,0.68,0.69,0.3,0.32,0.01,0.02,78009.52,1776846642000
1776846644.258,44.258,0.68,0.69,0.31,0.32,0.01,0.01,78016.94,1776846643000
1776846644.651,44.651,0.68,0.69,0.31,0.32,0.01,0.01,78016.94,1776846643000
1776846645.064,45.064,0.68,0.69,0.31,0.32,0.01,0.01,78016.94,1776846643000
1776846645.454,45.454,0.68,0.69,0.31,0.32,0.01,0.01,78020.12,1776846644000
1776846645.848,45.848,0.68,0.69,0.31,0.32,0.01,0.01,78020.12,1776846644000
1776846646.216,46.216,0.68,0.69,0.31,0.32,0.01,0.01,78020.12,1776846644000
1776846646.559,46.559,0.68,0.69,0.31,0.32,0.01,0.01,78018.87,1776846645000
1776846646.976,46.976,0.68,0.69,0.31,0.32,0.01,0.01,78018.87,1776846645000
1776846647.326,47.326,0.68,0.7,0.31,0.32,0.02,0.01,78018.62,1776846646000
1776846647.926,47.926,0.69,0.7,0.3,0.31,0.01,0.01,78018.62,1776846646000
1776846648.56,48.56,0.69,0.7,0.3,0.31,0.01,0.01,78018.12,1776846647000
1776846648.95,48.95,0.69,0.7,0.3,0.31,0.01,0.01,78018.12,1776846647000
1776846649.788,49.788,0.69,0.7,0.3,0.31,0.01,0.01,78019.58,1776846648000
1776846650.122,50.122,0.69,0.71,0.29,0.31,0.02,0.02,78019.58,1776846648000
1776846650.604,50.604,0.7,0.71,0.29,0.3,0.01,0.01,78021.14,1776846649000
1776846650.991,50.991,0.7,0.71,0.29,0.3,0.01,0.01,78021.14,1776846649000
1776846651.329,51.329,0.73,0.74,0.26,0.27,0.01,0.01,78021.84,1776846650000
1776846651.734,51.734,0.73,0.74,0.26,0.27,0.01,0.01,78021.84,1776846650000
1776846652.091,52.091,0.73,0.74,0.26,0.27,0.01,0.01,78021.84,1776846650000
1776846652.565,52.565,0.73,0.74,0.26,0.27,0.01,0.01,78022.09,1776846651000
1776846653.138,53.138,0.73,0.74,0.26,0.27,0.01,0.01,78022.09,1776846651000
1776846653.512,53.512,0.74,0.75,0.25,0.26,0.01,0.01,78026.55,1776846652000
1776846653.86,53.86,0.74,0.75,0.25,0.26,0.01,0.01,78026.55,1776846652000
1776846654.367,54.367,0.74,0.75,0.25,0.26,0.01,0.01,78028.15,1776846653000
1776846654.903,54.903,0.74,0.75,0.25,0.26,0.01,0.01,78028.15,1776846653000
1776846655.378,55.378,0.74,0.75,0.25,0.26,0.01,0.01,78030.26,1776846654000
1776846655.815,55.815,0.74,0.75,0.25,0.26,0.01,0.01,78030.26,1776846654000
1776846656.226,56.226,0.74,0.75,0.25,0.26,0.01,0.01,78031.84,1776846655000
1776846656.775,56.775,0.74,0.75,0.25,0.26,0.01,0.01,78031.84,1776846655000
1776846657.343,57.343,0.74,0.75,0.25,0.26,0.01,0.01,78032.39,1776846656000
1776846657.96,57.96,0.74,0.75,0.25,0.26,0.01,0.01,78032.39,1776846656000
1776846658.371,58.371,0.74,0.75,0.25,0.26,0.01,0.01,78032.78,1776846657000
1776846658.75,58.75,0.74,0.75,0.25,0.26,0.01,0.01,78032.78,1776846657000
1776846659.125,59.125,0.74,0.75,0.25,0.26,0.01,0.01,78033.54,1776846658000
1776846659.525,59.525,0.74,0.75,0.25,0.26,0.01,0.01,78033.54,1776846658000
1776846659.862,59.862,0.74,0.75,0.25,0.26,0.01,0.01,78033.54,1776846658000
1776846660.256,60.256,0.73,0.74,0.26,0.27,0.01,0.01,78033.71,1776846659000
1776846660.827,60.827,0.73,0.74,0.26,0.27,0.01,0.01,78033.71,1776846659000
1776846661.174,61.174,0.73,0.74,0.26,0.27,0.01,0.01,78033.71,1776846659000
1776846661.514,61.514,0.73,0.74,0.26,0.27,0.01,0.01,78033.84,1776846660000
1776846661.929,61.929,0.73,0.74,0.26,0.27,0.01,0.01,78033.84,1776846660000
1776846662.367,62.367,0.73,0.74,0.26,0.27,0.01,0.01,78033.03,1776846661000
1776846662.763,62.763,0.73,0.74,0.26,0.27,0.01,0.01,78033.03,1776846661000
1776846663.118,63.118,0.73,0.74,0.26,0.27,0.01,0.01,78033.03,1776846661000
1776846663.511,63.511,0.73,0.74,0.26,0.27,0.01,0.01,78033.19,1776846662000
1776846663.898,63.898,0.73,0.74,0.26,0.27,0.01,0.01,78033.19,1776846662000
1776846664.545,64.545,0.73,0.75,0.26,0.27,0.02,0.01,78033.3,1776846663000
1776846664.89,64.89,0.74,0.75,0.25,0.26,0.01,0.01,78033.3,1776846663000
1776846665.404,65.404,0.74,0.75,0.25,0.26,0.01,0.01,78032.44,1776846664000
1776846665.916,65.916,0.74,0.75,0.25,0.26,0.01,0.01,78032.44,1776846664000
1776846666.255,66.255,0.74,0.75,0.25,0.26,0.01,0.01,78032.44,1776846665000
1776846666.607,66.607,0.74,0.75,0.25,0.26,0.01,0.01,78032.44,1776846665000
1776846667.099,67.099,0.74,0.75,0.25,0.26,0.01,0.01,78033.0,1776846666000
1776846667.526,67.526,0.74,0.75,0.25,0.26,0.01,0.01,78033.0,1776846666000
1776846667.863,67.863,0.73,0.74,0.26,0.27,0.01,0.01,78033.0,1776846666000
1776846668.291,68.291,0.73,0.74,0.26,0.27,0.01,0.01,78033.01,1776846667000
1776846668.731,68.731,0.72,0.74,0.26,0.27,0.02,0.01,78033.01,1776846667000
1776846669.102,69.102,0.72,0.73,0.27,0.28,0.01,0.01,78033.01,1776846667000
1776846669.549,69.549,0.72,0.73,0.27,0.28,0.01,0.01,78032.52,1776846668000
1776846669.959,69.959,0.72,0.73,0.27,0.28,0.01,0.01,78032.52,1776846668000
1776846670.364,70.364,0.74,0.75,0.25,0.26,0.01,0.01,78032.52,1776846668000
1776846670.749,70.749,0.74,0.75,0.25,0.26,0.01,0.01,78032.52,1776846668000
1776846671.314,71.314,0.74,0.75,0.25,0.26,0.01,0.01,78032.3,1776846669000
1776846671.808,71.808,0.75,0.76,0.25,0.26,0.01,0.01,78032.3,1776846670000
1776846672.155,72.155,0.75,0.76,0.24,0.25,0.01,0.01,78032.3,1776846670000
1776846672.62,72.62,0.75,0.76,0.24,0.25,0.01,0.01,78032.3,1776846671000
1776846673.011,73.011,0.75,0.76,0.24,0.25,0.01,0.01,78032.3,1776846671000
1776846673.467,73.467,0.75,0.76,0.24,0.25,0.01,0.01,78032.3,1776846671000
1776846673.824,73.824,0.73,0.74,0.24,0.28,0.01,0.04,78034.05,1776846672000
1776846674.404,74.404,0.73,0.74,0.26,0.27,0.01,0.01,78034.05,1776846673000
1776846674.868,74.868,0.73,0.74,0.26,0.27,0.01,0.01,78034.05,1776846674000
1776846675.611,75.611,0.73,0.74,0.26,0.27,0.01,0.01,78034.05,1776846674000
1776846676.037,76.037,0.73,0.74,0.26,0.27,0.01,0.01,78034.05,1776846674000
1776846676.732,76.732,0.73,0.74,0.26,0.27,0.01,0.01,78033.9,1776846675000
1776846677.157,77.157,0.73,0.74,0.26,0.27,0.01,0.01,78033.9,1776846675000
1776846677.511,77.511,0.73,0.74,0.26,0.27,0.01,0.01,78033.43,1776846676000
1776846677.944,77.944,0.73,0.74,0.26,0.27,0.01,0.01,78033.43,1776846676000
1776846678.433,78.433,0.73,0.74,0.26,0.27,0.01,0.01,78033.43,1776846677000
1776846679.008,79.008,0.73,0.74,0.26,0.27,0.01,0.01,78033.43,1776846677000
1776846679.387,79.387,0.73,0.74,0.26,0.27,0.01,0.01,78033.43,1776846677000
1776846679.787,79.787,0.73,0.74,0.26,0.27,0.01,0.01,78032.68,1776846678000
1776846680.242,80.242,0.73,0.74,0.26,0.27,0.01,0.01,78032.68,1776846678000
1776846680.707,80.707,0.73,0.74,0.26,0.27,0.01,0.01,78032.71,1776846679000
1776846681.093,81.093,0.73,0.74,0.26,0.27,0.01,0.01,78032.71,1776846679000
1776846681.456,81.456,0.73,0.74,0.26,0.27,0.01,0.01,78032.71,1776846679000
1776846681.9,81.9,0.73,0.74,0.26,0.27,0.01,0.01,78032.69,1776846680000
1776846682.32,82.32,0.73,0.74,0.26,0.27,0.01,0.01,78032.41,1776846681000
1776846682.661,82.661,0.72,0.73,0.27,0.28,0.01,0.01,78032.41,1776846681000
1776846683.051,83.051,0.72,0.73,0.27,0.28,0.01,0.01,78032.41,1776846681000
1776846683.431,83.431,0.72,0.73,0.27,0.28,0.01,0.01,78032.41,1776846681000
1776846683.823,83.823,0.72,0.73,0.27,0.28,0.01,0.01,78032.52,1776846682000
1776846684.158,84.158,0.72,0.73,0.27,0.28,0.01,0.01,78032.52,1776846682000
1776846685.008,85.008,0.72,0.73,0.27,0.28,0.01,0.01,78032.52,1776846683000
1776846685.345,85.345,0.66,0.71,0.29,0.31,0.05,0.02,78032.52,1776846683000
1776846685.697,85.697,0.65,0.68,0.32,0.35,0.03,0.03,78032.63,1776846684000
1776846686.035,86.035,0.65,0.66,0.34,0.36,0.01,0.02,78032.63,1776846684000
1776846686.574,86.574,0.66,0.67,0.33,0.34,0.01,0.01,78031.89,1776846685000
1776846686.92,86.92,0.66,0.67,0.33,0.34,0.01,0.01,78031.89,1776846685000
1776846687.415,87.415,0.65,0.66,0.34,0.35,0.01,0.01,78022.15,1776846686000
1776846688.082,88.082,0.64,0.66,0.34,0.36,0.02,0.02,78017.05,1776846687000
1776846688.506,88.506,0.65,0.66,0.34,0.36,0.01,0.02,78017.05,1776846687000
1776846689.326,89.326,0.65,0.66,0.34,0.35,0.01,0.01,78015.43,1776846688000
1776846690.087,90.087,0.65,0.66,0.34,0.35,0.01,0.01,78015.43,1776846688000
1776846690.555,90.555,0.65,0.66,0.34,0.35,0.01,0.01,78009.76,1776846689000
1776846690.897,90.897,0.63,0.66,0.34,0.37,0.03,0.03,78009.76,1776846689000
1776846691.261,91.261,0.62,0.63,0.37,0.38,0.01,0.01,78009.76,1776846689000
1776846691.638,91.638,0.62,0.63,0.37,0.38,0.01,0.01,78008.36,1776846690000
1776846692.05,92.05,0.62,0.63,0.37,0.38,0.01,0.01,78008.36,1776846690000
1776846692.826,92.826,0.62,0.65,0.36,0.38,0.03,0.02,78008.46,1776846691000
1776846693.167,93.167,0.66,0.67,0.33,0.35,0.01,0.02,78008.46,1776846691000
1776846693.538,93.538,0.66,0.67,0.33,0.34,0.01,0.01,78008.46,1776846691000
1776846694.124,94.124,0.66,0.67,0.33,0.34,0.01,0.01,78008.45,1776846692000
1776846694.625,94.625,0.65,0.66,0.34,0.35,0.01,0.01,78009.38,1776846693000
1776846694.978,94.978,0.65,0.66,0.34,0.35,0.01,0.01,78014.04,1776846694000
1776846695.406,95.406,0.65,0.66,0.34,0.35,0.01,0.01,78014.04,1776846694000
1776846695.772,95.772,0.65,0.66,0.34,0.35,0.01,0.01,78014.04,1776846694000
1776846696.226,96.226,0.65,0.66,0.34,0.35,0.01,0.01,78014.04,1776846694000
1776846696.568,96.568,0.65,0.66,0.34,0.35,0.01,0.01,78013.09,1776846695000
1776846697.103,97.103,0.65,0.66,0.34,0.35,0.01,0.01,78013.09,1776846695000
1776846698.034,98.034,0.65,0.66,0.34,0.35,0.01,0.01,78014.07,1776846696000
1776846698.576,98.576,0.65,0.66,0.34,0.35,0.01,0.01,78014.07,1776846696000
1776846699.348,99.348,0.65,0.66,0.34,0.35,0.01,0.01,78014.38,1776846698000
1776846699.842,99.842,0.65,0.66,0.34,0.35,0.01,0.01,78014.38,1776846698000
1776846700.296,100.296,0.65,0.66,0.34,0.35,0.01,0.01,78014.37,1776846699000
1776846700.695,100.695,0.64,0.65,0.35,0.36,0.01,0.01,78014.37,1776846699000
1776846701.134,101.134,0.64,0.65,0.35,0.36,0.01,0.01,78014.37,1776846699000
1776846701.623,101.623,0.64,0.65,0.35,0.36,0.01,0.01,78014.37,1776846699000
1776846702.211,102.211,0.64,0.65,0.35,0.36,0.01,0.01,78013.39,1776846700000
1776846702.548,102.548,0.64,0.65,0.35,0.36,0.01,0.01,78011.49,1776846701000
1776846702.964,102.964,0.64,0.65,0.35,0.36,0.01,0.01,78011.49,1776846701000
1776846703.466,103.466,0.64,0.65,0.35,0.36,0.01,0.01,78011.35,1776846702000
1776846703.807,103.807,0.64,0.65,0.35,0.36,0.01,0.01,78011.35,1776846702000
1776846704.149,104.149,0.64,0.65,0.35,0.36,0.01,0.01,78011.35,1776846702000
1776846705.174,105.174,0.64,0.65,0.35,0.36,0.01,0.01,78011.35,1776846702000
1776846705.65,105.65,0.64,0.65,0.35,0.36,0.01,0.01,78009.62,1776846704000
1776846706.032,106.032,0.64,0.65,0.35,0.36,0.01,0.01,78009.62,1776846704000
1776846706.396,106.396,0.64,0.65,0.35,0.36,0.01,0.01,78009.62,1776846705000
1776846706.73,106.73,0.64,0.65,0.35,0.36,0.01,0.01,78009.62,1776846705000
1776846707.063,107.063,0.56,0.6,0.39,0.44,0.04,0.05,78009.62,1776846705000
1776846707.434,107.434,0.55,0.57,0.43,0.44,0.02,0.01,78008.45,1776846706000
1776846707.773,107.773,0.55,0.56,0.44,0.45,0.01,0.01,78008.45,1776846706000
1776846708.181,108.181,0.53,0.54,0.45,0.47,0.01,0.02,78008.45,1776846706000
1776846708.578,108.578,0.53,0.54,0.46,0.47,0.01,0.01,78005.64,1776846707000
1776846709.138,109.138,0.53,0.54,0.46,0.47,0.01,0.01,78005.64,1776846707000
1776846709.636,109.636,0.53,0.54,0.46,0.47,0.01,0.01,77994.79,1776846708000
1776846710.319,110.319,0.53,0.54,0.46,0.47,0.01,0.01,77992.95,1776846709000
1776846710.678,110.678,0.53,0.54,0.46,0.47,0.01,0.01,77992.95,1776846709000
1776846711.366,111.366,0.53,0.54,0.46,0.47,0.01,0.01,77990.11,1776846710000
1776846711.727,111.727,0.53,0.54,0.46,0.47,0.01,0.01,77990.11,1776846710000
1776846712.062,112.062,0.56,0.57,0.43,0.44,0.01,0.01,77989.17,1776846711000
1776846712.682,112.682,0.56,0.57,0.43,0.44,0.01,0.01,77989.17,1776846711000
1776846713.059,113.059,0.56,0.57,0.43,0.44,0.01,0.01,77989.17,1776846711000
1776846713.637,113.637,0.56,0.57,0.43,0.44,0.01,0.01,77990.08,1776846712000
1776846714.083,114.083,0.56,0.57,0.43,0.44,0.01,0.01,77990.08,1776846712000
1776846714.54,114.54,0.55,0.56,0.44,0.45,0.01,0.01,77993.13,1776846713000
1776846715.203,115.203,0.55,0.56,0.44,0.45,0.01,0.01,77993.13,1776846713000
1776846715.559,115.559,0.55,0.56,0.44,0.45,0.01,0.01,77994.3,1776846714000
1776846715.906,115.906,0.61,0.62,0.38,0.4,0.01,0.02,77994.3,1776846714000
1776846716.368,116.368,0.62,0.63,0.37,0.38,0.01,0.01,77994.3,1776846714000
1776846716.748,116.748,0.63,0.64,0.36,0.37,0.01,0.01,77993.8,1776846715000
1776846717.089,117.089,0.63,0.64,0.36,0.37,0.01,0.01,77993.8,1776846715000
1776846717.625,117.625,0.61,0.62,0.36,0.39,0.01,0.03,77996.69,1776846716000
1776846718.034,118.034,0.61,0.62,0.38,0.39,0.01,0.01,77996.69,1776846716000
1776846718.483,118.483,0.61,0.62,0.38,0.39,0.01,0.01,78001.07,1776846717000
1776846718.887,118.887,0.61,0.62,0.38,0.39,0.01,0.01,78001.07,1776846717000
1776846719.478,119.478,0.61,0.62,0.38,0.39,0.01,0.01,78002.38,1776846718000
1776846720.029,120.029,0.61,0.62,0.38,0.39,0.01,0.01,78002.38,1776846718000
1776846720.363,120.363,0.6,0.62,0.38,0.4,0.02,0.02,78002.34,1776846719000
1776846720.698,120.698,0.6,0.61,0.38,0.4,0.01,0.02,78002.34,1776846719000
1776846721.032,121.032,0.59,0.6,0.4,0.41,0.01,0.01,78002.34,1776846719000
1776846721.481,121.481,0.59,0.6,0.4,0.41,0.01,0.01,78002.25,1776846720000
1776846721.9,121.9,0.59,0.6,0.4,0.41,0.01,0.01,78002.25,1776846720000
1776846722.384,122.384,0.59,0.6,0.4,0.41,0.01,0.01,78001.03,1776846721000
1776846722.758,122.758,0.59,0.6,0.4,0.41,0.01,0.01,78001.03,1776846721000
1776846723.209,123.209,0.59,0.6,0.4,0.41,0.01,0.01,77999.43,1776846722000
1776846723.617,123.617,0.59,0.6,0.4,0.41,0.01,0.01,77999.43,1776846722000
1776846724.106,124.106,0.59,0.6,0.4,0.41,0.01,0.01,77999.43,1776846722000
1776846725.071,125.071,0.56,0.6,0.4,0.44,0.04,0.04,77999.7,1776846724000
1776846725.458,125.458,0.55,0.56,0.44,0.46,0.01,0.02,77999.7,1776846724000
1776846725.981,125.981,0.55,0.56,0.44,0.45,0.01,0.01,77999.7,1776846724000
1776846726.393,126.393,0.55,0.57,0.44,0.45,0.02,0.01,77999.4,1776846725000
1776846726.801,126.801,0.56,0.57,0.43,0.44,0.01,0.01,77999.4,1776846725000
1776846727.14,127.14,0.56,0.57,0.43,0.44,0.01,0.01,77999.4,1776846725000
1776846727.549,127.549,0.55,0.56,0.43,0.44,0.01,0.01,77995.47,1776846726000
1776846727.992,127.992,0.54,0.56,0.44,0.46,0.02,0.02,77995.47,1776846727000
1776846728.51,128.51,0.54,0.55,0.45,0.46,0.01,0.01,77995.47,1776846727000
1776846729.207,129.207,0.55,0.57,0.43,0.45,0.02,0.02,77995.29,1776846728000
1776846729.58,129.58,0.56,0.57,0.43,0.45,0.01,0.02,77995.29,1776846728000
1776846730.327,130.327,0.57,0.58,0.43,0.44,0.01,0.01,77995.29,1776846728000
1776846731.283,131.283,0.57,0.58,0.42,0.43,0.01,0.01,77994.09,1776846729000
1776846731.964,131.964,0.58,0.59,0.41,0.43,0.01,0.02,77994.86,1776846730000
1776846733.1,133.1,0.58,0.59,0.41,0.42,0.01,0.01,77995.07,1776846731000
1776846733.443,133.443,0.58,0.59,0.41,0.42,0.01,0.01,77996.43,1776846732000
1776846733.995,133.995,0.58,0.59,0.41,0.42,0.01,0.01,77996.43,1776846732000
1776846735.059,135.059,0.58,0.59,0.41,0.42,0.01,0.01,77996.58,1776846733000
1776846735.611,135.611,0.58,0.59,0.41,0.42,0.01,0.01,77996.49,1776846734000
1776846736.321,136.321,0.58,0.59,0.41,0.42,0.01,0.01,77996.39,1776846735000
1776846736.831,136.831,0.58,0.59,0.41,0.42,0.01,0.01,77996.39,1776846735000
1776846737.453,137.453,0.58,0.59,0.41,0.42,0.01,0.01,77996.71,1776846736000
1776846738.015,138.015,0.58,0.59,0.41,0.42,0.01,0.01,77996.98,1776846737000
1776846738.586,138.586,0.58,0.59,0.41,0.42,0.01,0.01,77996.98,1776846737000
1776846739.141,139.141,0.58,0.59,0.41,0.42,0.01,0.01,77997.12,1776846738000
1776846740.196,140.196,0.58,0.59,0.41,0.42,0.01,0.01,77997.12,1776846738000
1776846740.993,140.993,0.58,0.59,0.41,0.42,0.01,0.01,77997.48,1776846740000
1776846741.62,141.62,0.58,0.6,0.41,0.42,0.02,0.01,77997.48,1776846740000
1776846741.968,141.968,0.64,0.65,0.35,0.36,0.01,0.01,77997.48,1776846740000
1776846742.389,142.389,0.64,0.67,0.35,0.36,0.03,0.01,77998.35,1776846741000
1776846742.783,142.783,0.66,0.67,0.33,0.34,0.01,0.01,77998.35,1776846741000
1776846743.138,143.138,0.68,0.69,0.31,0.32,0.01,0.01,77998.35,1776846741000
1776846743.499,143.499,0.68,0.69,0.31,0.32,0.01,0.01,78008.24,1776846742000
1776846743.861,143.861,0.68,0.69,0.31,0.32,0.01,0.01,78008.24,1776846742000
1776846744.535,144.535,0.68,0.69,0.31,0.32,0.01,0.01,78008.2,1776846743000
1776846744.938,144.938,0.68,0.69,0.31,0.32,0.01,0.01,78008.2,1776846743000
1776846746.091,146.091,0.68,0.69,0.31,0.32,0.01,0.01,78007.65,1776846745000
1776846746.476,146.476,0.69,0.7,0.3,0.32,0.01,0.02,78007.65,1776846745000
1776846746.854,146.854,0.71,0.72,0.28,0.29,0.01,0.01,78007.65,1776846745000
1776846747.217,147.217,0.72,0.73,0.27,0.28,0.01,0.01,78008.69,1776846746000
1776846747.621,147.621,0.72,0.73,0.27,0.28,0.01,0.01,78008.69,1776846746000
1776846748.002,148.002,0.72,0.73,0.27,0.28,0.01,0.01,78008.69,1776846746000
1776846748.344,148.344,0.72,0.73,0.27,0.28,0.01,0.01,78008.69,1776846746000
1776846748.918,148.918,0.72,0.73,0.27,0.28,0.01,0.01,78012.85,1776846747000
1776846749.469,149.469,0.73,0.74,0.27,0.28,0.01,0.01,78012.85,1776846747000
1776846749.964,149.964,0.73,0.74,0.26,0.27,0.01,0.01,78013.52,1776846748000
1776846750.396,150.396,0.73,0.74,0.26,0.27,0.01,0.01,78012.63,1776846749000
1776846750.898,150.898,0.73,0.74,0.26,0.27,0.01,0.01,78012.63,1776846749000
1776846751.241,151.241,0.73,0.74,0.26,0.27,0.01,0.01,78012.63,1776846749000
1776846751.857,151.857,0.73,0.74,0.26,0.27,0.01,0.01,78012.63,1776846750000
1776846752.199,152.199,0.73,0.74,0.26,0.27,0.01,0.01,78013.71,1776846751000
1776846752.541,152.541,0.73,0.74,0.26,0.27,0.01,0.01,78013.71,1776846751000
1776846752.964,152.964,0.73,0.74,0.26,0.27,0.01,0.01,78013.71,1776846751000
1776846753.624,153.624,0.73,0.74,0.26,0.27,0.01,0.01,78013.73,1776846752000
1776846754.143,154.143,0.71,0.74,0.26,0.28,0.03,0.02,78013.73,1776846752000
1776846754.515,154.515,0.7,0.72,0.28,0.3,0.02,0.02,78013.39,1776846753000
1776846754.911,154.911,0.69,0.72,0.28,0.31,0.03,0.03,78013.39,1776846753000
1776846755.286,155.286,0.68,0.69,0.31,0.32,0.01,0.01,78013.57,1776846754000
1776846755.925,155.925,0.68,0.69,0.31,0.32,0.01,0.01,78013.57,1776846754000
1776846756.325,156.325,0.68,0.69,0.31,0.32,0.01,0.01,78010.22,1776846755000
1776846756.679,156.679,0.68,0.7,0.3,0.32,0.02,0.02,78010.22,1776846755000
1776846757.115,157.115,0.68,0.7,0.3,0.32,0.02,0.02,78012.95,1776846756000
1776846757.493,157.493,0.7,0.71,0.29,0.3,0.01,0.01,78012.95,1776846756000
1776846758.029,158.029,0.7,0.71,0.29,0.3,0.01,0.01,78012.56,1776846757000
1776846758.387,158.387,0.7,0.71,0.29,0.3,0.01,0.01,78012.56,1776846757000
1776846758.889,158.889,0.7,0.71,0.29,0.3,0.01,0.01,78012.56,1776846757000
1776846759.476,159.476,0.71,0.72,0.29,0.3,0.01,0.01,78012.41,1776846758000
1776846760.001,160.001,0.72,0.74,0.26,0.27,0.02,0.01,78012.41,1776846758000
1776846760.474,160.474,0.69,0.72,0.28,0.31,0.03,0.03,78012.36,1776846759000
1776846760.918,160.918,0.68,0.7,0.3,0.32,0.02,0.02,78012.36,1776846759000
1776846761.399,161.399,0.63,0.65,0.34,0.37,0.02,0.03,78012.43,1776846760000
1776846761.759,161.759,0.62,0.63,0.37,0.38,0.01,0.01,78012.43,1776846760000
1776846762.103,162.103,0.62,0.63,0.37,0.38,0.01,0.01,78010.75,1776846761000
1776846762.491,162.491,0.61,0.62,0.38,0.39,0.01,0.01,78010.75,1776846761000
1776846762.889,162.889,0.61,0.62,0.38,0.39,0.01,0.01,78010.75,1776846761000
1776846763.344,163.344,0.61,0.62,0.38,0.39,0.01,0.01,78010.75,1776846761000
1776846763.703,163.703,0.61,0.62,0.38,0.39,0.01,0.01,78010.75,1776846761000
1776846764.508,164.508,0.61,0.63,0.38,0.39,0.02,0.01,78000.91,1776846762000
1776846764.842,164.842,0.62,0.63,0.37,0.38,0.01,0.01,78000.74,1776846763000
1776846765.332,165.332,0.62,0.63,0.37,0.38,0.01,0.01,78000.52,1776846764000
1776846765.76,165.76,0.62,0.63,0.37,0.38,0.01,0.01,78000.52,1776846764000
1776846766.123,166.123,0.62,0.63,0.37,0.38,0.01,0.01,78000.52,1776846764000
1776846766.829,166.829,0.62,0.63,0.37,0.38,0.01,0.01,78000.72,1776846766000
1776846767.272,167.272,0.62,0.64,0.37,0.38,0.02,0.01,78000.72,1776846766000
1776846767.767,167.767,0.68,0.69,0.31,0.33,0.01,0.02,78000.72,1776846766000
1776846768.103,168.103,0.7,0.71,0.29,0.3,0.01,0.01,78000.52,1776846767000
1776846768.508,168.508,0.7,0.71,0.29,0.3,0.01,0.01,78000.52,1776846767000
1776846768.868,168.868,0.67,0.71,0.29,0.3,0.04,0.01,78000.52,1776846767000
1776846769.235,169.235,0.62,0.63,0.33,0.38,0.01,0.05,78001.24,1776846768000
1776846769.575,169.575,0.62,0.63,0.37,0.38,0.01,0.01,78001.24,1776846768000
1776846770.045,170.045,0.62,0.63,0.37,0.38,0.01,0.01,78001.24,1776846768000
1776846770.749,170.749,0.62,0.63,0.37,0.38,0.01,0.01,78006.85,1776846769000
1776846771.241,171.241,0.62,0.63,0.37,0.38,0.01,0.01,78006.85,1776846769000
1776846771.839,171.839,0.62,0.63,0.37,0.38,0.01,0.01,78001.91,1776846770000
1776846772.599,172.599,0.62,0.63,0.37,0.38,0.01,0.01,78001.37,1776846771000
1776846772.996,172.996,0.62,0.63,0.37,0.38,0.01,0.01,78000.33,1776846772000
1776846773.385,173.385,0.62,0.63,0.37,0.38,0.01,0.01,78000.33,1776846772000
1776846774.125,174.125,0.63,0.64,0.36,0.37,0.01,0.01,78001.23,1776846773000
1776846774.598,174.598,0.64,0.65,0.35,0.37,0.01,0.02,78001.23,1776846773000
1776846775.264,175.264,0.64,0.65,0.35,0.36,0.01,0.01,78001.23,1776846773000
1776846775.953,175.953,0.64,0.65,0.35,0.36,0.01,0.01,78001.4,1776846775000
1776846776.389,176.389,0.66,0.67,0.33,0.34,0.01,0.01,78001.4,1776846775000
1776846776.782,176.782,0.68,0.69,0.31,0.32,0.01,0.01,78001.4,1776846775000
1776846777.118,177.118,0.68,0.69,0.31,0.32,0.01,0.01,78001.31,1776846776000
1776846777.455,177.455,0.68,0.69,0.31,0.32,0.01,0.01,78001.31,1776846776000
1776846778.12,178.12,0.68,0.69,0.31,0.32,0.01,0.01,78001.31,1776846776000
1776846778.773,178.773,0.67,0.69,0.31,0.32,0.02,0.01,78001.31,1776846776000
1776846779.593,179.593,0.66,0.67,0.33,0.34,0.01,0.01,78006.82,1776846778000
1776846780.054,180.054,0.66,0.67,0.33,0.34,0.01,0.01,78006.82,1776846778000
1776846781.08,181.08,0.66,0.67,0.33,0.34,0.01,0.01,78005.69,1776846780000
1776846782.259,182.259,0.66,0.67,0.33,0.34,0.01,0.01,78005.17,1776846781000
1776846783.003,183.003,0.66,0.67,0.33,0.34,0.01,0.01,78005.17,1776846781000
1776846783.376,183.376,0.66,0.67,0.33,0.34,0.01,0.01,78004.73,1776846782000
1776846783.915,183.915,0.66,0.67,0.33,0.34,0.01,0.01,78004.73,1776846782000
1776846784.864,184.864,0.66,0.67,0.33,0.34,0.01,0.01,78004.73,1776846782000
1776846785.206,185.206,0.62,0.63,0.37,0.38,0.01,0.01,77998.66,1776846784000
1776846785.957,185.957,0.61,0.63,0.37,0.39,0.02,0.02,77998.66,1776846784000
1776846786.306,186.306,0.61,0.63,0.37,0.39,0.02,0.02,77998.66,1776846784000
1776846787.368,187.368,0.61,0.63,0.37,0.39,0.02,0.02,77996.92,1776846786000
1776846787.748,187.748,0.61,0.63,0.37,0.39,0.02,0.02,77996.92,1776846786000
1776846788.988,188.988,0.61,0.63,0.37,0.39,0.02,0.02,77996.92,1776846788000
1776846789.405,189.405,0.62,0.63,0.37,0.38,0.01,0.01,77996.92,1776846788000
1776846790.21,190.21,0.62,0.63,0.37,0.38,0.01,0.01,77990.96,1776846789000
1776846790.573,190.573,0.62,0.63,0.37,0.38,0.01,0.01,77990.96,1776846789000
1776846790.912,190.912,0.61,0.62,0.38,0.39,0.01,0.01,77990.96,1776846789000
1776846791.261,191.261,0.53,0.55,0.45,0.47,0.02,0.02,77985.2,1776846790000
1776846791.693,191.693,0.53,0.55,0.45,0.47,0.02,0.02,77985.2,1776846790000
1776846792.07,192.07,0.53,0.55,0.45,0.47,0.02,0.02,77985.2,1776846790000
1776846792.832,192.832,0.54,0.55,0.45,0.47,0.01,0.02,77984.18,1776846791000
1776846793.402,193.402,0.54,0.55,0.45,0.46,0.01,0.01,77984.18,1776846791000
1776846793.949,193.949,0.54,0.55,0.45,0.46,0.01,0.01,77981.35,1776846793000
1776846794.453,194.453,0.54,0.55,0.45,0.46,0.01,0.01,77981.35,1776846793000
1776846794.787,194.787,0.49,0.54,0.46,0.51,0.05,0.05,77981.35,1776846793000
1776846795.149,195.149,0.5,0.54,0.48,0.51,0.04,0.03,77982.27,1776846794000
1776846795.646,195.646,0.53,0.55,0.46,0.47,0.02,0.01,77982.27,1776846794000
1776846795.988,195.988,0.48,0.51,0.49,0.52,0.03,0.03,77982.89,1776846795000
1776846796.326,196.326,0.49,0.5,0.5,0.51,0.01,0.01,77982.89,1776846795000
1776846796.793,196.793,0.49,0.5,0.5,0.51,0.01,0.01,77982.89,1776846795000
1776846797.158,197.158,0.49,0.5,0.5,0.51,0.01,0.01,77981.93,1776846796000
1776846797.523,197.523,0.48,0.49,0.51,0.52,0.01,0.01,77981.93,1776846796000
1776846797.887,197.887,0.48,0.49,0.51,0.52,0.01,0.01,77981.93,1776846796000
1776846798.316,198.316,0.48,0.49,0.51,0.52,0.01,0.01,77979.75,1776846797000
1776846798.666,198.666,0.48,0.49,0.51,0.52,0.01,0.01,77979.75,1776846797000
1776846799.001,199.001,0.48,0.49,0.51,0.52,0.01,0.01,77980.35,1776846798000
1776846799.621,199.621,0.48,0.49,0.51,0.52,0.01,0.01,77980.35,1776846798000
1776846799.963,199.963,0.48,0.49,0.51,0.52,0.01,0.01,77980.09,1776846799000
1776846800.376,200.376,0.48,0.49,0.51,0.52,0.01,0.01,77980.09,1776846799000
1776846800.712,200.712,0.48,0.49,0.51,0.52,0.01,0.01,77980.09,1776846799000
1776846801.163,201.163,0.48,0.49,0.51,0.52,0.01,0.01,77982.79,1776846800000
1776846801.497,201.497,0.48,0.49,0.51,0.52,0.01,0.01,77982.79,1776846800000
1776846801.954,201.954,0.48,0.49,0.51,0.52,0.01,0.01,77983.4,1776846801000
1776846802.303,202.303,0.48,0.49,0.51,0.52,0.01,0.01,77983.4,1776846801000
1776846802.992,202.992,0.48,0.5,0.5,0.52,0.02,0.02,77983.4,1776846801000
1776846803.371,203.371,0.49,0.5,0.5,0.51,0.01,0.01,77983.4,1776846802000
1776846803.805,203.805,0.5,0.51,0.49,0.5,0.01,0.01,77983.4,1776846802000
1776846804.24,204.24,0.5,0.51,0.49,0.5,0.01,0.01,77984.22,1776846803000
1776846804.661,204.661,0.5,0.51,0.49,0.5,0.01,0.01,77984.22,1776846803000
1776846805.075,205.075,0.5,0.51,0.49,0.5,0.01,0.01,77984.22,1776846803000
1776846805.533,205.533,0.5,0.51,0.49,0.5,0.01,0.01,77984.53,1776846804000
1776846805.915,205.915,0.5,0.51,0.49,0.5,0.01,0.01,77984.53,1776846804000
1776846806.279,206.279,0.5,0.51,0.49,0.5,0.01,0.01,77984.53,1776846804000
1776846806.647,206.647,0.53,0.54,0.46,0.47,0.01,0.01,77984.93,1776846805000
1776846807.02,207.02,0.53,0.54,0.46,0.47,0.01,0.01,77984.93,1776846805000
1776846807.356,207.356,0.53,0.54,0.46,0.47,0.01,0.01,77984.93,1776846806000
1776846807.738,207.738,0.53,0.54,0.46,0.47,0.01,0.01,77984.93,1776846806000
1776846808.214,208.214,0.53,0.54,0.46,0.47,0.01,0.01,77984.93,1776846806000
1776846808.572,208.572,0.53,0.54,0.46,0.47,0.01,0.01,77985.77,1776846807000
1776846808.914,208.914,0.53,0.54,0.46,0.47,0.01,0.01,77985.77,1776846807000
1776846809.429,209.429,0.53,0.54,0.46,0.47,0.01,0.01,77987.04,1776846808000
1776846809.955,209.955,0.53,0.54,0.46,0.47,0.01,0.01,77987.04,1776846808000
1776846810.507,210.507,0.52,0.53,0.47,0.48,0.01,0.01,77986.98,1776846809000
1776846810.9,210.9,0.52,0.53,0.47,0.48,0.01,0.01,77986.98,1776846809000
1776846811.313,211.313,0.52,0.53,0.47,0.48,0.01,0.01,77987.01,1776846810000
1776846811.666,211.666,0.51,0.53,0.47,0.48,0.02,0.01,77987.01,1776846810000
1776846812.021,212.021,0.51,0.52,0.48,0.49,0.01,0.01,77987.01,1776846810000
1776846812.404,212.404,0.52,0.53,0.47,0.48,0.01,0.01,77986.1,1776846811000
1776846812.81,212.81,0.53,0.54,0.46,0.47,0.01,0.01,77986.1,1776846811000
1776846813.205,213.205,0.52,0.53,0.47,0.48,0.01,0.01,77986.1,1776846812000
1776846813.84,213.84,0.51,0.52,0.48,0.49,0.01,0.01,77986.1,1776846812000
1776846814.234,214.234,0.51,0.52,0.48,0.49,0.01,0.01,77986.1,1776846812000
1776846814.572,214.572,0.51,0.52,0.48,0.49,0.01,0.01,77985.35,1776846813000
1776846814.955,214.955,0.51,0.52,0.48,0.49,0.01,0.01,77985.35,1776846813000
1776846815.379,215.379,0.51,0.52,0.48,0.49,0.01,0.01,77984.44,1776846814000
1776846816.184,216.184,0.51,0.52,0.48,0.49,0.01,0.01,77985.63,1776846815000
1776846816.626,216.626,0.51,0.52,0.48,0.49,0.01,0.01,77985.63,1776846815000
1776846817.125,217.125,0.51,0.52,0.48,0.49,0.01,0.01,77984.89,1776846816000
1776846817.645,217.645,0.51,0.52,0.48,0.49,0.01,0.01,77984.89,1776846816000
1776846817.978,217.978,0.47,0.5,0.5,0.52,0.03,0.02,77984.89,1776846816000
1776846818.445,218.445,0.41,0.42,0.58,0.59,0.01,0.01,77984.89,1776846816000
1776846818.863,218.863,0.4,0.41,0.59,0.6,0.01,0.01,77984.89,1776846817000
1776846819.263,219.263,0.39,0.4,0.6,0.61,0.01,0.01,77984.89,1776846818000
1776846819.61,219.61,0.39,0.4,0.6,0.61,0.01,0.01,77984.89,1776846818000
1776846819.944,219.944,0.35,0.37,0.63,0.64,0.02,0.01,77984.89,1776846818000
1776846820.277,220.277,0.35,0.36,0.64,0.65,0.01,0.01,77978.87,1776846819000
1776846820.629,220.629,0.35,0.36,0.64,0.65,0.01,0.01,77978.87,1776846819000
1776846820.976,220.976,0.35,0.37,0.64,0.65,0.02,0.01,77978.87,1776846819000
1776846821.541,221.541,0.36,0.37,0.63,0.64,0.01,0.01,77976.85,1776846820000
1776846822.199,222.199,0.36,0.37,0.63,0.64,0.01,0.01,77976.85,1776846820000
1776846822.817,222.817,0.36,0.37,0.63,0.64,0.01,0.01,77976.85,1776846820000
1776846823.301,223.301,0.36,0.37,0.63,0.64,0.01,0.01,77975.71,1776846821000
1776846823.656,223.656,0.36,0.37,0.63,0.64,0.01,0.01,77976.44,1776846822000
1776846824.149,224.149,0.36,0.37,0.63,0.64,0.01,0.01,77976.44,1776846822000
1776846824.576,224.576,0.36,0.37,0.63,0.64,0.01,0.01,77976.51,1776846823000
1776846824.972,224.972,0.36,0.37,0.63,0.64,0.01,0.01,77976.51,1776846823000
1776846825.309,225.309,0.36,0.37,0.63,0.64,0.01,0.01,77976.4,1776846824000
1776846825.915,225.915,0.36,0.37,0.63,0.64,0.01,0.01,77976.39,1776846825000
1776846826.346,226.346,0.36,0.37,0.63,0.64,0.01,0.01,77976.39,1776846825000
1776846826.731,226.731,0.39,0.4,0.6,0.64,0.01,0.04,77976.39,1776846825000
1776846827.134,227.134,0.39,0.4,0.6,0.61,0.01,0.01,77976.39,1776846825000
1776846827.62,227.62,0.39,0.4,0.6,0.61,0.01,0.01,77976.51,1776846826000
1776846827.968,227.968,0.35,0.36,0.64,0.65,0.01,0.01,77976.51,1776846827000
1776846828.318,228.318,0.35,0.36,0.64,0.65,0.01,0.01,77976.51,1776846827000
1776846828.995,228.995,0.35,0.37,0.63,0.65,0.02,0.02,77976.89,1776846828000
1776846829.481,229.481,0.36,0.37,0.63,0.64,0.01,0.01,77976.89,1776846828000
1776846829.815,229.815,0.26,0.28,0.72,0.75,0.02,0.03,77976.89,1776846828000
1776846830.162,230.162,0.27,0.31,0.7,0.73,0.04,0.03,77976.29,1776846829000
1776846830.517,230.517,0.29,0.3,0.7,0.71,0.01,0.01,77976.29,1776846829000
1776846830.917,230.917,0.27,0.28,0.72,0.73,0.01,0.01,77976.29,1776846829000
1776846831.283,231.283,0.3,0.31,0.68,0.71,0.01,0.03,77976.29,1776846829000
1776846831.623,231.623,0.29,0.31,0.69,0.7,0.02,0.01,77976.29,1776846829000
1776846831.983,231.983,0.27,0.28,0.71,0.73,0.01,0.02,77971.94,1776846830000
1776846832.424,232.424,0.27,0.3,0.72,0.73,0.03,0.01,77971.94,1776846830000
1776846832.799,232.799,0.29,0.3,0.7,0.71,0.01,0.01,77969.48,1776846831000
1776846833.177,233.177,0.29,0.3,0.7,0.71,0.01,0.01,77969.48,1776846831000
1776846833.537,233.537,0.28,0.29,0.7,0.71,0.01,0.01,77968.63,1776846832000
1776846834.042,234.042,0.28,0.3,0.71,0.72,0.02,0.01,77968.63,1776846832000
1776846834.474,234.474,0.3,0.31,0.7,0.71,0.01,0.01,77968.02,1776846833000
1776846834.814,234.814,0.35,0.36,0.64,0.65,0.01,0.01,77968.02,1776846833000
1776846835.217,235.217,0.33,0.34,0.64,0.66,0.01,0.02,77968.02,1776846833000
1776846835.631,235.631,0.33,0.34,0.66,0.67,0.01,0.01,77968.01,1776846834000
1776846836.0,236.0,0.33,0.34,0.66,0.67,0.01,0.01,77968.33,1776846835000
1776846836.819,236.819,0.33,0.34,0.66,0.67,0.01,0.01,77968.33,1776846835000
1776846837.156,237.156,0.35,0.36,0.64,0.65,0.01,0.01,77970.67,1776846836000
1776846837.5,237.5,0.35,0.36,0.64,0.65,0.01,0.01,77970.67,1776846836000
1776846838.003,238.003,0.35,0.36,0.64,0.65,0.01,0.01,77970.67,1776846836000
1776846838.443,238.443,0.35,0.36,0.64,0.65,0.01,0.01,77970.67,1776846836000
1776846838.845,238.845,0.34,0.35,0.64,0.66,0.01,0.02,77970.67,1776846836000
1776846839.206,239.206,0.34,0.35,0.65,0.66,0.01,0.01,77971.15,1776846837000
1776846839.643,239.643,0.34,0.35,0.65,0.66,0.01,0.01,77971.15,1776846837000
1776846840.195,240.195,0.34,0.35,0.65,0.66,0.01,0.01,77973.0,1776846839000
1776846840.566,240.566,0.34,0.35,0.65,0.66,0.01,0.01,77973.0,1776846839000
1776846841.015,241.015,0.34,0.35,0.65,0.66,0.01,0.01,77973.0,1776846839000
1776846841.349,241.349,0.34,0.35,0.65,0.66,0.01,0.01,77973.01,1776846840000
1776846841.709,241.709,0.33,0.34,0.66,0.67,0.01,0.01,77973.01,1776846840000
1776846842.054,242.054,0.33,0.34,0.66,0.67,0.01,0.01,77973.01,1776846840000
1776846842.812,242.812,0.33,0.34,0.66,0.67,0.01,0.01,77972.01,1776846841000
1776846843.335,243.335,0.32,0.33,0.67,0.68,0.01,0.01,77972.01,1776846841000
1776846843.7,243.7,0.3,0.31,0.67,0.69,0.01,0.02,77972.01,1776846842000
1776846844.173,244.173,0.28,0.29,0.71,0.72,0.01,0.01,77972.01,1776846842000
1776846844.534,244.534,0.24,0.25,0.75,0.76,0.01,0.01,77972.0,1776846843000
1776846844.869,244.869,0.24,0.25,0.75,0.76,0.01,0.01,77972.47,1776846844000
1776846845.215,245.215,0.24,0.25,0.75,0.76,0.01,0.01,77972.47,1776846844000
1776846845.578,245.578,0.24,0.25,0.75,0.76,0.01,0.01,77972.47,1776846844000
1776846845.924,245.924,0.25,0.26,0.74,0.75,0.01,0.01,77972.47,1776846844000
1776846846.277,246.277,0.25,0.26,0.74,0.75,0.01,0.01,77971.88,1776846845000
1776846846.837,246.837,0.25,0.26,0.74,0.75,0.01,0.01,77971.88,1776846845000
1776846847.229,247.229,0.25,0.26,0.74,0.75,0.01,0.01,77971.88,1776846845000
1776846847.664,247.664,0.25,0.26,0.74,0.75,0.01,0.01,77969.41,1776846846000
1776846848.081,248.081,0.25,0.26,0.74,0.75,0.01,0.01,77969.41,1776846847000
1776846848.468,248.468,0.25,0.26,0.74,0.75,0.01,0.01,77969.41,1776846847000
1776846848.9,248.9,0.25,0.26,0.74,0.75,0.01,0.01,77969.41,1776846847000
1776846849.313,249.313,0.25,0.26,0.74,0.75,0.01,0.01,77970.02,1776846848000
1776846849.696,249.696,0.25,0.27,0.74,0.75,0.02,0.01,77970.02,1776846848000
1776846850.161,250.161,0.26,0.27,0.73,0.74,0.01,0.01,77970.15,1776846849000
1776846850.523,250.523,0.27,0.28,0.72,0.74,0.01,0.02,77970.15,1776846849000
1776846851.104,251.104,0.27,0.28,0.72,0.73,0.01,0.01,77970.15,1776846849000
1776846851.457,251.457,0.26,0.28,0.72,0.73,0.02,0.01,77969.19,1776846850000
1776846851.875,251.875,0.25,0.26,0.74,0.75,0.01,0.01,77969.19,1776846850000
1776846852.341,252.341,0.25,0.27,0.74,0.75,0.02,0.01,77969.19,1776846850000
1776846852.698,252.698,0.36,0.37,0.63,0.64,0.01,0.01,77969.27,1776846851000
1776846853.216,253.216,0.31,0.32,0.68,0.69,0.01,0.01,77969.27,1776846851000
1776846853.616,253.616,0.29,0.31,0.68,0.69,0.02,0.01,77969.27,1776846851000
1776846853.984,253.984,0.29,0.3,0.7,0.71,0.01,0.01,77968.6,1776846853000
1776846854.515,254.515,0.29,0.3,0.7,0.71,0.01,0.01,77968.6,1776846853000
1776846855.123,255.123,0.29,0.3,0.7,0.71,0.01,0.01,77968.6,1776846853000
1776846855.513,255.513,0.25,0.27,0.72,0.74,0.02,0.02,77971.01,1776846854000
1776846855.988,255.988,0.25,0.27,0.74,0.75,0.02,0.01,77971.01,1776846854000
1776846856.336,256.336,0.35,0.36,0.64,0.65,0.01,0.01,77971.69,1776846855000
1776846856.735,256.735,0.33,0.36,0.64,0.66,0.03,0.02,77971.69,1776846855000
1776846857.068,257.068,0.33,0.34,0.66,0.67,0.01,0.01,77970.92,1776846856000
1776846857.476,257.476,0.3,0.31,0.66,0.69,0.01,0.03,77970.92,1776846856000
1776846858.035,258.035,0.28,0.29,0.69,0.72,0.01,0.03,77970.92,1776846856000
1776846858.393,258.393,0.28,0.29,0.71,0.72,0.01,0.01,77970.48,1776846857000
1776846859.134,259.134,0.28,0.29,0.71,0.72,0.01,0.01,77970.48,1776846857000
1776846859.87,259.87,0.28,0.29,0.71,0.72,0.01,0.01,77971.3,1776846858000
1776846860.334,260.334,0.28,0.29,0.71,0.72,0.01,0.01,77971.12,1776846859000
1776846860.743,260.743,0.26,0.27,0.71,0.72,0.01,0.01,77971.12,1776846859000
1776846861.29,261.29,0.26,0.27,0.73,0.74,0.01,0.01,77971.16,1776846860000
1776846861.871,261.871,0.26,0.27,0.73,0.74,0.01,0.01,77971.21,1776846861000
1776846862.466,262.466,0.27,0.28,0.72,0.74,0.01,0.02,77971.21,1776846861000
1776846862.847,262.847,0.27,0.28,0.72,0.73,0.01,0.01,77971.21,1776846861000
1776846863.244,263.244,0.28,0.31,0.72,0.73,0.03,0.01,77971.21,1776846862000
1776846863.577,263.577,0.3,0.51,0.49,0.7,0.21,0.21,77971.21,1776846862000
1776846863.925,263.925,0.53,0.54,0.46,0.47,0.01,0.01,77971.21,1776846862000
1776846864.269,264.269,0.56,0.57,0.43,0.44,0.01,0.01,77971.33,1776846863000
1776846864.614,264.614,0.56,0.57,0.43,0.44,0.01,0.01,77971.33,1776846863000
1776846864.947,264.947,0.66,0.67,0.33,0.34,0.01,0.01,77972.99,1776846864000
1776846865.311,265.311,0.65,0.66,0.34,0.35,0.01,0.01,77972.99,1776846864000
1776846865.645,265.645,0.62,0.65,0.35,0.38,0.03,0.03,77972.99,1776846864000
1776846865.983,265.983,0.6,0.61,0.39,0.4,0.01,0.01,77972.99,1776846864000
1776846866.421,266.421,0.56,0.57,0.43,0.44,0.01,0.01,77972.99,1776846864000
1776846866.756,266.756,0.63,0.64,0.36,0.37,0.01,0.01,77984.84,1776846865000
1776846867.161,267.161,0.57,0.59,0.41,0.42,0.02,0.01,77987.88,1776846866000
1776846867.635,267.635,0.57,0.58,0.42,0.43,0.01,0.01,77987.88,1776846866000
1776846868.12,268.12,0.56,0.58,0.42,0.43,0.02,0.01,77987.88,1776846866000
1776846868.478,268.478,0.51,0.53,0.48,0.49,0.02,0.01,77987.88,1776846866000
1776846868.839,268.839,0.43,0.45,0.56,0.57,0.02,0.01,77987.62,1776846867000
1776846869.191,269.191,0.43,0.44,0.56,0.57,0.01,0.01,77987.62,1776846867000
1776846869.562,269.562,0.43,0.44,0.56,0.57,0.01,0.01,77987.07,1776846868000
1776846869.906,269.906,0.29,0.42,0.58,0.7,0.13,0.12,77987.07,1776846868000
1776846870.241,270.241,0.27,0.28,0.72,0.73,0.01,0.01,77987.07,1776846868000
1776846870.61,270.61,0.24,0.26,0.73,0.76,0.02,0.03,77987.07,1776846868000
1776846870.996,270.996,0.24,0.25,0.75,0.76,0.01,0.01,77987.07,1776846868000
1776846871.361,271.361,0.24,0.27,0.75,0.76,0.03,0.01,77985.09,1776846869000
1776846871.703,271.703,0.25,0.26,0.74,0.75,0.01,0.01,77985.09,1776846869000
1776846872.036,272.036,0.24,0.25,0.75,0.76,0.01,0.01,77978.12,1776846870000
1776846872.375,272.375,0.25,0.26,0.74,0.75,0.01,0.01,77978.12,1776846870000
1776846872.767,272.767,0.24,0.25,0.74,0.75,0.01,0.01,77974.79,1776846871000
1776846873.126,273.126,0.2,0.21,0.78,0.8,0.01,0.02,77974.79,1776846871000
1776846873.534,273.534,0.25,0.26,0.74,0.75,0.01,0.01,77974.79,1776846871000
1776846873.962,273.962,0.25,0.26,0.74,0.75,0.01,0.01,77974.75,1776846872000
1776846874.33,274.33,0.25,0.26,0.74,0.75,0.01,0.01,77974.59,1776846873000
1776846874.725,274.725,0.22,0.24,0.74,0.75,0.02,0.01,77974.59,1776846873000
1776846875.113,275.113,0.2,0.21,0.79,0.8,0.01,0.01,77974.59,1776846873000
1776846875.495,275.495,0.22,0.24,0.74,0.8,0.02,0.06,77974.59,1776846873000
1776846875.83,275.83,0.21,0.22,0.77,0.79,0.01,0.02,77974.13,1776846874000
1776846876.255,276.255,0.24,0.25,0.78,0.79,0.01,0.01,77974.13,1776846874000
1776846876.589,276.589,0.27,0.28,0.72,0.73,0.01,0.01,77974.12,1776846875000
1776846877.01,277.01,0.27,0.28,0.72,0.73,0.01,0.01,77974.12,1776846875000
1776846877.415,277.415,0.26,0.27,0.73,0.74,0.01,0.01,77972.44,1776846876000
1776846877.908,277.908,0.26,0.27,0.73,0.74,0.01,0.01,77972.44,1776846876000
1776846878.328,278.328,0.26,0.27,0.73,0.74,0.01,0.01,77972.44,1776846876000
1776846878.662,278.662,0.27,0.28,0.72,0.73,0.01,0.01,77972.09,1776846877000
1776846879.033,279.033,0.27,0.28,0.72,0.73,0.01,0.01,77972.09,1776846877000
1776846879.401,279.401,0.27,0.28,0.72,0.73,0.01,0.01,77972.07,1776846878000
1776846879.815,279.815,0.33,0.34,0.66,0.73,0.01,0.07,77972.07,1776846878000
1776846880.171,280.171,0.36,0.37,0.63,0.64,0.01,0.01,77972.07,1776846878000
1776846880.504,280.504,0.37,0.38,0.62,0.63,0.01,0.01,77972.07,1776846878000
1776846880.846,280.846,0.34,0.35,0.65,0.66,0.01,0.01,77973.63,1776846879000
1776846881.226,281.226,0.34,0.35,0.65,0.66,0.01,0.01,77973.63,1776846879000
1776846881.785,281.785,0.34,0.35,0.65,0.66,0.01,0.01,77974.16,1776846880000
1776846882.233,282.233,0.33,0.34,0.65,0.67,0.01,0.02,77974.16,1776846880000
1776846882.625,282.625,0.32,0.34,0.66,0.68,0.02,0.02,77975.22,1776846881000
1776846883.38,283.38,0.35,0.36,0.64,0.65,0.01,0.01,77975.3,1776846882000
1776846883.832,283.832,0.37,0.38,0.62,0.63,0.01,0.01,77975.3,1776846882000
1776846884.289,284.289,0.34,0.36,0.62,0.65,0.02,0.03,77975.3,1776846883000
1776846884.769,284.769,0.32,0.35,0.65,0.66,0.03,0.01,77975.3,1776846883000
1776846885.162,285.162,0.26,0.27,0.72,0.73,0.01,0.01,77976.16,1776846884000
1776846885.563,285.563,0.26,0.27,0.73,0.74,0.01,0.01,77976.16,1776846884000
1776846885.91,285.91,0.22,0.23,0.73,0.74,0.01,0.01,77976.16,1776846884000
1776846886.278,286.278,0.18,0.22,0.78,0.79,0.04,0.01,77977.59,1776846885000
1776846886.656,286.656,0.18,0.19,0.81,0.82,0.01,0.01,77977.59,1776846885000
1776846886.992,286.992,0.17,0.18,0.82,0.83,0.01,0.01,77975.84,1776846886000
1776846887.368,287.368,0.23,0.26,0.73,0.83,0.03,0.1,77975.84,1776846886000
1776846887.741,287.741,0.25,0.26,0.74,0.75,0.01,0.01,77975.84,1776846886000
1776846888.127,288.127,0.31,0.32,0.68,0.69,0.01,0.01,77974.88,1776846887000
1776846888.484,288.484,0.24,0.26,0.68,0.69,0.02,0.01,77974.88,1776846887000
1776846888.878,288.878,0.25,0.26,0.74,0.75,0.01,0.01,77974.71,1776846888000
1776846889.436,289.436,0.21,0.22,0.75,0.78,0.01,0.03,77974.71,1776846888000
1776846889.84,289.84,0.14,0.18,0.82,0.83,0.04,0.01,77974.71,1776846888000
1776846890.345,290.345,0.14,0.15,0.85,0.86,0.01,0.01,77975.13,1776846889000
1776846890.686,290.686,0.12,0.13,0.87,0.88,0.01,0.01,77975.13,1776846889000
1776846891.022,291.022,0.12,0.13,0.87,0.88,0.01,0.01,77975.55,1776846890000
1776846891.38,291.38,0.12,0.13,0.87,0.88,0.01,0.01,77975.55,1776846890000
1776846891.755,291.755,0.19,0.2,0.8,0.81,0.01,0.01,77975.55,1776846890000
1776846892.117,292.117,0.2,0.21,0.71,0.81,0.01,0.1,77974.86,1776846891000
1776846892.455,292.455,0.26,0.27,0.73,0.74,0.01,0.01,77974.86,1776846891000
1776846892.812,292.812,0.2,0.21,0.79,0.8,0.01,0.01,77974.86,1776846891000
1776846893.167,293.167,0.14,0.15,0.85,0.86,0.01,0.01,77974.5,1776846892000
1776846893.503,293.503,0.13,0.14,0.86,0.87,0.01,0.01,77974.5,1776846892000
1776846893.853,293.853,0.14,0.15,0.85,0.87,0.01,0.02,77974.5,1776846892000
1776846894.269,294.269,0.18,0.19,0.81,0.82,0.01,0.01,77974.88,1776846893000
1776846894.628,294.628,0.07,0.08,0.92,0.93,0.01,0.01,77974.88,1776846893000
1776846895.027,295.027,0.07,0.08,0.92,0.93,0.01,0.01,77976.68,1776846894000
1776846895.39,295.39,0.07,0.08,0.92,0.93,0.01,0.01,77976.68,1776846894000
1776846895.835,295.835,0.05,0.06,0.94,0.95,0.01,0.01,77976.68,1776846894000
1776846896.171,296.171,0.05,0.06,0.94,0.95,0.01,0.01,77975.95,1776846895000
1776846896.694,296.694,0.04,0.06,0.94,0.95,0.02,0.01,77975.95,1776846895000
1776846897.034,297.034,0.03,0.04,0.96,0.97,0.01,0.01,77975.09,1776846896000
1776846897.376,297.376,0.02,0.03,0.96,0.98,0.01,0.02,77975.09,1776846896000
1776846897.713,297.713,0.01,0.03,0.97,0.99,0.02,0.02,77975.09,1776846896000
1776846898.049,298.049,0.09,0.11,0.9,0.91,0.02,0.01,77975.09,1776846896000
1776846898.415,298.415,0.17,0.2,0.8,0.82,0.03,0.02,77975.09,1776846896000
1776846898.761,298.761,0.31,0.35,0.65,0.76,0.04,0.11,77975.09,1776846896000
1776846899.106,299.106,0.2,0.22,0.79,0.8,0.02,0.01,77975.58,1776846897000
1776846899.481,299.481,0.2,0.01,0.99,0.8,-0.19,-0.19,77975.58,1776846897000
1776846899.83,299.83,0.2,0.01,0.99,0.8,-0.19,-0.19,77975.98,1776846898000
1776846900.193,300.193,0.2,0.01,0.99,0.8,-0.19,-0.19,77975.98,1776846898000
1776846900.615,300.615,0.2,0.01,0.99,0.8,-0.19,-0.19,77978.41,1776846899000

# RESULT,winner=Down,slug=btc-updown-5m-1776846600,ticks=662
