timestamp,elapsed_sec,up_bid,up_ask,down_bid,down_ask,up_spread,down_spread,btc_price,btc_oracle_ts
1776015900.733,0.733,0.49,0.5,0.5,0.51,0.01,0.01,71040.21,1776015899000
1776015901.141,1.141,0.48,0.49,0.51,0.52,0.01,0.01,71039.64,1776015900000
1776015901.515,1.515,0.47,0.48,0.52,0.53,0.01,0.01,71039.64,1776015900000
1776015902.001,2.001,0.38,0.48,0.52,0.53,0.1,0.01,71039.64,1776015900000
1776015902.37,2.37,0.41,0.42,0.58,0.59,0.01,0.01,71039.64,1776015900000
1776015902.767,2.767,0.41,0.42,0.58,0.59,0.01,0.01,71041.4,1776015901000
1776015903.107,3.107,0.39,0.4,0.6,0.61,0.01,0.01,71041.4,1776015901000
1776015903.451,3.451,0.33,0.34,0.66,0.68,0.01,0.02,71039.99,1776015902000
1776015903.87,3.87,0.33,0.34,0.66,0.67,0.01,0.01,71039.99,1776015902000
1776015904.351,4.351,0.32,0.33,0.67,0.68,0.01,0.01,71039.99,1776015902000
1776015904.711,4.711,0.31,0.32,0.67,0.69,0.01,0.02,71039.99,1776015902000
1776015905.063,5.063,0.31,0.32,0.68,0.69,0.01,0.01,71039.99,1776015902000
1776015905.455,5.455,0.31,0.32,0.68,0.69,0.01,0.01,71025.58,1776015903000
1776015905.821,5.821,0.31,0.32,0.68,0.69,0.01,0.01,71025.58,1776015903000
1776015906.276,6.276,0.31,0.32,0.68,0.69,0.01,0.01,71022.97,1776015904000
1776015906.629,6.629,0.31,0.32,0.68,0.69,0.01,0.01,71022.97,1776015904000
1776015906.983,6.983,0.31,0.32,0.68,0.69,0.01,0.01,71021.77,1776015905000
1776015907.397,7.397,0.31,0.32,0.68,0.69,0.01,0.01,71021.77,1776015905000
1776015907.739,7.739,0.3,0.31,0.69,0.7,0.01,0.01,71021.77,1776015905000
1776015908.106,8.106,0.3,0.31,0.69,0.7,0.01,0.01,71021.77,1776015905000
1776015908.579,8.579,0.3,0.31,0.69,0.7,0.01,0.01,71020.3,1776015906000
1776015908.988,8.988,0.3,0.31,0.69,0.7,0.01,0.01,71020.3,1776015906000
1776015909.342,9.342,0.3,0.31,0.69,0.7,0.01,0.01,71021.81,1776015907000
1776015909.705,9.705,0.3,0.31,0.69,0.7,0.01,0.01,71021.81,1776015907000
1776015910.052,10.052,0.31,0.32,0.68,0.69,0.01,0.01,71021.81,1776015907000
1776015910.402,10.402,0.31,0.32,0.68,0.69,0.01,0.01,71021.81,1776015907000
1776015910.757,10.757,0.3,0.31,0.68,0.7,0.01,0.02,71021.83,1776015908000
1776015911.172,11.172,0.29,0.3,0.69,0.71,0.01,0.02,71021.83,1776015908000
1776015911.534,11.534,0.29,0.3,0.7,0.71,0.01,0.01,71020.19,1776015909000
1776015911.923,11.923,0.29,0.3,0.7,0.71,0.01,0.01,71020.19,1776015909000
1776015912.297,12.297,0.3,0.31,0.69,0.71,0.01,0.02,71020.19,1776015909000
1776015912.854,12.854,0.3,0.31,0.69,0.7,0.01,0.01,71019.36,1776015910000
1776015913.202,13.202,0.3,0.31,0.69,0.7,0.01,0.01,71020.25,1776015911000
1776015913.609,13.609,0.26,0.31,0.69,0.7,0.05,0.01,71020.25,1776015911000
1776015914.153,14.153,0.3,0.31,0.69,0.7,0.01,0.01,71020.25,1776015911000
1776015914.546,14.546,0.3,0.31,0.69,0.7,0.01,0.01,71020.25,1776015911000
1776015914.882,14.882,0.3,0.31,0.69,0.7,0.01,0.01,71019.29,1776015912000
1776015915.24,15.24,0.3,0.31,0.68,0.7,0.01,0.02,71019.29,1776015912000
1776015915.603,15.603,0.31,0.32,0.68,0.69,0.01,0.01,71019.29,1776015912000
1776015916.128,16.128,0.31,0.32,0.68,0.69,0.01,0.01,71019.19,1776015913000
1776015916.517,16.517,0.32,0.33,0.67,0.68,0.01,0.01,71019.19,1776015913000
1776015916.864,16.864,0.32,0.33,0.67,0.68,0.01,0.01,71019.52,1776015914000
1776015917.239,17.239,0.31,0.34,0.67,0.7,0.03,0.03,71019.52,1776015915000
1776015917.609,17.609,0.33,0.34,0.66,0.67,0.01,0.01,71019.52,1776015915000
1776015918.114,18.114,0.33,0.34,0.66,0.67,0.01,0.01,71019.52,1776015915000
1776015918.493,18.493,0.32,0.34,0.66,0.67,0.02,0.01,71019.52,1776015915000
1776015918.875,18.875,0.32,0.34,0.66,0.68,0.02,0.02,71021.93,1776015916000
1776015919.233,19.233,0.32,0.33,0.67,0.68,0.01,0.01,71021.96,1776015917000
1776015919.647,19.647,0.31,0.32,0.68,0.69,0.01,0.01,71021.96,1776015917000
1776015919.989,19.989,0.31,0.32,0.68,0.69,0.01,0.01,71021.96,1776015917000
1776015920.373,20.373,0.31,0.32,0.68,0.69,0.01,0.01,71021.96,1776015917000
1776015920.71,20.71,0.3,0.32,0.68,0.7,0.02,0.02,71022.65,1776015918000
1776015921.123,21.123,0.31,0.32,0.68,0.7,0.01,0.02,71022.65,1776015918000
1776015921.575,21.575,0.3,0.31,0.68,0.69,0.01,0.01,71022.65,1776015918000
1776015922.205,22.205,0.3,0.31,0.69,0.7,0.01,0.01,71022.08,1776015920000
1776015922.621,22.621,0.29,0.3,0.7,0.71,0.01,0.01,71022.08,1776015920000
1776015922.958,22.958,0.29,0.3,0.7,0.71,0.01,0.01,71022.08,1776015921000
1776015923.498,23.498,0.29,0.3,0.7,0.71,0.01,0.01,71022.08,1776015921000
1776015923.881,23.881,0.29,0.3,0.7,0.71,0.01,0.01,71022.48,1776015922000
1776015924.31,24.31,0.29,0.3,0.7,0.71,0.01,0.01,71021.96,1776015923000
1776015924.681,24.681,0.29,0.3,0.7,0.71,0.01,0.01,71021.96,1776015923000
1776015925.241,25.241,0.29,0.3,0.7,0.71,0.01,0.01,71018.44,1776015924000
1776015925.679,25.679,0.29,0.3,0.7,0.71,0.01,0.01,71018.44,1776015924000
1776015926.057,26.057,0.28,0.29,0.71,0.72,0.01,0.01,71018.44,1776015924000
1776015926.858,26.858,0.28,0.29,0.71,0.72,0.01,0.01,71018.45,1776015925000
1776015927.253,27.253,0.28,0.29,0.71,0.72,0.01,0.01,71018.48,1776015926000
1776015927.663,27.663,0.28,0.29,0.71,0.72,0.01,0.01,71018.48,1776015926000
1776015928.117,28.117,0.28,0.29,0.71,0.73,0.01,0.02,71018.48,1776015926000
1776015928.475,28.475,0.28,0.29,0.71,0.72,0.01,0.01,71019.44,1776015927000
1776015928.902,28.902,0.28,0.29,0.71,0.72,0.01,0.01,71019.44,1776015927000
1776015929.253,29.253,0.28,0.29,0.71,0.72,0.01,0.01,71018.51,1776015928000
1776015929.727,29.727,0.28,0.29,0.71,0.72,0.01,0.01,71018.51,1776015928000
1776015930.107,30.107,0.28,0.29,0.71,0.72,0.01,0.01,71018.51,1776015928000
1776015930.46,30.46,0.28,0.29,0.71,0.72,0.01,0.01,71018.1,1776015929000
1776015930.819,30.819,0.28,0.29,0.71,0.72,0.01,0.01,71018.1,1776015929000
1776015931.161,31.161,0.28,0.29,0.71,0.72,0.01,0.01,71017.42,1776015930000
1776015931.708,31.708,0.28,0.29,0.71,0.72,0.01,0.01,71017.42,1776015930000
1776015932.093,32.093,0.26,0.27,0.71,0.77,0.01,0.06,71017.42,1776015930000
1776015932.457,32.457,0.27,0.28,0.72,0.74,0.01,0.02,71017.34,1776015931000
1776015932.817,32.817,0.26,0.27,0.72,0.73,0.01,0.01,71017.34,1776015931000
1776015933.171,33.171,0.28,0.29,0.71,0.72,0.01,0.01,71017.34,1776015931000
1776015933.555,33.555,0.28,0.29,0.71,0.72,0.01,0.01,71017.34,1776015931000
1776015933.904,33.904,0.28,0.29,0.71,0.72,0.01,0.01,71017.34,1776015931000
1776015934.248,34.248,0.26,0.29,0.71,0.72,0.03,0.01,71017.34,1776015931000
1776015934.887,34.887,0.27,0.28,0.71,0.74,0.01,0.03,71017.34,1776015931000
1776015935.234,35.234,0.28,0.29,0.72,0.73,0.01,0.01,71017.34,1776015931000
1776015935.654,35.654,0.27,0.28,0.71,0.72,0.01,0.01,71017.34,1776015931000
1776015936.08,36.08,0.26,0.27,0.73,0.74,0.01,0.01,71017.34,1776015931000
1776015936.418,36.418,0.24,0.25,0.75,0.76,0.01,0.01,71017.34,1776015931000
1776015936.827,36.827,0.22,0.24,0.77,0.78,0.02,0.01,71017.34,1776015931000
1776015937.269,37.269,0.25,0.26,0.73,0.77,0.01,0.04,71017.34,1776015931000
1776015937.646,37.646,0.25,0.28,0.74,0.75,0.03,0.01,71017.34,1776015931000
1776015938.037,38.037,0.24,0.25,0.74,0.75,0.01,0.01,71017.34,1776015931000
1776015938.447,38.447,0.19,0.2,0.8,0.81,0.01,0.01,71017.34,1776015931000
1776015938.865,38.865,0.2,0.21,0.79,0.8,0.01,0.01,71017.34,1776015931000
1776015939.207,39.207,0.2,0.21,0.79,0.8,0.01,0.01,71017.34,1776015931000
1776015939.638,39.638,0.22,0.23,0.77,0.79,0.01,0.02,71017.34,1776015931000
1776015940.096,40.096,0.22,0.23,0.77,0.78,0.01,0.01,71017.34,1776015931000
1776015940.664,40.664,0.2,0.21,0.79,0.8,0.01,0.01,71017.34,1776015931000
1776015941.085,41.085,0.2,0.21,0.79,0.8,0.01,0.01,71017.34,1776015931000
1776015941.436,41.436,0.2,0.21,0.79,0.8,0.01,0.01,71011.11,1776015940000
1776015941.779,41.779,0.21,0.22,0.78,0.79,0.01,0.01,71011.11,1776015940000
1776015942.12,42.12,0.22,0.23,0.77,0.78,0.01,0.01,71011.11,1776015940000
1776015942.502,42.502,0.22,0.23,0.77,0.79,0.01,0.02,71010.45,1776015941000
1776015942.931,42.931,0.22,0.23,0.77,0.78,0.01,0.01,71010.45,1776015941000
1776015943.327,43.327,0.22,0.23,0.77,0.78,0.01,0.01,71010.45,1776015941000
1776015943.835,43.835,0.22,0.23,0.77,0.78,0.01,0.01,71010.52,1776015942000
1776015944.315,44.315,0.22,0.23,0.77,0.79,0.01,0.02,71010.52,1776015943000
1776015944.706,44.706,0.22,0.23,0.77,0.78,0.01,0.01,71010.52,1776015943000
1776015945.079,45.079,0.22,0.23,0.77,0.78,0.01,0.01,71010.52,1776015943000
1776015945.496,45.496,0.22,0.23,0.77,0.78,0.01,0.01,71010.52,1776015943000
1776015945.902,45.902,0.22,0.23,0.77,0.78,0.01,0.01,71010.47,1776015944000
1776015946.341,46.341,0.22,0.23,0.77,0.78,0.01,0.01,71010.06,1776015945000
1776015946.745,46.745,0.23,0.24,0.76,0.78,0.01,0.02,71010.06,1776015945000
1776015947.16,47.16,0.23,0.24,0.76,0.78,0.01,0.02,71010.06,1776015945000
1776015947.564,47.564,0.23,0.24,0.76,0.78,0.01,0.02,71010.11,1776015946000
1776015947.935,47.935,0.23,0.24,0.76,0.77,0.01,0.01,71010.11,1776015946000
1776015948.334,48.334,0.22,0.24,0.76,0.77,0.02,0.01,71010.11,1776015946000
1776015948.68,48.68,0.23,0.24,0.76,0.77,0.01,0.01,71010.02,1776015947000
1776015949.041,49.041,0.16,0.24,0.76,0.77,0.08,0.01,71010.02,1776015947000
1776015949.403,49.403,0.22,0.23,0.77,0.78,0.01,0.01,71009.77,1776015948000
1776015949.763,49.763,0.21,0.22,0.78,0.79,0.01,0.01,71009.77,1776015948000
1776015950.335,50.335,0.21,0.23,0.77,0.79,0.02,0.02,71009.77,1776015948000
1776015950.74,50.74,0.21,0.22,0.78,0.79,0.01,0.01,71010.37,1776015949000
1776015951.097,51.097,0.21,0.22,0.78,0.79,0.01,0.01,71010.37,1776015949000
1776015951.782,51.782,0.21,0.22,0.78,0.79,0.01,0.01,71009.79,1776015950000
1776015952.205,52.205,0.21,0.22,0.78,0.79,0.01,0.01,71009.79,1776015950000
1776015952.884,52.884,0.21,0.22,0.78,0.79,0.01,0.01,71009.13,1776015951000
1776015953.354,53.354,0.21,0.22,0.78,0.79,0.01,0.01,71009.7,1776015952000
1776015953.845,53.845,0.2,0.21,0.79,0.8,0.01,0.01,71009.7,1776015952000
1776015954.419,54.419,0.18,0.21,0.79,0.8,0.03,0.01,71009.85,1776015953000
1776015954.782,54.782,0.18,0.19,0.81,0.82,0.01,0.01,71009.85,1776015953000
1776015955.434,55.434,0.19,0.2,0.77,0.82,0.01,0.05,71009.01,1776015954000
1776015955.943,55.943,0.19,0.2,0.8,0.81,0.01,0.01,71009.01,1776015954000
1776015956.329,56.329,0.19,0.2,0.8,0.81,0.01,0.01,71007.26,1776015955000
1776015956.733,56.733,0.19,0.2,0.8,0.81,0.01,0.01,71007.26,1776015955000
1776015957.07,57.07,0.19,0.2,0.8,0.81,0.01,0.01,71007.26,1776015955000
1776015957.568,57.568,0.19,0.2,0.8,0.81,0.01,0.01,71007.4,1776015956000
1776015957.902,57.902,0.19,0.2,0.8,0.81,0.01,0.01,71007.4,1776015956000
1776015958.258,58.258,0.19,0.2,0.8,0.81,0.01,0.01,71007.4,1776015956000
1776015958.597,58.597,0.19,0.28,0.8,0.81,0.09,0.01,71007.56,1776015957000
1776015959.243,59.243,0.19,0.2,0.8,0.81,0.01,0.01,71007.68,1776015958000
1776015959.704,59.704,0.19,0.2,0.8,0.81,0.01,0.01,71007.68,1776015958000
1776015960.076,60.076,0.21,0.22,0.78,0.8,0.01,0.02,71007.68,1776015958000
1776015960.41,60.41,0.23,0.24,0.76,0.77,0.01,0.01,71007.67,1776015959000
1776015960.752,60.752,0.24,0.25,0.75,0.76,0.01,0.01,71007.67,1776015959000
1776015961.092,61.092,0.22,0.24,0.75,0.78,0.02,0.03,71007.67,1776015959000
1776015961.427,61.427,0.2,0.22,0.78,0.8,0.02,0.02,71007.68,1776015960000
1776015961.762,61.762,0.2,0.21,0.79,0.8,0.01,0.01,71007.68,1776015960000
1776015962.101,62.101,0.18,0.25,0.75,0.8,0.07,0.05,71007.68,1776015960000
1776015962.438,62.438,0.22,0.25,0.75,0.78,0.03,0.03,71007.14,1776015961000
1776015962.834,62.834,0.24,0.25,0.72,0.76,0.01,0.04,71007.14,1776015961000
1776015963.329,63.329,0.26,0.27,0.73,0.76,0.01,0.03,71007.14,1776015961000
1776015963.702,63.702,0.26,0.27,0.73,0.74,0.01,0.01,71003.45,1776015962000
1776015964.053,64.053,0.26,0.27,0.73,0.74,0.01,0.01,71003.45,1776015962000
1776015964.396,64.396,0.26,0.3,0.73,0.75,0.04,0.02,71003.45,1776015963000
1776015964.818,64.818,0.25,0.26,0.73,0.74,0.01,0.01,71003.45,1776015963000
1776015965.251,65.251,0.24,0.25,0.75,0.76,0.01,0.01,71003.6,1776015964000
1776015965.59,65.59,0.26,0.27,0.73,0.74,0.01,0.01,71003.6,1776015964000
1776015965.93,65.93,0.26,0.27,0.73,0.74,0.01,0.01,71003.6,1776015964000
1776015966.273,66.273,0.26,0.27,0.73,0.74,0.01,0.01,71002.55,1776015965000
1776015966.626,66.626,0.28,0.29,0.71,0.73,0.01,0.02,71002.55,1776015965000
1776015966.98,66.98,0.29,0.31,0.7,0.72,0.02,0.02,71002.55,1776015965000
1776015967.472,67.472,0.32,0.33,0.66,0.67,0.01,0.01,71001.74,1776015966000
1776015967.828,67.828,0.29,0.3,0.7,0.71,0.01,0.01,71001.74,1776015966000
1776015968.161,68.161,0.29,0.3,0.7,0.71,0.01,0.01,71001.74,1776015966000
1776015968.534,68.534,0.31,0.32,0.67,0.7,0.01,0.03,71001.75,1776015967000
1776015968.883,68.883,0.31,0.32,0.68,0.69,0.01,0.01,71001.75,1776015967000
1776015969.263,69.263,0.31,0.32,0.68,0.69,0.01,0.01,71001.75,1776015967000
1776015969.603,69.603,0.31,0.32,0.68,0.69,0.01,0.01,71000.92,1776015968000
1776015969.964,69.964,0.31,0.32,0.68,0.69,0.01,0.01,71000.92,1776015968000
1776015970.34,70.34,0.31,0.32,0.68,0.69,0.01,0.01,71000.99,1776015969000
1776015970.759,70.759,0.31,0.32,0.68,0.69,0.01,0.01,71000.99,1776015969000
1776015971.208,71.208,0.31,0.32,0.68,0.69,0.01,0.01,71000.99,1776015969000
1776015971.581,71.581,0.31,0.32,0.68,0.69,0.01,0.01,71001.73,1776015970000
1776015971.921,71.921,0.31,0.32,0.68,0.69,0.01,0.01,71001.73,1776015970000
1776015972.254,72.254,0.31,0.32,0.68,0.69,0.01,0.01,71001.81,1776015971000
1776015972.719,72.719,0.31,0.32,0.68,0.69,0.01,0.01,71001.81,1776015971000
1776015973.082,73.082,0.31,0.32,0.68,0.69,0.01,0.01,71001.81,1776015971000
1776015973.439,73.439,0.33,0.35,0.65,0.8,0.02,0.15,71001.94,1776015972000
1776015973.993,73.993,0.28,0.29,0.71,0.73,0.01,0.02,71001.94,1776015972000
1776015974.467,74.467,0.28,0.29,0.71,0.72,0.01,0.01,71001.94,1776015972000
1776015974.817,74.817,0.28,0.29,0.71,0.72,0.01,0.01,71001.94,1776015972000
1776015975.158,75.158,0.27,0.28,0.71,0.72,0.01,0.01,71001.82,1776015973000
1776015975.647,75.647,0.27,0.28,0.72,0.73,0.01,0.01,71001.82,1776015973000
1776015975.985,75.985,0.28,0.3,0.7,0.72,0.02,0.02,71001.7,1776015974000
1776015976.386,76.386,0.29,0.3,0.71,0.72,0.01,0.01,71001.7,1776015974000
1776015976.728,76.728,0.29,0.44,0.7,0.71,0.15,0.01,71001.71,1776015975000
1776015977.133,77.133,0.35,0.36,0.64,0.65,0.01,0.01,71001.71,1776015975000
1776015977.486,77.486,0.35,0.36,0.64,0.65,0.01,0.01,71001.56,1776015976000
1776015977.826,77.826,0.36,0.38,0.62,0.64,0.02,0.02,71001.56,1776015976000
1776015978.16,78.16,0.36,0.37,0.63,0.64,0.01,0.01,71001.56,1776015976000
1776015978.594,78.594,0.35,0.37,0.62,0.65,0.02,0.03,71001.3,1776015977000
1776015978.976,78.976,0.39,0.4,0.6,0.61,0.01,0.01,71001.3,1776015977000
1776015979.336,79.336,0.39,0.41,0.58,0.6,0.02,0.02,71001.3,1776015977000
1776015979.677,79.677,0.42,0.43,0.57,0.58,0.01,0.01,71001.34,1776015978000
1776015980.02,80.02,0.42,0.45,0.55,0.58,0.03,0.03,71001.34,1776015978000
1776015980.36,80.36,0.44,0.45,0.55,0.56,0.01,0.01,71000.99,1776015979000
1776015980.695,80.695,0.44,0.45,0.55,0.56,0.01,0.01,71000.99,1776015979000
1776015981.029,81.029,0.43,0.45,0.55,0.57,0.02,0.02,71000.99,1776015979000
1776015981.367,81.367,0.41,0.43,0.57,0.59,0.02,0.02,71000.99,1776015979000
1776015981.704,81.704,0.38,0.39,0.61,0.62,0.01,0.01,71001.42,1776015980000
1776015982.04,82.04,0.37,0.38,0.62,0.63,0.01,0.01,71001.42,1776015980000
1776015982.459,82.459,0.39,0.41,0.6,0.62,0.02,0.02,71001.48,1776015981000
1776015982.796,82.796,0.4,0.42,0.58,0.6,0.02,0.02,71001.48,1776015981000
1776015983.137,83.137,0.4,0.41,0.59,0.6,0.01,0.01,71001.48,1776015981000
1776015983.473,83.473,0.43,0.44,0.52,0.6,0.01,0.08,71001.48,1776015981000
1776015983.916,83.916,0.44,0.45,0.55,0.56,0.01,0.01,71000.99,1776015982000
1776015984.26,84.26,0.45,0.46,0.54,0.55,0.01,0.01,71001.58,1776015983000
1776015984.604,84.604,0.46,0.47,0.54,0.55,0.01,0.01,71001.58,1776015983000
1776015984.96,84.96,0.46,0.47,0.53,0.54,0.01,0.01,71001.58,1776015983000
1776015985.359,85.359,0.48,0.49,0.51,0.52,0.01,0.01,71001.58,1776015983000
1776015985.699,85.699,0.48,0.49,0.51,0.52,0.01,0.01,71000.99,1776015984000
1776015986.093,86.093,0.48,0.49,0.51,0.52,0.01,0.01,71000.99,1776015984000
1776015986.428,86.428,0.48,0.49,0.51,0.52,0.01,0.01,71000.99,1776015984000
1776015986.767,86.767,0.49,0.5,0.5,0.51,0.01,0.01,71001.59,1776015985000
1776015987.124,87.124,0.49,0.51,0.5,0.51,0.02,0.01,71001.59,1776015986000
1776015987.461,87.461,0.49,0.5,0.5,0.51,0.01,0.01,71001.59,1776015986000
1776015987.846,87.846,0.47,0.48,0.52,0.53,0.01,0.01,71001.59,1776015986000
1776015988.197,88.197,0.46,0.48,0.52,0.54,0.02,0.02,71001.15,1776015987000
1776015988.534,88.534,0.46,0.48,0.52,0.54,0.02,0.02,71001.15,1776015987000
1776015988.87,88.87,0.45,0.46,0.54,0.55,0.01,0.01,71001.15,1776015987000
1776015989.246,89.246,0.45,0.46,0.54,0.55,0.01,0.01,71001.15,1776015987000
1776015989.609,89.609,0.45,0.46,0.54,0.55,0.01,0.01,71001.59,1776015988000
1776015989.957,89.957,0.42,0.43,0.57,0.58,0.01,0.01,71001.59,1776015988000
1776015990.296,90.296,0.42,0.44,0.56,0.58,0.02,0.02,71001.59,1776015989000
1776015990.638,90.638,0.42,0.45,0.55,0.58,0.03,0.03,71001.59,1776015989000
1776015990.971,90.971,0.43,0.44,0.56,0.57,0.01,0.01,71001.59,1776015989000
1776015991.31,91.31,0.43,0.44,0.56,0.57,0.01,0.01,71001.6,1776015990000
1776015991.687,91.687,0.45,0.46,0.54,0.55,0.01,0.01,71001.6,1776015990000
1776015992.021,92.021,0.45,0.46,0.54,0.55,0.01,0.01,71001.6,1776015990000
1776015992.377,92.377,0.42,0.43,0.57,0.58,0.01,0.01,71001.6,1776015990000
1776015992.938,92.938,0.39,0.4,0.57,0.61,0.01,0.04,71001.58,1776015991000
1776015993.328,93.328,0.45,0.46,0.54,0.55,0.01,0.01,71001.58,1776015991000
1776015993.662,93.662,0.44,0.45,0.55,0.56,0.01,0.01,71001.6,1776015992000
1776015994.004,94.004,0.45,0.46,0.54,0.55,0.01,0.01,71001.6,1776015992000
1776015994.452,94.452,0.46,0.47,0.54,0.55,0.01,0.01,71001.6,1776015992000
1776015994.802,94.802,0.15,0.48,0.52,0.85,0.33,0.33,71002.09,1776015993000
1776015995.146,95.146,0.43,0.47,0.52,0.55,0.04,0.03,71002.09,1776015993000
1776015995.51,95.51,0.43,0.44,0.56,0.57,0.01,0.01,71002.56,1776015994000
1776015995.933,95.933,0.42,0.43,0.56,0.58,0.01,0.02,71002.56,1776015994000
1776015996.305,96.305,0.42,0.43,0.57,0.58,0.01,0.01,71002.56,1776015994000
1776015996.646,96.646,0.42,0.43,0.57,0.58,0.01,0.01,71001.26,1776015995000
1776015997.306,97.306,0.42,0.43,0.56,0.57,0.01,0.01,71001.26,1776015995000
1776015997.824,97.824,0.42,0.43,0.57,0.58,0.01,0.01,71001.12,1776015996000
1776015998.163,98.163,0.47,0.48,0.52,0.53,0.01,0.01,71001.12,1776015997000
1776015998.516,98.516,0.46,0.47,0.53,0.54,0.01,0.01,71001.12,1776015997000
1776015998.861,98.861,0.46,0.47,0.53,0.54,0.01,0.01,71001.12,1776015997000
1776015999.202,99.202,0.46,0.5,0.5,0.54,0.04,0.04,71002.57,1776015998000
1776015999.536,99.536,0.48,0.49,0.51,0.52,0.01,0.01,71002.57,1776015998000
1776015999.873,99.873,0.48,0.49,0.51,0.52,0.01,0.01,71002.57,1776015998000
1776016000.214,100.214,0.5,0.52,0.48,0.5,0.02,0.02,71002.57,1776015999000
1776016000.548,100.548,0.5,0.51,0.49,0.5,0.01,0.01,71002.57,1776015999000
1776016000.887,100.887,0.49,0.5,0.5,0.51,0.01,0.01,71002.57,1776015999000
1776016001.226,101.226,0.5,0.51,0.49,0.5,0.01,0.01,71002.57,1776015999000
1776016001.564,101.564,0.45,0.47,0.53,0.55,0.02,0.02,71001.03,1776016000000
1776016001.899,101.899,0.46,0.47,0.53,0.54,0.01,0.01,71001.03,1776016000000
1776016002.242,102.242,0.47,0.48,0.51,0.54,0.01,0.03,71001.03,1776016000000
1776016002.764,102.764,0.47,0.48,0.52,0.53,0.01,0.01,71002.6,1776016001000
1776016003.111,103.111,0.46,0.52,0.52,0.54,0.06,0.02,71002.61,1776016002000
1776016003.457,103.457,0.47,0.49,0.51,0.52,0.02,0.01,71002.61,1776016002000
1776016003.799,103.799,0.47,0.48,0.52,0.53,0.01,0.01,71002.61,1776016002000
1776016004.212,104.212,0.46,0.47,0.53,0.54,0.01,0.01,71002.61,1776016003000
1776016004.616,104.616,0.48,0.49,0.52,0.54,0.01,0.02,71002.61,1776016003000
1776016004.955,104.955,0.48,0.49,0.51,0.52,0.01,0.01,71002.61,1776016003000
1776016005.342,105.342,0.48,0.49,0.51,0.52,0.01,0.01,71002.61,1776016003000
1776016005.82,105.82,0.48,0.49,0.51,0.52,0.01,0.01,71002.61,1776016003000
1776016006.238,106.238,0.45,0.47,0.51,0.54,0.02,0.03,71001.2,1776016004000
1776016006.612,106.612,0.46,0.47,0.53,0.54,0.01,0.01,71001.2,1776016004000
1776016006.948,106.948,0.47,0.49,0.52,0.54,0.02,0.02,71001.2,1776016005000
1776016007.29,107.29,0.48,0.49,0.51,0.52,0.01,0.01,71001.2,1776016005000
1776016007.629,107.629,0.47,0.48,0.52,0.53,0.01,0.01,71001.31,1776016006000
1776016007.963,107.963,0.47,0.48,0.52,0.53,0.01,0.01,71001.31,1776016006000
1776016008.452,108.452,0.46,0.48,0.52,0.53,0.02,0.01,71001.31,1776016006000
1776016008.81,108.81,0.44,0.45,0.55,0.56,0.01,0.01,71001.07,1776016007000
1776016009.192,109.192,0.44,0.45,0.55,0.56,0.01,0.01,71001.07,1776016008000
1776016009.584,109.584,0.44,0.45,0.54,0.56,0.01,0.02,71001.07,1776016008000
1776016010.011,110.011,0.44,0.45,0.55,0.56,0.01,0.01,71001.07,1776016008000
1776016010.411,110.411,0.44,0.45,0.55,0.56,0.01,0.01,71001.07,1776016008000
1776016010.845,110.845,0.44,0.45,0.55,0.56,0.01,0.01,71001.04,1776016009000
1776016011.186,111.186,0.22,0.45,0.55,0.78,0.23,0.23,71001.04,1776016010000
1776016011.529,111.529,0.4,0.42,0.58,0.6,0.02,0.02,71001.04,1776016010000
1776016012.053,112.053,0.41,0.42,0.58,0.59,0.01,0.01,71001.04,1776016010000
1776016012.485,112.485,0.41,0.42,0.58,0.59,0.01,0.01,71001.04,1776016011000
1776016013.109,113.109,0.41,0.42,0.58,0.59,0.01,0.01,71001.04,1776016011000
1776016013.508,113.508,0.41,0.42,0.58,0.59,0.01,0.01,71000.58,1776016012000
1776016013.903,113.903,0.42,0.43,0.57,0.58,0.01,0.01,71000.58,1776016012000
1776016014.249,114.249,0.43,0.44,0.56,0.57,0.01,0.01,71000.58,1776016013000
1776016014.594,114.594,0.43,0.44,0.54,0.76,0.01,0.22,71000.58,1776016013000
1776016014.935,114.935,0.44,0.46,0.54,0.56,0.02,0.02,71000.58,1776016013000
1776016015.389,115.389,0.47,0.48,0.53,0.54,0.01,0.01,71000.54,1776016014000
1776016015.74,115.74,0.47,0.48,0.52,0.53,0.01,0.01,71000.54,1776016014000
1776016016.211,116.211,0.46,0.47,0.53,0.54,0.01,0.01,71000.54,1776016014000
1776016016.863,116.863,0.46,0.47,0.53,0.54,0.01,0.01,71001.43,1776016015000
1776016017.257,117.257,0.46,0.47,0.53,0.54,0.01,0.01,71001.43,1776016015000
1776016017.663,117.663,0.46,0.48,0.53,0.54,0.02,0.01,71004.89,1776016016000
1776016018.097,118.097,0.47,0.48,0.52,0.53,0.01,0.01,71004.89,1776016016000
1776016018.828,118.828,0.46,0.47,0.5,0.55,0.01,0.05,71004.89,1776016017000
1776016019.164,119.164,0.46,0.47,0.53,0.54,0.01,0.01,71004.89,1776016017000
1776016019.524,119.524,0.48,0.49,0.51,0.52,0.01,0.01,71005.93,1776016018000
1776016019.89,119.89,0.48,0.49,0.51,0.52,0.01,0.01,71005.93,1776016018000
1776016020.223,120.223,0.48,0.49,0.51,0.52,0.01,0.01,71005.93,1776016018000
1776016020.598,120.598,0.48,0.49,0.51,0.52,0.01,0.01,71005.93,1776016018000
1776016020.947,120.947,0.45,0.46,0.54,0.55,0.01,0.01,71005.61,1776016019000
1776016021.292,121.292,0.44,0.45,0.55,0.56,0.01,0.01,71005.61,1776016019000
1776016021.653,121.653,0.47,0.48,0.52,0.53,0.01,0.01,71005.61,1776016019000
1776016021.994,121.994,0.47,0.48,0.52,0.53,0.01,0.01,71005.62,1776016020000
1776016022.359,122.359,0.44,0.45,0.55,0.56,0.01,0.01,71005.62,1776016021000
1776016022.772,122.772,0.44,0.46,0.55,0.56,0.02,0.01,71005.62,1776016021000
1776016023.201,123.201,0.45,0.46,0.53,0.55,0.01,0.02,71005.62,1776016021000
1776016023.565,123.565,0.45,0.46,0.54,0.55,0.01,0.01,71003.64,1776016022000
1776016023.941,123.941,0.43,0.45,0.54,0.55,0.02,0.01,71003.64,1776016022000
1776016024.282,124.282,0.44,0.46,0.54,0.56,0.02,0.02,71003.64,1776016022000
1776016024.694,124.694,0.45,0.46,0.5,0.56,0.01,0.06,71003.9,1776016023000
1776016025.06,125.06,0.45,0.46,0.54,0.55,0.01,0.01,71003.9,1776016023000
1776016025.475,125.475,0.45,0.46,0.54,0.55,0.01,0.01,71003.94,1776016024000
1776016025.899,125.899,0.45,0.46,0.54,0.55,0.01,0.01,71003.94,1776016024000
1776016026.266,126.266,0.46,0.47,0.53,0.55,0.01,0.02,71003.94,1776016024000
1776016026.649,126.649,0.46,0.47,0.53,0.54,0.01,0.01,71004.31,1776016025000
1776016027.122,127.122,0.46,0.47,0.53,0.54,0.01,0.01,71004.31,1776016025000
1776016027.483,127.483,0.46,0.47,0.53,0.54,0.01,0.01,71004.09,1776016026000
1776016027.818,127.818,0.41,0.42,0.58,0.59,0.01,0.01,71004.09,1776016026000
1776016028.153,128.153,0.4,0.41,0.59,0.6,0.01,0.01,71004.09,1776016026000
1776016028.493,128.493,0.33,0.35,0.65,0.67,0.02,0.02,71004.81,1776016027000
1776016028.827,128.827,0.3,0.31,0.68,0.7,0.01,0.02,71004.81,1776016027000
1776016029.208,129.208,0.29,0.3,0.7,0.71,0.01,0.01,71004.57,1776016028000
1776016029.546,129.546,0.28,0.29,0.71,0.72,0.01,0.01,71004.57,1776016028000
1776016029.884,129.884,0.17,0.25,0.75,0.83,0.08,0.08,71004.57,1776016028000
1776016030.228,130.228,0.18,0.19,0.81,0.84,0.01,0.03,70996.05,1776016029000
1776016030.568,130.568,0.11,0.18,0.82,0.89,0.07,0.07,70996.05,1776016029000
1776016030.902,130.902,0.12,0.13,0.87,0.88,0.01,0.01,70996.05,1776016029000
1776016031.242,131.242,0.15,0.16,0.84,0.85,0.01,0.01,70988.32,1776016030000
1776016031.627,131.627,0.16,0.17,0.83,0.84,0.01,0.01,70988.32,1776016030000
1776016031.964,131.964,0.16,0.17,0.83,0.84,0.01,0.01,70988.32,1776016030000
1776016032.31,132.31,0.16,0.18,0.83,0.84,0.02,0.01,70983.73,1776016031000
1776016032.659,132.659,0.17,0.18,0.82,0.83,0.01,0.01,70983.73,1776016031000
1776016033.011,133.011,0.17,0.18,0.82,0.83,0.01,0.01,70983.73,1776016031000
1776016033.419,133.419,0.08,0.17,0.82,0.84,0.09,0.02,70983.73,1776016031000
1776016033.795,133.795,0.14,0.15,0.85,0.86,0.01,0.01,70979.32,1776016032000
1776016034.208,134.208,0.14,0.15,0.85,0.86,0.01,0.01,70979.32,1776016032000
1776016034.558,134.558,0.14,0.15,0.85,0.86,0.01,0.01,70979.32,1776016032000
1776016034.931,134.931,0.12,0.13,0.86,0.88,0.01,0.02,70979.32,1776016032000
1776016035.297,135.297,0.12,0.14,0.86,0.87,0.02,0.01,70979.32,1776016032000
1776016035.649,135.649,0.14,0.16,0.83,0.85,0.02,0.02,70979.32,1776016032000
1776016036.032,136.032,0.16,0.17,0.85,0.86,0.01,0.01,70979.32,1776016032000
1776016036.38,136.38,0.16,0.17,0.83,0.84,0.01,0.01,70979.36,1776016033000
1776016036.775,136.775,0.16,0.17,0.83,0.84,0.01,0.01,70979.36,1776016033000
1776016037.13,137.13,0.09,0.17,0.83,0.91,0.08,0.08,70974.57,1776016035000
1776016037.522,137.522,0.15,0.17,0.83,0.84,0.02,0.01,70974.57,1776016035000
1776016038.096,138.096,0.16,0.17,0.82,0.85,0.01,0.03,70974.21,1776016036000
1776016038.476,138.476,0.17,0.18,0.82,0.84,0.01,0.02,70974.21,1776016036000
1776016038.88,138.88,0.19,0.2,0.8,0.82,0.01,0.02,70974.21,1776016037000
1776016039.414,139.414,0.19,0.2,0.8,0.82,0.01,0.02,70974.21,1776016037000
1776016039.752,139.752,0.19,0.2,0.8,0.81,0.01,0.01,70974.21,1776016038000
1776016040.112,140.112,0.18,0.19,0.81,0.82,0.01,0.01,70974.21,1776016038000
1776016040.451,140.451,0.18,0.19,0.81,0.82,0.01,0.01,70976.42,1776016039000
1776016040.841,140.841,0.18,0.2,0.81,0.82,0.02,0.01,70976.42,1776016039000
1776016041.186,141.186,0.15,0.16,0.84,0.85,0.01,0.01,70976.42,1776016039000
1776016041.568,141.568,0.15,0.16,0.84,0.85,0.01,0.01,70978.24,1776016040000
1776016041.984,141.984,0.15,0.16,0.84,0.85,0.01,0.01,70978.24,1776016040000
1776016042.387,142.387,0.17,0.18,0.8,0.84,0.01,0.04,70978.24,1776016040000
1776016042.759,142.759,0.14,0.17,0.83,0.84,0.03,0.01,70978.27,1776016041000
1776016043.099,143.099,0.16,0.17,0.83,0.85,0.01,0.02,70978.27,1776016041000
1776016043.481,143.481,0.14,0.17,0.83,0.92,0.03,0.09,70978.27,1776016042000
1776016043.917,143.917,0.14,0.15,0.85,0.86,0.01,0.01,70978.27,1776016042000
1776016044.396,144.396,0.14,0.15,0.85,0.86,0.01,0.01,70978.27,1776016042000
1776016044.753,144.753,0.15,0.2,0.84,0.86,0.05,0.02,70978.27,1776016042000
1776016045.354,145.354,0.18,0.19,0.81,0.86,0.01,0.05,70978.27,1776016043000
1776016045.704,145.704,0.16,0.17,0.81,0.82,0.01,0.01,70978.29,1776016044000
1776016046.042,146.042,0.19,0.2,0.82,0.83,0.01,0.01,70978.29,1776016044000
1776016046.386,146.386,0.18,0.19,0.78,0.82,0.01,0.04,70978.29,1776016044000
1776016046.735,146.735,0.08,0.2,0.8,0.81,0.12,0.01,70978.29,1776016044000
1776016047.162,147.162,0.18,0.19,0.81,0.83,0.01,0.02,70978.3,1776016045000
1776016047.515,147.515,0.18,0.19,0.81,0.82,0.01,0.01,70978.3,1776016046000
1776016048.049,148.049,0.18,0.19,0.81,0.82,0.01,0.01,70978.3,1776016046000
1776016048.457,148.457,0.18,0.19,0.81,0.82,0.01,0.01,70978.3,1776016046000
1776016048.832,148.832,0.22,0.24,0.76,0.77,0.02,0.01,70978.31,1776016047000
1776016049.167,149.167,0.25,0.26,0.74,0.75,0.01,0.01,70978.31,1776016048000
1776016049.526,149.526,0.23,0.25,0.76,0.77,0.02,0.01,70978.31,1776016048000
1776016049.971,149.971,0.21,0.24,0.75,0.77,0.03,0.02,70978.31,1776016048000
1776016050.368,150.368,0.17,0.22,0.78,0.79,0.05,0.01,70978.31,1776016048000
1776016050.753,150.753,0.2,0.21,0.79,0.8,0.01,0.01,70978.32,1776016049000
1776016051.129,151.129,0.22,0.23,0.77,0.78,0.01,0.01,70978.32,1776016050000
1776016051.592,151.592,0.23,0.24,0.76,0.78,0.01,0.02,70978.32,1776016050000
1776016051.929,151.929,0.19,0.24,0.8,0.81,0.05,0.01,70978.32,1776016050000
1776016052.262,152.262,0.23,0.24,0.76,0.77,0.01,0.01,70978.31,1776016051000
1776016052.64,152.64,0.25,0.26,0.74,0.75,0.01,0.01,70978.31,1776016051000
1776016052.996,152.996,0.25,0.26,0.74,0.75,0.01,0.01,70978.31,1776016051000
1776016053.364,153.364,0.27,0.28,0.72,0.73,0.01,0.01,70978.31,1776016051000
1776016053.781,153.781,0.27,0.28,0.72,0.73,0.01,0.01,70978.31,1776016051000
1776016054.162,154.162,0.24,0.25,0.75,0.76,0.01,0.01,70975.5,1776016053000
1776016054.499,154.499,0.21,0.22,0.78,0.79,0.01,0.01,70975.5,1776016053000
1776016054.946,154.946,0.22,0.23,0.77,0.79,0.01,0.02,70975.5,1776016053000
1776016055.304,155.304,0.25,0.26,0.71,0.78,0.01,0.07,70975.5,1776016053000
1776016055.745,155.745,0.25,0.36,0.72,0.75,0.11,0.03,70975.5,1776016053000
1776016056.123,156.123,0.3,0.31,0.69,0.7,0.01,0.01,70975.5,1776016053000
1776016056.473,156.473,0.29,0.3,0.69,0.71,0.01,0.02,70976.29,1776016054000
1776016056.821,156.821,0.26,0.27,0.73,0.74,0.01,0.01,70976.29,1776016054000
1776016057.175,157.175,0.25,0.29,0.7,0.73,0.04,0.03,70976.04,1776016055000
1776016057.593,157.593,0.31,0.32,0.68,0.69,0.01,0.01,70976.04,1776016055000
1776016057.934,157.934,0.31,0.35,0.65,0.67,0.04,0.02,70976.04,1776016055000
1776016058.328,158.328,0.31,0.34,0.66,0.67,0.03,0.01,70974.75,1776016056000
1776016058.675,158.675,0.32,0.33,0.67,0.68,0.01,0.01,70974.75,1776016056000
1776016059.021,159.021,0.3,0.31,0.69,0.7,0.01,0.01,70975.52,1776016057000
1776016059.397,159.397,0.29,0.3,0.69,0.7,0.01,0.01,70975.52,1776016057000
1776016059.845,159.845,0.2,0.21,0.7,0.9,0.01,0.2,70975.52,1776016057000
1776016060.198,160.198,0.19,0.21,0.79,0.8,0.02,0.01,70975.29,1776016058000
1776016060.644,160.644,0.19,0.2,0.79,0.8,0.01,0.01,70975.22,1776016059000
1776016060.983,160.983,0.17,0.2,0.82,0.83,0.03,0.01,70975.22,1776016059000
1776016061.359,161.359,0.13,0.15,0.85,0.9,0.02,0.05,70973.09,1776016060000
1776016061.768,161.768,0.13,0.14,0.86,0.88,0.01,0.02,70973.09,1776016060000
1776016062.158,162.158,0.13,0.14,0.86,0.87,0.01,0.01,70973.09,1776016060000
1776016062.573,162.573,0.12,0.13,0.87,0.88,0.01,0.01,70973.09,1776016060000
1776016062.965,162.965,0.12,0.14,0.87,0.88,0.02,0.01,70970.09,1776016061000
1776016063.394,163.394,0.11,0.12,0.84,0.89,0.01,0.05,70970.09,1776016061000
1776016063.749,163.749,0.16,0.18,0.82,0.84,0.02,0.02,70963.55,1776016062000
1776016064.127,164.127,0.16,0.17,0.83,0.84,0.01,0.01,70963.55,1776016062000
1776016064.51,164.51,0.12,0.13,0.87,0.88,0.01,0.01,70963.55,1776016062000
1776016064.862,164.862,0.12,0.13,0.87,0.88,0.01,0.01,70961.24,1776016063000
1776016065.21,165.21,0.11,0.13,0.87,0.89,0.02,0.02,70961.24,1776016063000
1776016065.634,165.634,0.13,0.14,0.86,0.88,0.01,0.02,70961.24,1776016063000
1776016065.983,165.983,0.13,0.14,0.86,0.87,0.01,0.01,70959.69,1776016064000
1776016066.345,166.345,0.13,0.15,0.86,0.87,0.02,0.01,70959.69,1776016064000
1776016066.708,166.708,0.14,0.15,0.85,0.86,0.01,0.01,70959.27,1776016065000
1776016067.11,167.11,0.14,0.15,0.85,0.86,0.01,0.01,70959.27,1776016065000
1776016067.463,167.463,0.14,0.15,0.85,0.86,0.01,0.01,70959.27,1776016065000
1776016067.807,167.807,0.13,0.14,0.86,0.87,0.01,0.01,70959.49,1776016066000
1776016068.17,168.17,0.13,0.14,0.86,0.87,0.01,0.01,70959.49,1776016066000
1776016068.518,168.518,0.13,0.14,0.86,0.87,0.01,0.01,70960.17,1776016067000
1776016068.884,168.884,0.13,0.14,0.86,0.87,0.01,0.01,70960.17,1776016067000
1776016069.304,169.304,0.13,0.14,0.86,0.87,0.01,0.01,70959.49,1776016068000
1776016069.66,169.66,0.14,0.17,0.83,0.87,0.03,0.04,70959.49,1776016068000
1776016070.046,170.046,0.15,0.16,0.84,0.85,0.01,0.01,70959.49,1776016068000
1776016070.426,170.426,0.15,0.16,0.84,0.85,0.01,0.01,70959.49,1776016068000
1776016070.847,170.847,0.15,0.16,0.83,0.85,0.01,0.02,70957.96,1776016069000
1776016071.232,171.232,0.15,0.16,0.84,0.85,0.01,0.01,70957.96,1776016069000
1776016071.595,171.595,0.15,0.16,0.84,0.85,0.01,0.01,70957.66,1776016070000
1776016072.049,172.049,0.15,0.16,0.84,0.85,0.01,0.01,70957.66,1776016070000
1776016072.766,172.766,0.15,0.16,0.84,0.85,0.01,0.01,70957.62,1776016071000
1776016073.204,173.204,0.12,0.13,0.87,0.88,0.01,0.01,70957.62,1776016071000
1776016073.685,173.685,0.12,0.13,0.87,0.88,0.01,0.01,70957.62,1776016071000
1776016074.023,174.023,0.13,0.14,0.86,0.88,0.01,0.02,70957.96,1776016072000
1776016074.676,174.676,0.12,0.13,0.87,0.88,0.01,0.01,70957.96,1776016073000
1776016075.028,175.028,0.13,0.14,0.86,0.87,0.01,0.01,70957.96,1776016073000
1776016075.384,175.384,0.13,0.14,0.86,0.87,0.01,0.01,70957.96,1776016074000
1776016075.737,175.737,0.12,0.13,0.87,0.88,0.01,0.01,70957.96,1776016074000
1776016076.308,176.308,0.07,0.14,0.86,0.93,0.07,0.07,70959.32,1776016075000
1776016076.722,176.722,0.11,0.12,0.88,0.89,0.01,0.01,70959.32,1776016075000
1776016077.294,177.294,0.11,0.12,0.88,0.89,0.01,0.01,70959.32,1776016075000
1776016077.647,177.647,0.11,0.12,0.88,0.89,0.01,0.01,70957.67,1776016076000
1776016078.06,178.06,0.1,0.11,0.89,0.9,0.01,0.01,70957.67,1776016076000
1776016078.395,178.395,0.1,0.11,0.89,0.9,0.01,0.01,70957.41,1776016077000
1776016078.742,178.742,0.13,0.14,0.85,0.87,0.01,0.02,70957.41,1776016077000
1776016079.119,179.119,0.14,0.15,0.85,0.86,0.01,0.01,70957.46,1776016078000
1776016079.813,179.813,0.11,0.13,0.85,0.92,0.02,0.07,70957.46,1776016078000
1776016080.348,180.348,0.13,0.14,0.86,0.88,0.01,0.02,70957.46,1776016079000
1776016080.756,180.756,0.1,0.12,0.89,0.9,0.02,0.01,70957.46,1776016079000
1776016081.098,181.098,0.1,0.14,0.86,0.9,0.04,0.04,70960.87,1776016080000
1776016081.467,181.467,0.13,0.14,0.86,0.87,0.01,0.01,70960.87,1776016080000
1776016081.907,181.907,0.13,0.14,0.86,0.87,0.01,0.01,70960.87,1776016080000
1776016082.381,182.381,0.13,0.14,0.86,0.87,0.01,0.01,70962.64,1776016081000
1776016082.758,182.758,0.13,0.14,0.86,0.87,0.01,0.01,70962.64,1776016081000
1776016083.139,183.139,0.13,0.14,0.86,0.87,0.01,0.01,70965.98,1776016082000
1776016083.489,183.489,0.12,0.14,0.86,0.87,0.02,0.01,70965.98,1776016082000
1776016083.836,183.836,0.11,0.12,0.88,0.89,0.01,0.01,70965.98,1776016082000
1776016084.201,184.201,0.09,0.11,0.89,0.9,0.02,0.01,70970.7,1776016083000
1776016084.63,184.63,0.1,0.11,0.89,0.9,0.01,0.01,70970.7,1776016083000
1776016084.964,184.964,0.09,0.1,0.9,0.91,0.01,0.01,70970.7,1776016083000
1776016085.305,185.305,0.09,0.11,0.89,0.91,0.02,0.02,70970.86,1776016084000
1776016085.649,185.649,0.11,0.12,0.88,0.89,0.01,0.01,70970.86,1776016084000
1776016086.056,186.056,0.11,0.12,0.89,0.9,0.01,0.01,70970.86,1776016084000
1776016086.578,186.578,0.11,0.12,0.88,0.89,0.01,0.01,70970.0,1776016085000
1776016086.944,186.944,0.11,0.12,0.87,0.89,0.01,0.02,70970.0,1776016085000
1776016087.295,187.295,0.11,0.12,0.88,0.89,0.01,0.01,70970.0,1776016085000
1776016087.702,187.702,0.11,0.12,0.88,0.89,0.01,0.01,70969.18,1776016086000
1776016088.095,188.095,0.11,0.12,0.88,0.89,0.01,0.01,70969.18,1776016086000
1776016088.573,188.573,0.11,0.12,0.88,0.89,0.01,0.01,70969.18,1776016087000
1776016089.026,189.026,0.11,0.12,0.88,0.89,0.01,0.01,70969.18,1776016087000
1776016089.544,189.544,0.11,0.12,0.88,0.89,0.01,0.01,70969.18,1776016087000
1776016089.95,189.95,0.12,0.13,0.87,0.88,0.01,0.01,70968.55,1776016088000
1776016090.34,190.34,0.11,0.12,0.87,0.89,0.01,0.02,70968.74,1776016089000
1776016090.72,190.72,0.11,0.12,0.88,0.89,0.01,0.01,70968.74,1776016089000
1776016091.105,191.105,0.11,0.12,0.88,0.89,0.01,0.01,70968.74,1776016089000
1776016091.461,191.461,0.12,0.13,0.87,0.89,0.01,0.02,70968.74,1776016089000
1776016091.845,191.845,0.12,0.13,0.87,0.88,0.01,0.01,70968.74,1776016090000
1776016092.283,192.283,0.12,0.14,0.86,0.88,0.02,0.02,70968.74,1776016091000
1776016092.647,192.647,0.11,0.13,0.87,0.89,0.02,0.02,70968.74,1776016091000
1776016092.985,192.985,0.1,0.12,0.87,0.88,0.02,0.01,70968.74,1776016091000
1776016093.496,193.496,0.11,0.12,0.88,0.9,0.01,0.02,70968.74,1776016091000
1776016093.923,193.923,0.09,0.11,0.89,0.9,0.02,0.01,70968.97,1776016092000
1776016094.381,194.381,0.09,0.11,0.89,0.91,0.02,0.02,70969.46,1776016093000
1776016094.857,194.857,0.09,0.11,0.9,0.91,0.02,0.01,70969.46,1776016093000
1776016095.222,195.222,0.1,0.12,0.89,0.9,0.02,0.01,70969.53,1776016094000
1776016095.575,195.575,0.1,0.11,0.89,0.9,0.01,0.01,70969.53,1776016094000
1776016096.0,196.0,0.11,0.12,0.88,0.9,0.01,0.02,70969.53,1776016094000
1776016096.375,196.375,0.13,0.14,0.86,0.88,0.01,0.02,70969.53,1776016094000
1776016096.757,196.757,0.14,0.15,0.85,0.86,0.01,0.01,70969.58,1776016095000
1776016097.114,197.114,0.14,0.15,0.85,0.86,0.01,0.01,70969.58,1776016095000
1776016097.452,197.452,0.15,0.16,0.84,0.86,0.01,0.02,70969.14,1776016096000
1776016097.791,197.791,0.15,0.16,0.84,0.85,0.01,0.01,70969.14,1776016096000
1776016098.254,198.254,0.15,0.16,0.84,0.85,0.01,0.01,70969.14,1776016096000
1776016098.594,198.594,0.15,0.16,0.84,0.85,0.01,0.01,70971.91,1776016097000
1776016098.961,198.961,0.14,0.16,0.85,0.86,0.02,0.01,70971.91,1776016097000
1776016099.391,199.391,0.14,0.15,0.85,0.86,0.01,0.01,70971.91,1776016097000
1776016099.867,199.867,0.14,0.15,0.85,0.86,0.01,0.01,70980.35,1776016098000
1776016100.22,200.22,0.14,0.15,0.85,0.86,0.01,0.01,70980.35,1776016098000
1776016100.632,200.632,0.14,0.15,0.85,0.86,0.01,0.01,70980.35,1776016098000
1776016101.007,201.007,0.14,0.15,0.85,0.86,0.01,0.01,70981.03,1776016099000
1776016101.362,201.362,0.14,0.15,0.85,0.86,0.01,0.01,70981.29,1776016100000
1776016101.733,201.733,0.14,0.15,0.85,0.86,0.01,0.01,70981.29,1776016100000
1776016102.17,202.17,0.14,0.15,0.85,0.86,0.01,0.01,70981.63,1776016101000
1776016102.595,202.595,0.16,0.17,0.82,0.84,0.01,0.02,70981.63,1776016101000
1776016102.933,202.933,0.17,0.18,0.82,0.83,0.01,0.01,70981.63,1776016101000
1776016103.371,203.371,0.17,0.18,0.82,0.83,0.01,0.01,70981.63,1776016102000
1776016103.719,203.719,0.17,0.18,0.82,0.83,0.01,0.01,70981.63,1776016102000
1776016104.125,204.125,0.17,0.18,0.82,0.83,0.01,0.01,70981.63,1776016102000
1776016104.529,204.529,0.17,0.19,0.82,0.83,0.02,0.01,70981.53,1776016103000
1776016104.871,204.871,0.18,0.19,0.81,0.82,0.01,0.01,70981.53,1776016103000
1776016105.411,205.411,0.18,0.19,0.81,0.82,0.01,0.01,70981.53,1776016103000
1776016105.755,205.755,0.17,0.18,0.81,0.82,0.01,0.01,70982.95,1776016104000
1776016106.212,206.212,0.18,0.19,0.81,0.82,0.01,0.01,70982.95,1776016104000
1776016106.566,206.566,0.18,0.19,0.81,0.82,0.01,0.01,70984.14,1776016105000
1776016106.92,206.92,0.15,0.16,0.84,0.85,0.01,0.01,70984.47,1776016106000
1776016107.309,207.309,0.15,0.2,0.84,0.85,0.05,0.01,70984.47,1776016106000
1776016107.656,207.656,0.16,0.18,0.82,0.84,0.02,0.02,70984.47,1776016106000
1776016108.217,208.217,0.14,0.16,0.82,0.87,0.02,0.05,70984.47,1776016106000
1776016108.656,208.656,0.18,0.19,0.81,0.84,0.01,0.03,70984.84,1776016107000
1776016109.167,209.167,0.19,0.2,0.8,0.81,0.01,0.01,70984.52,1776016108000
1776016109.625,209.625,0.2,0.21,0.79,0.8,0.01,0.01,70984.52,1776016108000
1776016109.96,209.96,0.2,0.21,0.79,0.8,0.01,0.01,70984.52,1776016108000
1776016110.297,210.297,0.2,0.21,0.79,0.8,0.01,0.01,70985.49,1776016109000
1776016110.633,210.633,0.2,0.21,0.79,0.8,0.01,0.01,70985.49,1776016109000
1776016110.983,210.983,0.2,0.21,0.79,0.8,0.01,0.01,70985.49,1776016109000
1776016111.322,211.322,0.2,0.21,0.79,0.8,0.01,0.01,70985.2,1776016110000
1776016111.682,211.682,0.2,0.21,0.79,0.8,0.01,0.01,70985.2,1776016110000
1776016112.051,212.051,0.2,0.21,0.79,0.8,0.01,0.01,70985.54,1776016111000
1776016112.681,212.681,0.2,0.21,0.79,0.8,0.01,0.01,70985.54,1776016111000
1776016113.065,213.065,0.2,0.21,0.79,0.8,0.01,0.01,70986.29,1776016112000
1776016113.476,213.476,0.2,0.21,0.79,0.8,0.01,0.01,70986.29,1776016112000
1776016113.973,213.973,0.2,0.21,0.79,0.8,0.01,0.01,70986.29,1776016112000
1776016114.31,214.31,0.2,0.21,0.79,0.8,0.01,0.01,70986.61,1776016113000
1776016114.665,214.665,0.2,0.21,0.79,0.8,0.01,0.01,70986.61,1776016113000
1776016115.01,215.01,0.2,0.21,0.79,0.8,0.01,0.01,70986.34,1776016114000
1776016115.36,215.36,0.2,0.22,0.79,0.8,0.02,0.01,70986.34,1776016114000
1776016115.809,215.809,0.21,0.22,0.78,0.79,0.01,0.01,70986.34,1776016114000
1776016116.158,216.158,0.2,0.22,0.78,0.79,0.02,0.01,70986.34,1776016114000
1776016116.537,216.537,0.2,0.22,0.78,0.81,0.02,0.03,70986.2,1776016115000
1776016116.873,216.873,0.2,0.21,0.79,0.8,0.01,0.01,70986.2,1776016115000
1776016117.448,217.448,0.2,0.21,0.79,0.8,0.01,0.01,70986.2,1776016116000
1776016117.834,217.834,0.2,0.23,0.79,0.8,0.03,0.01,70986.2,1776016116000
1776016118.363,218.363,0.22,0.23,0.77,0.78,0.01,0.01,70986.2,1776016116000
1776016118.737,218.737,0.22,0.23,0.77,0.78,0.01,0.01,70986.23,1776016117000
1776016119.215,219.215,0.22,0.23,0.77,0.78,0.01,0.01,70986.23,1776016118000
1776016119.606,219.606,0.22,0.23,0.77,0.78,0.01,0.01,70986.23,1776016118000
1776016119.95,219.95,0.22,0.23,0.77,0.78,0.01,0.01,70986.23,1776016118000
1776016120.445,220.445,0.22,0.23,0.77,0.78,0.01,0.01,70986.23,1776016118000
1776016120.797,220.797,0.22,0.23,0.77,0.78,0.01,0.01,70986.09,1776016119000
1776016121.242,221.242,0.22,0.23,0.77,0.78,0.01,0.01,70986.35,1776016120000
1776016121.701,221.701,0.22,0.23,0.77,0.78,0.01,0.01,70986.35,1776016120000
1776016122.094,222.094,0.25,0.26,0.74,0.75,0.01,0.01,70986.35,1776016120000
1776016122.43,222.43,0.26,0.27,0.72,0.76,0.01,0.04,70987.28,1776016121000
1776016122.812,222.812,0.26,0.27,0.73,0.74,0.01,0.01,70987.28,1776016121000
1776016123.158,223.158,0.26,0.27,0.73,0.74,0.01,0.01,70987.84,1776016122000
1776016123.504,223.504,0.27,0.29,0.72,0.73,0.02,0.01,70987.84,1776016122000
1776016123.841,223.841,0.27,0.28,0.72,0.73,0.01,0.01,70987.84,1776016122000
1776016124.184,224.184,0.27,0.28,0.73,0.74,0.01,0.01,70987.84,1776016123000
1776016124.598,224.598,0.27,0.28,0.72,0.73,0.01,0.01,70987.84,1776016123000
1776016124.979,224.979,0.28,0.29,0.71,0.73,0.01,0.02,70987.84,1776016123000
1776016125.323,225.323,0.26,0.28,0.72,0.74,0.02,0.02,70987.76,1776016124000
1776016125.748,225.748,0.27,0.3,0.72,0.74,0.03,0.02,70987.76,1776016124000
1776016126.082,226.082,0.28,0.29,0.7,0.72,0.01,0.02,70987.76,1776016125000
1776016126.505,226.505,0.28,0.29,0.7,0.71,0.01,0.01,70987.76,1776016125000
1776016126.84,226.84,0.26,0.28,0.72,0.73,0.02,0.01,70987.76,1776016125000
1776016127.232,227.232,0.26,0.27,0.72,0.74,0.01,0.02,70987.49,1776016126000
1776016128.039,228.039,0.26,0.27,0.73,0.74,0.01,0.01,70987.49,1776016126000
1776016128.379,228.379,0.25,0.31,0.69,0.75,0.06,0.06,70987.24,1776016127000
1776016128.726,228.726,0.26,0.29,0.71,0.72,0.03,0.01,70987.24,1776016127000
1776016129.213,229.213,0.26,0.27,0.73,0.74,0.01,0.01,70987.24,1776016127000
1776016129.605,229.605,0.23,0.24,0.76,0.77,0.01,0.01,70987.31,1776016128000
1776016129.95,229.95,0.23,0.24,0.76,0.77,0.01,0.01,70987.31,1776016128000
1776016130.291,230.291,0.25,0.26,0.7,0.77,0.01,0.07,70987.79,1776016129000
1776016130.717,230.717,0.24,0.25,0.75,0.76,0.01,0.01,70987.79,1776016129000
1776016131.26,231.26,0.2,0.21,0.74,0.87,0.01,0.13,70987.79,1776016129000
1776016131.91,231.91,0.2,0.21,0.79,0.8,0.01,0.01,70987.03,1776016130000
1776016132.464,232.464,0.2,0.21,0.79,0.8,0.01,0.01,70986.94,1776016131000
1776016133.082,233.082,0.2,0.21,0.79,0.8,0.01,0.01,70986.94,1776016131000
1776016133.429,233.429,0.2,0.21,0.79,0.8,0.01,0.01,70987.05,1776016132000
1776016133.782,233.782,0.2,0.21,0.79,0.8,0.01,0.01,70987.05,1776016132000
1776016134.226,234.226,0.21,0.24,0.79,0.8,0.03,0.01,70987.05,1776016132000
1776016134.625,234.625,0.23,0.24,0.77,0.78,0.01,0.01,70986.74,1776016133000
1776016135.039,235.039,0.21,0.22,0.78,0.79,0.01,0.01,70987.43,1776016134000
1776016135.567,235.567,0.21,0.22,0.79,0.8,0.01,0.01,70987.43,1776016134000
1776016135.941,235.941,0.22,0.23,0.77,0.78,0.01,0.01,70987.43,1776016134000
1776016136.343,236.343,0.22,0.23,0.77,0.78,0.01,0.01,70987.4,1776016135000
1776016136.771,236.771,0.19,0.2,0.77,0.87,0.01,0.1,70987.4,1776016135000
1776016137.119,237.119,0.21,0.22,0.78,0.79,0.01,0.01,70987.41,1776016136000
1776016137.56,237.56,0.21,0.22,0.78,0.79,0.01,0.01,70987.41,1776016136000
1776016137.907,237.907,0.19,0.23,0.73,0.78,0.04,0.05,70987.41,1776016136000
1776016138.45,238.45,0.21,0.22,0.78,0.79,0.01,0.01,70986.31,1776016137000
1776016139.019,239.019,0.2,0.21,0.78,0.79,0.01,0.01,70986.31,1776016137000
1776016139.396,239.396,0.2,0.22,0.79,0.8,0.02,0.01,70988.41,1776016138000
1776016139.935,239.935,0.2,0.21,0.79,0.8,0.01,0.01,70988.77,1776016139000
1776016140.268,240.268,0.16,0.19,0.81,0.82,0.03,0.01,70988.77,1776016139000
1776016140.659,240.659,0.17,0.18,0.82,0.83,0.01,0.01,70988.77,1776016139000
1776016141.037,241.037,0.09,0.1,0.9,0.91,0.01,0.01,70988.77,1776016140000
1776016141.384,241.384,0.08,0.09,0.91,0.92,0.01,0.01,70988.77,1776016140000
1776016141.721,241.721,0.08,0.09,0.91,0.92,0.01,0.01,70988.77,1776016140000
1776016142.057,242.057,0.11,0.15,0.88,0.89,0.04,0.01,70988.8,1776016141000
1776016142.398,242.398,0.12,0.13,0.87,0.88,0.01,0.01,70988.8,1776016141000
1776016142.743,242.743,0.13,0.14,0.87,0.88,0.01,0.01,70988.8,1776016141000
1776016143.083,243.083,0.11,0.13,0.87,0.89,0.02,0.02,70982.9,1776016142000
1776016143.44,243.44,0.12,0.14,0.86,0.88,0.02,0.02,70982.9,1776016142000
1776016143.915,243.915,0.12,0.14,0.86,0.88,0.02,0.02,70976.0,1776016143000
1776016144.254,244.254,0.11,0.15,0.88,0.89,0.04,0.01,70976.0,1776016143000
1776016144.676,244.676,0.13,0.14,0.86,0.87,0.01,0.01,70976.0,1776016143000
1776016145.03,245.03,0.12,0.13,0.87,0.88,0.01,0.01,70976.52,1776016144000
1776016145.397,245.397,0.13,0.14,0.86,0.87,0.01,0.01,70976.52,1776016144000
1776016145.76,245.76,0.14,0.15,0.85,0.87,0.01,0.02,70976.52,1776016144000
1776016146.102,246.102,0.14,0.15,0.85,0.86,0.01,0.01,70975.59,1776016145000
1776016146.451,246.451,0.14,0.15,0.85,0.86,0.01,0.01,70975.59,1776016145000
1776016146.838,246.838,0.14,0.15,0.85,0.86,0.01,0.01,70975.59,1776016145000
1776016147.226,247.226,0.13,0.14,0.86,0.87,0.01,0.01,70975.59,1776016145000
1776016147.808,247.808,0.11,0.12,0.86,0.9,0.01,0.04,70976.88,1776016146000
1776016148.28,248.28,0.11,0.12,0.88,0.89,0.01,0.01,70977.16,1776016147000
1776016148.621,248.621,0.1,0.12,0.88,0.89,0.02,0.01,70977.16,1776016147000
1776016149.069,249.069,0.1,0.12,0.88,0.9,0.02,0.02,70977.16,1776016147000
1776016149.501,249.501,0.11,0.12,0.87,0.9,0.01,0.03,70981.87,1776016148000
1776016149.949,249.949,0.1,0.12,0.88,0.89,0.02,0.01,70981.87,1776016148000
1776016150.399,250.399,0.1,0.11,0.88,0.9,0.01,0.02,70982.9,1776016149000
1776016150.734,250.734,0.1,0.11,0.89,0.9,0.01,0.01,70982.9,1776016149000
1776016151.246,251.246,0.1,0.18,0.89,0.9,0.08,0.01,70982.9,1776016149000
1776016151.662,251.662,0.11,0.12,0.88,0.89,0.01,0.01,70982.36,1776016150000
1776016151.998,251.998,0.12,0.13,0.87,0.89,0.01,0.02,70982.36,1776016150000
1776016152.378,252.378,0.1,0.12,0.86,0.89,0.02,0.03,70982.36,1776016150000
1776016152.717,252.717,0.1,0.11,0.89,0.9,0.01,0.01,70982.98,1776016151000
1776016153.066,253.066,0.12,0.17,0.83,0.89,0.05,0.06,70982.98,1776016152000
1776016153.996,253.996,0.13,0.14,0.86,0.94,0.01,0.08,70982.98,1776016152000
1776016154.53,254.53,0.13,0.14,0.86,0.87,0.01,0.01,70982.94,1776016153000
1776016155.008,255.008,0.13,0.14,0.86,0.87,0.01,0.01,70982.94,1776016153000
1776016155.359,255.359,0.08,0.12,0.86,0.89,0.04,0.03,70982.94,1776016154000
1776016155.803,255.803,0.11,0.12,0.88,0.89,0.01,0.01,70982.94,1776016154000
1776016156.212,256.212,0.1,0.12,0.89,0.9,0.02,0.01,70982.94,1776016154000
1776016156.563,256.563,0.09,0.11,0.89,0.9,0.02,0.01,70982.63,1776016155000
1776016156.996,256.996,0.09,0.1,0.9,0.91,0.01,0.01,70982.63,1776016156000
1776016157.331,257.331,0.08,0.1,0.91,0.92,0.02,0.01,70982.63,1776016156000
1776016157.874,257.874,0.08,0.1,0.9,0.92,0.02,0.02,70982.63,1776016156000
1776016158.246,258.246,0.05,0.08,0.91,0.92,0.03,0.01,70982.49,1776016157000
1776016158.654,258.654,0.06,0.07,0.93,0.94,0.01,0.01,70982.49,1776016157000
1776016159.049,259.049,0.04,0.06,0.94,0.96,0.02,0.02,70982.41,1776016158000
1776016159.406,259.406,0.06,0.08,0.92,0.93,0.02,0.01,70982.41,1776016158000
1776016159.743,259.743,0.06,0.07,0.92,0.94,0.01,0.02,70982.41,1776016158000
1776016160.128,260.128,0.06,0.07,0.93,0.94,0.01,0.01,70982.41,1776016159000
1776016160.487,260.487,0.07,0.09,0.91,0.95,0.02,0.04,70982.41,1776016159000
1776016160.947,260.947,0.08,0.09,0.91,0.93,0.01,0.02,70982.41,1776016159000
1776016161.348,261.348,0.07,0.08,0.92,0.93,0.01,0.01,70982.41,1776016159000
1776016161.778,261.778,0.08,0.09,0.91,0.92,0.01,0.01,70982.41,1776016159000
1776016162.325,262.325,0.07,0.08,0.91,0.93,0.01,0.02,70982.41,1776016160000
1776016162.701,262.701,0.07,0.08,0.92,0.93,0.01,0.01,70982.41,1776016161000
1776016163.156,263.156,0.07,0.08,0.92,0.93,0.01,0.01,70982.61,1776016162000
1776016163.625,263.625,0.05,0.07,0.93,0.94,0.02,0.01,70982.61,1776016162000
1776016163.986,263.986,0.04,0.05,0.95,0.96,0.01,0.01,70982.61,1776016162000
1776016164.371,264.371,0.05,0.06,0.94,0.96,0.01,0.02,70982.69,1776016163000
1776016164.781,264.781,0.07,0.08,0.92,0.93,0.01,0.01,70982.69,1776016163000
1776016165.124,265.124,0.04,0.05,0.95,0.96,0.01,0.01,70982.69,1776016163000
1776016165.493,265.493,0.04,0.05,0.95,0.96,0.01,0.01,70982.64,1776016164000
1776016166.055,266.055,0.05,0.06,0.94,0.95,0.01,0.01,70982.64,1776016164000
1776016166.444,266.444,0.05,0.06,0.94,0.95,0.01,0.01,70982.64,1776016165000
1776016166.876,266.876,0.05,0.07,0.93,0.94,0.02,0.01,70982.64,1776016165000
1776016167.29,267.29,0.05,0.06,0.94,0.95,0.01,0.01,70982.69,1776016166000
1776016167.632,267.632,0.06,0.07,0.94,0.95,0.01,0.01,70982.69,1776016166000
1776016167.986,267.986,0.05,0.06,0.94,0.95,0.01,0.01,70982.69,1776016166000
1776016168.38,268.38,0.06,0.07,0.93,0.94,0.01,0.01,70982.73,1776016167000
1776016168.729,268.729,0.05,0.07,0.94,0.95,0.02,0.01,70982.73,1776016167000
1776016169.241,269.241,0.06,0.07,0.93,0.95,0.01,0.02,70982.73,1776016167000
1776016169.853,269.853,0.05,0.09,0.94,0.95,0.04,0.01,70982.73,1776016168000
1776016170.406,270.406,0.05,0.06,0.93,0.95,0.01,0.02,70982.73,1776016169000
1776016170.776,270.776,0.05,0.06,0.94,0.95,0.01,0.01,70982.73,1776016169000
1776016171.145,271.145,0.05,0.06,0.94,0.95,0.01,0.01,70982.53,1776016170000
1776016171.507,271.507,0.04,0.06,0.93,0.96,0.02,0.03,70982.53,1776016170000
1776016171.93,271.93,0.03,0.06,0.94,0.97,0.03,0.03,70982.53,1776016170000
1776016172.279,272.279,0.04,0.05,0.94,0.96,0.01,0.02,70982.53,1776016170000
1776016172.641,272.641,0.03,0.05,0.95,0.96,0.02,0.01,70982.53,1776016171000
1776016173.115,273.115,0.04,0.05,0.95,0.96,0.01,0.01,70982.53,1776016171000
1776016173.501,273.501,0.04,0.05,0.95,0.96,0.01,0.01,70982.53,1776016171000
1776016173.836,273.836,0.04,0.15,0.95,0.96,0.11,0.01,70982.53,1776016171000
1776016174.278,274.278,0.03,0.05,0.95,0.96,0.02,0.01,70982.16,1776016173000
1776016174.735,274.735,0.02,0.03,0.95,0.98,0.01,0.03,70982.16,1776016173000
1776016175.085,275.085,0.1,0.12,0.88,0.9,0.02,0.02,70982.23,1776016174000
1776016175.426,275.426,0.03,0.07,0.9,0.94,0.04,0.04,70982.23,1776016174000
1776016175.78,275.78,0.03,0.04,0.96,0.97,0.01,0.01,70982.23,1776016174000
1776016176.114,276.114,0.03,0.04,0.96,0.97,0.01,0.01,70982.23,1776016174000
1776016176.609,276.609,0.03,0.04,0.96,0.97,0.01,0.01,70982.29,1776016175000
1776016177.158,277.158,0.03,0.04,0.96,0.98,0.01,0.02,70982.29,1776016175000
1776016177.531,277.531,0.03,0.04,0.96,0.97,0.01,0.01,70982.31,1776016176000
1776016177.908,277.908,0.03,0.04,0.95,0.98,0.01,0.03,70982.31,1776016176000
1776016178.39,278.39,0.02,0.04,0.96,0.98,0.02,0.02,70982.31,1776016176000
1776016178.726,278.726,0.02,0.05,0.96,0.98,0.03,0.02,70982.31,1776016177000
1776016179.084,279.084,0.02,0.05,0.97,0.98,0.03,0.01,70982.31,1776016178000
1776016179.526,279.526,0.03,0.04,0.96,0.97,0.01,0.01,70982.31,1776016178000
1776016179.875,279.875,0.02,0.04,0.96,0.97,0.02,0.01,70982.31,1776016178000
1776016180.232,280.232,0.04,0.05,0.95,0.96,0.01,0.01,70982.08,1776016179000
1776016180.597,280.597,0.02,0.04,0.95,0.97,0.02,0.02,70982.08,1776016179000
1776016181.04,281.04,0.03,0.04,0.96,0.98,0.01,0.02,70982.08,1776016180000
1776016181.476,281.476,0.02,0.06,0.94,0.98,0.04,0.04,70982.08,1776016180000
1776016181.979,281.979,0.07,0.08,0.92,0.97,0.01,0.05,70982.08,1776016180000
1776016182.39,282.39,0.06,0.07,0.93,0.94,0.01,0.01,70982.08,1776016180000
1776016182.767,282.767,0.03,0.04,0.93,0.98,0.01,0.05,70981.89,1776016181000
1776016183.186,283.186,0.03,0.06,0.96,0.97,0.03,0.01,70981.89,1776016181000
1776016183.61,283.61,0.05,0.07,0.95,0.99,0.02,0.04,70982.4,1776016182000
1776016183.954,283.954,0.32,0.33,0.67,0.68,0.01,0.01,70982.4,1776016182000
1776016184.3,284.3,0.37,0.39,0.62,0.63,0.02,0.01,70982.49,1776016183000
1776016184.676,284.676,0.32,0.33,0.66,0.68,0.01,0.02,70982.49,1776016183000
1776016185.019,285.019,0.31,0.32,0.68,0.69,0.01,0.01,70982.49,1776016183000
1776016185.383,285.383,0.36,0.37,0.63,0.64,0.01,0.01,70988.28,1776016184000
1776016185.779,285.779,0.38,0.4,0.6,0.62,0.02,0.02,70988.28,1776016184000
1776016186.129,286.129,0.38,0.4,0.61,0.7,0.02,0.09,70988.28,1776016184000
1776016186.594,286.594,0.39,0.41,0.59,0.62,0.02,0.03,71000.95,1776016185000
1776016187.022,287.022,0.34,0.37,0.62,0.83,0.03,0.21,71000.95,1776016185000
1776016187.357,287.357,0.27,0.29,0.72,0.74,0.02,0.02,71000.95,1776016185000
1776016187.735,287.735,0.33,0.34,0.69,0.71,0.01,0.02,71003.29,1776016186000
1776016188.137,288.137,0.41,0.45,0.55,0.59,0.04,0.04,71003.29,1776016186000
1776016188.486,288.486,0.53,0.6,0.4,0.48,0.07,0.08,71003.11,1776016187000
1776016188.823,288.823,0.59,0.6,0.4,0.41,0.01,0.01,71003.11,1776016187000
1776016189.161,289.161,0.59,0.6,0.4,0.41,0.01,0.01,71003.11,1776016187000
1776016189.499,289.499,0.69,0.7,0.3,0.32,0.01,0.02,71003.11,1776016187000
1776016189.839,289.839,0.69,0.7,0.3,0.31,0.01,0.01,71003.75,1776016188000
1776016190.654,290.654,0.69,0.71,0.29,0.31,0.02,0.02,71003.75,1776016188000
1776016190.992,290.992,0.78,0.79,0.21,0.22,0.01,0.01,71015.65,1776016189000
1776016191.358,291.358,0.65,0.8,0.2,0.21,0.15,0.01,71015.65,1776016189000
1776016191.692,291.692,0.73,0.78,0.24,0.27,0.05,0.03,71015.65,1776016189000
1776016192.052,292.052,0.77,0.78,0.22,0.35,0.01,0.13,71015.65,1776016189000
1776016192.43,292.43,0.72,0.73,0.26,0.31,0.01,0.05,71017.04,1776016190000
1776016192.791,292.791,0.72,0.73,0.27,0.28,0.01,0.01,71017.04,1776016190000
1776016193.128,293.128,0.72,0.73,0.27,0.28,0.01,0.01,71017.71,1776016191000
1776016193.466,293.466,0.72,0.73,0.27,0.28,0.01,0.01,71018.63,1776016192000
1776016193.814,293.814,0.77,0.78,0.22,0.23,0.01,0.01,71018.63,1776016192000
1776016194.147,294.147,0.82,0.85,0.16,0.18,0.03,0.02,71018.63,1776016192000
1776016194.493,294.493,0.88,0.89,0.11,0.12,0.01,0.01,71018.63,1776016192000
1776016194.897,294.897,0.88,0.89,0.11,0.12,0.01,0.01,71018.63,1776016192000
1776016195.234,295.234,0.88,0.89,0.11,0.12,0.01,0.01,71019.13,1776016193000
1776016195.584,295.584,0.87,0.89,0.11,0.14,0.02,0.03,71019.13,1776016193000
1776016195.937,295.937,0.75,0.85,0.15,0.16,0.1,0.01,71019.13,1776016193000
1776016196.296,296.296,0.79,0.8,0.2,0.21,0.01,0.01,71020.49,1776016194000
1776016196.66,296.66,0.8,0.81,0.19,0.2,0.01,0.01,71020.49,1776016194000
1776016197.053,297.053,0.78,0.86,0.21,0.22,0.08,0.01,71042.18,1776016195000
1776016197.406,297.406,0.86,0.87,0.13,0.14,0.01,0.01,71042.18,1776016195000
1776016197.769,297.769,0.84,0.9,0.13,0.15,0.06,0.02,71042.43,1776016196000
1776016198.112,298.112,0.81,0.82,0.18,0.19,0.01,0.01,71042.43,1776016196000
1776016198.452,298.452,0.88,0.89,0.1,0.14,0.01,0.04,71042.43,1776016196000
1776016198.827,298.827,0.85,0.88,0.09,0.14,0.03,0.05,71042.43,1776016196000
1776016199.179,299.179,0.83,0.85,0.15,0.17,0.02,0.02,71042.32,1776016197000
1776016199.518,299.518,0.83,0.92,0.09,0.1,0.09,0.01,71042.32,1776016197000
1776016199.877,299.877,0.92,0.93,0.07,0.08,0.01,0.01,71042.32,1776016197000
1776016200.214,300.214,0.93,0.95,0.06,0.07,0.02,0.01,71042.32,1776016198000
1776016200.609,300.609,0.94,0.95,0.05,0.06,0.01,0.01,71042.32,1776016198000
1776016200.95,300.95,0.9,0.93,0.06,0.12,0.03,0.06,71042.32,1776016198000
1776016201.444,301.444,0.91,0.95,0.05,0.09,0.04,0.04,71041.24,1776016199000
1776016202.152,302.152,0.91,0.95,0.05,0.09,0.04,0.04,71041.14,1776016200000

# RESULT,winner=Up,slug=btc-updown-5m-1776015900,ticks=758
