timestamp,elapsed_sec,up_bid,up_ask,down_bid,down_ask,up_spread,down_spread,btc_price,btc_oracle_ts
1776640500.705,0.705,0.51,0.52,0.48,0.49,0.01,0.01,74049.15,1776640499000
1776640501.042,1.042,0.5,0.51,0.48,0.49,0.01,0.01,74049.15,1776640499000
1776640501.389,1.389,0.5,0.51,0.49,0.5,0.01,0.01,74049.14,1776640500000
1776640501.827,1.827,0.5,0.51,0.49,0.5,0.01,0.01,74049.14,1776640500000
1776640502.195,2.195,0.45,0.46,0.5,0.53,0.01,0.03,74049.86,1776640501000
1776640502.671,2.671,0.42,0.43,0.57,0.58,0.01,0.01,74049.86,1776640501000
1776640503.06,3.06,0.42,0.43,0.57,0.58,0.01,0.01,74049.86,1776640501000
1776640503.538,3.538,0.42,0.43,0.57,0.58,0.01,0.01,74049.39,1776640502000
1776640503.967,3.967,0.42,0.43,0.57,0.58,0.01,0.01,74049.39,1776640502000
1776640504.304,4.304,0.41,0.42,0.57,0.59,0.01,0.02,74037.49,1776640503000
1776640504.658,4.658,0.41,0.42,0.58,0.59,0.01,0.01,74037.49,1776640503000
1776640505.117,5.117,0.41,0.43,0.57,0.59,0.02,0.02,74034.08,1776640504000
1776640505.458,5.458,0.41,0.42,0.58,0.59,0.01,0.01,74034.08,1776640504000
1776640505.823,5.823,0.41,0.42,0.58,0.59,0.01,0.01,74034.08,1776640504000
1776640506.198,6.198,0.41,0.42,0.58,0.59,0.01,0.01,74033.25,1776640505000
1776640506.861,6.861,0.41,0.42,0.58,0.59,0.01,0.01,74033.25,1776640505000
1776640507.487,7.487,0.41,0.42,0.58,0.59,0.01,0.01,74033.01,1776640506000
1776640507.953,7.953,0.41,0.42,0.58,0.59,0.01,0.01,74033.01,1776640506000
1776640508.31,8.31,0.41,0.42,0.58,0.59,0.01,0.01,74033.25,1776640507000
1776640508.761,8.761,0.41,0.42,0.58,0.59,0.01,0.01,74033.25,1776640507000
1776640509.115,9.115,0.41,0.42,0.58,0.59,0.01,0.01,74033.25,1776640507000
1776640509.543,9.543,0.41,0.42,0.58,0.59,0.01,0.01,74033.25,1776640508000
1776640509.911,9.911,0.34,0.36,0.62,0.65,0.02,0.03,74033.25,1776640508000
1776640510.275,10.275,0.35,0.36,0.64,0.65,0.01,0.01,74033.25,1776640508000
1776640510.617,10.617,0.35,0.36,0.64,0.65,0.01,0.01,74033.25,1776640508000
1776640510.959,10.959,0.35,0.36,0.64,0.65,0.01,0.01,74033.25,1776640508000
1776640511.309,11.309,0.34,0.35,0.64,0.65,0.01,0.01,74033.17,1776640509000
1776640511.648,11.648,0.34,0.35,0.65,0.66,0.01,0.01,74033.17,1776640509000
1776640512.054,12.054,0.34,0.35,0.65,0.66,0.01,0.01,74022.9,1776640510000
1776640512.391,12.391,0.34,0.35,0.65,0.66,0.01,0.01,74022.9,1776640510000
1776640512.829,12.829,0.34,0.35,0.65,0.66,0.01,0.01,74020.31,1776640511000
1776640513.273,13.273,0.32,0.33,0.67,0.68,0.01,0.01,74016.97,1776640512000
1776640513.607,13.607,0.28,0.34,0.66,0.72,0.06,0.06,74016.97,1776640512000
1776640513.945,13.945,0.21,0.25,0.75,0.79,0.04,0.04,74016.97,1776640512000
1776640514.312,14.312,0.21,0.24,0.73,0.79,0.03,0.06,74016.97,1776640512000
1776640514.666,14.666,0.22,0.23,0.77,0.78,0.01,0.01,74016.97,1776640512000
1776640514.999,14.999,0.22,0.23,0.77,0.79,0.01,0.02,74013.74,1776640513000
1776640515.352,15.352,0.22,0.23,0.77,0.78,0.01,0.01,74013.74,1776640513000
1776640515.691,15.691,0.22,0.23,0.77,0.78,0.01,0.01,73976.91,1776640514000
1776640516.058,16.058,0.21,0.22,0.78,0.79,0.01,0.01,73976.91,1776640514000
1776640516.43,16.43,0.21,0.22,0.78,0.79,0.01,0.01,73975.12,1776640515000
1776640516.771,16.771,0.21,0.22,0.78,0.79,0.01,0.01,73975.12,1776640515000
1776640517.138,17.138,0.21,0.22,0.78,0.79,0.01,0.01,73975.12,1776640515000
1776640517.548,17.548,0.21,0.22,0.78,0.79,0.01,0.01,73975.12,1776640515000
1776640517.941,17.941,0.21,0.22,0.78,0.79,0.01,0.01,73970.93,1776640516000
1776640518.302,18.302,0.21,0.22,0.78,0.79,0.01,0.01,73970.52,1776640517000
1776640518.698,18.698,0.21,0.22,0.78,0.79,0.01,0.01,73970.52,1776640517000
1776640519.036,19.036,0.17,0.2,0.8,0.83,0.03,0.03,73970.52,1776640517000
1776640519.398,19.398,0.16,0.17,0.83,0.84,0.01,0.01,73970.52,1776640517000
1776640519.735,19.735,0.16,0.17,0.83,0.84,0.01,0.01,73971.92,1776640518000
1776640520.164,20.164,0.16,0.17,0.83,0.84,0.01,0.01,73971.92,1776640518000
1776640520.506,20.506,0.16,0.17,0.83,0.84,0.01,0.01,73970.18,1776640519000
1776640520.85,20.85,0.16,0.17,0.83,0.84,0.01,0.01,73970.18,1776640519000
1776640521.204,21.204,0.16,0.17,0.83,0.84,0.01,0.01,73970.18,1776640519000
1776640521.621,21.621,0.16,0.17,0.83,0.84,0.01,0.01,73955.41,1776640520000
1776640521.981,21.981,0.16,0.17,0.83,0.84,0.01,0.01,73955.41,1776640520000
1776640522.344,22.344,0.16,0.17,0.83,0.84,0.01,0.01,73954.06,1776640521000
1776640522.687,22.687,0.16,0.17,0.83,0.84,0.01,0.01,73954.06,1776640521000
1776640523.065,23.065,0.16,0.17,0.83,0.84,0.01,0.01,73954.06,1776640521000
1776640523.667,23.667,0.16,0.17,0.83,0.84,0.01,0.01,73954.06,1776640521000
1776640524.006,24.006,0.16,0.17,0.83,0.84,0.01,0.01,73952.72,1776640522000
1776640524.494,24.494,0.14,0.15,0.85,0.86,0.01,0.01,73952.72,1776640522000
1776640524.836,24.836,0.14,0.15,0.85,0.86,0.01,0.01,73951.65,1776640523000
1776640525.171,25.171,0.12,0.13,0.86,0.87,0.01,0.01,73951.65,1776640523000
1776640525.526,25.526,0.11,0.12,0.88,0.89,0.01,0.01,73947.96,1776640524000
1776640525.862,25.862,0.11,0.12,0.88,0.89,0.01,0.01,73947.96,1776640524000
1776640526.237,26.237,0.11,0.12,0.88,0.89,0.01,0.01,73947.96,1776640524000
1776640526.587,26.587,0.11,0.12,0.88,0.89,0.01,0.01,73947.96,1776640524000
1776640526.968,26.968,0.11,0.12,0.88,0.89,0.01,0.01,73931.01,1776640525000
1776640527.337,27.337,0.11,0.12,0.88,0.89,0.01,0.01,73931.01,1776640525000
1776640527.707,27.707,0.11,0.12,0.88,0.89,0.01,0.01,73931.01,1776640525000
1776640528.053,28.053,0.11,0.12,0.88,0.89,0.01,0.01,73921.6,1776640526000
1776640528.404,28.404,0.12,0.13,0.87,0.88,0.01,0.01,73921.38,1776640527000
1776640528.82,28.82,0.12,0.13,0.87,0.88,0.01,0.01,73921.38,1776640527000
1776640529.242,29.242,0.12,0.13,0.87,0.88,0.01,0.01,73921.38,1776640527000
1776640529.707,29.707,0.12,0.13,0.87,0.88,0.01,0.01,73920.04,1776640528000
1776640530.046,30.046,0.12,0.13,0.87,0.88,0.01,0.01,73920.04,1776640528000
1776640530.458,30.458,0.12,0.13,0.87,0.88,0.01,0.01,73920.04,1776640528000
1776640530.798,30.798,0.12,0.13,0.87,0.88,0.01,0.01,73920.04,1776640528000
1776640531.194,31.194,0.12,0.13,0.87,0.88,0.01,0.01,73927.14,1776640529000
1776640531.611,31.611,0.12,0.13,0.87,0.88,0.01,0.01,73925.95,1776640530000
1776640532.008,32.008,0.12,0.13,0.87,0.88,0.01,0.01,73925.52,1776640531000
1776640532.565,32.565,0.11,0.12,0.87,0.88,0.01,0.01,73925.52,1776640531000
1776640532.901,32.901,0.11,0.12,0.88,0.89,0.01,0.01,73925.52,1776640531000
1776640533.266,33.266,0.12,0.13,0.87,0.88,0.01,0.01,73925.52,1776640531000
1776640533.707,33.707,0.12,0.13,0.87,0.88,0.01,0.01,73924.52,1776640532000
1776640534.083,34.083,0.12,0.13,0.87,0.88,0.01,0.01,73924.52,1776640532000
1776640534.532,34.532,0.12,0.13,0.87,0.88,0.01,0.01,73923.48,1776640533000
1776640534.871,34.871,0.12,0.13,0.87,0.88,0.01,0.01,73923.48,1776640533000
1776640535.294,35.294,0.12,0.13,0.87,0.88,0.01,0.01,73923.04,1776640534000
1776640535.917,35.917,0.12,0.13,0.87,0.88,0.01,0.01,73923.04,1776640534000
1776640536.326,36.326,0.12,0.13,0.87,0.88,0.01,0.01,73923.04,1776640535000
1776640536.679,36.679,0.12,0.13,0.87,0.88,0.01,0.01,73923.04,1776640535000
1776640537.111,37.111,0.12,0.13,0.87,0.88,0.01,0.01,73923.04,1776640535000
1776640537.463,37.463,0.11,0.12,0.88,0.89,0.01,0.01,73923.04,1776640535000
1776640537.833,37.833,0.11,0.12,0.88,0.89,0.01,0.01,73923.66,1776640536000
1776640538.172,38.172,0.11,0.12,0.88,0.89,0.01,0.01,73923.66,1776640536000
1776640538.578,38.578,0.1,0.11,0.89,0.9,0.01,0.01,73921.82,1776640537000
1776640538.918,38.918,0.1,0.11,0.89,0.9,0.01,0.01,73921.82,1776640537000
1776640539.334,39.334,0.11,0.12,0.88,0.9,0.01,0.02,73921.82,1776640537000
1776640539.674,39.674,0.11,0.12,0.88,0.89,0.01,0.01,73910.78,1776640538000
1776640540.068,40.068,0.11,0.12,0.88,0.89,0.01,0.01,73910.78,1776640538000
1776640540.435,40.435,0.11,0.12,0.87,0.89,0.01,0.02,73908.41,1776640539000
1776640540.901,40.901,0.11,0.12,0.88,0.89,0.01,0.01,73908.41,1776640539000
1776640541.278,41.278,0.11,0.12,0.88,0.89,0.01,0.01,73909.49,1776640540000
1776640541.613,41.613,0.11,0.12,0.88,0.89,0.01,0.01,73909.49,1776640540000
1776640542.199,42.199,0.11,0.12,0.88,0.89,0.01,0.01,73909.49,1776640540000
1776640542.639,42.639,0.11,0.12,0.88,0.89,0.01,0.01,73909.24,1776640541000
1776640542.979,42.979,0.11,0.12,0.88,0.89,0.01,0.01,73909.24,1776640541000
1776640543.414,43.414,0.12,0.13,0.87,0.89,0.01,0.02,73909.24,1776640541000
1776640543.774,43.774,0.12,0.13,0.87,0.88,0.01,0.01,73910.74,1776640542000
1776640544.109,44.109,0.12,0.13,0.87,0.88,0.01,0.01,73914.39,1776640543000
1776640544.572,44.572,0.12,0.13,0.87,0.88,0.01,0.01,73914.39,1776640543000
1776640544.927,44.927,0.12,0.13,0.87,0.88,0.01,0.01,73914.39,1776640543000
1776640545.536,45.536,0.12,0.13,0.87,0.88,0.01,0.01,73918.23,1776640544000
1776640545.948,45.948,0.12,0.13,0.87,0.88,0.01,0.01,73918.23,1776640544000
1776640546.603,46.603,0.12,0.13,0.87,0.88,0.01,0.01,73919.35,1776640545000
1776640546.985,46.985,0.12,0.13,0.87,0.88,0.01,0.01,73919.35,1776640545000
1776640547.363,47.363,0.12,0.13,0.87,0.88,0.01,0.01,73919.99,1776640546000
1776640547.832,47.832,0.12,0.13,0.87,0.88,0.01,0.01,73919.99,1776640546000
1776640548.178,48.178,0.12,0.13,0.87,0.88,0.01,0.01,73919.99,1776640546000
1776640548.525,48.525,0.12,0.13,0.87,0.88,0.01,0.01,73920.45,1776640547000
1776640549.106,49.106,0.12,0.13,0.87,0.88,0.01,0.01,73920.45,1776640547000
1776640549.446,49.446,0.1,0.11,0.88,0.9,0.01,0.02,73920.45,1776640547000
1776640549.874,49.874,0.1,0.11,0.89,0.9,0.01,0.01,73920.12,1776640548000
1776640550.222,50.222,0.1,0.11,0.89,0.9,0.01,0.01,73920.12,1776640548000
1776640550.557,50.557,0.1,0.11,0.89,0.9,0.01,0.01,73920.12,1776640548000
1776640551.138,51.138,0.1,0.11,0.89,0.9,0.01,0.01,73920.12,1776640549000
1776640551.557,51.557,0.1,0.11,0.89,0.9,0.01,0.01,73915.84,1776640550000
1776640551.897,51.897,0.09,0.1,0.9,0.91,0.01,0.01,73915.84,1776640550000
1776640552.309,52.309,0.09,0.1,0.9,0.91,0.01,0.01,73915.84,1776640550000
1776640552.643,52.643,0.09,0.1,0.9,0.91,0.01,0.01,73913.45,1776640551000
1776640553.06,53.06,0.08,0.09,0.9,0.91,0.01,0.01,73913.45,1776640552000
1776640553.559,53.559,0.08,0.09,0.91,0.92,0.01,0.01,73913.45,1776640552000
1776640554.031,54.031,0.08,0.09,0.91,0.92,0.01,0.01,73913.45,1776640552000
1776640554.599,54.599,0.08,0.09,0.91,0.92,0.01,0.01,73887.45,1776640553000
1776640555.043,55.043,0.08,0.09,0.91,0.92,0.01,0.01,73887.45,1776640553000
1776640555.388,55.388,0.08,0.09,0.91,0.92,0.01,0.01,73884.97,1776640554000
1776640555.767,55.767,0.08,0.09,0.91,0.92,0.01,0.01,73884.97,1776640554000
1776640556.363,56.363,0.08,0.09,0.91,0.92,0.01,0.01,73888.35,1776640555000
1776640556.697,56.697,0.08,0.09,0.91,0.92,0.01,0.01,73888.35,1776640555000
1776640557.168,57.168,0.08,0.09,0.91,0.92,0.01,0.01,73888.35,1776640556000
1776640557.573,57.573,0.08,0.09,0.91,0.92,0.01,0.01,73888.35,1776640556000
1776640557.916,57.916,0.09,0.1,0.9,0.91,0.01,0.01,73888.35,1776640556000
1776640558.252,58.252,0.09,0.1,0.9,0.91,0.01,0.01,73888.35,1776640556000
1776640558.6,58.6,0.09,0.1,0.9,0.91,0.01,0.01,73885.07,1776640557000
1776640559.005,59.005,0.09,0.1,0.9,0.91,0.01,0.01,73885.07,1776640557000
1776640559.403,59.403,0.09,0.1,0.9,0.91,0.01,0.01,73885.81,1776640558000
1776640559.969,59.969,0.09,0.1,0.9,0.91,0.01,0.01,73885.81,1776640558000
1776640560.423,60.423,0.09,0.1,0.9,0.91,0.01,0.01,73896.33,1776640559000
1776640560.777,60.777,0.09,0.1,0.9,0.91,0.01,0.01,73896.33,1776640559000
1776640561.209,61.209,0.08,0.09,0.91,0.92,0.01,0.01,73899.49,1776640560000
1776640561.696,61.696,0.08,0.09,0.91,0.92,0.01,0.01,73899.49,1776640560000
1776640562.047,62.047,0.08,0.09,0.91,0.92,0.01,0.01,73899.49,1776640560000
1776640562.454,62.454,0.08,0.09,0.91,0.92,0.01,0.01,73899.85,1776640561000
1776640562.829,62.829,0.08,0.09,0.91,0.92,0.01,0.01,73899.85,1776640561000
1776640563.284,63.284,0.08,0.09,0.91,0.92,0.01,0.01,73899.44,1776640562000
1776640563.644,63.644,0.08,0.09,0.91,0.92,0.01,0.01,73899.44,1776640562000
1776640564.001,64.001,0.1,0.11,0.89,0.9,0.01,0.01,73899.44,1776640562000
1776640564.335,64.335,0.1,0.11,0.89,0.9,0.01,0.01,73901.11,1776640563000
1776640564.687,64.687,0.09,0.11,0.89,0.9,0.02,0.01,73901.11,1776640563000
1776640565.071,65.071,0.09,0.1,0.9,0.91,0.01,0.01,73902.4,1776640564000
1776640565.455,65.455,0.09,0.1,0.9,0.91,0.01,0.01,73902.4,1776640564000
1776640565.841,65.841,0.09,0.1,0.9,0.91,0.01,0.01,73902.4,1776640564000
1776640566.211,66.211,0.09,0.1,0.9,0.91,0.01,0.01,73901.94,1776640565000
1776640566.663,66.663,0.09,0.1,0.9,0.91,0.01,0.01,73901.94,1776640565000
1776640567.182,67.182,0.09,0.1,0.9,0.91,0.01,0.01,73899.89,1776640566000
1776640567.615,67.615,0.09,0.1,0.9,0.91,0.01,0.01,73899.89,1776640566000
1776640568.141,68.141,0.09,0.1,0.9,0.91,0.01,0.01,73901.34,1776640567000
1776640568.744,68.744,0.09,0.1,0.9,0.91,0.01,0.01,73901.34,1776640567000
1776640569.166,69.166,0.08,0.09,0.91,0.92,0.01,0.01,73901.22,1776640568000
1776640569.554,69.554,0.08,0.09,0.91,0.92,0.01,0.01,73901.22,1776640568000
1776640569.919,69.919,0.08,0.09,0.91,0.92,0.01,0.01,73901.22,1776640568000
1776640570.333,70.333,0.07,0.09,0.91,0.92,0.02,0.01,73902.02,1776640569000
1776640570.74,70.74,0.07,0.08,0.92,0.93,0.01,0.01,73902.02,1776640569000
1776640571.099,71.099,0.07,0.08,0.92,0.93,0.01,0.01,73902.02,1776640569000
1776640571.499,71.499,0.07,0.08,0.92,0.93,0.01,0.01,73896.4,1776640570000
1776640571.861,71.861,0.07,0.08,0.92,0.93,0.01,0.01,73896.4,1776640570000
1776640572.2,72.2,0.07,0.08,0.92,0.93,0.01,0.01,73892.83,1776640571000
1776640572.548,72.548,0.06,0.07,0.93,0.94,0.01,0.01,73892.83,1776640571000
1776640572.92,72.92,0.06,0.07,0.93,0.94,0.01,0.01,73892.83,1776640571000
1776640573.262,73.262,0.06,0.07,0.93,0.94,0.01,0.01,73892.83,1776640571000
1776640573.719,73.719,0.05,0.06,0.94,0.95,0.01,0.01,73888.28,1776640572000
1776640574.088,74.088,0.05,0.06,0.94,0.95,0.01,0.01,73888.28,1776640572000
1776640574.427,74.427,0.05,0.06,0.94,0.95,0.01,0.01,73888.28,1776640572000
1776640574.762,74.762,0.05,0.06,0.94,0.95,0.01,0.01,73867.85,1776640573000
1776640575.095,75.095,0.05,0.06,0.94,0.95,0.01,0.01,73867.85,1776640573000
1776640575.449,75.449,0.05,0.06,0.94,0.95,0.01,0.01,73866.02,1776640574000
1776640575.977,75.977,0.05,0.06,0.94,0.95,0.01,0.01,73866.02,1776640574000
1776640576.376,76.376,0.05,0.06,0.94,0.95,0.01,0.01,73866.02,1776640574000
1776640576.754,76.754,0.05,0.06,0.94,0.95,0.01,0.01,73860.92,1776640575000
1776640577.154,77.154,0.05,0.06,0.94,0.95,0.01,0.01,73858.99,1776640576000
1776640577.599,77.599,0.05,0.06,0.94,0.95,0.01,0.01,73858.99,1776640576000
1776640578.03,78.03,0.05,0.06,0.94,0.95,0.01,0.01,73858.99,1776640576000
1776640578.378,78.378,0.05,0.06,0.94,0.95,0.01,0.01,73855.55,1776640577000
1776640578.744,78.744,0.05,0.06,0.94,0.95,0.01,0.01,73855.55,1776640577000
1776640579.503,79.503,0.05,0.06,0.94,0.95,0.01,0.01,73856.58,1776640578000
1776640579.911,79.911,0.05,0.06,0.94,0.95,0.01,0.01,73856.58,1776640578000
1776640580.506,80.506,0.04,0.05,0.95,0.96,0.01,0.01,73857.45,1776640579000
1776640580.966,80.966,0.04,0.05,0.95,0.96,0.01,0.01,73857.45,1776640579000
1776640581.406,81.406,0.04,0.05,0.95,0.96,0.01,0.01,73860.99,1776640580000
1776640581.753,81.753,0.04,0.05,0.95,0.96,0.01,0.01,73860.99,1776640580000
1776640582.403,82.403,0.04,0.05,0.95,0.96,0.01,0.01,73861.13,1776640581000
1776640582.776,82.776,0.04,0.05,0.95,0.96,0.01,0.01,73861.13,1776640581000
1776640583.149,83.149,0.04,0.05,0.95,0.96,0.01,0.01,73861.13,1776640582000
1776640583.8,83.8,0.04,0.05,0.95,0.96,0.01,0.01,73861.13,1776640582000
1776640584.186,84.186,0.04,0.05,0.95,0.96,0.01,0.01,73860.97,1776640583000
1776640584.578,84.578,0.04,0.05,0.95,0.96,0.01,0.01,73860.97,1776640583000
1776640585.249,85.249,0.04,0.05,0.95,0.96,0.01,0.01,73860.97,1776640583000
1776640585.652,85.652,0.04,0.05,0.95,0.96,0.01,0.01,73859.75,1776640584000
1776640586.019,86.019,0.04,0.05,0.95,0.96,0.01,0.01,73859.23,1776640585000
1776640586.815,86.815,0.04,0.05,0.95,0.96,0.01,0.01,73859.23,1776640585000
1776640587.356,87.356,0.04,0.05,0.95,0.96,0.01,0.01,73858.69,1776640586000
1776640587.77,87.77,0.04,0.05,0.95,0.96,0.01,0.01,73858.69,1776640586000
1776640588.164,88.164,0.04,0.05,0.95,0.96,0.01,0.01,73858.89,1776640587000
1776640588.849,88.849,0.04,0.05,0.95,0.96,0.01,0.01,73858.89,1776640587000
1776640589.191,89.191,0.05,0.06,0.94,0.95,0.01,0.01,73858.89,1776640587000
1776640589.573,89.573,0.05,0.06,0.94,0.95,0.01,0.01,73859.3,1776640588000
1776640589.951,89.951,0.05,0.06,0.94,0.95,0.01,0.01,73859.3,1776640588000
1776640590.438,90.438,0.05,0.06,0.94,0.95,0.01,0.01,73868.0,1776640589000
1776640590.787,90.787,0.05,0.06,0.94,0.95,0.01,0.01,73868.0,1776640589000
1776640591.139,91.139,0.05,0.06,0.94,0.95,0.01,0.01,73872.09,1776640590000
1776640591.483,91.483,0.05,0.06,0.94,0.95,0.01,0.01,73872.09,1776640590000
1776640591.824,91.824,0.05,0.06,0.94,0.95,0.01,0.01,73872.09,1776640590000
1776640592.191,92.191,0.05,0.06,0.94,0.95,0.01,0.01,73876.76,1776640591000
1776640592.838,92.838,0.05,0.06,0.94,0.95,0.01,0.01,73876.76,1776640591000
1776640593.23,93.23,0.05,0.06,0.94,0.95,0.01,0.01,73877.14,1776640592000
1776640593.829,93.829,0.05,0.06,0.94,0.95,0.01,0.01,73877.14,1776640592000
1776640594.183,94.183,0.05,0.06,0.94,0.95,0.01,0.01,73877.14,1776640592000
1776640594.712,94.712,0.05,0.06,0.94,0.95,0.01,0.01,73880.51,1776640593000
1776640595.225,95.225,0.06,0.07,0.93,0.94,0.01,0.01,73880.51,1776640593000
1776640595.666,95.666,0.06,0.07,0.93,0.94,0.01,0.01,73889.07,1776640594000
1776640596.224,96.224,0.06,0.07,0.93,0.94,0.01,0.01,73889.4,1776640595000
1776640596.762,96.762,0.06,0.07,0.93,0.94,0.01,0.01,73889.4,1776640595000
1776640597.285,97.285,0.06,0.07,0.93,0.94,0.01,0.01,73892.35,1776640596000
1776640597.814,97.814,0.06,0.07,0.93,0.94,0.01,0.01,73892.35,1776640596000
1776640598.179,98.179,0.06,0.07,0.93,0.94,0.01,0.01,73892.35,1776640596000
1776640598.689,98.689,0.06,0.07,0.93,0.94,0.01,0.01,73893.13,1776640597000
1776640599.028,99.028,0.06,0.07,0.93,0.94,0.01,0.01,73893.31,1776640598000
1776640599.643,99.643,0.06,0.07,0.93,0.94,0.01,0.01,73893.31,1776640598000
1776640600.001,100.001,0.06,0.07,0.93,0.94,0.01,0.01,73897.23,1776640599000
1776640600.369,100.369,0.06,0.07,0.93,0.94,0.01,0.01,73897.23,1776640599000
1776640600.703,100.703,0.06,0.07,0.93,0.94,0.01,0.01,73897.23,1776640599000
1776640601.389,101.389,0.05,0.06,0.93,0.94,0.01,0.01,73897.23,1776640599000
1776640602.026,102.026,0.05,0.06,0.94,0.95,0.01,0.01,73905.45,1776640600000
1776640602.67,102.67,0.05,0.06,0.94,0.95,0.01,0.01,73901.8,1776640601000
1776640603.047,103.047,0.05,0.06,0.94,0.95,0.01,0.01,73901.8,1776640601000
1776640603.455,103.455,0.05,0.06,0.94,0.95,0.01,0.01,73898.94,1776640602000
1776640603.864,103.864,0.05,0.06,0.94,0.95,0.01,0.01,73898.94,1776640602000
1776640604.317,104.317,0.05,0.06,0.94,0.95,0.01,0.01,73898.94,1776640603000
1776640605.151,105.151,0.05,0.06,0.94,0.95,0.01,0.01,73899.65,1776640604000
1776640605.745,105.745,0.05,0.06,0.94,0.95,0.01,0.01,73899.65,1776640604000
1776640606.215,106.215,0.05,0.06,0.94,0.95,0.01,0.01,73899.19,1776640605000
1776640606.581,106.581,0.05,0.06,0.94,0.95,0.01,0.01,73899.19,1776640605000
1776640607.037,107.037,0.04,0.05,0.94,0.96,0.01,0.02,73899.19,1776640605000
1776640607.378,107.378,0.04,0.05,0.95,0.96,0.01,0.01,73899.83,1776640606000
1776640607.735,107.735,0.03,0.04,0.96,0.97,0.01,0.01,73899.83,1776640606000
1776640608.13,108.13,0.03,0.04,0.96,0.97,0.01,0.01,73899.83,1776640606000
1776640608.492,108.492,0.03,0.04,0.96,0.97,0.01,0.01,73899.83,1776640606000
1776640608.913,108.913,0.03,0.04,0.96,0.97,0.01,0.01,73882.58,1776640607000
1776640609.355,109.355,0.03,0.04,0.96,0.97,0.01,0.01,73866.32,1776640608000
1776640609.695,109.695,0.03,0.04,0.96,0.97,0.01,0.01,73866.32,1776640608000
1776640610.034,110.034,0.03,0.04,0.96,0.97,0.01,0.01,73866.32,1776640608000
1776640610.391,110.391,0.03,0.04,0.96,0.97,0.01,0.01,73864.26,1776640609000
1776640610.792,110.792,0.03,0.04,0.96,0.97,0.01,0.01,73864.26,1776640609000
1776640611.186,111.186,0.03,0.04,0.96,0.97,0.01,0.01,73864.26,1776640609000
1776640611.617,111.617,0.03,0.04,0.96,0.97,0.01,0.01,73864.63,1776640610000
1776640612.358,112.358,0.03,0.04,0.96,0.97,0.01,0.01,73867.18,1776640611000
1776640612.934,112.934,0.03,0.04,0.96,0.97,0.01,0.01,73867.18,1776640611000
1776640613.475,113.475,0.03,0.04,0.96,0.97,0.01,0.01,73864.4,1776640612000
1776640613.942,113.942,0.03,0.04,0.96,0.97,0.01,0.01,73864.4,1776640612000
1776640614.398,114.398,0.03,0.04,0.96,0.97,0.01,0.01,73861.71,1776640613000
1776640614.8,114.8,0.03,0.04,0.96,0.97,0.01,0.01,73861.71,1776640613000
1776640615.187,115.187,0.03,0.04,0.96,0.97,0.01,0.01,73861.69,1776640614000
1776640615.945,115.945,0.03,0.04,0.96,0.97,0.01,0.01,73861.69,1776640614000
1776640616.359,116.359,0.03,0.04,0.96,0.97,0.01,0.01,73863.89,1776640615000
1776640616.97,116.97,0.03,0.04,0.96,0.97,0.01,0.01,73863.89,1776640615000
1776640617.403,117.403,0.03,0.04,0.96,0.97,0.01,0.01,73863.89,1776640615000
1776640617.919,117.919,0.03,0.04,0.96,0.97,0.01,0.01,73868.34,1776640616000
1776640618.267,118.267,0.03,0.04,0.96,0.97,0.01,0.01,73868.44,1776640617000
1776640618.845,118.845,0.03,0.04,0.96,0.97,0.01,0.01,73868.44,1776640617000
1776640619.204,119.204,0.03,0.04,0.96,0.97,0.01,0.01,73868.44,1776640617000
1776640619.582,119.582,0.03,0.04,0.96,0.97,0.01,0.01,73868.37,1776640618000
1776640619.924,119.924,0.03,0.04,0.96,0.97,0.01,0.01,73868.37,1776640618000
1776640620.27,120.27,0.03,0.04,0.96,0.97,0.01,0.01,73868.37,1776640618000
1776640620.604,120.604,0.03,0.04,0.96,0.97,0.01,0.01,73867.78,1776640619000
1776640620.941,120.941,0.02,0.04,0.96,0.98,0.02,0.02,73867.78,1776640619000
1776640621.283,121.283,0.02,0.03,0.97,0.98,0.01,0.01,73867.78,1776640619000
1776640621.624,121.624,0.02,0.03,0.97,0.98,0.01,0.01,73865.17,1776640620000
1776640621.983,121.983,0.02,0.03,0.97,0.98,0.01,0.01,73865.17,1776640620000
1776640622.316,122.316,0.02,0.03,0.97,0.98,0.01,0.01,73863.89,1776640621000
1776640622.965,122.965,0.02,0.03,0.97,0.98,0.01,0.01,73863.89,1776640621000
1776640623.491,123.491,0.02,0.03,0.97,0.98,0.01,0.01,73863.89,1776640621000
1776640623.964,123.964,0.02,0.03,0.97,0.98,0.01,0.01,73857.14,1776640622000
1776640624.311,124.311,0.02,0.03,0.97,0.98,0.01,0.01,73855.74,1776640623000
1776640624.881,124.881,0.02,0.03,0.97,0.98,0.01,0.01,73855.74,1776640623000
1776640625.444,125.444,0.02,0.03,0.97,0.98,0.01,0.01,73854.19,1776640624000
1776640625.956,125.956,0.02,0.03,0.97,0.98,0.01,0.01,73854.19,1776640624000
1776640626.448,126.448,0.02,0.03,0.97,0.98,0.01,0.01,73854.19,1776640624000
1776640626.914,126.914,0.02,0.03,0.97,0.98,0.01,0.01,73853.93,1776640625000
1776640627.407,127.407,0.02,0.03,0.97,0.98,0.01,0.01,73853.93,1776640625000
1776640628.004,128.004,0.02,0.03,0.97,0.98,0.01,0.01,73853.94,1776640626000
1776640628.36,128.36,0.02,0.03,0.97,0.98,0.01,0.01,73855.02,1776640627000
1776640628.904,128.904,0.02,0.03,0.97,0.98,0.01,0.01,73855.02,1776640627000
1776640629.313,129.313,0.02,0.03,0.97,0.98,0.01,0.01,73855.02,1776640627000
1776640629.745,129.745,0.02,0.04,0.97,0.98,0.02,0.01,73858.04,1776640628000
1776640630.155,130.155,0.02,0.03,0.97,0.98,0.01,0.01,73858.04,1776640629000
1776640630.546,130.546,0.02,0.03,0.97,0.98,0.01,0.01,73858.04,1776640629000
1776640631.498,131.498,0.02,0.03,0.97,0.98,0.01,0.01,73855.88,1776640630000
1776640631.903,131.903,0.02,0.03,0.97,0.98,0.01,0.01,73855.88,1776640630000
1776640632.246,132.246,0.02,0.03,0.97,0.98,0.01,0.01,73858.04,1776640631000
1776640632.612,132.612,0.02,0.03,0.97,0.98,0.01,0.01,73858.04,1776640631000
1776640633.077,133.077,0.02,0.03,0.97,0.98,0.01,0.01,73858.04,1776640631000
1776640633.545,133.545,0.02,0.03,0.97,0.98,0.01,0.01,73858.04,1776640631000
1776640633.987,133.987,0.02,0.03,0.97,0.98,0.01,0.01,73857.18,1776640632000
1776640634.379,134.379,0.02,0.03,0.97,0.98,0.01,0.01,73857.18,1776640632000
1776640634.973,134.973,0.01,0.02,0.98,0.99,0.01,0.01,73856.55,1776640633000
1776640635.345,135.345,0.01,0.02,0.98,0.99,0.01,0.01,73855.33,1776640634000
1776640635.885,135.885,0.01,0.02,0.98,0.99,0.01,0.01,73855.33,1776640634000
1776640636.4,136.4,0.01,0.02,0.98,0.99,0.01,0.01,73853.85,1776640635000
1776640636.742,136.742,0.01,0.02,0.98,0.99,0.01,0.01,73853.85,1776640635000
1776640637.084,137.084,0.01,0.02,0.98,0.99,0.01,0.01,73854.72,1776640636000
1776640637.564,137.564,0.01,0.02,0.98,0.99,0.01,0.01,73854.72,1776640636000
1776640638.197,138.197,0.01,0.02,0.98,0.99,0.01,0.01,73854.74,1776640637000
1776640638.565,138.565,0.01,0.02,0.98,0.99,0.01,0.01,73854.74,1776640637000
1776640638.972,138.972,0.01,0.02,0.98,0.99,0.01,0.01,73854.74,1776640637000
1776640639.33,139.33,0.01,0.02,0.98,0.99,0.01,0.01,73854.74,1776640637000
1776640639.796,139.796,0.01,0.02,0.98,0.99,0.01,0.01,73856.72,1776640638000
1776640640.556,140.556,0.01,0.02,0.98,0.99,0.01,0.01,73857.04,1776640639000
1776640641.156,141.156,0.01,0.02,0.98,0.99,0.01,0.01,73839.62,1776640640000
1776640641.6,141.6,0.01,0.02,0.98,0.99,0.01,0.01,73839.62,1776640640000
1776640642.033,142.033,0.01,0.02,0.98,0.99,0.01,0.01,73839.62,1776640640000
1776640642.378,142.378,0.01,0.02,0.98,0.99,0.01,0.01,73839.07,1776640641000
1776640642.732,142.732,0.01,0.02,0.98,0.99,0.01,0.01,73839.07,1776640641000
1776640643.24,143.24,0.01,0.02,0.98,0.99,0.01,0.01,73839.07,1776640641000
1776640643.889,143.889,0.01,0.02,0.98,0.99,0.01,0.01,73839.31,1776640642000
1776640644.341,144.341,0.01,0.02,0.98,0.99,0.01,0.01,73839.07,1776640643000
1776640644.782,144.782,0.01,0.02,0.98,0.99,0.01,0.01,73839.07,1776640643000
1776640645.238,145.238,0.01,0.02,0.98,0.99,0.01,0.01,73839.07,1776640643000
1776640645.59,145.59,0.01,0.02,0.98,0.99,0.01,0.01,73835.45,1776640644000
1776640646.114,146.114,0.01,0.02,0.98,0.99,0.01,0.01,73835.45,1776640644000
1776640646.485,146.485,0.01,0.02,0.98,0.99,0.01,0.01,73835.95,1776640645000
1776640646.822,146.822,0.01,0.02,0.98,0.99,0.01,0.01,73835.95,1776640645000
1776640647.298,147.298,0.01,0.02,0.98,0.99,0.01,0.01,73837.2,1776640646000
1776640647.89,147.89,0.01,0.02,0.98,0.99,0.01,0.01,73837.2,1776640646000
1776640648.259,148.259,0.01,0.02,0.98,0.99,0.01,0.01,73837.2,1776640646000
1776640648.673,148.673,0.01,0.02,0.98,0.99,0.01,0.01,73838.36,1776640647000
1776640649.521,149.521,0.01,0.02,0.98,0.99,0.01,0.01,73837.95,1776640648000
1776640650.413,150.413,0.01,0.02,0.98,0.99,0.01,0.01,73837.95,1776640648000
1776640650.75,150.75,0.01,0.02,0.98,0.99,0.01,0.01,73838.11,1776640649000
1776640651.96,151.96,0.01,0.02,0.98,0.99,0.01,0.01,73838.11,1776640650000
1776640652.59,152.59,0.01,0.02,0.98,0.99,0.01,0.01,73838.48,1776640651000
1776640653.013,153.013,0.01,0.02,0.98,0.99,0.01,0.01,73838.48,1776640651000
1776640653.386,153.386,0.01,0.02,0.98,0.99,0.01,0.01,73838.46,1776640652000
1776640653.747,153.747,0.01,0.02,0.98,0.99,0.01,0.01,73838.46,1776640652000
1776640654.083,154.083,0.01,0.02,0.98,0.99,0.01,0.01,73827.25,1776640653000
1776640654.695,154.695,0.01,0.02,0.98,0.99,0.01,0.01,73827.25,1776640653000
1776640655.282,155.282,0.01,0.02,0.98,0.99,0.01,0.01,73827.25,1776640653000
1776640655.78,155.78,0.01,0.02,0.98,0.99,0.01,0.01,73824.27,1776640654000
1776640656.182,156.182,0.01,0.02,0.98,0.99,0.01,0.01,73824.27,1776640654000
1776640656.604,156.604,0.01,0.02,0.98,0.99,0.01,0.01,73825.82,1776640655000
1776640657.145,157.145,0.01,0.02,0.98,0.99,0.01,0.01,73825.82,1776640655000
1776640657.813,157.813,0.01,0.02,0.98,0.99,0.01,0.01,73826.51,1776640656000
1776640658.61,158.61,0.01,0.02,0.98,0.99,0.01,0.01,73829.83,1776640657000
1776640659.221,159.221,0.01,0.02,0.98,0.99,0.01,0.01,73829.83,1776640657000
1776640659.661,159.661,0.01,0.02,0.98,0.99,0.01,0.01,73839.55,1776640658000
1776640660.04,160.04,0.01,0.02,0.98,0.99,0.01,0.01,73839.55,1776640658000
1776640660.443,160.443,0.01,0.02,0.98,0.99,0.01,0.01,73846.77,1776640659000
1776640661.034,161.034,0.01,0.02,0.98,0.99,0.01,0.01,73846.77,1776640659000
1776640661.562,161.562,0.01,0.02,0.98,0.99,0.01,0.01,73849.9,1776640660000
1776640662.366,162.366,0.01,0.02,0.98,0.99,0.01,0.01,73850.61,1776640661000
1776640662.75,162.75,0.01,0.02,0.98,0.99,0.01,0.01,73850.61,1776640661000
1776640663.371,163.371,0.01,0.02,0.98,0.99,0.01,0.01,73850.91,1776640662000
1776640664.344,164.344,0.01,0.02,0.98,0.99,0.01,0.01,73850.91,1776640662000
1776640664.963,164.963,0.01,0.02,0.98,0.99,0.01,0.01,73852.17,1776640663000
1776640665.539,165.539,0.01,0.02,0.98,0.99,0.01,0.01,73852.17,1776640663000
1776640666.077,166.077,0.01,0.02,0.98,0.99,0.01,0.01,73852.22,1776640664000
1776640666.452,166.452,0.01,0.02,0.98,0.99,0.01,0.01,73852.22,1776640664000
1776640666.991,166.991,0.01,0.02,0.98,0.99,0.01,0.01,73852.49,1776640665000
1776640667.564,167.564,0.01,0.02,0.98,0.99,0.01,0.01,73853.86,1776640666000
1776640668.06,168.06,0.01,0.02,0.98,0.99,0.01,0.01,73856.58,1776640667000
1776640668.492,168.492,0.01,0.02,0.98,0.99,0.01,0.01,73856.58,1776640667000
1776640669.425,169.425,0.01,0.02,0.98,0.99,0.01,0.01,73856.58,1776640667000
1776640669.937,169.937,0.01,0.02,0.98,0.99,0.01,0.01,73857.43,1776640668000
1776640670.583,170.583,0.01,0.02,0.98,0.99,0.01,0.01,73857.43,1776640668000
1776640670.966,170.966,0.01,0.02,0.98,0.99,0.01,0.01,73858.71,1776640669000
1776640671.432,171.432,0.01,0.02,0.98,0.99,0.01,0.01,73858.71,1776640669000
1776640671.827,171.827,0.01,0.02,0.98,0.99,0.01,0.01,73859.98,1776640670000
1776640672.306,172.306,0.01,0.02,0.98,0.99,0.01,0.01,73859.98,1776640670000
1776640673.394,173.394,0.01,0.02,0.98,0.99,0.01,0.01,73863.16,1776640671000
1776640673.748,173.748,0.01,0.02,0.98,0.99,0.01,0.01,73863.55,1776640672000
1776640674.096,174.096,0.01,0.02,0.98,0.99,0.01,0.01,73863.55,1776640672000
1776640674.434,174.434,0.01,0.02,0.98,0.99,0.01,0.01,73863.55,1776640673000
1776640674.802,174.802,0.01,0.02,0.98,0.99,0.01,0.01,73863.55,1776640673000
1776640675.169,175.169,0.01,0.02,0.98,0.99,0.01,0.01,73865.22,1776640674000
1776640675.51,175.51,0.01,0.02,0.98,0.99,0.01,0.01,73865.22,1776640674000
1776640676.309,176.309,0.01,0.02,0.98,0.99,0.01,0.01,73865.22,1776640674000
1776640676.739,176.739,0.01,0.02,0.98,0.99,0.01,0.01,73883.34,1776640675000
1776640677.143,177.143,0.01,0.02,0.98,0.99,0.01,0.01,73889.57,1776640676000
1776640677.752,177.752,0.01,0.02,0.98,0.99,0.01,0.01,73889.57,1776640676000
1776640678.183,178.183,0.02,0.03,0.97,0.98,0.01,0.01,73889.57,1776640676000
1776640678.738,178.738,0.02,0.03,0.97,0.98,0.01,0.01,73891.62,1776640677000
1776640679.097,179.097,0.02,0.03,0.97,0.98,0.01,0.01,73891.62,1776640677000
1776640679.668,179.668,0.02,0.03,0.97,0.98,0.01,0.01,73893.24,1776640678000
1776640680.304,180.304,0.02,0.03,0.97,0.98,0.01,0.01,73893.24,1776640678000
1776640680.643,180.643,0.02,0.03,0.97,0.98,0.01,0.01,73910.99,1776640679000
1776640680.983,180.983,0.02,0.03,0.97,0.98,0.01,0.01,73910.99,1776640679000
1776640681.37,181.37,0.02,0.03,0.97,0.98,0.01,0.01,73908.44,1776640680000
1776640681.887,181.887,0.02,0.03,0.97,0.98,0.01,0.01,73908.44,1776640680000
1776640682.323,182.323,0.04,0.05,0.95,0.96,0.01,0.01,73908.44,1776640680000
1776640682.656,182.656,0.04,0.05,0.95,0.96,0.01,0.01,73908.44,1776640680000
1776640682.995,182.995,0.04,0.05,0.95,0.96,0.01,0.01,73906.69,1776640681000
1776640683.403,183.403,0.04,0.05,0.95,0.96,0.01,0.01,73906.69,1776640681000
1776640683.956,183.956,0.03,0.05,0.95,0.97,0.02,0.02,73912.32,1776640682000
1776640684.475,184.475,0.03,0.04,0.96,0.97,0.01,0.01,73929.8,1776640683000
1776640684.957,184.957,0.03,0.04,0.96,0.97,0.01,0.01,73929.8,1776640683000
1776640685.456,185.456,0.03,0.04,0.96,0.97,0.01,0.01,73922.02,1776640684000
1776640686.016,186.016,0.03,0.04,0.96,0.97,0.01,0.01,73922.02,1776640684000
1776640686.458,186.458,0.03,0.04,0.96,0.97,0.01,0.01,73920.96,1776640685000
1776640687.437,187.437,0.03,0.04,0.96,0.97,0.01,0.01,73920.96,1776640685000
1776640688.412,188.412,0.03,0.04,0.96,0.97,0.01,0.01,73920.64,1776640687000
1776640688.913,188.913,0.03,0.04,0.96,0.97,0.01,0.01,73920.87,1776640688000
1776640689.255,189.255,0.03,0.04,0.96,0.97,0.01,0.01,73920.87,1776640688000
1776640689.873,189.873,0.03,0.04,0.96,0.97,0.01,0.01,73920.87,1776640688000
1776640690.336,190.336,0.03,0.04,0.96,0.97,0.01,0.01,73921.52,1776640689000
1776640691.013,191.013,0.03,0.04,0.96,0.97,0.01,0.01,73921.52,1776640689000
1776640691.369,191.369,0.03,0.04,0.96,0.97,0.01,0.01,73923.04,1776640690000
1776640691.857,191.857,0.03,0.04,0.96,0.97,0.01,0.01,73923.04,1776640690000
1776640692.215,192.215,0.03,0.04,0.96,0.97,0.01,0.01,73923.04,1776640690000
1776640692.658,192.658,0.03,0.04,0.96,0.97,0.01,0.01,73923.04,1776640690000
1776640693.236,193.236,0.03,0.04,0.96,0.97,0.01,0.01,73923.04,1776640690000
1776640693.674,193.674,0.04,0.05,0.95,0.97,0.01,0.02,73921.66,1776640692000
1776640694.145,194.145,0.04,0.05,0.95,0.96,0.01,0.01,73921.66,1776640692000
1776640694.479,194.479,0.04,0.05,0.95,0.96,0.01,0.01,73923.2,1776640693000
1776640694.911,194.911,0.04,0.05,0.95,0.96,0.01,0.01,73923.2,1776640693000
1776640695.527,195.527,0.05,0.06,0.94,0.96,0.01,0.02,73924.05,1776640694000
1776640695.867,195.867,0.05,0.06,0.94,0.95,0.01,0.01,73924.05,1776640694000
1776640696.25,196.25,0.07,0.09,0.92,0.93,0.02,0.01,73930.79,1776640695000
1776640696.726,196.726,0.07,0.08,0.92,0.93,0.01,0.01,73930.79,1776640695000
1776640697.07,197.07,0.07,0.08,0.92,0.93,0.01,0.01,73930.79,1776640695000
1776640697.497,197.497,0.07,0.08,0.92,0.93,0.01,0.01,73944.91,1776640696000
1776640697.866,197.866,0.07,0.08,0.92,0.93,0.01,0.01,73944.91,1776640696000
1776640698.231,198.231,0.07,0.08,0.92,0.93,0.01,0.01,73947.36,1776640697000
1776640698.578,198.578,0.07,0.08,0.92,0.93,0.01,0.01,73947.36,1776640697000
1776640699.107,199.107,0.07,0.08,0.92,0.93,0.01,0.01,73947.36,1776640697000
1776640699.442,199.442,0.07,0.08,0.92,0.93,0.01,0.01,73947.44,1776640698000
1776640699.819,199.819,0.07,0.08,0.92,0.93,0.01,0.01,73947.44,1776640698000
1776640700.292,200.292,0.07,0.08,0.92,0.93,0.01,0.01,73947.88,1776640699000
1776640700.66,200.66,0.07,0.08,0.92,0.93,0.01,0.01,73947.88,1776640699000
1776640701.058,201.058,0.05,0.06,0.92,0.95,0.01,0.03,73947.88,1776640699000
1776640701.515,201.515,0.05,0.06,0.94,0.95,0.01,0.01,73949.32,1776640700000
1776640702.039,202.039,0.05,0.06,0.94,0.95,0.01,0.01,73949.32,1776640700000
1776640702.411,202.411,0.05,0.06,0.94,0.95,0.01,0.01,73950.27,1776640701000
1776640702.944,202.944,0.04,0.06,0.94,0.96,0.02,0.02,73950.27,1776640701000
1776640703.334,203.334,0.03,0.05,0.95,0.97,0.02,0.02,73934.9,1776640702000
1776640703.68,203.68,0.04,0.05,0.95,0.96,0.01,0.01,73934.9,1776640702000
1776640704.123,204.123,0.04,0.05,0.95,0.96,0.01,0.01,73930.19,1776640703000
1776640704.593,204.593,0.04,0.05,0.95,0.96,0.01,0.01,73930.19,1776640703000
1776640705.222,205.222,0.04,0.05,0.95,0.96,0.01,0.01,73930.19,1776640703000
1776640705.578,205.578,0.04,0.05,0.95,0.96,0.01,0.01,73927.95,1776640704000
1776640706.142,206.142,0.03,0.04,0.95,0.97,0.01,0.02,73927.95,1776640704000
1776640706.553,206.553,0.03,0.04,0.96,0.97,0.01,0.01,73928.98,1776640705000
1776640707.208,207.208,0.03,0.04,0.96,0.97,0.01,0.01,73928.95,1776640706000
1776640707.614,207.614,0.03,0.04,0.96,0.98,0.01,0.02,73928.95,1776640706000
1776640708.011,208.011,0.03,0.04,0.96,0.97,0.01,0.01,73928.95,1776640706000
1776640708.347,208.347,0.03,0.04,0.96,0.97,0.01,0.01,73925.13,1776640707000
1776640709.088,209.088,0.03,0.04,0.96,0.97,0.01,0.01,73922.45,1776640708000
1776640709.872,209.872,0.03,0.04,0.96,0.97,0.01,0.01,73922.45,1776640708000
1776640710.381,210.381,0.03,0.04,0.96,0.97,0.01,0.01,73922.45,1776640709000
1776640710.741,210.741,0.03,0.04,0.96,0.97,0.01,0.01,73922.45,1776640709000
1776640711.797,211.797,0.02,0.03,0.96,0.98,0.01,0.02,73922.45,1776640710000
1776640712.291,212.291,0.02,0.03,0.97,0.98,0.01,0.01,73923.64,1776640711000
1776640712.758,212.758,0.02,0.03,0.97,0.98,0.01,0.01,73923.64,1776640711000
1776640713.113,213.113,0.02,0.03,0.97,0.98,0.01,0.01,73923.24,1776640712000
1776640713.681,213.681,0.02,0.03,0.97,0.98,0.01,0.01,73923.24,1776640712000
1776640714.346,214.346,0.02,0.03,0.97,0.98,0.01,0.01,73923.72,1776640713000
1776640714.956,214.956,0.02,0.03,0.97,0.98,0.01,0.01,73923.72,1776640713000
1776640715.353,215.353,0.02,0.03,0.97,0.98,0.01,0.01,73923.82,1776640714000
1776640715.865,215.865,0.02,0.03,0.97,0.98,0.01,0.01,73923.82,1776640714000
1776640716.295,216.295,0.02,0.03,0.97,0.98,0.01,0.01,73923.62,1776640715000
1776640717.459,217.459,0.02,0.03,0.97,0.98,0.01,0.01,73922.66,1776640716000
1776640717.948,217.948,0.02,0.03,0.97,0.98,0.01,0.01,73922.66,1776640716000
1776640718.385,218.385,0.03,0.04,0.96,0.97,0.01,0.01,73923.65,1776640717000
1776640718.884,218.884,0.03,0.04,0.96,0.97,0.01,0.01,73923.65,1776640717000
1776640719.256,219.256,0.03,0.04,0.96,0.97,0.01,0.01,73926.06,1776640718000
1776640719.629,219.629,0.03,0.04,0.96,0.97,0.01,0.01,73926.06,1776640718000
1776640720.021,220.021,0.03,0.04,0.96,0.97,0.01,0.01,73926.06,1776640718000
1776640720.549,220.549,0.03,0.04,0.96,0.97,0.01,0.01,73931.5,1776640719000
1776640720.905,220.905,0.03,0.04,0.96,0.97,0.01,0.01,73931.5,1776640719000
1776640721.303,221.303,0.03,0.04,0.96,0.97,0.01,0.01,73932.11,1776640720000
1776640721.804,221.804,0.03,0.04,0.96,0.97,0.01,0.01,73932.11,1776640720000
1776640722.276,222.276,0.03,0.04,0.96,0.97,0.01,0.01,73931.23,1776640721000
1776640722.697,222.697,0.03,0.04,0.96,0.97,0.01,0.01,73931.23,1776640721000
1776640723.061,223.061,0.03,0.04,0.96,0.97,0.01,0.01,73931.23,1776640721000
1776640723.901,223.901,0.03,0.06,0.96,0.97,0.03,0.01,73931.14,1776640722000
1776640724.285,224.285,0.03,0.04,0.96,0.97,0.01,0.01,73933.21,1776640723000
1776640725.097,225.097,0.03,0.04,0.96,0.97,0.01,0.01,73933.21,1776640723000
1776640725.749,225.749,0.03,0.04,0.96,0.97,0.01,0.01,73935.58,1776640724000
1776640727.091,227.091,0.03,0.04,0.96,0.97,0.01,0.01,73935.49,1776640726000
1776640727.537,227.537,0.03,0.04,0.96,0.97,0.01,0.01,73935.49,1776640726000
1776640727.893,227.893,0.03,0.04,0.96,0.97,0.01,0.01,73935.49,1776640726000
1776640728.247,228.247,0.03,0.04,0.96,0.97,0.01,0.01,73942.37,1776640727000
1776640728.8,228.8,0.04,0.06,0.95,0.96,0.02,0.01,73942.37,1776640727000
1776640729.257,229.257,0.05,0.06,0.94,0.95,0.01,0.01,73942.37,1776640727000
1776640729.647,229.647,0.06,0.07,0.93,0.95,0.01,0.02,73942.59,1776640728000
1776640730.165,230.165,0.06,0.07,0.93,0.94,0.01,0.01,73943.11,1776640729000
1776640730.825,230.825,0.06,0.07,0.93,0.94,0.01,0.01,73943.11,1776640729000
1776640731.5,231.5,0.06,0.07,0.93,0.94,0.01,0.01,73947.67,1776640730000
1776640732.168,232.168,0.06,0.07,0.93,0.94,0.01,0.01,73948.2,1776640731000
1776640732.505,232.505,0.06,0.07,0.93,0.94,0.01,0.01,73948.2,1776640731000
1776640733.01,233.01,0.06,0.07,0.93,0.94,0.01,0.01,73948.2,1776640731000
1776640733.885,233.885,0.06,0.07,0.93,0.94,0.01,0.01,73949.85,1776640732000
1776640734.273,234.273,0.06,0.07,0.93,0.94,0.01,0.01,73949.85,1776640732000
1776640734.61,234.61,0.06,0.07,0.93,0.94,0.01,0.01,73951.9,1776640733000
1776640734.995,234.995,0.06,0.07,0.93,0.94,0.01,0.01,73953.05,1776640734000
1776640735.609,235.609,0.06,0.07,0.93,0.94,0.01,0.01,73953.05,1776640734000
1776640736.035,236.035,0.06,0.07,0.93,0.94,0.01,0.01,73954.41,1776640735000
1776640736.658,236.658,0.06,0.07,0.93,0.94,0.01,0.01,73954.41,1776640735000
1776640737.031,237.031,0.06,0.07,0.93,0.94,0.01,0.01,73954.41,1776640735000
1776640737.4,237.4,0.05,0.07,0.93,0.95,0.02,0.02,73955.66,1776640736000
1776640738.009,238.009,0.05,0.06,0.93,0.95,0.01,0.02,73955.66,1776640736000
1776640738.983,238.983,0.04,0.05,0.94,0.96,0.01,0.02,73957.92,1776640737000
1776640739.415,239.415,0.04,0.05,0.95,0.96,0.01,0.01,73958.26,1776640738000
1776640739.901,239.901,0.04,0.05,0.95,0.96,0.01,0.01,73958.26,1776640738000
1776640740.306,240.306,0.04,0.05,0.95,0.96,0.01,0.01,73958.26,1776640739000
1776640740.736,240.736,0.04,0.05,0.95,0.96,0.01,0.01,73958.26,1776640739000
1776640741.203,241.203,0.03,0.04,0.95,0.97,0.01,0.02,73958.26,1776640739000
1776640741.583,241.583,0.03,0.04,0.96,0.97,0.01,0.01,73958.21,1776640740000
1776640742.015,242.015,0.03,0.04,0.96,0.97,0.01,0.01,73958.21,1776640740000
1776640742.389,242.389,0.03,0.04,0.96,0.97,0.01,0.01,73960.31,1776640741000
1776640742.779,242.779,0.03,0.04,0.96,0.97,0.01,0.01,73960.31,1776640741000
1776640743.117,243.117,0.03,0.04,0.96,0.97,0.01,0.01,73960.31,1776640741000
1776640743.861,243.861,0.03,0.04,0.95,0.97,0.01,0.02,73959.05,1776640742000
1776640744.267,244.267,0.03,0.04,0.96,0.97,0.01,0.01,73959.3,1776640743000
1776640745.006,245.006,0.03,0.04,0.96,0.97,0.01,0.01,73959.3,1776640743000
1776640745.403,245.403,0.03,0.04,0.96,0.97,0.01,0.01,73959.24,1776640744000
1776640745.745,245.745,0.03,0.04,0.96,0.97,0.01,0.01,73959.24,1776640744000
1776640746.317,246.317,0.03,0.04,0.96,0.97,0.01,0.01,73959.24,1776640744000
1776640746.759,246.759,0.03,0.04,0.96,0.97,0.01,0.01,73960.49,1776640745000
1776640747.314,247.314,0.02,0.03,0.97,0.98,0.01,0.01,73960.49,1776640745000
1776640747.868,247.868,0.02,0.03,0.97,0.98,0.01,0.01,73959.2,1776640746000
1776640748.614,248.614,0.02,0.03,0.97,0.98,0.01,0.01,73959.63,1776640747000
1776640749.273,249.273,0.02,0.03,0.97,0.98,0.01,0.01,73959.88,1776640748000
1776640749.618,249.618,0.02,0.03,0.97,0.98,0.01,0.01,73959.88,1776640748000
1776640750.04,250.04,0.02,0.03,0.97,0.98,0.01,0.01,73959.88,1776640748000
1776640750.389,250.389,0.02,0.03,0.97,0.98,0.01,0.01,73959.62,1776640749000
1776640751.072,251.072,0.02,0.03,0.97,0.98,0.01,0.01,73959.54,1776640750000
1776640751.589,251.589,0.02,0.03,0.97,0.98,0.01,0.01,73959.54,1776640750000
1776640752.039,252.039,0.02,0.03,0.97,0.98,0.01,0.01,73959.54,1776640750000
1776640752.679,252.679,0.02,0.03,0.97,0.98,0.01,0.01,73959.54,1776640751000
1776640753.148,253.148,0.02,0.03,0.97,0.98,0.01,0.01,73959.87,1776640752000
1776640753.9,253.9,0.02,0.03,0.97,0.98,0.01,0.01,73959.87,1776640752000
1776640754.311,254.311,0.02,0.03,0.97,0.98,0.01,0.01,73959.87,1776640753000
1776640755.178,255.178,0.02,0.03,0.97,0.98,0.01,0.01,73959.7,1776640754000
1776640755.782,255.782,0.02,0.03,0.97,0.98,0.01,0.01,73959.7,1776640754000
1776640756.145,256.145,0.02,0.03,0.97,0.98,0.01,0.01,73959.7,1776640754000
1776640756.482,256.482,0.02,0.03,0.97,0.98,0.01,0.01,73959.17,1776640755000
1776640757.012,257.012,0.02,0.03,0.97,0.98,0.01,0.01,73959.17,1776640755000
1776640757.613,257.613,0.02,0.03,0.97,0.98,0.01,0.01,73959.31,1776640756000
1776640757.987,257.987,0.02,0.03,0.97,0.98,0.01,0.01,73959.31,1776640756000
1776640758.373,258.373,0.02,0.03,0.97,0.98,0.01,0.01,73958.92,1776640757000
1776640759.704,259.704,0.02,0.03,0.97,0.98,0.01,0.01,73958.92,1776640757000
1776640760.346,260.346,0.01,0.02,0.97,0.98,0.01,0.01,73958.84,1776640758000
1776640760.71,260.71,0.01,0.02,0.98,0.99,0.01,0.01,73959.04,1776640759000
1776640761.097,261.097,0.01,0.02,0.98,0.99,0.01,0.01,73959.21,1776640760000
1776640761.739,261.739,0.01,0.02,0.98,0.99,0.01,0.01,73959.21,1776640760000
1776640762.325,262.325,0.01,0.02,0.98,0.99,0.01,0.01,73959.57,1776640761000
1776640762.697,262.697,0.01,0.02,0.98,0.99,0.01,0.01,73959.57,1776640761000
1776640763.048,263.048,0.02,0.03,0.97,0.98,0.01,0.01,73959.57,1776640762000
1776640763.385,263.385,0.03,0.06,0.96,0.97,0.03,0.01,73959.57,1776640762000
1776640763.787,263.787,0.03,0.04,0.96,0.97,0.01,0.01,73959.57,1776640762000
1776640764.141,264.141,0.04,0.05,0.95,0.96,0.01,0.01,73962.03,1776640763000
1776640764.513,264.513,0.04,0.05,0.95,0.96,0.01,0.01,73962.03,1776640763000
1776640764.995,264.995,0.03,0.05,0.95,0.96,0.02,0.01,73962.03,1776640763000
1776640765.404,265.404,0.03,0.04,0.95,0.97,0.01,0.02,73982.24,1776640764000
1776640765.901,265.901,0.03,0.04,0.96,0.97,0.01,0.01,73982.24,1776640764000
1776640766.34,266.34,0.02,0.04,0.96,0.97,0.02,0.01,73982.24,1776640764000
1776640766.685,266.685,0.02,0.04,0.96,0.97,0.02,0.01,73978.66,1776640765000
1776640768.058,268.058,0.02,0.03,0.96,0.98,0.01,0.02,73978.02,1776640766000
1776640768.456,268.456,0.02,0.03,0.97,0.98,0.01,0.01,73978.07,1776640767000
1776640768.916,268.916,0.02,0.03,0.97,0.98,0.01,0.01,73978.07,1776640767000
1776640769.298,269.298,0.02,0.03,0.97,0.98,0.01,0.01,73978.29,1776640768000
1776640769.833,269.833,0.02,0.03,0.97,0.98,0.01,0.01,73978.29,1776640768000
1776640770.222,270.222,0.01,0.02,0.98,0.99,0.01,0.01,73975.46,1776640769000
1776640770.63,270.63,0.01,0.02,0.98,0.99,0.01,0.01,73975.46,1776640769000
1776640771.027,271.027,0.01,0.02,0.98,0.99,0.01,0.01,73975.46,1776640769000
1776640771.36,271.36,0.01,0.02,0.98,0.99,0.01,0.01,73972.41,1776640770000
1776640771.767,271.767,0.01,0.02,0.98,0.99,0.01,0.01,73972.41,1776640770000
1776640772.118,272.118,0.01,0.02,0.98,0.99,0.01,0.01,73964.96,1776640771000
1776640772.671,272.671,0.01,0.02,0.98,0.99,0.01,0.01,73964.96,1776640771000
1776640773.106,273.106,0.01,0.02,0.98,0.99,0.01,0.01,73964.96,1776640771000
1776640773.698,273.698,0.01,0.02,0.98,0.99,0.01,0.01,73962.9,1776640772000
1776640774.079,274.079,0.01,0.02,0.98,0.99,0.01,0.01,73961.59,1776640773000
1776640774.561,274.561,0.01,0.02,0.98,0.99,0.01,0.01,73961.59,1776640773000
1776640774.897,274.897,0.01,0.02,0.98,0.99,0.01,0.01,73961.59,1776640773000
1776640775.269,275.269,0.01,0.02,0.98,0.99,0.01,0.01,73962.66,1776640774000
1776640775.605,275.605,0.01,0.02,0.98,0.99,0.01,0.01,73962.66,1776640774000
1776640776.089,276.089,0.01,0.02,0.98,0.99,0.01,0.01,73962.67,1776640775000
1776640776.885,276.885,0.01,0.02,0.98,0.99,0.01,0.01,73962.67,1776640775000
1776640777.322,277.322,0.01,0.02,0.98,0.99,0.01,0.01,73968.99,1776640776000
1776640778.221,278.221,0.01,0.02,0.98,0.99,0.01,0.01,73968.99,1776640776000
1776640778.581,278.581,0.01,0.02,0.98,0.99,0.01,0.01,73969.01,1776640777000
1776640778.931,278.931,0.01,0.02,0.98,0.99,0.01,0.01,73969.01,1776640777000
1776640779.289,279.289,0.01,0.02,0.98,0.99,0.01,0.01,73968.5,1776640778000
1776640779.764,279.764,0.01,0.02,0.98,0.99,0.01,0.01,73968.5,1776640778000
1776640780.164,280.164,0.01,0.02,0.98,0.99,0.01,0.01,73968.5,1776640778000
1776640780.678,280.678,0.01,0.02,0.98,0.99,0.01,0.01,73968.49,1776640779000
1776640781.07,281.07,0.01,0.02,0.98,0.99,0.01,0.01,73968.49,1776640779000
1776640781.521,281.521,0.01,0.01,0.99,0.99,0.0,0.0,73968.51,1776640780000
1776640781.857,281.857,0.01,0.01,0.99,0.99,0.0,0.0,73968.51,1776640780000
1776640782.241,282.241,0.01,0.01,0.99,0.99,0.0,0.0,73968.51,1776640780000
1776640782.987,282.987,0.01,0.01,0.99,0.99,0.0,0.0,73948.36,1776640782000
1776640783.943,283.943,0.01,0.01,0.99,0.99,0.0,0.0,73941.54,1776640783000
1776640784.871,284.871,0.01,0.01,0.99,0.99,0.0,0.0,73939.36,1776640784000
1776640785.215,285.215,0.01,0.01,0.99,0.99,0.0,0.0,73939.36,1776640784000
1776640785.864,285.864,0.01,0.01,0.99,0.99,0.0,0.0,73937.49,1776640785000
1776640787.678,287.678,0.01,0.01,0.99,0.99,0.0,0.0,73936.67,1776640786000
1776640788.136,288.136,0.01,0.01,0.99,0.99,0.0,0.0,73936.4,1776640787000
1776640789.018,289.018,0.01,0.01,0.99,0.99,0.0,0.0,73936.4,1776640787000
1776640789.423,289.423,0.01,0.01,0.99,0.99,0.0,0.0,73936.27,1776640788000
1776640790.393,290.393,0.01,0.01,0.99,0.99,0.0,0.0,73936.41,1776640789000
1776640790.977,290.977,0.01,0.01,0.99,0.99,0.0,0.0,73936.5,1776640790000
1776640792.063,292.063,0.01,0.01,0.99,0.99,0.0,0.0,73943.76,1776640791000
1776640793.319,293.319,0.01,0.01,0.99,0.99,0.0,0.0,73950.52,1776640792000
1776640794.404,294.404,0.01,0.01,0.99,0.99,0.0,0.0,73949.5,1776640793000
1776640794.906,294.906,0.01,0.01,0.99,0.99,0.0,0.0,73950.55,1776640794000
1776640795.97,295.97,0.01,0.01,0.99,0.99,0.0,0.0,73950.98,1776640795000
1776640797.01,297.01,0.01,0.01,0.99,0.99,0.0,0.0,73950.5,1776640796000
1776640797.937,297.937,0.01,0.01,0.99,0.99,0.0,0.0,73950.5,1776640796000
1776640798.999,298.999,0.01,0.01,0.99,0.99,0.0,0.0,73952.04,1776640798000
1776640800.147,300.147,0.01,0.01,0.99,0.99,0.0,0.0,73954.0,1776640799000
1776640800.482,300.482,0.01,0.01,0.99,0.99,0.0,0.0,73954.0,1776640799000
1776640801.793,301.793,0.01,0.01,0.99,0.99,0.0,0.0,73954.18,1776640800000
1776640802.386,302.386,0.01,0.01,0.99,0.99,0.0,0.0,73954.18,1776640801000

# RESULT,winner=Down,slug=btc-updown-5m-1776640500,ticks=634
