timestamp,elapsed_sec,up_bid,up_ask,down_bid,down_ask,up_spread,down_spread,btc_price,btc_oracle_ts
1776691800.516,0.516,0.5,0.52,0.49,0.5,0.02,0.01,75219.7,1776691799000
1776691800.85,0.85,0.51,0.52,0.48,0.49,0.01,0.01,75219.7,1776691799000
1776691801.341,1.341,0.63,0.64,0.37,0.38,0.01,0.01,75219.72,1776691800000
1776691801.689,1.689,0.64,0.67,0.33,0.36,0.03,0.03,75219.72,1776691800000
1776691802.062,2.062,0.64,0.65,0.35,0.36,0.01,0.01,75219.72,1776691800000
1776691802.401,2.401,0.64,0.65,0.35,0.36,0.01,0.01,75225.21,1776691801000
1776691802.742,2.742,0.62,0.64,0.36,0.37,0.02,0.01,75225.21,1776691801000
1776691803.076,3.076,0.63,0.64,0.36,0.37,0.01,0.01,75225.21,1776691801000
1776691803.43,3.43,0.61,0.62,0.37,0.39,0.01,0.02,75225.21,1776691801000
1776691803.79,3.79,0.58,0.61,0.38,0.4,0.03,0.02,75247.12,1776691802000
1776691804.147,4.147,0.56,0.61,0.39,0.44,0.05,0.05,75249.86,1776691803000
1776691804.524,4.524,0.57,0.58,0.42,0.43,0.01,0.01,75249.86,1776691803000
1776691805.301,5.301,0.57,0.58,0.42,0.43,0.01,0.01,75249.86,1776691803000
1776691805.664,5.664,0.57,0.59,0.42,0.43,0.02,0.01,75246.98,1776691804000
1776691806.008,6.008,0.51,0.52,0.46,0.49,0.01,0.03,75246.98,1776691804000
1776691806.449,6.449,0.48,0.54,0.46,0.52,0.06,0.06,75246.98,1776691804000
1776691806.786,6.786,0.46,0.5,0.5,0.54,0.04,0.04,75225.26,1776691805000
1776691807.119,7.119,0.39,0.46,0.54,0.6,0.07,0.06,75225.26,1776691805000
1776691807.463,7.463,0.35,0.45,0.55,0.65,0.1,0.1,75208.04,1776691806000
1776691807.805,7.805,0.38,0.39,0.61,0.62,0.01,0.01,75208.04,1776691806000
1776691808.146,8.146,0.38,0.39,0.61,0.62,0.01,0.01,75208.04,1776691806000
1776691808.481,8.481,0.38,0.39,0.61,0.62,0.01,0.01,75208.04,1776691806000
1776691808.847,8.847,0.38,0.39,0.61,0.62,0.01,0.01,75208.04,1776691806000
1776691809.187,9.187,0.38,0.39,0.61,0.62,0.01,0.01,75196.86,1776691807000
1776691809.586,9.586,0.38,0.39,0.61,0.62,0.01,0.01,75196.86,1776691807000
1776691809.96,9.96,0.38,0.39,0.61,0.62,0.01,0.01,75196.86,1776691807000
1776691810.303,10.303,0.38,0.39,0.61,0.62,0.01,0.01,75196.95,1776691808000
1776691810.732,10.732,0.38,0.39,0.61,0.62,0.01,0.01,75196.95,1776691808000
1776691811.066,11.066,0.38,0.39,0.61,0.62,0.01,0.01,75196.95,1776691808000
1776691811.691,11.691,0.38,0.39,0.61,0.62,0.01,0.01,75196.42,1776691809000
1776691812.935,12.935,0.38,0.39,0.61,0.62,0.01,0.01,75193.19,1776691811000
1776691813.66,13.66,0.38,0.39,0.61,0.62,0.01,0.01,75193.68,1776691812000
1776691814.057,14.057,0.38,0.39,0.61,0.62,0.01,0.01,75193.68,1776691812000
1776691814.473,14.473,0.38,0.39,0.61,0.62,0.01,0.01,75193.68,1776691812000
1776691814.838,14.838,0.38,0.39,0.61,0.62,0.01,0.01,75193.68,1776691812000
1776691815.203,15.203,0.38,0.39,0.61,0.62,0.01,0.01,75193.68,1776691812000
1776691815.77,15.77,0.38,0.39,0.61,0.62,0.01,0.01,75188.82,1776691813000
1776691816.103,16.103,0.37,0.39,0.61,0.63,0.02,0.02,75188.82,1776691813000
1776691816.468,16.468,0.38,0.39,0.61,0.63,0.01,0.02,75188.92,1776691814000
1776691816.836,16.836,0.37,0.39,0.61,0.63,0.02,0.02,75189.11,1776691815000
1776691817.176,17.176,0.38,0.39,0.61,0.62,0.01,0.01,75189.11,1776691815000
1776691817.575,17.575,0.38,0.39,0.61,0.62,0.01,0.01,75189.11,1776691815000
1776691817.943,17.943,0.38,0.39,0.61,0.62,0.01,0.01,75189.27,1776691816000
1776691818.287,18.287,0.38,0.39,0.61,0.62,0.01,0.01,75189.27,1776691816000
1776691818.676,18.676,0.37,0.38,0.61,0.62,0.01,0.01,75189.27,1776691816000
1776691819.026,19.026,0.37,0.38,0.62,0.63,0.01,0.01,75191.83,1776691817000
1776691819.365,19.365,0.37,0.38,0.62,0.63,0.01,0.01,75191.83,1776691818000
1776691819.716,19.716,0.37,0.38,0.62,0.63,0.01,0.01,75191.83,1776691818000
1776691820.186,20.186,0.37,0.38,0.62,0.63,0.01,0.01,75191.83,1776691818000
1776691820.714,20.714,0.36,0.37,0.63,0.64,0.01,0.01,75191.83,1776691818000
1776691821.256,21.256,0.36,0.37,0.63,0.64,0.01,0.01,75188.52,1776691820000
1776691821.628,21.628,0.36,0.37,0.63,0.64,0.01,0.01,75188.52,1776691820000
1776691822.016,22.016,0.35,0.37,0.63,0.65,0.02,0.02,75188.52,1776691820000
1776691822.37,22.37,0.34,0.36,0.64,0.66,0.02,0.02,75188.52,1776691820000
1776691822.711,22.711,0.35,0.36,0.64,0.65,0.01,0.01,75181.32,1776691821000
1776691823.049,23.049,0.34,0.36,0.64,0.66,0.02,0.02,75181.32,1776691821000
1776691823.408,23.408,0.28,0.34,0.66,0.72,0.06,0.06,75180.97,1776691822000
1776691823.746,23.746,0.29,0.3,0.7,0.71,0.01,0.01,75180.97,1776691822000
1776691824.084,24.084,0.29,0.3,0.7,0.72,0.01,0.02,75180.97,1776691822000
1776691824.472,24.472,0.28,0.29,0.71,0.72,0.01,0.01,75180.97,1776691822000
1776691824.957,24.957,0.28,0.29,0.71,0.72,0.01,0.01,75175.53,1776691823000
1776691825.348,25.348,0.28,0.29,0.71,0.72,0.01,0.01,75175.53,1776691823000
1776691825.682,25.682,0.31,0.32,0.68,0.69,0.01,0.01,75164.79,1776691824000
1776691826.025,26.025,0.31,0.32,0.68,0.69,0.01,0.01,75164.79,1776691824000
1776691826.365,26.365,0.31,0.32,0.68,0.69,0.01,0.01,75164.79,1776691824000
1776691826.764,26.764,0.32,0.33,0.67,0.68,0.01,0.01,75164.79,1776691824000
1776691827.099,27.099,0.32,0.33,0.67,0.68,0.01,0.01,75170.67,1776691825000
1776691827.442,27.442,0.32,0.33,0.67,0.69,0.01,0.02,75170.67,1776691825000
1776691827.781,27.781,0.31,0.32,0.68,0.69,0.01,0.01,75170.67,1776691825000
1776691828.115,28.115,0.31,0.32,0.68,0.69,0.01,0.01,75179.95,1776691826000
1776691828.488,28.488,0.31,0.32,0.68,0.69,0.01,0.01,75179.95,1776691826000
1776691829.622,29.622,0.31,0.32,0.68,0.69,0.01,0.01,75172.54,1776691828000
1776691830.028,30.028,0.31,0.32,0.68,0.69,0.01,0.01,75172.54,1776691828000
1776691830.366,30.366,0.31,0.32,0.68,0.69,0.01,0.01,75172.54,1776691828000
1776691830.766,30.766,0.31,0.32,0.68,0.69,0.01,0.01,75171.97,1776691829000
1776691831.104,31.104,0.3,0.31,0.69,0.7,0.01,0.01,75171.97,1776691829000
1776691831.473,31.473,0.3,0.31,0.69,0.7,0.01,0.01,75171.97,1776691829000
1776691831.816,31.816,0.3,0.31,0.69,0.7,0.01,0.01,75167.57,1776691830000
1776691832.154,32.154,0.3,0.32,0.68,0.7,0.02,0.02,75167.57,1776691830000
1776691832.492,32.492,0.32,0.33,0.67,0.68,0.01,0.01,75167.57,1776691830000
1776691832.827,32.827,0.33,0.34,0.66,0.67,0.01,0.01,75167.57,1776691830000
1776691833.161,33.161,0.33,0.34,0.66,0.67,0.01,0.01,75166.05,1776691831000
1776691833.528,33.528,0.33,0.34,0.66,0.67,0.01,0.01,75166.05,1776691831000
1776691833.953,33.953,0.33,0.34,0.66,0.67,0.01,0.01,75171.89,1776691832000
1776691834.348,34.348,0.33,0.34,0.66,0.67,0.01,0.01,75179.5,1776691833000
1776691834.699,34.699,0.33,0.34,0.66,0.67,0.01,0.01,75179.5,1776691833000
1776691835.054,35.054,0.33,0.34,0.66,0.67,0.01,0.01,75179.5,1776691833000
1776691835.398,35.398,0.33,0.34,0.66,0.67,0.01,0.01,75181.92,1776691834000
1776691835.772,35.772,0.33,0.34,0.66,0.67,0.01,0.01,75181.92,1776691834000
1776691836.149,36.149,0.33,0.34,0.66,0.67,0.01,0.01,75181.92,1776691834000
1776691836.489,36.489,0.33,0.34,0.66,0.67,0.01,0.01,75182.36,1776691835000
1776691836.822,36.822,0.33,0.34,0.66,0.67,0.01,0.01,75182.36,1776691835000
1776691837.166,37.166,0.33,0.34,0.66,0.67,0.01,0.01,75182.36,1776691835000
1776691837.634,37.634,0.32,0.33,0.67,0.68,0.01,0.01,75182.14,1776691836000
1776691838.109,38.109,0.31,0.32,0.67,0.69,0.01,0.02,75182.14,1776691836000
1776691838.48,38.48,0.3,0.31,0.69,0.7,0.01,0.01,75180.02,1776691837000
1776691838.908,38.908,0.29,0.3,0.7,0.71,0.01,0.01,75180.02,1776691837000
1776691839.26,39.26,0.29,0.3,0.7,0.71,0.01,0.01,75180.02,1776691837000
1776691839.597,39.597,0.27,0.28,0.72,0.73,0.01,0.01,75176.8,1776691838000
1776691839.964,39.964,0.27,0.28,0.72,0.73,0.01,0.01,75176.8,1776691838000
1776691840.345,40.345,0.27,0.28,0.72,0.73,0.01,0.01,75176.8,1776691838000
1776691840.683,40.683,0.27,0.28,0.72,0.73,0.01,0.01,75176.8,1776691838000
1776691841.054,41.054,0.27,0.28,0.72,0.73,0.01,0.01,75164.78,1776691839000
1776691841.4,41.4,0.27,0.28,0.72,0.73,0.01,0.01,75161.78,1776691840000
1776691841.74,41.74,0.27,0.29,0.71,0.73,0.02,0.02,75161.78,1776691840000
1776691842.12,42.12,0.29,0.3,0.69,0.71,0.01,0.02,75161.78,1776691840000
1776691842.513,42.513,0.3,0.31,0.69,0.7,0.01,0.01,75161.78,1776691840000
1776691842.927,42.927,0.31,0.32,0.68,0.69,0.01,0.01,75163.12,1776691841000
1776691843.287,43.287,0.31,0.33,0.67,0.69,0.02,0.02,75163.89,1776691842000
1776691843.622,43.622,0.33,0.34,0.66,0.67,0.01,0.01,75163.89,1776691842000
1776691844.346,44.346,0.32,0.34,0.66,0.67,0.02,0.01,75163.89,1776691842000
1776691844.681,44.681,0.32,0.33,0.67,0.68,0.01,0.01,75173.04,1776691843000
1776691845.063,45.063,0.32,0.33,0.67,0.68,0.01,0.01,75175.61,1776691844000
1776691845.405,45.405,0.33,0.34,0.66,0.68,0.01,0.02,75175.61,1776691844000
1776691845.772,45.772,0.33,0.34,0.66,0.67,0.01,0.01,75175.61,1776691844000
1776691846.115,46.115,0.34,0.35,0.65,0.66,0.01,0.01,75177.84,1776691845000
1776691847.401,47.401,0.34,0.35,0.65,0.66,0.01,0.01,75178.68,1776691846000
1776691847.748,47.748,0.33,0.34,0.66,0.67,0.01,0.01,75178.68,1776691846000
1776691848.182,48.182,0.33,0.34,0.66,0.67,0.01,0.01,75178.81,1776691847000
1776691848.53,48.53,0.33,0.34,0.66,0.67,0.01,0.01,75178.81,1776691847000
1776691848.867,48.867,0.34,0.35,0.65,0.66,0.01,0.01,75178.81,1776691847000
1776691849.238,49.238,0.35,0.36,0.64,0.65,0.01,0.01,75185.35,1776691848000
1776691849.59,49.59,0.34,0.35,0.65,0.66,0.01,0.01,75185.35,1776691848000
1776691849.978,49.978,0.36,0.37,0.63,0.64,0.01,0.01,75185.35,1776691848000
1776691850.384,50.384,0.36,0.37,0.63,0.64,0.01,0.01,75192.62,1776691849000
1776691850.742,50.742,0.36,0.37,0.63,0.64,0.01,0.01,75192.62,1776691849000
1776691851.238,51.238,0.37,0.38,0.62,0.63,0.01,0.01,75192.62,1776691849000
1776691851.632,51.632,0.37,0.38,0.62,0.63,0.01,0.01,75194.78,1776691850000
1776691852.526,52.526,0.37,0.38,0.62,0.63,0.01,0.01,75195.55,1776691851000
1776691852.989,52.989,0.36,0.38,0.62,0.63,0.02,0.01,75195.55,1776691851000
1776691853.551,53.551,0.34,0.35,0.65,0.66,0.01,0.01,75194.1,1776691852000
1776691854.071,54.071,0.34,0.35,0.65,0.66,0.01,0.01,75194.1,1776691852000
1776691854.515,54.515,0.32,0.33,0.67,0.68,0.01,0.01,75172.36,1776691853000
1776691854.887,54.887,0.3,0.31,0.69,0.7,0.01,0.01,75172.36,1776691853000
1776691855.223,55.223,0.28,0.32,0.68,0.72,0.04,0.04,75172.36,1776691853000
1776691855.57,55.57,0.28,0.3,0.67,0.72,0.02,0.05,75172.36,1776691853000
1776691855.948,55.948,0.29,0.3,0.7,0.71,0.01,0.01,75172.36,1776691853000
1776691856.421,56.421,0.27,0.28,0.7,0.73,0.01,0.03,75169.48,1776691854000
1776691856.778,56.778,0.26,0.28,0.72,0.73,0.02,0.01,75169.48,1776691854000
1776691857.192,57.192,0.26,0.28,0.72,0.74,0.02,0.02,75162.85,1776691856000
1776691857.54,57.54,0.26,0.27,0.73,0.74,0.01,0.01,75162.85,1776691856000
1776691858.059,58.059,0.25,0.26,0.74,0.75,0.01,0.01,75162.85,1776691856000
1776691858.395,58.395,0.23,0.25,0.76,0.77,0.02,0.01,75162.85,1776691856000
1776691858.814,58.814,0.21,0.23,0.75,0.79,0.02,0.04,75158.71,1776691857000
1776691859.239,59.239,0.21,0.22,0.78,0.79,0.01,0.01,75150.21,1776691858000
1776691859.608,59.608,0.21,0.22,0.78,0.79,0.01,0.01,75150.21,1776691858000
1776691859.941,59.941,0.21,0.22,0.78,0.79,0.01,0.01,75150.21,1776691858000
1776691860.278,60.278,0.21,0.22,0.78,0.79,0.01,0.01,75150.21,1776691858000
1776691860.702,60.702,0.21,0.22,0.78,0.79,0.01,0.01,75150.21,1776691858000
1776691861.186,61.186,0.21,0.22,0.78,0.79,0.01,0.01,75143.03,1776691860000
1776691862.29,62.29,0.21,0.22,0.78,0.79,0.01,0.01,75140.59,1776691861000
1776691862.706,62.706,0.21,0.22,0.78,0.79,0.01,0.01,75140.59,1776691861000
1776691863.043,63.043,0.21,0.22,0.78,0.79,0.01,0.01,75115.08,1776691862000
1776691863.504,63.504,0.2,0.22,0.78,0.8,0.02,0.02,75115.08,1776691862000
1776691863.837,63.837,0.15,0.2,0.8,0.85,0.05,0.05,75115.08,1776691862000
1776691864.229,64.229,0.15,0.16,0.84,0.85,0.01,0.01,75115.08,1776691862000
1776691864.621,64.621,0.15,0.2,0.8,0.85,0.05,0.05,75102.82,1776691863000
1776691865.001,65.001,0.15,0.17,0.83,0.85,0.02,0.02,75102.82,1776691863000
1776691865.402,65.402,0.13,0.14,0.83,0.87,0.01,0.04,75108.51,1776691864000
1776691865.736,65.736,0.16,0.17,0.83,0.84,0.01,0.01,75108.51,1776691864000
1776691866.077,66.077,0.12,0.13,0.87,0.88,0.01,0.01,75108.51,1776691864000
1776691866.487,66.487,0.09,0.1,0.9,0.91,0.01,0.01,75108.51,1776691864000
1776691866.829,66.829,0.09,0.12,0.88,0.9,0.03,0.02,75096.96,1776691865000
1776691867.217,67.217,0.09,0.1,0.9,0.91,0.01,0.01,75096.96,1776691865000
1776691867.57,67.57,0.08,0.1,0.9,0.92,0.02,0.02,75096.96,1776691865000
1776691867.971,67.971,0.09,0.1,0.9,0.92,0.01,0.02,75080.71,1776691866000
1776691868.498,68.498,0.08,0.1,0.9,0.92,0.02,0.02,75080.71,1776691866000
1776691869.108,69.108,0.09,0.1,0.9,0.91,0.01,0.01,75080.71,1776691866000
1776691869.73,69.73,0.09,0.1,0.9,0.91,0.01,0.01,75066.71,1776691868000
1776691870.177,70.177,0.09,0.1,0.9,0.91,0.01,0.01,75066.71,1776691868000
1776691870.536,70.536,0.09,0.1,0.9,0.91,0.01,0.01,75066.71,1776691868000
1776691870.879,70.879,0.09,0.1,0.9,0.91,0.01,0.01,75065.04,1776691869000
1776691871.223,71.223,0.09,0.1,0.9,0.91,0.01,0.01,75065.04,1776691869000
1776691871.605,71.605,0.08,0.09,0.91,0.92,0.01,0.01,75065.04,1776691869000
1776691872.036,72.036,0.08,0.09,0.91,0.92,0.01,0.01,75066.28,1776691870000
1776691872.387,72.387,0.08,0.09,0.91,0.92,0.01,0.01,75066.28,1776691870000
1776691872.772,72.772,0.09,0.1,0.9,0.91,0.01,0.01,75066.28,1776691870000
1776691873.107,73.107,0.08,0.1,0.9,0.92,0.02,0.02,75066.28,1776691870000
1776691873.45,73.45,0.08,0.09,0.91,0.92,0.01,0.01,75066.28,1776691870000
1776691873.815,73.815,0.08,0.09,0.91,0.92,0.01,0.01,75066.28,1776691870000
1776691874.238,74.238,0.08,0.09,0.91,0.92,0.01,0.01,75063.68,1776691871000
1776691874.609,74.609,0.08,0.09,0.91,0.92,0.01,0.01,75063.68,1776691871000
1776691874.959,74.959,0.08,0.09,0.91,0.92,0.01,0.01,75055.98,1776691873000
1776691875.32,75.32,0.07,0.08,0.92,0.93,0.01,0.01,75055.98,1776691873000
1776691875.661,75.661,0.07,0.08,0.92,0.93,0.01,0.01,75055.98,1776691873000
1776691876.609,76.609,0.07,0.08,0.92,0.93,0.01,0.01,75054.6,1776691874000
1776691877.032,77.032,0.07,0.08,0.92,0.93,0.01,0.01,75051.21,1776691875000
1776691877.949,77.949,0.07,0.08,0.92,0.93,0.01,0.01,75047.09,1776691876000
1776691878.441,78.441,0.07,0.08,0.92,0.93,0.01,0.01,75047.09,1776691876000
1776691878.954,78.954,0.06,0.07,0.92,0.93,0.01,0.01,75047.09,1776691876000
1776691879.318,79.318,0.06,0.07,0.93,0.94,0.01,0.01,75036.98,1776691877000
1776691879.7,79.7,0.06,0.07,0.93,0.94,0.01,0.01,75036.98,1776691877000
1776691880.113,80.113,0.06,0.07,0.93,0.94,0.01,0.01,75028.23,1776691878000
1776691880.515,80.515,0.05,0.07,0.93,0.95,0.02,0.02,75028.23,1776691878000
1776691880.959,80.959,0.05,0.07,0.93,0.95,0.02,0.02,75020.63,1776691879000
1776691881.338,81.338,0.05,0.08,0.92,0.95,0.03,0.03,75020.63,1776691879000
1776691881.727,81.727,0.05,0.07,0.92,0.95,0.02,0.03,74999.13,1776691880000
1776691882.063,82.063,0.04,0.07,0.93,0.97,0.03,0.04,74999.13,1776691880000
1776691882.401,82.401,0.03,0.07,0.93,0.94,0.04,0.01,74967.16,1776691881000
1776691882.736,82.736,0.03,0.05,0.95,0.97,0.02,0.02,74967.16,1776691881000
1776691883.1,83.1,0.03,0.04,0.96,0.97,0.01,0.01,74967.16,1776691881000
1776691883.453,83.453,0.03,0.04,0.96,0.97,0.01,0.01,74946.48,1776691882000
1776691883.786,83.786,0.03,0.04,0.96,0.97,0.01,0.01,74946.48,1776691882000
1776691884.143,84.143,0.03,0.04,0.96,0.97,0.01,0.01,74946.48,1776691882000
1776691884.56,84.56,0.03,0.04,0.96,0.97,0.01,0.01,74946.48,1776691882000
1776691884.907,84.907,0.03,0.04,0.96,0.97,0.01,0.01,74944.99,1776691883000
1776691885.522,85.522,0.03,0.04,0.96,0.97,0.01,0.01,74944.99,1776691883000
1776691886.328,86.328,0.03,0.04,0.96,0.97,0.01,0.01,74942.15,1776691884000
1776691886.884,86.884,0.03,0.04,0.96,0.97,0.01,0.01,74903.56,1776691885000
1776691887.222,87.222,0.03,0.04,0.96,0.97,0.01,0.01,74903.56,1776691885000
1776691887.563,87.563,0.03,0.04,0.96,0.97,0.01,0.01,74903.56,1776691885000
1776691887.9,87.9,0.02,0.03,0.97,0.98,0.01,0.01,74903.56,1776691885000
1776691888.376,88.376,0.03,0.04,0.96,0.98,0.01,0.02,74902.88,1776691886000
1776691888.984,88.984,0.03,0.04,0.96,0.97,0.01,0.01,74902.88,1776691886000
1776691889.337,89.337,0.03,0.04,0.96,0.97,0.01,0.01,74902.88,1776691886000
1776691889.693,89.693,0.03,0.04,0.96,0.97,0.01,0.01,74922.79,1776691887000
1776691890.054,90.054,0.03,0.04,0.96,0.97,0.01,0.01,74922.79,1776691887000
1776691890.41,90.41,0.03,0.04,0.96,0.97,0.01,0.01,74930.49,1776691888000
1776691890.757,90.757,0.02,0.04,0.96,0.98,0.02,0.02,74930.49,1776691888000
1776691891.1,91.1,0.02,0.03,0.97,0.98,0.01,0.01,74936.18,1776691889000
1776691891.465,91.465,0.01,0.02,0.97,0.98,0.01,0.01,74936.18,1776691889000
1776691891.934,91.934,0.01,0.02,0.98,0.99,0.01,0.01,74928.54,1776691890000
1776691892.553,92.553,0.01,0.02,0.98,0.99,0.01,0.01,74934.46,1776691891000
1776691892.915,92.915,0.01,0.02,0.98,0.99,0.01,0.01,74934.46,1776691891000
1776691893.416,93.416,0.01,0.02,0.98,0.99,0.01,0.01,74934.46,1776691891000
1776691894.298,94.298,0.01,0.02,0.98,0.99,0.01,0.01,74920.25,1776691892000
1776691894.632,94.632,0.01,0.02,0.97,0.99,0.01,0.02,74920.25,1776691892000
1776691895.105,95.105,0.01,0.02,0.98,0.99,0.01,0.01,74920.25,1776691892000
1776691895.438,95.438,0.01,0.02,0.98,0.99,0.01,0.01,74920.25,1776691892000
1776691895.78,95.78,0.02,0.03,0.97,0.98,0.01,0.01,74914.76,1776691893000
1776691896.122,96.122,0.01,0.02,0.98,0.99,0.01,0.01,74914.76,1776691893000
1776691896.476,96.476,0.01,0.02,0.98,0.99,0.01,0.01,74927.02,1776691894000
1776691896.905,96.905,0.01,0.02,0.98,0.99,0.01,0.01,74927.02,1776691894000
1776691897.358,97.358,0.01,0.02,0.98,0.99,0.01,0.01,74927.02,1776691894000
1776691897.696,97.696,0.01,0.02,0.98,0.99,0.01,0.01,74927.02,1776691894000
1776691898.061,98.061,0.01,0.02,0.98,0.99,0.01,0.01,74931.65,1776691895000
1776691898.407,98.407,0.02,0.03,0.97,0.98,0.01,0.01,74931.65,1776691895000
1776691898.742,98.742,0.02,0.03,0.97,0.98,0.01,0.01,74930.61,1776691896000
1776691899.203,99.203,0.02,0.03,0.97,0.98,0.01,0.01,74930.61,1776691896000
1776691899.618,99.618,0.02,0.03,0.97,0.98,0.01,0.01,74931.24,1776691897000
1776691899.974,99.974,0.02,0.03,0.97,0.98,0.01,0.01,74931.24,1776691897000
1776691900.551,100.551,0.02,0.03,0.97,0.98,0.01,0.01,74931.24,1776691897000
1776691900.886,100.886,0.02,0.03,0.97,0.98,0.01,0.01,74942.58,1776691898000
1776691901.31,101.31,0.02,0.03,0.97,0.98,0.01,0.01,74942.58,1776691898000
1776691901.778,101.778,0.02,0.03,0.97,0.98,0.01,0.01,74951.11,1776691899000
1776691902.293,102.293,0.02,0.03,0.97,0.98,0.01,0.01,74951.11,1776691899000
1776691903.099,103.099,0.02,0.04,0.96,0.98,0.02,0.02,74955.22,1776691900000
1776691903.432,103.432,0.02,0.04,0.96,0.98,0.02,0.02,74959.46,1776691901000
1776691903.791,103.791,0.02,0.03,0.97,0.98,0.01,0.01,74959.46,1776691901000
1776691904.394,104.394,0.03,0.04,0.96,0.97,0.01,0.01,74959.46,1776691901000
1776691904.74,104.74,0.03,0.04,0.96,0.97,0.01,0.01,74988.39,1776691902000
1776691905.217,105.217,0.03,0.04,0.96,0.97,0.01,0.01,74988.39,1776691902000
1776691905.589,105.589,0.04,0.05,0.95,0.96,0.01,0.01,74988.39,1776691902000
1776691905.947,105.947,0.04,0.05,0.95,0.96,0.01,0.01,74991.5,1776691903000
1776691906.284,106.284,0.04,0.05,0.95,0.96,0.01,0.01,74991.5,1776691903000
1776691906.619,106.619,0.04,0.05,0.95,0.96,0.01,0.01,74991.5,1776691903000
1776691906.952,106.952,0.03,0.04,0.96,0.97,0.01,0.01,74991.5,1776691903000
1776691907.312,107.312,0.03,0.04,0.96,0.97,0.01,0.01,75002.15,1776691905000
1776691907.687,107.687,0.04,0.05,0.95,0.96,0.01,0.01,75002.15,1776691905000
1776691908.269,108.269,0.04,0.05,0.95,0.96,0.01,0.01,75002.15,1776691905000
1776691908.67,108.67,0.04,0.05,0.95,0.96,0.01,0.01,75006.19,1776691906000
1776691909.333,109.333,0.03,0.05,0.95,0.97,0.02,0.02,75012.31,1776691907000
1776691910.044,110.044,0.03,0.05,0.95,0.97,0.02,0.02,75021.51,1776691908000
1776691910.581,110.581,0.03,0.05,0.95,0.97,0.02,0.02,75021.51,1776691908000
1776691911.326,111.326,0.03,0.04,0.95,0.97,0.01,0.02,75021.51,1776691908000
1776691911.712,111.712,0.03,0.05,0.96,0.97,0.02,0.01,75017.3,1776691909000
1776691912.119,112.119,0.04,0.05,0.95,0.96,0.01,0.01,75017.3,1776691909000
1776691912.454,112.454,0.04,0.05,0.95,0.96,0.01,0.01,74997.71,1776691910000
1776691912.875,112.875,0.05,0.06,0.94,0.95,0.01,0.01,74997.71,1776691910000
1776691913.248,113.248,0.03,0.04,0.96,0.97,0.01,0.01,74997.71,1776691911000
1776691913.68,113.68,0.03,0.04,0.96,0.97,0.01,0.01,74997.71,1776691911000
1776691914.051,114.051,0.02,0.03,0.96,0.98,0.01,0.02,74985.47,1776691912000
1776691914.389,114.389,0.02,0.03,0.97,0.98,0.01,0.01,74985.47,1776691912000
1776691914.856,114.856,0.02,0.03,0.97,0.98,0.01,0.01,74985.47,1776691912000
1776691915.19,115.19,0.02,0.03,0.97,0.98,0.01,0.01,74974.55,1776691913000
1776691915.599,115.599,0.02,0.03,0.97,0.98,0.01,0.01,74974.55,1776691913000
1776691915.972,115.972,0.02,0.03,0.97,0.98,0.01,0.01,74972.17,1776691914000
1776691916.329,116.329,0.02,0.03,0.97,0.98,0.01,0.01,74972.17,1776691914000
1776691916.845,116.845,0.02,0.03,0.97,0.98,0.01,0.01,74972.17,1776691914000
1776691917.255,117.255,0.02,0.03,0.96,0.98,0.01,0.02,74963.71,1776691915000
1776691918.16,118.16,0.02,0.03,0.97,0.98,0.01,0.01,74973.82,1776691916000
1776691918.516,118.516,0.02,0.03,0.96,0.98,0.01,0.02,74973.82,1776691916000
1776691918.926,118.926,0.02,0.03,0.97,0.98,0.01,0.01,74973.9,1776691917000
1776691919.267,119.267,0.02,0.03,0.97,0.98,0.01,0.01,74973.9,1776691917000
1776691919.618,119.618,0.02,0.03,0.97,0.98,0.01,0.01,74965.45,1776691918000
1776691919.98,119.98,0.02,0.03,0.97,0.98,0.01,0.01,74965.45,1776691918000
1776691920.322,120.322,0.02,0.03,0.97,0.98,0.01,0.01,74965.45,1776691918000
1776691920.68,120.68,0.02,0.03,0.97,0.98,0.01,0.01,74965.45,1776691918000
1776691921.102,121.102,0.02,0.03,0.97,0.98,0.01,0.01,74965.45,1776691918000
1776691921.447,121.447,0.02,0.03,0.97,0.98,0.01,0.01,74970.06,1776691920000
1776691921.943,121.943,0.01,0.03,0.97,0.98,0.02,0.01,74970.06,1776691920000
1776691922.367,122.367,0.02,0.03,0.97,0.98,0.01,0.01,74970.06,1776691920000
1776691922.706,122.706,0.03,0.04,0.96,0.97,0.01,0.01,74970.06,1776691920000
1776691923.169,123.169,0.03,0.04,0.96,0.97,0.01,0.01,74969.25,1776691921000
1776691923.629,123.629,0.03,0.04,0.96,0.97,0.01,0.01,74969.25,1776691921000
1776691923.991,123.991,0.03,0.04,0.96,0.97,0.01,0.01,74974.55,1776691922000
1776691924.442,124.442,0.03,0.04,0.96,0.97,0.01,0.01,74982.52,1776691923000
1776691924.828,124.828,0.03,0.04,0.96,0.97,0.01,0.01,74982.52,1776691923000
1776691925.172,125.172,0.03,0.04,0.96,0.97,0.01,0.01,74982.52,1776691923000
1776691925.547,125.547,0.03,0.04,0.96,0.97,0.01,0.01,75012.99,1776691924000
1776691925.993,125.993,0.03,0.04,0.96,0.97,0.01,0.01,75012.99,1776691924000
1776691926.343,126.343,0.03,0.04,0.96,0.97,0.01,0.01,75012.99,1776691924000
1776691926.757,126.757,0.03,0.04,0.96,0.97,0.01,0.01,75012.99,1776691924000
1776691927.216,127.216,0.03,0.04,0.96,0.97,0.01,0.01,75029.77,1776691926000
1776691927.622,127.622,0.03,0.04,0.96,0.97,0.01,0.01,75029.77,1776691926000
1776691928.166,128.166,0.03,0.04,0.96,0.97,0.01,0.01,75029.77,1776691926000
1776691928.544,128.544,0.03,0.04,0.96,0.97,0.01,0.01,75037.51,1776691927000
1776691929.018,129.018,0.03,0.04,0.96,0.97,0.01,0.01,75037.51,1776691927000
1776691929.364,129.364,0.03,0.04,0.96,0.97,0.01,0.01,75037.51,1776691927000
1776691929.699,129.699,0.03,0.04,0.96,0.97,0.01,0.01,75039.97,1776691928000
1776691930.106,130.106,0.03,0.04,0.96,0.97,0.01,0.01,75046.21,1776691929000
1776691930.533,130.533,0.03,0.04,0.96,0.97,0.01,0.01,75046.21,1776691929000
1776691930.879,130.879,0.03,0.04,0.96,0.97,0.01,0.01,75046.21,1776691929000
1776691931.33,131.33,0.03,0.04,0.96,0.97,0.01,0.01,75052.64,1776691930000
1776691931.688,131.688,0.04,0.05,0.95,0.96,0.01,0.01,75052.64,1776691930000
1776691932.518,132.518,0.04,0.05,0.95,0.96,0.01,0.01,75050.88,1776691931000
1776691933.178,133.178,0.04,0.05,0.95,0.96,0.01,0.01,75046.1,1776691932000
1776691934.524,134.524,0.04,0.05,0.95,0.96,0.01,0.01,75062.31,1776691933000
1776691934.897,134.897,0.04,0.05,0.95,0.96,0.01,0.01,75062.31,1776691933000
1776691935.428,135.428,0.05,0.06,0.95,0.96,0.01,0.01,75062.31,1776691933000
1776691935.84,135.84,0.05,0.06,0.94,0.95,0.01,0.01,75079.16,1776691934000
1776691936.198,136.198,0.05,0.06,0.94,0.95,0.01,0.01,75088.82,1776691935000
1776691936.621,136.621,0.05,0.06,0.94,0.95,0.01,0.01,75088.82,1776691935000
1776691936.956,136.956,0.04,0.05,0.95,0.96,0.01,0.01,75088.82,1776691935000
1776691937.385,137.385,0.04,0.07,0.95,0.96,0.03,0.01,75090.94,1776691936000
1776691937.726,137.726,0.05,0.07,0.93,0.95,0.02,0.02,75090.94,1776691936000
1776691938.065,138.065,0.06,0.07,0.93,0.95,0.01,0.02,75090.94,1776691936000
1776691938.426,138.426,0.07,0.08,0.92,0.93,0.01,0.01,75087.6,1776691937000
1776691938.778,138.778,0.08,0.09,0.91,0.92,0.01,0.01,75087.6,1776691937000
1776691939.206,139.206,0.08,0.09,0.91,0.92,0.01,0.01,75092.07,1776691938000
1776691939.595,139.595,0.08,0.09,0.91,0.92,0.01,0.01,75092.07,1776691938000
1776691940.282,140.282,0.08,0.09,0.91,0.92,0.01,0.01,75092.07,1776691938000
1776691940.838,140.838,0.08,0.09,0.91,0.92,0.01,0.01,75097.65,1776691939000
1776691941.268,141.268,0.08,0.09,0.91,0.92,0.01,0.01,75100.61,1776691940000
1776691941.649,141.649,0.08,0.09,0.91,0.92,0.01,0.01,75100.61,1776691940000
1776691942.259,142.259,0.08,0.1,0.9,0.92,0.02,0.02,75100.61,1776691940000
1776691942.789,142.789,0.08,0.1,0.9,0.92,0.02,0.02,75098.86,1776691941000
1776691943.54,143.54,0.08,0.1,0.9,0.92,0.02,0.02,75108.2,1776691942000
1776691944.481,144.481,0.08,0.09,0.91,0.92,0.01,0.01,75138.99,1776691943000
1776691944.986,144.986,0.08,0.09,0.91,0.92,0.01,0.01,75147.1,1776691944000
1776691945.365,145.365,0.08,0.1,0.91,0.92,0.02,0.01,75147.1,1776691944000
1776691945.72,145.72,0.09,0.1,0.9,0.91,0.01,0.01,75147.1,1776691944000
1776691946.134,146.134,0.08,0.12,0.89,0.92,0.04,0.03,75149.6,1776691945000
1776691946.494,146.494,0.11,0.12,0.88,0.89,0.01,0.01,75149.6,1776691945000
1776691946.837,146.837,0.11,0.13,0.87,0.89,0.02,0.02,75149.6,1776691945000
1776691947.194,147.194,0.11,0.15,0.85,0.89,0.04,0.04,75160.12,1776691946000
1776691947.54,147.54,0.12,0.17,0.83,0.89,0.05,0.06,75160.12,1776691946000
1776691947.904,147.904,0.13,0.14,0.83,0.88,0.01,0.05,75160.12,1776691946000
1776691948.308,148.308,0.13,0.15,0.85,0.87,0.02,0.02,75163.44,1776691947000
1776691948.729,148.729,0.13,0.15,0.85,0.87,0.02,0.02,75163.44,1776691947000
1776691949.079,149.079,0.16,0.18,0.82,0.84,0.02,0.02,75164.04,1776691948000
1776691949.445,149.445,0.16,0.18,0.82,0.84,0.02,0.02,75164.04,1776691948000
1776691950.164,150.164,0.13,0.18,0.82,0.88,0.05,0.06,75164.04,1776691948000
1776691950.884,150.884,0.11,0.19,0.82,0.89,0.08,0.07,75164.04,1776691948000
1776691951.44,151.44,0.13,0.15,0.85,0.88,0.02,0.03,75168.58,1776691949000
1776691951.785,151.785,0.13,0.15,0.8,0.87,0.02,0.07,75168.58,1776691949000
1776691952.218,152.218,0.16,0.2,0.8,0.84,0.04,0.04,75168.58,1776691949000
1776691952.563,152.563,0.19,0.2,0.8,0.81,0.01,0.01,75168.58,1776691949000
1776691953.018,153.018,0.18,0.22,0.78,0.82,0.04,0.04,75168.58,1776691949000
1776691953.438,153.438,0.18,0.22,0.78,0.82,0.04,0.04,75168.58,1776691949000
1776691953.783,153.783,0.14,0.19,0.81,0.86,0.05,0.05,75168.58,1776691949000
1776691954.119,154.119,0.16,0.17,0.83,0.84,0.01,0.01,75170.83,1776691952000
1776691954.467,154.467,0.16,0.18,0.82,0.84,0.02,0.02,75170.83,1776691952000
1776691954.804,154.804,0.2,0.22,0.81,0.82,0.02,0.01,75160.78,1776691953000
1776691955.141,155.141,0.21,0.22,0.78,0.79,0.01,0.01,75155.5,1776691954000
1776691955.5,155.5,0.21,0.22,0.78,0.79,0.01,0.01,75155.5,1776691954000
1776691955.833,155.833,0.21,0.22,0.78,0.79,0.01,0.01,75155.5,1776691954000
1776691956.254,156.254,0.21,0.22,0.78,0.79,0.01,0.01,75153.13,1776691955000
1776691956.812,156.812,0.21,0.22,0.78,0.79,0.01,0.01,75153.13,1776691955000
1776691957.148,157.148,0.21,0.22,0.78,0.79,0.01,0.01,75153.13,1776691955000
1776691957.735,157.735,0.21,0.24,0.76,0.79,0.03,0.03,75154.75,1776691956000
1776691958.4,158.4,0.21,0.24,0.76,0.79,0.03,0.03,75162.78,1776691957000
1776691958.929,158.929,0.21,0.22,0.78,0.79,0.01,0.01,75162.78,1776691957000
1776691959.478,159.478,0.23,0.24,0.76,0.77,0.01,0.01,75162.78,1776691957000
1776691959.895,159.895,0.23,0.24,0.76,0.78,0.01,0.02,75169.15,1776691958000
1776691960.317,160.317,0.23,0.25,0.75,0.77,0.02,0.02,75168.89,1776691959000
1776691960.681,160.681,0.22,0.25,0.75,0.78,0.03,0.03,75168.89,1776691959000
1776691961.435,161.435,0.23,0.25,0.76,0.79,0.02,0.03,75168.89,1776691959000
1776691961.769,161.769,0.21,0.22,0.78,0.79,0.01,0.01,75162.66,1776691960000
1776691962.115,162.115,0.21,0.22,0.78,0.79,0.01,0.01,75160.61,1776691961000
1776691962.47,162.47,0.19,0.24,0.76,0.81,0.05,0.05,75160.61,1776691961000
1776691962.815,162.815,0.15,0.18,0.82,0.84,0.03,0.02,75160.61,1776691961000
1776691963.151,163.151,0.15,0.16,0.84,0.85,0.01,0.01,75160.61,1776691961000
1776691963.698,163.698,0.15,0.16,0.84,0.85,0.01,0.01,75130.83,1776691962000
1776691964.043,164.043,0.15,0.16,0.84,0.86,0.01,0.02,75130.83,1776691962000
1776691964.769,164.769,0.15,0.16,0.84,0.85,0.01,0.01,75127.3,1776691963000
1776691965.16,165.16,0.15,0.16,0.84,0.85,0.01,0.01,75127.3,1776691963000
1776691965.59,165.59,0.15,0.16,0.84,0.85,0.01,0.01,75125.45,1776691964000
1776691966.161,166.161,0.15,0.16,0.84,0.85,0.01,0.01,75125.7,1776691965000
1776691967.016,167.016,0.15,0.16,0.84,0.85,0.01,0.01,75125.7,1776691965000
1776691967.574,167.574,0.15,0.16,0.84,0.85,0.01,0.01,75127.42,1776691966000
1776691968.028,168.028,0.15,0.16,0.84,0.85,0.01,0.01,75127.42,1776691966000
1776691968.366,168.366,0.15,0.16,0.84,0.85,0.01,0.01,75127.42,1776691966000
1776691968.701,168.701,0.15,0.16,0.84,0.85,0.01,0.01,75133.98,1776691967000
1776691969.168,169.168,0.15,0.16,0.84,0.85,0.01,0.01,75133.98,1776691967000
1776691969.504,169.504,0.15,0.16,0.84,0.85,0.01,0.01,75133.98,1776691967000
1776691969.941,169.941,0.15,0.16,0.84,0.85,0.01,0.01,75130.63,1776691968000
1776691970.282,170.282,0.15,0.16,0.84,0.85,0.01,0.01,75130.63,1776691968000
1776691970.637,170.637,0.17,0.19,0.81,0.83,0.02,0.02,75128.73,1776691969000
1776691970.99,170.99,0.19,0.2,0.8,0.81,0.01,0.01,75128.73,1776691969000
1776691971.406,171.406,0.2,0.22,0.79,0.8,0.02,0.01,75137.67,1776691970000
1776691971.799,171.799,0.2,0.21,0.79,0.8,0.01,0.01,75137.67,1776691970000
1776691972.519,172.519,0.2,0.21,0.79,0.8,0.01,0.01,75145.14,1776691971000
1776691973.208,173.208,0.2,0.21,0.79,0.8,0.01,0.01,75153.42,1776691972000
1776691974.775,174.775,0.2,0.21,0.79,0.8,0.01,0.01,75151.89,1776691973000
1776691975.153,175.153,0.2,0.21,0.79,0.8,0.01,0.01,75151.89,1776691973000
1776691975.547,175.547,0.2,0.21,0.79,0.8,0.01,0.01,75151.68,1776691974000
1776691975.885,175.885,0.2,0.21,0.79,0.8,0.01,0.01,75151.68,1776691974000
1776691976.234,176.234,0.2,0.21,0.79,0.8,0.01,0.01,75151.68,1776691974000
1776691976.577,176.577,0.2,0.21,0.79,0.8,0.01,0.01,75155.89,1776691975000
1776691976.918,176.918,0.2,0.21,0.79,0.8,0.01,0.01,75155.89,1776691975000
1776691977.573,177.573,0.2,0.21,0.79,0.8,0.01,0.01,75155.89,1776691975000
1776691977.914,177.914,0.2,0.21,0.79,0.8,0.01,0.01,75167.28,1776691976000
1776691978.256,178.256,0.2,0.22,0.78,0.8,0.02,0.02,75167.28,1776691976000
1776691978.595,178.595,0.2,0.21,0.79,0.8,0.01,0.01,75167.28,1776691976000
1776691978.933,178.933,0.2,0.21,0.79,0.8,0.01,0.01,75169.89,1776691977000
1776691979.282,179.282,0.2,0.21,0.79,0.8,0.01,0.01,75169.89,1776691977000
1776691979.683,179.683,0.2,0.21,0.79,0.8,0.01,0.01,75167.9,1776691978000
1776691980.165,180.165,0.17,0.21,0.79,0.83,0.04,0.04,75162.75,1776691979000
1776691981.174,181.174,0.2,0.21,0.79,0.81,0.01,0.02,75162.75,1776691979000
1776691981.694,181.694,0.18,0.21,0.79,0.82,0.03,0.03,75145.93,1776691980000
1776691982.402,182.402,0.18,0.21,0.79,0.82,0.03,0.03,75148.76,1776691981000
1776691982.825,182.825,0.18,0.19,0.79,0.82,0.01,0.03,75148.76,1776691981000
1776691983.314,183.314,0.17,0.2,0.8,0.83,0.03,0.03,75148.76,1776691981000
1776691983.913,183.913,0.19,0.2,0.8,0.83,0.01,0.03,75148.76,1776691981000
1776691984.264,184.264,0.18,0.19,0.8,0.82,0.01,0.02,75160.88,1776691982000
1776691984.71,184.71,0.18,0.19,0.81,0.82,0.01,0.01,75157.37,1776691983000
1776691985.049,185.049,0.18,0.2,0.8,0.82,0.02,0.02,75157.37,1776691983000
1776691985.505,185.505,0.18,0.2,0.79,0.82,0.02,0.03,75144.69,1776691984000
1776691985.839,185.839,0.2,0.21,0.79,0.81,0.01,0.02,75144.69,1776691984000
1776691986.174,186.174,0.18,0.19,0.81,0.82,0.01,0.01,75144.69,1776691984000
1776691986.51,186.51,0.16,0.17,0.83,0.84,0.01,0.01,75144.69,1776691984000
1776691986.847,186.847,0.17,0.18,0.82,0.83,0.01,0.01,75144.69,1776691984000
1776691987.29,187.29,0.17,0.18,0.82,0.83,0.01,0.01,75132.75,1776691985000
1776691987.653,187.653,0.16,0.17,0.82,0.84,0.01,0.02,75133.56,1776691986000
1776691988.053,188.053,0.14,0.16,0.84,0.86,0.02,0.02,75133.56,1776691986000
1776691988.916,188.916,0.13,0.16,0.84,0.86,0.03,0.02,75134.25,1776691987000
1776691989.371,189.371,0.13,0.16,0.84,0.87,0.03,0.03,75134.25,1776691987000
1776691989.819,189.819,0.13,0.14,0.86,0.87,0.01,0.01,75108.68,1776691988000
1776691990.209,190.209,0.12,0.16,0.84,0.87,0.04,0.03,75104.58,1776691989000
1776691991.392,191.392,0.12,0.16,0.84,0.88,0.04,0.04,75110.37,1776691990000
1776691992.779,192.779,0.12,0.16,0.84,0.88,0.04,0.04,75109.79,1776691991000
1776691993.27,193.27,0.12,0.16,0.84,0.88,0.04,0.04,75110.01,1776691992000
1776691994.004,194.004,0.14,0.16,0.84,0.88,0.02,0.04,75110.01,1776691992000
1776691994.422,194.422,0.14,0.16,0.84,0.86,0.02,0.02,75110.01,1776691992000
1776691994.777,194.777,0.15,0.16,0.84,0.85,0.01,0.01,75131.66,1776691993000
1776691995.115,195.115,0.14,0.15,0.85,0.86,0.01,0.01,75131.66,1776691993000
1776691995.452,195.452,0.08,0.16,0.85,0.92,0.08,0.07,75149.71,1776691994000
1776691995.786,195.786,0.14,0.16,0.85,0.86,0.02,0.01,75149.71,1776691994000
1776691996.129,196.129,0.13,0.17,0.84,0.87,0.04,0.03,75149.71,1776691994000
1776691996.47,196.47,0.14,0.16,0.84,0.86,0.02,0.02,75148.47,1776691995000
1776691996.803,196.803,0.15,0.17,0.83,0.85,0.02,0.02,75148.47,1776691995000
1776691997.404,197.404,0.15,0.16,0.82,0.85,0.01,0.03,75148.47,1776691995000
1776691997.745,197.745,0.15,0.16,0.84,0.85,0.01,0.01,75155.31,1776691996000
1776691998.094,198.094,0.15,0.16,0.84,0.85,0.01,0.01,75155.31,1776691996000
1776691998.604,198.604,0.15,0.18,0.84,0.85,0.03,0.01,75155.31,1776691997000
1776691999.361,199.361,0.15,0.16,0.83,0.85,0.01,0.02,75155.31,1776691997000
1776691999.75,199.75,0.15,0.18,0.84,0.85,0.03,0.01,75151.04,1776691998000
1776692000.126,200.126,0.15,0.18,0.82,0.85,0.03,0.03,75151.04,1776691998000
1776692000.508,200.508,0.15,0.16,0.84,0.85,0.01,0.01,75151.04,1776691998000
1776692000.921,200.921,0.15,0.18,0.82,0.85,0.03,0.03,75150.99,1776691999000
1776692001.589,201.589,0.16,0.17,0.83,0.84,0.01,0.01,75151.81,1776692000000
1776692001.949,201.949,0.16,0.17,0.83,0.84,0.01,0.01,75151.81,1776692000000
1776692002.793,202.793,0.15,0.16,0.84,0.85,0.01,0.01,75150.44,1776692001000
1776692003.188,203.188,0.17,0.18,0.82,0.85,0.01,0.03,75150.44,1776692001000
1776692003.554,203.554,0.15,0.18,0.82,0.85,0.03,0.03,75151.47,1776692002000
1776692003.888,203.888,0.17,0.18,0.82,0.84,0.01,0.02,75151.47,1776692002000
1776692004.223,204.223,0.17,0.18,0.82,0.83,0.01,0.01,75154.47,1776692003000
1776692004.562,204.562,0.18,0.19,0.81,0.82,0.01,0.01,75154.47,1776692003000
1776692004.895,204.895,0.18,0.19,0.81,0.82,0.01,0.01,75154.47,1776692003000
1776692005.291,205.291,0.19,0.2,0.8,0.81,0.01,0.01,75158.64,1776692004000
1776692005.628,205.628,0.19,0.2,0.8,0.81,0.01,0.01,75158.64,1776692004000
1776692006.324,206.324,0.19,0.2,0.8,0.81,0.01,0.01,75163.34,1776692005000
1776692006.68,206.68,0.19,0.2,0.8,0.81,0.01,0.01,75163.34,1776692005000
1776692007.265,207.265,0.19,0.21,0.8,0.81,0.02,0.01,75163.34,1776692005000
1776692008.001,208.001,0.19,0.2,0.8,0.81,0.01,0.01,75169.11,1776692007000
1776692008.346,208.346,0.19,0.2,0.8,0.81,0.01,0.01,75169.11,1776692007000
1776692008.708,208.708,0.19,0.2,0.8,0.81,0.01,0.01,75169.11,1776692007000
1776692009.083,209.083,0.19,0.2,0.8,0.81,0.01,0.01,75169.11,1776692007000
1776692009.674,209.674,0.19,0.2,0.8,0.81,0.01,0.01,75170.58,1776692008000
1776692010.298,210.298,0.19,0.2,0.8,0.81,0.01,0.01,75177.48,1776692009000
1776692010.672,210.672,0.19,0.2,0.8,0.81,0.01,0.01,75177.48,1776692009000
1776692011.095,211.095,0.19,0.21,0.79,0.81,0.02,0.02,75177.48,1776692009000
1776692011.492,211.492,0.19,0.21,0.79,0.81,0.02,0.02,75181.92,1776692010000
1776692012.07,212.07,0.19,0.21,0.79,0.81,0.02,0.02,75181.92,1776692010000
1776692012.407,212.407,0.19,0.22,0.78,0.81,0.03,0.03,75205.33,1776692011000
1776692012.764,212.764,0.2,0.22,0.78,0.8,0.02,0.02,75205.33,1776692011000
1776692013.101,213.101,0.23,0.24,0.76,0.77,0.01,0.01,75210.75,1776692012000
1776692013.448,213.448,0.25,0.27,0.73,0.75,0.02,0.02,75210.75,1776692012000
1776692013.802,213.802,0.25,0.28,0.72,0.75,0.03,0.03,75210.75,1776692012000
1776692014.151,214.151,0.23,0.29,0.71,0.77,0.06,0.06,75212.41,1776692013000
1776692014.984,214.984,0.23,0.29,0.71,0.77,0.06,0.06,75212.41,1776692013000
1776692015.501,215.501,0.25,0.29,0.71,0.77,0.04,0.06,75213.72,1776692014000
1776692016.023,216.023,0.25,0.29,0.71,0.75,0.04,0.04,75209.29,1776692015000
1776692016.44,216.44,0.23,0.29,0.71,0.75,0.06,0.04,75209.29,1776692015000
1776692017.45,217.45,0.23,0.25,0.71,0.77,0.02,0.06,75209.29,1776692015000
1776692017.839,217.839,0.23,0.26,0.74,0.77,0.03,0.03,75213.08,1776692016000
1776692018.211,218.211,0.25,0.3,0.74,0.75,0.05,0.01,75213.08,1776692016000
1776692018.913,218.913,0.25,0.26,0.7,0.75,0.01,0.05,75215.03,1776692017000
1776692019.264,219.264,0.25,0.3,0.7,0.75,0.05,0.05,75215.03,1776692017000
1776692019.816,219.816,0.25,0.3,0.7,0.75,0.05,0.05,75208.82,1776692018000
1776692020.183,220.183,0.22,0.26,0.74,0.78,0.04,0.04,75208.82,1776692018000
1776692020.522,220.522,0.24,0.29,0.69,0.78,0.05,0.09,75197.49,1776692019000
1776692020.876,220.876,0.31,0.35,0.66,0.69,0.04,0.03,75197.49,1776692019000
1776692021.214,221.214,0.23,0.26,0.74,0.77,0.03,0.03,75201.01,1776692020000
1776692021.56,221.56,0.35,0.36,0.64,0.65,0.01,0.01,75201.01,1776692020000
1776692021.9,221.9,0.3,0.39,0.61,0.69,0.09,0.08,75201.01,1776692020000
1776692022.234,222.234,0.31,0.32,0.68,0.69,0.01,0.01,75201.46,1776692021000
1776692022.609,222.609,0.38,0.39,0.61,0.62,0.01,0.01,75201.46,1776692021000
1776692023.166,223.166,0.31,0.39,0.61,0.69,0.08,0.08,75204.68,1776692022000
1776692023.54,223.54,0.29,0.38,0.62,0.71,0.09,0.09,75204.68,1776692022000
1776692024.044,224.044,0.31,0.32,0.68,0.71,0.01,0.03,75204.68,1776692022000
1776692024.391,224.391,0.31,0.32,0.68,0.69,0.01,0.01,75205.15,1776692023000
1776692025.036,225.036,0.29,0.32,0.68,0.69,0.03,0.01,75205.15,1776692023000
1776692025.423,225.423,0.29,0.36,0.68,0.71,0.07,0.03,75205.15,1776692023000
1776692026.072,226.072,0.36,0.37,0.63,0.71,0.01,0.08,75197.79,1776692024000
1776692026.423,226.423,0.32,0.33,0.67,0.68,0.01,0.01,75197.79,1776692024000
1776692026.916,226.916,0.31,0.37,0.67,0.69,0.06,0.02,75203.98,1776692025000
1776692027.337,227.337,0.31,0.37,0.63,0.69,0.06,0.06,75203.98,1776692025000
1776692027.82,227.82,0.31,0.37,0.63,0.69,0.06,0.06,75207.72,1776692026000
1776692028.169,228.169,0.35,0.37,0.63,0.69,0.02,0.06,75207.72,1776692026000
1776692028.516,228.516,0.25,0.32,0.68,0.74,0.07,0.06,75207.72,1776692026000
1776692028.854,228.854,0.35,0.36,0.63,0.65,0.01,0.02,75200.88,1776692027000
1776692029.189,229.189,0.3,0.36,0.65,0.7,0.06,0.05,75198.7,1776692028000
1776692029.53,229.53,0.33,0.36,0.65,0.68,0.03,0.03,75198.7,1776692028000
1776692029.877,229.877,0.35,0.36,0.64,0.65,0.01,0.01,75198.7,1776692028000
1776692030.216,230.216,0.35,0.37,0.64,0.65,0.02,0.01,75199.34,1776692029000
1776692031.059,231.059,0.35,0.36,0.64,0.65,0.01,0.01,75199.34,1776692029000
1776692031.464,231.464,0.35,0.36,0.64,0.65,0.01,0.01,75199.34,1776692029000
1776692031.859,231.859,0.35,0.36,0.64,0.65,0.01,0.01,75205.35,1776692030000
1776692032.297,232.297,0.35,0.36,0.64,0.65,0.01,0.01,75205.35,1776692030000
1776692032.81,232.81,0.35,0.36,0.64,0.65,0.01,0.01,75205.35,1776692030000
1776692033.145,233.145,0.35,0.36,0.64,0.65,0.01,0.01,75206.07,1776692031000
1776692034.016,234.016,0.35,0.36,0.64,0.65,0.01,0.01,75206.35,1776692032000
1776692034.478,234.478,0.33,0.36,0.64,0.66,0.03,0.02,75206.35,1776692032000
1776692034.829,234.829,0.35,0.36,0.64,0.65,0.01,0.01,75207.61,1776692033000
1776692035.208,235.208,0.35,0.36,0.64,0.65,0.01,0.01,75207.61,1776692033000
1776692035.742,235.742,0.35,0.36,0.64,0.65,0.01,0.01,75207.61,1776692033000
1776692036.174,236.174,0.35,0.36,0.64,0.65,0.01,0.01,75207.88,1776692034000
1776692036.511,236.511,0.35,0.36,0.64,0.65,0.01,0.01,75209.57,1776692035000
1776692036.847,236.847,0.37,0.4,0.6,0.63,0.03,0.03,75209.57,1776692035000
1776692037.213,237.213,0.36,0.37,0.63,0.64,0.01,0.01,75209.57,1776692035000
1776692037.563,237.563,0.38,0.39,0.6,0.63,0.01,0.03,75209.57,1776692035000
1776692037.929,237.929,0.38,0.4,0.6,0.62,0.02,0.02,75212.44,1776692036000
1776692038.303,238.303,0.38,0.4,0.6,0.62,0.02,0.02,75212.44,1776692036000
1776692038.909,238.909,0.39,0.4,0.6,0.62,0.01,0.02,75217.14,1776692037000
1776692039.515,239.515,0.39,0.41,0.59,0.61,0.02,0.02,75217.14,1776692037000
1776692040.002,240.002,0.4,0.41,0.59,0.61,0.01,0.02,75222.43,1776692038000
1776692040.378,240.378,0.39,0.41,0.59,0.6,0.02,0.01,75222.43,1776692038000
1776692040.808,240.808,0.39,0.41,0.59,0.62,0.02,0.03,75225.48,1776692039000
1776692041.228,241.228,0.38,0.42,0.58,0.61,0.04,0.03,75225.48,1776692039000
1776692041.819,241.819,0.38,0.42,0.58,0.62,0.04,0.04,75229.13,1776692040000
1776692042.355,242.355,0.39,0.42,0.58,0.61,0.03,0.03,75229.89,1776692041000
1776692042.717,242.717,0.39,0.42,0.58,0.61,0.03,0.03,75229.89,1776692041000
1776692043.058,243.058,0.39,0.4,0.6,0.61,0.01,0.01,75229.89,1776692041000
1776692043.581,243.581,0.39,0.42,0.6,0.61,0.03,0.01,75229.89,1776692041000
1776692044.066,244.066,0.41,0.43,0.58,0.59,0.02,0.01,75246.74,1776692042000
1776692044.4,244.4,0.39,0.44,0.57,0.61,0.05,0.04,75246.74,1776692042000
1776692044.777,244.777,0.39,0.41,0.52,0.56,0.02,0.04,75255.19,1776692043000
1776692045.177,245.177,0.4,0.45,0.51,0.6,0.05,0.09,75255.19,1776692043000
1776692045.557,245.557,0.48,0.5,0.5,0.52,0.02,0.02,75261.62,1776692044000
1776692045.892,245.892,0.47,0.55,0.45,0.53,0.08,0.08,75261.62,1776692044000
1776692046.227,246.227,0.48,0.54,0.46,0.52,0.06,0.06,75261.62,1776692044000
1776692046.568,246.568,0.5,0.61,0.39,0.5,0.11,0.11,75261.62,1776692044000
1776692046.989,246.989,0.57,0.62,0.38,0.5,0.05,0.12,75280.65,1776692045000
1776692047.359,247.359,0.57,0.62,0.38,0.43,0.05,0.05,75280.64,1776692046000
1776692047.907,247.907,0.6,0.62,0.38,0.43,0.02,0.05,75280.64,1776692046000
1776692048.378,248.378,0.57,0.62,0.38,0.43,0.05,0.05,75280.64,1776692046000
1776692049.011,249.011,0.57,0.62,0.38,0.43,0.05,0.05,75276.48,1776692047000
1776692049.58,249.58,0.55,0.57,0.38,0.4,0.02,0.02,75276.48,1776692047000
1776692050.032,250.032,0.59,0.63,0.38,0.41,0.04,0.03,75262.56,1776692048000
1776692050.466,250.466,0.59,0.63,0.37,0.41,0.04,0.04,75262.48,1776692049000
1776692050.83,250.83,0.55,0.63,0.37,0.41,0.08,0.04,75262.48,1776692049000
1776692051.203,251.203,0.6,0.65,0.35,0.4,0.05,0.05,75262.48,1776692049000
1776692051.633,251.633,0.6,0.65,0.35,0.4,0.05,0.05,75237.64,1776692050000
1776692051.967,251.967,0.54,0.61,0.39,0.46,0.07,0.07,75237.64,1776692050000
1776692052.33,252.33,0.56,0.7,0.3,0.44,0.14,0.14,75237.64,1776692050000
1776692052.665,252.665,0.56,0.7,0.3,0.39,0.14,0.09,75237.64,1776692050000
1776692053.01,253.01,0.58,0.69,0.31,0.5,0.11,0.19,75228.51,1776692051000
1776692053.345,253.345,0.5,0.62,0.38,0.5,0.12,0.12,75228.51,1776692051000
1776692053.7,253.7,0.5,0.64,0.31,0.5,0.14,0.19,75228.51,1776692051000
1776692054.037,254.037,0.49,0.6,0.4,0.51,0.11,0.11,75229.26,1776692052000
1776692054.373,254.373,0.59,0.63,0.37,0.39,0.04,0.02,75229.26,1776692052000
1776692054.819,254.819,0.56,0.6,0.42,0.45,0.04,0.03,75229.12,1776692053000
1776692055.223,255.223,0.6,0.62,0.38,0.4,0.02,0.02,75229.12,1776692053000
1776692055.577,255.577,0.6,0.61,0.39,0.4,0.01,0.01,75228.6,1776692054000
1776692055.987,255.987,0.58,0.61,0.39,0.42,0.03,0.03,75228.6,1776692054000
1776692056.338,256.338,0.58,0.61,0.39,0.42,0.03,0.03,75233.93,1776692055000
1776692056.69,256.69,0.54,0.61,0.42,0.46,0.07,0.04,75233.93,1776692055000
1776692057.061,257.061,0.56,0.62,0.38,0.46,0.06,0.08,75233.93,1776692055000
1776692057.538,257.538,0.56,0.62,0.38,0.44,0.06,0.06,75232.93,1776692056000
1776692058.182,258.182,0.56,0.59,0.38,0.44,0.03,0.06,75232.93,1776692056000
1776692058.533,258.533,0.56,0.59,0.41,0.44,0.03,0.03,75232.93,1776692056000
1776692058.889,258.889,0.56,0.58,0.4,0.44,0.02,0.04,75232.96,1776692057000
1776692059.309,259.309,0.56,0.6,0.42,0.44,0.04,0.02,75232.96,1776692057000
1776692059.652,259.652,0.58,0.61,0.4,0.42,0.03,0.02,75232.96,1776692057000
1776692060.268,260.268,0.58,0.59,0.41,0.42,0.01,0.01,75233.58,1776692058000
1776692060.62,260.62,0.56,0.61,0.39,0.44,0.05,0.05,75233.58,1776692058000
1776692060.958,260.958,0.5,0.62,0.38,0.5,0.12,0.12,75231.77,1776692059000
1776692061.317,261.317,0.52,0.62,0.38,0.48,0.1,0.1,75231.77,1776692059000
1776692061.704,261.704,0.5,0.61,0.41,0.5,0.11,0.09,75231.77,1776692059000
1776692062.189,262.189,0.61,0.63,0.38,0.42,0.02,0.04,75217.22,1776692060000
1776692062.616,262.616,0.47,0.5,0.5,0.53,0.03,0.03,75216.62,1776692061000
1776692062.951,262.951,0.5,0.52,0.48,0.5,0.02,0.02,75216.62,1776692061000
1776692063.286,263.286,0.5,0.53,0.47,0.5,0.03,0.03,75212.4,1776692062000
1776692063.653,263.653,0.42,0.52,0.48,0.58,0.1,0.1,75212.4,1776692062000
1776692064.068,264.068,0.41,0.54,0.46,0.56,0.13,0.1,75212.4,1776692062000
1776692064.469,264.469,0.42,0.55,0.45,0.58,0.13,0.13,75204.98,1776692063000
1776692064.829,264.829,0.5,0.54,0.45,0.52,0.04,0.07,75204.98,1776692063000
1776692065.232,265.232,0.41,0.44,0.56,0.59,0.03,0.03,75204.98,1776692063000
1776692065.66,265.66,0.39,0.44,0.56,0.6,0.05,0.04,75202.36,1776692064000
1776692066.083,266.083,0.39,0.44,0.56,0.61,0.05,0.05,75202.36,1776692064000
1776692066.535,266.535,0.39,0.44,0.56,0.61,0.05,0.05,75202.36,1776692064000
1776692066.869,266.869,0.39,0.44,0.56,0.61,0.05,0.05,75200.43,1776692065000
1776692067.218,267.218,0.38,0.45,0.58,0.62,0.07,0.04,75200.43,1776692065000
1776692067.763,267.763,0.38,0.56,0.44,0.62,0.18,0.18,75200.43,1776692065000
1776692068.125,268.125,0.37,0.51,0.6,0.63,0.14,0.03,75201.41,1776692066000
1776692068.476,268.476,0.42,0.46,0.49,0.53,0.04,0.04,75201.41,1776692066000
1776692068.817,268.817,0.42,0.51,0.54,0.58,0.09,0.04,75204.0,1776692067000
1776692069.162,269.162,0.42,0.49,0.49,0.58,0.07,0.09,75204.0,1776692067000
1776692069.608,269.608,0.37,0.39,0.61,0.63,0.02,0.02,75204.0,1776692067000
1776692070.123,270.123,0.36,0.39,0.61,0.64,0.03,0.03,75207.26,1776692068000
1776692070.491,270.491,0.41,0.42,0.58,0.59,0.01,0.01,75207.26,1776692068000
1776692070.825,270.825,0.31,0.35,0.65,0.69,0.04,0.04,75207.26,1776692068000
1776692071.18,271.18,0.31,0.32,0.68,0.73,0.01,0.05,75207.26,1776692068000
1776692071.524,271.524,0.31,0.32,0.68,0.69,0.01,0.01,75193.43,1776692069000
1776692071.862,271.862,0.31,0.32,0.68,0.69,0.01,0.01,75193.95,1776692070000
1776692072.203,272.203,0.3,0.32,0.68,0.7,0.02,0.02,75193.95,1776692070000
1776692072.537,272.537,0.3,0.31,0.69,0.7,0.01,0.01,75196.53,1776692071000
1776692072.903,272.903,0.3,0.31,0.69,0.7,0.01,0.01,75196.53,1776692071000
1776692073.242,273.242,0.3,0.31,0.69,0.7,0.01,0.01,75193.62,1776692072000
1776692073.819,273.819,0.3,0.31,0.69,0.7,0.01,0.01,75193.62,1776692072000
1776692074.561,274.561,0.3,0.31,0.69,0.7,0.01,0.01,75193.62,1776692072000
1776692075.037,275.037,0.3,0.31,0.69,0.7,0.01,0.01,75193.77,1776692073000
1776692075.459,275.459,0.3,0.31,0.69,0.7,0.01,0.01,75193.65,1776692074000
1776692075.89,275.89,0.3,0.31,0.69,0.7,0.01,0.01,75193.65,1776692074000
1776692076.259,276.259,0.3,0.31,0.69,0.7,0.01,0.01,75193.65,1776692074000
1776692076.667,276.667,0.27,0.31,0.69,0.73,0.04,0.04,75199.87,1776692075000
1776692077.013,277.013,0.3,0.31,0.69,0.7,0.01,0.01,75199.87,1776692075000
1776692077.472,277.472,0.28,0.31,0.69,0.72,0.03,0.03,75205.57,1776692076000
1776692077.87,277.87,0.26,0.31,0.69,0.72,0.05,0.03,75205.57,1776692076000
1776692078.219,278.219,0.3,0.36,0.69,0.7,0.06,0.01,75205.57,1776692076000
1776692078.553,278.553,0.31,0.39,0.61,0.69,0.08,0.08,75205.57,1776692076000
1776692078.916,278.916,0.31,0.39,0.61,0.69,0.08,0.08,75213.12,1776692077000
1776692079.285,279.285,0.27,0.3,0.7,0.73,0.03,0.03,75213.12,1776692077000
1776692079.633,279.633,0.3,0.42,0.62,0.7,0.12,0.08,75217.33,1776692078000
1776692079.999,279.999,0.41,0.42,0.55,0.63,0.01,0.08,75217.33,1776692078000
1776692080.352,280.352,0.43,0.44,0.56,0.57,0.01,0.01,75216.89,1776692079000
1776692080.696,280.696,0.43,0.44,0.56,0.57,0.01,0.01,75216.89,1776692079000
1776692081.044,281.044,0.41,0.43,0.57,0.59,0.02,0.02,75216.89,1776692079000
1776692081.398,281.398,0.41,0.42,0.58,0.59,0.01,0.01,75216.89,1776692079000
1776692081.919,281.919,0.42,0.43,0.57,0.59,0.01,0.02,75216.87,1776692080000
1776692082.264,282.264,0.42,0.43,0.57,0.58,0.01,0.01,75216.92,1776692081000
1776692082.661,282.661,0.42,0.43,0.57,0.58,0.01,0.01,75216.92,1776692081000
1776692083.023,283.023,0.41,0.42,0.58,0.59,0.01,0.01,75216.92,1776692081000
1776692083.42,283.42,0.41,0.42,0.58,0.59,0.01,0.01,75217.01,1776692082000
1776692083.852,283.852,0.41,0.42,0.58,0.59,0.01,0.01,75217.01,1776692082000
1776692084.496,284.496,0.41,0.43,0.58,0.59,0.02,0.01,75217.01,1776692082000
1776692084.933,284.933,0.41,0.43,0.57,0.59,0.02,0.02,75216.95,1776692083000
1776692085.276,285.276,0.4,0.43,0.57,0.6,0.03,0.03,75216.95,1776692083000
1776692085.668,285.668,0.41,0.42,0.58,0.6,0.01,0.02,75217.31,1776692084000
1776692086.009,286.009,0.41,0.43,0.57,0.59,0.02,0.02,75217.31,1776692084000
1776692086.343,286.343,0.4,0.43,0.57,0.6,0.03,0.03,75217.54,1776692085000
1776692086.687,286.687,0.4,0.42,0.58,0.6,0.02,0.02,75217.54,1776692085000
1776692087.035,287.035,0.41,0.43,0.57,0.59,0.02,0.02,75217.54,1776692085000
1776692087.392,287.392,0.41,0.42,0.58,0.59,0.01,0.01,75217.54,1776692085000
1776692087.725,287.725,0.41,0.43,0.57,0.59,0.02,0.02,75217.38,1776692086000
1776692088.071,288.071,0.41,0.48,0.52,0.59,0.07,0.07,75218.0,1776692087000
1776692088.531,288.531,0.53,0.54,0.46,0.47,0.01,0.01,75218.0,1776692087000
1776692088.87,288.87,0.57,0.59,0.41,0.46,0.02,0.05,75218.0,1776692087000
1776692089.208,289.208,0.58,0.61,0.39,0.42,0.03,0.03,75225.13,1776692088000
1776692089.686,289.686,0.6,0.61,0.39,0.4,0.01,0.01,75225.13,1776692088000
1776692090.283,290.283,0.6,0.61,0.39,0.4,0.01,0.01,75225.13,1776692088000
1776692090.679,290.679,0.6,0.62,0.38,0.4,0.02,0.02,75250.1,1776692089000
1776692091.014,291.014,0.6,0.62,0.38,0.4,0.02,0.02,75250.1,1776692089000
1776692091.515,291.515,0.6,0.62,0.38,0.4,0.02,0.02,75252.79,1776692090000
1776692091.95,291.95,0.6,0.62,0.38,0.4,0.02,0.02,75252.79,1776692090000
1776692092.326,292.326,0.61,0.62,0.38,0.39,0.01,0.01,75252.79,1776692090000
1776692092.732,292.732,0.61,0.62,0.38,0.39,0.01,0.01,75261.86,1776692091000
1776692093.11,293.11,0.61,0.62,0.38,0.39,0.01,0.01,75261.86,1776692091000
1776692093.524,293.524,0.61,0.63,0.37,0.39,0.02,0.02,75261.86,1776692091000
1776692093.86,293.86,0.61,0.64,0.37,0.39,0.03,0.02,75261.86,1776692091000
1776692094.199,294.199,0.63,0.65,0.35,0.37,0.02,0.02,75268.28,1776692092000
1776692094.619,294.619,0.6,0.66,0.34,0.37,0.06,0.03,75268.28,1776692092000
1776692094.956,294.956,0.6,0.66,0.34,0.4,0.06,0.06,75268.28,1776692092000
1776692095.289,295.289,0.6,0.66,0.34,0.4,0.06,0.06,75268.62,1776692093000
1776692095.733,295.733,0.61,0.68,0.33,0.39,0.07,0.06,75268.62,1776692093000
1776692096.079,296.079,0.6,0.68,0.32,0.4,0.08,0.08,75268.73,1776692094000
1776692096.499,296.499,0.6,0.7,0.3,0.4,0.1,0.1,75268.88,1776692095000
1776692096.839,296.839,0.64,0.7,0.3,0.36,0.06,0.06,75268.88,1776692095000
1776692097.174,297.174,0.69,0.7,0.3,0.36,0.01,0.06,75268.88,1776692095000
1776692097.509,297.509,0.95,0.97,0.03,0.05,0.02,0.02,75277.64,1776692096000
1776692097.848,297.848,0.97,0.99,0.01,0.03,0.02,0.02,75277.64,1776692096000
1776692098.181,298.181,0.98,0.99,0.01,0.02,0.01,0.01,75277.64,1776692096000
1776692098.677,298.677,0.98,0.99,0.01,0.02,0.01,0.01,75277.64,1776692096000
1776692099.033,299.033,0.98,0.99,0.01,0.02,0.01,0.01,75277.64,1776692096000
1776692099.374,299.374,0.98,0.99,0.01,0.02,0.01,0.01,75285.09,1776692097000
1776692099.724,299.724,0.98,0.99,0.01,0.02,0.01,0.01,75291.68,1776692098000
1776692100.183,300.183,0.98,0.99,0.01,0.02,0.01,0.01,75291.68,1776692098000
1776692100.614,300.614,0.98,0.99,0.01,0.02,0.01,0.01,75291.68,1776692098000
1776692100.95,300.95,0.98,0.99,0.01,0.02,0.01,0.01,75291.68,1776692098000

# RESULT,winner=Up,slug=btc-updown-5m-1776691800,ticks=701
