timestamp,elapsed_sec,up_bid,up_ask,down_bid,down_ask,up_spread,down_spread,btc_price,btc_oracle_ts
1776744900.581,0.581,0.64,0.65,0.35,0.36,0.01,0.01,75639.4,1776744898000
1776744900.916,0.916,0.62,0.65,0.35,0.36,0.03,0.01,75639.4,1776744898000
1776744901.259,1.259,0.62,0.63,0.37,0.38,0.01,0.01,75638.18,1776744899000
1776744902.309,2.309,0.62,0.63,0.37,0.38,0.01,0.01,75637.77,1776744900000
1776744902.705,2.705,0.62,0.63,0.37,0.38,0.01,0.01,75637.77,1776744900000
1776744903.063,3.063,0.62,0.63,0.37,0.38,0.01,0.01,75637.77,1776744900000
1776744903.408,3.408,0.62,0.64,0.36,0.38,0.02,0.02,75637.77,1776744900000
1776744903.751,3.751,0.62,0.68,0.32,0.38,0.06,0.06,75638.0,1776744901000
1776744904.301,4.301,0.68,0.69,0.31,0.32,0.01,0.01,75644.56,1776744902000
1776744904.749,4.749,0.68,0.69,0.31,0.32,0.01,0.01,75644.56,1776744902000
1776744905.18,5.18,0.65,0.67,0.34,0.35,0.02,0.01,75647.15,1776744903000
1776744905.636,5.636,0.65,0.66,0.34,0.35,0.01,0.01,75647.15,1776744903000
1776744906.317,6.317,0.65,0.66,0.34,0.35,0.01,0.01,75649.39,1776744904000
1776744906.652,6.652,0.65,0.66,0.34,0.35,0.01,0.01,75650.18,1776744905000
1776744907.199,7.199,0.65,0.66,0.34,0.35,0.01,0.01,75650.18,1776744905000
1776744907.61,7.61,0.65,0.66,0.34,0.35,0.01,0.01,75650.18,1776744905000
1776744908.006,8.006,0.65,0.66,0.34,0.35,0.01,0.01,75649.03,1776744906000
1776744908.413,8.413,0.65,0.66,0.34,0.35,0.01,0.01,75649.03,1776744906000
1776744908.82,8.82,0.65,0.66,0.34,0.35,0.01,0.01,75650.35,1776744907000
1776744909.399,9.399,0.65,0.66,0.34,0.35,0.01,0.01,75650.51,1776744908000
1776744910.055,10.055,0.65,0.66,0.34,0.35,0.01,0.01,75650.51,1776744908000
1776744910.398,10.398,0.65,0.66,0.33,0.35,0.01,0.02,75652.02,1776744909000
1776744911.142,11.142,0.66,0.67,0.33,0.35,0.01,0.02,75652.02,1776744909000
1776744911.488,11.488,0.67,0.69,0.32,0.34,0.02,0.02,75656.69,1776744910000
1776744911.868,11.868,0.68,0.69,0.31,0.32,0.01,0.01,75656.69,1776744910000
1776744912.208,12.208,0.69,0.73,0.27,0.31,0.04,0.04,75656.69,1776744910000
1776744912.612,12.612,0.72,0.73,0.27,0.28,0.01,0.01,75654.77,1776744911000
1776744913.041,13.041,0.73,0.74,0.26,0.27,0.01,0.01,75654.77,1776744911000
1776744913.637,13.637,0.73,0.74,0.26,0.27,0.01,0.01,75653.21,1776744912000
1776744914.19,14.19,0.73,0.74,0.26,0.27,0.01,0.01,75656.59,1776744913000
1776744914.524,14.524,0.73,0.74,0.26,0.27,0.01,0.01,75656.59,1776744913000
1776744914.968,14.968,0.73,0.74,0.26,0.27,0.01,0.01,75656.59,1776744913000
1776744915.354,15.354,0.72,0.74,0.26,0.27,0.02,0.01,75658.18,1776744914000
1776744915.989,15.989,0.72,0.73,0.27,0.28,0.01,0.01,75658.18,1776744914000
1776744916.333,16.333,0.72,0.73,0.27,0.28,0.01,0.01,75658.18,1776744914000
1776744916.672,16.672,0.71,0.73,0.27,0.28,0.02,0.01,75660.51,1776744915000
1776744917.037,17.037,0.71,0.72,0.28,0.29,0.01,0.01,75660.56,1776744916000
1776744917.487,17.487,0.71,0.72,0.28,0.29,0.01,0.01,75660.56,1776744916000
1776744918.146,18.146,0.71,0.72,0.28,0.29,0.01,0.01,75660.56,1776744917000
1776744918.531,18.531,0.71,0.72,0.28,0.29,0.01,0.01,75660.56,1776744917000
1776744919.155,19.155,0.71,0.72,0.28,0.29,0.01,0.01,75660.56,1776744917000
1776744920.218,20.218,0.71,0.72,0.28,0.29,0.01,0.01,75660.51,1776744918000
1776744920.65,20.65,0.72,0.73,0.27,0.29,0.01,0.02,75660.71,1776744919000
1776744921.352,21.352,0.72,0.73,0.27,0.28,0.01,0.01,75660.71,1776744919000
1776744921.764,21.764,0.72,0.73,0.27,0.28,0.01,0.01,75660.53,1776744920000
1776744922.248,22.248,0.78,0.79,0.22,0.25,0.01,0.03,75660.53,1776744920000
1776744922.602,22.602,0.78,0.79,0.21,0.22,0.01,0.01,75660.53,1776744920000
1776744922.951,22.951,0.78,0.79,0.21,0.22,0.01,0.01,75660.88,1776744921000
1776744923.349,23.349,0.78,0.79,0.21,0.22,0.01,0.01,75660.88,1776744921000
1776744923.8,23.8,0.78,0.79,0.21,0.22,0.01,0.01,75661.84,1776744922000
1776744924.287,24.287,0.78,0.79,0.21,0.22,0.01,0.01,75667.6,1776744923000
1776744925.34,25.34,0.77,0.78,0.22,0.23,0.01,0.01,75667.6,1776744923000
1776744925.718,25.718,0.77,0.78,0.22,0.23,0.01,0.01,75668.51,1776744924000
1776744926.131,26.131,0.77,0.78,0.22,0.23,0.01,0.01,75668.51,1776744925000
1776744926.588,26.588,0.77,0.78,0.22,0.23,0.01,0.01,75668.51,1776744925000
1776744926.951,26.951,0.77,0.78,0.22,0.23,0.01,0.01,75668.51,1776744925000
1776744927.678,27.678,0.76,0.78,0.22,0.23,0.02,0.01,75668.65,1776744926000
1776744928.227,28.227,0.77,0.78,0.22,0.23,0.01,0.01,75668.65,1776744926000
1776744928.718,28.718,0.77,0.78,0.22,0.23,0.01,0.01,75669.49,1776744927000
1776744929.105,29.105,0.76,0.78,0.22,0.23,0.02,0.01,75669.49,1776744928000
1776744929.475,29.475,0.76,0.77,0.23,0.24,0.01,0.01,75669.49,1776744928000
1776744929.81,29.81,0.76,0.77,0.23,0.24,0.01,0.01,75669.49,1776744928000
1776744930.202,30.202,0.76,0.77,0.23,0.24,0.01,0.01,75669.49,1776744928000
1776744930.624,30.624,0.76,0.77,0.23,0.24,0.01,0.01,75669.5,1776744929000
1776744931.177,31.177,0.76,0.77,0.23,0.24,0.01,0.01,75669.5,1776744929000
1776744931.634,31.634,0.76,0.77,0.23,0.24,0.01,0.01,75669.49,1776744930000
1776744932.01,32.01,0.76,0.77,0.23,0.24,0.01,0.01,75669.49,1776744931000
1776744932.372,32.372,0.76,0.77,0.23,0.24,0.01,0.01,75669.49,1776744931000
1776744932.736,32.736,0.76,0.77,0.23,0.24,0.01,0.01,75669.49,1776744931000
1776744933.252,33.252,0.76,0.77,0.23,0.24,0.01,0.01,75669.49,1776744932000
1776744933.928,33.928,0.76,0.77,0.23,0.24,0.01,0.01,75669.49,1776744932000
1776744934.268,34.268,0.76,0.77,0.23,0.24,0.01,0.01,75669.49,1776744932000
1776744934.616,34.616,0.76,0.77,0.23,0.24,0.01,0.01,75669.49,1776744933000
1776744935.372,35.372,0.76,0.77,0.23,0.24,0.01,0.01,75670.73,1776744934000
1776744935.719,35.719,0.76,0.77,0.23,0.24,0.01,0.01,75670.73,1776744934000
1776744936.054,36.054,0.76,0.77,0.23,0.24,0.01,0.01,75671.55,1776744935000
1776744936.782,36.782,0.76,0.77,0.23,0.24,0.01,0.01,75671.55,1776744935000
1776744937.775,37.775,0.76,0.77,0.23,0.24,0.01,0.01,75672.09,1776744936000
1776744938.182,38.182,0.76,0.77,0.23,0.25,0.01,0.02,75672.09,1776744937000
1776744938.516,38.516,0.76,0.77,0.23,0.24,0.01,0.01,75672.09,1776744937000
1776744938.877,38.877,0.76,0.77,0.23,0.24,0.01,0.01,75672.09,1776744937000
1776744940.227,40.227,0.76,0.77,0.23,0.24,0.01,0.01,75676.0,1776744939000
1776744940.589,40.589,0.76,0.77,0.23,0.24,0.01,0.01,75676.0,1776744939000
1776744940.924,40.924,0.76,0.77,0.23,0.24,0.01,0.01,75676.0,1776744939000
1776744941.269,41.269,0.76,0.77,0.23,0.24,0.01,0.01,75682.73,1776744940000
1776744941.619,41.619,0.76,0.77,0.23,0.24,0.01,0.01,75682.73,1776744940000
1776744941.981,41.981,0.76,0.77,0.23,0.24,0.01,0.01,75682.73,1776744940000
1776744942.367,42.367,0.76,0.77,0.23,0.24,0.01,0.01,75690.49,1776744941000
1776744942.758,42.758,0.76,0.77,0.23,0.24,0.01,0.01,75690.49,1776744941000
1776744943.262,43.262,0.76,0.77,0.23,0.24,0.01,0.01,75690.49,1776744941000
1776744943.619,43.619,0.76,0.77,0.23,0.24,0.01,0.01,75691.41,1776744942000
1776744944.025,44.025,0.76,0.77,0.23,0.24,0.01,0.01,75691.41,1776744942000
1776744945.01,45.01,0.76,0.77,0.23,0.24,0.01,0.01,75690.57,1776744943000
1776744945.37,45.37,0.76,0.77,0.23,0.24,0.01,0.01,75690.57,1776744943000
1776744945.739,45.739,0.76,0.77,0.23,0.24,0.01,0.01,75691.38,1776744944000
1776744946.448,46.448,0.76,0.77,0.23,0.24,0.01,0.01,75692.25,1776744945000
1776744946.96,46.96,0.76,0.77,0.23,0.24,0.01,0.01,75692.25,1776744945000
1776744947.483,47.483,0.76,0.77,0.23,0.24,0.01,0.01,75692.25,1776744946000
1776744948.052,48.052,0.76,0.77,0.23,0.24,0.01,0.01,75692.26,1776744947000
1776744948.937,48.937,0.76,0.77,0.23,0.24,0.01,0.01,75692.26,1776744947000
1776744949.318,49.318,0.76,0.77,0.23,0.24,0.01,0.01,75692.26,1776744947000
1776744950.158,50.158,0.76,0.77,0.23,0.24,0.01,0.01,75692.45,1776744948000
1776744950.643,50.643,0.76,0.77,0.23,0.24,0.01,0.01,75692.58,1776744949000
1776744951.287,51.287,0.76,0.77,0.23,0.24,0.01,0.01,75692.58,1776744950000
1776744952.289,52.289,0.76,0.77,0.23,0.24,0.01,0.01,75692.58,1776744950000
1776744952.65,52.65,0.76,0.77,0.23,0.24,0.01,0.01,75692.58,1776744950000
1776744953.131,53.131,0.76,0.77,0.23,0.24,0.01,0.01,75692.58,1776744950000
1776744953.559,53.559,0.76,0.77,0.23,0.24,0.01,0.01,75692.1,1776744952000
1776744953.949,53.949,0.76,0.77,0.23,0.24,0.01,0.01,75692.1,1776744953000
1776744954.88,54.88,0.76,0.77,0.23,0.24,0.01,0.01,75692.1,1776744953000
1776744955.337,55.337,0.76,0.77,0.23,0.24,0.01,0.01,75692.12,1776744954000
1776744955.752,55.752,0.76,0.77,0.23,0.24,0.01,0.01,75692.12,1776744954000
1776744956.162,56.162,0.76,0.77,0.23,0.24,0.01,0.01,75692.12,1776744954000
1776744956.586,56.586,0.76,0.77,0.23,0.24,0.01,0.01,75691.78,1776744955000
1776744956.981,56.981,0.76,0.77,0.23,0.24,0.01,0.01,75691.78,1776744955000
1776744957.317,57.317,0.76,0.77,0.23,0.24,0.01,0.01,75691.78,1776744956000
1776744958.136,58.136,0.76,0.77,0.23,0.24,0.01,0.01,75691.78,1776744956000
1776744958.823,58.823,0.76,0.77,0.23,0.24,0.01,0.01,75691.8,1776744957000
1776744959.738,59.738,0.76,0.77,0.23,0.24,0.01,0.01,75691.81,1776744958000
1776744960.159,60.159,0.76,0.77,0.23,0.24,0.01,0.01,75691.74,1776744959000
1776744960.539,60.539,0.77,0.78,0.22,0.23,0.01,0.01,75691.74,1776744959000
1776744960.964,60.964,0.8,0.81,0.19,0.2,0.01,0.01,75691.74,1776744959000
1776744961.315,61.315,0.81,0.83,0.19,0.2,0.02,0.01,75689.95,1776744960000
1776744962.071,62.071,0.82,0.85,0.17,0.18,0.03,0.01,75689.95,1776744960000
1776744962.431,62.431,0.82,0.85,0.15,0.18,0.03,0.03,75690.87,1776744961000
1776744962.808,62.808,0.85,0.86,0.14,0.15,0.01,0.01,75690.87,1776744961000
1776744963.155,63.155,0.85,0.86,0.14,0.15,0.01,0.01,75690.87,1776744961000
1776744963.496,63.496,0.84,0.85,0.15,0.16,0.01,0.01,75690.87,1776744961000
1776744963.876,63.876,0.83,0.84,0.16,0.17,0.01,0.01,75691.9,1776744962000
1776744964.212,64.212,0.8,0.82,0.18,0.21,0.02,0.03,75692.74,1776744963000
1776744964.569,64.569,0.79,0.8,0.19,0.21,0.01,0.02,75692.74,1776744963000
1776744964.964,64.964,0.79,0.8,0.2,0.21,0.01,0.01,75692.74,1776744963000
1776744965.301,65.301,0.78,0.79,0.21,0.22,0.01,0.01,75692.74,1776744963000
1776744965.679,65.679,0.78,0.79,0.21,0.22,0.01,0.01,75691.97,1776744964000
1776744966.048,66.048,0.78,0.79,0.21,0.22,0.01,0.01,75690.6,1776744965000
1776744966.493,66.493,0.76,0.78,0.22,0.23,0.02,0.01,75690.6,1776744965000
1776744966.827,66.827,0.75,0.77,0.22,0.24,0.02,0.02,75690.6,1776744965000
1776744967.175,67.175,0.73,0.74,0.26,0.27,0.01,0.01,75690.6,1776744965000
1776744967.513,67.513,0.73,0.74,0.26,0.27,0.01,0.01,75687.5,1776744966000
1776744967.859,67.859,0.73,0.74,0.26,0.27,0.01,0.01,75687.5,1776744966000
1776744968.303,68.303,0.73,0.74,0.26,0.27,0.01,0.01,75687.5,1776744966000
1776744968.694,68.694,0.73,0.74,0.26,0.27,0.01,0.01,75684.74,1776744967000
1776744969.121,69.121,0.72,0.73,0.26,0.28,0.01,0.02,75680.37,1776744968000
1776744969.529,69.529,0.72,0.73,0.27,0.28,0.01,0.01,75680.37,1776744968000
1776744969.89,69.89,0.72,0.73,0.27,0.28,0.01,0.01,75680.37,1776744968000
1776744970.267,70.267,0.72,0.73,0.27,0.28,0.01,0.01,75679.81,1776744969000
1776744970.712,70.712,0.71,0.72,0.28,0.29,0.01,0.01,75679.81,1776744969000
1776744971.117,71.117,0.71,0.72,0.28,0.29,0.01,0.01,75678.17,1776744970000
1776744971.483,71.483,0.71,0.72,0.28,0.29,0.01,0.01,75678.17,1776744970000
1776744971.938,71.938,0.71,0.72,0.28,0.29,0.01,0.01,75678.17,1776744970000
1776744972.3,72.3,0.71,0.72,0.28,0.29,0.01,0.01,75678.17,1776744970000
1776744972.652,72.652,0.71,0.72,0.28,0.29,0.01,0.01,75678.17,1776744970000
1776744973.325,73.325,0.71,0.72,0.28,0.29,0.01,0.01,75675.94,1776744972000
1776744973.662,73.662,0.71,0.72,0.28,0.29,0.01,0.01,75675.94,1776744972000
1776744974.082,74.082,0.71,0.72,0.28,0.29,0.01,0.01,75676.76,1776744973000
1776744974.49,74.49,0.71,0.72,0.28,0.29,0.01,0.01,75676.76,1776744973000
1776744974.88,74.88,0.71,0.72,0.28,0.29,0.01,0.01,75677.01,1776744974000
1776744975.341,75.341,0.71,0.72,0.28,0.29,0.01,0.01,75677.01,1776744974000
1776744975.754,75.754,0.71,0.72,0.28,0.29,0.01,0.01,75677.01,1776744974000
1776744976.096,76.096,0.71,0.72,0.28,0.29,0.01,0.01,75677.3,1776744975000
1776744976.87,76.87,0.71,0.72,0.28,0.29,0.01,0.01,75677.3,1776744975000
1776744977.217,77.217,0.71,0.72,0.28,0.29,0.01,0.01,75678.44,1776744976000
1776744977.899,77.899,0.71,0.72,0.28,0.29,0.01,0.01,75678.22,1776744977000
1776744978.762,78.762,0.71,0.72,0.28,0.29,0.01,0.01,75678.22,1776744977000
1776744979.188,79.188,0.71,0.72,0.28,0.29,0.01,0.01,75677.95,1776744978000
1776744979.727,79.727,0.71,0.72,0.28,0.29,0.01,0.01,75677.95,1776744978000
1776744980.121,80.121,0.71,0.73,0.28,0.29,0.02,0.01,75677.95,1776744979000
1776744980.644,80.644,0.76,0.78,0.23,0.24,0.02,0.01,75677.95,1776744979000
1776744981.057,81.057,0.77,0.78,0.22,0.23,0.01,0.01,75677.95,1776744979000
1776744981.71,81.71,0.77,0.78,0.22,0.23,0.01,0.01,75677.95,1776744979000
1776744982.112,82.112,0.77,0.78,0.22,0.23,0.01,0.01,75677.99,1776744980000
1776744982.479,82.479,0.75,0.78,0.22,0.25,0.03,0.03,75678.03,1776744981000
1776744982.87,82.87,0.7,0.71,0.29,0.3,0.01,0.01,75678.03,1776744981000
1776744983.247,83.247,0.7,0.71,0.29,0.3,0.01,0.01,75678.03,1776744981000
1776744983.622,83.622,0.7,0.71,0.29,0.3,0.01,0.01,75678.51,1776744982000
1776744984.07,84.07,0.7,0.71,0.29,0.3,0.01,0.01,75678.51,1776744983000
1776744984.413,84.413,0.7,0.71,0.29,0.3,0.01,0.01,75678.51,1776744983000
1776744984.819,84.819,0.7,0.71,0.29,0.3,0.01,0.01,75678.51,1776744983000
1776744985.297,85.297,0.7,0.71,0.29,0.3,0.01,0.01,75678.51,1776744983000
1776744985.694,85.694,0.7,0.71,0.29,0.3,0.01,0.01,75671.65,1776744984000
1776744986.125,86.125,0.69,0.71,0.29,0.3,0.02,0.01,75671.65,1776744984000
1776744986.464,86.464,0.69,0.7,0.3,0.31,0.01,0.01,75671.65,1776744984000
1776744986.799,86.799,0.69,0.7,0.3,0.31,0.01,0.01,75670.89,1776744985000
1776744987.197,87.197,0.68,0.69,0.3,0.32,0.01,0.02,75669.49,1776744986000
1776744987.79,87.79,0.68,0.69,0.31,0.32,0.01,0.01,75669.49,1776744986000
1776744988.2,88.2,0.68,0.69,0.31,0.32,0.01,0.01,75669.0,1776744987000
1776744988.54,88.54,0.67,0.68,0.32,0.33,0.01,0.01,75669.0,1776744987000
1776744988.974,88.974,0.67,0.68,0.32,0.33,0.01,0.01,75669.0,1776744987000
1776744989.33,89.33,0.67,0.68,0.32,0.33,0.01,0.01,75669.0,1776744987000
1776744989.677,89.677,0.67,0.68,0.32,0.33,0.01,0.01,75669.26,1776744988000
1776744990.127,90.127,0.67,0.68,0.32,0.33,0.01,0.01,75669.26,1776744988000
1776744990.463,90.463,0.67,0.68,0.32,0.33,0.01,0.01,75669.07,1776744989000
1776744990.943,90.943,0.67,0.68,0.32,0.33,0.01,0.01,75668.75,1776744990000
1776744991.637,91.637,0.67,0.68,0.32,0.33,0.01,0.01,75668.75,1776744990000
1776744992.021,92.021,0.67,0.68,0.32,0.33,0.01,0.01,75668.75,1776744990000
1776744992.581,92.581,0.68,0.69,0.31,0.33,0.01,0.02,75670.01,1776744991000
1776744992.925,92.925,0.69,0.7,0.3,0.31,0.01,0.01,75670.01,1776744991000
1776744993.29,93.29,0.69,0.7,0.3,0.31,0.01,0.01,75671.65,1776744992000
1776744993.783,93.783,0.71,0.72,0.27,0.29,0.01,0.02,75671.65,1776744992000
1776744994.167,94.167,0.72,0.73,0.28,0.29,0.01,0.01,75671.65,1776744992000
1776744994.579,94.579,0.72,0.73,0.27,0.28,0.01,0.01,75672.52,1776744993000
1776744994.942,94.942,0.7,0.71,0.29,0.3,0.01,0.01,75672.52,1776744993000
1776744995.342,95.342,0.7,0.71,0.29,0.3,0.01,0.01,75671.9,1776744994000
1776744995.691,95.691,0.67,0.68,0.32,0.33,0.01,0.01,75671.9,1776744994000
1776744996.218,96.218,0.63,0.67,0.33,0.34,0.04,0.01,75671.9,1776744994000
1776744996.576,96.576,0.63,0.64,0.36,0.37,0.01,0.01,75670.76,1776744995000
1776744996.983,96.983,0.63,0.64,0.36,0.37,0.01,0.01,75670.76,1776744995000
1776744997.361,97.361,0.61,0.62,0.38,0.39,0.01,0.01,75668.57,1776744996000
1776744997.723,97.723,0.62,0.63,0.37,0.38,0.01,0.01,75668.57,1776744996000
1776744998.069,98.069,0.64,0.65,0.35,0.36,0.01,0.01,75663.09,1776744997000
1776744998.459,98.459,0.65,0.66,0.34,0.35,0.01,0.01,75663.09,1776744997000
1776744999.025,99.025,0.65,0.66,0.34,0.35,0.01,0.01,75663.09,1776744997000
1776744999.5,99.5,0.65,0.66,0.34,0.35,0.01,0.01,75660.41,1776744998000
1776745000.084,100.084,0.65,0.66,0.34,0.35,0.01,0.01,75660.41,1776744998000
1776745000.436,100.436,0.65,0.66,0.34,0.35,0.01,0.01,75660.41,1776744999000
1776745000.807,100.807,0.65,0.66,0.34,0.35,0.01,0.01,75660.41,1776744999000
1776745001.204,101.204,0.66,0.67,0.33,0.34,0.01,0.01,75660.42,1776745000000
1776745002.28,102.28,0.68,0.69,0.33,0.34,0.01,0.01,75660.42,1776745000000
1776745002.692,102.692,0.68,0.71,0.29,0.32,0.03,0.03,75660.18,1776745001000
1776745003.063,103.063,0.68,0.7,0.27,0.32,0.02,0.05,75661.87,1776745002000
1776745003.464,103.464,0.7,0.73,0.27,0.31,0.03,0.04,75661.87,1776745002000
1776745003.801,103.801,0.71,0.74,0.27,0.29,0.03,0.02,75661.87,1776745002000
1776745004.207,104.207,0.71,0.72,0.28,0.29,0.01,0.01,75666.3,1776745003000
1776745004.802,104.802,0.71,0.72,0.28,0.29,0.01,0.01,75666.3,1776745003000
1776745005.149,105.149,0.71,0.72,0.28,0.29,0.01,0.01,75666.8,1776745004000
1776745005.482,105.482,0.71,0.72,0.28,0.29,0.01,0.01,75666.8,1776745004000
1776745005.851,105.851,0.71,0.72,0.28,0.29,0.01,0.01,75666.8,1776745004000
1776745006.218,106.218,0.71,0.72,0.28,0.29,0.01,0.01,75668.13,1776745005000
1776745006.595,106.595,0.71,0.73,0.28,0.29,0.02,0.01,75668.13,1776745005000
1776745007.017,107.017,0.73,0.74,0.26,0.27,0.01,0.01,75668.13,1776745005000
1776745007.41,107.41,0.73,0.74,0.26,0.27,0.01,0.01,75668.36,1776745006000
1776745007.819,107.819,0.73,0.74,0.26,0.27,0.01,0.01,75668.36,1776745006000
1776745008.171,108.171,0.73,0.74,0.26,0.27,0.01,0.01,75668.49,1776745007000
1776745008.505,108.505,0.73,0.74,0.26,0.27,0.01,0.01,75668.49,1776745007000
1776745009.115,109.115,0.71,0.73,0.27,0.28,0.02,0.01,75668.49,1776745007000
1776745009.5,109.5,0.71,0.72,0.28,0.29,0.01,0.01,75669.8,1776745008000
1776745010.249,110.249,0.71,0.72,0.28,0.29,0.01,0.01,75670.16,1776745009000
1776745010.707,110.707,0.71,0.72,0.28,0.29,0.01,0.01,75670.16,1776745009000
1776745011.064,111.064,0.71,0.72,0.28,0.29,0.01,0.01,75670.16,1776745009000
1776745011.763,111.763,0.71,0.72,0.28,0.29,0.01,0.01,75669.43,1776745010000
1776745012.121,112.121,0.71,0.72,0.28,0.29,0.01,0.01,75669.82,1776745011000
1776745012.526,112.526,0.71,0.72,0.28,0.29,0.01,0.01,75669.82,1776745011000
1776745013.047,113.047,0.71,0.72,0.28,0.29,0.01,0.01,75669.82,1776745011000
1776745013.686,113.686,0.69,0.72,0.28,0.29,0.03,0.01,75670.34,1776745012000
1776745014.026,114.026,0.69,0.7,0.3,0.31,0.01,0.01,75670.31,1776745013000
1776745014.819,114.819,0.69,0.7,0.3,0.31,0.01,0.01,75670.31,1776745013000
1776745015.276,115.276,0.69,0.7,0.3,0.31,0.01,0.01,75670.31,1776745014000
1776745015.755,115.755,0.69,0.7,0.3,0.31,0.01,0.01,75670.31,1776745014000
1776745016.091,116.091,0.69,0.7,0.3,0.31,0.01,0.01,75670.14,1776745015000
1776745016.424,116.424,0.69,0.7,0.3,0.31,0.01,0.01,75670.14,1776745015000
1776745016.779,116.779,0.69,0.7,0.3,0.31,0.01,0.01,75670.14,1776745015000
1776745017.401,117.401,0.69,0.7,0.3,0.31,0.01,0.01,75670.04,1776745016000
1776745017.863,117.863,0.69,0.7,0.3,0.31,0.01,0.01,75670.04,1776745017000
1776745018.867,118.867,0.69,0.7,0.3,0.31,0.01,0.01,75670.48,1776745018000
1776745019.2,119.2,0.69,0.7,0.3,0.31,0.01,0.01,75670.48,1776745018000
1776745019.625,119.625,0.69,0.7,0.3,0.31,0.01,0.01,75670.48,1776745018000
1776745019.991,119.991,0.69,0.7,0.3,0.31,0.01,0.01,75670.48,1776745018000
1776745020.341,120.341,0.69,0.7,0.3,0.31,0.01,0.01,75670.43,1776745019000
1776745020.733,120.733,0.68,0.69,0.31,0.32,0.01,0.01,75670.43,1776745019000
1776745021.158,121.158,0.67,0.68,0.32,0.33,0.01,0.01,75670.43,1776745019000
1776745021.558,121.558,0.68,0.69,0.31,0.33,0.01,0.02,75670.59,1776745020000
1776745021.979,121.979,0.68,0.69,0.31,0.32,0.01,0.01,75670.59,1776745020000
1776745022.329,122.329,0.68,0.69,0.31,0.32,0.01,0.01,75670.59,1776745020000
1776745022.738,122.738,0.71,0.74,0.26,0.29,0.03,0.03,75670.39,1776745021000
1776745023.353,123.353,0.76,0.77,0.23,0.24,0.01,0.01,75670.39,1776745022000
1776745023.744,123.744,0.76,0.77,0.23,0.24,0.01,0.01,75670.39,1776745022000
1776745024.085,124.085,0.76,0.77,0.23,0.24,0.01,0.01,75670.39,1776745022000
1776745024.433,124.433,0.76,0.77,0.23,0.24,0.01,0.01,75670.39,1776745023000
1776745024.98,124.98,0.76,0.77,0.23,0.24,0.01,0.01,75670.56,1776745024000
1776745025.444,125.444,0.75,0.76,0.23,0.24,0.01,0.01,75670.56,1776745024000
1776745025.855,125.855,0.75,0.76,0.24,0.25,0.01,0.01,75670.56,1776745024000
1776745026.239,126.239,0.74,0.75,0.25,0.26,0.01,0.01,75670.84,1776745025000
1776745026.994,126.994,0.72,0.75,0.25,0.26,0.03,0.01,75670.84,1776745025000
1776745027.368,127.368,0.72,0.73,0.27,0.28,0.01,0.01,75670.83,1776745026000
1776745028.318,128.318,0.71,0.73,0.27,0.29,0.02,0.02,75670.83,1776745027000
1776745028.779,128.779,0.7,0.71,0.28,0.3,0.01,0.02,75670.83,1776745027000
1776745029.286,129.286,0.7,0.71,0.29,0.3,0.01,0.01,75670.79,1776745028000
1776745029.644,129.644,0.7,0.71,0.29,0.3,0.01,0.01,75670.79,1776745028000
1776745030.007,130.007,0.7,0.71,0.29,0.3,0.01,0.01,75670.79,1776745028000
1776745030.362,130.362,0.7,0.71,0.29,0.3,0.01,0.01,75670.79,1776745029000
1776745030.791,130.791,0.7,0.71,0.29,0.3,0.01,0.01,75670.79,1776745029000
1776745031.478,131.478,0.7,0.71,0.29,0.3,0.01,0.01,75670.79,1776745030000
1776745031.967,131.967,0.7,0.71,0.29,0.3,0.01,0.01,75670.81,1776745031000
1776745032.349,132.349,0.7,0.71,0.29,0.3,0.01,0.01,75670.81,1776745031000
1776745032.753,132.753,0.7,0.71,0.29,0.3,0.01,0.01,75670.81,1776745031000
1776745033.243,133.243,0.7,0.71,0.29,0.3,0.01,0.01,75670.73,1776745032000
1776745033.807,133.807,0.7,0.71,0.29,0.3,0.01,0.01,75670.73,1776745032000
1776745034.163,134.163,0.7,0.71,0.29,0.3,0.01,0.01,75670.6,1776745033000
1776745034.552,134.552,0.7,0.71,0.29,0.3,0.01,0.01,75670.6,1776745033000
1776745034.954,134.954,0.72,0.73,0.27,0.28,0.01,0.01,75670.6,1776745033000
1776745036.413,136.413,0.71,0.73,0.27,0.28,0.02,0.01,75669.71,1776745034000
1776745036.796,136.796,0.71,0.72,0.28,0.29,0.01,0.01,75669.9,1776745035000
1776745037.391,137.391,0.71,0.72,0.28,0.29,0.01,0.01,75669.45,1776745036000
1776745037.827,137.827,0.71,0.72,0.28,0.29,0.01,0.01,75669.45,1776745036000
1776745039.252,139.252,0.71,0.72,0.28,0.29,0.01,0.01,75669.4,1776745038000
1776745039.732,139.732,0.71,0.72,0.28,0.29,0.01,0.01,75669.4,1776745038000
1776745040.249,140.249,0.71,0.72,0.28,0.29,0.01,0.01,75669.4,1776745038000
1776745040.966,140.966,0.7,0.71,0.28,0.29,0.01,0.01,75670.24,1776745039000
1776745041.343,141.343,0.68,0.69,0.31,0.32,0.01,0.01,75670.24,1776745040000
1776745041.735,141.735,0.68,0.7,0.31,0.32,0.02,0.01,75670.24,1776745040000
1776745042.09,142.09,0.69,0.7,0.3,0.31,0.01,0.01,75670.24,1776745040000
1776745042.882,142.882,0.69,0.71,0.3,0.31,0.02,0.01,75667.89,1776745041000
1776745043.246,143.246,0.7,0.71,0.29,0.31,0.01,0.02,75667.89,1776745041000
1776745043.592,143.592,0.7,0.72,0.28,0.3,0.02,0.02,75666.56,1776745042000
1776745044.262,144.262,0.7,0.72,0.28,0.3,0.02,0.02,75666.71,1776745043000
1776745044.887,144.887,0.72,0.73,0.27,0.28,0.01,0.01,75666.71,1776745043000
1776745045.349,145.349,0.72,0.73,0.27,0.28,0.01,0.01,75666.35,1776745044000
1776745045.863,145.863,0.72,0.73,0.27,0.28,0.01,0.01,75666.35,1776745044000
1776745046.329,146.329,0.72,0.74,0.27,0.28,0.02,0.01,75666.17,1776745045000
1776745046.739,146.739,0.73,0.74,0.26,0.27,0.01,0.01,75666.17,1776745045000
1776745047.134,147.134,0.73,0.74,0.26,0.27,0.01,0.01,75666.17,1776745045000
1776745047.681,147.681,0.73,0.74,0.26,0.27,0.01,0.01,75665.84,1776745046000
1776745048.357,148.357,0.73,0.74,0.26,0.27,0.01,0.01,75665.87,1776745047000
1776745048.789,148.789,0.74,0.75,0.25,0.27,0.01,0.02,75665.87,1776745047000
1776745049.203,149.203,0.74,0.75,0.25,0.26,0.01,0.01,75665.87,1776745048000
1776745049.861,149.861,0.74,0.75,0.25,0.26,0.01,0.01,75665.87,1776745048000
1776745050.394,150.394,0.74,0.75,0.25,0.26,0.01,0.01,75666.17,1776745049000
1776745050.844,150.844,0.75,0.76,0.24,0.26,0.01,0.02,75666.17,1776745049000
1776745051.279,151.279,0.75,0.76,0.24,0.25,0.01,0.01,75666.17,1776745050000
1776745051.63,151.63,0.75,0.76,0.24,0.25,0.01,0.01,75666.17,1776745050000
1776745052.02,152.02,0.75,0.76,0.22,0.25,0.01,0.03,75666.17,1776745050000
1776745052.46,152.46,0.75,0.76,0.24,0.25,0.01,0.01,75666.17,1776745051000
1776745052.824,152.824,0.68,0.77,0.23,0.32,0.09,0.09,75666.17,1776745051000
1776745053.168,153.168,0.67,0.71,0.29,0.33,0.04,0.04,75666.17,1776745051000
1776745053.501,153.501,0.68,0.69,0.31,0.32,0.01,0.01,75666.17,1776745051000
1776745053.849,153.849,0.68,0.69,0.31,0.32,0.01,0.01,75666.17,1776745051000
1776745054.207,154.207,0.68,0.69,0.31,0.32,0.01,0.01,75666.17,1776745051000
1776745054.557,154.557,0.68,0.69,0.31,0.32,0.01,0.01,75662.23,1776745053000
1776745054.891,154.891,0.68,0.69,0.31,0.32,0.01,0.01,75662.23,1776745053000
1776745055.254,155.254,0.68,0.69,0.31,0.32,0.01,0.01,75662.23,1776745053000
1776745055.633,155.633,0.68,0.69,0.31,0.32,0.01,0.01,75662.23,1776745053000
1776745056.03,156.03,0.66,0.67,0.33,0.34,0.01,0.01,75662.41,1776745054000
1776745056.388,156.388,0.66,0.67,0.33,0.34,0.01,0.01,75662.41,1776745054000
1776745056.768,156.768,0.66,0.67,0.33,0.34,0.01,0.01,75662.42,1776745055000
1776745057.135,157.135,0.66,0.67,0.33,0.34,0.01,0.01,75662.62,1776745056000
1776745058.044,158.044,0.66,0.67,0.33,0.34,0.01,0.01,75662.62,1776745056000
1776745058.468,158.468,0.66,0.67,0.33,0.34,0.01,0.01,75662.62,1776745056000
1776745058.806,158.806,0.66,0.7,0.31,0.34,0.04,0.03,75661.89,1776745057000
1776745059.333,159.333,0.69,0.7,0.3,0.34,0.01,0.04,75661.89,1776745057000
1776745059.864,159.864,0.7,0.71,0.29,0.31,0.01,0.02,75662.14,1776745058000
1776745060.211,160.211,0.7,0.71,0.29,0.3,0.01,0.01,75662.16,1776745059000
1776745060.653,160.653,0.7,0.71,0.29,0.3,0.01,0.01,75662.16,1776745059000
1776745061.219,161.219,0.69,0.7,0.29,0.31,0.01,0.02,75662.16,1776745059000
1776745061.558,161.558,0.69,0.7,0.3,0.31,0.01,0.01,75662.35,1776745060000
1776745061.942,161.942,0.67,0.7,0.3,0.31,0.03,0.01,75662.35,1776745060000
1776745062.477,162.477,0.67,0.68,0.32,0.33,0.01,0.01,75662.38,1776745061000
1776745062.918,162.918,0.67,0.68,0.32,0.33,0.01,0.01,75662.38,1776745061000
1776745063.34,163.34,0.66,0.68,0.32,0.33,0.02,0.01,75662.33,1776745062000
1776745064.038,164.038,0.66,0.67,0.33,0.34,0.01,0.01,75662.33,1776745062000
1776745064.565,164.565,0.66,0.67,0.33,0.34,0.01,0.01,75661.76,1776745063000
1776745064.968,164.968,0.66,0.67,0.33,0.34,0.01,0.01,75661.76,1776745063000
1776745065.412,165.412,0.66,0.67,0.33,0.34,0.01,0.01,75661.55,1776745064000
1776745066.023,166.023,0.66,0.67,0.33,0.34,0.01,0.01,75661.55,1776745064000
1776745066.56,166.56,0.66,0.67,0.33,0.34,0.01,0.01,75661.55,1776745064000
1776745067.241,167.241,0.66,0.67,0.33,0.34,0.01,0.01,75661,1776745065000
1776745068.037,168.037,0.66,0.67,0.33,0.34,0.01,0.01,75661,1776745066000
1776745068.491,168.491,0.66,0.67,0.33,0.34,0.01,0.01,75660.81,1776745067000
1776745069.419,169.419,0.66,0.67,0.33,0.34,0.01,0.01,75660.24,1776745068000
1776745070.129,170.129,0.66,0.67,0.33,0.34,0.01,0.01,75660.24,1776745068000
1776745070.706,170.706,0.68,0.69,0.32,0.34,0.01,0.02,75660.24,1776745069000
1776745071.145,171.145,0.69,0.7,0.3,0.31,0.01,0.01,75660.24,1776745069000
1776745071.541,171.541,0.69,0.7,0.3,0.31,0.01,0.01,75659,1776745070000
1776745071.983,171.983,0.69,0.7,0.3,0.31,0.01,0.01,75659,1776745070000
1776745072.352,172.352,0.69,0.7,0.3,0.31,0.01,0.01,75659,1776745070000
1776745072.69,172.69,0.76,0.77,0.23,0.24,0.01,0.01,75659.82,1776745071000
1776745073.034,173.034,0.78,0.79,0.21,0.22,0.01,0.01,75659.82,1776745071000
1776745073.42,173.42,0.78,0.79,0.21,0.22,0.01,0.01,75660.42,1776745072000
1776745073.839,173.839,0.79,0.8,0.2,0.21,0.01,0.01,75660.42,1776745072000
1776745074.233,174.233,0.79,0.8,0.2,0.21,0.01,0.01,75661.48,1776745073000
1776745074.572,174.572,0.79,0.8,0.2,0.21,0.01,0.01,75661.48,1776745073000
1776745074.991,174.991,0.79,0.8,0.2,0.21,0.01,0.01,75661.48,1776745073000
1776745075.512,175.512,0.78,0.79,0.2,0.21,0.01,0.01,75668.35,1776745074000
1776745075.927,175.927,0.78,0.79,0.21,0.22,0.01,0.01,75668.35,1776745074000
1776745076.289,176.289,0.78,0.79,0.21,0.22,0.01,0.01,75668.35,1776745074000
1776745076.804,176.804,0.78,0.79,0.21,0.22,0.01,0.01,75670.29,1776745075000
1776745077.21,177.21,0.78,0.79,0.21,0.22,0.01,0.01,75670.29,1776745075000
1776745077.89,177.89,0.79,0.8,0.2,0.21,0.01,0.01,75670.29,1776745076000
1776745078.533,178.533,0.79,0.8,0.2,0.21,0.01,0.01,75669.52,1776745077000
1776745079.114,179.114,0.77,0.79,0.2,0.22,0.02,0.02,75669.52,1776745077000
1776745079.476,179.476,0.77,0.78,0.22,0.23,0.01,0.01,75671.89,1776745078000
1776745079.817,179.817,0.77,0.78,0.22,0.23,0.01,0.01,75671.89,1776745078000
1776745080.186,180.186,0.77,0.78,0.22,0.23,0.01,0.01,75671.89,1776745078000
1776745080.557,180.557,0.77,0.78,0.22,0.23,0.01,0.01,75672.23,1776745079000
1776745080.991,180.991,0.76,0.78,0.23,0.24,0.02,0.01,75672.23,1776745079000
1776745081.333,181.333,0.77,0.78,0.22,0.23,0.01,0.01,75672.23,1776745079000
1776745081.869,181.869,0.77,0.78,0.22,0.23,0.01,0.01,75672.2,1776745080000
1776745082.261,182.261,0.75,0.76,0.24,0.25,0.01,0.01,75672.24,1776745081000
1776745082.854,182.854,0.76,0.77,0.23,0.24,0.01,0.01,75672.24,1776745081000
1776745083.267,183.267,0.76,0.77,0.23,0.24,0.01,0.01,75672.3,1776745082000
1776745083.894,183.894,0.76,0.77,0.23,0.24,0.01,0.01,75672.3,1776745082000
1776745084.318,184.318,0.76,0.77,0.23,0.24,0.01,0.01,75672.19,1776745083000
1776745084.652,184.652,0.75,0.77,0.23,0.24,0.02,0.01,75672.19,1776745083000
1776745085.038,185.038,0.74,0.75,0.24,0.26,0.01,0.02,75672.19,1776745083000
1776745085.465,185.465,0.74,0.75,0.25,0.26,0.01,0.01,75672.19,1776745084000
1776745086.011,186.011,0.7,0.71,0.29,0.3,0.01,0.01,75672.19,1776745084000
1776745086.523,186.523,0.7,0.71,0.29,0.3,0.01,0.01,75673.41,1776745085000
1776745087.005,187.005,0.7,0.71,0.29,0.3,0.01,0.01,75673.41,1776745085000
1776745087.476,187.476,0.7,0.71,0.29,0.3,0.01,0.01,75670.03,1776745086000
1776745087.928,187.928,0.7,0.71,0.29,0.3,0.01,0.01,75670.03,1776745086000
1776745088.324,188.324,0.7,0.71,0.29,0.3,0.01,0.01,75669.81,1776745087000
1776745088.657,188.657,0.65,0.68,0.32,0.35,0.03,0.03,75669.81,1776745087000
1776745089.11,189.11,0.64,0.65,0.35,0.36,0.01,0.01,75669.18,1776745088000
1776745090.066,190.066,0.64,0.65,0.35,0.36,0.01,0.01,75669.18,1776745088000
1776745090.586,190.586,0.64,0.65,0.35,0.36,0.01,0.01,75667.2,1776745089000
1776745091.152,191.152,0.64,0.65,0.35,0.36,0.01,0.01,75667.2,1776745089000
1776745092.262,192.262,0.64,0.65,0.35,0.36,0.01,0.01,75663.6,1776745090000
1776745092.804,192.804,0.64,0.65,0.35,0.36,0.01,0.01,75655.6,1776745091000
1776745093.506,193.506,0.64,0.65,0.35,0.36,0.01,0.01,75654.98,1776745092000
1776745094.019,194.019,0.63,0.64,0.35,0.37,0.01,0.02,75654.98,1776745092000
1776745094.361,194.361,0.64,0.65,0.35,0.36,0.01,0.01,75650.62,1776745093000
1776745094.755,194.755,0.64,0.67,0.33,0.36,0.03,0.03,75650.62,1776745093000
1776745095.124,195.124,0.6,0.73,0.37,0.4,0.13,0.03,75650.62,1776745093000
1776745095.458,195.458,0.6,0.65,0.35,0.4,0.05,0.05,75649.63,1776745094000
1776745095.8,195.8,0.64,0.65,0.35,0.42,0.01,0.07,75649.63,1776745094000
1776745096.15,196.15,0.52,0.63,0.37,0.48,0.11,0.11,75649.63,1776745094000
1776745096.509,196.509,0.59,0.6,0.42,0.48,0.01,0.06,75644.71,1776745095000
1776745097.411,197.411,0.52,0.58,0.42,0.48,0.06,0.06,75644.25,1776745096000
1776745097.876,197.876,0.56,0.57,0.42,0.48,0.01,0.06,75644.25,1776745096000
1776745098.618,198.618,0.55,0.57,0.43,0.45,0.02,0.02,75643.97,1776745097000
1776745098.961,198.961,0.54,0.57,0.43,0.46,0.03,0.03,75643.97,1776745097000
1776745099.744,199.744,0.53,0.57,0.43,0.47,0.04,0.04,75643.97,1776745097000
1776745100.123,200.123,0.52,0.57,0.43,0.48,0.05,0.05,75640.86,1776745098000
1776745100.463,200.463,0.56,0.57,0.42,0.47,0.01,0.05,75640.86,1776745098000
1776745100.808,200.808,0.56,0.57,0.43,0.44,0.01,0.01,75642.88,1776745099000
1776745101.452,201.452,0.57,0.58,0.42,0.43,0.01,0.01,75644.01,1776745100000
1776745101.827,201.827,0.57,0.58,0.41,0.43,0.01,0.02,75644.01,1776745100000
1776745102.202,202.202,0.57,0.58,0.42,0.43,0.01,0.01,75644.87,1776745101000
1776745102.616,202.616,0.57,0.58,0.42,0.43,0.01,0.01,75644.87,1776745101000
1776745102.977,202.977,0.57,0.58,0.42,0.43,0.01,0.01,75644.87,1776745101000
1776745103.355,203.355,0.57,0.61,0.39,0.43,0.04,0.04,75644.87,1776745101000
1776745103.719,203.719,0.61,0.63,0.38,0.39,0.02,0.01,75646.45,1776745102000
1776745104.068,204.068,0.61,0.62,0.38,0.39,0.01,0.01,75646.45,1776745102000
1776745104.41,204.41,0.6,0.62,0.38,0.4,0.02,0.02,75646.83,1776745103000
1776745104.796,204.796,0.62,0.63,0.36,0.38,0.01,0.02,75646.83,1776745103000
1776745105.146,205.146,0.62,0.63,0.37,0.38,0.01,0.01,75646.83,1776745103000
1776745105.501,205.501,0.61,0.63,0.37,0.39,0.02,0.02,75649.18,1776745104000
1776745106.173,206.173,0.61,0.62,0.37,0.39,0.01,0.02,75649.18,1776745104000
1776745106.531,206.531,0.6,0.61,0.38,0.4,0.01,0.02,75648.78,1776745105000
1776745107.125,207.125,0.59,0.6,0.4,0.41,0.01,0.01,75649.02,1776745106000
1776745107.675,207.675,0.6,0.63,0.39,0.41,0.03,0.02,75649.02,1776745106000
1776745108.187,208.187,0.62,0.63,0.37,0.38,0.01,0.01,75649.02,1776745106000
1776745108.533,208.533,0.61,0.62,0.37,0.39,0.01,0.02,75649.02,1776745106000
1776745108.88,208.88,0.61,0.62,0.38,0.39,0.01,0.01,75648.53,1776745107000
1776745109.213,209.213,0.61,0.62,0.38,0.39,0.01,0.01,75648.53,1776745107000
1776745109.669,209.669,0.61,0.62,0.38,0.39,0.01,0.01,75648.54,1776745108000
1776745110.048,210.048,0.6,0.61,0.39,0.4,0.01,0.01,75648.54,1776745108000
1776745110.505,210.505,0.58,0.59,0.39,0.42,0.01,0.03,75650.45,1776745109000
1776745110.866,210.866,0.58,0.59,0.41,0.42,0.01,0.01,75650.45,1776745109000
1776745111.284,211.284,0.58,0.59,0.41,0.42,0.01,0.01,75650.47,1776745110000
1776745112.097,212.097,0.58,0.59,0.41,0.42,0.01,0.01,75650.47,1776745110000
1776745112.435,212.435,0.57,0.58,0.41,0.43,0.01,0.02,75650.47,1776745110000
1776745112.791,212.791,0.57,0.58,0.42,0.43,0.01,0.01,75650.88,1776745111000
1776745113.125,213.125,0.57,0.58,0.42,0.43,0.01,0.01,75650.88,1776745111000
1776745113.651,213.651,0.57,0.58,0.42,0.43,0.01,0.01,75650.88,1776745111000
1776745114.29,214.29,0.57,0.58,0.42,0.43,0.01,0.01,75650.88,1776745111000
1776745114.738,214.738,0.57,0.58,0.42,0.43,0.01,0.01,75650.88,1776745111000
1776745115.271,215.271,0.57,0.58,0.42,0.43,0.01,0.01,75650.88,1776745111000
1776745115.634,215.634,0.57,0.58,0.42,0.43,0.01,0.01,75650.88,1776745111000
1776745116.335,216.335,0.57,0.58,0.42,0.43,0.01,0.01,75650.88,1776745111000
1776745116.784,216.784,0.57,0.58,0.42,0.43,0.01,0.01,75650.88,1776745111000
1776745117.123,217.123,0.57,0.58,0.42,0.43,0.01,0.01,75650.88,1776745111000
1776745117.769,217.769,0.57,0.58,0.42,0.43,0.01,0.01,75650.88,1776745111000
1776745119.013,219.013,0.57,0.58,0.42,0.43,0.01,0.01,75650.88,1776745111000
1776745119.411,219.411,0.57,0.58,0.42,0.43,0.01,0.01,75650.88,1776745111000
1776745119.863,219.863,0.56,0.57,0.42,0.43,0.01,0.01,75650.88,1776745111000
1776745120.444,220.444,0.56,0.57,0.43,0.44,0.01,0.01,75650.88,1776745111000
1776745120.782,220.782,0.57,0.58,0.42,0.43,0.01,0.01,75649.52,1776745119000
1776745121.389,221.389,0.57,0.58,0.42,0.43,0.01,0.01,75649.31,1776745120000
1776745121.925,221.925,0.58,0.59,0.41,0.42,0.01,0.01,75649.31,1776745120000
1776745122.41,222.41,0.6,0.61,0.4,0.42,0.01,0.02,75649.31,1776745120000
1776745123.005,223.005,0.58,0.61,0.39,0.4,0.03,0.01,75649.22,1776745121000
1776745123.727,223.727,0.57,0.58,0.39,0.43,0.01,0.04,75649.23,1776745122000
1776745124.157,224.157,0.67,0.68,0.32,0.33,0.01,0.01,75649.23,1776745122000
1776745124.736,224.736,0.68,0.69,0.31,0.32,0.01,0.01,75649.38,1776745123000
1776745125.127,225.127,0.68,0.69,0.31,0.32,0.01,0.01,75649.38,1776745123000
1776745125.464,225.464,0.68,0.69,0.31,0.32,0.01,0.01,75649.38,1776745124000
1776745125.87,225.87,0.68,0.69,0.31,0.32,0.01,0.01,75649.38,1776745124000
1776745126.336,226.336,0.62,0.69,0.31,0.32,0.07,0.01,75649.38,1776745124000
1776745126.678,226.678,0.57,0.64,0.36,0.43,0.07,0.07,75652.93,1776745125000
1776745127.178,227.178,0.58,0.59,0.4,0.41,0.01,0.01,75652.93,1776745125000
1776745127.518,227.518,0.57,0.58,0.42,0.43,0.01,0.01,75653.04,1776745126000
1776745127.885,227.885,0.54,0.55,0.45,0.47,0.01,0.02,75653.04,1776745126000
1776745128.295,228.295,0.54,0.55,0.45,0.46,0.01,0.01,75653.04,1776745126000
1776745128.656,228.656,0.46,0.47,0.53,0.54,0.01,0.01,75653.04,1776745126000
1776745129.001,229.001,0.44,0.45,0.55,0.56,0.01,0.01,75651.29,1776745127000
1776745129.405,229.405,0.44,0.45,0.55,0.56,0.01,0.01,75651.29,1776745127000
1776745129.743,229.743,0.44,0.45,0.55,0.56,0.01,0.01,75651.25,1776745128000
1776745130.076,230.076,0.44,0.45,0.55,0.56,0.01,0.01,75651.25,1776745128000
1776745130.422,230.422,0.48,0.49,0.51,0.52,0.01,0.01,75651.25,1776745128000
1776745130.823,230.823,0.49,0.5,0.5,0.51,0.01,0.01,75646.42,1776745129000
1776745131.157,231.157,0.61,0.63,0.37,0.4,0.02,0.03,75646.42,1776745129000
1776745131.578,231.578,0.62,0.64,0.37,0.38,0.02,0.01,75645.86,1776745130000
1776745131.916,231.916,0.65,0.66,0.34,0.35,0.01,0.01,75645.86,1776745130000
1776745132.273,232.273,0.72,0.73,0.27,0.28,0.01,0.01,75645.8,1776745131000
1776745132.617,232.617,0.73,0.74,0.26,0.27,0.01,0.01,75645.8,1776745131000
1776745132.952,232.952,0.8,0.81,0.19,0.2,0.01,0.01,75645.8,1776745131000
1776745133.29,233.29,0.8,0.81,0.19,0.2,0.01,0.01,75645.8,1776745131000
1776745133.632,233.632,0.77,0.78,0.22,0.23,0.01,0.01,75649.99,1776745132000
1776745134.06,234.06,0.75,0.76,0.23,0.24,0.01,0.01,75649.99,1776745132000
1776745134.398,234.398,0.71,0.74,0.26,0.29,0.03,0.03,75657.91,1776745133000
1776745134.734,234.734,0.71,0.72,0.28,0.29,0.01,0.01,75657.91,1776745133000
1776745135.07,235.07,0.72,0.73,0.27,0.28,0.01,0.01,75657.91,1776745133000
1776745135.406,235.406,0.74,0.75,0.25,0.26,0.01,0.01,75657.91,1776745133000
1776745135.863,235.863,0.74,0.75,0.25,0.26,0.01,0.01,75663.09,1776745134000
1776745136.221,236.221,0.74,0.75,0.25,0.26,0.01,0.01,75662.89,1776745135000
1776745136.741,236.741,0.74,0.75,0.25,0.26,0.01,0.01,75662.89,1776745135000
1776745137.133,237.133,0.74,0.75,0.25,0.26,0.01,0.01,75662.89,1776745135000
1776745137.499,237.499,0.74,0.75,0.25,0.26,0.01,0.01,75662.61,1776745136000
1776745137.885,237.885,0.74,0.75,0.25,0.26,0.01,0.01,75662.61,1776745136000
1776745138.275,238.275,0.72,0.74,0.27,0.28,0.02,0.01,75662.61,1776745136000
1776745138.707,238.707,0.73,0.74,0.26,0.27,0.01,0.01,75663.03,1776745137000
1776745139.157,239.157,0.71,0.72,0.28,0.29,0.01,0.01,75663.03,1776745137000
1776745139.503,239.503,0.63,0.64,0.36,0.37,0.01,0.01,75663.05,1776745138000
1776745139.862,239.862,0.63,0.64,0.36,0.37,0.01,0.01,75663.05,1776745138000
1776745140.244,240.244,0.63,0.64,0.36,0.37,0.01,0.01,75662.72,1776745139000
1776745140.604,240.604,0.64,0.65,0.35,0.36,0.01,0.01,75662.72,1776745139000
1776745140.975,240.975,0.64,0.69,0.35,0.36,0.05,0.01,75662.72,1776745139000
1776745141.318,241.318,0.69,0.71,0.29,0.31,0.02,0.02,75661.18,1776745140000
1776745141.672,241.672,0.7,0.71,0.29,0.3,0.01,0.01,75661.18,1776745140000
1776745142.034,242.034,0.77,0.78,0.22,0.23,0.01,0.01,75661.18,1776745140000
1776745142.381,242.381,0.79,0.8,0.2,0.21,0.01,0.01,75661.17,1776745141000
1776745142.729,242.729,0.82,0.83,0.17,0.19,0.01,0.02,75661.17,1776745141000
1776745143.078,243.078,0.82,0.83,0.17,0.18,0.01,0.01,75661.17,1776745141000
1776745143.429,243.429,0.82,0.84,0.16,0.17,0.02,0.01,75664.17,1776745142000
1776745143.763,243.763,0.84,0.85,0.15,0.16,0.01,0.01,75664.17,1776745142000
1776745144.106,244.106,0.84,0.85,0.15,0.16,0.01,0.01,75664.17,1776745142000
1776745144.449,244.449,0.84,0.86,0.15,0.17,0.02,0.02,75679.12,1776745143000
1776745144.786,244.786,0.82,0.83,0.17,0.18,0.01,0.01,75679.12,1776745143000
1776745145.176,245.176,0.81,0.82,0.17,0.19,0.01,0.02,75679.12,1776745143000
1776745145.591,245.591,0.81,0.82,0.18,0.19,0.01,0.01,75680.19,1776745144000
1776745145.97,245.97,0.85,0.86,0.14,0.15,0.01,0.01,75680.19,1776745144000
1776745146.333,246.333,0.85,0.86,0.14,0.15,0.01,0.01,75680.19,1776745144000
1776745146.67,246.67,0.83,0.84,0.16,0.17,0.01,0.01,75680.29,1776745145000
1776745147.008,247.008,0.84,0.85,0.15,0.16,0.01,0.01,75680.29,1776745145000
1776745147.342,247.342,0.84,0.85,0.15,0.16,0.01,0.01,75681.11,1776745146000
1776745147.73,247.73,0.81,0.82,0.18,0.19,0.01,0.01,75681.11,1776745146000
1776745148.149,248.149,0.78,0.79,0.21,0.22,0.01,0.01,75681.11,1776745146000
1776745148.715,248.715,0.78,0.79,0.21,0.22,0.01,0.01,75681.33,1776745147000
1776745149.131,249.131,0.78,0.79,0.21,0.22,0.01,0.01,75681.01,1776745148000
1776745149.52,249.52,0.78,0.79,0.21,0.22,0.01,0.01,75681.01,1776745148000
1776745149.856,249.856,0.78,0.79,0.21,0.22,0.01,0.01,75681.01,1776745148000
1776745150.233,250.233,0.78,0.79,0.21,0.22,0.01,0.01,75680.25,1776745149000
1776745150.928,250.928,0.78,0.79,0.21,0.22,0.01,0.01,75680.25,1776745149000
1776745151.306,251.306,0.78,0.79,0.21,0.22,0.01,0.01,75679.44,1776745150000
1776745151.693,251.693,0.78,0.79,0.21,0.22,0.01,0.01,75679.44,1776745150000
1776745152.069,252.069,0.78,0.79,0.21,0.22,0.01,0.01,75679.46,1776745151000
1776745152.435,252.435,0.78,0.79,0.21,0.22,0.01,0.01,75679.46,1776745151000
1776745152.826,252.826,0.78,0.79,0.21,0.22,0.01,0.01,75679.46,1776745151000
1776745153.21,253.21,0.78,0.79,0.21,0.22,0.01,0.01,75677.49,1776745152000
1776745153.642,253.642,0.78,0.79,0.21,0.22,0.01,0.01,75677.49,1776745152000
1776745153.996,253.996,0.79,0.8,0.2,0.21,0.01,0.01,75677.49,1776745152000
1776745154.341,254.341,0.79,0.8,0.2,0.21,0.01,0.01,75677.25,1776745153000
1776745154.736,254.736,0.79,0.8,0.2,0.21,0.01,0.01,75677.25,1776745153000
1776745155.255,255.255,0.75,0.76,0.2,0.25,0.01,0.05,75676.33,1776745154000
1776745155.635,255.635,0.75,0.76,0.24,0.25,0.01,0.01,75676.33,1776745154000
1776745155.977,255.977,0.75,0.76,0.24,0.25,0.01,0.01,75676.33,1776745154000
1776745156.474,256.474,0.75,0.76,0.24,0.25,0.01,0.01,75673.85,1776745155000
1776745156.896,256.896,0.75,0.76,0.24,0.25,0.01,0.01,75673.85,1776745155000
1776745157.475,257.475,0.75,0.76,0.24,0.25,0.01,0.01,75673.66,1776745156000
1776745157.999,257.999,0.78,0.79,0.23,0.25,0.01,0.02,75673.66,1776745156000
1776745158.421,258.421,0.78,0.79,0.21,0.22,0.01,0.01,75673.85,1776745157000
1776745158.913,258.913,0.78,0.79,0.21,0.22,0.01,0.01,75673.85,1776745157000
1776745159.382,259.382,0.78,0.79,0.21,0.22,0.01,0.01,75674.34,1776745158000
1776745160.077,260.077,0.78,0.8,0.21,0.22,0.02,0.01,75674.34,1776745158000
1776745160.441,260.441,0.79,0.8,0.2,0.21,0.01,0.01,75674.39,1776745159000
1776745160.825,260.825,0.79,0.8,0.2,0.21,0.01,0.01,75674.39,1776745159000
1776745161.192,261.192,0.79,0.8,0.2,0.21,0.01,0.01,75673.91,1776745160000
1776745161.528,261.528,0.79,0.8,0.2,0.21,0.01,0.01,75673.91,1776745160000
1776745161.924,261.924,0.79,0.8,0.2,0.21,0.01,0.01,75673.91,1776745160000
1776745162.384,262.384,0.79,0.8,0.2,0.21,0.01,0.01,75673.85,1776745161000
1776745162.818,262.818,0.76,0.77,0.23,0.24,0.01,0.01,75673.85,1776745161000
1776745163.167,263.167,0.78,0.79,0.21,0.22,0.01,0.01,75673.84,1776745162000
1776745163.651,263.651,0.78,0.79,0.21,0.22,0.01,0.01,75673.84,1776745162000
1776745164.091,264.091,0.78,0.79,0.21,0.22,0.01,0.01,75673.84,1776745162000
1776745164.508,264.508,0.78,0.79,0.21,0.22,0.01,0.01,75673.84,1776745162000
1776745164.852,264.852,0.79,0.8,0.2,0.22,0.01,0.02,75673.84,1776745162000
1776745165.207,265.207,0.79,0.8,0.2,0.21,0.01,0.01,75673.84,1776745162000
1776745165.562,265.562,0.79,0.8,0.2,0.21,0.01,0.01,75673.84,1776745163000
1776745165.963,265.963,0.79,0.8,0.2,0.21,0.01,0.01,75673.84,1776745163000
1776745166.404,266.404,0.81,0.82,0.18,0.21,0.01,0.03,75673.84,1776745163000
1776745166.833,266.833,0.82,0.83,0.18,0.19,0.01,0.01,75673.84,1776745165000
1776745167.273,267.273,0.81,0.83,0.17,0.18,0.02,0.01,75673.84,1776745165000
1776745167.613,267.613,0.81,0.82,0.18,0.19,0.01,0.01,75673.84,1776745165000
1776745167.989,267.989,0.81,0.83,0.17,0.18,0.02,0.01,75673.59,1776745166000
1776745168.359,268.359,0.82,0.83,0.17,0.18,0.01,0.01,75673.59,1776745166000
1776745168.7,268.7,0.8,0.81,0.19,0.2,0.01,0.01,75673.59,1776745166000
1776745169.107,269.107,0.79,0.8,0.2,0.21,0.01,0.01,75673.85,1776745167000
1776745169.445,269.445,0.79,0.8,0.2,0.21,0.01,0.01,75673.85,1776745167000
1776745169.837,269.837,0.8,0.81,0.19,0.2,0.01,0.01,75673.85,1776745167000
1776745170.436,270.436,0.8,0.81,0.19,0.2,0.01,0.01,75673.87,1776745168000
1776745170.772,270.772,0.8,0.81,0.19,0.2,0.01,0.01,75673.87,1776745168000
1776745171.151,271.151,0.79,0.8,0.19,0.2,0.01,0.01,75673.93,1776745169000
1776745171.53,271.53,0.79,0.8,0.2,0.21,0.01,0.01,75673.93,1776745169000
1776745171.875,271.875,0.79,0.8,0.2,0.21,0.01,0.01,75673.85,1776745170000
1776745172.273,272.273,0.79,0.8,0.2,0.21,0.01,0.01,75673.85,1776745170000
1776745172.608,272.608,0.82,0.83,0.18,0.21,0.01,0.03,75673.85,1776745170000
1776745173.025,273.025,0.83,0.84,0.16,0.17,0.01,0.01,75673.85,1776745171000
1776745173.488,273.488,0.83,0.84,0.16,0.17,0.01,0.01,75673.85,1776745171000
1776745173.945,273.945,0.83,0.84,0.16,0.17,0.01,0.01,75674.28,1776745172000
1776745174.332,274.332,0.81,0.82,0.18,0.19,0.01,0.01,75674.28,1776745172000
1776745174.91,274.91,0.81,0.82,0.18,0.19,0.01,0.01,75673.89,1776745173000
1776745175.413,275.413,0.81,0.82,0.18,0.19,0.01,0.01,75673.89,1776745173000
1776745175.748,275.748,0.81,0.82,0.18,0.19,0.01,0.01,75674.66,1776745174000
1776745176.148,276.148,0.81,0.82,0.18,0.19,0.01,0.01,75674.66,1776745174000
1776745176.55,276.55,0.81,0.82,0.18,0.19,0.01,0.01,75672.95,1776745175000
1776745177.065,277.065,0.81,0.82,0.18,0.19,0.01,0.01,75672.95,1776745175000
1776745177.498,277.498,0.81,0.82,0.18,0.19,0.01,0.01,75670.67,1776745176000
1776745178.249,278.249,0.81,0.82,0.18,0.19,0.01,0.01,75670.67,1776745176000
1776745178.686,278.686,0.81,0.82,0.18,0.19,0.01,0.01,75670.98,1776745177000
1776745179.098,279.098,0.78,0.82,0.18,0.19,0.04,0.01,75670.98,1776745177000
1776745179.443,279.443,0.8,0.82,0.2,0.21,0.02,0.01,75670.98,1776745177000
1776745179.987,279.987,0.81,0.82,0.18,0.2,0.01,0.02,75670.2,1776745178000
1776745180.366,280.366,0.72,0.74,0.26,0.27,0.02,0.01,75669.79,1776745179000
1776745180.78,280.78,0.71,0.72,0.28,0.29,0.01,0.01,75669.79,1776745179000
1776745181.116,281.116,0.71,0.72,0.28,0.29,0.01,0.01,75669.79,1776745179000
1776745181.455,281.455,0.56,0.57,0.43,0.44,0.01,0.01,75669.79,1776745179000
1776745181.812,281.812,0.56,0.57,0.43,0.44,0.01,0.01,75669.17,1776745180000
1776745182.187,282.187,0.49,0.5,0.5,0.51,0.01,0.01,75669.17,1776745180000
1776745182.534,282.534,0.49,0.5,0.5,0.51,0.01,0.01,75668.67,1776745181000
1776745182.89,282.89,0.51,0.56,0.44,0.49,0.05,0.05,75668.67,1776745181000
1776745183.226,283.226,0.58,0.6,0.4,0.43,0.02,0.03,75668.67,1776745181000
1776745183.651,283.651,0.67,0.69,0.39,0.4,0.02,0.01,75668.67,1776745181000
1776745184.134,284.134,0.7,0.71,0.29,0.31,0.01,0.02,75668.23,1776745182000
1776745184.469,284.469,0.7,0.71,0.29,0.3,0.01,0.01,75666.96,1776745183000
1776745184.822,284.822,0.7,0.71,0.29,0.3,0.01,0.01,75666.96,1776745183000
1776745185.348,285.348,0.49,0.5,0.29,0.3,0.01,0.01,75666.96,1776745183000
1776745185.711,285.711,0.49,0.5,0.5,0.51,0.01,0.01,75667.35,1776745184000
1776745186.05,286.05,0.44,0.46,0.55,0.56,0.02,0.01,75667.35,1776745184000
1776745186.396,286.396,0.45,0.46,0.54,0.55,0.01,0.01,75667.35,1776745184000
1776745186.736,286.736,0.42,0.44,0.56,0.58,0.02,0.02,75667.35,1776745184000
1776745187.124,287.124,0.41,0.42,0.58,0.59,0.01,0.01,75667.69,1776745185000
1776745187.463,287.463,0.41,0.42,0.58,0.59,0.01,0.01,75667.88,1776745186000
1776745187.796,287.796,0.41,0.42,0.57,0.6,0.01,0.03,75667.88,1776745186000
1776745188.16,288.16,0.4,0.41,0.59,0.6,0.01,0.01,75667.88,1776745186000
1776745188.502,288.502,0.41,0.42,0.58,0.59,0.01,0.01,75669.01,1776745187000
1776745188.848,288.848,0.41,0.42,0.58,0.6,0.01,0.02,75669.01,1776745187000
1776745189.182,289.182,0.41,0.42,0.58,0.59,0.01,0.01,75669.01,1776745187000
1776745189.528,289.528,0.41,0.42,0.58,0.59,0.01,0.01,75669.64,1776745188000
1776745189.877,289.877,0.41,0.43,0.58,0.59,0.02,0.01,75669.64,1776745188000
1776745190.274,290.274,0.41,0.42,0.58,0.59,0.01,0.01,75669.55,1776745189000
1776745190.629,290.629,0.42,0.43,0.57,0.58,0.01,0.01,75669.55,1776745189000
1776745190.963,290.963,0.41,0.42,0.58,0.59,0.01,0.01,75669.55,1776745189000
1776745191.344,291.344,0.41,0.42,0.57,0.59,0.01,0.02,75669.34,1776745190000
1776745191.684,291.684,0.4,0.42,0.58,0.59,0.02,0.01,75669.34,1776745190000
1776745192.02,292.02,0.41,0.42,0.58,0.59,0.01,0.01,75669.34,1776745190000
1776745192.365,292.365,0.45,0.46,0.53,0.57,0.01,0.04,75669.34,1776745190000
1776745192.705,292.705,0.42,0.43,0.57,0.58,0.01,0.01,75669.66,1776745191000
1776745193.062,293.062,0.41,0.42,0.58,0.59,0.01,0.01,75669.66,1776745191000
1776745193.403,293.403,0.45,0.47,0.53,0.56,0.02,0.03,75669.66,1776745191000
1776745193.744,293.744,0.42,0.47,0.57,0.58,0.05,0.01,75669.54,1776745192000
1776745194.108,294.108,0.45,0.46,0.54,0.55,0.01,0.01,75669.54,1776745192000
1776745194.442,294.442,0.41,0.42,0.58,0.59,0.01,0.01,75669.54,1776745193000
1776745194.778,294.778,0.45,0.5,0.47,0.55,0.05,0.08,75669.54,1776745193000
1776745195.345,295.345,0.43,0.44,0.56,0.57,0.01,0.01,75669.54,1776745193000
1776745195.703,295.703,0.4,0.44,0.56,0.6,0.04,0.04,75669.44,1776745194000
1776745196.049,296.049,0.11,0.22,0.78,0.89,0.11,0.11,75669.44,1776745194000
1776745196.387,296.387,0.03,0.1,0.9,0.97,0.07,0.07,75669.44,1776745194000
1776745196.727,296.727,0.04,0.2,0.8,0.96,0.16,0.16,75669.44,1776745194000
1776745197.071,297.071,0.02,0.04,0.95,0.98,0.02,0.03,75669.11,1776745195000
1776745197.409,297.409,0.02,0.04,0.93,0.98,0.02,0.05,75669.11,1776745195000
1776745197.746,297.746,0.01,0.06,0.92,0.99,0.05,0.07,75645.68,1776745196000
1776745198.097,298.097,0.01,0.02,0.98,0.99,0.01,0.01,75645.68,1776745196000
1776745198.438,298.438,0.05,0.06,0.95,0.99,0.01,0.04,75645.68,1776745196000
1776745198.776,298.776,0.02,0.05,0.97,0.98,0.03,0.01,75645.68,1776745196000
1776745199.117,299.117,0.01,0.03,0.97,0.99,0.02,0.02,75627.42,1776745197000
1776745199.45,299.45,0.02,0.01,0.99,0.98,-0.01,-0.01,75627.42,1776745197000
1776745199.816,299.816,0.02,0.01,0.99,0.98,-0.01,-0.01,75627.42,1776745198000
1776745200.225,300.225,0.02,0.01,0.99,0.98,-0.01,-0.01,75627.42,1776745198000
1776745200.591,300.591,0.02,0.01,0.99,0.98,-0.01,-0.01,75627.42,1776745198000
1776745200.934,300.934,0.02,0.01,0.99,0.98,-0.01,-0.01,75627.08,1776745199000

# RESULT,winner=Down,slug=btc-updown-5m-1776744900,ticks=670
