timestamp,elapsed_sec,up_bid,up_ask,down_bid,down_ask,up_spread,down_spread,btc_price
1775854200.512,0.512,0.47,0.49,0.53,0.54,0.02,0.01,73271.11
1775854200.998,0.998,0.48,0.5,0.5,0.52,0.02,0.02,73271.11
1775854201.552,1.552,0.48,0.49,0.51,0.52,0.01,0.01,73270.55
1775854201.99,1.99,0.48,0.49,0.51,0.52,0.01,0.01,73270.55
1775854202.418,2.418,0.49,0.5,0.5,0.52,0.01,0.02,73270.55
1775854202.789,2.789,0.49,0.5,0.5,0.51,0.01,0.01,73270.48
1775854203.442,3.442,0.48,0.5,0.5,0.51,0.02,0.01,73269.53
1775854203.802,3.802,0.48,0.5,0.5,0.53,0.02,0.03,73269.53
1775854204.198,4.198,0.48,0.49,0.51,0.52,0.01,0.01,73269.53
1775854204.535,4.535,0.47,0.49,0.51,0.52,0.02,0.01,73269.53
1775854204.877,4.877,0.47,0.48,0.52,0.53,0.01,0.01,73269.53
1775854205.232,5.232,0.47,0.48,0.52,0.53,0.01,0.01,73269.53
1775854205.599,5.599,0.47,0.48,0.52,0.53,0.01,0.01,73266.78
1775854205.984,5.984,0.47,0.48,0.52,0.53,0.01,0.01,73266.78
1775854206.414,6.414,0.47,0.48,0.52,0.53,0.01,0.01,73265.99
1775854206.749,6.749,0.47,0.48,0.52,0.53,0.01,0.01,73265.99
1775854207.104,7.104,0.47,0.48,0.52,0.53,0.01,0.01,73263.57
1775854207.456,7.456,0.47,0.48,0.52,0.53,0.01,0.01,73263.57
1775854207.811,7.811,0.47,0.48,0.52,0.53,0.01,0.01,73263.57
1775854208.242,8.242,0.49,0.5,0.5,0.51,0.01,0.01,73262.3
1775854208.72,8.72,0.49,0.5,0.5,0.51,0.01,0.01,73262.3
1775854209.054,9.054,0.49,0.5,0.5,0.51,0.01,0.01,73262.3
1775854209.461,9.461,0.49,0.5,0.5,0.51,0.01,0.01,73262.3
1775854209.993,9.993,0.49,0.5,0.5,0.51,0.01,0.01,73269.61
1775854210.358,10.358,0.49,0.5,0.5,0.51,0.01,0.01,73270.38
1775854210.728,10.728,0.49,0.5,0.5,0.51,0.01,0.01,73270.38
1775854211.169,11.169,0.49,0.5,0.5,0.51,0.01,0.01,73270.38
1775854211.534,11.534,0.49,0.5,0.5,0.51,0.01,0.01,73270.47
1775854212.025,12.025,0.49,0.5,0.5,0.51,0.01,0.01,73270.47
1775854212.501,12.501,0.49,0.5,0.5,0.51,0.01,0.01,73270.47
1775854212.935,12.935,0.49,0.5,0.5,0.51,0.01,0.01,73270.49
1775854213.304,13.304,0.49,0.51,0.5,0.51,0.02,0.01,73270.49
1775854214.094,14.094,0.5,0.51,0.49,0.5,0.01,0.01,73268.47
1775854214.524,14.524,0.48,0.49,0.51,0.52,0.01,0.01,73268.47
1775854214.999,14.999,0.48,0.49,0.51,0.52,0.01,0.01,73268.47
1775854215.361,15.361,0.48,0.49,0.51,0.52,0.01,0.01,73270.52
1775854215.826,15.826,0.48,0.49,0.51,0.52,0.01,0.01,73270.52
1775854216.654,16.654,0.48,0.49,0.51,0.52,0.01,0.01,73270.11
1775854217.005,17.005,0.47,0.48,0.52,0.53,0.01,0.01,73270.11
1775854217.675,17.675,0.47,0.48,0.52,0.53,0.01,0.01,73269.75
1775854218.009,18.009,0.47,0.48,0.52,0.53,0.01,0.01,73269.75
1775854219.227,19.227,0.47,0.49,0.52,0.53,0.02,0.01,73269.75
1775854219.593,19.593,0.5,0.51,0.49,0.5,0.01,0.01,73269.77
1775854219.978,19.978,0.5,0.51,0.49,0.5,0.01,0.01,73269.77
1775854220.502,20.502,0.5,0.51,0.49,0.5,0.01,0.01,73272.73
1775854220.857,20.857,0.5,0.51,0.49,0.5,0.01,0.01,73272.73
1775854221.435,21.435,0.5,0.51,0.49,0.5,0.01,0.01,73277.35
1775854221.862,21.862,0.51,0.53,0.47,0.49,0.02,0.02,73277.35
1775854222.484,22.484,0.51,0.54,0.46,0.49,0.03,0.03,73277.73
1775854222.893,22.893,0.52,0.55,0.45,0.49,0.03,0.04,73277.73
1775854223.326,23.326,0.55,0.56,0.44,0.46,0.01,0.02,73281.45
1775854223.687,23.687,0.55,0.56,0.44,0.45,0.01,0.01,73281.45
1775854224.024,24.024,0.55,0.58,0.42,0.45,0.03,0.03,73281.45
1775854224.5,24.5,0.56,0.57,0.43,0.44,0.01,0.01,73283.43
1775854224.852,24.852,0.56,0.57,0.37,0.44,0.01,0.07,73283.43
1775854225.238,25.238,0.56,0.57,0.43,0.44,0.01,0.01,73283.43
1775854225.643,25.643,0.58,0.59,0.39,0.44,0.01,0.05,73286.23
1775854226.313,26.313,0.58,0.59,0.41,0.42,0.01,0.01,73285.77
1775854226.651,26.651,0.58,0.59,0.41,0.42,0.01,0.01,73285.77
1775854227.008,27.008,0.58,0.59,0.41,0.42,0.01,0.01,73285.77
1775854227.415,27.415,0.58,0.59,0.41,0.42,0.01,0.01,73285.77
1775854227.77,27.77,0.58,0.59,0.41,0.42,0.01,0.01,73285.48
1775854228.342,28.342,0.58,0.59,0.41,0.42,0.01,0.01,73285.47
1775854228.751,28.751,0.58,0.59,0.41,0.42,0.01,0.01,73285.47
1775854229.366,29.366,0.58,0.59,0.41,0.42,0.01,0.01,73285.47
1775854229.78,29.78,0.59,0.6,0.4,0.41,0.01,0.01,73285.43
1775854230.224,30.224,0.59,0.6,0.4,0.41,0.01,0.01,73285.44
1775854230.633,30.633,0.59,0.6,0.4,0.41,0.01,0.01,73285.44
1775854230.968,30.968,0.59,0.6,0.4,0.41,0.01,0.01,73285.44
1775854231.335,31.335,0.59,0.6,0.4,0.41,0.01,0.01,73285.44
1775854231.693,31.693,0.59,0.6,0.4,0.41,0.01,0.01,73285.82
1775854232.037,32.037,0.6,0.61,0.39,0.41,0.01,0.02,73285.82
1775854232.532,32.532,0.6,0.61,0.39,0.4,0.01,0.01,73285.55
1775854233.143,33.143,0.6,0.61,0.39,0.4,0.01,0.01,73285.55
1775854233.753,33.753,0.6,0.61,0.39,0.4,0.01,0.01,73285.55
1775854234.164,34.164,0.58,0.59,0.41,0.42,0.01,0.01,73285.55
1775854234.672,34.672,0.58,0.59,0.41,0.42,0.01,0.01,73285.5
1775854235.04,35.04,0.58,0.59,0.41,0.42,0.01,0.01,73285.5
1775854235.511,35.511,0.57,0.59,0.41,0.42,0.02,0.01,73285.5
1775854236.346,36.346,0.57,0.58,0.41,0.43,0.01,0.02,73280.67
1775854237.576,37.576,0.57,0.58,0.42,0.43,0.01,0.01,73280.67
1775854237.963,37.963,0.57,0.58,0.42,0.43,0.01,0.01,73278.03
1775854238.489,38.489,0.57,0.58,0.42,0.43,0.01,0.01,73278.03
1775854238.937,38.937,0.57,0.58,0.42,0.43,0.01,0.01,73277.67
1775854239.384,39.384,0.57,0.58,0.42,0.43,0.01,0.01,73277.67
1775854239.792,39.792,0.56,0.58,0.42,0.43,0.02,0.01,73277.67
1775854240.307,40.307,0.56,0.57,0.43,0.44,0.01,0.01,73277.67
1775854240.919,40.919,0.56,0.57,0.43,0.44,0.01,0.01,73278.23
1775854241.749,41.749,0.56,0.57,0.43,0.44,0.01,0.01,73278.18
1775854242.283,42.283,0.56,0.57,0.43,0.44,0.01,0.01,73278.18
1775854242.75,42.75,0.56,0.57,0.41,0.44,0.01,0.03,73277.83
1775854243.311,43.311,0.58,0.59,0.41,0.42,0.01,0.01,73277.83
1775854243.673,43.673,0.58,0.59,0.41,0.42,0.01,0.01,73277.83
1775854244.077,44.077,0.58,0.59,0.41,0.42,0.01,0.01,73277.83
1775854244.531,44.531,0.58,0.59,0.41,0.42,0.01,0.01,73277.83
1775854244.874,44.874,0.58,0.59,0.41,0.42,0.01,0.01,73277.83
1775854245.395,45.395,0.58,0.59,0.41,0.42,0.01,0.01,73277.8
1775854246.806,46.806,0.58,0.59,0.41,0.42,0.01,0.01,73277.74
1775854247.179,47.179,0.58,0.59,0.41,0.42,0.01,0.01,73277.74
1775854247.641,47.641,0.58,0.59,0.41,0.42,0.01,0.01,73277.73
1775854248.069,48.069,0.58,0.59,0.41,0.42,0.01,0.01,73277.73
1775854248.573,48.573,0.58,0.59,0.41,0.42,0.01,0.01,73277.73
1775854249.786,49.786,0.56,0.59,0.41,0.42,0.03,0.01,73277.3
1775854250.297,50.297,0.55,0.56,0.43,0.46,0.01,0.03,73277.26
1775854250.654,50.654,0.53,0.54,0.46,0.47,0.01,0.01,73277.26
1775854251.401,51.401,0.53,0.54,0.46,0.47,0.01,0.01,73277.0
1775854251.75,51.75,0.53,0.54,0.46,0.47,0.01,0.01,73277.0
1775854252.253,52.253,0.53,0.54,0.46,0.47,0.01,0.01,73277.0
1775854252.756,52.756,0.53,0.54,0.46,0.47,0.01,0.01,73272.65
1775854253.222,53.222,0.53,0.54,0.46,0.47,0.01,0.01,73271.13
1775854253.639,53.639,0.53,0.54,0.46,0.47,0.01,0.01,73271.13
1775854254.682,54.682,0.53,0.54,0.46,0.47,0.01,0.01,73271.13
1775854255.064,55.064,0.53,0.54,0.46,0.47,0.01,0.01,73271.13
1775854255.416,55.416,0.53,0.54,0.46,0.47,0.01,0.01,73271.13
1775854255.964,55.964,0.53,0.54,0.46,0.47,0.01,0.01,73271.13
1775854256.898,56.898,0.53,0.54,0.46,0.47,0.01,0.01,73271.26
1775854257.403,57.403,0.53,0.54,0.46,0.47,0.01,0.01,73271.6
1775854257.911,57.911,0.52,0.53,0.46,0.48,0.01,0.02,73271.6
1775854258.29,58.29,0.52,0.53,0.47,0.48,0.01,0.01,73271.27
1775854258.638,58.638,0.52,0.53,0.47,0.48,0.01,0.01,73271.27
1775854259.306,59.306,0.52,0.53,0.47,0.48,0.01,0.01,73271.27
1775854259.648,59.648,0.52,0.53,0.47,0.48,0.01,0.01,73271.27
1775854260.156,60.156,0.52,0.53,0.47,0.48,0.01,0.01,73271
1775854260.624,60.624,0.52,0.53,0.47,0.48,0.01,0.01,73271.47
1775854261.168,61.168,0.52,0.53,0.47,0.48,0.01,0.01,73271.47
1775854261.732,61.732,0.52,0.53,0.47,0.48,0.01,0.01,73271.47
1775854262.097,62.097,0.51,0.53,0.47,0.48,0.02,0.01,73271.47
1775854262.451,62.451,0.5,0.51,0.49,0.5,0.01,0.01,73269.55
1775854263.25,63.25,0.5,0.51,0.49,0.5,0.01,0.01,73269.55
1775854263.599,63.599,0.5,0.51,0.49,0.5,0.01,0.01,73269.55
1775854264.037,64.037,0.5,0.51,0.49,0.5,0.01,0.01,73268.09
1775854264.69,64.69,0.5,0.51,0.49,0.5,0.01,0.01,73267.52
1775854265.279,65.279,0.5,0.51,0.49,0.5,0.01,0.01,73266.73
1775854265.835,65.835,0.5,0.51,0.49,0.5,0.01,0.01,73266.73
1775854266.285,66.285,0.5,0.51,0.49,0.5,0.01,0.01,73266.73
1775854266.636,66.636,0.5,0.51,0.49,0.5,0.01,0.01,73266.68
1775854267.372,67.372,0.5,0.51,0.49,0.5,0.01,0.01,73266.68
1775854267.711,67.711,0.5,0.51,0.49,0.5,0.01,0.01,73266.68
1775854268.086,68.086,0.5,0.51,0.49,0.5,0.01,0.01,73266.68
1775854268.603,68.603,0.53,0.54,0.45,0.48,0.01,0.03,73266.68
1775854269.123,69.123,0.53,0.54,0.46,0.47,0.01,0.01,73266.54
1775854269.652,69.652,0.53,0.54,0.46,0.47,0.01,0.01,73266.84
1775854270.058,70.058,0.57,0.61,0.42,0.43,0.04,0.01,73267.05
1775854270.58,70.58,0.56,0.59,0.39,0.43,0.03,0.04,73267.05
1775854271.617,71.617,0.6,0.61,0.4,0.42,0.01,0.02,73270.75
1775854272.069,72.069,0.6,0.61,0.39,0.4,0.01,0.01,73270.75
1775854272.593,72.593,0.6,0.61,0.39,0.4,0.01,0.01,73276.04
1775854272.938,72.938,0.6,0.61,0.39,0.4,0.01,0.01,73276.04
1775854273.372,73.372,0.6,0.61,0.39,0.4,0.01,0.01,73278.01
1775854273.712,73.712,0.6,0.61,0.39,0.4,0.01,0.01,73278.01
1775854274.102,74.102,0.59,0.6,0.39,0.41,0.01,0.02,73278.01
1775854275.207,75.207,0.58,0.59,0.4,0.41,0.01,0.01,73276.11
1775854275.599,75.599,0.58,0.59,0.41,0.42,0.01,0.01,73276.2
1775854275.965,75.965,0.58,0.59,0.41,0.42,0.01,0.01,73276.2
1775854276.595,76.595,0.58,0.59,0.41,0.42,0.01,0.01,73275.45
1775854277.541,77.541,0.57,0.58,0.41,0.42,0.01,0.01,73275.45
1775854278.279,78.279,0.57,0.61,0.42,0.43,0.04,0.01,73274.27
1775854278.629,78.629,0.57,0.58,0.39,0.43,0.01,0.04,73274.37
1775854279.007,79.007,0.57,0.58,0.42,0.43,0.01,0.01,73274.37
1775854279.865,79.865,0.57,0.58,0.42,0.43,0.01,0.01,73274.21
1775854280.348,80.348,0.57,0.58,0.42,0.43,0.01,0.01,73274.51
1775854280.945,80.945,0.57,0.58,0.42,0.43,0.01,0.01,73274.51
1775854281.357,81.357,0.57,0.58,0.42,0.43,0.01,0.01,73274.51
1775854281.865,81.865,0.57,0.58,0.42,0.43,0.01,0.01,73274.51
1775854282.59,82.59,0.57,0.58,0.42,0.43,0.01,0.01,73274.42
1775854283.2,83.2,0.57,0.58,0.42,0.43,0.01,0.01,73274.42
1775854283.701,83.701,0.57,0.58,0.42,0.43,0.01,0.01,73274.42
1775854284.18,84.18,0.57,0.58,0.42,0.43,0.01,0.01,73274.42
1775854284.643,84.643,0.57,0.58,0.42,0.43,0.01,0.01,73274.42
1775854285.243,85.243,0.57,0.58,0.42,0.43,0.01,0.01,73274.38
1775854286.105,86.105,0.57,0.58,0.42,0.43,0.01,0.01,73274.38
1775854286.44,86.44,0.57,0.58,0.42,0.43,0.01,0.01,73274.39
1775854287.283,87.283,0.56,0.57,0.42,0.43,0.01,0.01,73274.39
1775854287.622,87.622,0.55,0.56,0.44,0.45,0.01,0.01,73274.39
1775854288.29,88.29,0.54,0.56,0.44,0.45,0.02,0.01,73274.39
1775854288.723,88.723,0.53,0.55,0.44,0.46,0.02,0.02,73274.39
1775854289.19,89.19,0.5,0.53,0.46,0.49,0.03,0.03,73274.39
1775854289.761,89.761,0.52,0.53,0.47,0.48,0.01,0.01,73274.37
1775854290.192,90.192,0.51,0.53,0.47,0.48,0.02,0.01,73274.37
1775854290.749,90.749,0.51,0.52,0.48,0.49,0.01,0.01,73268.12
1775854291.174,91.174,0.51,0.52,0.48,0.49,0.01,0.01,73267.2
1775854291.625,91.625,0.51,0.52,0.48,0.49,0.01,0.01,73267.2
1775854292.031,92.031,0.51,0.52,0.48,0.49,0.01,0.01,73267.2
1775854292.881,92.881,0.51,0.52,0.48,0.49,0.01,0.01,73267.18
1775854293.376,93.376,0.51,0.52,0.48,0.49,0.01,0.01,73266.88
1775854293.935,93.935,0.51,0.52,0.48,0.49,0.01,0.01,73266.88
1775854294.525,94.525,0.51,0.52,0.48,0.49,0.01,0.01,73267.0
1775854294.984,94.984,0.55,0.57,0.44,0.47,0.02,0.03,73267.01
1775854295.344,95.344,0.56,0.57,0.43,0.45,0.01,0.02,73267.01
1775854295.679,95.679,0.62,0.66,0.34,0.38,0.04,0.04,73267.01
1775854296.018,96.018,0.64,0.7,0.3,0.33,0.06,0.03,73267.01
1775854296.359,96.359,0.67,0.72,0.28,0.33,0.05,0.05,73267.42
1775854296.869,96.869,0.67,0.68,0.32,0.33,0.01,0.01,73267.42
1775854297.217,97.217,0.69,0.7,0.3,0.31,0.01,0.01,73280.52
1775854297.587,97.587,0.69,0.7,0.3,0.31,0.01,0.01,73280.52
1775854297.991,97.991,0.69,0.7,0.3,0.31,0.01,0.01,73280.52
1775854298.393,98.393,0.69,0.7,0.3,0.31,0.01,0.01,73289.55
1775854298.768,98.768,0.68,0.69,0.31,0.32,0.01,0.01,73289.55
1775854299.12,99.12,0.68,0.69,0.31,0.32,0.01,0.01,73289.55
1775854299.465,99.465,0.67,0.69,0.31,0.32,0.02,0.01,73288.65
1775854299.837,99.837,0.66,0.67,0.32,0.33,0.01,0.01,73288.65
1775854300.379,100.379,0.65,0.66,0.34,0.35,0.01,0.01,73288.65
1775854300.94,100.94,0.63,0.64,0.35,0.38,0.01,0.03,73286.46
1775854301.284,101.284,0.63,0.64,0.36,0.37,0.01,0.01,73285.66
1775854301.646,101.646,0.62,0.63,0.36,0.38,0.01,0.02,73285.66
1775854302.008,102.008,0.62,0.63,0.37,0.39,0.01,0.02,73285.66
1775854302.459,102.459,0.61,0.62,0.37,0.39,0.01,0.02,73280.23
1775854302.81,102.81,0.61,0.62,0.38,0.39,0.01,0.01,73280.23
1775854303.16,103.16,0.61,0.62,0.38,0.39,0.01,0.01,73280.23
1775854303.732,103.732,0.6,0.61,0.38,0.39,0.01,0.01,73278.76
1775854304.066,104.066,0.59,0.6,0.39,0.41,0.01,0.02,73278.76
1775854304.462,104.462,0.59,0.6,0.4,0.41,0.01,0.01,73278.76
1775854304.886,104.886,0.58,0.59,0.4,0.42,0.01,0.02,73278.76
1775854305.371,105.371,0.58,0.59,0.41,0.42,0.01,0.01,73277.28
1775854306.734,106.734,0.58,0.59,0.41,0.42,0.01,0.01,73272.99
1775854307.296,107.296,0.58,0.59,0.41,0.42,0.01,0.01,73272.99
1775854308.285,108.285,0.56,0.58,0.42,0.43,0.02,0.01,73272.09
1775854309.241,109.241,0.56,0.57,0.42,0.44,0.01,0.02,73272
1775854309.717,109.717,0.56,0.57,0.43,0.44,0.01,0.01,73272
1775854310.266,110.266,0.56,0.57,0.43,0.44,0.01,0.01,73270.74
1775854311.02,111.02,0.56,0.57,0.43,0.44,0.01,0.01,73270.74
1775854311.8,111.8,0.55,0.58,0.43,0.44,0.03,0.01,73270.74
1775854312.482,112.482,0.56,0.57,0.42,0.45,0.01,0.03,73271.18
1775854312.995,112.995,0.56,0.57,0.43,0.44,0.01,0.01,73271.18
1775854313.406,113.406,0.56,0.57,0.43,0.44,0.01,0.01,73271.54
1775854314.435,114.435,0.55,0.56,0.43,0.44,0.01,0.01,73271.69
1775854314.804,114.804,0.55,0.56,0.44,0.45,0.01,0.01,73271.69
1775854315.231,115.231,0.55,0.56,0.44,0.45,0.01,0.01,73271.69
1775854315.709,115.709,0.55,0.56,0.44,0.45,0.01,0.01,73270.89
1775854317.48,117.48,0.55,0.56,0.44,0.45,0.01,0.01,73271.06
1775854317.94,117.94,0.55,0.56,0.44,0.45,0.01,0.01,73271.06
1775854318.407,118.407,0.55,0.56,0.44,0.45,0.01,0.01,73272.3
1775854319.213,119.213,0.55,0.56,0.44,0.45,0.01,0.01,73272.42
1775854319.582,119.582,0.55,0.56,0.44,0.45,0.01,0.01,73272.42
1775854319.923,119.923,0.55,0.56,0.44,0.45,0.01,0.01,73272.42
1775854320.35,120.35,0.55,0.56,0.44,0.45,0.01,0.01,73272.43
1775854320.892,120.892,0.55,0.56,0.44,0.45,0.01,0.01,73272.43
1775854321.335,121.335,0.55,0.56,0.44,0.45,0.01,0.01,73271.63
1775854322.233,122.233,0.55,0.56,0.44,0.45,0.01,0.01,73271.63
1775854322.629,122.629,0.5,0.51,0.47,0.5,0.01,0.03,73271.63
1775854323.164,123.164,0.5,0.51,0.49,0.5,0.01,0.01,73271.24
1775854323.82,123.82,0.49,0.5,0.49,0.51,0.01,0.02,73271.17
1775854324.203,124.203,0.49,0.5,0.5,0.51,0.01,0.01,73269.72
1775854324.606,124.606,0.49,0.5,0.5,0.51,0.01,0.01,73269.72
1775854324.969,124.969,0.46,0.47,0.53,0.55,0.01,0.02,73269.72
1775854325.471,125.471,0.46,0.47,0.53,0.54,0.01,0.01,73269.72
1775854325.833,125.833,0.46,0.47,0.53,0.54,0.01,0.01,73264.12
1775854326.191,126.191,0.46,0.47,0.53,0.54,0.01,0.01,73262.95
1775854326.616,126.616,0.46,0.47,0.53,0.54,0.01,0.01,73262.95
1775854327.008,127.008,0.46,0.47,0.53,0.54,0.01,0.01,73262.95
1775854327.381,127.381,0.46,0.47,0.53,0.54,0.01,0.01,73260.36
1775854327.728,127.728,0.44,0.46,0.53,0.55,0.02,0.02,73260.36
1775854328.255,128.255,0.44,0.45,0.55,0.56,0.01,0.01,73260.36
1775854328.743,128.743,0.44,0.45,0.55,0.56,0.01,0.01,73260.36
1775854329.126,129.126,0.43,0.44,0.56,0.57,0.01,0.01,73260.31
1775854329.597,129.597,0.43,0.44,0.56,0.57,0.01,0.01,73260.31
1775854329.949,129.949,0.42,0.44,0.56,0.57,0.02,0.01,73260.31
1775854330.36,130.36,0.43,0.44,0.56,0.58,0.01,0.02,73258.91
1775854331.587,131.587,0.43,0.44,0.56,0.58,0.01,0.02,73258.88
1775854332.232,132.232,0.42,0.43,0.57,0.58,0.01,0.01,73258.88
1775854332.942,132.942,0.42,0.43,0.57,0.58,0.01,0.01,73258.88
1775854333.323,133.323,0.42,0.43,0.57,0.58,0.01,0.01,73258.59
1775854333.796,133.796,0.42,0.43,0.57,0.58,0.01,0.01,73258.59
1775854334.373,134.373,0.42,0.43,0.57,0.58,0.01,0.01,73257.89
1775854334.93,134.93,0.42,0.43,0.57,0.58,0.01,0.01,73257.89
1775854335.602,135.602,0.42,0.43,0.57,0.58,0.01,0.01,73258.28
1775854335.983,135.983,0.42,0.43,0.57,0.58,0.01,0.01,73258.28
1775854336.322,136.322,0.42,0.43,0.57,0.58,0.01,0.01,73258.28
1775854336.77,136.77,0.41,0.43,0.57,0.58,0.02,0.01,73258.6
1775854337.139,137.139,0.39,0.4,0.59,0.61,0.01,0.02,73258.6
1775854337.512,137.512,0.38,0.4,0.6,0.62,0.02,0.02,73258.6
1775854337.853,137.853,0.37,0.38,0.62,0.63,0.01,0.01,73258.6
1775854338.209,138.209,0.37,0.38,0.62,0.63,0.01,0.01,73256.81
1775854338.62,138.62,0.37,0.38,0.62,0.63,0.01,0.01,73255.68
1775854338.987,138.987,0.37,0.38,0.62,0.63,0.01,0.01,73255.68
1775854339.343,139.343,0.37,0.38,0.62,0.63,0.01,0.01,73249.97
1775854339.92,139.92,0.37,0.38,0.62,0.63,0.01,0.01,73249.97
1775854340.526,140.526,0.37,0.38,0.62,0.63,0.01,0.01,73249.97
1775854340.884,140.884,0.36,0.38,0.62,0.63,0.02,0.01,73248.58
1775854341.27,141.27,0.36,0.37,0.63,0.64,0.01,0.01,73248.58
1775854341.98,141.98,0.35,0.36,0.63,0.65,0.01,0.02,73248.57
1775854342.45,142.45,0.35,0.36,0.64,0.65,0.01,0.01,73248.57
1775854342.839,142.839,0.35,0.36,0.64,0.65,0.01,0.01,73248.57
1775854343.221,143.221,0.35,0.36,0.64,0.65,0.01,0.01,73248.58
1775854343.599,143.599,0.34,0.36,0.64,0.65,0.02,0.01,73248.58
1775854343.973,143.973,0.34,0.35,0.65,0.66,0.01,0.01,73248.58
1775854344.78,144.78,0.34,0.35,0.65,0.66,0.01,0.01,73248.58
1775854345.232,145.232,0.32,0.34,0.66,0.67,0.02,0.01,73246.4
1775854345.659,145.659,0.32,0.33,0.66,0.68,0.01,0.02,73246.4
1775854346.266,146.266,0.32,0.33,0.67,0.68,0.01,0.01,73246.4
1775854346.644,146.644,0.32,0.33,0.67,0.68,0.01,0.01,73245.53
1775854346.977,146.977,0.3,0.31,0.69,0.7,0.01,0.01,73245.53
1775854347.519,147.519,0.3,0.31,0.69,0.7,0.01,0.01,73245.53
1775854348.018,148.018,0.3,0.31,0.69,0.7,0.01,0.01,73245.53
1775854348.565,148.565,0.3,0.31,0.69,0.7,0.01,0.01,73244.68
1775854348.9,148.9,0.3,0.31,0.69,0.7,0.01,0.01,73244.68
1775854349.425,149.425,0.3,0.31,0.69,0.7,0.01,0.01,73244.03
1775854350.288,150.288,0.29,0.31,0.69,0.7,0.02,0.01,73244.03
1775854350.758,150.758,0.29,0.3,0.69,0.71,0.01,0.02,73243.61
1775854351.168,151.168,0.29,0.3,0.7,0.71,0.01,0.01,73243.45
1775854351.502,151.502,0.31,0.34,0.66,0.69,0.03,0.03,73243.45
1775854351.836,151.836,0.38,0.39,0.61,0.62,0.01,0.01,73243.45
1775854352.231,152.231,0.38,0.39,0.61,0.62,0.01,0.01,73243.45
1775854352.584,152.584,0.38,0.39,0.61,0.62,0.01,0.01,73243.55
1775854352.921,152.921,0.38,0.39,0.61,0.62,0.01,0.01,73243.55
1775854353.286,153.286,0.38,0.39,0.61,0.62,0.01,0.01,73246.62
1775854353.676,153.676,0.38,0.39,0.61,0.62,0.01,0.01,73246.62
1775854354.153,154.153,0.38,0.39,0.61,0.62,0.01,0.01,73246.62
1775854354.667,154.667,0.39,0.4,0.6,0.61,0.01,0.01,73250.14
1775854355.162,155.162,0.38,0.4,0.6,0.61,0.02,0.01,73250.14
1775854355.746,155.746,0.38,0.39,0.61,0.62,0.01,0.01,73249.47
1775854356.137,156.137,0.38,0.39,0.61,0.62,0.01,0.01,73249.47
1775854356.848,156.848,0.38,0.39,0.61,0.62,0.01,0.01,73250.15
1775854357.255,157.255,0.38,0.39,0.61,0.62,0.01,0.01,73250.6
1775854357.662,157.662,0.38,0.39,0.61,0.62,0.01,0.01,73250.6
1775854358.133,158.133,0.38,0.4,0.61,0.62,0.02,0.01,73250.6
1775854358.722,158.722,0.39,0.4,0.6,0.61,0.01,0.01,73250.75
1775854359.076,159.076,0.38,0.39,0.61,0.62,0.01,0.01,73250.75
1775854359.717,159.717,0.37,0.38,0.62,0.63,0.01,0.01,73250.55
1775854360.203,160.203,0.37,0.38,0.62,0.63,0.01,0.01,73250.45
1775854360.595,160.595,0.37,0.38,0.62,0.63,0.01,0.01,73250.45
1775854360.941,160.941,0.37,0.38,0.62,0.63,0.01,0.01,73250.45
1775854361.338,161.338,0.37,0.38,0.62,0.63,0.01,0.01,73250.38
1775854362.208,162.208,0.37,0.38,0.62,0.63,0.01,0.01,73250.35
1775854362.55,162.55,0.37,0.38,0.62,0.63,0.01,0.01,73250.35
1775854363.399,163.399,0.37,0.38,0.62,0.63,0.01,0.01,73250.65
1775854363.773,163.773,0.37,0.38,0.62,0.63,0.01,0.01,73250.65
1775854365.108,165.108,0.38,0.55,0.61,0.62,0.17,0.01,73250.65
1775854365.456,165.456,0.38,0.46,0.61,0.62,0.08,0.01,73250.65
1775854365.874,165.874,0.42,0.43,0.57,0.59,0.01,0.02,73251.58
1775854366.221,166.221,0.42,0.43,0.57,0.58,0.01,0.01,73251.58
1775854366.702,166.702,0.42,0.43,0.57,0.58,0.01,0.01,73251.93
1775854367.379,167.379,0.42,0.43,0.57,0.58,0.01,0.01,73251.93
1775854367.799,167.799,0.42,0.43,0.57,0.58,0.01,0.01,73251.93
1775854368.852,168.852,0.42,0.43,0.57,0.58,0.01,0.01,73251.93
1775854369.329,169.329,0.42,0.43,0.57,0.58,0.01,0.01,73251.93
1775854369.88,169.88,0.49,0.5,0.5,0.51,0.01,0.01,73251.93
1775854370.222,170.222,0.49,0.5,0.45,0.51,0.01,0.06,73251.92
1775854370.601,170.601,0.49,0.5,0.5,0.51,0.01,0.01,73251.92
1775854370.957,170.957,0.51,0.52,0.48,0.49,0.01,0.01,73251.92
1775854371.291,171.291,0.53,0.54,0.46,0.47,0.01,0.01,73251.67
1775854371.625,171.625,0.54,0.55,0.44,0.46,0.01,0.02,73251.67
1775854371.967,171.967,0.55,0.56,0.44,0.45,0.01,0.01,73251.67
1775854372.332,172.332,0.55,0.56,0.44,0.45,0.01,0.01,73251.67
1775854372.831,172.831,0.56,0.57,0.43,0.44,0.01,0.01,73251.69
1775854373.418,173.418,0.56,0.57,0.42,0.44,0.01,0.02,73251.69
1775854373.86,173.86,0.56,0.59,0.41,0.44,0.03,0.03,73251.69
1775854374.454,174.454,0.56,0.57,0.43,0.44,0.01,0.01,73251.71
1775854374.809,174.809,0.57,0.58,0.42,0.43,0.01,0.01,73251.71
1775854375.147,175.147,0.57,0.58,0.42,0.43,0.01,0.01,73251.71
1775854375.485,175.485,0.57,0.6,0.4,0.43,0.03,0.03,73251.71
1775854375.902,175.902,0.59,0.63,0.4,0.41,0.04,0.01,73251.71
1775854376.352,176.352,0.59,0.61,0.4,0.41,0.02,0.01,73251.71
1775854376.824,176.824,0.6,0.63,0.39,0.4,0.03,0.01,73251.71
1775854377.215,177.215,0.63,0.64,0.36,0.37,0.01,0.01,73251.7
1775854377.552,177.552,0.64,0.65,0.35,0.36,0.01,0.01,73251.7
1775854377.9,177.9,0.64,0.66,0.34,0.36,0.02,0.02,73251.7
1775854378.276,178.276,0.65,0.66,0.34,0.35,0.01,0.01,73251.7
1775854378.655,178.655,0.65,0.66,0.34,0.35,0.01,0.01,73251.7
1775854379.044,179.044,0.66,0.67,0.33,0.34,0.01,0.01,73251.7
1775854379.505,179.505,0.66,0.67,0.33,0.34,0.01,0.01,73251.7
1775854379.87,179.87,0.66,0.67,0.33,0.34,0.01,0.01,73251.7
1775854380.215,180.215,0.66,0.68,0.33,0.34,0.02,0.01,73251.7
1775854380.603,180.603,0.66,0.67,0.33,0.34,0.01,0.01,73251.7
1775854381.145,181.145,0.66,0.67,0.33,0.34,0.01,0.01,73251.67
1775854381.747,181.747,0.66,0.68,0.33,0.34,0.02,0.01,73251.58
1775854382.156,182.156,0.67,0.68,0.32,0.33,0.01,0.01,73251.58
1775854382.643,182.643,0.67,0.68,0.32,0.33,0.01,0.01,73251.56
1775854383.267,183.267,0.67,0.68,0.32,0.33,0.01,0.01,73251.56
1775854383.62,183.62,0.67,0.68,0.31,0.33,0.01,0.02,73251.57
1775854384.008,184.008,0.67,0.68,0.32,0.33,0.01,0.01,73251.57
1775854384.353,184.353,0.66,0.67,0.33,0.34,0.01,0.01,73251.57
1775854384.815,184.815,0.66,0.67,0.33,0.34,0.01,0.01,73251.57
1775854385.204,185.204,0.66,0.67,0.33,0.34,0.01,0.01,73251.57
1775854385.931,185.931,0.65,0.66,0.33,0.34,0.01,0.01,73251.4
1775854386.324,186.324,0.64,0.65,0.35,0.36,0.01,0.01,73251.4
1775854386.694,186.694,0.64,0.65,0.35,0.36,0.01,0.01,73251.4
1775854387.067,187.067,0.64,0.65,0.35,0.36,0.01,0.01,73251.4
1775854387.53,187.53,0.63,0.64,0.35,0.36,0.01,0.01,73251.42
1775854387.96,187.96,0.59,0.61,0.39,0.41,0.02,0.02,73251.42
1775854388.379,188.379,0.58,0.61,0.39,0.4,0.03,0.01,73251.42
1775854388.762,188.762,0.58,0.59,0.41,0.42,0.01,0.01,73251.42
1775854389.155,189.155,0.58,0.59,0.41,0.42,0.01,0.01,73251.64
1775854389.631,189.631,0.58,0.59,0.41,0.42,0.01,0.01,73251.64
1775854390.008,190.008,0.58,0.59,0.41,0.42,0.01,0.01,73251.64
1775854390.513,190.513,0.58,0.59,0.41,0.43,0.01,0.02,73251.17
1775854390.962,190.962,0.58,0.59,0.41,0.42,0.01,0.01,73251.17
1775854391.416,191.416,0.58,0.59,0.41,0.42,0.01,0.01,73251.17
1775854391.78,191.78,0.58,0.59,0.41,0.42,0.01,0.01,73248.77
1775854392.303,192.303,0.58,0.59,0.41,0.42,0.01,0.01,73248.78
1775854392.652,192.652,0.55,0.56,0.44,0.45,0.01,0.01,73248.78
1775854392.995,192.995,0.55,0.56,0.43,0.45,0.01,0.02,73248.8
1775854393.42,193.42,0.55,0.56,0.44,0.45,0.01,0.01,73248.8
1775854393.845,193.845,0.55,0.57,0.44,0.45,0.02,0.01,73248.8
1775854394.353,194.353,0.55,0.56,0.43,0.45,0.01,0.02,73248.78
1775854394.706,194.706,0.56,0.57,0.43,0.45,0.01,0.02,73248.78
1775854395.083,195.083,0.53,0.55,0.44,0.49,0.02,0.05,73248.78
1775854395.422,195.422,0.53,0.54,0.46,0.47,0.01,0.01,73248.71
1775854395.809,195.809,0.53,0.54,0.46,0.47,0.01,0.01,73248.71
1775854396.18,196.18,0.53,0.54,0.46,0.47,0.01,0.01,73248.71
1775854396.563,196.563,0.53,0.54,0.46,0.47,0.01,0.01,73249.33
1775854396.965,196.965,0.51,0.52,0.48,0.49,0.01,0.01,73248.66
1775854397.343,197.343,0.51,0.52,0.48,0.49,0.01,0.01,73248.66
1775854397.678,197.678,0.5,0.51,0.49,0.5,0.01,0.01,73248.66
1775854398.231,198.231,0.5,0.51,0.49,0.5,0.01,0.01,73248.65
1775854398.565,198.565,0.5,0.51,0.49,0.5,0.01,0.01,73248.65
1775854398.916,198.916,0.51,0.52,0.48,0.49,0.01,0.01,73248.65
1775854399.251,199.251,0.51,0.52,0.48,0.49,0.01,0.01,73248.65
1775854399.684,199.684,0.53,0.54,0.46,0.47,0.01,0.01,73248.65
1775854400.067,200.067,0.53,0.54,0.46,0.47,0.01,0.01,73248.76
1775854400.48,200.48,0.53,0.54,0.46,0.47,0.01,0.01,73248.76
1775854400.936,200.936,0.53,0.54,0.46,0.47,0.01,0.01,73248.76
1775854401.272,201.272,0.53,0.54,0.46,0.47,0.01,0.01,73248.73
1775854401.689,201.689,0.53,0.54,0.46,0.47,0.01,0.01,73248.73
1775854402.029,202.029,0.61,0.62,0.38,0.4,0.01,0.02,73248.73
1775854402.362,202.362,0.62,0.66,0.34,0.38,0.04,0.04,73249.96
1775854402.774,202.774,0.65,0.66,0.34,0.36,0.01,0.02,73249.96
1775854403.154,203.154,0.65,0.66,0.34,0.35,0.01,0.01,73250.09
1775854403.571,203.571,0.65,0.66,0.34,0.35,0.01,0.01,73250.09
1775854404.013,204.013,0.65,0.66,0.34,0.37,0.01,0.03,73250.09
1775854404.533,204.533,0.65,0.66,0.34,0.35,0.01,0.01,73257.46
1775854405.202,205.202,0.65,0.66,0.34,0.35,0.01,0.01,73259.22
1775854405.627,205.627,0.65,0.66,0.34,0.35,0.01,0.01,73259.22
1775854406.412,206.412,0.65,0.66,0.34,0.35,0.01,0.01,73259.28
1775854406.819,206.819,0.64,0.67,0.33,0.34,0.03,0.01,73259.28
1775854407.254,207.254,0.61,0.62,0.37,0.39,0.01,0.02,73259.29
1775854407.646,207.646,0.61,0.62,0.38,0.39,0.01,0.01,73259.29
1775854408.046,208.046,0.57,0.58,0.42,0.43,0.01,0.01,73259.29
1775854408.392,208.392,0.57,0.58,0.42,0.43,0.01,0.01,73259.29
1775854408.727,208.727,0.57,0.58,0.42,0.43,0.01,0.01,73259.29
1775854409.394,209.394,0.58,0.63,0.41,0.42,0.05,0.01,73259.29
1775854410.461,210.461,0.61,0.62,0.37,0.39,0.01,0.02,73257.43
1775854410.887,210.887,0.61,0.62,0.38,0.39,0.01,0.01,73257.43
1775854411.526,211.526,0.61,0.62,0.38,0.39,0.01,0.01,73257.58
1775854412.169,212.169,0.63,0.64,0.38,0.39,0.01,0.01,73258.22
1775854412.559,212.559,0.63,0.64,0.36,0.37,0.01,0.01,73258.22
1775854413.377,213.377,0.63,0.64,0.36,0.37,0.01,0.01,73257.75
1775854414.588,214.588,0.63,0.64,0.36,0.37,0.01,0.01,73257.96
1775854415.084,215.084,0.41,0.64,0.36,0.37,0.23,0.01,73257.96
1775854415.446,215.446,0.62,0.63,0.37,0.38,0.01,0.01,73258.43
1775854415.85,215.85,0.62,0.63,0.37,0.38,0.01,0.01,73258.43
1775854416.321,216.321,0.61,0.62,0.38,0.39,0.01,0.01,73258.43
1775854416.778,216.778,0.61,0.62,0.38,0.39,0.01,0.01,73258.43
1775854417.868,217.868,0.6,0.62,0.38,0.39,0.02,0.01,73258.45
1775854418.358,218.358,0.61,0.62,0.38,0.39,0.01,0.01,73258.44
1775854419.146,219.146,0.62,0.63,0.38,0.39,0.01,0.01,73258.44
1775854419.888,219.888,0.62,0.63,0.37,0.38,0.01,0.01,73258.44
1775854420.626,220.626,0.62,0.63,0.37,0.38,0.01,0.01,73258.58
1775854421.478,221.478,0.62,0.63,0.37,0.38,0.01,0.01,73258.71
1775854422.412,222.412,0.62,0.63,0.37,0.38,0.01,0.01,73258.71
1775854422.746,222.746,0.58,0.62,0.38,0.42,0.04,0.04,73258.71
1775854423.085,223.085,0.7,0.73,0.27,0.3,0.03,0.03,73258.91
1775854423.427,223.427,0.73,0.79,0.21,0.27,0.06,0.06,73258.91
1775854423.764,223.764,0.81,0.82,0.11,0.19,0.01,0.08,73258.91
1775854424.134,224.134,0.87,0.88,0.08,0.16,0.01,0.08,73258.91
1775854424.478,224.478,0.86,0.87,0.13,0.15,0.01,0.02,73258.91
1775854424.882,224.882,0.87,0.88,0.12,0.13,0.01,0.01,73267.58
1775854425.287,225.287,0.87,0.88,0.12,0.13,0.01,0.01,73267.58
1775854425.651,225.651,0.88,0.9,0.11,0.13,0.02,0.02,73281.82
1775854426.003,226.003,0.88,0.89,0.11,0.12,0.01,0.01,73281.82
1775854426.443,226.443,0.89,0.9,0.08,0.12,0.01,0.04,73286.34
1775854426.786,226.786,0.89,0.9,0.1,0.11,0.01,0.01,73286.34
1775854427.181,227.181,0.9,0.91,0.09,0.1,0.01,0.01,73286.34
1775854427.584,227.584,0.9,0.91,0.09,0.1,0.01,0.01,73286.4
1775854428.096,228.096,0.9,0.91,0.09,0.1,0.01,0.01,73286.4
1775854428.45,228.45,0.9,0.91,0.09,0.1,0.01,0.01,73286.82
1775854428.802,228.802,0.89,0.92,0.08,0.09,0.03,0.01,73286.82
1775854429.161,229.161,0.9,0.91,0.09,0.1,0.01,0.01,73286.82
1775854429.579,229.579,0.9,0.91,0.09,0.1,0.01,0.01,73286.16
1775854429.96,229.96,0.87,0.88,0.12,0.13,0.01,0.01,73286.16
1775854430.343,230.343,0.86,0.87,0.13,0.14,0.01,0.01,73286.15
1775854430.728,230.728,0.86,0.87,0.13,0.14,0.01,0.01,73286.15
1775854431.085,231.085,0.86,0.87,0.13,0.14,0.01,0.01,73286.15
1775854431.466,231.466,0.86,0.87,0.13,0.14,0.01,0.01,73286.01
1775854431.803,231.803,0.86,0.87,0.13,0.14,0.01,0.01,73286.01
1775854432.137,232.137,0.86,0.87,0.13,0.14,0.01,0.01,73285.96
1775854432.525,232.525,0.86,0.87,0.13,0.14,0.01,0.01,73285.96
1775854432.898,232.898,0.86,0.87,0.13,0.14,0.01,0.01,73285.96
1775854433.235,233.235,0.86,0.87,0.13,0.14,0.01,0.01,73285.96
1775854433.651,233.651,0.86,0.88,0.13,0.14,0.02,0.01,73284.83
1775854434.051,234.051,0.87,0.88,0.12,0.13,0.01,0.01,73284.83
1775854434.567,234.567,0.88,0.89,0.11,0.12,0.01,0.01,73285.29
1775854435.063,235.063,0.88,0.89,0.11,0.12,0.01,0.01,73285.29
1775854435.498,235.498,0.88,0.89,0.11,0.12,0.01,0.01,73285.43
1775854435.833,235.833,0.88,0.89,0.11,0.12,0.01,0.01,73285.43
1775854436.172,236.172,0.88,0.89,0.11,0.12,0.01,0.01,73285.43
1775854436.563,236.563,0.88,0.89,0.11,0.12,0.01,0.01,73285.69
1775854437.034,237.034,0.88,0.89,0.11,0.12,0.01,0.01,73285.69
1775854437.384,237.384,0.88,0.89,0.11,0.12,0.01,0.01,73285.81
1775854437.895,237.895,0.88,0.89,0.11,0.12,0.01,0.01,73285.81
1775854438.234,238.234,0.91,0.92,0.08,0.09,0.01,0.01,73285.81
1775854438.602,238.602,0.89,0.91,0.08,0.09,0.02,0.01,73285.55
1775854439.032,239.032,0.89,0.9,0.1,0.11,0.01,0.01,73285.55
1775854439.564,239.564,0.89,0.9,0.1,0.11,0.01,0.01,73285.68
1775854439.91,239.91,0.89,0.9,0.1,0.11,0.01,0.01,73285.68
1775854440.248,240.248,0.89,0.9,0.1,0.11,0.01,0.01,73285.68
1775854440.617,240.617,0.89,0.9,0.1,0.11,0.01,0.01,73286.4
1775854441.017,241.017,0.88,0.89,0.11,0.12,0.01,0.01,73286.4
1775854441.502,241.502,0.87,0.88,0.11,0.13,0.01,0.02,73286.45
1775854441.863,241.863,0.88,0.89,0.11,0.12,0.01,0.01,73286.45
1775854442.198,242.198,0.84,0.85,0.14,0.15,0.01,0.01,73286.45
1775854442.623,242.623,0.84,0.85,0.15,0.16,0.01,0.01,73286.45
1775854443.052,243.052,0.89,0.9,0.1,0.12,0.01,0.02,73286.47
1775854443.538,243.538,0.9,0.92,0.09,0.1,0.02,0.01,73286.47
1775854443.889,243.889,0.91,0.92,0.08,0.09,0.01,0.01,73286.03
1775854444.308,244.308,0.91,0.92,0.08,0.09,0.01,0.01,73286.03
1775854444.694,244.694,0.91,0.92,0.08,0.09,0.01,0.01,73286.03
1775854445.034,245.034,0.93,0.94,0.06,0.08,0.01,0.02,73286.03
1775854445.379,245.379,0.94,0.95,0.05,0.06,0.01,0.01,73286.03
1775854445.718,245.718,0.94,0.95,0.05,0.06,0.01,0.01,73289.7
1775854446.104,246.104,0.94,0.95,0.05,0.06,0.01,0.01,73289.7
1775854446.452,246.452,0.94,0.95,0.05,0.06,0.01,0.01,73297.44
1775854446.832,246.832,0.94,0.96,0.05,0.06,0.02,0.01,73297.44
1775854447.208,247.208,0.95,0.96,0.04,0.05,0.01,0.01,73297.44
1775854447.567,247.567,0.96,0.97,0.03,0.04,0.01,0.01,73303.91
1775854447.951,247.951,0.96,0.97,0.03,0.04,0.01,0.01,73303.91
1775854448.291,248.291,0.96,0.97,0.03,0.04,0.01,0.01,73304.42
1775854448.636,248.636,0.96,0.97,0.03,0.04,0.01,0.01,73304.42
1775854448.975,248.975,0.96,0.97,0.03,0.04,0.01,0.01,73304.42
1775854449.46,249.46,0.95,0.96,0.04,0.05,0.01,0.01,73305.74
1775854449.831,249.831,0.95,0.96,0.04,0.05,0.01,0.01,73305.74
1775854450.179,250.179,0.95,0.96,0.04,0.05,0.01,0.01,73305.74
1775854450.584,250.584,0.96,0.97,0.03,0.04,0.01,0.01,73306.1
1775854450.944,250.944,0.96,0.97,0.03,0.04,0.01,0.01,73306.1
1775854451.349,251.349,0.95,0.97,0.03,0.04,0.02,0.01,73305.52
1775854451.842,251.842,0.95,0.96,0.04,0.05,0.01,0.01,73305.52
1775854452.381,252.381,0.94,0.95,0.05,0.06,0.01,0.01,73305.31
1775854452.72,252.72,0.94,0.95,0.05,0.06,0.01,0.01,73305.31
1775854453.054,253.054,0.94,0.95,0.05,0.06,0.01,0.01,73305.31
1775854453.435,253.435,0.94,0.95,0.05,0.06,0.01,0.01,73305.37
1775854453.8,253.8,0.94,0.95,0.05,0.06,0.01,0.01,73305.37
1775854454.217,254.217,0.94,0.95,0.05,0.06,0.01,0.01,73305.37
1775854454.575,254.575,0.94,0.95,0.05,0.06,0.01,0.01,73304.69
1775854454.912,254.912,0.94,0.95,0.04,0.06,0.01,0.02,73304.69
1775854455.355,255.355,0.95,0.96,0.04,0.05,0.01,0.01,73304.1
1775854455.788,255.788,0.95,0.96,0.04,0.05,0.01,0.01,73304.1
1775854456.122,256.122,0.95,0.96,0.04,0.05,0.01,0.01,73304.1
1775854456.689,256.689,0.96,0.97,0.03,0.05,0.01,0.02,73304.1
1775854457.065,257.065,0.96,0.97,0.03,0.04,0.01,0.01,73304.1
1775854457.445,257.445,0.96,0.97,0.03,0.04,0.01,0.01,73304.14
1775854457.817,257.817,0.96,0.97,0.03,0.04,0.01,0.01,73304.14
1775854458.427,258.427,0.95,0.96,0.04,0.05,0.01,0.01,73304.14
1775854458.824,258.824,0.95,0.96,0.03,0.05,0.01,0.02,73304.14
1775854459.559,259.559,0.95,0.96,0.04,0.05,0.01,0.01,73304.28
1775854459.931,259.931,0.95,0.96,0.04,0.05,0.01,0.01,73306.18
1775854460.31,260.31,0.95,0.96,0.04,0.05,0.01,0.01,73306.18
1775854460.882,260.882,0.95,0.96,0.04,0.05,0.01,0.01,73304.29
1775854461.259,261.259,0.95,0.97,0.04,0.05,0.02,0.01,73304.29
1775854461.703,261.703,0.96,0.97,0.03,0.04,0.01,0.01,73304.29
1775854462.056,262.056,0.96,0.97,0.03,0.04,0.01,0.01,73304.29
1775854462.702,262.702,0.96,0.97,0.03,0.04,0.01,0.01,73304.29
1775854463.488,263.488,0.96,0.97,0.03,0.04,0.01,0.01,73304.29
1775854463.981,263.981,0.96,0.97,0.03,0.04,0.01,0.01,73304.29
1775854464.575,264.575,0.95,0.96,0.03,0.04,0.01,0.01,73304.35
1775854465.033,265.033,0.92,0.96,0.04,0.05,0.04,0.01,73304.35
1775854465.432,265.432,0.95,0.96,0.04,0.08,0.01,0.04,73304.35
1775854466.027,266.027,0.95,0.96,0.04,0.05,0.01,0.01,73304.62
1775854466.375,266.375,0.95,0.96,0.04,0.05,0.01,0.01,73304.51
1775854466.928,266.928,0.95,0.96,0.04,0.05,0.01,0.01,73304.51
1775854467.381,267.381,0.95,0.96,0.04,0.05,0.01,0.01,73305.96
1775854467.744,267.744,0.95,0.96,0.04,0.05,0.01,0.01,73305.96
1775854468.676,268.676,0.95,0.96,0.04,0.05,0.01,0.01,73304.7
1775854469.076,269.076,0.95,0.96,0.04,0.05,0.01,0.01,73304.74
1775854469.47,269.47,0.95,0.96,0.04,0.05,0.01,0.01,73304.74
1775854470.373,270.373,0.96,0.97,0.03,0.05,0.01,0.02,73304.74
1775854470.786,270.786,0.97,0.98,0.02,0.03,0.01,0.01,73304.74
1775854471.211,271.211,0.97,0.98,0.02,0.03,0.01,0.01,73305.25
1775854471.548,271.548,0.97,0.98,0.02,0.03,0.01,0.01,73305.25
1775854471.895,271.895,0.97,0.98,0.02,0.03,0.01,0.01,73305.25
1775854472.534,272.534,0.97,0.98,0.02,0.03,0.01,0.01,73305.25
1775854472.877,272.877,0.97,0.98,0.02,0.03,0.01,0.01,73305.25
1775854473.232,273.232,0.97,0.98,0.02,0.03,0.01,0.01,73307.01
1775854473.833,273.833,0.97,0.98,0.02,0.03,0.01,0.01,73307.01
1775854474.272,274.272,0.97,0.98,0.02,0.03,0.01,0.01,73303.46
1775854474.633,274.633,0.97,0.98,0.02,0.03,0.01,0.01,73303.46
1775854475.002,275.002,0.97,0.98,0.02,0.03,0.01,0.01,73303.46
1775854475.437,275.437,0.97,0.98,0.02,0.03,0.01,0.01,73305.43
1775854475.828,275.828,0.97,0.98,0.02,0.03,0.01,0.01,73305.43
1775854476.284,276.284,0.97,0.98,0.02,0.03,0.01,0.01,73305.42
1775854476.683,276.683,0.97,0.98,0.02,0.03,0.01,0.01,73305.42
1775854477.125,277.125,0.97,0.98,0.02,0.03,0.01,0.01,73305.42
1775854477.609,277.609,0.97,0.98,0.02,0.03,0.01,0.01,73306.4
1775854478.126,278.126,0.97,0.98,0.02,0.03,0.01,0.01,73306.4
1775854478.942,278.942,0.97,0.98,0.02,0.03,0.01,0.01,73305.19
1775854479.59,279.59,0.97,0.98,0.02,0.03,0.01,0.01,73304.29
1775854479.992,279.992,0.97,0.98,0.02,0.03,0.01,0.01,73304.29
1775854480.372,280.372,0.97,0.99,0.02,0.03,0.02,0.01,73302.76
1775854480.745,280.745,0.98,0.99,0.01,0.02,0.01,0.01,73302.76
1775854481.089,281.089,0.98,0.99,0.01,0.02,0.01,0.01,73302.76
1775854481.508,281.508,0.98,0.99,0.01,0.02,0.01,0.01,73303.68
1775854481.869,281.869,0.98,0.99,0.01,0.02,0.01,0.01,73303.68
1775854482.303,282.303,0.98,0.99,0.01,0.02,0.01,0.01,73303.68
1775854482.66,282.66,0.98,0.99,0.01,0.02,0.01,0.01,73303.59
1775854483.079,283.079,0.98,0.99,0.01,0.02,0.01,0.01,73303.59
1775854483.534,283.534,0.98,0.99,0.01,0.02,0.01,0.01,73303.59
1775854484.718,284.718,0.98,0.99,0.01,0.02,0.01,0.01,73303.62
1775854485.209,285.209,0.98,0.99,0.01,0.02,0.01,0.01,73303.64
1775854485.587,285.587,0.98,0.99,0.01,0.02,0.01,0.01,73303.64
1775854486.137,286.137,0.98,0.99,0.01,0.02,0.01,0.01,73303.64
1775854486.537,286.537,0.98,0.99,0.01,0.02,0.01,0.01,73303.55
1775854486.947,286.947,0.98,0.99,0.01,0.02,0.01,0.01,73303.55
1775854487.329,287.329,0.98,0.99,0.01,0.02,0.01,0.01,73303.55
1775854488.033,288.033,0.98,0.99,0.01,0.02,0.01,0.01,73303.9
1775854488.806,288.806,0.98,0.99,0.01,0.02,0.01,0.01,73303.9
1775854489.148,289.148,0.98,0.99,0.01,0.02,0.01,0.01,73303.9
1775854489.492,289.492,0.98,0.99,0.01,0.02,0.01,0.01,73303.9
1775854489.942,289.942,0.98,0.99,0.01,0.02,0.01,0.01,73303.64
1775854490.294,290.294,0.98,0.99,0.01,0.02,0.01,0.01,73303.64
1775854490.859,290.859,0.98,0.99,0.01,0.02,0.01,0.01,73303.64
1775854491.194,291.194,0.98,0.99,0.01,0.02,0.01,0.01,73303.62
1775854491.695,291.695,0.98,0.99,0.01,0.02,0.01,0.01,73303.62
1775854492.13,292.13,0.98,0.99,0.01,0.02,0.01,0.01,73303.62
1775854492.507,292.507,0.98,0.99,0.01,0.02,0.01,0.01,73303.63
1775854492.996,292.996,0.98,0.99,0.01,0.02,0.01,0.01,73303.86
1775854493.364,293.364,0.98,0.99,0.01,0.02,0.01,0.01,73303.86
1775854493.711,293.711,0.98,0.99,0.01,0.02,0.01,0.01,73303.86
1775854494.091,294.091,0.98,0.99,0.01,0.02,0.01,0.01,73303.86
1775854494.433,294.433,0.98,0.99,0.01,0.02,0.01,0.01,73303.85
1775854494.784,294.784,0.98,0.99,0.01,0.02,0.01,0.01,73303.85
1775854495.197,295.197,0.98,0.99,0.01,0.02,0.01,0.01,73303.85
1775854495.552,295.552,0.98,0.99,0.01,0.02,0.01,0.01,73303.62
1775854495.993,295.993,0.98,0.99,0.01,0.02,0.01,0.01,73303.49
1775854496.4,296.4,0.98,0.99,0.01,0.02,0.01,0.01,73303.49
1775854496.822,296.822,0.98,0.99,0.01,0.02,0.01,0.01,73303.49
1775854497.172,297.172,0.98,0.99,0.01,0.02,0.01,0.01,73303.49
1775854497.622,297.622,0.99,0.99,0.01,0.02,0.0,0.01,73302.99
1775854498.072,298.072,0.99,0.99,0.01,0.01,0.0,0.0,73302.99
1775854498.465,298.465,0.99,0.99,0.01,0.01,0.0,0.0,73303.34
1775854499.093,299.093,0.99,0.99,0.01,0.01,0.0,0.0,73303.34
1775854499.53,299.53,0.99,0.99,0.01,0.01,0.0,0.0,73303.34
1775854500.134,300.134,0.99,0.99,0.01,0.01,0.0,0.0,73303.12
1775854500.631,300.631,0.99,0.99,0.01,0.01,0.0,0.0,73303.11

# RESULT,winner=Up,slug=btc-updown-5m-1775854200,ticks=632
