timestamp,elapsed_sec,up_bid,up_ask,down_bid,down_ask,up_spread,down_spread,btc_price,btc_oracle_ts
1777320600.589,0.589,0.46,0.47,0.53,0.54,0.01,0.01,76912.17,1777320598000
1777320600.954,0.954,0.46,0.47,0.53,0.54,0.01,0.01,76912.17,1777320599000
1777320601.289,1.289,0.4,0.41,0.59,0.6,0.01,0.01,76912.17,1777320599000
1777320601.716,1.716,0.37,0.4,0.6,0.63,0.03,0.03,76912.17,1777320600000
1777320602.173,2.173,0.38,0.39,0.6,0.62,0.01,0.02,76912.17,1777320600000
1777320602.571,2.571,0.38,0.39,0.61,0.62,0.01,0.01,76912.17,1777320601000
1777320602.928,2.928,0.38,0.39,0.61,0.62,0.01,0.01,76912.17,1777320601000
1777320603.545,3.545,0.38,0.39,0.61,0.62,0.01,0.01,76905.33,1777320602000
1777320604.099,4.099,0.38,0.39,0.61,0.62,0.01,0.01,76905.33,1777320602000
1777320604.448,4.448,0.38,0.39,0.61,0.62,0.01,0.01,76905.33,1777320602000
1777320604.8,4.8,0.38,0.39,0.61,0.62,0.01,0.01,76894.78,1777320603000
1777320605.314,5.314,0.38,0.39,0.61,0.62,0.01,0.01,76894.78,1777320603000
1777320606.037,6.037,0.37,0.38,0.61,0.62,0.01,0.01,76894.78,1777320604000
1777320606.426,6.426,0.36,0.37,0.63,0.64,0.01,0.01,76894.78,1777320605000
1777320606.793,6.793,0.36,0.37,0.63,0.64,0.01,0.01,76894.78,1777320605000
1777320607.173,7.173,0.36,0.37,0.63,0.64,0.01,0.01,76894.78,1777320605000
1777320607.841,7.841,0.36,0.37,0.63,0.64,0.01,0.01,76894.78,1777320605000
1777320608.57,8.57,0.36,0.38,0.62,0.64,0.02,0.02,76894.52,1777320607000
1777320608.963,8.963,0.36,0.37,0.63,0.64,0.01,0.01,76894.52,1777320607000
1777320609.703,9.703,0.36,0.4,0.63,0.64,0.04,0.01,76894.04,1777320608000
1777320610.143,10.143,0.36,0.37,0.63,0.64,0.01,0.01,76894.04,1777320608000
1777320610.67,10.67,0.36,0.37,0.63,0.64,0.01,0.01,76894.04,1777320608000
1777320611.18,11.18,0.36,0.37,0.63,0.64,0.01,0.01,76893.78,1777320609000
1777320612.177,12.177,0.36,0.37,0.63,0.64,0.01,0.01,76893.76,1777320611000
1777320612.575,12.575,0.37,0.38,0.62,0.63,0.01,0.01,76893.76,1777320611000
1777320613.372,13.372,0.37,0.38,0.62,0.63,0.01,0.01,76893.76,1777320611000
1777320613.881,13.881,0.37,0.38,0.62,0.63,0.01,0.01,76893.58,1777320612000
1777320614.236,14.236,0.38,0.39,0.61,0.63,0.01,0.02,76893.58,1777320612000
1777320614.678,14.678,0.38,0.39,0.61,0.62,0.01,0.01,76893.58,1777320613000
1777320615.28,15.28,0.38,0.39,0.61,0.62,0.01,0.01,76893.58,1777320613000
1777320615.628,15.628,0.37,0.38,0.61,0.63,0.01,0.02,76893.58,1777320613000
1777320616.238,16.238,0.37,0.38,0.62,0.63,0.01,0.01,76893.27,1777320614000
1777320616.683,16.683,0.37,0.38,0.62,0.63,0.01,0.01,76893.27,1777320614000
1777320617.032,17.032,0.37,0.38,0.62,0.63,0.01,0.01,76893.21,1777320615000
1777320617.386,17.386,0.37,0.38,0.62,0.63,0.01,0.01,76893.23,1777320616000
1777320617.844,17.844,0.37,0.38,0.62,0.63,0.01,0.01,76893.23,1777320616000
1777320618.181,18.181,0.37,0.38,0.62,0.63,0.01,0.01,76893.23,1777320616000
1777320618.628,18.628,0.37,0.39,0.62,0.63,0.02,0.01,76893.23,1777320616000
1777320619.229,19.229,0.37,0.42,0.58,0.63,0.05,0.05,76894.15,1777320618000
1777320619.726,19.726,0.41,0.42,0.55,0.61,0.01,0.06,76894.15,1777320618000
1777320620.156,20.156,0.41,0.42,0.58,0.59,0.01,0.01,76894.15,1777320618000
1777320620.624,20.624,0.42,0.44,0.57,0.59,0.02,0.02,76894.15,1777320618000
1777320620.989,20.989,0.46,0.47,0.53,0.54,0.01,0.01,76894,1777320619000
1777320621.712,21.712,0.46,0.47,0.53,0.54,0.01,0.01,76896.51,1777320620000
1777320622.061,22.061,0.46,0.47,0.5,0.54,0.01,0.04,76896.51,1777320620000
1777320622.87,22.87,0.46,0.47,0.53,0.54,0.01,0.01,76901.32,1777320621000
1777320623.213,23.213,0.46,0.48,0.52,0.54,0.02,0.02,76901.32,1777320621000
1777320623.723,23.723,0.46,0.47,0.51,0.54,0.01,0.03,76904.0,1777320622000
1777320624.113,24.113,0.46,0.47,0.53,0.54,0.01,0.01,76904.0,1777320622000
1777320624.723,24.723,0.46,0.47,0.53,0.54,0.01,0.01,76904.0,1777320623000
1777320625.119,25.119,0.46,0.47,0.53,0.54,0.01,0.01,76904,1777320624000
1777320625.502,25.502,0.46,0.47,0.53,0.54,0.01,0.01,76904,1777320624000
1777320626.026,26.026,0.46,0.47,0.53,0.54,0.01,0.01,76904,1777320624000
1777320626.38,26.38,0.49,0.5,0.5,0.51,0.01,0.01,76904.19,1777320625000
1777320626.738,26.738,0.52,0.53,0.44,0.49,0.01,0.05,76904.19,1777320625000
1777320627.144,27.144,0.55,0.56,0.44,0.45,0.01,0.01,76904.19,1777320625000
1777320627.53,27.53,0.55,0.56,0.44,0.45,0.01,0.01,76911.01,1777320626000
1777320627.92,27.92,0.55,0.56,0.44,0.45,0.01,0.01,76911.01,1777320626000
1777320628.284,28.284,0.55,0.56,0.44,0.45,0.01,0.01,76915.43,1777320627000
1777320628.992,28.992,0.55,0.56,0.44,0.45,0.01,0.01,76915.43,1777320627000
1777320629.335,29.335,0.53,0.55,0.44,0.45,0.02,0.01,76915.62,1777320628000
1777320629.717,29.717,0.52,0.53,0.47,0.48,0.01,0.01,76915.62,1777320628000
1777320630.072,30.072,0.53,0.54,0.46,0.47,0.01,0.01,76915.62,1777320628000
1777320630.503,30.503,0.53,0.54,0.46,0.47,0.01,0.01,76917.23,1777320629000
1777320630.85,30.85,0.53,0.54,0.46,0.47,0.01,0.01,76917.23,1777320629000
1777320631.724,31.724,0.53,0.54,0.46,0.47,0.01,0.01,76917.07,1777320630000
1777320632.098,32.098,0.53,0.54,0.46,0.47,0.01,0.01,76917.07,1777320630000
1777320632.484,32.484,0.53,0.54,0.46,0.47,0.01,0.01,76916.81,1777320631000
1777320632.863,32.863,0.53,0.54,0.46,0.47,0.01,0.01,76916.81,1777320631000
1777320633.333,33.333,0.52,0.53,0.47,0.48,0.01,0.01,76916.81,1777320631000
1777320633.704,33.704,0.52,0.53,0.47,0.48,0.01,0.01,76916.4,1777320632000
1777320634.043,34.043,0.52,0.53,0.47,0.48,0.01,0.01,76916.06,1777320633000
1777320634.485,34.485,0.53,0.54,0.46,0.47,0.01,0.01,76916.06,1777320633000
1777320634.882,34.882,0.53,0.54,0.46,0.47,0.01,0.01,76916.06,1777320633000
1777320635.309,35.309,0.53,0.54,0.46,0.47,0.01,0.01,76916.06,1777320633000
1777320635.707,35.707,0.53,0.54,0.46,0.47,0.01,0.01,76916.5,1777320634000
1777320636.461,36.461,0.54,0.55,0.45,0.47,0.01,0.02,76916.5,1777320634000
1777320636.846,36.846,0.54,0.55,0.45,0.46,0.01,0.01,76916.39,1777320635000
1777320637.23,37.23,0.54,0.55,0.45,0.46,0.01,0.01,76915.43,1777320636000
1777320637.633,37.633,0.54,0.56,0.44,0.46,0.02,0.02,76915.43,1777320636000
1777320637.993,37.993,0.54,0.55,0.45,0.46,0.01,0.01,76915.43,1777320636000
1777320638.396,38.396,0.54,0.55,0.45,0.46,0.01,0.01,76915.46,1777320637000
1777320638.904,38.904,0.54,0.55,0.45,0.46,0.01,0.01,76915.46,1777320637000
1777320639.301,39.301,0.54,0.55,0.45,0.46,0.01,0.01,76915.46,1777320638000
1777320639.711,39.711,0.52,0.53,0.45,0.46,0.01,0.01,76915.46,1777320638000
1777320640.12,40.12,0.52,0.53,0.47,0.48,0.01,0.01,76915.46,1777320638000
1777320640.859,40.859,0.52,0.53,0.47,0.48,0.01,0.01,76917.16,1777320639000
1777320641.258,41.258,0.52,0.53,0.47,0.48,0.01,0.01,76917.16,1777320640000
1777320641.845,41.845,0.52,0.53,0.47,0.48,0.01,0.01,76917.16,1777320640000
1777320642.215,42.215,0.52,0.53,0.47,0.48,0.01,0.01,76917.02,1777320641000
1777320642.651,42.651,0.52,0.53,0.47,0.48,0.01,0.01,76917.02,1777320641000
1777320643.023,43.023,0.52,0.53,0.47,0.48,0.01,0.01,76917.02,1777320641000
1777320643.436,43.436,0.52,0.53,0.47,0.48,0.01,0.01,76917.02,1777320641000
1777320643.922,43.922,0.51,0.52,0.47,0.49,0.01,0.02,76916.76,1777320642000
1777320645.168,45.168,0.51,0.52,0.48,0.49,0.01,0.01,76916.55,1777320644000
1777320645.694,45.694,0.51,0.52,0.48,0.49,0.01,0.01,76916.55,1777320644000
1777320646.173,46.173,0.51,0.52,0.48,0.49,0.01,0.01,76916.55,1777320644000
1777320646.767,46.767,0.51,0.52,0.48,0.49,0.01,0.01,76916.38,1777320645000
1777320647.529,47.529,0.51,0.52,0.48,0.49,0.01,0.01,76915.27,1777320646000
1777320647.988,47.988,0.51,0.52,0.48,0.49,0.01,0.01,76915.27,1777320646000
1777320648.739,48.739,0.51,0.52,0.48,0.49,0.01,0.01,76915.27,1777320647000
1777320649.099,49.099,0.51,0.52,0.48,0.49,0.01,0.01,76915.27,1777320647000
1777320649.587,49.587,0.51,0.52,0.48,0.49,0.01,0.01,76915.27,1777320647000
1777320650.069,50.069,0.51,0.52,0.48,0.49,0.01,0.01,76916.59,1777320648000
1777320650.741,50.741,0.51,0.52,0.48,0.49,0.01,0.01,76916.89,1777320649000
1777320651.22,51.22,0.51,0.52,0.48,0.49,0.01,0.01,76916.89,1777320649000
1777320651.912,51.912,0.51,0.52,0.48,0.49,0.01,0.01,76916.89,1777320650000
1777320653.505,53.505,0.51,0.52,0.48,0.49,0.01,0.01,76915.23,1777320652000
1777320654.016,54.016,0.51,0.52,0.48,0.49,0.01,0.01,76915.23,1777320653000
1777320654.809,54.809,0.51,0.52,0.48,0.49,0.01,0.01,76915.23,1777320653000
1777320655.409,55.409,0.51,0.52,0.48,0.49,0.01,0.01,76916.48,1777320654000
1777320656.119,56.119,0.51,0.52,0.48,0.49,0.01,0.01,76916.48,1777320655000
1777320656.726,56.726,0.51,0.52,0.48,0.49,0.01,0.01,76916.48,1777320655000
1777320657.313,57.313,0.51,0.52,0.48,0.49,0.01,0.01,76916.48,1777320655000
1777320657.665,57.665,0.51,0.52,0.48,0.49,0.01,0.01,76916.39,1777320656000
1777320657.999,57.999,0.51,0.52,0.48,0.49,0.01,0.01,76916.39,1777320656000
1777320658.36,58.36,0.58,0.63,0.37,0.44,0.05,0.07,76916.47,1777320657000
1777320658.711,58.711,0.64,0.65,0.35,0.36,0.01,0.01,76916.47,1777320657000
1777320659.155,59.155,0.64,0.65,0.35,0.38,0.01,0.03,76916.47,1777320657000
1777320659.509,59.509,0.64,0.65,0.35,0.36,0.01,0.01,76916.47,1777320657000
1777320659.871,59.871,0.65,0.66,0.34,0.36,0.01,0.02,76922.8,1777320658000
1777320660.213,60.213,0.65,0.66,0.34,0.35,0.01,0.01,76922.8,1777320658000
1777320660.59,60.59,0.65,0.66,0.34,0.35,0.01,0.01,76931.9,1777320659000
1777320661.046,61.046,0.66,0.67,0.33,0.34,0.01,0.01,76931.9,1777320659000
1777320661.479,61.479,0.66,0.67,0.33,0.34,0.01,0.01,76931.9,1777320659000
1777320661.961,61.961,0.66,0.67,0.33,0.34,0.01,0.01,76933.42,1777320660000
1777320662.36,62.36,0.66,0.67,0.33,0.34,0.01,0.01,76933.42,1777320660000
1777320662.703,62.703,0.66,0.68,0.32,0.34,0.02,0.02,76933.42,1777320660000
1777320663.044,63.044,0.66,0.67,0.33,0.34,0.01,0.01,76933.72,1777320661000
1777320664.284,64.284,0.66,0.68,0.33,0.34,0.02,0.01,76934.11,1777320662000
1777320664.823,64.823,0.66,0.67,0.33,0.34,0.01,0.01,76935.96,1777320663000
1777320665.156,65.156,0.66,0.67,0.33,0.34,0.01,0.01,76935.96,1777320663000
1777320665.603,65.603,0.66,0.67,0.33,0.34,0.01,0.01,76935.96,1777320663000
1777320666.131,66.131,0.66,0.67,0.33,0.34,0.01,0.01,76935.26,1777320665000
1777320666.583,66.583,0.66,0.67,0.33,0.34,0.01,0.01,76935.26,1777320665000
1777320667.12,67.12,0.66,0.67,0.33,0.34,0.01,0.01,76935.26,1777320665000
1777320667.576,67.576,0.64,0.65,0.35,0.36,0.01,0.01,76935.26,1777320666000
1777320667.938,67.938,0.64,0.65,0.35,0.36,0.01,0.01,76935.26,1777320666000
1777320668.279,68.279,0.64,0.65,0.35,0.36,0.01,0.01,76932.73,1777320667000
1777320668.98,68.98,0.64,0.65,0.35,0.36,0.01,0.01,76932.73,1777320667000
1777320669.356,69.356,0.63,0.64,0.35,0.37,0.01,0.02,76932.57,1777320668000
1777320669.82,69.82,0.63,0.64,0.36,0.37,0.01,0.01,76932.57,1777320668000
1777320670.252,70.252,0.63,0.64,0.36,0.37,0.01,0.01,76932.57,1777320668000
1777320670.786,70.786,0.63,0.64,0.36,0.37,0.01,0.01,76933.61,1777320669000
1777320671.248,71.248,0.63,0.64,0.36,0.37,0.01,0.01,76933.27,1777320670000
1777320671.815,71.815,0.63,0.64,0.36,0.37,0.01,0.01,76933.27,1777320670000
1777320672.262,72.262,0.63,0.64,0.36,0.37,0.01,0.01,76934.36,1777320671000
1777320672.685,72.685,0.63,0.64,0.36,0.37,0.01,0.01,76934.36,1777320671000
1777320673.389,73.389,0.63,0.64,0.36,0.37,0.01,0.01,76933.22,1777320672000
1777320673.775,73.775,0.63,0.64,0.36,0.37,0.01,0.01,76933.22,1777320672000
1777320674.132,74.132,0.63,0.64,0.36,0.37,0.01,0.01,76933.22,1777320672000
1777320674.656,74.656,0.63,0.64,0.36,0.37,0.01,0.01,76934.1,1777320673000
1777320675.062,75.062,0.63,0.64,0.36,0.37,0.01,0.01,76934.1,1777320674000
1777320675.403,75.403,0.63,0.64,0.36,0.37,0.01,0.01,76934.1,1777320674000
1777320675.896,75.896,0.63,0.64,0.36,0.37,0.01,0.01,76934.1,1777320674000
1777320676.33,76.33,0.63,0.64,0.36,0.37,0.01,0.01,76934.68,1777320675000
1777320676.745,76.745,0.63,0.64,0.36,0.37,0.01,0.01,76934.68,1777320675000
1777320677.167,77.167,0.63,0.64,0.36,0.37,0.01,0.01,76934.75,1777320676000
1777320677.823,77.823,0.63,0.64,0.36,0.37,0.01,0.01,76934.75,1777320676000
1777320678.176,78.176,0.63,0.64,0.36,0.37,0.01,0.01,76934.75,1777320676000
1777320678.526,78.526,0.63,0.64,0.36,0.37,0.01,0.01,76935.94,1777320677000
1777320679.248,79.248,0.63,0.64,0.36,0.37,0.01,0.01,76935.94,1777320677000
1777320680.055,80.055,0.63,0.64,0.36,0.37,0.01,0.01,76933.95,1777320678000
1777320680.794,80.794,0.63,0.64,0.36,0.37,0.01,0.01,76934.98,1777320679000
1777320682.243,82.243,0.63,0.64,0.36,0.37,0.01,0.01,76934.81,1777320681000
1777320682.764,82.764,0.63,0.64,0.36,0.37,0.01,0.01,76934.81,1777320681000
1777320683.124,83.124,0.63,0.64,0.36,0.37,0.01,0.01,76934.81,1777320681000
1777320683.555,83.555,0.63,0.64,0.36,0.37,0.01,0.01,76935.7,1777320682000
1777320684.135,84.135,0.63,0.64,0.36,0.37,0.01,0.01,76936.0,1777320683000
1777320684.752,84.752,0.63,0.64,0.36,0.37,0.01,0.01,76936.0,1777320683000
1777320685.127,85.127,0.63,0.64,0.36,0.37,0.01,0.01,76936.0,1777320684000
1777320685.745,85.745,0.63,0.64,0.36,0.37,0.01,0.01,76936.0,1777320684000
1777320686.536,86.536,0.63,0.64,0.36,0.37,0.01,0.01,76935.99,1777320685000
1777320686.883,86.883,0.64,0.65,0.35,0.36,0.01,0.01,76935.99,1777320685000
1777320687.687,87.687,0.64,0.65,0.35,0.36,0.01,0.01,76935.99,1777320686000
1777320688.026,88.026,0.64,0.65,0.35,0.36,0.01,0.01,76935.99,1777320686000
1777320688.678,88.678,0.64,0.65,0.35,0.36,0.01,0.01,76935.99,1777320687000
1777320689.019,89.019,0.64,0.65,0.35,0.36,0.01,0.01,76935.99,1777320687000
1777320689.534,89.534,0.64,0.66,0.35,0.36,0.02,0.01,76935.99,1777320688000
1777320690.341,90.341,0.65,0.66,0.34,0.35,0.01,0.01,76935.96,1777320689000
1777320690.879,90.879,0.65,0.66,0.34,0.35,0.01,0.01,76935.96,1777320689000
1777320691.302,91.302,0.66,0.67,0.34,0.35,0.01,0.01,76935.96,1777320690000
1777320691.678,91.678,0.66,0.67,0.33,0.34,0.01,0.01,76935.96,1777320690000
1777320692.043,92.043,0.66,0.67,0.33,0.34,0.01,0.01,76935.99,1777320691000
1777320692.617,92.617,0.66,0.67,0.33,0.34,0.01,0.01,76935.99,1777320691000
1777320693.314,93.314,0.66,0.67,0.33,0.34,0.01,0.01,76935.99,1777320691000
1777320693.679,93.679,0.66,0.67,0.33,0.34,0.01,0.01,76935.92,1777320692000
1777320694.025,94.025,0.66,0.67,0.33,0.34,0.01,0.01,76935.92,1777320692000
1777320694.649,94.649,0.66,0.67,0.33,0.34,0.01,0.01,76934.93,1777320693000
1777320695.079,95.079,0.66,0.67,0.33,0.34,0.01,0.01,76935.4,1777320694000
1777320695.517,95.517,0.66,0.67,0.33,0.34,0.01,0.01,76935.4,1777320694000
1777320695.872,95.872,0.66,0.67,0.33,0.34,0.01,0.01,76935.4,1777320694000
1777320696.531,96.531,0.67,0.68,0.32,0.34,0.01,0.02,76935.4,1777320695000
1777320697.007,97.007,0.67,0.68,0.32,0.33,0.01,0.01,76935.4,1777320695000
1777320697.528,97.528,0.67,0.68,0.32,0.33,0.01,0.01,76935.85,1777320696000
1777320697.879,97.879,0.67,0.68,0.32,0.33,0.01,0.01,76935.85,1777320696000
1777320698.229,98.229,0.67,0.68,0.32,0.33,0.01,0.01,76935.85,1777320696000
1777320698.653,98.653,0.67,0.68,0.32,0.33,0.01,0.01,76934.0,1777320697000
1777320699.225,99.225,0.67,0.68,0.32,0.33,0.01,0.01,76936.03,1777320698000
1777320699.755,99.755,0.68,0.69,0.31,0.33,0.01,0.02,76936.03,1777320698000
1777320700.228,100.228,0.68,0.69,0.3,0.31,0.01,0.01,76936.03,1777320698000
1777320700.572,100.572,0.67,0.69,0.31,0.32,0.02,0.01,76933.85,1777320699000
1777320700.928,100.928,0.67,0.68,0.32,0.33,0.01,0.01,76933.85,1777320699000
1777320701.413,101.413,0.67,0.68,0.32,0.33,0.01,0.01,76935.48,1777320700000
1777320702.082,102.082,0.66,0.68,0.32,0.33,0.02,0.01,76935.48,1777320700000
1777320702.444,102.444,0.55,0.56,0.44,0.45,0.01,0.01,76932.8,1777320701000
1777320702.877,102.877,0.55,0.56,0.44,0.45,0.01,0.01,76932.31,1777320702000
1777320703.214,103.214,0.55,0.56,0.44,0.45,0.01,0.01,76932.31,1777320702000
1777320703.812,103.812,0.55,0.56,0.44,0.45,0.01,0.01,76925.06,1777320703000
1777320704.338,104.338,0.55,0.56,0.44,0.45,0.01,0.01,76925.06,1777320703000
1777320704.802,104.802,0.55,0.56,0.44,0.45,0.01,0.01,76925.06,1777320703000
1777320705.235,105.235,0.54,0.55,0.45,0.48,0.01,0.03,76922.23,1777320704000
1777320705.589,105.589,0.54,0.55,0.45,0.46,0.01,0.01,76922.23,1777320704000
1777320705.932,105.932,0.42,0.44,0.56,0.57,0.02,0.01,76922.23,1777320704000
1777320706.278,106.278,0.43,0.44,0.56,0.57,0.01,0.01,76921.23,1777320705000
1777320706.624,106.624,0.43,0.44,0.56,0.57,0.01,0.01,76921.23,1777320705000
1777320707.039,107.039,0.43,0.44,0.56,0.57,0.01,0.01,76919.81,1777320706000
1777320707.443,107.443,0.42,0.43,0.57,0.58,0.01,0.01,76919.81,1777320706000
1777320707.864,107.864,0.42,0.43,0.57,0.58,0.01,0.01,76919.81,1777320706000
1777320708.198,108.198,0.42,0.43,0.57,0.58,0.01,0.01,76913.91,1777320707000
1777320708.608,108.608,0.41,0.43,0.57,0.59,0.02,0.02,76913.91,1777320707000
1777320708.996,108.996,0.42,0.43,0.57,0.58,0.01,0.01,76913.91,1777320707000
1777320709.361,109.361,0.42,0.43,0.57,0.58,0.01,0.01,76910.37,1777320708000
1777320709.717,109.717,0.42,0.43,0.57,0.58,0.01,0.01,76910.37,1777320708000
1777320710.164,110.164,0.42,0.43,0.57,0.58,0.01,0.01,76910.37,1777320708000
1777320710.622,110.622,0.42,0.43,0.57,0.58,0.01,0.01,76909.31,1777320709000
1777320711.046,111.046,0.42,0.43,0.57,0.58,0.01,0.01,76909.31,1777320709000
1777320711.387,111.387,0.4,0.43,0.57,0.58,0.03,0.01,76908.27,1777320710000
1777320711.801,111.801,0.39,0.42,0.58,0.61,0.03,0.03,76908.27,1777320710000
1777320712.163,112.163,0.36,0.37,0.62,0.64,0.01,0.02,76908.27,1777320710000
1777320712.497,112.497,0.36,0.37,0.63,0.64,0.01,0.01,76907.52,1777320711000
1777320712.844,112.844,0.36,0.37,0.63,0.64,0.01,0.01,76907.52,1777320711000
1777320713.206,113.206,0.37,0.38,0.62,0.63,0.01,0.01,76906.91,1777320712000
1777320713.544,113.544,0.37,0.38,0.62,0.63,0.01,0.01,76906.91,1777320712000
1777320714.095,114.095,0.39,0.4,0.6,0.61,0.01,0.01,76905.79,1777320713000
1777320714.429,114.429,0.4,0.42,0.58,0.6,0.02,0.02,76905.79,1777320713000
1777320714.764,114.764,0.43,0.44,0.56,0.57,0.01,0.01,76905.79,1777320713000
1777320715.223,115.223,0.43,0.44,0.56,0.57,0.01,0.01,76905.79,1777320713000
1777320715.728,115.728,0.43,0.44,0.56,0.57,0.01,0.01,76904.72,1777320714000
1777320716.194,116.194,0.43,0.44,0.56,0.57,0.01,0.01,76904.72,1777320714000
1777320716.642,116.642,0.43,0.44,0.56,0.57,0.01,0.01,76905.08,1777320715000
1777320717.21,117.21,0.44,0.45,0.55,0.57,0.01,0.02,76905.08,1777320716000
1777320717.794,117.794,0.44,0.45,0.55,0.56,0.01,0.01,76905.08,1777320716000
1777320718.144,118.144,0.44,0.45,0.55,0.56,0.01,0.01,76905.08,1777320716000
1777320718.56,118.56,0.44,0.45,0.55,0.56,0.01,0.01,76905.52,1777320717000
1777320718.952,118.952,0.44,0.48,0.55,0.56,0.04,0.01,76905.52,1777320717000
1777320719.509,119.509,0.44,0.45,0.54,0.56,0.01,0.02,76905.69,1777320718000
1777320719.845,119.845,0.42,0.45,0.55,0.58,0.03,0.03,76905.69,1777320718000
1777320720.241,120.241,0.41,0.42,0.56,0.61,0.01,0.05,76905.69,1777320718000
1777320720.679,120.679,0.39,0.42,0.58,0.6,0.03,0.02,76905.25,1777320719000
1777320721.037,121.037,0.41,0.42,0.58,0.6,0.01,0.02,76905.25,1777320719000
1777320721.466,121.466,0.41,0.42,0.58,0.59,0.01,0.01,76903.95,1777320720000
1777320721.88,121.88,0.41,0.42,0.58,0.59,0.01,0.01,76903.95,1777320720000
1777320722.241,122.241,0.41,0.42,0.58,0.59,0.01,0.01,76903.95,1777320720000
1777320722.574,122.574,0.41,0.43,0.58,0.59,0.02,0.01,76903.23,1777320721000
1777320723.02,123.02,0.41,0.42,0.58,0.59,0.01,0.01,76903.23,1777320721000
1777320723.404,123.404,0.41,0.42,0.58,0.59,0.01,0.01,76903.43,1777320722000
1777320723.833,123.833,0.42,0.43,0.57,0.58,0.01,0.01,76903.43,1777320722000
1777320724.174,124.174,0.42,0.43,0.57,0.58,0.01,0.01,76903.43,1777320722000
1777320724.801,124.801,0.42,0.43,0.57,0.58,0.01,0.01,76902.87,1777320723000
1777320725.349,125.349,0.42,0.43,0.57,0.58,0.01,0.01,76902.74,1777320724000
1777320726.169,126.169,0.42,0.43,0.57,0.58,0.01,0.01,76902.74,1777320724000
1777320726.905,126.905,0.42,0.43,0.57,0.58,0.01,0.01,76903.84,1777320725000
1777320727.24,127.24,0.42,0.43,0.57,0.58,0.01,0.01,76907.1,1777320726000
1777320727.675,127.675,0.42,0.44,0.56,0.58,0.02,0.02,76907.1,1777320726000
1777320728.149,128.149,0.43,0.45,0.55,0.57,0.02,0.02,76908.41,1777320727000
1777320728.513,128.513,0.44,0.45,0.55,0.56,0.01,0.01,76908.41,1777320727000
1777320729.073,129.073,0.44,0.45,0.55,0.56,0.01,0.01,76908.17,1777320728000
1777320729.521,129.521,0.44,0.45,0.55,0.56,0.01,0.01,76908.17,1777320728000
1777320729.86,129.86,0.44,0.45,0.55,0.56,0.01,0.01,76908.17,1777320728000
1777320730.224,130.224,0.44,0.45,0.55,0.56,0.01,0.01,76908.92,1777320729000
1777320730.587,130.587,0.44,0.45,0.55,0.56,0.01,0.01,76908.92,1777320729000
1777320730.969,130.969,0.44,0.45,0.55,0.56,0.01,0.01,76908.92,1777320729000
1777320731.359,131.359,0.44,0.45,0.55,0.56,0.01,0.01,76909.09,1777320730000
1777320732.139,132.139,0.44,0.45,0.55,0.56,0.01,0.01,76909.09,1777320730000
1777320732.538,132.538,0.45,0.46,0.54,0.56,0.01,0.02,76908.92,1777320731000
1777320733.108,133.108,0.45,0.46,0.54,0.55,0.01,0.01,76909.09,1777320732000
1777320734.105,134.105,0.45,0.46,0.54,0.55,0.01,0.01,76908.94,1777320733000
1777320734.81,134.81,0.45,0.46,0.54,0.55,0.01,0.01,76908.94,1777320733000
1777320735.149,135.149,0.45,0.46,0.54,0.55,0.01,0.01,76908.09,1777320734000
1777320735.514,135.514,0.45,0.46,0.54,0.55,0.01,0.01,76908.09,1777320734000
1777320735.884,135.884,0.45,0.46,0.54,0.55,0.01,0.01,76908.09,1777320734000
1777320736.287,136.287,0.45,0.46,0.54,0.55,0.01,0.01,76908.09,1777320735000
1777320736.704,136.704,0.45,0.46,0.54,0.55,0.01,0.01,76908.09,1777320735000
1777320737.238,137.238,0.45,0.46,0.54,0.55,0.01,0.01,76908.54,1777320736000
1777320737.627,137.627,0.45,0.46,0.54,0.55,0.01,0.01,76908.54,1777320736000
1777320738.21,138.21,0.45,0.46,0.54,0.55,0.01,0.01,76908.54,1777320736000
1777320738.551,138.551,0.44,0.46,0.54,0.55,0.02,0.01,76907.72,1777320737000
1777320738.897,138.897,0.44,0.45,0.55,0.56,0.01,0.01,76907.72,1777320737000
1777320739.377,139.377,0.43,0.44,0.56,0.57,0.01,0.01,76907.56,1777320738000
1777320739.913,139.913,0.43,0.44,0.56,0.57,0.01,0.01,76907.56,1777320738000
1777320740.265,140.265,0.43,0.44,0.56,0.57,0.01,0.01,76907.52,1777320739000
1777320740.628,140.628,0.42,0.43,0.56,0.58,0.01,0.02,76907.52,1777320739000
1777320741.187,141.187,0.42,0.43,0.57,0.58,0.01,0.01,76906.7,1777320740000
1777320741.571,141.571,0.42,0.43,0.57,0.58,0.01,0.01,76906.7,1777320740000
1777320741.998,141.998,0.42,0.43,0.57,0.58,0.01,0.01,76905.19,1777320741000
1777320742.374,142.374,0.42,0.43,0.57,0.58,0.01,0.01,76905.19,1777320741000
1777320742.983,142.983,0.42,0.43,0.57,0.58,0.01,0.01,76905.8,1777320742000
1777320743.491,143.491,0.42,0.43,0.57,0.58,0.01,0.01,76905.8,1777320742000
1777320743.846,143.846,0.42,0.43,0.57,0.58,0.01,0.01,76905.8,1777320742000
1777320744.362,144.362,0.42,0.43,0.57,0.58,0.01,0.01,76904.6,1777320743000
1777320744.774,144.774,0.41,0.42,0.58,0.59,0.01,0.01,76904.6,1777320743000
1777320745.155,145.155,0.4,0.41,0.58,0.59,0.01,0.01,76904.48,1777320744000
1777320745.515,145.515,0.4,0.41,0.59,0.6,0.01,0.01,76904.48,1777320744000
1777320745.859,145.859,0.39,0.41,0.59,0.6,0.02,0.01,76904.48,1777320744000
1777320746.291,146.291,0.37,0.38,0.61,0.62,0.01,0.01,76904.69,1777320745000
1777320746.648,146.648,0.37,0.38,0.62,0.63,0.01,0.01,76904.69,1777320745000
1777320747.097,147.097,0.35,0.38,0.62,0.63,0.03,0.01,76904.69,1777320745000
1777320747.468,147.468,0.33,0.34,0.66,0.7,0.01,0.04,76904.69,1777320746000
1777320747.909,147.909,0.33,0.34,0.66,0.67,0.01,0.01,76904.69,1777320746000
1777320748.298,148.298,0.33,0.34,0.66,0.67,0.01,0.01,76903.93,1777320747000
1777320749.514,149.514,0.33,0.34,0.66,0.67,0.01,0.01,76903.93,1777320747000
1777320749.933,149.933,0.33,0.34,0.66,0.67,0.01,0.01,76897.37,1777320748000
1777320750.307,150.307,0.33,0.34,0.66,0.67,0.01,0.01,76897.15,1777320749000
1777320750.666,150.666,0.33,0.34,0.66,0.67,0.01,0.01,76897.15,1777320749000
1777320751.008,151.008,0.32,0.33,0.67,0.68,0.01,0.01,76897.15,1777320749000
1777320751.762,151.762,0.32,0.33,0.67,0.68,0.01,0.01,76895.51,1777320750000
1777320752.134,152.134,0.32,0.33,0.67,0.68,0.01,0.01,76895.51,1777320750000
1777320752.573,152.573,0.32,0.33,0.67,0.68,0.01,0.01,76895.51,1777320751000
1777320752.912,152.912,0.32,0.33,0.67,0.68,0.01,0.01,76895.51,1777320752000
1777320753.308,153.308,0.32,0.33,0.67,0.68,0.01,0.01,76895.51,1777320752000
1777320753.737,153.737,0.31,0.33,0.67,0.68,0.02,0.01,76895.51,1777320752000
1777320754.1,154.1,0.3,0.32,0.68,0.69,0.02,0.01,76895.51,1777320752000
1777320754.588,154.588,0.3,0.31,0.69,0.7,0.01,0.01,76894.49,1777320753000
1777320755.02,155.02,0.3,0.31,0.69,0.7,0.01,0.01,76894.49,1777320753000
1777320755.536,155.536,0.29,0.3,0.69,0.7,0.01,0.01,76894.35,1777320754000
1777320755.891,155.891,0.29,0.3,0.7,0.71,0.01,0.01,76894.35,1777320754000
1777320756.346,156.346,0.29,0.3,0.7,0.71,0.01,0.01,76894.35,1777320754000
1777320756.691,156.691,0.29,0.3,0.7,0.71,0.01,0.01,76894.18,1777320755000
1777320757.189,157.189,0.29,0.3,0.7,0.71,0.01,0.01,76893.61,1777320756000
1777320757.524,157.524,0.29,0.3,0.7,0.71,0.01,0.01,76893.61,1777320756000
1777320757.863,157.863,0.29,0.3,0.7,0.71,0.01,0.01,76893.61,1777320756000
1777320758.274,158.274,0.28,0.3,0.7,0.72,0.02,0.02,76894.18,1777320757000
1777320758.68,158.68,0.28,0.29,0.71,0.72,0.01,0.01,76894.18,1777320757000
1777320759.214,159.214,0.26,0.29,0.71,0.72,0.03,0.01,76894.18,1777320757000
1777320759.616,159.616,0.25,0.26,0.73,0.74,0.01,0.01,76895.06,1777320758000
1777320759.96,159.96,0.25,0.26,0.74,0.75,0.01,0.01,76895.06,1777320758000
1777320760.554,160.554,0.25,0.26,0.74,0.75,0.01,0.01,76894.58,1777320759000
1777320760.956,160.956,0.25,0.26,0.74,0.75,0.01,0.01,76894.58,1777320759000
1777320761.298,161.298,0.23,0.26,0.74,0.77,0.03,0.03,76891.19,1777320760000
1777320761.739,161.739,0.26,0.27,0.73,0.75,0.01,0.02,76891.19,1777320760000
1777320762.121,162.121,0.29,0.3,0.7,0.72,0.01,0.02,76891.19,1777320760000
1777320762.454,162.454,0.29,0.3,0.7,0.71,0.01,0.01,76891.19,1777320760000
1777320762.839,162.839,0.29,0.3,0.7,0.71,0.01,0.01,76891.19,1777320760000
1777320763.258,163.258,0.29,0.3,0.7,0.71,0.01,0.01,76889.73,1777320761000
1777320763.768,163.768,0.29,0.3,0.7,0.71,0.01,0.01,76891.19,1777320762000
1777320764.116,164.116,0.29,0.3,0.7,0.71,0.01,0.01,76891.19,1777320762000
1777320764.566,164.566,0.3,0.31,0.69,0.7,0.01,0.01,76892.6,1777320763000
1777320765.022,165.022,0.3,0.31,0.69,0.7,0.01,0.01,76892.6,1777320763000
1777320765.422,165.422,0.3,0.31,0.69,0.7,0.01,0.01,76892.6,1777320763000
1777320765.799,165.799,0.3,0.31,0.69,0.7,0.01,0.01,76894,1777320764000
1777320766.302,166.302,0.3,0.31,0.69,0.7,0.01,0.01,76894,1777320765000
1777320766.769,166.769,0.3,0.31,0.69,0.7,0.01,0.01,76894,1777320765000
1777320767.196,167.196,0.3,0.31,0.69,0.7,0.01,0.01,76893.62,1777320766000
1777320767.552,167.552,0.32,0.33,0.67,0.68,0.01,0.01,76893.62,1777320766000
1777320767.992,167.992,0.32,0.33,0.67,0.68,0.01,0.01,76893.62,1777320766000
1777320768.424,168.424,0.32,0.33,0.67,0.68,0.01,0.01,76894.01,1777320767000
1777320768.858,168.858,0.31,0.32,0.68,0.69,0.01,0.01,76894.01,1777320767000
1777320769.261,169.261,0.31,0.32,0.68,0.69,0.01,0.01,76894.01,1777320767000
1777320769.795,169.795,0.31,0.32,0.68,0.69,0.01,0.01,76894.02,1777320768000
1777320770.159,170.159,0.31,0.32,0.68,0.69,0.01,0.01,76894.02,1777320768000
1777320770.647,170.647,0.31,0.32,0.68,0.69,0.01,0.01,76894.01,1777320769000
1777320771.099,171.099,0.31,0.32,0.68,0.69,0.01,0.01,76894.01,1777320769000
1777320771.876,171.876,0.31,0.32,0.68,0.69,0.01,0.01,76894.01,1777320770000
1777320772.264,172.264,0.31,0.32,0.68,0.69,0.01,0.01,76894.01,1777320770000
1777320772.928,172.928,0.3,0.31,0.68,0.69,0.01,0.01,76893.97,1777320771000
1777320773.35,173.35,0.3,0.31,0.69,0.7,0.01,0.01,76893.97,1777320771000
1777320773.751,173.751,0.3,0.31,0.69,0.7,0.01,0.01,76893.97,1777320772000
1777320774.288,174.288,0.3,0.31,0.69,0.7,0.01,0.01,76894.09,1777320773000
1777320774.639,174.639,0.3,0.31,0.69,0.7,0.01,0.01,76894.09,1777320773000
1777320775.076,175.076,0.3,0.31,0.69,0.7,0.01,0.01,76894.09,1777320774000
1777320775.517,175.517,0.3,0.31,0.69,0.7,0.01,0.01,76894.09,1777320774000
1777320776.15,176.15,0.3,0.31,0.69,0.7,0.01,0.01,76894.09,1777320774000
1777320776.901,176.901,0.29,0.3,0.69,0.71,0.01,0.02,76893.97,1777320775000
1777320777.496,177.496,0.29,0.3,0.7,0.71,0.01,0.01,76893.97,1777320775000
1777320777.896,177.896,0.29,0.3,0.7,0.71,0.01,0.01,76893.6,1777320776000
1777320778.426,178.426,0.29,0.3,0.7,0.71,0.01,0.01,76893.98,1777320777000
1777320778.965,178.965,0.29,0.3,0.7,0.71,0.01,0.01,76893.98,1777320778000
1777320779.653,179.653,0.28,0.29,0.7,0.71,0.01,0.01,76893.98,1777320778000
1777320780.02,180.02,0.28,0.29,0.71,0.72,0.01,0.01,76893.98,1777320779000
1777320780.419,180.419,0.28,0.29,0.71,0.72,0.01,0.01,76893.98,1777320779000
1777320780.764,180.764,0.28,0.29,0.71,0.72,0.01,0.01,76893.98,1777320779000
1777320781.13,181.13,0.28,0.29,0.71,0.72,0.01,0.01,76893.98,1777320780000
1777320781.789,181.789,0.23,0.29,0.71,0.72,0.06,0.01,76893.98,1777320780000
1777320782.125,182.125,0.22,0.27,0.73,0.79,0.05,0.06,76893.98,1777320780000
1777320782.46,182.46,0.24,0.29,0.74,0.77,0.05,0.03,76893.98,1777320781000
1777320782.804,182.804,0.26,0.28,0.73,0.74,0.02,0.01,76893.98,1777320781000
1777320783.152,183.152,0.28,0.29,0.71,0.72,0.01,0.01,76893.98,1777320781000
1777320783.611,183.611,0.28,0.29,0.71,0.72,0.01,0.01,76892.38,1777320782000
1777320784.049,184.049,0.28,0.29,0.71,0.72,0.01,0.01,76892.38,1777320782000
1777320784.411,184.411,0.29,0.3,0.7,0.72,0.01,0.02,76892.38,1777320782000
1777320784.884,184.884,0.29,0.3,0.7,0.71,0.01,0.01,76892.38,1777320782000
1777320785.37,185.37,0.29,0.3,0.7,0.71,0.01,0.01,76893.95,1777320784000
1777320785.837,185.837,0.29,0.3,0.7,0.71,0.01,0.01,76893.95,1777320784000
1777320786.269,186.269,0.29,0.3,0.7,0.71,0.01,0.01,76893.95,1777320784000
1777320786.773,186.773,0.29,0.3,0.7,0.71,0.01,0.01,76893.55,1777320785000
1777320787.124,187.124,0.29,0.3,0.7,0.71,0.01,0.01,76893.55,1777320785000
1777320787.537,187.537,0.29,0.3,0.7,0.71,0.01,0.01,76893.95,1777320786000
1777320788.318,188.318,0.29,0.3,0.7,0.71,0.01,0.01,76893.95,1777320786000
1777320788.843,188.843,0.29,0.3,0.7,0.71,0.01,0.01,76893.98,1777320787000
1777320789.181,189.181,0.29,0.3,0.7,0.71,0.01,0.01,76894.04,1777320788000
1777320789.692,189.692,0.29,0.3,0.7,0.71,0.01,0.01,76894.04,1777320788000
1777320790.084,190.084,0.29,0.3,0.7,0.71,0.01,0.01,76893.98,1777320789000
1777320790.534,190.534,0.29,0.3,0.7,0.71,0.01,0.01,76893.98,1777320789000
1777320790.876,190.876,0.28,0.3,0.7,0.71,0.02,0.01,76893.98,1777320789000
1777320791.701,191.701,0.28,0.29,0.71,0.72,0.01,0.01,76894.01,1777320790000
1777320792.1,192.1,0.3,0.31,0.67,0.7,0.01,0.03,76894.01,1777320790000
1777320792.442,192.442,0.25,0.29,0.7,0.74,0.04,0.04,76894.01,1777320790000
1777320792.881,192.881,0.26,0.27,0.73,0.74,0.01,0.01,76893.96,1777320791000
1777320793.234,193.234,0.25,0.26,0.74,0.75,0.01,0.01,76894.57,1777320792000
1777320793.644,193.644,0.24,0.25,0.74,0.76,0.01,0.02,76894.57,1777320792000
1777320793.987,193.987,0.24,0.25,0.75,0.76,0.01,0.01,76894.57,1777320792000
1777320794.407,194.407,0.24,0.25,0.75,0.76,0.01,0.01,76894.81,1777320793000
1777320795.037,195.037,0.22,0.24,0.76,0.78,0.02,0.02,76894.64,1777320794000
1777320796.126,196.126,0.22,0.24,0.76,0.78,0.02,0.02,76892.76,1777320795000
1777320796.561,196.561,0.22,0.23,0.76,0.78,0.01,0.02,76892.76,1777320795000
1777320796.918,196.918,0.2,0.23,0.78,0.8,0.03,0.02,76892.76,1777320795000
1777320797.271,197.271,0.21,0.23,0.77,0.79,0.02,0.02,76892.65,1777320796000
1777320797.709,197.709,0.24,0.25,0.75,0.76,0.01,0.01,76892.65,1777320796000
1777320798.199,198.199,0.25,0.26,0.74,0.75,0.01,0.01,76894.08,1777320797000
1777320798.783,198.783,0.25,0.26,0.74,0.75,0.01,0.01,76894.08,1777320797000
1777320799.133,199.133,0.25,0.26,0.74,0.75,0.01,0.01,76894.79,1777320798000
1777320799.941,199.941,0.25,0.26,0.74,0.75,0.01,0.01,76894.79,1777320798000
1777320800.457,200.457,0.26,0.27,0.73,0.75,0.01,0.02,76895.19,1777320799000
1777320800.899,200.899,0.26,0.27,0.73,0.74,0.01,0.01,76895.19,1777320799000
1777320801.7,201.7,0.26,0.27,0.73,0.74,0.01,0.01,76894.15,1777320800000
1777320802.061,202.061,0.26,0.27,0.73,0.74,0.01,0.01,76895.62,1777320801000
1777320802.398,202.398,0.26,0.27,0.73,0.74,0.01,0.01,76895.62,1777320801000
1777320802.919,202.919,0.26,0.27,0.73,0.74,0.01,0.01,76895.62,1777320801000
1777320804.066,204.066,0.26,0.27,0.73,0.74,0.01,0.01,76896.5,1777320803000
1777320804.461,204.461,0.26,0.27,0.73,0.74,0.01,0.01,76896.5,1777320803000
1777320804.908,204.908,0.26,0.27,0.73,0.74,0.01,0.01,76896.5,1777320803000
1777320805.294,205.294,0.26,0.27,0.73,0.74,0.01,0.01,76896.5,1777320803000
1777320805.633,205.633,0.25,0.27,0.73,0.74,0.02,0.01,76896.5,1777320803000
1777320805.975,205.975,0.25,0.26,0.74,0.75,0.01,0.01,76896.5,1777320803000
1777320806.478,206.478,0.24,0.25,0.75,0.76,0.01,0.01,76896.6,1777320804000
1777320806.823,206.823,0.24,0.25,0.75,0.76,0.01,0.01,76896.6,1777320804000
1777320807.338,207.338,0.24,0.25,0.75,0.76,0.01,0.01,76896.25,1777320805000
1777320807.789,207.789,0.24,0.25,0.75,0.76,0.01,0.01,76896.25,1777320805000
1777320808.13,208.13,0.24,0.25,0.75,0.76,0.01,0.01,76895.23,1777320806000
1777320809.076,209.076,0.24,0.25,0.75,0.76,0.01,0.01,76895.17,1777320807000
1777320809.563,209.563,0.24,0.25,0.75,0.76,0.01,0.01,76895.17,1777320807000
1777320809.932,209.932,0.24,0.25,0.75,0.76,0.01,0.01,76895.17,1777320807000
1777320810.353,210.353,0.24,0.25,0.75,0.76,0.01,0.01,76895.15,1777320808000
1777320810.727,210.727,0.24,0.25,0.75,0.76,0.01,0.01,76895.15,1777320808000
1777320811.083,211.083,0.24,0.25,0.75,0.76,0.01,0.01,76895.15,1777320808000
1777320811.729,211.729,0.24,0.25,0.75,0.76,0.01,0.01,76895.12,1777320809000
1777320812.081,212.081,0.24,0.25,0.75,0.76,0.01,0.01,76894.93,1777320810000
1777320812.61,212.61,0.24,0.25,0.75,0.76,0.01,0.01,76895.07,1777320811000
1777320812.977,212.977,0.21,0.24,0.76,0.79,0.03,0.03,76895.07,1777320811000
1777320813.329,213.329,0.21,0.22,0.76,0.79,0.01,0.03,76895.13,1777320812000
1777320814.083,214.083,0.21,0.22,0.78,0.79,0.01,0.01,76895.13,1777320813000
1777320814.519,214.519,0.21,0.22,0.78,0.79,0.01,0.01,76895.13,1777320813000
1777320815.179,215.179,0.21,0.22,0.78,0.79,0.01,0.01,76895.13,1777320813000
1777320815.536,215.536,0.19,0.21,0.79,0.81,0.02,0.02,76894.81,1777320814000
1777320815.878,215.878,0.18,0.19,0.81,0.82,0.01,0.01,76894.81,1777320814000
1777320816.215,216.215,0.2,0.21,0.79,0.8,0.01,0.01,76894.81,1777320814000
1777320816.604,216.604,0.21,0.22,0.78,0.79,0.01,0.01,76894.81,1777320815000
1777320817.117,217.117,0.21,0.22,0.78,0.79,0.01,0.01,76894.81,1777320815000
1777320817.588,217.588,0.21,0.22,0.78,0.79,0.01,0.01,76894.81,1777320815000
1777320818.132,218.132,0.21,0.22,0.78,0.79,0.01,0.01,76894.71,1777320816000
1777320818.575,218.575,0.24,0.25,0.77,0.78,0.01,0.01,76894.61,1777320817000
1777320818.977,218.977,0.24,0.25,0.75,0.76,0.01,0.01,76894.61,1777320817000
1777320819.332,219.332,0.24,0.25,0.75,0.76,0.01,0.01,76894.61,1777320817000
1777320819.837,219.837,0.24,0.26,0.75,0.76,0.02,0.01,76894.61,1777320817000
1777320820.291,220.291,0.25,0.26,0.74,0.76,0.01,0.02,76894.39,1777320818000
1777320820.716,220.716,0.25,0.26,0.74,0.75,0.01,0.01,76894.39,1777320818000
1777320821.085,221.085,0.25,0.26,0.74,0.75,0.01,0.01,76896.83,1777320819000
1777320821.48,221.48,0.25,0.26,0.74,0.75,0.01,0.01,76896.83,1777320819000
1777320822.223,222.223,0.25,0.26,0.74,0.75,0.01,0.01,76896.54,1777320820000
1777320823.406,223.406,0.25,0.26,0.74,0.75,0.01,0.01,76896.63,1777320822000
1777320823.783,223.783,0.25,0.26,0.74,0.75,0.01,0.01,76896.63,1777320822000
1777320824.207,224.207,0.24,0.26,0.74,0.75,0.02,0.01,76896.63,1777320822000
1777320824.628,224.628,0.24,0.25,0.75,0.76,0.01,0.01,76896.63,1777320822000
1777320825.116,225.116,0.24,0.25,0.75,0.76,0.01,0.01,76896.73,1777320823000
1777320825.535,225.535,0.24,0.25,0.75,0.76,0.01,0.01,76896.47,1777320824000
1777320826.42,226.42,0.24,0.25,0.75,0.76,0.01,0.01,76896.47,1777320824000
1777320826.847,226.847,0.24,0.25,0.75,0.76,0.01,0.01,76896.13,1777320825000
1777320827.257,227.257,0.24,0.25,0.75,0.76,0.01,0.01,76896.13,1777320826000
1777320828.013,228.013,0.24,0.25,0.75,0.76,0.01,0.01,76896.13,1777320826000
1777320828.418,228.418,0.24,0.25,0.75,0.77,0.01,0.02,76896.13,1777320826000
1777320828.964,228.964,0.24,0.25,0.75,0.76,0.01,0.01,76896.13,1777320827000
1777320829.452,229.452,0.31,0.35,0.67,0.69,0.04,0.02,76896.13,1777320828000
1777320829.828,229.828,0.32,0.34,0.67,0.68,0.02,0.01,76896.13,1777320828000
1777320830.311,230.311,0.33,0.34,0.66,0.67,0.01,0.01,76896.13,1777320828000
1777320830.805,230.805,0.35,0.36,0.65,0.67,0.01,0.02,76896.66,1777320829000
1777320831.184,231.184,0.43,0.45,0.56,0.57,0.02,0.01,76896.66,1777320829000
1777320831.55,231.55,0.42,0.43,0.55,0.58,0.01,0.03,76902.97,1777320830000
1777320831.951,231.951,0.42,0.43,0.57,0.58,0.01,0.01,76902.97,1777320830000
1777320832.348,232.348,0.4,0.41,0.59,0.6,0.01,0.01,76902.97,1777320831000
1777320832.809,232.809,0.4,0.41,0.59,0.6,0.01,0.01,76902.97,1777320831000
1777320833.165,233.165,0.42,0.43,0.57,0.58,0.01,0.01,76902.97,1777320831000
1777320833.502,233.502,0.42,0.43,0.57,0.58,0.01,0.01,76904.28,1777320832000
1777320833.851,233.851,0.4,0.43,0.57,0.59,0.03,0.02,76904.28,1777320832000
1777320834.202,234.202,0.39,0.41,0.59,0.6,0.02,0.01,76904.28,1777320832000
1777320834.635,234.635,0.39,0.4,0.6,0.61,0.01,0.01,76905.63,1777320833000
1777320835.005,235.005,0.39,0.41,0.59,0.61,0.02,0.02,76905.63,1777320834000
1777320835.635,235.635,0.4,0.41,0.59,0.61,0.01,0.02,76905.63,1777320834000
1777320836.043,236.043,0.4,0.41,0.59,0.6,0.01,0.01,76905.63,1777320834000
1777320836.424,236.424,0.4,0.41,0.59,0.6,0.01,0.01,76905.63,1777320835000
1777320836.807,236.807,0.4,0.41,0.59,0.6,0.01,0.01,76905.63,1777320835000
1777320837.186,237.186,0.41,0.42,0.58,0.59,0.01,0.01,76905.63,1777320835000
1777320837.624,237.624,0.41,0.43,0.58,0.59,0.02,0.01,76907.03,1777320836000
1777320838.009,238.009,0.41,0.42,0.57,0.59,0.01,0.02,76907.03,1777320837000
1777320838.372,238.372,0.41,0.42,0.58,0.59,0.01,0.01,76907.03,1777320837000
1777320838.738,238.738,0.41,0.42,0.58,0.59,0.01,0.01,76907.03,1777320837000
1777320839.09,239.09,0.41,0.42,0.58,0.59,0.01,0.01,76906.53,1777320838000
1777320839.55,239.55,0.41,0.42,0.58,0.59,0.01,0.01,76906.53,1777320838000
1777320840.015,240.015,0.41,0.42,0.58,0.59,0.01,0.01,76906.53,1777320838000
1777320840.352,240.352,0.41,0.42,0.58,0.59,0.01,0.01,76907.02,1777320839000
1777320840.78,240.78,0.41,0.42,0.58,0.59,0.01,0.01,76907.02,1777320839000
1777320841.12,241.12,0.41,0.42,0.58,0.59,0.01,0.01,76907.02,1777320839000
1777320841.64,241.64,0.41,0.42,0.58,0.59,0.01,0.01,76907.02,1777320839000
1777320842.042,242.042,0.41,0.42,0.58,0.59,0.01,0.01,76907.02,1777320840000
1777320842.472,242.472,0.4,0.41,0.58,0.59,0.01,0.01,76907.02,1777320840000
1777320842.819,242.819,0.41,0.42,0.58,0.59,0.01,0.01,76907.02,1777320840000
1777320843.156,243.156,0.41,0.42,0.58,0.59,0.01,0.01,76907.02,1777320840000
1777320843.509,243.509,0.41,0.42,0.58,0.59,0.01,0.01,76907.02,1777320840000
1777320844.008,244.008,0.39,0.41,0.58,0.59,0.02,0.01,76907.02,1777320841000
1777320844.404,244.404,0.39,0.4,0.6,0.61,0.01,0.01,76906.52,1777320843000
1777320844.856,244.856,0.38,0.39,0.61,0.62,0.01,0.01,76906.52,1777320843000
1777320845.334,245.334,0.38,0.39,0.61,0.62,0.01,0.01,76906.41,1777320844000
1777320845.725,245.725,0.37,0.38,0.62,0.63,0.01,0.01,76906.41,1777320844000
1777320846.251,246.251,0.37,0.38,0.62,0.63,0.01,0.01,76906.41,1777320844000
1777320846.701,246.701,0.38,0.4,0.6,0.62,0.02,0.02,76906.41,1777320844000
1777320847.092,247.092,0.38,0.39,0.61,0.62,0.01,0.01,76907.02,1777320845000
1777320847.432,247.432,0.37,0.38,0.61,0.63,0.01,0.02,76907.02,1777320845000
1777320847.952,247.952,0.37,0.38,0.62,0.63,0.01,0.01,76907.02,1777320846000
1777320848.77,248.77,0.36,0.37,0.62,0.63,0.01,0.01,76907.02,1777320847000
1777320849.191,249.191,0.38,0.39,0.61,0.63,0.01,0.02,76907.02,1777320847000
1777320849.715,249.715,0.38,0.39,0.61,0.62,0.01,0.01,76907.02,1777320848000
1777320850.134,250.134,0.38,0.39,0.61,0.62,0.01,0.01,76907.02,1777320848000
1777320850.606,250.606,0.37,0.39,0.6,0.62,0.02,0.02,76906.62,1777320849000
1777320851.129,251.129,0.37,0.38,0.62,0.63,0.01,0.01,76906.62,1777320849000
1777320851.519,251.519,0.37,0.38,0.62,0.63,0.01,0.01,76906.26,1777320850000
1777320851.973,251.973,0.37,0.38,0.62,0.63,0.01,0.01,76906.26,1777320850000
1777320852.35,252.35,0.37,0.38,0.62,0.63,0.01,0.01,76906.26,1777320850000
1777320852.817,252.817,0.37,0.38,0.62,0.63,0.01,0.01,76906.26,1777320850000
1777320853.295,253.295,0.37,0.38,0.62,0.63,0.01,0.01,76906.11,1777320851000
1777320853.64,253.64,0.37,0.38,0.62,0.63,0.01,0.01,76906.11,1777320851000
1777320854.114,254.114,0.36,0.38,0.62,0.63,0.02,0.01,76906.96,1777320852000
1777320854.496,254.496,0.36,0.37,0.63,0.64,0.01,0.01,76906.96,1777320853000
1777320854.841,254.841,0.33,0.34,0.66,0.67,0.01,0.01,76906.96,1777320853000
1777320855.231,255.231,0.32,0.33,0.67,0.68,0.01,0.01,76906.96,1777320854000
1777320855.663,255.663,0.29,0.31,0.68,0.7,0.02,0.02,76906.96,1777320854000
1777320856.01,256.01,0.29,0.3,0.7,0.71,0.01,0.01,76906.96,1777320854000
1777320856.392,256.392,0.28,0.3,0.7,0.71,0.02,0.01,76906.96,1777320854000
1777320856.734,256.734,0.28,0.29,0.71,0.72,0.01,0.01,76906.65,1777320855000
1777320857.085,257.085,0.25,0.29,0.71,0.72,0.04,0.01,76906.65,1777320855000
1777320857.432,257.432,0.12,0.13,0.86,0.88,0.01,0.02,76904.27,1777320856000
1777320857.799,257.799,0.12,0.13,0.87,0.89,0.01,0.02,76904.27,1777320856000
1777320858.148,258.148,0.1,0.11,0.88,0.9,0.01,0.02,76904.27,1777320856000
1777320858.574,258.574,0.09,0.1,0.9,0.91,0.01,0.01,76904.27,1777320856000
1777320859.029,259.029,0.09,0.1,0.9,0.91,0.01,0.01,76899.87,1777320857000
1777320859.369,259.369,0.08,0.1,0.91,0.92,0.02,0.01,76899.87,1777320857000
1777320859.729,259.729,0.08,0.09,0.91,0.92,0.01,0.01,76895.62,1777320858000
1777320860.081,260.081,0.08,0.09,0.91,0.92,0.01,0.01,76895.62,1777320858000
1777320860.422,260.422,0.08,0.09,0.91,0.92,0.01,0.01,76893.33,1777320859000
1777320860.775,260.775,0.08,0.09,0.9,0.92,0.01,0.02,76893.33,1777320859000
1777320861.134,261.134,0.09,0.1,0.89,0.92,0.01,0.03,76893.33,1777320859000
1777320861.484,261.484,0.1,0.11,0.89,0.9,0.01,0.01,76893.33,1777320859000
1777320861.858,261.858,0.08,0.11,0.89,0.9,0.03,0.01,76893.33,1777320859000
1777320862.227,262.227,0.08,0.09,0.91,0.92,0.01,0.01,76891.62,1777320860000
1777320862.577,262.577,0.08,0.09,0.91,0.92,0.01,0.01,76891.62,1777320860000
1777320862.966,262.966,0.08,0.09,0.91,0.92,0.01,0.01,76891.43,1777320861000
1777320863.308,263.308,0.11,0.12,0.88,0.89,0.01,0.01,76891.43,1777320862000
1777320863.714,263.714,0.13,0.14,0.86,0.87,0.01,0.01,76891.43,1777320862000
1777320864.1,264.1,0.14,0.15,0.85,0.87,0.01,0.02,76891.43,1777320862000
1777320864.439,264.439,0.14,0.15,0.85,0.86,0.01,0.01,76891.43,1777320862000
1777320864.787,264.787,0.14,0.15,0.85,0.86,0.01,0.01,76891.42,1777320863000
1777320865.135,265.135,0.15,0.16,0.85,0.86,0.01,0.01,76891.42,1777320863000
1777320865.48,265.48,0.15,0.16,0.84,0.85,0.01,0.01,76893.12,1777320864000
1777320865.876,265.876,0.16,0.17,0.84,0.85,0.01,0.01,76893.12,1777320864000
1777320866.287,266.287,0.16,0.17,0.83,0.84,0.01,0.01,76894.84,1777320865000
1777320866.739,266.739,0.16,0.17,0.83,0.84,0.01,0.01,76894.84,1777320865000
1777320867.221,267.221,0.15,0.16,0.82,0.86,0.01,0.04,76894.84,1777320866000
1777320867.575,267.575,0.13,0.14,0.84,0.87,0.01,0.03,76894.84,1777320866000
1777320867.921,267.921,0.13,0.14,0.86,0.87,0.01,0.01,76894.84,1777320866000
1777320868.279,268.279,0.14,0.16,0.82,0.85,0.02,0.03,76894.84,1777320867000
1777320868.624,268.624,0.14,0.15,0.85,0.86,0.01,0.01,76894.84,1777320867000
1777320868.983,268.983,0.13,0.14,0.86,0.87,0.01,0.01,76894.84,1777320867000
1777320869.33,269.33,0.13,0.14,0.86,0.87,0.01,0.01,76894.84,1777320868000
1777320869.671,269.671,0.13,0.14,0.86,0.87,0.01,0.01,76894.84,1777320868000
1777320870.016,270.016,0.11,0.12,0.88,0.89,0.01,0.01,76894.84,1777320868000
1777320870.389,270.389,0.11,0.12,0.88,0.89,0.01,0.01,76894.84,1777320868000
1777320870.805,270.805,0.11,0.12,0.88,0.89,0.01,0.01,76896.48,1777320869000
1777320871.227,271.227,0.1,0.11,0.89,0.9,0.01,0.01,76896.3,1777320870000
1777320871.583,271.583,0.1,0.11,0.89,0.9,0.01,0.01,76896.3,1777320870000
1777320871.982,271.982,0.1,0.12,0.88,0.89,0.02,0.01,76896.3,1777320870000
1777320872.359,272.359,0.1,0.11,0.89,0.9,0.01,0.01,76896.46,1777320871000
1777320872.893,272.893,0.12,0.14,0.86,0.89,0.02,0.03,76896.46,1777320871000
1777320873.229,273.229,0.13,0.14,0.86,0.87,0.01,0.01,76896.46,1777320871000
1777320873.797,273.797,0.12,0.14,0.86,0.87,0.02,0.01,76895.89,1777320872000
1777320874.149,274.149,0.11,0.12,0.87,0.89,0.01,0.02,76895.89,1777320872000
1777320874.598,274.598,0.1,0.11,0.89,0.9,0.01,0.01,76896.8,1777320873000
1777320875.02,275.02,0.1,0.11,0.89,0.9,0.01,0.01,76896.8,1777320873000
1777320875.399,275.399,0.1,0.11,0.89,0.9,0.01,0.01,76898.8,1777320874000
1777320875.837,275.837,0.09,0.1,0.9,0.91,0.01,0.01,76898.8,1777320874000
1777320876.183,276.183,0.09,0.1,0.9,0.91,0.01,0.01,76898.8,1777320874000
1777320876.631,276.631,0.09,0.1,0.9,0.91,0.01,0.01,76898.8,1777320874000
1777320877.003,277.003,0.07,0.08,0.92,0.93,0.01,0.01,76898.9,1777320875000
1777320877.349,277.349,0.05,0.06,0.94,0.95,0.01,0.01,76898.9,1777320875000
1777320877.71,277.71,0.05,0.06,0.94,0.95,0.01,0.01,76898.84,1777320876000
1777320878.182,278.182,0.05,0.06,0.94,0.95,0.01,0.01,76898.46,1777320877000
1777320878.61,278.61,0.05,0.06,0.94,0.95,0.01,0.01,76898.46,1777320877000
1777320878.979,278.979,0.05,0.06,0.94,0.95,0.01,0.01,76898.46,1777320877000
1777320879.358,279.358,0.05,0.06,0.94,0.95,0.01,0.01,76898.46,1777320877000
1777320879.751,279.751,0.04,0.05,0.94,0.95,0.01,0.01,76895.7,1777320878000
1777320880.124,280.124,0.04,0.05,0.95,0.96,0.01,0.01,76895.8,1777320879000
1777320880.466,280.466,0.04,0.05,0.95,0.97,0.01,0.02,76895.8,1777320879000
1777320880.833,280.833,0.03,0.04,0.96,0.97,0.01,0.01,76895.8,1777320879000
1777320881.215,281.215,0.03,0.04,0.96,0.97,0.01,0.01,76895.8,1777320879000
1777320881.598,281.598,0.03,0.04,0.96,0.97,0.01,0.01,76895.9,1777320880000
1777320882.009,282.009,0.03,0.04,0.96,0.97,0.01,0.01,76895.9,1777320880000
1777320882.467,282.467,0.03,0.04,0.96,0.97,0.01,0.01,76895.9,1777320881000
1777320882.949,282.949,0.03,0.04,0.96,0.97,0.01,0.01,76895.9,1777320881000
1777320883.399,283.399,0.03,0.04,0.96,0.97,0.01,0.01,76895.9,1777320882000
1777320883.746,283.746,0.03,0.04,0.96,0.97,0.01,0.01,76895.9,1777320882000
1777320884.248,284.248,0.03,0.04,0.96,0.97,0.01,0.01,76895.8,1777320883000
1777320884.615,284.615,0.04,0.05,0.96,0.97,0.01,0.01,76895.8,1777320883000
1777320885.186,285.186,0.03,0.04,0.95,0.97,0.01,0.02,76895.8,1777320883000
1777320885.553,285.553,0.03,0.04,0.96,0.97,0.01,0.01,76895.8,1777320883000
1777320886.026,286.026,0.03,0.04,0.96,0.97,0.01,0.01,76895.7,1777320884000
1777320886.5,286.5,0.03,0.04,0.96,0.97,0.01,0.01,76895.8,1777320885000
1777320886.975,286.975,0.03,0.04,0.96,0.97,0.01,0.01,76895.8,1777320885000
1777320887.417,287.417,0.02,0.03,0.97,0.98,0.01,0.01,76895.91,1777320886000
1777320887.777,287.777,0.02,0.03,0.96,0.97,0.01,0.01,76895.91,1777320886000
1777320888.156,288.156,0.02,0.04,0.96,0.97,0.02,0.01,76895.91,1777320887000
1777320888.804,288.804,0.02,0.03,0.97,0.98,0.01,0.01,76895.91,1777320887000
1777320889.23,289.23,0.01,0.02,0.97,0.98,0.01,0.01,76895.79,1777320888000
1777320889.59,289.59,0.01,0.02,0.98,0.99,0.01,0.01,76895.79,1777320888000
1777320889.957,289.957,0.01,0.02,0.98,0.99,0.01,0.01,76895.79,1777320888000
1777320890.338,290.338,0.01,0.02,0.98,0.99,0.01,0.01,76895.79,1777320888000
1777320890.681,290.681,0.01,0.02,0.98,0.99,0.01,0.01,76895.91,1777320889000
1777320891.289,291.289,0.01,0.02,0.98,0.99,0.01,0.01,76895.91,1777320890000
1777320891.647,291.647,0.01,0.02,0.98,0.99,0.01,0.01,76895.91,1777320890000
1777320892.053,292.053,0.01,0.02,0.98,0.99,0.01,0.01,76895.91,1777320890000
1777320892.435,292.435,0.01,0.02,0.98,0.99,0.01,0.01,76895.91,1777320890000
1777320892.78,292.78,0.01,0.02,0.98,0.99,0.01,0.01,76895.92,1777320891000
1777320893.184,293.184,0.01,0.02,0.98,0.99,0.01,0.01,76895.92,1777320891000
1777320893.532,293.532,0.01,0.02,0.98,0.99,0.01,0.01,76895.92,1777320891000
1777320893.866,293.866,0.01,0.02,0.98,0.99,0.01,0.01,76895.92,1777320892000
1777320894.263,294.263,0.01,0.02,0.98,0.99,0.01,0.01,76895.92,1777320892000
1777320894.715,294.715,0.01,0.02,0.98,0.99,0.01,0.01,76895.92,1777320893000
1777320895.158,295.158,0.01,0.02,0.98,0.99,0.01,0.01,76895.92,1777320894000
1777320895.544,295.544,0.02,0.03,0.98,0.99,0.01,0.01,76895.92,1777320894000
1777320895.984,295.984,0.01,0.02,0.97,0.99,0.01,0.02,76895.92,1777320894000
1777320896.356,296.356,0.01,0.02,0.98,0.99,0.01,0.01,76894.13,1777320895000
1777320896.69,296.69,0.01,0.02,0.98,0.99,0.01,0.01,76894.13,1777320895000
1777320897.036,297.036,0.01,0.02,0.98,0.99,0.01,0.01,76894.13,1777320895000
1777320897.376,297.376,0.01,0.02,0.98,0.99,0.01,0.01,76894.25,1777320896000
1777320897.723,297.723,0.01,0.02,0.98,0.99,0.01,0.01,76894.25,1777320896000
1777320898.212,298.212,0.01,0.01,0.99,0.99,0.0,0.0,76894.25,1777320896000
1777320898.564,298.564,0.01,0.68,0.99,0.99,0.67,0.0,76895.91,1777320897000
1777320898.907,298.907,0.01,0.01,0.99,0.99,0.0,0.0,76895.91,1777320897000
1777320899.301,299.301,0.01,0.48,0.99,0.99,0.47,0.0,76895.91,1777320897000
1777320899.676,299.676,0.01,0.01,0.5,0.99,0.0,0.49,76897.55,1777320898000
1777320900.083,300.083,0.01,0.01,0.99,0.99,0.0,0.0,76897.55,1777320899000
1777320900.417,300.417,0.01,0.01,0.99,0.99,0.0,0.0,76897.55,1777320899000
1777320900.917,300.917,0.01,0.01,0.99,0.99,0.0,0.0,76897.62,1777320900000
1777320902.005,302.005,0.01,0.01,0.99,0.99,0.0,0.0,76897.59,1777320901000

# RESULT,winner=Down,slug=btc-updown-5m-1777320600,ticks=661
