timestamp,elapsed_sec,up_bid,up_ask,down_bid,down_ask,up_spread,down_spread,btc_price,btc_oracle_ts
1776420600.509,0.509,0.47,0.48,0.51,0.52,0.01,0.01,75741.3,1776420599000
1776420600.906,0.906,0.47,0.48,0.52,0.53,0.01,0.01,75741.15,1776420600000
1776420601.285,1.285,0.49,0.5,0.49,0.51,0.01,0.02,75741.15,1776420600000
1776420601.765,1.765,0.49,0.5,0.5,0.51,0.01,0.01,75741.15,1776420600000
1776420602.142,2.142,0.49,0.5,0.5,0.51,0.01,0.01,75741.15,1776420600000
1776420602.487,2.487,0.49,0.5,0.5,0.51,0.01,0.01,75741.15,1776420600000
1776420602.846,2.846,0.48,0.5,0.5,0.51,0.02,0.01,75736.52,1776420601000
1776420603.275,3.275,0.48,0.49,0.51,0.52,0.01,0.01,75736.52,1776420601000
1776420603.676,3.676,0.47,0.48,0.51,0.53,0.01,0.02,75738.92,1776420602000
1776420604.074,4.074,0.47,0.48,0.52,0.53,0.01,0.01,75738.92,1776420602000
1776420604.449,4.449,0.46,0.47,0.52,0.53,0.01,0.01,75739.4,1776420603000
1776420604.821,4.821,0.46,0.47,0.53,0.54,0.01,0.01,75739.4,1776420603000
1776420605.217,5.217,0.46,0.47,0.53,0.54,0.01,0.01,75739.4,1776420603000
1776420605.553,5.553,0.46,0.47,0.53,0.54,0.01,0.01,75739.4,1776420603000
1776420605.933,5.933,0.46,0.47,0.53,0.54,0.01,0.01,75738.62,1776420604000
1776420606.472,6.472,0.46,0.47,0.53,0.54,0.01,0.01,75735.83,1776420605000
1776420606.824,6.824,0.46,0.47,0.53,0.54,0.01,0.01,75735.83,1776420605000
1776420607.269,7.269,0.46,0.47,0.53,0.54,0.01,0.01,75735.83,1776420605000
1776420607.737,7.737,0.46,0.47,0.53,0.54,0.01,0.01,75735.83,1776420605000
1776420608.087,8.087,0.46,0.47,0.53,0.54,0.01,0.01,75729.79,1776420606000
1776420608.499,8.499,0.46,0.47,0.53,0.54,0.01,0.01,75730.13,1776420607000
1776420608.996,8.996,0.45,0.47,0.53,0.54,0.02,0.01,75730.13,1776420607000
1776420609.456,9.456,0.45,0.46,0.54,0.55,0.01,0.01,75730.13,1776420608000
1776420609.795,9.795,0.45,0.46,0.54,0.55,0.01,0.01,75730.13,1776420608000
1776420610.332,10.332,0.45,0.46,0.54,0.55,0.01,0.01,75730.13,1776420608000
1776420610.668,10.668,0.4,0.41,0.57,0.6,0.01,0.03,75730.24,1776420609000
1776420611.004,11.004,0.38,0.4,0.6,0.61,0.02,0.01,75730.24,1776420609000
1776420611.339,11.339,0.39,0.4,0.6,0.61,0.01,0.01,75730.04,1776420610000
1776420611.678,11.678,0.38,0.39,0.61,0.62,0.01,0.01,75730.04,1776420610000
1776420612.116,12.116,0.38,0.39,0.61,0.62,0.01,0.01,75730.04,1776420610000
1776420612.459,12.459,0.38,0.39,0.61,0.62,0.01,0.01,75730.04,1776420610000
1776420612.82,12.82,0.41,0.42,0.57,0.6,0.01,0.03,75723.79,1776420611000
1776420613.156,13.156,0.44,0.45,0.55,0.56,0.01,0.01,75723.79,1776420611000
1776420613.533,13.533,0.44,0.45,0.55,0.56,0.01,0.01,75717.7,1776420612000
1776420613.878,13.878,0.44,0.45,0.55,0.56,0.01,0.01,75717.7,1776420612000
1776420614.234,14.234,0.42,0.43,0.55,0.58,0.01,0.03,75717.7,1776420612000
1776420614.57,14.57,0.41,0.42,0.58,0.59,0.01,0.01,75719.43,1776420613000
1776420614.91,14.91,0.41,0.42,0.58,0.59,0.01,0.01,75719.43,1776420613000
1776420615.375,15.375,0.41,0.42,0.58,0.59,0.01,0.01,75724.81,1776420614000
1776420615.789,15.789,0.4,0.41,0.58,0.6,0.01,0.02,75724.81,1776420614000
1776420616.27,16.27,0.4,0.41,0.59,0.6,0.01,0.01,75724.81,1776420614000
1776420616.709,16.709,0.4,0.41,0.59,0.6,0.01,0.01,75718.9,1776420615000
1776420617.051,17.051,0.4,0.41,0.59,0.6,0.01,0.01,75718.9,1776420615000
1776420617.531,17.531,0.4,0.41,0.59,0.6,0.01,0.01,75718.9,1776420615000
1776420617.879,17.879,0.4,0.41,0.59,0.6,0.01,0.01,75718.31,1776420616000
1776420618.241,18.241,0.39,0.41,0.59,0.61,0.02,0.02,75717.63,1776420617000
1776420618.588,18.588,0.39,0.4,0.6,0.61,0.01,0.01,75717.63,1776420617000
1776420618.945,18.945,0.39,0.4,0.6,0.61,0.01,0.01,75717.63,1776420617000
1776420619.481,19.481,0.38,0.4,0.6,0.62,0.02,0.02,75718.24,1776420618000
1776420619.858,19.858,0.38,0.39,0.61,0.62,0.01,0.01,75718.24,1776420618000
1776420620.211,20.211,0.38,0.39,0.61,0.62,0.01,0.01,75718.24,1776420618000
1776420620.566,20.566,0.37,0.38,0.62,0.63,0.01,0.01,75714.69,1776420619000
1776420621.003,21.003,0.37,0.38,0.62,0.63,0.01,0.01,75714.69,1776420619000
1776420621.374,21.374,0.35,0.36,0.62,0.64,0.01,0.02,75713.17,1776420620000
1776420621.723,21.723,0.33,0.34,0.66,0.67,0.01,0.01,75713.17,1776420620000
1776420622.09,22.09,0.33,0.34,0.66,0.67,0.01,0.01,75713.17,1776420620000
1776420622.626,22.626,0.33,0.34,0.66,0.67,0.01,0.01,75711.74,1776420621000
1776420623.014,23.014,0.31,0.32,0.66,0.7,0.01,0.04,75711.74,1776420621000
1776420623.364,23.364,0.31,0.32,0.68,0.69,0.01,0.01,75709.09,1776420622000
1776420623.755,23.755,0.31,0.32,0.68,0.69,0.01,0.01,75709.09,1776420622000
1776420624.393,24.393,0.31,0.32,0.68,0.69,0.01,0.01,75709.09,1776420622000
1776420625.153,25.153,0.31,0.32,0.68,0.69,0.01,0.01,75700.78,1776420624000
1776420625.765,25.765,0.31,0.32,0.68,0.69,0.01,0.01,75700.78,1776420624000
1776420626.112,26.112,0.35,0.36,0.64,0.65,0.01,0.01,75700.78,1776420624000
1776420626.45,26.45,0.36,0.37,0.63,0.64,0.01,0.01,75696.63,1776420625000
1776420626.882,26.882,0.36,0.37,0.63,0.64,0.01,0.01,75696.63,1776420625000
1776420627.225,27.225,0.36,0.37,0.63,0.64,0.01,0.01,75697.34,1776420626000
1776420627.612,27.612,0.36,0.37,0.63,0.64,0.01,0.01,75697.34,1776420626000
1776420628.118,28.118,0.35,0.36,0.64,0.65,0.01,0.01,75697.34,1776420626000
1776420628.471,28.471,0.35,0.36,0.64,0.65,0.01,0.01,75707.39,1776420627000
1776420628.848,28.848,0.35,0.36,0.64,0.65,0.01,0.01,75707.39,1776420627000
1776420629.282,29.282,0.34,0.35,0.65,0.66,0.01,0.01,75708.31,1776420628000
1776420629.939,29.939,0.34,0.35,0.65,0.66,0.01,0.01,75708.31,1776420628000
1776420630.307,30.307,0.29,0.31,0.69,0.71,0.02,0.02,75708.31,1776420628000
1776420630.651,30.651,0.29,0.3,0.7,0.71,0.01,0.01,75706.52,1776420629000
1776420631.005,31.005,0.28,0.3,0.7,0.71,0.02,0.01,75706.52,1776420629000
1776420631.366,31.366,0.28,0.29,0.7,0.72,0.01,0.02,75706.52,1776420629000
1776420631.739,31.739,0.27,0.28,0.72,0.73,0.01,0.01,75704.31,1776420630000
1776420632.139,32.139,0.27,0.28,0.72,0.73,0.01,0.01,75704.31,1776420630000
1776420632.695,32.695,0.27,0.28,0.72,0.73,0.01,0.01,75696.27,1776420631000
1776420633.028,33.028,0.22,0.25,0.75,0.77,0.03,0.02,75696.27,1776420631000
1776420633.366,33.366,0.24,0.25,0.75,0.77,0.01,0.02,75696.27,1776420631000
1776420633.714,33.714,0.24,0.25,0.75,0.76,0.01,0.01,75691.48,1776420632000
1776420634.08,34.08,0.24,0.25,0.75,0.76,0.01,0.01,75690.36,1776420633000
1776420634.418,34.418,0.24,0.25,0.75,0.76,0.01,0.01,75690.36,1776420633000
1776420634.863,34.863,0.24,0.25,0.75,0.76,0.01,0.01,75690.36,1776420633000
1776420635.221,35.221,0.24,0.25,0.75,0.76,0.01,0.01,75690.36,1776420633000
1776420635.634,35.634,0.24,0.25,0.75,0.76,0.01,0.01,75682.27,1776420634000
1776420635.971,35.971,0.24,0.25,0.75,0.76,0.01,0.01,75682.27,1776420634000
1776420636.315,36.315,0.24,0.25,0.75,0.76,0.01,0.01,75682.27,1776420634000
1776420636.707,36.707,0.24,0.25,0.75,0.76,0.01,0.01,75682.27,1776420634000
1776420637.043,37.043,0.25,0.26,0.74,0.75,0.01,0.01,75682.27,1776420634000
1776420637.39,37.39,0.25,0.26,0.74,0.75,0.01,0.01,75679.33,1776420635000
1776420637.801,37.801,0.25,0.26,0.74,0.75,0.01,0.01,75680.29,1776420636000
1776420638.135,38.135,0.25,0.27,0.74,0.75,0.02,0.01,75680.29,1776420636000
1776420638.471,38.471,0.27,0.28,0.72,0.73,0.01,0.01,75681.97,1776420637000
1776420638.955,38.955,0.28,0.29,0.71,0.72,0.01,0.01,75681.97,1776420637000
1776420639.406,39.406,0.28,0.29,0.71,0.72,0.01,0.01,75682.86,1776420638000
1776420640.127,40.127,0.28,0.29,0.71,0.72,0.01,0.01,75682.86,1776420638000
1776420640.735,40.735,0.28,0.29,0.71,0.72,0.01,0.01,75688.81,1776420639000
1776420641.116,41.116,0.28,0.29,0.71,0.72,0.01,0.01,75688.81,1776420639000
1776420641.529,41.529,0.28,0.29,0.71,0.72,0.01,0.01,75689.41,1776420640000
1776420641.993,41.993,0.28,0.29,0.71,0.72,0.01,0.01,75689.41,1776420640000
1776420642.354,42.354,0.28,0.29,0.71,0.72,0.01,0.01,75689.51,1776420641000
1776420642.888,42.888,0.28,0.29,0.71,0.72,0.01,0.01,75689.51,1776420641000
1776420643.244,43.244,0.28,0.29,0.71,0.72,0.01,0.01,75689.51,1776420641000
1776420643.713,43.713,0.28,0.29,0.71,0.72,0.01,0.01,75689.98,1776420642000
1776420644.252,44.252,0.31,0.32,0.68,0.7,0.01,0.02,75690.02,1776420643000
1776420644.632,44.632,0.31,0.32,0.68,0.69,0.01,0.01,75690.02,1776420643000
1776420644.967,44.967,0.31,0.32,0.68,0.69,0.01,0.01,75690.02,1776420643000
1776420645.404,45.404,0.31,0.32,0.68,0.69,0.01,0.01,75690.29,1776420644000
1776420646.023,46.023,0.31,0.32,0.68,0.69,0.01,0.01,75693.93,1776420645000
1776420646.474,46.474,0.31,0.32,0.68,0.69,0.01,0.01,75693.93,1776420645000
1776420646.95,46.95,0.31,0.32,0.68,0.69,0.01,0.01,75693.93,1776420645000
1776420647.311,47.311,0.31,0.32,0.68,0.69,0.01,0.01,75698.36,1776420646000
1776420648.048,48.048,0.31,0.32,0.68,0.69,0.01,0.01,75698.36,1776420646000
1776420648.391,48.391,0.31,0.32,0.68,0.69,0.01,0.01,75698.26,1776420647000
1776420648.749,48.749,0.31,0.32,0.68,0.69,0.01,0.01,75698.26,1776420647000
1776420649.222,49.222,0.32,0.33,0.67,0.69,0.01,0.02,75698.26,1776420648000
1776420649.565,49.565,0.31,0.33,0.67,0.68,0.02,0.01,75698.26,1776420648000
1776420650.07,50.07,0.31,0.33,0.67,0.69,0.02,0.02,75698.19,1776420649000
1776420650.467,50.467,0.3,0.31,0.68,0.7,0.01,0.02,75698.19,1776420649000
1776420650.879,50.879,0.3,0.31,0.69,0.7,0.01,0.01,75698.19,1776420649000
1776420651.241,51.241,0.29,0.3,0.69,0.71,0.01,0.02,75698.19,1776420649000
1776420651.669,51.669,0.24,0.28,0.72,0.76,0.04,0.04,75698.19,1776420649000
1776420652.218,52.218,0.25,0.26,0.74,0.75,0.01,0.01,75699.05,1776420650000
1776420652.731,52.731,0.25,0.26,0.74,0.75,0.01,0.01,75698.22,1776420651000
1776420653.145,53.145,0.25,0.26,0.74,0.75,0.01,0.01,75697.27,1776420652000
1776420653.519,53.519,0.25,0.26,0.74,0.75,0.01,0.01,75697.27,1776420652000
1776420653.913,53.913,0.25,0.26,0.74,0.75,0.01,0.01,75697.27,1776420652000
1776420654.719,54.719,0.25,0.26,0.74,0.75,0.01,0.01,75688.0,1776420653000
1776420655.074,55.074,0.25,0.26,0.74,0.75,0.01,0.01,75688.0,1776420653000
1776420655.415,55.415,0.25,0.26,0.74,0.75,0.01,0.01,75686.23,1776420654000
1776420655.891,55.891,0.25,0.26,0.74,0.75,0.01,0.01,75686.23,1776420654000
1776420656.265,56.265,0.24,0.25,0.75,0.76,0.01,0.01,75686.23,1776420654000
1776420656.639,56.639,0.23,0.25,0.75,0.76,0.02,0.01,75685.78,1776420655000
1776420656.978,56.978,0.23,0.24,0.76,0.77,0.01,0.01,75685.78,1776420655000
1776420657.691,57.691,0.23,0.24,0.76,0.77,0.01,0.01,75685.71,1776420656000
1776420658.097,58.097,0.23,0.24,0.76,0.77,0.01,0.01,75685.71,1776420656000
1776420658.621,58.621,0.23,0.24,0.76,0.77,0.01,0.01,75682.26,1776420657000
1776420659.282,59.282,0.23,0.24,0.76,0.77,0.01,0.01,75682.02,1776420658000
1776420659.735,59.735,0.24,0.25,0.75,0.76,0.01,0.01,75682.02,1776420658000
1776420660.081,60.081,0.24,0.25,0.75,0.76,0.01,0.01,75682.02,1776420658000
1776420660.428,60.428,0.24,0.25,0.75,0.76,0.01,0.01,75681.89,1776420659000
1776420660.771,60.771,0.24,0.25,0.75,0.76,0.01,0.01,75681.89,1776420659000
1776420661.107,61.107,0.24,0.25,0.75,0.76,0.01,0.01,75683.43,1776420660000
1776420661.444,61.444,0.24,0.25,0.75,0.76,0.01,0.01,75683.43,1776420660000
1776420661.863,61.863,0.24,0.25,0.75,0.76,0.01,0.01,75683.43,1776420660000
1776420662.542,62.542,0.24,0.25,0.75,0.76,0.01,0.01,75684.78,1776420661000
1776420662.937,62.937,0.23,0.25,0.75,0.76,0.02,0.01,75684.78,1776420661000
1776420663.315,63.315,0.22,0.23,0.77,0.78,0.01,0.01,75684.78,1776420661000
1776420663.716,63.716,0.22,0.23,0.77,0.78,0.01,0.01,75684.82,1776420662000
1776420664.096,64.096,0.22,0.23,0.77,0.78,0.01,0.01,75684.82,1776420662000
1776420664.435,64.435,0.22,0.23,0.77,0.78,0.01,0.01,75684.76,1776420663000
1776420664.883,64.883,0.22,0.23,0.77,0.78,0.01,0.01,75684.76,1776420663000
1776420665.271,65.271,0.22,0.23,0.77,0.78,0.01,0.01,75683.26,1776420664000
1776420665.64,65.64,0.24,0.25,0.75,0.78,0.01,0.03,75683.26,1776420664000
1776420665.979,65.979,0.24,0.25,0.75,0.76,0.01,0.01,75683.26,1776420664000
1776420666.433,66.433,0.25,0.26,0.74,0.75,0.01,0.01,75683.26,1776420664000
1776420666.8,66.8,0.25,0.26,0.74,0.75,0.01,0.01,75680.32,1776420665000
1776420667.24,67.24,0.25,0.26,0.74,0.75,0.01,0.01,75681.87,1776420666000
1776420667.669,67.669,0.25,0.26,0.74,0.75,0.01,0.01,75681.87,1776420666000
1776420668.069,68.069,0.25,0.26,0.74,0.75,0.01,0.01,75681.87,1776420666000
1776420668.532,68.532,0.25,0.26,0.74,0.75,0.01,0.01,75681.87,1776420666000
1776420668.938,68.938,0.26,0.27,0.73,0.75,0.01,0.02,75686.24,1776420667000
1776420669.343,69.343,0.26,0.27,0.73,0.74,0.01,0.01,75686.32,1776420668000
1776420669.694,69.694,0.26,0.27,0.73,0.74,0.01,0.01,75686.32,1776420668000
1776420670.044,70.044,0.26,0.27,0.73,0.74,0.01,0.01,75686.32,1776420668000
1776420670.426,70.426,0.26,0.27,0.73,0.74,0.01,0.01,75686.32,1776420668000
1776420670.904,70.904,0.26,0.27,0.73,0.74,0.01,0.01,75686.96,1776420669000
1776420671.281,71.281,0.26,0.27,0.73,0.74,0.01,0.01,75687.13,1776420670000
1776420671.664,71.664,0.25,0.27,0.73,0.74,0.02,0.01,75687.13,1776420670000
1776420672.05,72.05,0.25,0.26,0.74,0.75,0.01,0.01,75687.13,1776420670000
1776420672.406,72.406,0.25,0.26,0.74,0.75,0.01,0.01,75687.13,1776420671000
1776420672.762,72.762,0.23,0.26,0.74,0.75,0.03,0.01,75687.13,1776420671000
1776420673.096,73.096,0.23,0.24,0.76,0.77,0.01,0.01,75687.13,1776420672000
1776420673.454,73.454,0.19,0.2,0.79,0.82,0.01,0.03,75687.13,1776420672000
1776420673.805,73.805,0.18,0.19,0.81,0.82,0.01,0.01,75687.13,1776420672000
1776420674.303,74.303,0.17,0.18,0.82,0.83,0.01,0.01,75687.13,1776420672000
1776420674.725,74.725,0.15,0.16,0.84,0.85,0.01,0.01,75684.91,1776420673000
1776420675.065,75.065,0.15,0.16,0.84,0.85,0.01,0.01,75676.98,1776420674000
1776420675.474,75.474,0.15,0.16,0.84,0.85,0.01,0.01,75676.98,1776420674000
1776420675.922,75.922,0.15,0.16,0.84,0.85,0.01,0.01,75676.98,1776420674000
1776420676.255,76.255,0.2,0.21,0.79,0.8,0.01,0.01,75676.98,1776420674000
1776420676.603,76.603,0.17,0.2,0.8,0.83,0.03,0.03,75676.98,1776420674000
1776420677.009,77.009,0.17,0.2,0.8,0.82,0.03,0.02,75676.98,1776420674000
1776420677.521,77.521,0.17,0.18,0.82,0.83,0.01,0.01,75676.98,1776420674000
1776420678.103,78.103,0.17,0.18,0.82,0.83,0.01,0.01,75676.98,1776420674000
1776420678.448,78.448,0.17,0.18,0.82,0.83,0.01,0.01,75676.98,1776420674000
1776420678.866,78.866,0.17,0.18,0.82,0.83,0.01,0.01,75676.98,1776420674000
1776420679.311,79.311,0.17,0.18,0.82,0.83,0.01,0.01,75676.98,1776420674000
1776420679.958,79.958,0.17,0.18,0.82,0.83,0.01,0.01,75676.98,1776420674000
1776420680.298,80.298,0.17,0.18,0.82,0.83,0.01,0.01,75676.98,1776420674000
1776420680.633,80.633,0.16,0.17,0.83,0.84,0.01,0.01,75676.98,1776420674000
1776420681.325,81.325,0.18,0.19,0.83,0.84,0.01,0.01,75676.98,1776420674000
1776420681.794,81.794,0.19,0.2,0.8,0.81,0.01,0.01,75676.98,1776420674000
1776420682.408,82.408,0.19,0.2,0.8,0.81,0.01,0.01,75676.98,1776420674000
1776420682.864,82.864,0.19,0.2,0.8,0.81,0.01,0.01,75676.98,1776420674000
1776420683.294,83.294,0.19,0.21,0.8,0.81,0.02,0.01,75676.98,1776420674000
1776420683.846,83.846,0.19,0.21,0.79,0.81,0.02,0.02,75669.05,1776420682000
1776420684.318,84.318,0.2,0.21,0.79,0.8,0.01,0.01,75669.48,1776420683000
1776420684.95,84.95,0.18,0.21,0.79,0.8,0.03,0.01,75669.48,1776420683000
1776420685.324,85.324,0.19,0.2,0.8,0.81,0.01,0.01,75672.14,1776420684000
1776420685.721,85.721,0.18,0.19,0.81,0.82,0.01,0.01,75672.14,1776420684000
1776420686.101,86.101,0.18,0.19,0.81,0.82,0.01,0.01,75672.14,1776420684000
1776420686.458,86.458,0.18,0.19,0.81,0.82,0.01,0.01,75672.14,1776420684000
1776420687.063,87.063,0.18,0.19,0.81,0.82,0.01,0.01,75672.07,1776420686000
1776420687.581,87.581,0.18,0.19,0.81,0.82,0.01,0.01,75672.07,1776420686000
1776420688.146,88.146,0.18,0.19,0.81,0.82,0.01,0.01,75672.07,1776420686000
1776420688.704,88.704,0.18,0.19,0.81,0.82,0.01,0.01,75671.77,1776420687000
1776420689.1,89.1,0.18,0.19,0.81,0.82,0.01,0.01,75671.77,1776420687000
1776420689.468,89.468,0.18,0.19,0.81,0.82,0.01,0.01,75671.77,1776420688000
1776420689.84,89.84,0.18,0.19,0.81,0.82,0.01,0.01,75671.77,1776420688000
1776420690.265,90.265,0.18,0.19,0.81,0.82,0.01,0.01,75671.91,1776420689000
1776420690.646,90.646,0.16,0.17,0.83,0.84,0.01,0.01,75671.91,1776420689000
1776420690.989,90.989,0.15,0.16,0.84,0.85,0.01,0.01,75671.91,1776420689000
1776420691.333,91.333,0.15,0.16,0.84,0.85,0.01,0.01,75673.22,1776420690000
1776420691.677,91.677,0.16,0.17,0.83,0.84,0.01,0.01,75673.22,1776420690000
1776420692.033,92.033,0.16,0.17,0.83,0.84,0.01,0.01,75673.22,1776420690000
1776420692.497,92.497,0.16,0.17,0.83,0.84,0.01,0.01,75671.35,1776420691000
1776420692.968,92.968,0.16,0.17,0.83,0.84,0.01,0.01,75671.35,1776420691000
1776420693.389,93.389,0.16,0.17,0.83,0.84,0.01,0.01,75668.16,1776420692000
1776420693.944,93.944,0.16,0.17,0.83,0.84,0.01,0.01,75668.16,1776420693000
1776420694.336,94.336,0.16,0.17,0.83,0.84,0.01,0.01,75668.16,1776420693000
1776420694.722,94.722,0.16,0.17,0.83,0.84,0.01,0.01,75668.16,1776420693000
1776420695.354,95.354,0.16,0.17,0.83,0.84,0.01,0.01,75668.54,1776420694000
1776420695.753,95.753,0.16,0.17,0.83,0.84,0.01,0.01,75668.54,1776420694000
1776420696.491,96.491,0.16,0.17,0.83,0.84,0.01,0.01,75668.48,1776420695000
1776420697.021,97.021,0.17,0.18,0.82,0.84,0.01,0.02,75668.48,1776420695000
1776420697.484,97.484,0.17,0.18,0.82,0.83,0.01,0.01,75669.0,1776420696000
1776420697.829,97.829,0.17,0.19,0.81,0.83,0.02,0.02,75669.0,1776420696000
1776420698.342,98.342,0.17,0.18,0.81,0.83,0.01,0.02,75669.06,1776420697000
1776420698.826,98.826,0.17,0.18,0.82,0.83,0.01,0.01,75669.06,1776420697000
1776420699.517,99.517,0.17,0.18,0.82,0.83,0.01,0.01,75671.75,1776420698000
1776420700.077,100.077,0.17,0.18,0.82,0.83,0.01,0.01,75671.75,1776420698000
1776420700.449,100.449,0.15,0.17,0.83,0.84,0.02,0.01,75673.13,1776420699000
1776420700.838,100.838,0.14,0.17,0.83,0.84,0.03,0.01,75673.13,1776420699000
1776420701.18,101.18,0.14,0.15,0.85,0.86,0.01,0.01,75673.13,1776420699000
1776420701.604,101.604,0.13,0.14,0.85,0.87,0.01,0.02,75673.01,1776420700000
1776420702.001,102.001,0.13,0.14,0.86,0.87,0.01,0.01,75673.01,1776420700000
1776420702.355,102.355,0.11,0.12,0.87,0.89,0.01,0.02,75670.53,1776420701000
1776420702.703,102.703,0.1,0.11,0.89,0.9,0.01,0.01,75670.53,1776420701000
1776420703.041,103.041,0.1,0.11,0.89,0.91,0.01,0.02,75670.53,1776420701000
1776420703.406,103.406,0.09,0.1,0.9,0.91,0.01,0.01,75670.53,1776420701000
1776420703.739,103.739,0.09,0.1,0.9,0.91,0.01,0.01,75666.76,1776420702000
1776420704.219,104.219,0.09,0.1,0.9,0.91,0.01,0.01,75666.76,1776420702000
1776420704.558,104.558,0.09,0.1,0.9,0.91,0.01,0.01,75650.44,1776420703000
1776420704.935,104.935,0.09,0.1,0.9,0.91,0.01,0.01,75650.44,1776420703000
1776420705.302,105.302,0.09,0.1,0.9,0.91,0.01,0.01,75650.44,1776420703000
1776420705.659,105.659,0.09,0.1,0.9,0.91,0.01,0.01,75639.75,1776420704000
1776420705.995,105.995,0.12,0.14,0.86,0.88,0.02,0.02,75639.75,1776420704000
1776420706.36,106.36,0.14,0.15,0.85,0.86,0.01,0.01,75639.75,1776420704000
1776420706.735,106.735,0.14,0.15,0.85,0.86,0.01,0.01,75641.22,1776420705000
1776420707.156,107.156,0.14,0.15,0.85,0.86,0.01,0.01,75642.55,1776420706000
1776420707.616,107.616,0.14,0.15,0.85,0.86,0.01,0.01,75642.55,1776420706000
1776420707.974,107.974,0.13,0.15,0.85,0.86,0.02,0.01,75642.55,1776420706000
1776420708.387,108.387,0.14,0.15,0.85,0.86,0.01,0.01,75658.72,1776420707000
1776420708.724,108.724,0.14,0.15,0.85,0.86,0.01,0.01,75658.72,1776420707000
1776420709.154,109.154,0.14,0.15,0.85,0.86,0.01,0.01,75658.72,1776420707000
1776420709.684,109.684,0.14,0.15,0.85,0.86,0.01,0.01,75659.97,1776420708000
1776420710.362,110.362,0.14,0.15,0.85,0.86,0.01,0.01,75659.97,1776420708000
1776420711.046,111.046,0.14,0.15,0.85,0.86,0.01,0.01,75659.17,1776420709000
1776420711.454,111.454,0.14,0.15,0.85,0.86,0.01,0.01,75659.17,1776420709000
1776420711.797,111.797,0.14,0.15,0.85,0.86,0.01,0.01,75660.35,1776420710000
1776420712.213,112.213,0.14,0.15,0.85,0.86,0.01,0.01,75660.74,1776420711000
1776420712.557,112.557,0.12,0.14,0.86,0.88,0.02,0.02,75660.74,1776420711000
1776420713.218,113.218,0.11,0.12,0.88,0.89,0.01,0.01,75660.74,1776420711000
1776420713.607,113.607,0.11,0.12,0.88,0.89,0.01,0.01,75660.74,1776420711000
1776420713.943,113.943,0.11,0.12,0.88,0.89,0.01,0.01,75659.91,1776420712000
1776420714.86,114.86,0.11,0.12,0.88,0.89,0.01,0.01,75659.04,1776420713000
1776420715.324,115.324,0.11,0.12,0.88,0.89,0.01,0.01,75655.05,1776420714000
1776420715.685,115.685,0.11,0.15,0.88,0.89,0.04,0.01,75655.05,1776420714000
1776420716.242,116.242,0.11,0.12,0.85,0.89,0.01,0.04,75655.05,1776420714000
1776420716.688,116.688,0.11,0.13,0.88,0.89,0.02,0.01,75655.05,1776420714000
1776420717.045,117.045,0.11,0.12,0.88,0.89,0.01,0.01,75653.46,1776420715000
1776420717.378,117.378,0.11,0.12,0.88,0.89,0.01,0.01,75652.79,1776420716000
1776420717.753,117.753,0.1,0.11,0.88,0.9,0.01,0.02,75652.79,1776420716000
1776420718.283,118.283,0.1,0.11,0.89,0.9,0.01,0.01,75652.79,1776420716000
1776420718.706,118.706,0.11,0.12,0.88,0.89,0.01,0.01,75651.94,1776420717000
1776420719.041,119.041,0.1,0.11,0.89,0.9,0.01,0.01,75651.81,1776420718000
1776420719.436,119.436,0.1,0.11,0.89,0.9,0.01,0.01,75651.81,1776420718000
1776420719.84,119.84,0.1,0.11,0.89,0.9,0.01,0.01,75651.81,1776420718000
1776420720.253,120.253,0.1,0.11,0.89,0.9,0.01,0.01,75644.5,1776420719000
1776420720.631,120.631,0.09,0.11,0.89,0.9,0.02,0.01,75644.5,1776420719000
1776420721.15,121.15,0.08,0.09,0.91,0.92,0.01,0.01,75644.5,1776420719000
1776420721.6,121.6,0.08,0.09,0.91,0.92,0.01,0.01,75640.91,1776420720000
1776420721.956,121.956,0.08,0.09,0.91,0.92,0.01,0.01,75640.91,1776420720000
1776420722.323,122.323,0.08,0.09,0.91,0.92,0.01,0.01,75637.26,1776420721000
1776420722.808,122.808,0.08,0.09,0.91,0.92,0.01,0.01,75637.26,1776420721000
1776420723.385,123.385,0.08,0.09,0.91,0.92,0.01,0.01,75637.26,1776420721000
1776420723.8,123.8,0.08,0.09,0.91,0.92,0.01,0.01,75628.74,1776420722000
1776420724.327,124.327,0.08,0.09,0.91,0.92,0.01,0.01,75628.68,1776420723000
1776420724.719,124.719,0.08,0.09,0.91,0.92,0.01,0.01,75628.68,1776420723000
1776420725.061,125.061,0.08,0.09,0.91,0.92,0.01,0.01,75628.68,1776420723000
1776420725.874,125.874,0.07,0.08,0.91,0.93,0.01,0.02,75628.78,1776420724000
1776420726.243,126.243,0.07,0.08,0.92,0.93,0.01,0.01,75629.55,1776420725000
1776420726.71,126.71,0.07,0.08,0.92,0.93,0.01,0.01,75629.55,1776420725000
1776420727.046,127.046,0.07,0.08,0.92,0.93,0.01,0.01,75629.55,1776420725000
1776420727.406,127.406,0.07,0.08,0.92,0.93,0.01,0.01,75629.55,1776420725000
1776420727.766,127.766,0.07,0.09,0.92,0.93,0.02,0.01,75629.55,1776420725000
1776420728.105,128.105,0.08,0.1,0.91,0.92,0.02,0.01,75629.55,1776420725000
1776420728.638,128.638,0.09,0.1,0.9,0.91,0.01,0.01,75628.83,1776420727000
1776420729.052,129.052,0.09,0.1,0.9,0.91,0.01,0.01,75628.83,1776420727000
1776420729.623,129.623,0.09,0.1,0.9,0.91,0.01,0.01,75628.83,1776420727000
1776420730.256,130.256,0.09,0.1,0.9,0.91,0.01,0.01,75634.56,1776420729000
1776420730.604,130.604,0.09,0.1,0.9,0.91,0.01,0.01,75634.56,1776420729000
1776420731.679,131.679,0.09,0.1,0.9,0.91,0.01,0.01,75637.24,1776420730000
1776420732.203,132.203,0.09,0.1,0.9,0.91,0.01,0.01,75637.2,1776420731000
1776420733.123,133.123,0.09,0.1,0.9,0.91,0.01,0.01,75637.2,1776420731000
1776420733.677,133.677,0.09,0.1,0.9,0.91,0.01,0.01,75636.95,1776420732000
1776420734.308,134.308,0.09,0.1,0.9,0.91,0.01,0.01,75636.38,1776420733000
1776420734.785,134.785,0.09,0.1,0.9,0.91,0.01,0.01,75636.38,1776420733000
1776420735.261,135.261,0.08,0.09,0.9,0.92,0.01,0.02,75636.38,1776420733000
1776420735.795,135.795,0.08,0.09,0.91,0.92,0.01,0.01,75640.99,1776420734000
1776420736.133,136.133,0.08,0.09,0.91,0.92,0.01,0.01,75637.93,1776420735000
1776420736.5,136.5,0.08,0.09,0.91,0.92,0.01,0.01,75637.93,1776420735000
1776420736.836,136.836,0.08,0.09,0.91,0.92,0.01,0.01,75637.93,1776420735000
1776420737.194,137.194,0.07,0.08,0.92,0.93,0.01,0.01,75637.93,1776420735000
1776420737.532,137.532,0.07,0.08,0.92,0.93,0.01,0.01,75637.85,1776420736000
1776420737.887,137.887,0.07,0.08,0.92,0.93,0.01,0.01,75637.85,1776420736000
1776420738.234,138.234,0.07,0.08,0.92,0.93,0.01,0.01,75637.85,1776420736000
1776420738.618,138.618,0.06,0.07,0.92,0.94,0.01,0.02,75637.71,1776420737000
1776420739.073,139.073,0.06,0.07,0.93,0.94,0.01,0.01,75637.71,1776420737000
1776420739.454,139.454,0.06,0.07,0.93,0.94,0.01,0.01,75637.71,1776420737000
1776420740.089,140.089,0.06,0.07,0.93,0.94,0.01,0.01,75632.35,1776420738000
1776420740.527,140.527,0.06,0.07,0.93,0.94,0.01,0.01,75630.38,1776420739000
1776420741.188,141.188,0.07,0.08,0.92,0.93,0.01,0.01,75630.38,1776420739000
1776420741.659,141.659,0.06,0.07,0.93,0.94,0.01,0.01,75627.68,1776420740000
1776420742.027,142.027,0.06,0.07,0.93,0.94,0.01,0.01,75627.68,1776420740000
1776420742.575,142.575,0.06,0.07,0.93,0.94,0.01,0.01,75627.31,1776420741000
1776420743.095,143.095,0.07,0.08,0.92,0.94,0.01,0.02,75627.31,1776420741000
1776420743.444,143.444,0.07,0.08,0.92,0.93,0.01,0.01,75627.31,1776420741000
1776420743.931,143.931,0.07,0.08,0.92,0.93,0.01,0.01,75625.28,1776420742000
1776420744.288,144.288,0.05,0.06,0.94,0.95,0.01,0.01,75625.28,1776420742000
1776420744.743,144.743,0.05,0.06,0.94,0.95,0.01,0.01,75624.88,1776420743000
1776420745.293,145.293,0.05,0.06,0.94,0.95,0.01,0.01,75624.88,1776420743000
1776420745.66,145.66,0.05,0.06,0.94,0.95,0.01,0.01,75624.92,1776420744000
1776420746.455,146.455,0.05,0.08,0.94,0.95,0.03,0.01,75623.25,1776420745000
1776420746.794,146.794,0.07,0.08,0.92,0.93,0.01,0.01,75623.25,1776420745000
1776420747.211,147.211,0.06,0.08,0.92,0.93,0.02,0.01,75620.38,1776420746000
1776420747.633,147.633,0.06,0.07,0.93,0.94,0.01,0.01,75620.38,1776420746000
1776420748.035,148.035,0.07,0.08,0.92,0.93,0.01,0.01,75623.6,1776420747000
1776420748.39,148.39,0.07,0.08,0.92,0.93,0.01,0.01,75623.6,1776420747000
1776420748.793,148.793,0.06,0.08,0.92,0.93,0.02,0.01,75623.6,1776420747000
1776420749.174,149.174,0.06,0.07,0.93,0.94,0.01,0.01,75624.42,1776420748000
1776420749.53,149.53,0.06,0.07,0.93,0.94,0.01,0.01,75624.42,1776420748000
1776420750.016,150.016,0.06,0.07,0.93,0.94,0.01,0.01,75624.42,1776420748000
1776420750.46,150.46,0.06,0.07,0.93,0.94,0.01,0.01,75625.0,1776420749000
1776420750.973,150.973,0.05,0.07,0.93,0.94,0.02,0.01,75625.0,1776420749000
1776420751.309,151.309,0.06,0.08,0.93,0.95,0.02,0.02,75626.99,1776420750000
1776420751.642,151.642,0.07,0.08,0.92,0.93,0.01,0.01,75626.99,1776420750000
1776420751.995,151.995,0.07,0.08,0.92,0.93,0.01,0.01,75626.99,1776420750000
1776420752.349,152.349,0.07,0.08,0.92,0.93,0.01,0.01,75625.13,1776420751000
1776420752.775,152.775,0.07,0.08,0.92,0.93,0.01,0.01,75625.13,1776420751000
1776420753.119,153.119,0.08,0.09,0.91,0.93,0.01,0.02,75625.13,1776420751000
1776420753.636,153.636,0.08,0.09,0.91,0.92,0.01,0.01,75633.77,1776420752000
1776420754.033,154.033,0.08,0.09,0.91,0.92,0.01,0.01,75633.77,1776420752000
1776420754.376,154.376,0.1,0.11,0.89,0.9,0.01,0.01,75633.77,1776420752000
1776420754.765,154.765,0.1,0.11,0.89,0.92,0.01,0.03,75636.15,1776420753000
1776420755.255,155.255,0.12,0.13,0.87,0.9,0.01,0.03,75637.4,1776420754000
1776420755.798,155.798,0.12,0.13,0.87,0.88,0.01,0.01,75637.4,1776420754000
1776420756.304,156.304,0.11,0.12,0.88,0.89,0.01,0.01,75644.29,1776420755000
1776420756.808,156.808,0.11,0.12,0.88,0.89,0.01,0.01,75644.29,1776420755000
1776420757.172,157.172,0.1,0.11,0.88,0.89,0.01,0.01,75644.29,1776420755000
1776420757.546,157.546,0.1,0.11,0.89,0.9,0.01,0.01,75649.07,1776420756000
1776420757.901,157.901,0.1,0.11,0.89,0.9,0.01,0.01,75649.07,1776420756000
1776420758.346,158.346,0.1,0.11,0.89,0.9,0.01,0.01,75648.51,1776420757000
1776420758.71,158.71,0.1,0.11,0.89,0.9,0.01,0.01,75648.51,1776420757000
1776420759.327,159.327,0.1,0.11,0.89,0.9,0.01,0.01,75649.35,1776420758000
1776420759.702,159.702,0.1,0.11,0.89,0.9,0.01,0.01,75649.35,1776420758000
1776420760.336,160.336,0.08,0.09,0.91,0.92,0.01,0.01,75651.76,1776420759000
1776420760.678,160.678,0.06,0.09,0.91,0.94,0.03,0.03,75651.76,1776420759000
1776420761.022,161.022,0.05,0.06,0.94,0.95,0.01,0.01,75651.76,1776420759000
1776420761.361,161.361,0.05,0.06,0.94,0.95,0.01,0.01,75651.76,1776420759000
1776420761.701,161.701,0.05,0.06,0.94,0.95,0.01,0.01,75650.28,1776420760000
1776420762.052,162.052,0.05,0.06,0.94,0.95,0.01,0.01,75650.28,1776420760000
1776420762.463,162.463,0.05,0.06,0.94,0.95,0.01,0.01,75646.11,1776420761000
1776420762.857,162.857,0.05,0.06,0.94,0.95,0.01,0.01,75646.11,1776420761000
1776420763.254,163.254,0.06,0.07,0.94,0.95,0.01,0.01,75646.11,1776420761000
1776420763.719,163.719,0.06,0.07,0.93,0.94,0.01,0.01,75631.77,1776420762000
1776420764.124,164.124,0.07,0.08,0.92,0.94,0.01,0.02,75631.77,1776420762000
1776420764.778,164.778,0.07,0.08,0.92,0.93,0.01,0.01,75630.76,1776420763000
1776420765.287,165.287,0.07,0.08,0.92,0.93,0.01,0.01,75632.5,1776420764000
1776420765.742,165.742,0.07,0.08,0.92,0.93,0.01,0.01,75632.5,1776420764000
1776420766.187,166.187,0.07,0.08,0.92,0.93,0.01,0.01,75632.5,1776420764000
1776420766.52,166.52,0.07,0.08,0.92,0.93,0.01,0.01,75638.01,1776420765000
1776420766.982,166.982,0.07,0.08,0.92,0.93,0.01,0.01,75638.01,1776420765000
1776420767.4,167.4,0.07,0.08,0.92,0.93,0.01,0.01,75637.68,1776420766000
1776420767.97,167.97,0.07,0.08,0.92,0.93,0.01,0.01,75637.68,1776420766000
1776420768.311,168.311,0.07,0.08,0.92,0.93,0.01,0.01,75637.68,1776420766000
1776420768.883,168.883,0.07,0.08,0.92,0.93,0.01,0.01,75636.54,1776420768000
1776420769.466,169.466,0.07,0.08,0.92,0.93,0.01,0.01,75636.54,1776420768000
1776420769.805,169.805,0.09,0.1,0.9,0.91,0.01,0.01,75636.54,1776420768000
1776420770.276,170.276,0.09,0.1,0.9,0.91,0.01,0.01,75636.99,1776420769000
1776420770.638,170.638,0.09,0.1,0.9,0.91,0.01,0.01,75636.99,1776420769000
1776420771.086,171.086,0.09,0.1,0.9,0.91,0.01,0.01,75638.83,1776420770000
1776420771.509,171.509,0.08,0.09,0.91,0.92,0.01,0.01,75638.83,1776420770000
1776420771.919,171.919,0.08,0.09,0.91,0.92,0.01,0.01,75638.83,1776420770000
1776420772.283,172.283,0.08,0.09,0.91,0.92,0.01,0.01,75644.35,1776420771000
1776420772.624,172.624,0.07,0.08,0.92,0.93,0.01,0.01,75644.35,1776420771000
1776420772.958,172.958,0.07,0.08,0.92,0.93,0.01,0.01,75644.35,1776420771000
1776420773.401,173.401,0.07,0.08,0.92,0.93,0.01,0.01,75644.35,1776420771000
1776420773.754,173.754,0.05,0.07,0.93,0.94,0.02,0.01,75642.21,1776420772000
1776420774.134,174.134,0.05,0.06,0.94,0.95,0.01,0.01,75641.74,1776420773000
1776420774.847,174.847,0.05,0.06,0.94,0.95,0.01,0.01,75641.74,1776420773000
1776420775.383,175.383,0.05,0.06,0.94,0.95,0.01,0.01,75641.74,1776420773000
1776420775.945,175.945,0.05,0.06,0.94,0.95,0.01,0.01,75639.2,1776420774000
1776420776.334,176.334,0.05,0.06,0.94,0.95,0.01,0.01,75634.26,1776420775000
1776420776.981,176.981,0.05,0.06,0.94,0.95,0.01,0.01,75634.26,1776420775000
1776420777.465,177.465,0.05,0.06,0.94,0.95,0.01,0.01,75633.82,1776420776000
1776420778.091,178.091,0.05,0.06,0.94,0.95,0.01,0.01,75633.82,1776420776000
1776420778.457,178.457,0.06,0.07,0.93,0.94,0.01,0.01,75633.49,1776420777000
1776420779.004,179.004,0.06,0.07,0.93,0.94,0.01,0.01,75633.49,1776420777000
1776420779.544,179.544,0.06,0.07,0.93,0.94,0.01,0.01,75633.51,1776420778000
1776420780.064,180.064,0.06,0.07,0.93,0.94,0.01,0.01,75634.3,1776420779000
1776420780.513,180.513,0.06,0.07,0.93,0.94,0.01,0.01,75634.3,1776420779000
1776420780.911,180.911,0.06,0.07,0.93,0.94,0.01,0.01,75634.3,1776420779000
1776420781.253,181.253,0.06,0.07,0.93,0.94,0.01,0.01,75634.3,1776420779000
1776420781.85,181.85,0.05,0.06,0.94,0.95,0.01,0.01,75634.81,1776420780000
1776420782.241,182.241,0.05,0.06,0.94,0.95,0.01,0.01,75634.56,1776420781000
1776420782.722,182.722,0.05,0.06,0.94,0.95,0.01,0.01,75634.56,1776420781000
1776420783.402,183.402,0.05,0.06,0.94,0.95,0.01,0.01,75634.56,1776420781000
1776420784.058,184.058,0.05,0.06,0.94,0.95,0.01,0.01,75636.72,1776420783000
1776420784.565,184.565,0.05,0.06,0.94,0.95,0.01,0.01,75636.72,1776420783000
1776420785.333,185.333,0.05,0.06,0.94,0.95,0.01,0.01,75635.46,1776420784000
1776420785.727,185.727,0.05,0.06,0.94,0.95,0.01,0.01,75635.46,1776420784000
1776420786.316,186.316,0.05,0.06,0.94,0.95,0.01,0.01,75635.46,1776420784000
1776420786.809,186.809,0.05,0.06,0.94,0.95,0.01,0.01,75635.26,1776420785000
1776420787.231,187.231,0.05,0.06,0.94,0.95,0.01,0.01,75635.26,1776420785000
1776420787.663,187.663,0.05,0.06,0.94,0.95,0.01,0.01,75635.27,1776420786000
1776420788.039,188.039,0.05,0.06,0.94,0.95,0.01,0.01,75635.27,1776420786000
1776420788.827,188.827,0.05,0.06,0.94,0.95,0.01,0.01,75635.27,1776420786000
1776420789.193,189.193,0.05,0.06,0.94,0.95,0.01,0.01,75635.28,1776420787000
1776420789.633,189.633,0.05,0.06,0.94,0.95,0.01,0.01,75634.9,1776420788000
1776420789.975,189.975,0.05,0.06,0.94,0.95,0.01,0.01,75634.9,1776420788000
1776420790.372,190.372,0.05,0.06,0.94,0.95,0.01,0.01,75635.3,1776420789000
1776420790.819,190.819,0.05,0.06,0.94,0.95,0.01,0.01,75635.3,1776420789000
1776420791.237,191.237,0.05,0.06,0.94,0.95,0.01,0.01,75635.3,1776420789000
1776420791.864,191.864,0.06,0.07,0.93,0.94,0.01,0.01,75635.3,1776420790000
1776420792.226,192.226,0.06,0.07,0.93,0.94,0.01,0.01,75635.3,1776420790000
1776420792.567,192.567,0.06,0.07,0.93,0.94,0.01,0.01,75635.55,1776420791000
1776420792.924,192.924,0.06,0.07,0.93,0.94,0.01,0.01,75635.55,1776420791000
1776420793.363,193.363,0.06,0.07,0.93,0.94,0.01,0.01,75640.93,1776420792000
1776420793.827,193.827,0.06,0.07,0.93,0.94,0.01,0.01,75640.93,1776420792000
1776420794.17,194.17,0.06,0.07,0.93,0.94,0.01,0.01,75640.93,1776420792000
1776420794.525,194.525,0.05,0.06,0.94,0.95,0.01,0.01,75640.93,1776420792000
1776420794.909,194.909,0.05,0.06,0.94,0.95,0.01,0.01,75642.18,1776420793000
1776420795.336,195.336,0.05,0.06,0.94,0.95,0.01,0.01,75638.98,1776420794000
1776420795.91,195.91,0.05,0.06,0.94,0.95,0.01,0.01,75638.98,1776420794000
1776420796.683,196.683,0.05,0.06,0.94,0.95,0.01,0.01,75638.9,1776420795000
1776420797.474,197.474,0.04,0.05,0.95,0.96,0.01,0.01,75638.9,1776420795000
1776420797.862,197.862,0.04,0.05,0.95,0.96,0.01,0.01,75638.17,1776420796000
1776420798.577,198.577,0.04,0.05,0.95,0.96,0.01,0.01,75638.15,1776420797000
1776420799.35,199.35,0.04,0.05,0.95,0.96,0.01,0.01,75638.18,1776420798000
1776420799.763,199.763,0.04,0.05,0.95,0.96,0.01,0.01,75638.18,1776420798000
1776420800.746,200.746,0.04,0.05,0.95,0.96,0.01,0.01,75638.58,1776420799000
1776420801.247,201.247,0.04,0.05,0.95,0.96,0.01,0.01,75638.58,1776420799000
1776420802.404,202.404,0.04,0.05,0.95,0.96,0.01,0.01,75638.58,1776420801000
1776420802.795,202.795,0.04,0.05,0.95,0.96,0.01,0.01,75638.58,1776420801000
1776420803.465,203.465,0.04,0.05,0.95,0.96,0.01,0.01,75638.58,1776420801000
1776420803.803,203.803,0.04,0.05,0.95,0.96,0.01,0.01,75638.58,1776420801000
1776420804.182,204.182,0.04,0.05,0.95,0.96,0.01,0.01,75639.07,1776420802000
1776420804.537,204.537,0.04,0.05,0.95,0.96,0.01,0.01,75639.07,1776420802000
1776420804.89,204.89,0.04,0.05,0.95,0.96,0.01,0.01,75638.99,1776420803000
1776420805.228,205.228,0.04,0.05,0.95,0.96,0.01,0.01,75638.99,1776420803000
1776420805.583,205.583,0.04,0.05,0.95,0.96,0.01,0.01,75638.46,1776420804000
1776420805.959,205.959,0.04,0.05,0.95,0.96,0.01,0.01,75638.46,1776420804000
1776420806.338,206.338,0.04,0.05,0.95,0.96,0.01,0.01,75636.27,1776420805000
1776420807.088,207.088,0.04,0.05,0.95,0.96,0.01,0.01,75636.27,1776420805000
1776420807.487,207.487,0.04,0.05,0.95,0.96,0.01,0.01,75637.31,1776420806000
1776420807.941,207.941,0.04,0.05,0.95,0.96,0.01,0.01,75637.31,1776420806000
1776420808.631,208.631,0.04,0.05,0.95,0.96,0.01,0.01,75637.79,1776420807000
1776420809.036,209.036,0.04,0.05,0.95,0.96,0.01,0.01,75637.79,1776420807000
1776420809.371,209.371,0.04,0.05,0.95,0.96,0.01,0.01,75637.88,1776420808000
1776420809.82,209.82,0.04,0.05,0.95,0.96,0.01,0.01,75637.88,1776420808000
1776420810.157,210.157,0.04,0.05,0.95,0.96,0.01,0.01,75637.78,1776420809000
1776420810.499,210.499,0.03,0.05,0.95,0.96,0.02,0.01,75637.78,1776420809000
1776420810.895,210.895,0.03,0.04,0.96,0.97,0.01,0.01,75637.78,1776420809000
1776420811.268,211.268,0.03,0.04,0.96,0.97,0.01,0.01,75637.78,1776420809000
1776420811.643,211.643,0.03,0.04,0.96,0.97,0.01,0.01,75639.32,1776420810000
1776420812.032,212.032,0.03,0.04,0.96,0.97,0.01,0.01,75639.32,1776420810000
1776420813.247,213.247,0.03,0.04,0.96,0.97,0.01,0.01,75637.61,1776420812000
1776420813.835,213.835,0.03,0.04,0.96,0.97,0.01,0.01,75637.61,1776420812000
1776420814.213,214.213,0.03,0.04,0.96,0.97,0.01,0.01,75635.09,1776420813000
1776420814.552,214.552,0.03,0.04,0.96,0.97,0.01,0.01,75635.09,1776420813000
1776420815.062,215.062,0.03,0.04,0.96,0.97,0.01,0.01,75635.09,1776420813000
1776420815.478,215.478,0.03,0.04,0.96,0.97,0.01,0.01,75635.0,1776420814000
1776420815.83,215.83,0.03,0.04,0.96,0.97,0.01,0.01,75635.0,1776420814000
1776420816.309,216.309,0.03,0.04,0.96,0.97,0.01,0.01,75635.58,1776420815000
1776420816.681,216.681,0.03,0.04,0.96,0.97,0.01,0.01,75635.58,1776420815000
1776420817.067,217.067,0.03,0.04,0.96,0.97,0.01,0.01,75635.58,1776420815000
1776420817.763,217.763,0.03,0.04,0.96,0.97,0.01,0.01,75636.87,1776420816000
1776420818.167,218.167,0.03,0.04,0.96,0.97,0.01,0.01,75637.36,1776420817000
1776420818.624,218.624,0.03,0.04,0.96,0.97,0.01,0.01,75637.36,1776420817000
1776420819.092,219.092,0.03,0.04,0.96,0.97,0.01,0.01,75637.36,1776420817000
1776420819.479,219.479,0.03,0.04,0.96,0.97,0.01,0.01,75648.66,1776420818000
1776420819.873,219.873,0.03,0.05,0.96,0.97,0.02,0.01,75648.66,1776420818000
1776420820.219,220.219,0.04,0.05,0.95,0.96,0.01,0.01,75648.66,1776420818000
1776420820.557,220.557,0.04,0.05,0.95,0.96,0.01,0.01,75648.66,1776420818000
1776420820.925,220.925,0.04,0.05,0.95,0.96,0.01,0.01,75652.99,1776420819000
1776420821.285,221.285,0.04,0.05,0.95,0.96,0.01,0.01,75652.99,1776420819000
1776420821.649,221.649,0.04,0.05,0.95,0.96,0.01,0.01,75653.57,1776420820000
1776420822.011,222.011,0.04,0.05,0.95,0.96,0.01,0.01,75653.57,1776420820000
1776420822.744,222.744,0.04,0.05,0.95,0.96,0.01,0.01,75653.77,1776420821000
1776420823.201,223.201,0.04,0.05,0.95,0.96,0.01,0.01,75654.01,1776420822000
1776420823.587,223.587,0.04,0.06,0.95,0.96,0.02,0.01,75654.01,1776420822000
1776420823.98,223.98,0.05,0.06,0.94,0.96,0.01,0.02,75654.01,1776420822000
1776420824.324,224.324,0.05,0.06,0.94,0.95,0.01,0.01,75654.31,1776420823000
1776420824.769,224.769,0.05,0.06,0.94,0.95,0.01,0.01,75654.31,1776420823000
1776420825.113,225.113,0.05,0.06,0.94,0.95,0.01,0.01,75654.31,1776420823000
1776420825.54,225.54,0.05,0.06,0.94,0.95,0.01,0.01,75654.8,1776420824000
1776420825.881,225.881,0.05,0.06,0.94,0.95,0.01,0.01,75654.8,1776420824000
1776420826.245,226.245,0.05,0.06,0.94,0.95,0.01,0.01,75656.45,1776420825000
1776420827.188,227.188,0.05,0.06,0.94,0.95,0.01,0.01,75659.33,1776420826000
1776420828.176,228.176,0.05,0.06,0.94,0.95,0.01,0.01,75659.33,1776420826000
1776420828.588,228.588,0.05,0.06,0.94,0.95,0.01,0.01,75662.1,1776420827000
1776420829.536,229.536,0.05,0.06,0.94,0.95,0.01,0.01,75662.52,1776420828000
1776420830.077,230.077,0.05,0.06,0.94,0.95,0.01,0.01,75662.52,1776420828000
1776420830.557,230.557,0.05,0.06,0.94,0.95,0.01,0.01,75662.62,1776420829000
1776420830.967,230.967,0.05,0.06,0.94,0.95,0.01,0.01,75662.62,1776420829000
1776420831.938,231.938,0.05,0.06,0.94,0.95,0.01,0.01,75661.84,1776420830000
1776420832.34,232.34,0.04,0.06,0.94,0.96,0.02,0.02,75662.65,1776420831000
1776420833.381,233.381,0.04,0.05,0.95,0.96,0.01,0.01,75662.47,1776420832000
1776420833.952,233.952,0.04,0.05,0.95,0.96,0.01,0.01,75662.47,1776420833000
1776420835.617,235.617,0.04,0.05,0.95,0.96,0.01,0.01,75662.47,1776420833000
1776420836.419,236.419,0.04,0.05,0.95,0.96,0.01,0.01,75659.46,1776420835000
1776420836.753,236.753,0.04,0.05,0.95,0.96,0.01,0.01,75659.46,1776420835000
1776420837.304,237.304,0.04,0.05,0.95,0.96,0.01,0.01,75660.27,1776420836000
1776420837.733,237.733,0.04,0.05,0.95,0.96,0.01,0.01,75660.27,1776420836000
1776420838.479,238.479,0.03,0.04,0.96,0.97,0.01,0.01,75662.38,1776420837000
1776420839.485,239.485,0.03,0.04,0.96,0.97,0.01,0.01,75662.38,1776420837000
1776420839.971,239.971,0.03,0.04,0.96,0.97,0.01,0.01,75662.3,1776420838000
1776420840.758,240.758,0.03,0.04,0.96,0.97,0.01,0.01,75661.58,1776420839000
1776420841.473,241.473,0.03,0.04,0.96,0.97,0.01,0.01,75657.14,1776420840000
1776420842.072,242.072,0.03,0.04,0.96,0.97,0.01,0.01,75657.18,1776420841000
1776420842.643,242.643,0.03,0.04,0.96,0.97,0.01,0.01,75657.18,1776420841000
1776420843.006,243.006,0.03,0.04,0.96,0.97,0.01,0.01,75657.18,1776420841000
1776420843.635,243.635,0.03,0.04,0.96,0.97,0.01,0.01,75658.68,1776420842000
1776420844.052,244.052,0.02,0.03,0.97,0.98,0.01,0.01,75658.68,1776420842000
1776420844.475,244.475,0.02,0.03,0.97,0.98,0.01,0.01,75660.56,1776420843000
1776420844.944,244.944,0.02,0.03,0.97,0.98,0.01,0.01,75660.56,1776420843000
1776420845.582,245.582,0.02,0.03,0.97,0.98,0.01,0.01,75660.4,1776420844000
1776420845.932,245.932,0.02,0.03,0.97,0.98,0.01,0.01,75660.4,1776420844000
1776420846.295,246.295,0.02,0.03,0.97,0.98,0.01,0.01,75658.67,1776420845000
1776420846.862,246.862,0.02,0.03,0.97,0.98,0.01,0.01,75658.67,1776420845000
1776420847.463,247.463,0.02,0.03,0.97,0.98,0.01,0.01,75661.37,1776420846000
1776420847.822,247.822,0.02,0.03,0.97,0.98,0.01,0.01,75661.37,1776420846000
1776420848.776,248.776,0.02,0.03,0.97,0.98,0.01,0.01,75661.5,1776420847000
1776420849.288,249.288,0.02,0.03,0.97,0.98,0.01,0.01,75661.54,1776420848000
1776420850.101,250.101,0.02,0.03,0.97,0.98,0.01,0.01,75661.54,1776420848000
1776420850.51,250.51,0.02,0.03,0.97,0.98,0.01,0.01,75661.43,1776420849000
1776420850.896,250.896,0.02,0.03,0.97,0.98,0.01,0.01,75661.43,1776420849000
1776420851.523,251.523,0.02,0.03,0.97,0.98,0.01,0.01,75661.49,1776420850000
1776420852.177,252.177,0.02,0.03,0.97,0.98,0.01,0.01,75661.49,1776420851000
1776420852.769,252.769,0.02,0.03,0.97,0.98,0.01,0.01,75661.49,1776420851000
1776420853.743,253.743,0.02,0.03,0.97,0.98,0.01,0.01,75663.78,1776420852000
1776420854.185,254.185,0.02,0.03,0.97,0.98,0.01,0.01,75663.78,1776420852000
1776420854.646,254.646,0.02,0.03,0.97,0.98,0.01,0.01,75660.17,1776420853000
1776420854.981,254.981,0.02,0.03,0.97,0.98,0.01,0.01,75660.17,1776420853000
1776420855.377,255.377,0.02,0.03,0.97,0.98,0.01,0.01,75659.44,1776420854000
1776420855.72,255.72,0.02,0.03,0.97,0.98,0.01,0.01,75659.44,1776420854000
1776420856.09,256.09,0.02,0.03,0.97,0.98,0.01,0.01,75659.44,1776420854000
1776420856.431,256.431,0.02,0.03,0.97,0.98,0.01,0.01,75658.15,1776420855000
1776420856.765,256.765,0.02,0.03,0.97,0.98,0.01,0.01,75658.15,1776420855000
1776420857.155,257.155,0.02,0.03,0.97,0.98,0.01,0.01,75658.15,1776420855000
1776420857.488,257.488,0.02,0.03,0.97,0.98,0.01,0.01,75649.48,1776420856000
1776420857.824,257.824,0.02,0.03,0.97,0.98,0.01,0.01,75649.48,1776420856000
1776420858.409,258.409,0.01,0.02,0.98,0.99,0.01,0.01,75646.46,1776420857000
1776420858.767,258.767,0.01,0.02,0.98,0.99,0.01,0.01,75646.46,1776420857000
1776420859.119,259.119,0.01,0.02,0.98,0.99,0.01,0.01,75646.46,1776420857000
1776420859.49,259.49,0.01,0.02,0.98,0.99,0.01,0.01,75645.72,1776420858000
1776420859.823,259.823,0.01,0.02,0.98,0.99,0.01,0.01,75645.72,1776420858000
1776420860.224,260.224,0.01,0.02,0.98,0.99,0.01,0.01,75645.72,1776420858000
1776420860.67,260.67,0.01,0.02,0.98,0.99,0.01,0.01,75639.39,1776420859000
1776420861.023,261.023,0.01,0.02,0.98,0.99,0.01,0.01,75639.39,1776420859000
1776420861.605,261.605,0.01,0.02,0.98,0.99,0.01,0.01,75637.7,1776420860000
1776420862.114,262.114,0.01,0.02,0.98,0.99,0.01,0.01,75637.7,1776420860000
1776420862.647,262.647,0.01,0.02,0.98,0.99,0.01,0.01,75638.55,1776420861000
1776420862.998,262.998,0.01,0.02,0.98,0.99,0.01,0.01,75638.55,1776420861000
1776420863.339,263.339,0.01,0.02,0.98,0.99,0.01,0.01,75638.47,1776420862000
1776420863.685,263.685,0.01,0.02,0.98,0.99,0.01,0.01,75638.47,1776420862000
1776420864.095,264.095,0.01,0.02,0.98,0.99,0.01,0.01,75638.47,1776420862000
1776420864.593,264.593,0.01,0.02,0.98,0.99,0.01,0.01,75638.47,1776420862000
1776420864.935,264.935,0.01,0.02,0.98,0.99,0.01,0.01,75638.11,1776420863000
1776420865.531,265.531,0.01,0.02,0.98,0.99,0.01,0.01,75638.11,1776420863000
1776420865.871,265.871,0.01,0.02,0.98,0.99,0.01,0.01,75638.11,1776420864000
1776420866.26,266.26,0.01,0.01,0.99,0.99,0.0,0.0,75638.11,1776420864000
1776420866.654,266.654,0.01,0.01,0.99,0.99,0.0,0.0,75638.75,1776420865000
1776420867.209,267.209,0.01,0.01,0.99,0.99,0.0,0.0,75638.75,1776420865000
1776420867.686,267.686,0.01,0.01,0.99,0.99,0.0,0.0,75638.66,1776420866000
1776420868.264,268.264,0.01,0.01,0.99,0.99,0.0,0.0,75638.66,1776420866000
1776420869.05,269.05,0.01,0.01,0.99,0.99,0.0,0.0,75638.56,1776420868000
1776420870.143,270.143,0.01,0.01,0.99,0.99,0.0,0.0,75638.56,1776420868000
1776420870.57,270.57,0.01,0.01,0.99,0.99,0.0,0.0,75638.55,1776420869000
1776420870.916,270.916,0.01,0.01,0.99,0.99,0.0,0.0,75638.55,1776420869000
1776420871.319,271.319,0.01,0.01,0.99,0.99,0.0,0.0,75638.55,1776420869000
1776420871.774,271.774,0.01,0.01,0.99,0.99,0.0,0.0,75638.42,1776420870000
1776420872.137,272.137,0.01,0.01,0.99,0.99,0.0,0.0,75636.83,1776420871000
1776420873.34,273.34,0.01,0.01,0.99,0.99,0.0,0.0,75636.88,1776420872000
1776420873.674,273.674,0.01,0.01,0.99,0.99,0.0,0.0,75636.88,1776420872000
1776420874.066,274.066,0.01,0.01,0.99,0.99,0.0,0.0,75636.88,1776420872000
1776420874.422,274.422,0.01,0.01,0.99,0.99,0.0,0.0,75636.2,1776420873000
1776420875.167,275.167,0.01,0.01,0.99,0.99,0.0,0.0,75636.07,1776420874000
1776420875.703,275.703,0.01,0.01,0.99,0.99,0.0,0.0,75636.07,1776420874000
1776420876.317,276.317,0.01,0.01,0.99,0.99,0.0,0.0,75636.07,1776420874000
1776420876.704,276.704,0.01,0.01,0.99,0.99,0.0,0.0,75631.85,1776420875000
1776420877.532,277.532,0.01,0.01,0.99,0.99,0.0,0.0,75630.89,1776420876000
1776420878.115,278.115,0.01,0.01,0.99,0.99,0.0,0.0,75630.9,1776420877000
1776420879.479,279.479,0.01,0.01,0.99,0.99,0.0,0.0,75631.09,1776420878000
1776420880.003,280.003,0.01,0.01,0.99,0.99,0.0,0.0,75631.38,1776420879000
1776420881.077,281.077,0.01,0.01,0.99,0.99,0.0,0.0,75631.22,1776420880000
1776420882.312,282.312,0.01,0.01,0.99,0.99,0.0,0.0,75631.22,1776420881000
1776420882.882,282.882,0.01,0.01,0.99,0.99,0.0,0.0,75631.22,1776420881000
1776420883.913,283.913,0.01,0.01,0.99,0.99,0.0,0.0,75631.4,1776420882000
1776420884.279,284.279,0.01,0.01,0.99,0.99,0.0,0.0,75631.4,1776420882000
1776420884.741,284.741,0.01,0.01,0.99,0.99,0.0,0.0,75631.42,1776420883000
1776420885.339,285.339,0.01,0.01,0.99,0.99,0.0,0.0,75631.42,1776420883000
1776420886.159,286.159,0.01,0.01,0.99,0.99,0.0,0.0,75631.42,1776420885000
1776420887.219,287.219,0.01,0.01,0.99,0.99,0.0,0.0,75631.42,1776420885000
1776420888.024,288.024,0.01,0.01,0.99,0.99,0.0,0.0,75632.84,1776420887000
1776420889.356,289.356,0.01,0.01,0.99,0.99,0.0,0.0,75632.84,1776420888000
1776420890.278,290.278,0.01,0.01,0.99,0.99,0.0,0.0,75632.83,1776420889000
1776420891.037,291.037,0.01,0.01,0.99,0.99,0.0,0.0,75632.83,1776420889000
1776420891.685,291.685,0.01,0.01,0.99,0.99,0.0,0.0,75633.61,1776420890000
1776420892.14,292.14,0.01,0.01,0.99,0.99,0.0,0.0,75633.61,1776420890000
1776420892.736,292.736,0.01,0.01,0.99,0.99,0.0,0.0,75633.56,1776420891000
1776420893.527,293.527,0.01,0.01,0.99,0.99,0.0,0.0,75633.88,1776420892000
1776420894.245,294.245,0.01,0.01,0.99,0.99,0.0,0.0,75633.97,1776420893000
1776420895.582,295.582,0.01,0.01,0.99,0.99,0.0,0.0,75634.43,1776420894000
1776420896.258,296.258,0.01,0.01,0.99,0.99,0.0,0.0,75634.25,1776420895000
1776420897.625,297.625,0.01,0.01,0.99,0.99,0.0,0.0,75634.25,1776420895000
1776420898.478,298.478,0.01,0.01,0.99,0.99,0.0,0.0,75633.97,1776420896000
1776420899.024,299.024,0.01,0.01,0.99,0.99,0.0,0.0,75634.01,1776420897000
1776420899.52,299.52,0.01,0.01,0.99,0.99,0.0,0.0,75634.02,1776420898000
1776420900.04,300.04,0.01,0.01,0.99,0.99,0.0,0.0,75634.36,1776420899000
1776420900.379,300.379,0.01,0.01,0.99,0.99,0.0,0.0,75634.36,1776420899000

# RESULT,winner=Down,slug=btc-updown-5m-1776420600,ticks=636
