timestamp,elapsed_sec,up_bid,up_ask,down_bid,down_ask,up_spread,down_spread,btc_price,btc_oracle_ts
1775913300.598,0.598,0.58,0.59,0.41,0.43,0.01,0.02,72633.93,1775913299000
1775913301.1,1.1,0.59,0.6,0.4,0.41,0.01,0.01,72633.93,1775913300000
1775913301.512,1.512,0.59,0.6,0.4,0.41,0.01,0.01,72633.93,1775913300000
1775913301.858,1.858,0.58,0.6,0.4,0.46,0.02,0.06,72633.93,1775913300000
1775913302.247,2.247,0.58,0.6,0.4,0.42,0.02,0.02,72633.87,1775913301000
1775913302.7,2.7,0.56,0.58,0.42,0.43,0.02,0.01,72633.87,1775913301000
1775913303.047,3.047,0.56,0.57,0.42,0.44,0.01,0.02,72633.87,1775913301000
1775913303.418,3.418,0.55,0.56,0.43,0.45,0.01,0.02,72635.63,1775913302000
1775913303.756,3.756,0.55,0.56,0.44,0.45,0.01,0.01,72635.63,1775913302000
1775913304.136,4.136,0.55,0.56,0.44,0.45,0.01,0.01,72636.02,1775913303000
1775913304.491,4.491,0.55,0.56,0.44,0.45,0.01,0.01,72636.02,1775913303000
1775913304.828,4.828,0.57,0.58,0.42,0.43,0.01,0.01,72636.02,1775913303000
1775913305.185,5.185,0.6,0.61,0.4,0.41,0.01,0.01,72635.49,1775913304000
1775913305.562,5.562,0.61,0.63,0.38,0.39,0.02,0.01,72635.49,1775913304000
1775913305.98,5.98,0.63,0.64,0.36,0.37,0.01,0.01,72635.49,1775913304000
1775913306.365,6.365,0.63,0.64,0.36,0.37,0.01,0.01,72635.49,1775913304000
1775913306.701,6.701,0.61,0.63,0.37,0.38,0.02,0.01,72640.42,1775913305000
1775913307.041,7.041,0.61,0.63,0.38,0.39,0.02,0.01,72640.42,1775913305000
1775913307.453,7.453,0.62,0.63,0.38,0.39,0.01,0.01,72647.01,1775913306000
1775913307.8,7.8,0.62,0.63,0.37,0.38,0.01,0.01,72647.01,1775913306000
1775913308.145,8.145,0.62,0.63,0.37,0.38,0.01,0.01,72653.04,1775913307000
1775913308.574,8.574,0.62,0.63,0.37,0.38,0.01,0.01,72653.04,1775913307000
1775913308.932,8.932,0.62,0.63,0.37,0.38,0.01,0.01,72653.04,1775913307000
1775913309.297,9.297,0.62,0.63,0.37,0.38,0.01,0.01,72651.09,1775913308000
1775913309.667,9.667,0.58,0.6,0.39,0.41,0.02,0.02,72651.09,1775913308000
1775913310.029,10.029,0.58,0.59,0.41,0.42,0.01,0.01,72651.09,1775913308000
1775913310.394,10.394,0.58,0.6,0.41,0.43,0.02,0.02,72651.26,1775913309000
1775913310.779,10.779,0.58,0.59,0.41,0.42,0.01,0.01,72651.26,1775913309000
1775913311.374,11.374,0.57,0.58,0.42,0.43,0.01,0.01,72651.26,1775913309000
1775913311.761,11.761,0.59,0.6,0.4,0.41,0.01,0.01,72649.41,1775913310000
1775913312.189,12.189,0.59,0.6,0.4,0.41,0.01,0.01,72649.41,1775913310000
1775913312.544,12.544,0.59,0.6,0.39,0.41,0.01,0.02,72647.63,1775913311000
1775913313.007,13.007,0.6,0.61,0.39,0.4,0.01,0.01,72647.63,1775913311000
1775913313.394,13.394,0.6,0.61,0.39,0.4,0.01,0.01,72648.31,1775913312000
1775913313.766,13.766,0.6,0.61,0.39,0.4,0.01,0.01,72648.31,1775913312000
1775913314.278,14.278,0.6,0.61,0.39,0.4,0.01,0.01,72648.31,1775913312000
1775913314.622,14.622,0.61,0.62,0.38,0.39,0.01,0.01,72650.85,1775913313000
1775913315.407,15.407,0.61,0.62,0.38,0.39,0.01,0.01,72650.85,1775913313000
1775913315.771,15.771,0.61,0.62,0.38,0.39,0.01,0.01,72653.23,1775913314000
1775913316.126,16.126,0.61,0.62,0.37,0.39,0.01,0.02,72653.23,1775913314000
1775913316.461,16.461,0.6,0.62,0.38,0.39,0.02,0.01,72653.51,1775913315000
1775913316.82,16.82,0.61,0.62,0.38,0.39,0.01,0.01,72653.51,1775913315000
1775913317.245,17.245,0.62,0.63,0.37,0.38,0.01,0.01,72653.53,1775913316000
1775913317.632,17.632,0.63,0.64,0.36,0.37,0.01,0.01,72653.53,1775913316000
1775913317.989,17.989,0.64,0.65,0.35,0.36,0.01,0.01,72655.02,1775913317000
1775913318.335,18.335,0.65,0.66,0.33,0.36,0.01,0.03,72655.02,1775913317000
1775913318.707,18.707,0.65,0.66,0.34,0.35,0.01,0.01,72655.02,1775913317000
1775913319.215,19.215,0.65,0.66,0.34,0.35,0.01,0.01,72655.02,1775913317000
1775913319.616,19.616,0.65,0.66,0.34,0.35,0.01,0.01,72657.44,1775913318000
1775913319.956,19.956,0.65,0.66,0.34,0.35,0.01,0.01,72660.42,1775913319000
1775913320.294,20.294,0.66,0.67,0.33,0.35,0.01,0.02,72660.42,1775913319000
1775913320.66,20.66,0.66,0.67,0.33,0.34,0.01,0.01,72660.42,1775913319000
1775913321.104,21.104,0.66,0.67,0.33,0.34,0.01,0.01,72661.88,1775913320000
1775913321.437,21.437,0.63,0.64,0.36,0.37,0.01,0.01,72661.88,1775913320000
1775913321.882,21.882,0.63,0.64,0.36,0.37,0.01,0.01,72661.88,1775913320000
1775913322.35,22.35,0.65,0.66,0.34,0.35,0.01,0.01,72661.8,1775913321000
1775913322.709,22.709,0.66,0.67,0.33,0.34,0.01,0.01,72661.8,1775913321000
1775913323.057,23.057,0.64,0.67,0.33,0.34,0.03,0.01,72661.8,1775913321000
1775913323.479,23.479,0.65,0.66,0.34,0.35,0.01,0.01,72661.43,1775913322000
1775913323.84,23.84,0.65,0.66,0.34,0.35,0.01,0.01,72661.43,1775913322000
1775913324.198,24.198,0.66,0.68,0.33,0.35,0.02,0.02,72661.43,1775913322000
1775913324.638,24.638,0.64,0.66,0.33,0.34,0.02,0.01,72660.94,1775913323000
1775913325.054,25.054,0.64,0.65,0.35,0.36,0.01,0.01,72660.94,1775913323000
1775913325.396,25.396,0.64,0.65,0.35,0.36,0.01,0.01,72661.72,1775913324000
1775913326.19,26.19,0.66,0.67,0.33,0.35,0.01,0.02,72661.72,1775913324000
1775913326.532,26.532,0.65,0.67,0.33,0.34,0.02,0.01,72661.9,1775913325000
1775913327.042,27.042,0.65,0.66,0.34,0.35,0.01,0.01,72661.9,1775913325000
1775913327.39,27.39,0.62,0.63,0.36,0.38,0.01,0.02,72661.9,1775913325000
1775913327.839,27.839,0.62,0.63,0.37,0.4,0.01,0.03,72661.8,1775913326000
1775913328.177,28.177,0.62,0.63,0.37,0.38,0.01,0.01,72661.9,1775913327000
1775913328.79,28.79,0.61,0.62,0.38,0.39,0.01,0.01,72661.9,1775913327000
1775913329.184,29.184,0.6,0.61,0.39,0.4,0.01,0.01,72661.91,1775913328000
1775913329.557,29.557,0.6,0.61,0.39,0.4,0.01,0.01,72661.91,1775913328000
1775913330.165,30.165,0.6,0.61,0.39,0.4,0.01,0.01,72656.88,1775913329000
1775913330.531,30.531,0.6,0.61,0.39,0.4,0.01,0.01,72656.88,1775913329000
1775913331.039,31.039,0.61,0.62,0.38,0.39,0.01,0.01,72656.88,1775913329000
1775913331.392,31.392,0.61,0.62,0.38,0.39,0.01,0.01,72655.33,1775913330000
1775913331.784,31.784,0.61,0.62,0.38,0.39,0.01,0.01,72655.33,1775913330000
1775913332.135,32.135,0.61,0.62,0.38,0.39,0.01,0.01,72655.33,1775913330000
1775913332.613,32.613,0.61,0.63,0.38,0.39,0.02,0.01,72655.41,1775913331000
1775913333.078,33.078,0.61,0.62,0.38,0.39,0.01,0.01,72655.41,1775913331000
1775913333.549,33.549,0.62,0.63,0.37,0.39,0.01,0.02,72655.41,1775913331000
1775913333.94,33.94,0.62,0.63,0.37,0.38,0.01,0.01,72655.41,1775913331000
1775913334.301,34.301,0.62,0.63,0.37,0.38,0.01,0.01,72655.41,1775913331000
1775913334.737,34.737,0.62,0.63,0.37,0.38,0.01,0.01,72655.03,1775913333000
1775913335.215,35.215,0.64,0.65,0.35,0.36,0.01,0.01,72655.03,1775913333000
1775913335.593,35.593,0.65,0.66,0.34,0.36,0.01,0.02,72655.03,1775913333000
1775913336.21,36.21,0.65,0.66,0.35,0.36,0.01,0.01,72655.03,1775913334000
1775913336.645,36.645,0.65,0.66,0.34,0.35,0.01,0.01,72655.03,1775913334000
1775913337.051,37.051,0.63,0.64,0.35,0.36,0.01,0.01,72655.03,1775913334000
1775913337.664,37.664,0.63,0.64,0.36,0.37,0.01,0.01,72655.21,1775913335000
1775913338.433,38.433,0.63,0.64,0.36,0.37,0.01,0.01,72657.13,1775913336000
1775913338.952,38.952,0.62,0.63,0.36,0.37,0.01,0.01,72657.13,1775913336000
1775913339.472,39.472,0.61,0.62,0.38,0.39,0.01,0.01,72657.6,1775913337000
1775913339.814,39.814,0.62,0.65,0.37,0.38,0.03,0.01,72657.6,1775913337000
1775913340.156,40.156,0.64,0.65,0.35,0.36,0.01,0.01,72657.11,1775913338000
1775913340.55,40.55,0.64,0.66,0.35,0.36,0.02,0.01,72657.11,1775913338000
1775913340.942,40.942,0.65,0.66,0.34,0.36,0.01,0.02,72657.11,1775913338000
1775913341.347,41.347,0.65,0.66,0.34,0.35,0.01,0.01,72655.5,1775913339000
1775913341.737,41.737,0.66,0.67,0.34,0.35,0.01,0.01,72655.5,1775913339000
1775913342.086,42.086,0.66,0.67,0.33,0.34,0.01,0.01,72654.65,1775913340000
1775913342.949,42.949,0.66,0.67,0.33,0.34,0.01,0.01,72654.65,1775913340000
1775913343.978,43.978,0.65,0.67,0.33,0.34,0.02,0.01,72655.79,1775913341000
1775913344.36,44.36,0.65,0.66,0.33,0.35,0.01,0.02,72656.54,1775913342000
1775913344.85,44.85,0.66,0.67,0.33,0.34,0.01,0.01,72657.75,1775913343000
1775913345.264,45.264,0.65,0.66,0.34,0.35,0.01,0.01,72657.75,1775913343000
1775913345.639,45.639,0.65,0.66,0.33,0.35,0.01,0.02,72657.75,1775913343000
1775913345.976,45.976,0.64,0.66,0.35,0.36,0.02,0.01,72658.78,1775913344000
1775913346.393,46.393,0.65,0.66,0.34,0.35,0.01,0.01,72658.78,1775913345000
1775913346.778,46.778,0.65,0.66,0.34,0.35,0.01,0.01,72658.78,1775913345000
1775913347.355,47.355,0.65,0.66,0.34,0.36,0.01,0.02,72658.78,1775913345000
1775913347.692,47.692,0.65,0.66,0.34,0.35,0.01,0.01,72658.79,1775913346000
1775913348.146,48.146,0.65,0.66,0.34,0.36,0.01,0.02,72658.79,1775913346000
1775913348.698,48.698,0.65,0.66,0.34,0.35,0.01,0.01,72658.79,1775913347000
1775913349.083,49.083,0.65,0.66,0.34,0.35,0.01,0.01,72658.79,1775913347000
1775913349.485,49.485,0.65,0.66,0.34,0.35,0.01,0.01,72658.78,1775913348000
1775913350.251,50.251,0.66,0.67,0.33,0.34,0.01,0.01,72658.78,1775913348000
1775913350.818,50.818,0.66,0.67,0.33,0.34,0.01,0.01,72658.78,1775913349000
1775913351.163,51.163,0.66,0.67,0.33,0.34,0.01,0.01,72658.78,1775913349000
1775913351.8,51.8,0.64,0.65,0.33,0.34,0.01,0.01,72658.79,1775913350000
1775913352.711,52.711,0.63,0.64,0.36,0.37,0.01,0.01,72658.79,1775913350000
1775913353.349,53.349,0.63,0.64,0.36,0.37,0.01,0.01,72658.79,1775913351000
1775913353.811,53.811,0.64,0.65,0.36,0.37,0.01,0.01,72658.54,1775913352000
1775913354.321,54.321,0.64,0.65,0.35,0.36,0.01,0.01,72658.54,1775913352000
1775913354.906,54.906,0.64,0.65,0.35,0.36,0.01,0.01,72657.97,1775913353000
1775913355.462,55.462,0.64,0.65,0.35,0.36,0.01,0.01,72657.74,1775913354000
1775913355.809,55.809,0.64,0.65,0.35,0.36,0.01,0.01,72657.74,1775913354000
1775913356.524,56.524,0.6,0.61,0.35,0.71,0.01,0.36,72657.74,1775913354000
1775913357.067,57.067,0.6,0.61,0.39,0.4,0.01,0.01,72657.94,1775913355000
1775913357.605,57.605,0.6,0.61,0.39,0.4,0.01,0.01,72657.95,1775913356000
1775913358.227,58.227,0.6,0.61,0.39,0.4,0.01,0.01,72657.95,1775913356000
1775913358.601,58.601,0.6,0.61,0.39,0.4,0.01,0.01,72657.47,1775913357000
1775913358.935,58.935,0.6,0.61,0.39,0.4,0.01,0.01,72657.47,1775913357000
1775913359.306,59.306,0.61,0.62,0.38,0.39,0.01,0.01,72657.02,1775913358000
1775913359.97,59.97,0.62,0.63,0.37,0.39,0.01,0.02,72657.02,1775913358000
1775913360.42,60.42,0.62,0.63,0.37,0.38,0.01,0.01,72657.02,1775913359000
1775913360.804,60.804,0.62,0.63,0.37,0.38,0.01,0.01,72657.02,1775913359000
1775913361.247,61.247,0.62,0.63,0.37,0.38,0.01,0.01,72656.99,1775913360000
1775913361.625,61.625,0.63,0.64,0.36,0.37,0.01,0.01,72656.99,1775913360000
1775913362.172,62.172,0.63,0.64,0.36,0.37,0.01,0.01,72656.99,1775913360000
1775913362.519,62.519,0.62,0.63,0.37,0.38,0.01,0.01,72657.24,1775913361000
1775913362.896,62.896,0.62,0.63,0.37,0.38,0.01,0.01,72657.24,1775913361000
1775913363.241,63.241,0.62,0.63,0.37,0.38,0.01,0.01,72656.93,1775913362000
1775913363.683,63.683,0.63,0.64,0.36,0.37,0.01,0.01,72656.93,1775913362000
1775913364.089,64.089,0.63,0.64,0.36,0.37,0.01,0.01,72656.93,1775913362000
1775913364.616,64.616,0.63,0.64,0.36,0.37,0.01,0.01,72657.42,1775913363000
1775913365.164,65.164,0.63,0.64,0.36,0.37,0.01,0.01,72657.33,1775913364000
1775913365.538,65.538,0.64,0.65,0.35,0.37,0.01,0.02,72657.33,1775913364000
1775913366.113,66.113,0.64,0.65,0.35,0.36,0.01,0.01,72657.43,1775913365000
1775913366.513,66.513,0.64,0.65,0.35,0.36,0.01,0.01,72657.43,1775913365000
1775913366.991,66.991,0.64,0.65,0.35,0.36,0.01,0.01,72657.43,1775913365000
1775913367.325,67.325,0.64,0.65,0.35,0.36,0.01,0.01,72657.49,1775913366000
1775913368.099,68.099,0.64,0.65,0.35,0.36,0.01,0.01,72657.49,1775913366000
1775913368.46,68.46,0.64,0.65,0.35,0.36,0.01,0.01,72658.19,1775913367000
1775913368.968,68.968,0.63,0.64,0.35,0.93,0.01,0.58,72658.19,1775913367000
1775913369.329,69.329,0.54,0.56,0.37,0.45,0.02,0.08,72658.31,1775913368000
1775913369.699,69.699,0.59,0.6,0.39,0.41,0.01,0.02,72658.31,1775913368000
1775913370.035,70.035,0.61,0.62,0.38,0.39,0.01,0.01,72658.31,1775913368000
1775913370.504,70.504,0.62,0.63,0.38,0.39,0.01,0.01,72658.31,1775913368000
1775913370.875,70.875,0.63,0.64,0.36,0.37,0.01,0.01,72658.31,1775913368000
1775913371.245,71.245,0.63,0.64,0.36,0.37,0.01,0.01,72657.85,1775913370000
1775913371.675,71.675,0.64,0.65,0.35,0.36,0.01,0.01,72657.85,1775913370000
1775913372.243,72.243,0.64,0.66,0.35,0.36,0.02,0.01,72657.85,1775913370000
1775913372.712,72.712,0.67,0.68,0.32,0.33,0.01,0.01,72657.86,1775913371000
1775913373.207,73.207,0.68,0.69,0.31,0.32,0.01,0.01,72657.86,1775913371000
1775913373.606,73.606,0.69,0.7,0.3,0.31,0.01,0.01,72658.19,1775913372000
1775913374.003,74.003,0.69,0.7,0.3,0.31,0.01,0.01,72658.19,1775913372000
1775913374.447,74.447,0.69,0.7,0.3,0.31,0.01,0.01,72658.55,1775913373000
1775913374.87,74.87,0.69,0.7,0.3,0.31,0.01,0.01,72658.55,1775913373000
1775913375.204,75.204,0.69,0.71,0.3,0.32,0.02,0.02,72658.55,1775913373000
1775913375.843,75.843,0.7,0.71,0.29,0.3,0.01,0.01,72665.74,1775913374000
1775913376.272,76.272,0.7,0.71,0.29,0.3,0.01,0.01,72666.06,1775913375000
1775913376.684,76.684,0.71,0.72,0.28,0.3,0.01,0.02,72666.06,1775913375000
1775913377.036,77.036,0.71,0.72,0.28,0.29,0.01,0.01,72666.06,1775913375000
1775913377.531,77.531,0.74,0.75,0.25,0.27,0.01,0.02,72666.06,1775913375000
1775913377.892,77.892,0.76,0.77,0.23,0.24,0.01,0.01,72666.79,1775913376000
1775913378.471,78.471,0.76,0.77,0.23,0.24,0.01,0.01,72667.8,1775913377000
1775913378.827,78.827,0.77,0.78,0.22,0.23,0.01,0.01,72667.8,1775913377000
1775913379.162,79.162,0.77,0.78,0.22,0.23,0.01,0.01,72669.74,1775913378000
1775913379.61,79.61,0.76,0.77,0.23,0.24,0.01,0.01,72669.74,1775913378000
1775913380.265,80.265,0.76,0.77,0.22,0.23,0.01,0.01,72669.74,1775913378000
1775913380.661,80.661,0.76,0.77,0.23,0.24,0.01,0.01,72675.87,1775913379000
1775913381.156,81.156,0.78,0.79,0.21,0.24,0.01,0.03,72675.87,1775913379000
1775913381.526,81.526,0.78,0.79,0.21,0.22,0.01,0.01,72677.71,1775913380000
1775913381.967,81.967,0.79,0.8,0.2,0.21,0.01,0.01,72677.71,1775913380000
1775913382.336,82.336,0.79,0.8,0.2,0.21,0.01,0.01,72677.71,1775913380000
1775913382.748,82.748,0.79,0.8,0.2,0.21,0.01,0.01,72678.52,1775913381000
1775913383.148,83.148,0.79,0.8,0.2,0.21,0.01,0.01,72678.52,1775913381000
1775913383.496,83.496,0.78,0.79,0.21,0.22,0.01,0.01,72678.75,1775913382000
1775913383.832,83.832,0.78,0.79,0.21,0.22,0.01,0.01,72678.75,1775913382000
1775913384.203,84.203,0.79,0.8,0.2,0.22,0.01,0.02,72680.13,1775913383000
1775913384.54,84.54,0.79,0.8,0.2,0.21,0.01,0.01,72680.13,1775913383000
1775913384.878,84.878,0.79,0.8,0.2,0.21,0.01,0.01,72680.13,1775913383000
1775913385.238,85.238,0.79,0.81,0.2,0.21,0.02,0.01,72680.13,1775913383000
1775913385.611,85.611,0.8,0.81,0.19,0.21,0.01,0.02,72680.13,1775913383000
1775913385.963,85.963,0.8,0.81,0.19,0.2,0.01,0.01,72681.37,1775913384000
1775913386.461,86.461,0.81,0.82,0.19,0.2,0.01,0.01,72681.37,1775913384000
1775913386.915,86.915,0.81,0.82,0.18,0.19,0.01,0.01,72686.01,1775913385000
1775913387.279,87.279,0.82,0.83,0.17,0.19,0.01,0.02,72686.01,1775913385000
1775913387.684,87.684,0.76,0.77,0.23,0.24,0.01,0.01,72687.73,1775913386000
1775913388.026,88.026,0.76,0.77,0.23,0.24,0.01,0.01,72687.73,1775913386000
1775913388.408,88.408,0.76,0.77,0.23,0.24,0.01,0.01,72687.96,1775913387000
1775913388.896,88.896,0.76,0.77,0.23,0.24,0.01,0.01,72687.96,1775913387000
1775913389.353,89.353,0.75,0.76,0.24,0.25,0.01,0.01,72687.96,1775913387000
1775913389.694,89.694,0.75,0.76,0.24,0.25,0.01,0.01,72683.72,1775913388000
1775913390.316,90.316,0.75,0.76,0.24,0.25,0.01,0.01,72683.72,1775913388000
1775913390.683,90.683,0.77,0.78,0.23,0.24,0.01,0.01,72683.2,1775913389000
1775913391.162,91.162,0.77,0.78,0.22,0.23,0.01,0.01,72683.2,1775913389000
1775913391.572,91.572,0.78,0.79,0.21,0.22,0.01,0.01,72683.2,1775913389000
1775913392.049,92.049,0.78,0.79,0.21,0.22,0.01,0.01,72682.44,1775913390000
1775913392.388,92.388,0.77,0.78,0.21,0.23,0.01,0.02,72682.44,1775913391000
1775913392.8,92.8,0.77,0.78,0.22,0.23,0.01,0.01,72682.44,1775913391000
1775913393.339,93.339,0.77,0.78,0.22,0.23,0.01,0.01,72682.44,1775913391000
1775913393.708,93.708,0.77,0.78,0.22,0.23,0.01,0.01,72682.67,1775913392000
1775913394.216,94.216,0.77,0.79,0.22,0.23,0.02,0.01,72682.67,1775913392000
1775913394.558,94.558,0.77,0.78,0.22,0.23,0.01,0.01,72682.66,1775913393000
1775913395.115,95.115,0.78,0.79,0.2,0.22,0.01,0.02,72682.66,1775913393000
1775913395.567,95.567,0.79,0.8,0.2,0.22,0.01,0.02,72682.66,1775913393000
1775913396.115,96.115,0.79,0.8,0.2,0.21,0.01,0.01,72681.86,1775913394000
1775913396.848,96.848,0.79,0.8,0.2,0.21,0.01,0.01,72682.07,1775913395000
1775913397.386,97.386,0.79,0.82,0.2,0.21,0.03,0.01,72682.07,1775913395000
1775913397.746,97.746,0.82,0.83,0.17,0.18,0.01,0.01,72681.91,1775913396000
1775913398.347,98.347,0.82,0.83,0.17,0.18,0.01,0.01,72681.91,1775913396000
1775913398.744,98.744,0.83,0.84,0.16,0.17,0.01,0.01,72682.03,1775913397000
1775913399.12,99.12,0.83,0.84,0.16,0.17,0.01,0.01,72682.22,1775913398000
1775913399.476,99.476,0.84,0.85,0.15,0.18,0.01,0.03,72682.22,1775913398000
1775913399.824,99.824,0.83,0.84,0.16,0.17,0.01,0.01,72682.22,1775913398000
1775913400.178,100.178,0.82,0.84,0.16,0.17,0.02,0.01,72682.22,1775913398000
1775913400.636,100.636,0.82,0.83,0.16,0.18,0.01,0.02,72685.19,1775913399000
1775913401.221,101.221,0.82,0.83,0.17,0.18,0.01,0.01,72685.19,1775913399000
1775913401.574,101.574,0.81,0.83,0.17,0.19,0.02,0.02,72686.8,1775913400000
1775913401.923,101.923,0.82,0.83,0.17,0.18,0.01,0.01,72686.8,1775913400000
1775913402.29,102.29,0.82,0.83,0.17,0.18,0.01,0.01,72686.99,1775913401000
1775913402.77,102.77,0.82,0.83,0.17,0.18,0.01,0.01,72686.99,1775913401000
1775913403.202,103.202,0.83,0.84,0.16,0.17,0.01,0.01,72686.99,1775913401000
1775913404.06,104.06,0.83,0.84,0.16,0.17,0.01,0.01,72686.9,1775913402000
1775913404.88,104.88,0.83,0.84,0.16,0.17,0.01,0.01,72686.62,1775913403000
1775913405.273,105.273,0.83,0.84,0.16,0.17,0.01,0.01,72686.8,1775913404000
1775913406.038,106.038,0.83,0.84,0.16,0.17,0.01,0.01,72686.8,1775913404000
1775913406.646,106.646,0.83,0.84,0.16,0.17,0.01,0.01,72686.8,1775913404000
1775913407.052,107.052,0.83,0.84,0.16,0.17,0.01,0.01,72686.93,1775913405000
1775913407.706,107.706,0.83,0.85,0.16,0.17,0.02,0.01,72686.8,1775913406000
1775913408.123,108.123,0.83,0.85,0.15,0.16,0.02,0.01,72686.77,1775913407000
1775913408.79,108.79,0.83,0.85,0.15,0.16,0.02,0.01,72686.77,1775913407000
1775913409.129,109.129,0.83,0.84,0.16,0.17,0.01,0.01,72686.77,1775913407000
1775913409.526,109.526,0.84,0.85,0.16,0.17,0.01,0.01,72686.88,1775913408000
1775913409.896,109.896,0.84,0.86,0.15,0.16,0.02,0.01,72686.88,1775913408000
1775913410.427,110.427,0.86,0.87,0.13,0.14,0.01,0.01,72686.88,1775913409000
1775913410.986,110.986,0.86,0.87,0.13,0.14,0.01,0.01,72686.88,1775913409000
1775913411.435,111.435,0.86,0.87,0.13,0.14,0.01,0.01,72686.88,1775913409000
1775913411.892,111.892,0.86,0.87,0.13,0.14,0.01,0.01,72686.89,1775913410000
1775913412.23,112.23,0.86,0.87,0.13,0.14,0.01,0.01,72687.6,1775913411000
1775913412.57,112.57,0.86,0.87,0.13,0.14,0.01,0.01,72687.6,1775913411000
1775913413.027,113.027,0.87,0.88,0.12,0.13,0.01,0.01,72687.6,1775913411000
1775913413.373,113.373,0.86,0.87,0.13,0.14,0.01,0.01,72690.02,1775913412000
1775913413.706,113.706,0.82,0.85,0.15,0.18,0.03,0.03,72690.02,1775913412000
1775913414.178,114.178,0.81,0.82,0.18,0.19,0.01,0.01,72690.02,1775913412000
1775913414.647,114.647,0.81,0.82,0.18,0.19,0.01,0.01,72691.19,1775913413000
1775913414.992,114.992,0.81,0.82,0.18,0.19,0.01,0.01,72691.19,1775913413000
1775913415.475,115.475,0.81,0.82,0.18,0.19,0.01,0.01,72691.08,1775913414000
1775913416.027,116.027,0.81,0.82,0.18,0.19,0.01,0.01,72691.08,1775913414000
1775913416.419,116.419,0.81,0.82,0.18,0.19,0.01,0.01,72688.64,1775913415000
1775913417.025,117.025,0.81,0.82,0.18,0.19,0.01,0.01,72688.64,1775913415000
1775913417.478,117.478,0.81,0.82,0.18,0.19,0.01,0.01,72685.71,1775913416000
1775913418.047,118.047,0.81,0.82,0.17,0.19,0.01,0.02,72685.71,1775913416000
1775913418.382,118.382,0.8,0.81,0.19,0.2,0.01,0.01,72685.52,1775913417000
1775913418.771,118.771,0.8,0.81,0.19,0.2,0.01,0.01,72685.52,1775913417000
1775913419.413,119.413,0.8,0.81,0.19,0.2,0.01,0.01,72685.52,1775913417000
1775913420.01,120.01,0.8,0.81,0.19,0.2,0.01,0.01,72685.37,1775913418000
1775913420.36,120.36,0.8,0.81,0.19,0.2,0.01,0.01,72683.99,1775913419000
1775913420.758,120.758,0.81,0.82,0.19,0.2,0.01,0.01,72683.99,1775913419000
1775913421.402,121.402,0.81,0.82,0.18,0.19,0.01,0.01,72683.99,1775913419000
1775913421.86,121.86,0.81,0.82,0.18,0.19,0.01,0.01,72682.91,1775913420000
1775913422.299,122.299,0.81,0.82,0.18,0.19,0.01,0.01,72682.91,1775913420000
1775913422.915,122.915,0.81,0.84,0.18,0.19,0.03,0.01,72682.88,1775913421000
1775913423.343,123.343,0.82,0.83,0.17,0.18,0.01,0.01,72682.82,1775913422000
1775913423.799,123.799,0.82,0.83,0.17,0.18,0.01,0.01,72682.82,1775913422000
1775913424.332,124.332,0.84,0.85,0.15,0.16,0.01,0.01,72682.82,1775913422000
1775913424.701,124.701,0.84,0.86,0.15,0.17,0.02,0.02,72682.48,1775913423000
1775913425.056,125.056,0.86,0.87,0.13,0.14,0.01,0.01,72682.48,1775913423000
1775913425.61,125.61,0.86,0.87,0.13,0.14,0.01,0.01,72682.77,1775913424000
1775913426.205,126.205,0.86,0.87,0.13,0.14,0.01,0.01,72682.77,1775913424000
1775913426.547,126.547,0.86,0.87,0.13,0.14,0.01,0.01,72682.81,1775913425000
1775913426.923,126.923,0.86,0.87,0.13,0.14,0.01,0.01,72682.81,1775913425000
1775913427.423,127.423,0.85,0.87,0.13,0.14,0.02,0.01,72682.81,1775913425000
1775913428.013,128.013,0.86,0.87,0.13,0.14,0.01,0.01,72684.64,1775913426000
1775913428.663,128.663,0.86,0.87,0.13,0.14,0.01,0.01,72684.9,1775913427000
1775913429.085,129.085,0.86,0.88,0.13,0.14,0.02,0.01,72684.9,1775913427000
1775913429.689,129.689,0.86,0.88,0.12,0.14,0.02,0.02,72685.17,1775913428000
1775913430.081,130.081,0.86,0.87,0.12,0.14,0.01,0.02,72685.17,1775913428000
1775913430.451,130.451,0.86,0.87,0.13,0.14,0.01,0.01,72685.17,1775913428000
1775913430.838,130.838,0.86,0.87,0.13,0.14,0.01,0.01,72685.28,1775913429000
1775913431.25,131.25,0.85,0.86,0.13,0.14,0.01,0.01,72684.66,1775913430000
1775913431.592,131.592,0.85,0.86,0.14,0.15,0.01,0.01,72684.66,1775913430000
1775913432.014,132.014,0.85,0.86,0.14,0.15,0.01,0.01,72684.66,1775913431000
1775913432.441,132.441,0.85,0.88,0.14,0.15,0.03,0.01,72684.66,1775913431000
1775913432.915,132.915,0.84,0.85,0.12,0.15,0.01,0.03,72684.66,1775913431000
1775913433.329,133.329,0.81,0.82,0.18,0.19,0.01,0.01,72684.61,1775913432000
1775913433.951,133.951,0.81,0.82,0.18,0.19,0.01,0.01,72684.61,1775913432000
1775913434.294,134.294,0.81,0.82,0.18,0.19,0.01,0.01,72684.71,1775913433000
1775913434.632,134.632,0.81,0.83,0.18,0.19,0.02,0.01,72684.71,1775913433000
1775913435.049,135.049,0.82,0.83,0.17,0.18,0.01,0.01,72684.71,1775913433000
1775913435.5,135.5,0.82,0.83,0.17,0.18,0.01,0.01,72684.71,1775913433000
1775913435.91,135.91,0.82,0.83,0.17,0.18,0.01,0.01,72680.55,1775913434000
1775913436.257,136.257,0.82,0.83,0.17,0.18,0.01,0.01,72681.08,1775913435000
1775913436.723,136.723,0.82,0.83,0.17,0.18,0.01,0.01,72681.08,1775913435000
1775913437.105,137.105,0.82,0.84,0.17,0.18,0.02,0.01,72681.08,1775913435000
1775913437.789,137.789,0.83,0.84,0.16,0.17,0.01,0.01,72680.59,1775913436000
1775913438.242,138.242,0.83,0.84,0.16,0.17,0.01,0.01,72680.59,1775913436000
1775913438.891,138.891,0.83,0.84,0.16,0.17,0.01,0.01,72680.64,1775913438000
1775913439.493,139.493,0.82,0.83,0.16,0.18,0.01,0.02,72680.64,1775913438000
1775913440.09,140.09,0.82,0.83,0.17,0.18,0.01,0.01,72680.64,1775913438000
1775913440.612,140.612,0.82,0.83,0.17,0.18,0.01,0.01,72680.39,1775913439000
1775913441.269,141.269,0.82,0.83,0.17,0.18,0.01,0.01,72680.25,1775913440000
1775913441.791,141.791,0.82,0.83,0.17,0.18,0.01,0.01,72680.25,1775913440000
1775913442.159,142.159,0.82,0.83,0.17,0.18,0.01,0.01,72680.23,1775913441000
1775913442.522,142.522,0.82,0.83,0.17,0.18,0.01,0.01,72680.23,1775913441000
1775913443.026,143.026,0.82,0.83,0.17,0.18,0.01,0.01,72680.23,1775913442000
1775913443.654,143.654,0.82,0.83,0.17,0.18,0.01,0.01,72680.23,1775913442000
1775913444.401,144.401,0.84,0.85,0.17,0.18,0.01,0.01,72679.39,1775913443000
1775913444.888,144.888,0.84,0.85,0.15,0.16,0.01,0.01,72679.8,1775913444000
1775913445.376,145.376,0.84,0.87,0.15,0.16,0.03,0.01,72679.8,1775913444000
1775913445.846,145.846,0.87,0.88,0.13,0.16,0.01,0.03,72679.8,1775913444000
1775913446.325,146.325,0.87,0.88,0.12,0.13,0.01,0.01,72679.84,1775913445000
1775913446.658,146.658,0.87,0.88,0.12,0.13,0.01,0.01,72679.84,1775913445000
1775913447.132,147.132,0.88,0.89,0.11,0.13,0.01,0.02,72679.84,1775913445000
1775913447.469,147.469,0.88,0.89,0.11,0.12,0.01,0.01,72681.22,1775913446000
1775913447.877,147.877,0.88,0.89,0.11,0.12,0.01,0.01,72681.22,1775913446000
1775913448.372,148.372,0.88,0.89,0.11,0.12,0.01,0.01,72681.82,1775913447000
1775913448.705,148.705,0.88,0.89,0.11,0.12,0.01,0.01,72681.82,1775913447000
1775913449.116,149.116,0.88,0.89,0.11,0.12,0.01,0.01,72681.82,1775913447000
1775913449.507,149.507,0.89,0.9,0.1,0.11,0.01,0.01,72681.82,1775913447000
1775913449.85,149.85,0.89,0.9,0.1,0.11,0.01,0.01,72682.13,1775913448000
1775913450.214,150.214,0.89,0.9,0.1,0.11,0.01,0.01,72682.13,1775913448000
1775913450.554,150.554,0.89,0.9,0.1,0.11,0.01,0.01,72682.18,1775913449000
1775913450.972,150.972,0.89,0.9,0.1,0.11,0.01,0.01,72682.18,1775913449000
1775913451.397,151.397,0.89,0.9,0.1,0.12,0.01,0.02,72682.18,1775913449000
1775913451.734,151.734,0.89,0.9,0.1,0.11,0.01,0.01,72682.62,1775913450000
1775913452.166,152.166,0.9,0.91,0.09,0.12,0.01,0.03,72683.13,1775913451000
1775913452.719,152.719,0.9,0.91,0.09,0.1,0.01,0.01,72683.13,1775913451000
1775913453.246,153.246,0.9,0.91,0.09,0.1,0.01,0.01,72682.89,1775913452000
1775913453.752,153.752,0.91,0.92,0.08,0.1,0.01,0.02,72682.89,1775913452000
1775913454.357,154.357,0.9,0.91,0.09,0.1,0.01,0.01,72682.89,1775913452000
1775913454.94,154.94,0.9,0.92,0.08,0.1,0.02,0.02,72683.88,1775913454000
1775913455.422,155.422,0.91,0.92,0.08,0.1,0.01,0.02,72683.88,1775913454000
1775913456.131,156.131,0.9,0.92,0.08,0.1,0.02,0.02,72683.88,1775913455000
1775913456.475,156.475,0.9,0.91,0.09,0.1,0.01,0.01,72683.88,1775913455000
1775913457.023,157.023,0.9,0.91,0.09,0.1,0.01,0.01,72683.88,1775913455000
1775913457.365,157.365,0.88,0.89,0.09,0.1,0.01,0.01,72684.5,1775913456000
1775913457.85,157.85,0.86,0.87,0.13,0.14,0.01,0.01,72684.5,1775913456000
1775913458.222,158.222,0.86,0.87,0.13,0.14,0.01,0.01,72684.5,1775913456000
1775913458.77,158.77,0.86,0.87,0.13,0.14,0.01,0.01,72684.93,1775913457000
1775913459.421,159.421,0.86,0.87,0.13,0.14,0.01,0.01,72684.11,1775913458000
1775913459.867,159.867,0.86,0.87,0.13,0.14,0.01,0.01,72684.11,1775913458000
1775913460.223,160.223,0.86,0.87,0.13,0.14,0.01,0.01,72681.01,1775913459000
1775913461.289,161.289,0.86,0.87,0.13,0.14,0.01,0.01,72681.01,1775913459000
1775913461.672,161.672,0.86,0.88,0.13,0.14,0.02,0.01,72677.95,1775913460000
1775913462.051,162.051,0.87,0.88,0.12,0.13,0.01,0.01,72677.95,1775913460000
1775913463.434,163.434,0.87,0.88,0.12,0.13,0.01,0.01,72680.56,1775913462000
1775913464.04,164.04,0.87,0.88,0.12,0.13,0.01,0.01,72680.56,1775913462000
1775913464.6,164.6,0.87,0.88,0.12,0.13,0.01,0.01,72681.2,1775913463000
1775913465.109,165.109,0.87,0.88,0.12,0.13,0.01,0.01,72680.43,1775913464000
1775913465.557,165.557,0.87,0.88,0.12,0.13,0.01,0.01,72680.43,1775913464000
1775913466.201,166.201,0.87,0.88,0.12,0.13,0.01,0.01,72680.25,1775913465000
1775913466.588,166.588,0.87,0.88,0.12,0.13,0.01,0.01,72680.25,1775913465000
1775913466.979,166.979,0.87,0.88,0.12,0.13,0.01,0.01,72680.25,1775913465000
1775913467.472,167.472,0.87,0.88,0.12,0.13,0.01,0.01,72679.94,1775913466000
1775913468.242,168.242,0.87,0.88,0.12,0.13,0.01,0.01,72678.63,1775913467000
1775913468.661,168.661,0.88,0.89,0.11,0.13,0.01,0.02,72678.63,1775913467000
1775913469.106,169.106,0.88,0.89,0.11,0.12,0.01,0.01,72679.8,1775913468000
1775913470.036,170.036,0.88,0.89,0.11,0.12,0.01,0.01,72679.79,1775913469000
1775913470.38,170.38,0.89,0.9,0.1,0.11,0.01,0.01,72679.79,1775913469000
1775913471.087,171.087,0.89,0.9,0.1,0.11,0.01,0.01,72679.81,1775913470000
1775913471.423,171.423,0.9,0.91,0.09,0.1,0.01,0.01,72679.81,1775913470000
1775913471.768,171.768,0.92,0.93,0.07,0.08,0.01,0.01,72679.81,1775913470000
1775913472.152,172.152,0.92,0.93,0.07,0.08,0.01,0.01,72679.01,1775913471000
1775913472.804,172.804,0.92,0.93,0.07,0.08,0.01,0.01,72679.01,1775913471000
1775913473.318,173.318,0.92,0.93,0.07,0.08,0.01,0.01,72680.46,1775913472000
1775913473.852,173.852,0.92,0.93,0.07,0.08,0.01,0.01,72680.46,1775913472000
1775913474.279,174.279,0.92,0.93,0.07,0.08,0.01,0.01,72690.79,1775913473000
1775913475.001,175.001,0.92,0.93,0.07,0.08,0.01,0.01,72690.79,1775913473000
1775913475.649,175.649,0.92,0.93,0.07,0.08,0.01,0.01,72691.09,1775913474000
1775913475.99,175.99,0.92,0.93,0.07,0.08,0.01,0.01,72691.09,1775913474000
1775913476.378,176.378,0.92,0.93,0.07,0.08,0.01,0.01,72690.89,1775913475000
1775913476.775,176.775,0.92,0.93,0.07,0.08,0.01,0.01,72690.89,1775913475000
1775913477.257,177.257,0.88,0.89,0.11,0.12,0.01,0.01,72687.81,1775913476000
1775913477.595,177.595,0.88,0.89,0.11,0.12,0.01,0.01,72687.81,1775913476000
1775913478.02,178.02,0.88,0.89,0.11,0.12,0.01,0.01,72687.75,1775913477000
1775913478.736,178.736,0.88,0.89,0.11,0.12,0.01,0.01,72687.75,1775913477000
1775913479.182,179.182,0.88,0.89,0.11,0.12,0.01,0.01,72682.86,1775913478000
1775913479.576,179.576,0.88,0.89,0.11,0.12,0.01,0.01,72682.86,1775913478000
1775913480.234,180.234,0.88,0.89,0.11,0.12,0.01,0.01,72682.83,1775913479000
1775913480.742,180.742,0.88,0.89,0.11,0.12,0.01,0.01,72682.83,1775913479000
1775913481.168,181.168,0.75,0.83,0.17,0.25,0.08,0.08,72682.83,1775913479000
1775913481.799,181.799,0.68,0.78,0.22,0.3,0.1,0.08,72682.23,1775913480000
1775913482.169,182.169,0.77,0.78,0.18,0.27,0.01,0.09,72664.91,1775913481000
1775913482.529,182.529,0.77,0.79,0.21,0.23,0.02,0.02,72664.91,1775913481000
1775913482.866,182.866,0.73,0.74,0.26,0.27,0.01,0.01,72664.91,1775913481000
1775913483.205,183.205,0.73,0.74,0.26,0.27,0.01,0.01,72664.91,1775913481000
1775913483.569,183.569,0.72,0.73,0.27,0.28,0.01,0.01,72651.03,1775913482000
1775913483.915,183.915,0.72,0.73,0.27,0.28,0.01,0.01,72651.03,1775913482000
1775913484.285,184.285,0.73,0.74,0.26,0.27,0.01,0.01,72655.21,1775913483000
1775913484.628,184.628,0.74,0.75,0.25,0.26,0.01,0.01,72655.21,1775913483000
1775913485.028,185.028,0.74,0.75,0.25,0.26,0.01,0.01,72655.21,1775913483000
1775913485.372,185.372,0.74,0.75,0.25,0.26,0.01,0.01,72655.37,1775913484000
1775913485.864,185.864,0.75,0.76,0.24,0.25,0.01,0.01,72655.37,1775913484000
1775913486.354,186.354,0.75,0.76,0.24,0.25,0.01,0.01,72655.37,1775913484000
1775913486.709,186.709,0.82,0.83,0.18,0.21,0.01,0.03,72655.37,1775913484000
1775913487.14,187.14,0.84,0.85,0.15,0.16,0.01,0.01,72655.45,1775913485000
1775913487.562,187.562,0.84,0.85,0.15,0.16,0.01,0.01,72655.45,1775913485000
1775913487.909,187.909,0.86,0.87,0.13,0.14,0.01,0.01,72655.45,1775913486000
1775913488.334,188.334,0.86,0.87,0.13,0.14,0.01,0.01,72655.45,1775913486000
1775913488.832,188.832,0.86,0.88,0.13,0.14,0.02,0.01,72655.74,1775913487000
1775913489.216,189.216,0.86,0.88,0.12,0.14,0.02,0.02,72655.74,1775913487000
1775913489.585,189.585,0.87,0.88,0.13,0.14,0.01,0.01,72655.74,1775913487000
1775913489.943,189.943,0.85,0.87,0.12,0.14,0.02,0.02,72655.74,1775913487000
1775913490.317,190.317,0.85,0.86,0.13,0.15,0.01,0.02,72666.93,1775913488000
1775913490.761,190.761,0.85,0.86,0.14,0.15,0.01,0.01,72666.93,1775913488000
1775913491.289,191.289,0.83,0.84,0.16,0.17,0.01,0.01,72666.93,1775913488000
1775913491.689,191.689,0.83,0.84,0.16,0.17,0.01,0.01,72668.1,1775913489000
1775913492.044,192.044,0.83,0.84,0.16,0.17,0.01,0.01,72668.1,1775913489000
1775913492.649,192.649,0.82,0.84,0.16,0.17,0.02,0.01,72668.96,1775913490000
1775913493.043,193.043,0.84,0.85,0.14,0.16,0.01,0.02,72668.96,1775913490000
1775913493.409,193.409,0.83,0.85,0.15,0.17,0.02,0.02,72669.46,1775913491000
1775913493.79,193.79,0.84,0.85,0.15,0.17,0.01,0.02,72668.23,1775913492000
1775913494.452,194.452,0.84,0.85,0.15,0.16,0.01,0.01,72668.21,1775913493000
1775913494.883,194.883,0.86,0.87,0.13,0.14,0.01,0.01,72668.21,1775913493000
1775913495.35,195.35,0.86,0.88,0.12,0.13,0.02,0.01,72668.5,1775913494000
1775913495.752,195.752,0.87,0.88,0.12,0.13,0.01,0.01,72668.5,1775913494000
1775913496.093,196.093,0.89,0.9,0.1,0.11,0.01,0.01,72668.5,1775913494000
1775913496.485,196.485,0.89,0.9,0.1,0.11,0.01,0.01,72669.05,1775913495000
1775913496.893,196.893,0.9,0.91,0.09,0.1,0.01,0.01,72669.05,1775913495000
1775913497.262,197.262,0.91,0.92,0.08,0.09,0.01,0.01,72669.05,1775913495000
1775913497.68,197.68,0.91,0.92,0.08,0.09,0.01,0.01,72671.98,1775913496000
1775913498.067,198.067,0.91,0.92,0.08,0.09,0.01,0.01,72672.51,1775913497000
1775913498.412,198.412,0.89,0.91,0.09,0.11,0.02,0.02,72672.51,1775913497000
1775913499.086,199.086,0.89,0.9,0.1,0.11,0.01,0.01,72676.05,1775913498000
1775913499.824,199.824,0.91,0.92,0.08,0.09,0.01,0.01,72676.05,1775913498000
1775913500.286,200.286,0.91,0.92,0.08,0.09,0.01,0.01,72676.05,1775913498000
1775913501.409,201.409,0.91,0.92,0.08,0.09,0.01,0.01,72677.48,1775913500000
1775913501.819,201.819,0.93,0.94,0.06,0.07,0.01,0.01,72677.48,1775913500000
1775913502.191,202.191,0.93,0.94,0.06,0.07,0.01,0.01,72677.52,1775913501000
1775913502.603,202.603,0.93,0.94,0.06,0.07,0.01,0.01,72677.52,1775913501000
1775913502.968,202.968,0.92,0.93,0.07,0.08,0.01,0.01,72677.52,1775913501000
1775913503.335,203.335,0.92,0.93,0.07,0.08,0.01,0.01,72677.85,1775913502000
1775913503.757,203.757,0.92,0.93,0.07,0.08,0.01,0.01,72677.85,1775913502000
1775913504.105,204.105,0.92,0.93,0.07,0.08,0.01,0.01,72683.45,1775913503000
1775913504.698,204.698,0.93,0.94,0.07,0.08,0.01,0.01,72683.45,1775913503000
1775913505.089,205.089,0.93,0.94,0.06,0.07,0.01,0.01,72683.45,1775913503000
1775913505.715,205.715,0.92,0.93,0.07,0.08,0.01,0.01,72684.64,1775913504000
1775913506.214,206.214,0.92,0.93,0.07,0.08,0.01,0.01,72684.64,1775913504000
1775913506.648,206.648,0.92,0.94,0.07,0.08,0.02,0.01,72684.76,1775913505000
1775913507.05,207.05,0.92,0.93,0.07,0.08,0.01,0.01,72684.76,1775913505000
1775913507.417,207.417,0.94,0.95,0.05,0.06,0.01,0.01,72684.61,1775913506000
1775913507.983,207.983,0.94,0.95,0.05,0.06,0.01,0.01,72684.61,1775913506000
1775913508.432,208.432,0.94,0.95,0.05,0.06,0.01,0.01,72684.61,1775913507000
1775913508.822,208.822,0.94,0.95,0.05,0.06,0.01,0.01,72684.61,1775913507000
1775913509.166,209.166,0.94,0.95,0.05,0.06,0.01,0.01,72684.61,1775913507000
1775913509.542,209.542,0.94,0.95,0.05,0.06,0.01,0.01,72684.61,1775913508000
1775913510.013,210.013,0.94,0.95,0.05,0.06,0.01,0.01,72684.61,1775913508000
1775913510.42,210.42,0.94,0.95,0.05,0.06,0.01,0.01,72684.92,1775913509000
1775913510.924,210.924,0.95,0.96,0.04,0.05,0.01,0.01,72684.92,1775913509000
1775913511.271,211.271,0.95,0.96,0.04,0.05,0.01,0.01,72691.13,1775913510000
1775913511.621,211.621,0.95,0.96,0.04,0.05,0.01,0.01,72691.13,1775913510000
1775913512.013,212.013,0.94,0.95,0.04,0.06,0.01,0.02,72691.13,1775913510000
1775913512.381,212.381,0.95,0.96,0.04,0.06,0.01,0.02,72691.63,1775913511000
1775913512.785,212.785,0.95,0.96,0.04,0.06,0.01,0.02,72691.63,1775913511000
1775913513.164,213.164,0.94,0.95,0.05,0.06,0.01,0.01,72692.1,1775913512000
1775913513.523,213.523,0.95,0.96,0.05,0.06,0.01,0.01,72692.1,1775913512000
1775913513.973,213.973,0.96,0.97,0.03,0.04,0.01,0.01,72692.1,1775913512000
1775913514.403,214.403,0.95,0.96,0.04,0.05,0.01,0.01,72692.12,1775913513000
1775913514.878,214.878,0.96,0.97,0.03,0.04,0.01,0.01,72692.12,1775913513000
1775913515.271,215.271,0.96,0.97,0.03,0.04,0.01,0.01,72692.11,1775913514000
1775913515.696,215.696,0.96,0.97,0.03,0.04,0.01,0.01,72692.11,1775913514000
1775913516.064,216.064,0.96,0.97,0.03,0.04,0.01,0.01,72693.3,1775913515000
1775913516.568,216.568,0.96,0.97,0.03,0.04,0.01,0.01,72693.3,1775913515000
1775913516.913,216.913,0.96,0.97,0.03,0.04,0.01,0.01,72693.3,1775913515000
1775913517.719,217.719,0.96,0.97,0.03,0.05,0.01,0.02,72695.35,1775913516000
1775913518.204,218.204,0.96,0.97,0.03,0.04,0.01,0.01,72700.76,1775913517000
1775913518.636,218.636,0.96,0.97,0.03,0.04,0.01,0.01,72700.76,1775913517000
1775913519.055,219.055,0.96,0.97,0.03,0.04,0.01,0.01,72700.76,1775913517000
1775913519.595,219.595,0.96,0.97,0.03,0.04,0.01,0.01,72701.88,1775913518000
1775913520.08,220.08,0.96,0.97,0.03,0.04,0.01,0.01,72701.88,1775913518000
1775913520.52,220.52,0.96,0.97,0.03,0.04,0.01,0.01,72705.13,1775913519000
1775913520.888,220.888,0.96,0.97,0.03,0.04,0.01,0.01,72705.13,1775913519000
1775913521.289,221.289,0.96,0.97,0.03,0.04,0.01,0.01,72705.13,1775913520000
1775913521.63,221.63,0.96,0.97,0.03,0.04,0.01,0.01,72705.13,1775913520000
1775913522.181,222.181,0.96,0.97,0.03,0.04,0.01,0.01,72705.13,1775913520000
1775913522.547,222.547,0.96,0.97,0.03,0.04,0.01,0.01,72706.38,1775913521000
1775913522.885,222.885,0.96,0.97,0.03,0.04,0.01,0.01,72706.38,1775913521000
1775913523.312,223.312,0.96,0.97,0.03,0.04,0.01,0.01,72706.38,1775913521000
1775913523.815,223.815,0.96,0.97,0.03,0.04,0.01,0.01,72707.1,1775913522000
1775913524.164,224.164,0.96,0.97,0.03,0.04,0.01,0.01,72707.14,1775913523000
1775913524.524,224.524,0.96,0.97,0.03,0.04,0.01,0.01,72707.14,1775913523000
1775913524.973,224.973,0.97,0.98,0.02,0.03,0.01,0.01,72707.14,1775913523000
1775913525.429,225.429,0.97,0.98,0.02,0.03,0.01,0.01,72709.67,1775913524000
1775913526.023,226.023,0.97,0.98,0.02,0.03,0.01,0.01,72709.67,1775913524000
1775913526.404,226.404,0.97,0.98,0.02,0.03,0.01,0.01,72709.81,1775913525000
1775913526.751,226.751,0.97,0.98,0.02,0.03,0.01,0.01,72709.81,1775913525000
1775913527.225,227.225,0.96,0.98,0.02,0.04,0.02,0.02,72710.03,1775913526000
1775913527.64,227.64,0.97,0.98,0.02,0.03,0.01,0.01,72710.03,1775913526000
1775913528.304,228.304,0.97,0.98,0.02,0.03,0.01,0.01,72710.13,1775913527000
1775913528.701,228.701,0.96,0.97,0.02,0.04,0.01,0.02,72710.13,1775913527000
1775913529.131,229.131,0.97,0.98,0.03,0.04,0.01,0.01,72710.13,1775913527000
1775913529.644,229.644,0.97,0.98,0.02,0.03,0.01,0.01,72714.01,1775913528000
1775913529.984,229.984,0.97,0.98,0.02,0.03,0.01,0.01,72714.01,1775913528000
1775913530.383,230.383,0.97,0.98,0.02,0.03,0.01,0.01,72714.01,1775913528000
1775913530.717,230.717,0.97,0.98,0.02,0.03,0.01,0.01,72714.48,1775913529000
1775913531.104,231.104,0.97,0.98,0.02,0.03,0.01,0.01,72714.52,1775913530000
1775913531.488,231.488,0.97,0.98,0.02,0.03,0.01,0.01,72714.52,1775913530000
1775913531.907,231.907,0.97,0.98,0.02,0.03,0.01,0.01,72714.52,1775913530000
1775913532.302,232.302,0.97,0.98,0.02,0.03,0.01,0.01,72714.74,1775913531000
1775913532.638,232.638,0.97,0.98,0.02,0.03,0.01,0.01,72714.74,1775913531000
1775913533.151,233.151,0.97,0.98,0.02,0.03,0.01,0.01,72714.74,1775913531000
1775913533.495,233.495,0.97,0.98,0.02,0.03,0.01,0.01,72714.74,1775913531000
1775913533.968,233.968,0.97,0.98,0.02,0.03,0.01,0.01,72714.66,1775913532000
1775913534.389,234.389,0.97,0.98,0.02,0.03,0.01,0.01,72718.0,1775913533000
1775913534.749,234.749,0.97,0.98,0.02,0.03,0.01,0.01,72718.0,1775913533000
1775913535.098,235.098,0.98,0.99,0.01,0.02,0.01,0.01,72718.0,1775913533000
1775913535.556,235.556,0.98,0.99,0.01,0.02,0.01,0.01,72718.0,1775913533000
1775913535.986,235.986,0.98,0.99,0.01,0.02,0.01,0.01,72725.12,1775913534000
1775913536.326,236.326,0.98,0.99,0.01,0.02,0.01,0.01,72725.95,1775913535000
1775913536.916,236.916,0.98,0.99,0.01,0.02,0.01,0.01,72725.95,1775913535000
1775913537.312,237.312,0.98,0.99,0.01,0.02,0.01,0.01,72725.95,1775913535000
1775913537.666,237.666,0.98,0.99,0.01,0.02,0.01,0.01,72727.21,1775913536000
1775913538.178,238.178,0.98,0.99,0.01,0.02,0.01,0.01,72727.21,1775913536000
1775913538.7,238.7,0.98,0.99,0.01,0.02,0.01,0.01,72727.21,1775913537000
1775913539.092,239.092,0.98,0.99,0.01,0.02,0.01,0.01,72727.21,1775913537000
1775913539.471,239.471,0.98,0.99,0.01,0.02,0.01,0.01,72727.23,1775913538000
1775913540.151,240.151,0.98,0.99,0.01,0.02,0.01,0.01,72727.24,1775913539000
1775913540.496,240.496,0.98,0.99,0.01,0.02,0.01,0.01,72727.24,1775913539000
1775913540.848,240.848,0.98,0.99,0.01,0.02,0.01,0.01,72727.24,1775913539000
1775913541.211,241.211,0.98,0.99,0.01,0.02,0.01,0.01,72727.13,1775913540000
1775913541.578,241.578,0.98,0.99,0.01,0.02,0.01,0.01,72727.13,1775913540000
1775913541.973,241.973,0.98,0.99,0.01,0.02,0.01,0.01,72727.13,1775913540000
1775913542.351,242.351,0.98,0.99,0.01,0.02,0.01,0.01,72727.13,1775913540000
1775913542.684,242.684,0.98,0.99,0.01,0.02,0.01,0.01,72727.59,1775913541000
1775913543.093,243.093,0.98,0.99,0.01,0.02,0.01,0.01,72727.59,1775913541000
1775913543.484,243.484,0.98,0.99,0.01,0.02,0.01,0.01,72727.98,1775913542000
1775913543.888,243.888,0.98,0.99,0.01,0.02,0.01,0.01,72727.98,1775913542000
1775913544.269,244.269,0.98,0.99,0.01,0.02,0.01,0.01,72727.98,1775913542000
1775913544.717,244.717,0.98,0.99,0.01,0.02,0.01,0.01,72727.97,1775913543000
1775913545.157,245.157,0.98,0.99,0.01,0.02,0.01,0.01,72728.0,1775913544000
1775913545.687,245.687,0.98,0.99,0.01,0.02,0.01,0.01,72728.0,1775913544000
1775913546.046,246.046,0.98,0.99,0.01,0.02,0.01,0.01,72728.0,1775913544000
1775913546.449,246.449,0.98,0.99,0.01,0.02,0.01,0.01,72728.2,1775913545000
1775913546.869,246.869,0.98,0.99,0.01,0.02,0.01,0.01,72728.2,1775913545000
1775913547.204,247.204,0.98,0.99,0.01,0.02,0.01,0.01,72728.2,1775913545000
1775913547.926,247.926,0.98,0.99,0.01,0.02,0.01,0.01,72725.06,1775913546000
1775913548.267,248.267,0.98,0.99,0.01,0.02,0.01,0.01,72723.23,1775913547000
1775913548.992,248.992,0.98,0.99,0.01,0.02,0.01,0.01,72723.23,1775913547000
1775913549.355,249.355,0.98,0.99,0.01,0.02,0.01,0.01,72723.23,1775913547000
1775913549.702,249.702,0.98,0.99,0.01,0.02,0.01,0.01,72723.23,1775913547000
1775913550.197,250.197,0.98,0.99,0.01,0.02,0.01,0.01,72719.55,1775913548000
1775913550.694,250.694,0.98,0.99,0.01,0.02,0.01,0.01,72724.44,1775913549000
1775913551.191,251.191,0.98,0.99,0.01,0.02,0.01,0.01,72724.44,1775913549000
1775913551.65,251.65,0.98,0.99,0.01,0.02,0.01,0.01,72725.26,1775913550000
1775913552.266,252.266,0.98,0.99,0.01,0.02,0.01,0.01,72725.26,1775913550000
1775913552.676,252.676,0.99,0.99,0.01,0.01,0.0,0.0,72725.26,1775913550000
1775913553.034,253.034,0.99,0.99,0.01,0.01,0.0,0.0,72726.14,1775913551000
1775913553.415,253.415,0.99,0.99,0.01,0.01,0.0,0.0,72726.14,1775913551000
1775913554.709,254.709,0.99,0.99,0.01,0.01,0.0,0.0,72728.36,1775913553000
1775913555.065,255.065,0.99,0.99,0.01,0.01,0.0,0.0,72728.36,1775913553000
1775913555.426,255.426,0.99,0.99,0.01,0.01,0.0,0.0,72730.06,1775913554000
1775913555.875,255.875,0.99,0.99,0.01,0.01,0.0,0.0,72730.06,1775913554000
1775913556.235,256.235,0.99,0.99,0.01,0.01,0.0,0.0,72730.41,1775913555000
1775913556.813,256.813,0.99,0.99,0.01,0.01,0.0,0.0,72730.41,1775913555000
1775913557.588,257.588,0.99,0.99,0.01,0.01,0.0,0.0,72735.81,1775913556000
1775913558.25,258.25,0.99,0.99,0.01,0.01,0.0,0.0,72739.92,1775913557000
1775913559.28,259.28,0.99,0.99,0.01,0.01,0.0,0.0,72739.92,1775913557000
1775913559.952,259.952,0.99,0.99,0.01,0.01,0.0,0.0,72742.4,1775913558000
1775913560.572,260.572,0.99,0.99,0.01,0.01,0.0,0.0,72742.4,1775913558000
1775913560.925,260.925,0.99,0.99,0.01,0.01,0.0,0.0,72741.34,1775913559000
1775913561.352,261.352,0.99,0.99,0.01,0.01,0.0,0.0,72740.88,1775913560000
1775913561.808,261.808,0.99,0.99,0.01,0.01,0.0,0.0,72740.88,1775913560000
1775913562.74,262.74,0.99,0.99,0.01,0.01,0.0,0.0,72740.63,1775913561000
1775913563.394,263.394,0.99,0.99,0.01,0.01,0.0,0.0,72740.65,1775913562000
1775913563.738,263.738,0.99,0.99,0.01,0.01,0.0,0.0,72740.65,1775913562000
1775913564.133,264.133,0.99,0.99,0.01,0.01,0.0,0.0,72740.87,1775913563000
1775913564.638,264.638,0.99,0.99,0.01,0.01,0.0,0.0,72740.87,1775913563000
1775913565.076,265.076,0.99,0.99,0.01,0.01,0.0,0.0,72740.87,1775913563000
1775913565.488,265.488,0.99,0.99,0.01,0.01,0.0,0.0,72742.79,1775913564000
1775913566.255,266.255,0.99,0.99,0.01,0.01,0.0,0.0,72743.46,1775913565000
1775913567.622,267.622,0.99,0.99,0.01,0.01,0.0,0.0,72746.91,1775913566000
1775913567.999,267.999,0.99,0.99,0.01,0.01,0.0,0.0,72746.91,1775913566000
1775913568.626,268.626,0.99,0.99,0.01,0.01,0.0,0.0,72748.03,1775913567000
1775913569.004,269.004,0.99,0.99,0.01,0.01,0.0,0.0,72748.03,1775913567000
1775913569.46,269.46,0.99,0.99,0.01,0.01,0.0,0.0,72748.25,1775913568000
1775913570.092,270.092,0.99,0.99,0.01,0.01,0.0,0.0,72748.25,1775913568000
1775913571.09,271.09,0.99,0.99,0.01,0.01,0.0,0.0,72749.43,1775913570000
1775913571.927,271.927,0.99,0.99,0.01,0.01,0.0,0.0,72749.43,1775913570000
1775913572.446,272.446,0.99,0.99,0.01,0.01,0.0,0.0,72749.75,1775913571000
1775913572.983,272.983,0.99,0.99,0.01,0.01,0.0,0.0,72750.29,1775913572000
1775913573.318,273.318,0.99,0.99,0.01,0.01,0.0,0.0,72750.29,1775913572000
1775913573.897,273.897,0.99,0.99,0.01,0.01,0.0,0.0,72750.29,1775913572000
1775913574.988,274.988,0.99,0.99,0.01,0.01,0.0,0.0,72750.56,1775913574000
1775913575.978,275.978,0.99,0.99,0.01,0.01,0.0,0.0,72750.81,1775913575000
1775913576.916,276.916,0.99,0.99,0.01,0.01,0.0,0.0,72750.89,1775913576000
1775913577.923,277.923,0.99,0.99,0.01,0.01,0.0,0.0,72751.45,1775913577000
1775913578.692,278.692,0.99,0.99,0.01,0.01,0.0,0.0,72751.45,1775913577000
1775913579.434,279.434,0.99,0.99,0.01,0.01,0.0,0.0,72751.58,1775913578000
1775913579.856,279.856,0.99,0.99,0.01,0.01,0.0,0.0,72751.57,1775913579000
1775913580.458,280.458,0.99,0.99,0.01,0.01,0.0,0.0,72751.57,1775913579000
1775913580.791,280.791,0.99,0.99,0.01,0.01,0.0,0.0,72751.57,1775913579000
1775913581.368,281.368,0.99,0.99,0.01,0.01,0.0,0.0,72752.22,1775913580000
1775913581.944,281.944,0.99,0.99,0.01,0.01,0.0,0.0,72752.22,1775913580000
1775913582.53,282.53,0.99,0.99,0.01,0.01,0.0,0.0,72752.87,1775913581000
1775913582.864,282.864,0.99,0.99,0.01,0.01,0.0,0.0,72752.87,1775913581000
1775913583.412,283.412,0.99,0.99,0.01,0.01,0.0,0.0,72754.61,1775913582000
1775913583.977,283.977,0.99,0.99,0.01,0.01,0.0,0.0,72754.61,1775913582000
1775913585.044,285.044,0.99,0.99,0.01,0.01,0.0,0.0,72760.51,1775913584000
1775913586.334,286.334,0.99,0.99,0.01,0.01,0.0,0.0,72765.45,1775913585000
1775913587.645,287.645,0.99,0.99,0.01,0.01,0.0,0.0,72765.45,1775913585000
1775913588.654,288.654,0.99,0.99,0.01,0.01,0.0,0.0,72771.74,1775913587000
1775913589.156,289.156,0.99,0.99,0.01,0.01,0.0,0.0,72773.58,1775913588000
1775913589.716,289.716,0.99,0.99,0.01,0.01,0.0,0.0,72773.58,1775913588000
1775913590.225,290.225,0.99,0.99,0.01,0.01,0.0,0.0,72773.58,1775913588000
1775913590.584,290.584,0.99,0.99,0.01,0.01,0.0,0.0,72787.38,1775913589000
1775913591.16,291.16,0.99,0.99,0.01,0.01,0.0,0.0,72787.38,1775913589000
1775913591.994,291.994,0.99,0.99,0.01,0.01,0.0,0.0,72799.38,1775913591000
1775913593.113,293.113,0.99,0.99,0.01,0.01,0.0,0.0,72799.84,1775913592000
1775913594.217,294.217,0.99,0.99,0.01,0.01,0.0,0.0,72797.5,1775913593000
1775913595.372,295.372,0.99,0.99,0.01,0.01,0.0,0.0,72797.53,1775913594000
1775913596.275,296.275,0.99,0.99,0.01,0.01,0.0,0.0,72795.46,1775913595000
1775913597.244,297.244,0.99,0.99,0.01,0.01,0.0,0.0,72793.41,1775913596000
1775913598.29,298.29,0.99,0.99,0.01,0.01,0.0,0.0,72793.29,1775913597000
1775913599.204,299.204,0.99,0.99,0.01,0.01,0.0,0.0,72792.78,1775913598000
1775913600.175,300.175,0.99,0.99,0.01,0.01,0.0,0.0,72789.79,1775913599000
1775913601.092,301.092,0.99,0.99,0.01,0.01,0.0,0.0,72789.47,1775913600000
1775913602.103,302.103,0.99,0.99,0.01,0.01,0.0,0.0,72789.8,1775913601000

# RESULT,winner=Up,slug=btc-updown-5m-1775913300,ticks=630
