timestamp,elapsed_sec,up_bid,up_ask,down_bid,down_ask,up_spread,down_spread,btc_price,btc_oracle_ts
1777276200.568,0.568,0.5,0.51,0.48,0.49,0.01,0.01,77688.22,1777276199000
1777276200.977,0.977,0.48,0.51,0.49,0.52,0.03,0.03,77688.34,1777276200000
1777276201.366,1.366,0.44,0.47,0.53,0.54,0.03,0.01,77688.34,1777276200000
1777276202.044,2.044,0.44,0.45,0.53,0.56,0.01,0.03,77688.34,1777276200000
1777276202.382,2.382,0.44,0.45,0.55,0.56,0.01,0.01,77687.67,1777276201000
1777276202.739,2.739,0.44,0.45,0.55,0.56,0.01,0.01,77687.67,1777276201000
1777276203.197,3.197,0.44,0.45,0.55,0.57,0.01,0.02,77687.67,1777276201000
1777276203.532,3.532,0.42,0.45,0.55,0.56,0.03,0.01,77682.64,1777276202000
1777276203.873,3.873,0.43,0.44,0.55,0.57,0.01,0.02,77682.64,1777276202000
1777276204.543,4.543,0.43,0.44,0.56,0.57,0.01,0.01,77682.08,1777276203000
1777276204.962,4.962,0.41,0.44,0.56,0.59,0.03,0.03,77682.08,1777276203000
1777276205.448,5.448,0.41,0.42,0.58,0.59,0.01,0.01,77682.08,1777276203000
1777276205.904,5.904,0.4,0.41,0.59,0.6,0.01,0.01,77678.39,1777276204000
1777276206.5,6.5,0.4,0.41,0.59,0.6,0.01,0.01,77678.04,1777276205000
1777276206.837,6.837,0.4,0.41,0.59,0.6,0.01,0.01,77678.04,1777276205000
1777276207.28,7.28,0.38,0.39,0.6,0.62,0.01,0.02,77678.03,1777276206000
1777276207.715,7.715,0.38,0.39,0.61,0.62,0.01,0.01,77678.03,1777276206000
1777276208.102,8.102,0.38,0.39,0.61,0.62,0.01,0.01,77678.03,1777276206000
1777276208.477,8.477,0.37,0.38,0.62,0.63,0.01,0.01,77678.03,1777276206000
1777276208.818,8.818,0.36,0.38,0.62,0.64,0.02,0.02,77678.59,1777276207000
1777276209.166,9.166,0.35,0.36,0.64,0.65,0.01,0.01,77678.59,1777276207000
1777276209.514,9.514,0.34,0.36,0.64,0.66,0.02,0.02,77675.69,1777276208000
1777276209.865,9.865,0.34,0.35,0.65,0.66,0.01,0.01,77675.69,1777276208000
1777276210.207,10.207,0.34,0.35,0.65,0.66,0.01,0.01,77675.04,1777276209000
1777276210.697,10.697,0.29,0.3,0.65,0.66,0.01,0.01,77675.04,1777276209000
1777276211.085,11.085,0.29,0.3,0.7,0.71,0.01,0.01,77675.04,1777276209000
1777276211.42,11.42,0.29,0.3,0.7,0.71,0.01,0.01,77672.23,1777276210000
1777276211.755,11.755,0.29,0.3,0.7,0.71,0.01,0.01,77672.23,1777276210000
1777276212.095,12.095,0.28,0.29,0.71,0.72,0.01,0.01,77672.23,1777276210000
1777276212.435,12.435,0.28,0.29,0.71,0.72,0.01,0.01,77672.23,1777276210000
1777276212.814,12.814,0.28,0.29,0.71,0.72,0.01,0.01,77671.74,1777276211000
1777276213.148,13.148,0.27,0.28,0.72,0.73,0.01,0.01,77672.06,1777276212000
1777276213.483,13.483,0.25,0.28,0.72,0.73,0.03,0.01,77672.06,1777276212000
1777276213.851,13.851,0.25,0.26,0.74,0.77,0.01,0.03,77672.06,1777276212000
1777276214.208,14.208,0.25,0.26,0.74,0.75,0.01,0.01,77672.06,1777276212000
1777276214.59,14.59,0.22,0.23,0.77,0.79,0.01,0.02,77672.06,1777276212000
1777276214.961,14.961,0.23,0.25,0.76,0.77,0.02,0.01,77672.97,1777276213000
1777276215.312,15.312,0.23,0.24,0.76,0.77,0.01,0.01,77671.18,1777276214000
1777276215.666,15.666,0.23,0.24,0.76,0.77,0.01,0.01,77671.18,1777276214000
1777276216.019,16.019,0.23,0.24,0.76,0.77,0.01,0.01,77671.18,1777276214000
1777276216.426,16.426,0.23,0.24,0.76,0.77,0.01,0.01,77670.97,1777276215000
1777276216.795,16.795,0.23,0.24,0.76,0.77,0.01,0.01,77670.97,1777276215000
1777276217.387,17.387,0.23,0.24,0.76,0.77,0.01,0.01,77670.97,1777276215000
1777276217.723,17.723,0.28,0.3,0.7,0.72,0.02,0.02,77670.44,1777276216000
1777276218.072,18.072,0.23,0.29,0.71,0.77,0.06,0.06,77670.44,1777276216000
1777276218.425,18.425,0.24,0.26,0.74,0.76,0.02,0.02,77670.44,1777276216000
1777276218.851,18.851,0.24,0.25,0.75,0.76,0.01,0.01,77672.06,1777276217000
1777276219.19,19.19,0.24,0.25,0.75,0.76,0.01,0.01,77672.06,1777276218000
1777276219.526,19.526,0.25,0.26,0.74,0.75,0.01,0.01,77672.06,1777276218000
1777276219.86,19.86,0.25,0.26,0.74,0.75,0.01,0.01,77672.06,1777276218000
1777276220.208,20.208,0.24,0.26,0.74,0.75,0.02,0.01,77672.06,1777276218000
1777276220.566,20.566,0.25,0.26,0.74,0.75,0.01,0.01,77672.06,1777276218000
1777276220.959,20.959,0.25,0.26,0.74,0.75,0.01,0.01,77670.45,1777276219000
1777276221.338,21.338,0.26,0.27,0.73,0.75,0.01,0.02,77666.72,1777276220000
1777276221.747,21.747,0.27,0.28,0.72,0.73,0.01,0.01,77666.72,1777276220000
1777276222.139,22.139,0.27,0.28,0.72,0.73,0.01,0.01,77666.72,1777276220000
1777276222.486,22.486,0.27,0.28,0.72,0.73,0.01,0.01,77667.17,1777276221000
1777276222.847,22.847,0.27,0.28,0.72,0.73,0.01,0.01,77667.17,1777276221000
1777276223.198,23.198,0.29,0.3,0.7,0.71,0.01,0.01,77667.17,1777276221000
1777276223.54,23.54,0.28,0.29,0.7,0.72,0.01,0.02,77667.17,1777276222000
1777276224.123,24.123,0.28,0.29,0.71,0.72,0.01,0.01,77667.17,1777276222000
1777276224.472,24.472,0.28,0.29,0.71,0.72,0.01,0.01,77667.36,1777276223000
1777276225.031,25.031,0.28,0.29,0.71,0.72,0.01,0.01,77667.36,1777276223000
1777276225.461,25.461,0.28,0.29,0.71,0.72,0.01,0.01,77669.24,1777276224000
1777276225.851,25.851,0.28,0.29,0.71,0.72,0.01,0.01,77669.24,1777276224000
1777276226.229,26.229,0.28,0.29,0.71,0.72,0.01,0.01,77669.24,1777276225000
1777276226.576,26.576,0.28,0.29,0.71,0.72,0.01,0.01,77669.24,1777276225000
1777276227.134,27.134,0.28,0.29,0.71,0.72,0.01,0.01,77669.58,1777276226000
1777276227.47,27.47,0.28,0.29,0.71,0.72,0.01,0.01,77669.58,1777276226000
1777276228.004,28.004,0.28,0.29,0.71,0.72,0.01,0.01,77669.58,1777276226000
1777276228.439,28.439,0.28,0.29,0.71,0.72,0.01,0.01,77669.38,1777276227000
1777276229.05,29.05,0.28,0.29,0.71,0.72,0.01,0.01,77669.38,1777276227000
1777276229.657,29.657,0.28,0.29,0.71,0.72,0.01,0.01,77669.28,1777276228000
1777276230.204,30.204,0.28,0.29,0.71,0.72,0.01,0.01,77669.28,1777276228000
1777276230.599,30.599,0.28,0.29,0.71,0.72,0.01,0.01,77669.94,1777276229000
1777276231.242,31.242,0.28,0.29,0.71,0.72,0.01,0.01,77669.94,1777276229000
1777276231.758,31.758,0.28,0.29,0.71,0.72,0.01,0.01,77669.84,1777276230000
1777276232.184,32.184,0.28,0.29,0.71,0.72,0.01,0.01,77669.84,1777276231000
1777276232.541,32.541,0.28,0.29,0.71,0.72,0.01,0.01,77669.84,1777276231000
1777276233.058,33.058,0.28,0.29,0.71,0.72,0.01,0.01,77669.6,1777276232000
1777276233.467,33.467,0.28,0.29,0.71,0.72,0.01,0.01,77669.6,1777276232000
1777276233.861,33.861,0.28,0.29,0.71,0.72,0.01,0.01,77669.6,1777276232000
1777276234.317,34.317,0.28,0.29,0.71,0.72,0.01,0.01,77668.52,1777276233000
1777276234.67,34.67,0.28,0.29,0.71,0.72,0.01,0.01,77668.52,1777276233000
1777276235.131,35.131,0.28,0.29,0.71,0.72,0.01,0.01,77669.45,1777276234000
1777276235.493,35.493,0.28,0.29,0.71,0.72,0.01,0.01,77669.45,1777276234000
1777276235.876,35.876,0.28,0.29,0.71,0.72,0.01,0.01,77669.45,1777276234000
1777276236.226,36.226,0.28,0.29,0.71,0.72,0.01,0.01,77669.45,1777276234000
1777276236.592,36.592,0.28,0.29,0.71,0.72,0.01,0.01,77669.45,1777276234000
1777276236.93,36.93,0.28,0.29,0.71,0.72,0.01,0.01,77669.16,1777276235000
1777276237.531,37.531,0.28,0.29,0.71,0.72,0.01,0.01,77669.16,1777276235000
1777276238.253,38.253,0.28,0.29,0.71,0.72,0.01,0.01,77669.83,1777276236000
1777276238.608,38.608,0.28,0.29,0.71,0.72,0.01,0.01,77669.83,1777276236000
1777276239.169,39.169,0.28,0.29,0.71,0.72,0.01,0.01,77669.79,1777276237000
1777276239.798,39.798,0.28,0.29,0.71,0.72,0.01,0.01,77669.96,1777276238000
1777276240.19,40.19,0.27,0.29,0.71,0.72,0.02,0.01,77669.96,1777276238000
1777276240.582,40.582,0.28,0.29,0.71,0.72,0.01,0.01,77670.08,1777276239000
1777276240.917,40.917,0.28,0.29,0.71,0.72,0.01,0.01,77670.08,1777276239000
1777276241.29,41.29,0.28,0.3,0.71,0.72,0.02,0.01,77670.08,1777276239000
1777276241.788,41.788,0.29,0.3,0.7,0.71,0.01,0.01,77669.08,1777276240000
1777276242.136,42.136,0.3,0.31,0.69,0.71,0.01,0.02,77670.01,1777276241000
1777276242.482,42.482,0.31,0.32,0.68,0.69,0.01,0.01,77670.01,1777276241000
1777276242.851,42.851,0.31,0.32,0.68,0.69,0.01,0.01,77670.01,1777276241000
1777276243.268,43.268,0.32,0.34,0.66,0.69,0.02,0.03,77670.01,1777276241000
1777276243.615,43.615,0.33,0.34,0.66,0.68,0.01,0.02,77669.96,1777276242000
1777276244.608,44.608,0.33,0.34,0.66,0.67,0.01,0.01,77669.96,1777276242000
1777276245.153,45.153,0.33,0.34,0.66,0.67,0.01,0.01,77675.57,1777276244000
1777276245.494,45.494,0.33,0.34,0.66,0.67,0.01,0.01,77675.57,1777276244000
1777276246.462,46.462,0.33,0.34,0.66,0.67,0.01,0.01,77675.57,1777276244000
1777276246.962,46.962,0.33,0.34,0.66,0.67,0.01,0.01,77675.18,1777276246000
1777276247.888,47.888,0.33,0.34,0.66,0.67,0.01,0.01,77675.18,1777276246000
1777276248.238,48.238,0.33,0.34,0.66,0.67,0.01,0.01,77675.26,1777276247000
1777276248.653,48.653,0.33,0.34,0.66,0.67,0.01,0.01,77675.26,1777276247000
1777276249.234,49.234,0.33,0.34,0.66,0.67,0.01,0.01,77675.26,1777276247000
1777276249.976,49.976,0.33,0.34,0.66,0.67,0.01,0.01,77675.27,1777276248000
1777276250.383,50.383,0.33,0.34,0.66,0.67,0.01,0.01,77675.44,1777276249000
1777276250.93,50.93,0.33,0.34,0.66,0.67,0.01,0.01,77675.44,1777276249000
1777276251.285,51.285,0.33,0.34,0.66,0.67,0.01,0.01,77675.8,1777276250000
1777276251.618,51.618,0.33,0.34,0.66,0.67,0.01,0.01,77675.8,1777276250000
1777276252.131,52.131,0.32,0.33,0.66,0.68,0.01,0.02,77675.8,1777276250000
1777276252.48,52.48,0.32,0.35,0.65,0.68,0.03,0.03,77675.43,1777276251000
1777276252.831,52.831,0.34,0.36,0.63,0.67,0.02,0.04,77675.43,1777276251000
1777276253.169,53.169,0.34,0.36,0.64,0.66,0.02,0.02,77675.43,1777276251000
1777276253.529,53.529,0.36,0.37,0.62,0.64,0.01,0.02,77675.43,1777276251000
1777276253.988,53.988,0.36,0.37,0.63,0.64,0.01,0.01,77675.41,1777276252000
1777276254.58,54.58,0.36,0.37,0.63,0.64,0.01,0.01,77676.51,1777276253000
1777276255.36,55.36,0.36,0.37,0.63,0.64,0.01,0.01,77676.51,1777276253000
1777276255.697,55.697,0.36,0.39,0.61,0.64,0.03,0.03,77678.33,1777276254000
1777276256.067,56.067,0.39,0.42,0.58,0.61,0.03,0.03,77678.33,1777276254000
1777276256.553,56.553,0.39,0.4,0.6,0.61,0.01,0.01,77678.69,1777276255000
1777276257.142,57.142,0.39,0.4,0.6,0.61,0.01,0.01,77678.69,1777276255000
1777276257.509,57.509,0.39,0.4,0.6,0.61,0.01,0.01,77681.11,1777276256000
1777276258.027,58.027,0.39,0.4,0.6,0.61,0.01,0.01,77681.11,1777276256000
1777276258.458,58.458,0.39,0.4,0.6,0.61,0.01,0.01,77683.44,1777276257000
1777276258.806,58.806,0.39,0.4,0.6,0.61,0.01,0.01,77683.44,1777276257000
1777276259.344,59.344,0.39,0.4,0.6,0.61,0.01,0.01,77682.66,1777276258000
1777276259.767,59.767,0.39,0.4,0.6,0.61,0.01,0.01,77682.66,1777276258000
1777276260.266,60.266,0.39,0.4,0.6,0.61,0.01,0.01,77682.66,1777276258000
1777276260.611,60.611,0.39,0.4,0.6,0.61,0.01,0.01,77683.25,1777276259000
1777276260.965,60.965,0.39,0.4,0.6,0.61,0.01,0.01,77683.25,1777276259000
1777276261.303,61.303,0.39,0.4,0.6,0.61,0.01,0.01,77683.76,1777276260000
1777276261.661,61.661,0.39,0.4,0.6,0.61,0.01,0.01,77683.76,1777276260000
1777276262.078,62.078,0.39,0.4,0.6,0.61,0.01,0.01,77683.76,1777276260000
1777276262.411,62.411,0.39,0.4,0.6,0.61,0.01,0.01,77684.33,1777276261000
1777276263.122,63.122,0.39,0.4,0.6,0.61,0.01,0.01,77684.33,1777276261000
1777276263.574,63.574,0.39,0.4,0.6,0.61,0.01,0.01,77682.9,1777276262000
1777276263.934,63.934,0.39,0.4,0.6,0.61,0.01,0.01,77682.9,1777276262000
1777276264.308,64.308,0.39,0.4,0.6,0.61,0.01,0.01,77682.88,1777276263000
1777276264.901,64.901,0.37,0.4,0.6,0.61,0.03,0.01,77682.88,1777276263000
1777276265.284,65.284,0.33,0.34,0.66,0.67,0.01,0.01,77682.96,1777276264000
1777276265.631,65.631,0.33,0.34,0.66,0.67,0.01,0.01,77682.96,1777276264000
1777276266.051,66.051,0.33,0.34,0.66,0.67,0.01,0.01,77682.96,1777276264000
1777276266.454,66.454,0.33,0.34,0.66,0.67,0.01,0.01,77682.86,1777276265000
1777276266.884,66.884,0.33,0.34,0.66,0.67,0.01,0.01,77682.86,1777276265000
1777276267.296,67.296,0.33,0.34,0.66,0.67,0.01,0.01,77679.74,1777276266000
1777276267.79,67.79,0.33,0.34,0.66,0.67,0.01,0.01,77679.74,1777276266000
1777276268.209,68.209,0.33,0.34,0.66,0.67,0.01,0.01,77679.74,1777276266000
1777276268.67,68.67,0.38,0.39,0.61,0.62,0.01,0.01,77677.58,1777276267000
1777276269.039,69.039,0.38,0.39,0.61,0.62,0.01,0.01,77677.58,1777276267000
1777276269.407,69.407,0.38,0.39,0.61,0.62,0.01,0.01,77677.58,1777276268000
1777276269.748,69.748,0.39,0.4,0.61,0.62,0.01,0.01,77677.58,1777276268000
1777276270.194,70.194,0.39,0.4,0.6,0.61,0.01,0.01,77677.58,1777276268000
1777276270.664,70.664,0.39,0.4,0.6,0.61,0.01,0.01,77683.05,1777276269000
1777276271.237,71.237,0.39,0.4,0.6,0.61,0.01,0.01,77683.05,1777276269000
1777276271.709,71.709,0.39,0.4,0.6,0.61,0.01,0.01,77683.21,1777276270000
1777276272.081,72.081,0.39,0.4,0.6,0.61,0.01,0.01,77683.21,1777276270000
1777276272.583,72.583,0.39,0.4,0.6,0.61,0.01,0.01,77683.38,1777276271000
1777276272.916,72.916,0.39,0.4,0.6,0.61,0.01,0.01,77683.38,1777276271000
1777276273.486,73.486,0.39,0.4,0.6,0.61,0.01,0.01,77683.38,1777276271000
1777276274.006,74.006,0.39,0.41,0.6,0.61,0.02,0.01,77683.35,1777276272000
1777276274.353,74.353,0.4,0.41,0.59,0.6,0.01,0.01,77683.38,1777276273000
1777276274.82,74.82,0.4,0.41,0.59,0.6,0.01,0.01,77683.38,1777276273000
1777276275.171,75.171,0.4,0.41,0.59,0.6,0.01,0.01,77683.38,1777276273000
1777276275.537,75.537,0.4,0.41,0.59,0.6,0.01,0.01,77683.38,1777276273000
1777276276.041,76.041,0.4,0.41,0.59,0.6,0.01,0.01,77683.36,1777276274000
1777276276.474,76.474,0.4,0.41,0.59,0.6,0.01,0.01,77683.42,1777276275000
1777276276.901,76.901,0.42,0.43,0.57,0.58,0.01,0.01,77683.42,1777276275000
1777276277.254,77.254,0.43,0.45,0.55,0.57,0.02,0.02,77683.42,1777276275000
1777276277.588,77.588,0.47,0.48,0.52,0.53,0.01,0.01,77683.42,1777276275000
1777276278.057,78.057,0.47,0.48,0.52,0.53,0.01,0.01,77683.68,1777276276000
1777276278.475,78.475,0.47,0.48,0.52,0.53,0.01,0.01,77685.37,1777276277000
1777276278.84,78.84,0.47,0.48,0.52,0.53,0.01,0.01,77685.37,1777276277000
1777276279.248,79.248,0.47,0.48,0.52,0.53,0.01,0.01,77685.37,1777276277000
1777276279.613,79.613,0.52,0.53,0.47,0.48,0.01,0.01,77683.93,1777276278000
1777276279.951,79.951,0.52,0.53,0.47,0.48,0.01,0.01,77683.93,1777276278000
1777276280.317,80.317,0.52,0.53,0.47,0.48,0.01,0.01,77683.93,1777276278000
1777276280.686,80.686,0.53,0.55,0.46,0.48,0.02,0.02,77683.93,1777276278000
1777276281.092,81.092,0.55,0.57,0.43,0.46,0.02,0.03,77691.83,1777276279000
1777276281.445,81.445,0.55,0.56,0.44,0.45,0.01,0.01,77696.57,1777276280000
1777276281.779,81.779,0.55,0.56,0.44,0.45,0.01,0.01,77696.57,1777276280000
1777276282.285,82.285,0.55,0.56,0.44,0.45,0.01,0.01,77696.57,1777276280000
1777276282.636,82.636,0.54,0.55,0.45,0.46,0.01,0.01,77699.46,1777276281000
1777276282.972,82.972,0.53,0.56,0.44,0.47,0.03,0.03,77699.46,1777276281000
1777276283.467,83.467,0.52,0.53,0.47,0.48,0.01,0.01,77699.46,1777276281000
1777276284.012,84.012,0.51,0.52,0.48,0.49,0.01,0.01,77699.7,1777276282000
1777276284.427,84.427,0.53,0.54,0.47,0.49,0.01,0.02,77699.8,1777276283000
1777276284.856,84.856,0.53,0.54,0.46,0.47,0.01,0.01,77699.8,1777276283000
1777276285.298,85.298,0.55,0.56,0.45,0.46,0.01,0.01,77699.8,1777276283000
1777276285.663,85.663,0.56,0.57,0.43,0.44,0.01,0.01,77699.8,1777276283000
1777276286.098,86.098,0.56,0.57,0.43,0.44,0.01,0.01,77702.05,1777276284000
1777276286.474,86.474,0.57,0.58,0.42,0.43,0.01,0.01,77702.05,1777276284000
1777276287.051,87.051,0.57,0.58,0.42,0.43,0.01,0.01,77702.88,1777276285000
1777276287.45,87.45,0.57,0.58,0.42,0.43,0.01,0.01,77702.88,1777276285000
1777276287.945,87.945,0.57,0.58,0.42,0.43,0.01,0.01,77703.98,1777276286000
1777276288.306,88.306,0.58,0.59,0.41,0.42,0.01,0.01,77705.84,1777276287000
1777276288.759,88.759,0.58,0.59,0.41,0.42,0.01,0.01,77705.84,1777276287000
1777276289.115,89.115,0.58,0.59,0.41,0.42,0.01,0.01,77705.84,1777276287000
1777276289.467,89.467,0.58,0.59,0.41,0.42,0.01,0.01,77705.77,1777276288000
1777276289.862,89.862,0.58,0.6,0.4,0.42,0.02,0.02,77705.77,1777276288000
1777276290.216,90.216,0.59,0.6,0.4,0.41,0.01,0.01,77705.76,1777276289000
1777276290.577,90.577,0.59,0.6,0.4,0.41,0.01,0.01,77705.76,1777276289000
1777276290.912,90.912,0.59,0.6,0.4,0.41,0.01,0.01,77705.76,1777276289000
1777276291.253,91.253,0.61,0.62,0.37,0.39,0.01,0.02,77706.08,1777276290000
1777276291.762,91.762,0.62,0.63,0.37,0.38,0.01,0.01,77706.08,1777276290000
1777276292.252,92.252,0.62,0.63,0.37,0.38,0.01,0.01,77706.08,1777276290000
1777276292.662,92.662,0.61,0.62,0.38,0.39,0.01,0.01,77708.76,1777276291000
1777276292.996,92.996,0.61,0.62,0.38,0.39,0.01,0.01,77708.76,1777276291000
1777276293.352,93.352,0.61,0.62,0.38,0.39,0.01,0.01,77710.81,1777276292000
1777276293.881,93.881,0.6,0.61,0.38,0.4,0.01,0.02,77710.81,1777276292000
1777276294.259,94.259,0.6,0.61,0.39,0.4,0.01,0.01,77710.81,1777276292000
1777276294.613,94.613,0.61,0.62,0.38,0.39,0.01,0.01,77710.81,1777276293000
1777276295.099,95.099,0.61,0.62,0.38,0.39,0.01,0.01,77710.81,1777276293000
1777276295.667,95.667,0.61,0.62,0.38,0.39,0.01,0.01,77710.81,1777276294000
1777276296.124,96.124,0.61,0.62,0.38,0.39,0.01,0.01,77710.81,1777276294000
1777276296.492,96.492,0.6,0.61,0.39,0.4,0.01,0.01,77711.64,1777276295000
1777276296.943,96.943,0.6,0.61,0.39,0.4,0.01,0.01,77712.59,1777276296000
1777276297.69,97.69,0.6,0.61,0.39,0.4,0.01,0.01,77712.59,1777276296000
1777276298.062,98.062,0.61,0.62,0.38,0.39,0.01,0.01,77712.59,1777276296000
1777276298.512,98.512,0.61,0.62,0.38,0.39,0.01,0.01,77712.64,1777276297000
1777276299.006,99.006,0.63,0.67,0.33,0.37,0.04,0.04,77712.64,1777276298000
1777276299.384,99.384,0.66,0.67,0.33,0.37,0.01,0.04,77712.64,1777276298000
1777276299.719,99.719,0.67,0.7,0.31,0.33,0.03,0.02,77712.64,1777276298000
1777276300.053,100.053,0.66,0.72,0.28,0.34,0.06,0.06,77712.64,1777276298000
1777276300.757,100.757,0.71,0.72,0.28,0.29,0.01,0.01,77715.86,1777276299000
1777276301.236,101.236,0.71,0.72,0.28,0.29,0.01,0.01,77722.74,1777276300000
1777276301.659,101.659,0.71,0.72,0.28,0.29,0.01,0.01,77722.74,1777276300000
1777276302.053,102.053,0.71,0.72,0.28,0.29,0.01,0.01,77722.74,1777276300000
1777276302.457,102.457,0.71,0.72,0.28,0.29,0.01,0.01,77722.74,1777276300000
1777276302.875,102.875,0.64,0.65,0.35,0.36,0.01,0.01,77726.18,1777276301000
1777276303.224,103.224,0.64,0.65,0.35,0.36,0.01,0.01,77726.18,1777276301000
1777276303.62,103.62,0.64,0.65,0.35,0.36,0.01,0.01,77725.94,1777276302000
1777276304.03,104.03,0.64,0.65,0.35,0.36,0.01,0.01,77725.94,1777276302000
1777276304.438,104.438,0.68,0.69,0.31,0.33,0.01,0.02,77725.62,1777276303000
1777276304.884,104.884,0.68,0.69,0.31,0.32,0.01,0.01,77725.62,1777276303000
1777276305.238,105.238,0.68,0.69,0.31,0.32,0.01,0.01,77725.62,1777276303000
1777276305.634,105.634,0.68,0.69,0.31,0.32,0.01,0.01,77723.55,1777276304000
1777276306.152,106.152,0.68,0.69,0.31,0.32,0.01,0.01,77723.55,1777276304000
1777276306.514,106.514,0.68,0.69,0.31,0.32,0.01,0.01,77724.98,1777276305000
1777276307.046,107.046,0.68,0.69,0.31,0.32,0.01,0.01,77722.32,1777276306000
1777276307.387,107.387,0.68,0.69,0.31,0.32,0.01,0.01,77722.32,1777276306000
1777276307.831,107.831,0.68,0.7,0.31,0.32,0.02,0.01,77722.32,1777276306000
1777276308.28,108.28,0.69,0.7,0.3,0.31,0.01,0.01,77725.55,1777276307000
1777276308.639,108.639,0.7,0.71,0.29,0.3,0.01,0.01,77725.55,1777276307000
1777276308.988,108.988,0.7,0.71,0.29,0.3,0.01,0.01,77725.55,1777276307000
1777276309.441,109.441,0.7,0.71,0.29,0.3,0.01,0.01,77725.85,1777276308000
1777276309.824,109.824,0.7,0.71,0.29,0.3,0.01,0.01,77725.85,1777276308000
1777276310.184,110.184,0.7,0.71,0.29,0.3,0.01,0.01,77725.9,1777276309000
1777276310.52,110.52,0.7,0.71,0.29,0.3,0.01,0.01,77725.9,1777276309000
1777276310.91,110.91,0.7,0.71,0.29,0.3,0.01,0.01,77725.9,1777276309000
1777276311.329,111.329,0.7,0.71,0.29,0.3,0.01,0.01,77731.21,1777276310000
1777276311.851,111.851,0.7,0.71,0.29,0.3,0.01,0.01,77731.21,1777276310000
1777276312.211,112.211,0.7,0.71,0.29,0.3,0.01,0.01,77728.6,1777276311000
1777276312.585,112.585,0.7,0.71,0.29,0.3,0.01,0.01,77728.6,1777276311000
1777276312.953,112.953,0.7,0.71,0.29,0.3,0.01,0.01,77728.6,1777276311000
1777276313.357,113.357,0.7,0.71,0.29,0.3,0.01,0.01,77726.17,1777276312000
1777276313.765,113.765,0.7,0.71,0.29,0.3,0.01,0.01,77726.17,1777276312000
1777276314.191,114.191,0.7,0.71,0.29,0.3,0.01,0.01,77726.17,1777276312000
1777276314.604,114.604,0.7,0.71,0.29,0.3,0.01,0.01,77726.17,1777276312000
1777276315.201,115.201,0.7,0.71,0.29,0.3,0.01,0.01,77726.03,1777276313000
1777276315.569,115.569,0.7,0.71,0.29,0.3,0.01,0.01,77724.62,1777276314000
1777276315.938,115.938,0.7,0.71,0.29,0.3,0.01,0.01,77724.62,1777276314000
1777276316.273,116.273,0.7,0.71,0.29,0.3,0.01,0.01,77724.53,1777276315000
1777276317.208,117.208,0.7,0.71,0.29,0.3,0.01,0.01,77724.53,1777276315000
1777276317.613,117.613,0.7,0.71,0.29,0.3,0.01,0.01,77724.72,1777276316000
1777276318.193,118.193,0.7,0.71,0.29,0.3,0.01,0.01,77724.72,1777276316000
1777276318.568,118.568,0.7,0.71,0.29,0.3,0.01,0.01,77724.72,1777276316000
1777276319.057,119.057,0.7,0.71,0.29,0.3,0.01,0.01,77724.51,1777276318000
1777276319.488,119.488,0.7,0.71,0.29,0.3,0.01,0.01,77724.51,1777276318000
1777276319.949,119.949,0.7,0.71,0.29,0.3,0.01,0.01,77724.32,1777276319000
1777276320.611,120.611,0.7,0.71,0.29,0.3,0.01,0.01,77724.32,1777276319000
1777276320.971,120.971,0.7,0.71,0.29,0.3,0.01,0.01,77724.32,1777276319000
1777276321.402,121.402,0.68,0.69,0.3,0.32,0.01,0.02,77724.37,1777276320000
1777276321.781,121.781,0.68,0.69,0.31,0.32,0.01,0.01,77724.37,1777276320000
1777276322.142,122.142,0.67,0.69,0.31,0.33,0.02,0.02,77724.5,1777276321000
1777276322.487,122.487,0.6,0.61,0.39,0.4,0.01,0.01,77724.5,1777276321000
1777276322.845,122.845,0.58,0.6,0.39,0.41,0.02,0.02,77724.5,1777276321000
1777276323.215,123.215,0.59,0.6,0.4,0.41,0.01,0.01,77724.5,1777276321000
1777276323.583,123.583,0.59,0.6,0.4,0.41,0.01,0.01,77723.95,1777276322000
1777276323.923,123.923,0.59,0.6,0.4,0.41,0.01,0.01,77723.95,1777276322000
1777276324.265,124.265,0.6,0.61,0.39,0.4,0.01,0.01,77723.95,1777276322000
1777276324.733,124.733,0.58,0.59,0.41,0.42,0.01,0.01,77713.06,1777276323000
1777276325.088,125.088,0.56,0.57,0.43,0.44,0.01,0.01,77713.15,1777276324000
1777276325.54,125.54,0.58,0.59,0.43,0.44,0.01,0.01,77713.15,1777276324000
1777276325.959,125.959,0.58,0.59,0.41,0.42,0.01,0.01,77713.15,1777276324000
1777276326.328,126.328,0.59,0.6,0.4,0.41,0.01,0.01,77714.17,1777276325000
1777276326.665,126.665,0.6,0.61,0.39,0.41,0.01,0.02,77714.17,1777276325000
1777276327.068,127.068,0.61,0.62,0.38,0.39,0.01,0.01,77714.17,1777276325000
1777276327.503,127.503,0.61,0.62,0.38,0.39,0.01,0.01,77710.45,1777276326000
1777276327.839,127.839,0.61,0.62,0.38,0.39,0.01,0.01,77710.45,1777276326000
1777276328.231,128.231,0.62,0.63,0.37,0.39,0.01,0.02,77710.45,1777276326000
1777276328.733,128.733,0.62,0.63,0.37,0.38,0.01,0.01,77711.23,1777276327000
1777276329.173,129.173,0.62,0.63,0.37,0.38,0.01,0.01,77711.23,1777276327000
1777276329.548,129.548,0.62,0.63,0.37,0.38,0.01,0.01,77712.87,1777276328000
1777276330.265,130.265,0.6,0.61,0.38,0.4,0.01,0.02,77712.87,1777276328000
1777276330.6,130.6,0.6,0.61,0.39,0.4,0.01,0.01,77711.37,1777276329000
1777276330.953,130.953,0.6,0.61,0.39,0.4,0.01,0.01,77711.37,1777276329000
1777276331.419,131.419,0.6,0.61,0.39,0.4,0.01,0.01,77711.37,1777276329000
1777276331.963,131.963,0.6,0.62,0.38,0.4,0.02,0.02,77712.37,1777276331000
1777276332.421,132.421,0.61,0.62,0.38,0.39,0.01,0.01,77712.37,1777276331000
1777276332.918,132.918,0.62,0.63,0.37,0.39,0.01,0.02,77712.37,1777276331000
1777276334.139,134.139,0.62,0.63,0.37,0.38,0.01,0.01,77712.22,1777276333000
1777276334.53,134.53,0.61,0.62,0.37,0.39,0.01,0.02,77712.22,1777276333000
1777276335.124,135.124,0.6,0.61,0.38,0.39,0.01,0.01,77712.22,1777276333000
1777276335.459,135.459,0.61,0.64,0.38,0.39,0.03,0.01,77712.84,1777276334000
1777276336.36,136.36,0.63,0.65,0.35,0.37,0.02,0.02,77712.76,1777276335000
1777276336.739,136.739,0.64,0.65,0.35,0.36,0.01,0.01,77712.76,1777276335000
1777276337.186,137.186,0.64,0.65,0.35,0.36,0.01,0.01,77712.44,1777276336000
1777276337.648,137.648,0.64,0.65,0.35,0.36,0.01,0.01,77712.44,1777276336000
1777276338.196,138.196,0.64,0.65,0.36,0.37,0.01,0.01,77712.44,1777276336000
1777276338.56,138.56,0.64,0.65,0.35,0.36,0.01,0.01,77712.44,1777276337000
1777276338.924,138.924,0.67,0.68,0.32,0.33,0.01,0.01,77712.44,1777276337000
1777276339.259,139.259,0.66,0.68,0.32,0.34,0.02,0.02,77713.15,1777276338000
1777276339.705,139.705,0.67,0.68,0.32,0.33,0.01,0.01,77713.15,1777276338000
1777276340.14,140.14,0.66,0.67,0.32,0.33,0.01,0.01,77713.15,1777276338000
1777276340.845,140.845,0.67,0.68,0.33,0.34,0.01,0.01,77714.59,1777276339000
1777276341.381,141.381,0.67,0.68,0.32,0.33,0.01,0.01,77715.4,1777276340000
1777276341.891,141.891,0.67,0.68,0.32,0.33,0.01,0.01,77715.4,1777276340000
1777276342.342,142.342,0.67,0.68,0.32,0.33,0.01,0.01,77716.02,1777276341000
1777276342.859,142.859,0.66,0.67,0.32,0.34,0.01,0.02,77716.02,1777276341000
1777276343.302,143.302,0.63,0.65,0.35,0.37,0.02,0.02,77717.03,1777276342000
1777276343.676,143.676,0.55,0.56,0.43,0.45,0.01,0.02,77717.03,1777276342000
1777276344.097,144.097,0.55,0.56,0.44,0.45,0.01,0.01,77717.03,1777276342000
1777276344.554,144.554,0.55,0.56,0.44,0.45,0.01,0.01,77717.77,1777276343000
1777276345.039,145.039,0.56,0.57,0.43,0.44,0.01,0.01,77717.77,1777276343000
1777276345.39,145.39,0.56,0.57,0.43,0.44,0.01,0.01,77717.77,1777276343000
1777276345.776,145.776,0.57,0.58,0.42,0.44,0.01,0.02,77711.03,1777276344000
1777276346.237,146.237,0.57,0.59,0.42,0.43,0.02,0.01,77711.03,1777276344000
1777276346.645,146.645,0.58,0.59,0.41,0.42,0.01,0.01,77711.03,1777276344000
1777276347.07,147.07,0.59,0.6,0.39,0.41,0.01,0.02,77709.94,1777276345000
1777276347.449,147.449,0.59,0.6,0.4,0.41,0.01,0.01,77709.94,1777276345000
1777276347.88,147.88,0.58,0.59,0.41,0.42,0.01,0.01,77709.94,1777276346000
1777276348.283,148.283,0.58,0.6,0.41,0.42,0.02,0.01,77710.92,1777276347000
1777276349.177,149.177,0.59,0.6,0.4,0.42,0.01,0.02,77710.92,1777276347000
1777276349.516,149.516,0.61,0.62,0.38,0.4,0.01,0.02,77710.92,1777276347000
1777276349.943,149.943,0.61,0.62,0.38,0.39,0.01,0.01,77710.11,1777276348000
1777276350.354,150.354,0.61,0.62,0.38,0.39,0.01,0.01,77710.11,1777276348000
1777276350.94,150.94,0.61,0.62,0.38,0.39,0.01,0.01,77710.11,1777276349000
1777276351.382,151.382,0.61,0.62,0.38,0.39,0.01,0.01,77710.11,1777276349000
1777276352.113,152.113,0.61,0.62,0.38,0.39,0.01,0.01,77711.83,1777276351000
1777276352.873,152.873,0.61,0.62,0.38,0.39,0.01,0.01,77711.83,1777276351000
1777276353.293,153.293,0.61,0.62,0.38,0.39,0.01,0.01,77712.28,1777276352000
1777276353.715,153.715,0.61,0.62,0.38,0.39,0.01,0.01,77712.28,1777276352000
1777276354.064,154.064,0.61,0.64,0.36,0.39,0.03,0.03,77712.28,1777276352000
1777276354.401,154.401,0.63,0.64,0.36,0.37,0.01,0.01,77712.28,1777276352000
1777276354.79,154.79,0.63,0.64,0.36,0.37,0.01,0.01,77712.41,1777276353000
1777276355.145,155.145,0.63,0.64,0.36,0.37,0.01,0.01,77712.41,1777276354000
1777276355.587,155.587,0.63,0.64,0.36,0.37,0.01,0.01,77712.41,1777276354000
1777276356.014,156.014,0.63,0.64,0.36,0.37,0.01,0.01,77712.41,1777276354000
1777276356.394,156.394,0.63,0.64,0.36,0.37,0.01,0.01,77712.41,1777276354000
1777276356.841,156.841,0.63,0.64,0.36,0.37,0.01,0.01,77713.4,1777276355000
1777276357.198,157.198,0.62,0.64,0.36,0.37,0.02,0.01,77713.4,1777276355000
1777276358.022,158.022,0.62,0.64,0.36,0.38,0.02,0.02,77713.11,1777276357000
1777276358.362,158.362,0.63,0.64,0.36,0.38,0.01,0.02,77713.11,1777276357000
1777276358.88,158.88,0.63,0.64,0.36,0.37,0.01,0.01,77713.11,1777276357000
1777276359.232,159.232,0.63,0.64,0.36,0.38,0.01,0.02,77713.11,1777276357000
1777276359.696,159.696,0.63,0.64,0.36,0.37,0.01,0.01,77712.74,1777276358000
1777276360.203,160.203,0.63,0.64,0.36,0.37,0.01,0.01,77712.74,1777276359000
1777276360.562,160.562,0.63,0.65,0.36,0.37,0.02,0.01,77712.74,1777276359000
1777276360.969,160.969,0.64,0.65,0.35,0.36,0.01,0.01,77712.74,1777276359000
1777276361.619,161.619,0.64,0.65,0.35,0.36,0.01,0.01,77712.2,1777276360000
1777276361.957,161.957,0.64,0.65,0.35,0.36,0.01,0.01,77713.17,1777276361000
1777276362.321,162.321,0.64,0.65,0.35,0.36,0.01,0.01,77713.17,1777276361000
1777276362.799,162.799,0.64,0.65,0.35,0.36,0.01,0.01,77713.17,1777276361000
1777276363.306,163.306,0.64,0.65,0.35,0.36,0.01,0.01,77714.19,1777276362000
1777276363.99,163.99,0.64,0.65,0.35,0.36,0.01,0.01,77714.19,1777276362000
1777276364.384,164.384,0.64,0.65,0.35,0.36,0.01,0.01,77714.19,1777276363000
1777276364.886,164.886,0.64,0.65,0.35,0.36,0.01,0.01,77715.12,1777276364000
1777276365.531,165.531,0.64,0.65,0.35,0.36,0.01,0.01,77715.12,1777276364000
1777276366.03,166.03,0.66,0.67,0.33,0.34,0.01,0.01,77715.51,1777276365000
1777276366.391,166.391,0.67,0.68,0.32,0.34,0.01,0.02,77715.51,1777276365000
1777276367.09,167.09,0.67,0.68,0.32,0.33,0.01,0.01,77715.94,1777276366000
1777276367.475,167.475,0.66,0.68,0.32,0.34,0.02,0.02,77715.94,1777276366000
1777276367.9,167.9,0.67,0.68,0.32,0.34,0.01,0.02,77715.94,1777276366000
1777276368.498,168.498,0.7,0.71,0.29,0.31,0.01,0.02,77716.17,1777276367000
1777276369.069,169.069,0.7,0.71,0.29,0.3,0.01,0.01,77717.57,1777276368000
1777276369.5,169.5,0.7,0.71,0.29,0.3,0.01,0.01,77717.57,1777276368000
1777276369.871,169.871,0.7,0.71,0.29,0.3,0.01,0.01,77717.57,1777276368000
1777276370.26,170.26,0.7,0.71,0.29,0.3,0.01,0.01,77721.14,1777276369000
1777276370.722,170.722,0.7,0.71,0.29,0.3,0.01,0.01,77721.14,1777276369000
1777276371.223,171.223,0.76,0.77,0.23,0.24,0.01,0.01,77721.14,1777276369000
1777276371.641,171.641,0.76,0.77,0.23,0.24,0.01,0.01,77722.39,1777276370000
1777276372.001,172.001,0.76,0.77,0.23,0.24,0.01,0.01,77722.39,1777276370000
1777276372.41,172.41,0.76,0.77,0.23,0.24,0.01,0.01,77722.39,1777276370000
1777276372.961,172.961,0.76,0.77,0.23,0.24,0.01,0.01,77727.86,1777276371000
1777276373.354,173.354,0.76,0.77,0.23,0.24,0.01,0.01,77730.75,1777276372000
1777276373.719,173.719,0.77,0.78,0.22,0.23,0.01,0.01,77730.75,1777276372000
1777276374.096,174.096,0.78,0.8,0.21,0.22,0.02,0.01,77730.75,1777276372000
1777276374.432,174.432,0.79,0.8,0.2,0.21,0.01,0.01,77731.76,1777276373000
1777276374.857,174.857,0.77,0.78,0.2,0.23,0.01,0.03,77731.76,1777276373000
1777276375.277,175.277,0.77,0.79,0.21,0.23,0.02,0.02,77732.63,1777276374000
1777276375.673,175.673,0.77,0.8,0.19,0.22,0.03,0.03,77732.63,1777276374000
1777276376.062,176.062,0.79,0.8,0.2,0.21,0.01,0.01,77734.21,1777276375000
1777276376.432,176.432,0.79,0.8,0.2,0.21,0.01,0.01,77734.21,1777276375000
1777276376.83,176.83,0.76,0.77,0.2,0.21,0.01,0.01,77734.21,1777276375000
1777276377.208,177.208,0.74,0.75,0.25,0.26,0.01,0.01,77734.01,1777276376000
1777276377.57,177.57,0.74,0.75,0.25,0.26,0.01,0.01,77734.01,1777276376000
1777276377.982,177.982,0.74,0.75,0.25,0.26,0.01,0.01,77734.01,1777276376000
1777276378.402,178.402,0.75,0.76,0.24,0.26,0.01,0.02,77734.01,1777276376000
1777276378.814,178.814,0.75,0.76,0.24,0.25,0.01,0.01,77733.79,1777276377000
1777276379.155,179.155,0.75,0.76,0.24,0.25,0.01,0.01,77733.79,1777276377000
1777276379.49,179.49,0.75,0.76,0.24,0.25,0.01,0.01,77732.42,1777276378000
1777276379.902,179.902,0.75,0.76,0.24,0.25,0.01,0.01,77732.42,1777276378000
1777276380.366,180.366,0.75,0.76,0.24,0.25,0.01,0.01,77732.42,1777276379000
1777276380.705,180.705,0.76,0.77,0.23,0.24,0.01,0.01,77732.42,1777276379000
1777276381.171,181.171,0.77,0.79,0.22,0.23,0.02,0.01,77732.49,1777276380000
1777276381.709,181.709,0.78,0.79,0.21,0.22,0.01,0.01,77732.49,1777276380000
1777276382.172,182.172,0.79,0.8,0.19,0.21,0.01,0.02,77732.49,1777276380000
1777276382.643,182.643,0.79,0.81,0.2,0.21,0.02,0.01,77733.3,1777276381000
1777276383.167,183.167,0.8,0.81,0.19,0.2,0.01,0.01,77733.3,1777276381000
1777276383.524,183.524,0.8,0.81,0.19,0.2,0.01,0.01,77733.42,1777276382000
1777276383.929,183.929,0.8,0.81,0.19,0.2,0.01,0.01,77733.42,1777276382000
1777276384.292,184.292,0.8,0.81,0.19,0.2,0.01,0.01,77733.42,1777276382000
1777276384.655,184.655,0.81,0.82,0.18,0.2,0.01,0.02,77733.53,1777276383000
1777276385.033,185.033,0.81,0.82,0.18,0.19,0.01,0.01,77733.53,1777276383000
1777276385.373,185.373,0.81,0.82,0.18,0.19,0.01,0.01,77733.53,1777276383000
1777276385.822,185.822,0.81,0.82,0.18,0.19,0.01,0.01,77733.83,1777276384000
1777276386.198,186.198,0.81,0.82,0.18,0.19,0.01,0.01,77733.83,1777276384000
1777276387.176,187.176,0.81,0.82,0.18,0.19,0.01,0.01,77734.28,1777276385000
1777276387.546,187.546,0.81,0.82,0.18,0.19,0.01,0.01,77734.28,1777276385000
1777276387.912,187.912,0.81,0.82,0.18,0.19,0.01,0.01,77734.51,1777276386000
1777276388.333,188.333,0.81,0.82,0.18,0.19,0.01,0.01,77734.51,1777276387000
1777276388.768,188.768,0.81,0.82,0.18,0.19,0.01,0.01,77734.51,1777276387000
1777276389.201,189.201,0.82,0.83,0.17,0.18,0.01,0.01,77734.51,1777276387000
1777276389.647,189.647,0.82,0.83,0.17,0.18,0.01,0.01,77734.51,1777276387000
1777276390.003,190.003,0.82,0.83,0.17,0.18,0.01,0.01,77734.51,1777276387000
1777276390.517,190.517,0.83,0.85,0.17,0.18,0.02,0.01,77734.7,1777276388000
1777276390.889,190.889,0.85,0.86,0.14,0.15,0.01,0.01,77734.7,1777276388000
1777276391.223,191.223,0.85,0.86,0.14,0.15,0.01,0.01,77734.8,1777276389000
1777276391.702,191.702,0.85,0.86,0.14,0.15,0.01,0.01,77734.8,1777276389000
1777276392.254,192.254,0.85,0.86,0.14,0.15,0.01,0.01,77734.84,1777276390000
1777276392.705,192.705,0.85,0.86,0.14,0.15,0.01,0.01,77736.57,1777276391000
1777276393.152,193.152,0.83,0.84,0.15,0.16,0.01,0.01,77736.57,1777276391000
1777276393.594,193.594,0.84,0.85,0.15,0.16,0.01,0.01,77736.57,1777276391000
1777276394.145,194.145,0.84,0.85,0.15,0.16,0.01,0.01,77741.9,1777276392000
1777276394.527,194.527,0.84,0.85,0.15,0.16,0.01,0.01,77741.9,1777276392000
1777276394.89,194.89,0.84,0.85,0.15,0.16,0.01,0.01,77741.31,1777276393000
1777276395.318,195.318,0.85,0.86,0.14,0.15,0.01,0.01,77737.48,1777276394000
1777276395.691,195.691,0.84,0.86,0.14,0.15,0.02,0.01,77737.48,1777276394000
1777276396.192,196.192,0.84,0.85,0.15,0.16,0.01,0.01,77737.48,1777276394000
1777276396.567,196.567,0.84,0.85,0.15,0.16,0.01,0.01,77737.48,1777276394000
1777276397.221,197.221,0.86,0.87,0.14,0.15,0.01,0.01,77736.26,1777276395000
1777276397.879,197.879,0.86,0.87,0.13,0.14,0.01,0.01,77736.84,1777276396000
1777276398.251,198.251,0.86,0.87,0.13,0.14,0.01,0.01,77736.84,1777276396000
1777276398.649,198.649,0.86,0.87,0.13,0.14,0.01,0.01,77739.48,1777276397000
1777276399.297,199.297,0.86,0.87,0.13,0.14,0.01,0.01,77739.48,1777276397000
1777276399.693,199.693,0.87,0.88,0.12,0.13,0.01,0.01,77741.32,1777276398000
1777276400.058,200.058,0.82,0.83,0.14,0.19,0.01,0.05,77741.32,1777276398000
1777276400.437,200.437,0.82,0.83,0.17,0.18,0.01,0.01,77741.32,1777276398000
1777276400.791,200.791,0.79,0.81,0.18,0.21,0.02,0.03,77741.32,1777276398000
1777276401.195,201.195,0.78,0.79,0.21,0.22,0.01,0.01,77743.65,1777276399000
1777276401.532,201.532,0.74,0.75,0.25,0.26,0.01,0.01,77743.65,1777276399000
1777276401.874,201.874,0.74,0.75,0.25,0.26,0.01,0.01,77744.58,1777276400000
1777276402.208,202.208,0.73,0.74,0.26,0.27,0.01,0.01,77746.88,1777276401000
1777276402.548,202.548,0.73,0.74,0.26,0.27,0.01,0.01,77746.88,1777276401000
1777276402.888,202.888,0.73,0.74,0.26,0.27,0.01,0.01,77746.88,1777276401000
1777276403.336,203.336,0.73,0.74,0.26,0.27,0.01,0.01,77746.88,1777276401000
1777276403.689,203.689,0.74,0.75,0.25,0.28,0.01,0.03,77747.41,1777276402000
1777276404.036,204.036,0.72,0.75,0.25,0.28,0.03,0.03,77747.41,1777276402000
1777276404.379,204.379,0.72,0.73,0.27,0.28,0.01,0.01,77747.19,1777276403000
1777276404.822,204.822,0.66,0.69,0.31,0.34,0.03,0.03,77747.19,1777276403000
1777276405.181,205.181,0.67,0.68,0.32,0.33,0.01,0.01,77747.19,1777276403000
1777276405.522,205.522,0.67,0.68,0.32,0.33,0.01,0.01,77747.19,1777276403000
1777276405.864,205.864,0.67,0.68,0.32,0.33,0.01,0.01,77747.19,1777276403000
1777276406.199,206.199,0.67,0.69,0.32,0.33,0.02,0.01,77747.19,1777276403000
1777276406.535,206.535,0.68,0.69,0.31,0.32,0.01,0.01,77738.25,1777276405000
1777276407.032,207.032,0.68,0.69,0.31,0.32,0.01,0.01,77737.91,1777276406000
1777276407.439,207.439,0.69,0.7,0.3,0.32,0.01,0.02,77737.91,1777276406000
1777276407.79,207.79,0.68,0.69,0.31,0.32,0.01,0.01,77737.91,1777276406000
1777276408.149,208.149,0.69,0.7,0.3,0.31,0.01,0.01,77737.91,1777276406000
1777276408.574,208.574,0.69,0.7,0.3,0.31,0.01,0.01,77733.48,1777276407000
1777276409.059,209.059,0.69,0.7,0.3,0.31,0.01,0.01,77733.48,1777276407000
1777276409.415,209.415,0.7,0.71,0.29,0.3,0.01,0.01,77732.85,1777276408000
1777276409.902,209.902,0.69,0.71,0.29,0.3,0.02,0.01,77732.85,1777276408000
1777276410.276,210.276,0.7,0.71,0.29,0.3,0.01,0.01,77733.46,1777276409000
1777276410.634,210.634,0.7,0.71,0.29,0.3,0.01,0.01,77733.46,1777276409000
1777276411.13,211.13,0.71,0.72,0.28,0.3,0.01,0.02,77733.46,1777276409000
1777276411.538,211.538,0.72,0.73,0.27,0.29,0.01,0.02,77733.58,1777276410000
1777276411.964,211.964,0.72,0.73,0.27,0.28,0.01,0.01,77733.58,1777276410000
1777276412.362,212.362,0.72,0.73,0.27,0.28,0.01,0.01,77733.58,1777276410000
1777276412.746,212.746,0.7,0.72,0.27,0.29,0.02,0.02,77734.08,1777276411000
1777276413.126,213.126,0.72,0.73,0.28,0.29,0.01,0.01,77734.4,1777276412000
1777276413.57,213.57,0.7,0.72,0.28,0.29,0.02,0.01,77734.4,1777276412000
1777276414.03,214.03,0.7,0.72,0.28,0.3,0.02,0.02,77734.4,1777276412000
1777276414.367,214.367,0.7,0.72,0.28,0.3,0.02,0.02,77734.4,1777276413000
1777276414.824,214.824,0.71,0.72,0.28,0.3,0.01,0.02,77734.4,1777276413000
1777276415.177,215.177,0.71,0.73,0.27,0.29,0.02,0.02,77734.4,1777276413000
1777276415.569,215.569,0.71,0.72,0.28,0.29,0.01,0.01,77735.16,1777276414000
1777276415.905,215.905,0.71,0.72,0.28,0.29,0.01,0.01,77735.16,1777276414000
1777276416.319,216.319,0.71,0.72,0.28,0.29,0.01,0.01,77735.16,1777276415000
1777276416.784,216.784,0.71,0.72,0.28,0.29,0.01,0.01,77735.16,1777276415000
1777276417.159,217.159,0.72,0.73,0.27,0.28,0.01,0.01,77735.82,1777276416000
1777276417.498,217.498,0.71,0.73,0.27,0.28,0.02,0.01,77735.82,1777276416000
1777276417.884,217.884,0.71,0.72,0.28,0.29,0.01,0.01,77735.82,1777276416000
1777276418.238,218.238,0.7,0.72,0.29,0.3,0.02,0.01,77735.82,1777276416000
1777276418.702,218.702,0.71,0.72,0.28,0.29,0.01,0.01,77735.78,1777276417000
1777276419.175,219.175,0.72,0.74,0.27,0.28,0.02,0.01,77735.78,1777276417000
1777276419.556,219.556,0.75,0.77,0.23,0.25,0.02,0.02,77735.51,1777276418000
1777276419.924,219.924,0.76,0.77,0.23,0.24,0.01,0.01,77735.51,1777276418000
1777276420.263,220.263,0.76,0.77,0.23,0.24,0.01,0.01,77735.62,1777276419000
1777276420.659,220.659,0.76,0.77,0.23,0.24,0.01,0.01,77735.62,1777276419000
1777276421.014,221.014,0.74,0.77,0.23,0.24,0.03,0.01,77735.62,1777276419000
1777276421.369,221.369,0.74,0.75,0.25,0.26,0.01,0.01,77735.62,1777276419000
1777276421.772,221.772,0.74,0.75,0.25,0.26,0.01,0.01,77739.21,1777276420000
1777276422.226,222.226,0.74,0.75,0.25,0.26,0.01,0.01,77739.21,1777276420000
1777276422.791,222.791,0.74,0.75,0.25,0.26,0.01,0.01,77739.32,1777276421000
1777276423.147,223.147,0.75,0.76,0.25,0.26,0.01,0.01,77739.89,1777276422000
1777276423.747,223.747,0.75,0.76,0.24,0.25,0.01,0.01,77739.89,1777276422000
1777276424.112,224.112,0.75,0.76,0.24,0.25,0.01,0.01,77739.89,1777276422000
1777276424.835,224.835,0.76,0.77,0.24,0.25,0.01,0.01,77740.84,1777276423000
1777276425.26,225.26,0.76,0.77,0.23,0.24,0.01,0.01,77740.84,1777276423000
1777276425.732,225.732,0.76,0.77,0.23,0.24,0.01,0.01,77741.84,1777276424000
1777276426.461,226.461,0.76,0.77,0.23,0.24,0.01,0.01,77741.84,1777276424000
1777276426.915,226.915,0.75,0.76,0.24,0.25,0.01,0.01,77742.55,1777276425000
1777276427.294,227.294,0.74,0.75,0.25,0.26,0.01,0.01,77742.55,1777276426000
1777276427.692,227.692,0.73,0.74,0.26,0.27,0.01,0.01,77742.55,1777276426000
1777276428.046,228.046,0.73,0.74,0.26,0.27,0.01,0.01,77742.55,1777276426000
1777276428.486,228.486,0.73,0.74,0.26,0.27,0.01,0.01,77741.26,1777276427000
1777276428.846,228.846,0.73,0.74,0.26,0.27,0.01,0.01,77741.26,1777276427000
1777276429.301,229.301,0.72,0.73,0.27,0.28,0.01,0.01,77741.26,1777276427000
1777276429.696,229.696,0.73,0.74,0.27,0.28,0.01,0.01,77738.4,1777276428000
1777276430.059,230.059,0.73,0.74,0.26,0.27,0.01,0.01,77738.4,1777276428000
1777276430.47,230.47,0.73,0.74,0.26,0.27,0.01,0.01,77736.0,1777276429000
1777276431.033,231.033,0.74,0.75,0.25,0.26,0.01,0.01,77735.86,1777276430000
1777276431.368,231.368,0.74,0.75,0.25,0.26,0.01,0.01,77735.86,1777276430000
1777276431.83,231.83,0.74,0.75,0.25,0.26,0.01,0.01,77735.86,1777276430000
1777276432.37,232.37,0.74,0.75,0.25,0.26,0.01,0.01,77735.95,1777276431000
1777276432.739,232.739,0.74,0.75,0.25,0.26,0.01,0.01,77735.95,1777276431000
1777276433.418,233.418,0.74,0.75,0.25,0.26,0.01,0.01,77736.35,1777276432000
1777276433.764,233.764,0.74,0.75,0.25,0.26,0.01,0.01,77736.35,1777276432000
1777276434.208,234.208,0.74,0.75,0.25,0.26,0.01,0.01,77736.97,1777276433000
1777276434.723,234.723,0.74,0.75,0.25,0.26,0.01,0.01,77736.97,1777276433000
1777276435.112,235.112,0.74,0.75,0.25,0.26,0.01,0.01,77737.59,1777276434000
1777276435.764,235.764,0.73,0.74,0.25,0.27,0.01,0.02,77737.59,1777276434000
1777276436.208,236.208,0.73,0.75,0.26,0.27,0.02,0.01,77737.59,1777276434000
1777276436.83,236.83,0.74,0.75,0.25,0.26,0.01,0.01,77737.59,1777276434000
1777276437.216,237.216,0.74,0.75,0.25,0.26,0.01,0.01,77738.39,1777276435000
1777276437.61,237.61,0.74,0.75,0.25,0.26,0.01,0.01,77738.39,1777276436000
1777276437.972,237.972,0.75,0.76,0.24,0.26,0.01,0.02,77738.39,1777276436000
1777276438.338,238.338,0.75,0.77,0.24,0.25,0.02,0.01,77738.66,1777276437000
1777276438.812,238.812,0.76,0.77,0.23,0.25,0.01,0.02,77738.66,1777276437000
1777276439.206,239.206,0.76,0.77,0.23,0.24,0.01,0.01,77738.66,1777276437000
1777276439.607,239.607,0.76,0.77,0.23,0.24,0.01,0.01,77738.75,1777276438000
1777276440.183,240.183,0.76,0.77,0.23,0.24,0.01,0.01,77738.75,1777276438000
1777276440.526,240.526,0.76,0.77,0.23,0.24,0.01,0.01,77741.23,1777276439000
1777276440.881,240.881,0.76,0.77,0.23,0.24,0.01,0.01,77741.23,1777276439000
1777276441.238,241.238,0.77,0.78,0.22,0.23,0.01,0.01,77741.76,1777276440000
1777276441.605,241.605,0.78,0.79,0.21,0.22,0.01,0.01,77741.76,1777276440000
1777276441.968,241.968,0.78,0.79,0.21,0.22,0.01,0.01,77741.76,1777276440000
1777276442.303,242.303,0.78,0.79,0.21,0.22,0.01,0.01,77740.71,1777276441000
1777276442.642,242.642,0.78,0.79,0.21,0.22,0.01,0.01,77740.71,1777276441000
1777276443.056,243.056,0.78,0.79,0.21,0.22,0.01,0.01,77740.71,1777276441000
1777276443.497,243.497,0.78,0.8,0.2,0.21,0.02,0.01,77740.73,1777276442000
1777276443.873,243.873,0.77,0.78,0.22,0.23,0.01,0.01,77740.73,1777276442000
1777276444.211,244.211,0.77,0.78,0.22,0.23,0.01,0.01,77740.73,1777276442000
1777276444.777,244.777,0.77,0.78,0.22,0.23,0.01,0.01,77735.46,1777276443000
1777276445.165,245.165,0.77,0.78,0.22,0.23,0.01,0.01,77736.52,1777276444000
1777276445.504,245.504,0.78,0.79,0.21,0.23,0.01,0.02,77736.52,1777276444000
1777276446.135,246.135,0.78,0.79,0.21,0.22,0.01,0.01,77736.52,1777276444000
1777276446.7,246.7,0.72,0.8,0.21,0.22,0.08,0.01,77735.17,1777276445000
1777276447.056,247.056,0.75,0.76,0.24,0.25,0.01,0.01,77735.17,1777276445000
1777276447.647,247.647,0.78,0.79,0.2,0.23,0.01,0.03,77735.1,1777276446000
1777276448.169,248.169,0.79,0.8,0.2,0.21,0.01,0.01,77735.1,1777276446000
1777276448.522,248.522,0.78,0.79,0.21,0.22,0.01,0.01,77735.1,1777276446000
1777276448.941,248.941,0.79,0.8,0.2,0.21,0.01,0.01,77735.15,1777276447000
1777276449.356,249.356,0.78,0.8,0.2,0.21,0.02,0.01,77735.98,1777276448000
1777276449.738,249.738,0.79,0.8,0.2,0.21,0.01,0.01,77735.98,1777276448000
1777276450.123,250.123,0.79,0.8,0.2,0.21,0.01,0.01,77735.98,1777276448000
1777276450.548,250.548,0.79,0.8,0.2,0.21,0.01,0.01,77735.24,1777276449000
1777276450.889,250.889,0.79,0.8,0.2,0.21,0.01,0.01,77735.24,1777276449000
1777276451.359,251.359,0.79,0.8,0.2,0.21,0.01,0.01,77735.24,1777276449000
1777276451.837,251.837,0.79,0.8,0.2,0.21,0.01,0.01,77735.24,1777276449000
1777276452.198,252.198,0.78,0.8,0.2,0.22,0.02,0.02,77735.63,1777276450000
1777276452.586,252.586,0.79,0.8,0.2,0.21,0.01,0.01,77735.63,1777276450000
1777276453.41,253.41,0.79,0.81,0.2,0.21,0.02,0.01,77735.62,1777276451000
1777276453.812,253.812,0.74,0.8,0.19,0.21,0.06,0.02,77735.62,1777276452000
1777276454.185,254.185,0.77,0.8,0.2,0.23,0.03,0.03,77735.65,1777276453000
1777276454.642,254.642,0.8,0.81,0.19,0.2,0.01,0.01,77735.65,1777276453000
1777276455.0,255.0,0.8,0.81,0.19,0.2,0.01,0.01,77735.65,1777276453000
1777276455.593,255.593,0.8,0.82,0.18,0.2,0.02,0.02,77735.4,1777276454000
1777276455.999,255.999,0.81,0.82,0.18,0.19,0.01,0.01,77735.4,1777276454000
1777276456.352,256.352,0.82,0.83,0.17,0.18,0.01,0.01,77735.36,1777276455000
1777276456.697,256.697,0.82,0.83,0.17,0.18,0.01,0.01,77735.36,1777276455000
1777276457.068,257.068,0.82,0.83,0.17,0.18,0.01,0.01,77735.36,1777276455000
1777276457.497,257.497,0.82,0.83,0.17,0.18,0.01,0.01,77735.37,1777276456000
1777276457.887,257.887,0.82,0.83,0.17,0.18,0.01,0.01,77735.37,1777276456000
1777276458.303,258.303,0.83,0.84,0.17,0.18,0.01,0.01,77735.37,1777276456000
1777276458.66,258.66,0.81,0.84,0.16,0.17,0.03,0.01,77739.08,1777276457000
1777276459.104,259.104,0.82,0.83,0.17,0.18,0.01,0.01,77739.08,1777276457000
1777276459.507,259.507,0.82,0.83,0.17,0.18,0.01,0.01,77739.08,1777276458000
1777276460.07,260.07,0.75,0.83,0.17,0.18,0.08,0.01,77739.08,1777276458000
1777276460.404,260.404,0.82,0.83,0.17,0.18,0.01,0.01,77739.45,1777276459000
1777276460.75,260.75,0.8,0.81,0.17,0.2,0.01,0.03,77739.45,1777276459000
1777276461.092,261.092,0.82,0.83,0.15,0.2,0.01,0.05,77739.83,1777276460000
1777276461.433,261.433,0.73,0.75,0.23,0.27,0.02,0.04,77739.83,1777276460000
1777276461.779,261.779,0.72,0.73,0.27,0.28,0.01,0.01,77739.83,1777276460000
1777276462.115,262.115,0.72,0.76,0.24,0.28,0.04,0.04,77739.83,1777276460000
1777276462.465,262.465,0.74,0.75,0.25,0.26,0.01,0.01,77739.66,1777276461000
1777276462.857,262.857,0.72,0.73,0.27,0.28,0.01,0.01,77739.66,1777276461000
1777276463.213,263.213,0.8,0.81,0.18,0.29,0.01,0.11,77739.66,1777276461000
1777276463.549,263.549,0.8,0.81,0.16,0.2,0.01,0.04,77739.66,1777276461000
1777276463.911,263.911,0.8,0.81,0.19,0.2,0.01,0.01,77739.82,1777276462000
1777276464.245,264.245,0.8,0.82,0.18,0.2,0.02,0.02,77739.82,1777276462000
1777276464.599,264.599,0.83,0.85,0.15,0.18,0.02,0.03,77737.4,1777276463000
1777276464.939,264.939,0.82,0.85,0.15,0.16,0.03,0.01,77737.4,1777276463000
1777276465.402,265.402,0.82,0.85,0.15,0.18,0.03,0.03,77737.4,1777276463000
1777276465.777,265.777,0.84,0.85,0.15,0.16,0.01,0.01,77737.63,1777276464000
1777276466.159,266.159,0.81,0.84,0.16,0.19,0.03,0.03,77737.63,1777276465000
1777276466.5,266.5,0.83,0.84,0.16,0.17,0.01,0.01,77737.63,1777276465000
1777276466.958,266.958,0.82,0.83,0.17,0.18,0.01,0.01,77737.63,1777276465000
1777276467.328,267.328,0.82,0.83,0.17,0.18,0.01,0.01,77737.63,1777276465000
1777276467.773,267.773,0.79,0.8,0.19,0.22,0.01,0.03,77740.46,1777276466000
1777276468.243,268.243,0.8,0.81,0.2,0.21,0.01,0.01,77740.46,1777276466000
1777276468.589,268.589,0.82,0.85,0.16,0.19,0.03,0.03,77740.06,1777276467000
1777276468.923,268.923,0.83,0.85,0.16,0.17,0.02,0.01,77740.06,1777276467000
1777276469.364,269.364,0.79,0.85,0.18,0.19,0.06,0.01,77740.06,1777276467000
1777276469.72,269.72,0.81,0.82,0.16,0.19,0.01,0.03,77740.06,1777276467000
1777276470.071,270.071,0.84,0.85,0.14,0.16,0.01,0.02,77737.52,1777276469000
1777276470.415,270.415,0.85,0.87,0.13,0.16,0.02,0.03,77737.52,1777276469000
1777276470.754,270.754,0.77,0.84,0.15,0.29,0.07,0.14,77737.52,1777276469000
1777276471.089,271.089,0.81,0.84,0.16,0.2,0.03,0.04,77737.52,1777276469000
1777276471.481,271.481,0.82,0.83,0.17,0.3,0.01,0.13,77739.07,1777276470000
1777276471.835,271.835,0.84,0.85,0.15,0.16,0.01,0.01,77739.07,1777276470000
1777276472.229,272.229,0.81,0.87,0.18,0.2,0.06,0.02,77739.07,1777276470000
1777276472.662,272.662,0.83,0.86,0.14,0.15,0.03,0.01,77737.44,1777276471000
1777276473.035,273.035,0.85,0.88,0.13,0.16,0.03,0.03,77737.44,1777276471000
1777276473.465,273.465,0.86,0.87,0.13,0.14,0.01,0.01,77737.44,1777276471000
1777276473.818,273.818,0.85,0.86,0.14,0.15,0.01,0.01,77735.98,1777276472000
1777276474.242,274.242,0.85,0.86,0.14,0.15,0.01,0.01,77735.98,1777276472000
1777276474.687,274.687,0.85,0.86,0.14,0.15,0.01,0.01,77735.98,1777276473000
1777276475.038,275.038,0.84,0.86,0.14,0.16,0.02,0.02,77735.89,1777276474000
1777276475.448,275.448,0.85,0.86,0.14,0.15,0.01,0.01,77735.89,1777276474000
1777276475.808,275.808,0.85,0.86,0.12,0.13,0.01,0.01,77735.89,1777276474000
1777276476.22,276.22,0.86,0.88,0.12,0.14,0.02,0.02,77735.89,1777276475000
1777276476.586,276.586,0.87,0.88,0.12,0.13,0.01,0.01,77735.89,1777276475000
1777276476.921,276.921,0.87,0.88,0.12,0.13,0.01,0.01,77735.89,1777276475000
1777276477.469,277.469,0.87,0.88,0.12,0.13,0.01,0.01,77734.11,1777276476000
1777276477.839,277.839,0.87,0.88,0.12,0.15,0.01,0.03,77734.11,1777276476000
1777276478.244,278.244,0.88,0.89,0.11,0.12,0.01,0.01,77733.62,1777276477000
1777276478.656,278.656,0.84,0.85,0.15,0.16,0.01,0.01,77733.62,1777276477000
1777276479.175,279.175,0.88,0.89,0.14,0.15,0.01,0.01,77733.62,1777276477000
1777276479.511,279.511,0.88,0.9,0.11,0.12,0.02,0.01,77734.12,1777276478000
1777276479.916,279.916,0.88,0.9,0.1,0.12,0.02,0.02,77734.12,1777276478000
1777276480.25,280.25,0.85,0.86,0.1,0.16,0.01,0.06,77734.12,1777276478000
1777276480.612,280.612,0.85,0.86,0.14,0.15,0.01,0.01,77733.6,1777276479000
1777276480.945,280.945,0.86,0.87,0.13,0.14,0.01,0.01,77733.6,1777276479000
1777276481.332,281.332,0.68,0.87,0.13,0.14,0.19,0.01,77733.6,1777276479000
1777276481.741,281.741,0.81,0.82,0.18,0.19,0.01,0.01,77734.29,1777276480000
1777276482.093,282.093,0.7,0.8,0.14,0.31,0.1,0.17,77734.29,1777276480000
1777276482.475,282.475,0.83,0.84,0.14,0.17,0.01,0.03,77734.29,1777276481000
1777276482.832,282.832,0.78,0.81,0.18,0.24,0.03,0.06,77734.29,1777276481000
1777276483.285,283.285,0.76,0.85,0.14,0.24,0.09,0.1,77734.58,1777276482000
1777276483.696,283.696,0.77,0.78,0.15,0.24,0.01,0.09,77734.58,1777276482000
1777276484.065,284.065,0.77,0.79,0.21,0.23,0.02,0.02,77734.58,1777276482000
1777276484.46,284.46,0.76,0.77,0.23,0.24,0.01,0.01,77735.49,1777276483000
1777276484.808,284.808,0.76,0.77,0.23,0.24,0.01,0.01,77735.49,1777276483000
1777276485.149,285.149,0.75,0.79,0.23,0.25,0.04,0.02,77735.49,1777276483000
1777276485.531,285.531,0.74,0.76,0.24,0.26,0.02,0.02,77737.43,1777276484000
1777276485.989,285.989,0.8,0.83,0.13,0.23,0.03,0.1,77737.43,1777276484000
1777276486.325,286.325,0.71,0.81,0.18,0.32,0.1,0.14,77737.6,1777276485000
1777276486.679,286.679,0.73,0.76,0.24,0.25,0.03,0.01,77737.6,1777276485000
1777276487.041,287.041,0.69,0.72,0.24,0.27,0.03,0.03,77737.6,1777276485000
1777276487.382,287.382,0.65,0.73,0.26,0.34,0.08,0.08,77737.6,1777276485000
1777276487.719,287.719,0.7,0.71,0.29,0.3,0.01,0.01,77737.89,1777276486000
1777276488.085,288.085,0.73,0.76,0.24,0.27,0.03,0.03,77738.07,1777276487000
1777276488.419,288.419,0.74,0.75,0.24,0.26,0.01,0.02,77738.07,1777276487000
1777276488.766,288.766,0.74,0.75,0.25,0.26,0.01,0.01,77738.07,1777276487000
1777276489.126,289.126,0.57,0.75,0.25,0.26,0.18,0.01,77738.07,1777276487000
1777276489.466,289.466,0.8,0.86,0.13,0.2,0.06,0.07,77738.23,1777276488000
1777276489.799,289.799,0.84,0.85,0.15,0.17,0.01,0.02,77738.23,1777276488000
1777276490.285,290.285,0.83,0.84,0.16,0.19,0.01,0.03,77738.23,1777276488000
1777276490.678,290.678,0.84,0.86,0.13,0.18,0.02,0.05,77738.47,1777276489000
1777276491.028,291.028,0.83,0.87,0.13,0.17,0.04,0.04,77738.52,1777276490000
1777276491.42,291.42,0.86,0.9,0.12,0.14,0.04,0.02,77738.52,1777276490000
1777276491.774,291.774,0.01,0.89,0.1,0.18,0.88,0.08,77738.52,1777276490000
1777276492.109,292.109,0.58,0.59,0.41,0.49,0.01,0.08,77738.52,1777276490000
1777276492.447,292.447,0.83,0.9,0.12,0.17,0.07,0.05,77738.47,1777276491000
1777276492.785,292.785,0.7,0.83,0.1,0.31,0.13,0.21,77738.47,1777276491000
1777276493.156,293.156,0.7,0.01,0.24,0.3,-0.69,0.06,77738.47,1777276491000
1777276493.49,293.49,0.49,0.53,0.47,0.51,0.04,0.04,77738.47,1777276491000
1777276493.843,293.843,0.7,0.71,0.28,0.51,0.01,0.23,77738.36,1777276492000
1777276494.197,294.197,0.58,0.59,0.1,0.3,0.01,0.2,77738.39,1777276493000
1777276494.547,294.547,0.58,0.59,0.23,0.42,0.01,0.19,77738.39,1777276493000
1777276494.885,294.885,0.58,0.59,0.41,0.42,0.01,0.01,77738.39,1777276493000
1777276495.218,295.218,0.11,0.13,0.87,0.89,0.02,0.02,77738.43,1777276494000
1777276495.557,295.557,0.02,0.03,0.97,0.98,0.01,0.01,77738.43,1777276494000
1777276495.895,295.895,0.02,0.03,0.97,0.98,0.01,0.01,77738.43,1777276494000
1777276496.25,296.25,0.01,0.04,0.96,0.99,0.03,0.03,77737.47,1777276495000
1777276496.596,296.596,0.14,0.26,0.7,0.86,0.12,0.16,77737.47,1777276495000
1777276496.945,296.945,0.34,0.43,0.57,0.58,0.09,0.01,77737.47,1777276495000
1777276497.285,297.285,0.43,0.48,0.52,0.58,0.05,0.06,77701.77,1777276496000
1777276497.626,297.626,0.49,0.55,0.45,0.51,0.06,0.06,77701.77,1777276496000
1777276497.965,297.965,0.49,0.56,0.44,0.51,0.07,0.07,77701.77,1777276496000
1777276498.329,298.329,0.55,0.58,0.43,0.45,0.03,0.02,77701.77,1777276496000
1777276498.673,298.673,0.86,0.87,0.13,0.14,0.01,0.01,77701.77,1777276496000
1777276499.012,299.012,0.67,0.82,0.17,0.27,0.15,0.1,77686.54,1777276497000
1777276499.345,299.345,0.82,0.87,0.13,0.18,0.05,0.05,77689.36,1777276498000
1777276499.692,299.692,0.9,0.9,0.1,0.1,0.0,0.0,77689.36,1777276498000
1777276500.026,300.026,0.87,0.9,0.1,0.1,0.03,0.0,77689.36,1777276498000
1777276500.392,300.392,0.99,0.89,0.11,0.01,-0.1,-0.1,77693.34,1777276499000
1777276500.737,300.737,0.99,0.89,0.11,0.01,-0.1,-0.1,77693.34,1777276499000
1777276501.408,301.408,0.99,0.89,0.11,0.01,-0.1,-0.1,77694.7,1777276500000
1777276502.787,302.787,0.99,0.89,0.11,0.01,-0.1,-0.1,77694.73,1777276501000

# RESULT,winner=Up,slug=btc-updown-5m-1777276200,ticks=712
