timestamp,elapsed_sec,up_bid,up_ask,down_bid,down_ask,up_spread,down_spread,btc_price,btc_oracle_ts
1776582300.526,0.526,0.54,0.55,0.45,0.46,0.01,0.01,75368.49,1776582298000
1776582300.859,0.859,0.57,0.58,0.41,0.43,0.01,0.02,75368.49,1776582298000
1776582301.569,1.569,0.58,0.59,0.41,0.42,0.01,0.01,75368.49,1776582298000
1776582302.344,2.344,0.58,0.59,0.41,0.42,0.01,0.01,75368.49,1776582298000
1776582302.813,2.813,0.58,0.59,0.41,0.42,0.01,0.01,75368.49,1776582298000
1776582303.173,3.173,0.59,0.6,0.4,0.41,0.01,0.01,75368.49,1776582298000
1776582303.521,3.521,0.59,0.6,0.4,0.41,0.01,0.01,75368.49,1776582298000
1776582303.943,3.943,0.59,0.6,0.4,0.41,0.01,0.01,75368.49,1776582298000
1776582304.441,4.441,0.58,0.59,0.41,0.42,0.01,0.01,75368.49,1776582298000
1776582305.235,5.235,0.59,0.6,0.4,0.41,0.01,0.01,75368.49,1776582298000
1776582305.618,5.618,0.59,0.6,0.4,0.41,0.01,0.01,75368.49,1776582298000
1776582306.048,6.048,0.59,0.6,0.4,0.41,0.01,0.01,75368.49,1776582298000
1776582306.494,6.494,0.59,0.6,0.4,0.41,0.01,0.01,75368.49,1776582298000
1776582306.853,6.853,0.59,0.6,0.4,0.41,0.01,0.01,75368.49,1776582298000
1776582307.245,7.245,0.6,0.61,0.39,0.4,0.01,0.01,75368.49,1776582298000
1776582307.607,7.607,0.6,0.61,0.39,0.4,0.01,0.01,75368.49,1776582298000
1776582307.973,7.973,0.6,0.61,0.39,0.4,0.01,0.01,75392.48,1776582306000
1776582308.348,8.348,0.6,0.61,0.39,0.4,0.01,0.01,75392.49,1776582307000
1776582308.759,8.759,0.6,0.61,0.39,0.4,0.01,0.01,75392.49,1776582307000
1776582309.127,9.127,0.6,0.61,0.39,0.4,0.01,0.01,75392.5,1776582308000
1776582309.705,9.705,0.58,0.59,0.39,0.42,0.01,0.03,75392.5,1776582308000
1776582310.075,10.075,0.58,0.59,0.41,0.42,0.01,0.01,75392.5,1776582308000
1776582310.428,10.428,0.58,0.59,0.41,0.42,0.01,0.01,75390.3,1776582309000
1776582310.903,10.903,0.58,0.59,0.41,0.42,0.01,0.01,75390.3,1776582309000
1776582311.326,11.326,0.58,0.59,0.41,0.42,0.01,0.01,75389.39,1776582310000
1776582311.671,11.671,0.59,0.6,0.4,0.41,0.01,0.01,75389.39,1776582310000
1776582312.108,12.108,0.59,0.6,0.4,0.41,0.01,0.01,75392.34,1776582311000
1776582312.442,12.442,0.59,0.6,0.4,0.41,0.01,0.01,75392.34,1776582311000
1776582312.879,12.879,0.59,0.6,0.4,0.41,0.01,0.01,75392.34,1776582311000
1776582313.252,13.252,0.59,0.6,0.4,0.41,0.01,0.01,75392.34,1776582312000
1776582313.682,13.682,0.59,0.6,0.4,0.41,0.01,0.01,75392.34,1776582312000
1776582314.291,14.291,0.59,0.6,0.4,0.41,0.01,0.01,75392.5,1776582313000
1776582314.64,14.64,0.59,0.6,0.4,0.41,0.01,0.01,75392.5,1776582313000
1776582315.006,15.006,0.59,0.6,0.4,0.41,0.01,0.01,75392.5,1776582313000
1776582315.487,15.487,0.6,0.61,0.4,0.41,0.01,0.01,75392.61,1776582314000
1776582315.849,15.849,0.6,0.61,0.39,0.4,0.01,0.01,75392.61,1776582314000
1776582316.267,16.267,0.6,0.61,0.39,0.4,0.01,0.01,75392.61,1776582314000
1776582316.933,16.933,0.6,0.61,0.39,0.4,0.01,0.01,75392.61,1776582315000
1776582317.374,17.374,0.6,0.61,0.39,0.4,0.01,0.01,75392.61,1776582316000
1776582318.035,18.035,0.6,0.61,0.39,0.4,0.01,0.01,75392.61,1776582317000
1776582318.473,18.473,0.6,0.61,0.39,0.4,0.01,0.01,75392.61,1776582317000
1776582318.872,18.872,0.6,0.61,0.39,0.4,0.01,0.01,75392.61,1776582317000
1776582319.295,19.295,0.6,0.61,0.39,0.4,0.01,0.01,75390.46,1776582318000
1776582319.828,19.828,0.61,0.62,0.38,0.39,0.01,0.01,75390.46,1776582318000
1776582320.186,20.186,0.62,0.63,0.37,0.38,0.01,0.01,75388.76,1776582319000
1776582320.576,20.576,0.62,0.63,0.37,0.38,0.01,0.01,75388.76,1776582319000
1776582320.98,20.98,0.62,0.63,0.37,0.38,0.01,0.01,75388.76,1776582319000
1776582321.352,21.352,0.62,0.63,0.37,0.38,0.01,0.01,75388.97,1776582320000
1776582321.904,21.904,0.62,0.63,0.37,0.38,0.01,0.01,75388.97,1776582320000
1776582322.271,22.271,0.62,0.63,0.37,0.38,0.01,0.01,75391.18,1776582321000
1776582322.617,22.617,0.62,0.63,0.37,0.38,0.01,0.01,75391.18,1776582321000
1776582323.12,23.12,0.62,0.63,0.37,0.38,0.01,0.01,75391.18,1776582321000
1776582323.491,23.491,0.62,0.63,0.37,0.38,0.01,0.01,75391.18,1776582321000
1776582323.865,23.865,0.62,0.63,0.37,0.38,0.01,0.01,75391.18,1776582321000
1776582324.421,24.421,0.61,0.62,0.38,0.39,0.01,0.01,75392.37,1776582322000
1776582324.789,24.789,0.61,0.62,0.38,0.39,0.01,0.01,75391.36,1776582323000
1776582325.285,25.285,0.61,0.62,0.38,0.39,0.01,0.01,75392.37,1776582324000
1776582325.658,25.658,0.61,0.62,0.38,0.39,0.01,0.01,75392.37,1776582324000
1776582326.058,26.058,0.61,0.62,0.38,0.39,0.01,0.01,75392.37,1776582324000
1776582326.716,26.716,0.61,0.62,0.38,0.39,0.01,0.01,75392.71,1776582325000
1776582327.057,27.057,0.56,0.6,0.4,0.44,0.04,0.04,75392.71,1776582325000
1776582327.397,27.397,0.57,0.58,0.42,0.43,0.01,0.01,75392.71,1776582326000
1776582327.762,27.762,0.57,0.58,0.42,0.43,0.01,0.01,75392.71,1776582326000
1776582328.109,28.109,0.57,0.58,0.42,0.43,0.01,0.01,75392.71,1776582327000
1776582328.445,28.445,0.57,0.58,0.42,0.43,0.01,0.01,75392.71,1776582327000
1776582328.902,28.902,0.57,0.58,0.42,0.43,0.01,0.01,75392.71,1776582327000
1776582329.339,29.339,0.57,0.58,0.42,0.43,0.01,0.01,75390.81,1776582328000
1776582329.798,29.798,0.57,0.58,0.42,0.43,0.01,0.01,75390.81,1776582328000
1776582330.31,30.31,0.57,0.58,0.42,0.43,0.01,0.01,75390.7,1776582329000
1776582330.83,30.83,0.57,0.58,0.42,0.43,0.01,0.01,75390.7,1776582329000
1776582331.254,31.254,0.57,0.58,0.42,0.43,0.01,0.01,75390.7,1776582329000
1776582332.113,32.113,0.57,0.58,0.42,0.43,0.01,0.01,75390.91,1776582331000
1776582332.552,32.552,0.57,0.58,0.42,0.43,0.01,0.01,75390.91,1776582331000
1776582332.954,32.954,0.57,0.58,0.42,0.43,0.01,0.01,75390.91,1776582331000
1776582333.299,33.299,0.57,0.58,0.42,0.43,0.01,0.01,75390.91,1776582331000
1776582333.68,33.68,0.57,0.58,0.42,0.43,0.01,0.01,75390.91,1776582332000
1776582334.068,34.068,0.58,0.59,0.41,0.43,0.01,0.02,75390.91,1776582333000
1776582334.486,34.486,0.58,0.59,0.41,0.42,0.01,0.01,75390.91,1776582333000
1776582335.021,35.021,0.58,0.59,0.41,0.42,0.01,0.01,75391.01,1776582334000
1776582335.473,35.473,0.58,0.59,0.41,0.42,0.01,0.01,75391.01,1776582334000
1776582336.091,36.091,0.58,0.59,0.41,0.42,0.01,0.01,75391.01,1776582334000
1776582336.445,36.445,0.58,0.59,0.41,0.42,0.01,0.01,75390.87,1776582335000
1776582337.024,37.024,0.58,0.59,0.41,0.42,0.01,0.01,75390.87,1776582335000
1776582337.445,37.445,0.58,0.59,0.41,0.42,0.01,0.01,75390.87,1776582335000
1776582338.072,38.072,0.58,0.59,0.41,0.42,0.01,0.01,75390.7,1776582337000
1776582338.427,38.427,0.58,0.59,0.41,0.42,0.01,0.01,75390.7,1776582337000
1776582338.971,38.971,0.58,0.59,0.41,0.42,0.01,0.01,75390.7,1776582338000
1776582339.365,39.365,0.59,0.6,0.4,0.41,0.01,0.01,75390.7,1776582338000
1776582339.763,39.763,0.6,0.61,0.39,0.4,0.01,0.01,75390.7,1776582338000
1776582340.199,40.199,0.6,0.61,0.39,0.4,0.01,0.01,75390.83,1776582339000
1776582340.581,40.581,0.61,0.62,0.38,0.39,0.01,0.01,75390.83,1776582339000
1776582340.946,40.946,0.61,0.62,0.38,0.39,0.01,0.01,75390.83,1776582339000
1776582341.339,41.339,0.61,0.62,0.38,0.39,0.01,0.01,75390.84,1776582340000
1776582341.719,41.719,0.61,0.62,0.38,0.39,0.01,0.01,75390.84,1776582340000
1776582342.143,42.143,0.61,0.62,0.38,0.39,0.01,0.01,75391.24,1776582341000
1776582343.175,43.175,0.61,0.62,0.38,0.39,0.01,0.01,75391.24,1776582341000
1776582343.51,43.51,0.61,0.62,0.38,0.39,0.01,0.01,75391.24,1776582342000
1776582344.163,44.163,0.61,0.62,0.38,0.39,0.01,0.01,75391.24,1776582342000
1776582344.59,44.59,0.61,0.62,0.38,0.39,0.01,0.01,75391.24,1776582343000
1776582345.162,45.162,0.61,0.62,0.38,0.39,0.01,0.01,75391.24,1776582344000
1776582345.59,45.59,0.61,0.62,0.38,0.39,0.01,0.01,75391.24,1776582344000
1776582346.073,46.073,0.61,0.62,0.38,0.39,0.01,0.01,75391.23,1776582345000
1776582346.804,46.804,0.61,0.62,0.38,0.39,0.01,0.01,75391.23,1776582345000
1776582347.189,47.189,0.61,0.62,0.38,0.39,0.01,0.01,75391.23,1776582346000
1776582347.522,47.522,0.61,0.62,0.38,0.39,0.01,0.01,75391.23,1776582346000
1776582348.007,48.007,0.62,0.63,0.38,0.39,0.01,0.01,75391.23,1776582346000
1776582348.531,48.531,0.63,0.64,0.36,0.37,0.01,0.01,75391.29,1776582347000
1776582349.09,49.09,0.63,0.64,0.36,0.37,0.01,0.01,75391.29,1776582347000
1776582349.446,49.446,0.63,0.64,0.36,0.37,0.01,0.01,75391.29,1776582348000
1776582349.827,49.827,0.63,0.64,0.36,0.37,0.01,0.01,75391.29,1776582348000
1776582350.335,50.335,0.63,0.64,0.36,0.37,0.01,0.01,75391.29,1776582349000
1776582351.026,51.026,0.63,0.64,0.36,0.37,0.01,0.01,75391.29,1776582349000
1776582351.583,51.583,0.63,0.64,0.36,0.37,0.01,0.01,75392.11,1776582350000
1776582352.204,52.204,0.63,0.64,0.36,0.37,0.01,0.01,75392.14,1776582351000
1776582352.589,52.589,0.63,0.64,0.36,0.37,0.01,0.01,75392.14,1776582351000
1776582353.351,53.351,0.63,0.64,0.36,0.37,0.01,0.01,75392.14,1776582351000
1776582354.081,54.081,0.63,0.64,0.36,0.37,0.01,0.01,75392.14,1776582353000
1776582354.686,54.686,0.63,0.64,0.36,0.37,0.01,0.01,75392.14,1776582353000
1776582355.03,55.03,0.63,0.64,0.36,0.37,0.01,0.01,75392.14,1776582354000
1776582355.387,55.387,0.61,0.64,0.36,0.37,0.03,0.01,75392.14,1776582354000
1776582355.742,55.742,0.57,0.58,0.42,0.43,0.01,0.01,75392.14,1776582354000
1776582356.356,56.356,0.57,0.58,0.42,0.43,0.01,0.01,75392.14,1776582355000
1776582356.826,56.826,0.57,0.58,0.42,0.43,0.01,0.01,75392.14,1776582355000
1776582357.239,57.239,0.57,0.58,0.42,0.43,0.01,0.01,75392.14,1776582356000
1776582357.699,57.699,0.57,0.58,0.42,0.43,0.01,0.01,75392.14,1776582356000
1776582358.073,58.073,0.57,0.58,0.42,0.43,0.01,0.01,75391.03,1776582357000
1776582358.628,58.628,0.57,0.58,0.42,0.43,0.01,0.01,75391.03,1776582357000
1776582359.196,59.196,0.57,0.58,0.42,0.43,0.01,0.01,75391.03,1776582358000
1776582360.057,60.057,0.57,0.58,0.42,0.43,0.01,0.01,75391.03,1776582358000
1776582360.442,60.442,0.57,0.58,0.42,0.43,0.01,0.01,75391.04,1776582359000
1776582360.909,60.909,0.57,0.58,0.42,0.43,0.01,0.01,75391.04,1776582359000
1776582361.282,61.282,0.54,0.56,0.42,0.46,0.02,0.04,75391.04,1776582360000
1776582361.694,61.694,0.51,0.52,0.48,0.49,0.01,0.01,75391.04,1776582360000
1776582362.083,62.083,0.44,0.5,0.5,0.6,0.06,0.1,75391.04,1776582360000
1776582362.425,62.425,0.33,0.41,0.59,0.66,0.08,0.07,75391.03,1776582361000
1776582362.762,62.762,0.34,0.35,0.65,0.66,0.01,0.01,75391.03,1776582361000
1776582363.098,63.098,0.32,0.35,0.65,0.68,0.03,0.03,75391.03,1776582361000
1776582363.441,63.441,0.32,0.34,0.66,0.68,0.02,0.02,75381.95,1776582362000
1776582363.775,63.775,0.32,0.33,0.67,0.68,0.01,0.01,75381.95,1776582362000
1776582364.168,64.168,0.32,0.33,0.67,0.68,0.01,0.01,75381.95,1776582362000
1776582364.572,64.572,0.32,0.33,0.67,0.68,0.01,0.01,75370.85,1776582363000
1776582364.93,64.93,0.32,0.33,0.67,0.68,0.01,0.01,75370.85,1776582363000
1776582365.288,65.288,0.32,0.33,0.67,0.68,0.01,0.01,75370.85,1776582363000
1776582365.667,65.667,0.32,0.33,0.67,0.68,0.01,0.01,75369.55,1776582364000
1776582366.114,66.114,0.32,0.33,0.67,0.68,0.01,0.01,75369.55,1776582365000
1776582366.683,66.683,0.32,0.33,0.67,0.68,0.01,0.01,75369.55,1776582365000
1776582367.068,67.068,0.32,0.33,0.67,0.68,0.01,0.01,75369.55,1776582365000
1776582367.591,67.591,0.32,0.33,0.67,0.68,0.01,0.01,75367.41,1776582366000
1776582368.093,68.093,0.32,0.33,0.67,0.68,0.01,0.01,75367.41,1776582366000
1776582368.431,68.431,0.32,0.33,0.67,0.68,0.01,0.01,75370.04,1776582367000
1776582368.767,68.767,0.32,0.33,0.67,0.68,0.01,0.01,75370.04,1776582367000
1776582369.109,69.109,0.32,0.33,0.67,0.68,0.01,0.01,75370.04,1776582367000
1776582369.561,69.561,0.32,0.33,0.67,0.68,0.01,0.01,75369.53,1776582368000
1776582369.975,69.975,0.32,0.33,0.67,0.68,0.01,0.01,75365.23,1776582369000
1776582370.391,70.391,0.33,0.34,0.66,0.67,0.01,0.01,75365.23,1776582369000
1776582370.83,70.83,0.33,0.34,0.66,0.67,0.01,0.01,75365.23,1776582369000
1776582371.331,71.331,0.33,0.34,0.66,0.67,0.01,0.01,75369.24,1776582370000
1776582371.799,71.799,0.33,0.34,0.66,0.67,0.01,0.01,75369.24,1776582370000
1776582372.144,72.144,0.33,0.34,0.61,0.67,0.01,0.06,75369.24,1776582370000
1776582372.647,72.647,0.33,0.39,0.66,0.67,0.06,0.01,75364.55,1776582371000
1776582373.031,73.031,0.38,0.39,0.61,0.62,0.01,0.01,75364.55,1776582371000
1776582373.498,73.498,0.38,0.39,0.61,0.62,0.01,0.01,75369.04,1776582372000
1776582373.854,73.854,0.38,0.39,0.61,0.62,0.01,0.01,75369.04,1776582372000
1776582374.25,74.25,0.38,0.39,0.61,0.62,0.01,0.01,75369.04,1776582373000
1776582374.673,74.673,0.38,0.39,0.61,0.62,0.01,0.01,75369.04,1776582373000
1776582375.102,75.102,0.38,0.39,0.61,0.62,0.01,0.01,75368.87,1776582374000
1776582375.53,75.53,0.36,0.37,0.63,0.64,0.01,0.01,75368.87,1776582374000
1776582375.988,75.988,0.36,0.37,0.63,0.64,0.01,0.01,75368.87,1776582374000
1776582376.466,76.466,0.36,0.37,0.63,0.64,0.01,0.01,75368.87,1776582375000
1776582376.919,76.919,0.35,0.37,0.63,0.64,0.02,0.01,75368.87,1776582375000
1776582377.356,77.356,0.35,0.36,0.64,0.65,0.01,0.01,75368.87,1776582375000
1776582377.793,77.793,0.34,0.35,0.65,0.66,0.01,0.01,75364.24,1776582376000
1776582378.399,78.399,0.35,0.36,0.64,0.65,0.01,0.01,75370.05,1776582377000
1776582378.862,78.862,0.35,0.36,0.64,0.65,0.01,0.01,75370.05,1776582377000
1776582379.321,79.321,0.35,0.36,0.64,0.65,0.01,0.01,75369.3,1776582378000
1776582379.784,79.784,0.35,0.37,0.64,0.65,0.02,0.01,75369.3,1776582378000
1776582380.252,80.252,0.36,0.37,0.63,0.64,0.01,0.01,75364.14,1776582379000
1776582380.658,80.658,0.36,0.37,0.62,0.63,0.01,0.01,75364.14,1776582379000
1776582381.075,81.075,0.36,0.37,0.63,0.64,0.01,0.01,75364.14,1776582379000
1776582381.528,81.528,0.38,0.39,0.62,0.63,0.01,0.01,75364.05,1776582380000
1776582382.054,82.054,0.37,0.38,0.62,0.63,0.01,0.01,75364.05,1776582380000
1776582382.404,82.404,0.39,0.4,0.6,0.62,0.01,0.02,75363.7,1776582381000
1776582382.784,82.784,0.39,0.4,0.6,0.61,0.01,0.01,75363.7,1776582381000
1776582383.184,83.184,0.38,0.39,0.6,0.62,0.01,0.02,75363.7,1776582381000
1776582383.72,83.72,0.36,0.39,0.61,0.62,0.03,0.01,75364.48,1776582382000
1776582384.123,84.123,0.36,0.37,0.63,0.64,0.01,0.01,75364.48,1776582382000
1776582384.496,84.496,0.36,0.37,0.63,0.64,0.01,0.01,75366.75,1776582383000
1776582384.892,84.892,0.36,0.37,0.63,0.64,0.01,0.01,75367.87,1776582384000
1776582385.269,85.269,0.36,0.37,0.63,0.64,0.01,0.01,75367.87,1776582384000
1776582385.744,85.744,0.36,0.37,0.63,0.64,0.01,0.01,75367.87,1776582384000
1776582386.24,86.24,0.36,0.37,0.63,0.64,0.01,0.01,75366.06,1776582385000
1776582386.671,86.671,0.36,0.37,0.63,0.64,0.01,0.01,75366.06,1776582385000
1776582387.042,87.042,0.36,0.37,0.63,0.64,0.01,0.01,75366.06,1776582386000
1776582387.511,87.511,0.36,0.37,0.63,0.64,0.01,0.01,75366.06,1776582386000
1776582387.875,87.875,0.36,0.37,0.63,0.64,0.01,0.01,75366.06,1776582386000
1776582388.225,88.225,0.3,0.33,0.65,0.7,0.03,0.05,75359.21,1776582387000
1776582388.558,88.558,0.31,0.32,0.68,0.69,0.01,0.01,75359.21,1776582387000
1776582388.92,88.92,0.3,0.31,0.69,0.7,0.01,0.01,75359.21,1776582387000
1776582389.259,89.259,0.3,0.31,0.69,0.7,0.01,0.01,75365.06,1776582388000
1776582389.637,89.637,0.3,0.31,0.69,0.7,0.01,0.01,75365.06,1776582388000
1776582390.002,90.002,0.3,0.31,0.69,0.7,0.01,0.01,75365.06,1776582388000
1776582390.353,90.353,0.3,0.31,0.69,0.7,0.01,0.01,75362.96,1776582389000
1776582390.702,90.702,0.3,0.31,0.69,0.7,0.01,0.01,75362.96,1776582389000
1776582391.047,91.047,0.3,0.31,0.69,0.7,0.01,0.01,75359.89,1776582390000
1776582391.798,91.798,0.3,0.31,0.69,0.7,0.01,0.01,75359.89,1776582390000
1776582392.168,92.168,0.3,0.31,0.69,0.7,0.01,0.01,75359.89,1776582390000
1776582392.584,92.584,0.3,0.31,0.69,0.7,0.01,0.01,75358.86,1776582391000
1776582393.037,93.037,0.3,0.31,0.69,0.7,0.01,0.01,75360.26,1776582392000
1776582393.473,93.473,0.3,0.31,0.69,0.7,0.01,0.01,75360.26,1776582392000
1776582394.049,94.049,0.3,0.31,0.69,0.7,0.01,0.01,75357.95,1776582393000
1776582394.463,94.463,0.3,0.31,0.69,0.7,0.01,0.01,75357.95,1776582393000
1776582394.99,94.99,0.3,0.31,0.69,0.7,0.01,0.01,75357.95,1776582393000
1776582395.361,95.361,0.3,0.31,0.69,0.7,0.01,0.01,75357.95,1776582393000
1776582395.937,95.937,0.3,0.31,0.69,0.7,0.01,0.01,75355.28,1776582394000
1776582396.961,96.961,0.3,0.31,0.69,0.7,0.01,0.01,75355.28,1776582395000
1776582397.306,97.306,0.3,0.31,0.69,0.7,0.01,0.01,75355.15,1776582396000
1776582397.748,97.748,0.3,0.31,0.69,0.7,0.01,0.01,75355.15,1776582396000
1776582398.094,98.094,0.3,0.31,0.69,0.7,0.01,0.01,75355.15,1776582396000
1776582398.468,98.468,0.3,0.31,0.69,0.7,0.01,0.01,75358.68,1776582397000
1776582398.829,98.829,0.3,0.31,0.69,0.7,0.01,0.01,75358.68,1776582397000
1776582399.18,99.18,0.3,0.31,0.69,0.7,0.01,0.01,75357.45,1776582398000
1776582399.568,99.568,0.3,0.31,0.69,0.7,0.01,0.01,75357.45,1776582398000
1776582399.932,99.932,0.3,0.31,0.69,0.7,0.01,0.01,75355.08,1776582399000
1776582400.301,100.301,0.3,0.31,0.69,0.7,0.01,0.01,75355.08,1776582399000
1776582400.779,100.779,0.3,0.31,0.69,0.7,0.01,0.01,75355.08,1776582399000
1776582401.469,101.469,0.29,0.31,0.69,0.7,0.02,0.01,75356.91,1776582400000
1776582401.812,101.812,0.16,0.2,0.8,0.83,0.04,0.03,75356.91,1776582400000
1776582402.147,102.147,0.14,0.17,0.83,0.86,0.03,0.03,75357.16,1776582401000
1776582402.523,102.523,0.14,0.15,0.85,0.86,0.01,0.01,75357.16,1776582401000
1776582402.857,102.857,0.14,0.15,0.85,0.86,0.01,0.01,75357.16,1776582401000
1776582403.212,103.212,0.14,0.15,0.85,0.86,0.01,0.01,75352.23,1776582402000
1776582403.551,103.551,0.14,0.15,0.85,0.86,0.01,0.01,75352.23,1776582402000
1776582403.994,103.994,0.14,0.15,0.85,0.87,0.01,0.02,75333.48,1776582403000
1776582404.361,104.361,0.14,0.15,0.85,0.86,0.01,0.01,75333.48,1776582403000
1776582404.839,104.839,0.13,0.14,0.85,0.87,0.01,0.02,75333.48,1776582403000
1776582405.177,105.177,0.12,0.13,0.87,0.88,0.01,0.01,75328.63,1776582404000
1776582405.542,105.542,0.12,0.13,0.87,0.88,0.01,0.01,75328.63,1776582404000
1776582406.021,106.021,0.12,0.13,0.87,0.88,0.01,0.01,75328.63,1776582404000
1776582406.423,106.423,0.12,0.13,0.87,0.88,0.01,0.01,75328.63,1776582404000
1776582406.767,106.767,0.12,0.13,0.87,0.88,0.01,0.01,75327.21,1776582405000
1776582407.406,107.406,0.12,0.13,0.87,0.88,0.01,0.01,75325.9,1776582406000
1776582407.774,107.774,0.11,0.12,0.88,0.89,0.01,0.01,75325.9,1776582406000
1776582408.125,108.125,0.11,0.12,0.88,0.89,0.01,0.01,75325.9,1776582406000
1776582408.497,108.497,0.11,0.12,0.88,0.89,0.01,0.01,75325.9,1776582406000
1776582408.846,108.846,0.1,0.13,0.88,0.9,0.03,0.02,75325.9,1776582406000
1776582409.286,109.286,0.1,0.11,0.89,0.9,0.01,0.01,75324.09,1776582407000
1776582410.176,110.176,0.1,0.11,0.89,0.9,0.01,0.01,75324.98,1776582408000
1776582410.519,110.519,0.1,0.11,0.89,0.91,0.01,0.02,75323.66,1776582409000
1776582410.882,110.882,0.1,0.11,0.89,0.91,0.01,0.02,75323.66,1776582409000
1776582411.274,111.274,0.09,0.1,0.89,0.91,0.01,0.02,75323.66,1776582409000
1776582411.777,111.777,0.09,0.1,0.9,0.91,0.01,0.01,75323.86,1776582410000
1776582412.116,112.116,0.09,0.1,0.9,0.91,0.01,0.01,75323.86,1776582410000
1776582412.564,112.564,0.09,0.1,0.9,0.91,0.01,0.01,75321.1,1776582411000
1776582412.932,112.932,0.09,0.1,0.9,0.91,0.01,0.01,75321.1,1776582412000
1776582413.31,113.31,0.08,0.09,0.91,0.92,0.01,0.01,75321.1,1776582412000
1776582413.729,113.729,0.08,0.09,0.91,0.92,0.01,0.01,75321.1,1776582412000
1776582414.064,114.064,0.08,0.09,0.91,0.92,0.01,0.01,75321.27,1776582413000
1776582414.499,114.499,0.08,0.09,0.91,0.92,0.01,0.01,75321.27,1776582413000
1776582414.861,114.861,0.08,0.09,0.91,0.92,0.01,0.01,75321.16,1776582414000
1776582415.526,115.526,0.08,0.09,0.91,0.92,0.01,0.01,75321.16,1776582414000
1776582415.87,115.87,0.08,0.09,0.91,0.92,0.01,0.01,75319.99,1776582415000
1776582416.273,116.273,0.09,0.1,0.9,0.92,0.01,0.02,75319.99,1776582415000
1776582416.811,116.811,0.09,0.1,0.9,0.91,0.01,0.01,75323.24,1776582416000
1776582417.181,117.181,0.09,0.1,0.9,0.91,0.01,0.01,75323.24,1776582416000
1776582417.519,117.519,0.1,0.11,0.89,0.91,0.01,0.02,75323.24,1776582416000
1776582418.256,118.256,0.1,0.11,0.89,0.9,0.01,0.01,75323.24,1776582416000
1776582418.608,118.608,0.1,0.11,0.89,0.9,0.01,0.01,75323.24,1776582417000
1776582418.972,118.972,0.09,0.1,0.9,0.91,0.01,0.01,75323.24,1776582417000
1776582419.379,119.379,0.09,0.1,0.9,0.91,0.01,0.01,75322.94,1776582418000
1776582419.766,119.766,0.09,0.1,0.9,0.91,0.01,0.01,75322.94,1776582418000
1776582420.172,120.172,0.09,0.1,0.9,0.91,0.01,0.01,75322.94,1776582418000
1776582420.511,120.511,0.09,0.1,0.9,0.91,0.01,0.01,75323.36,1776582419000
1776582420.9,120.9,0.07,0.09,0.9,0.92,0.02,0.02,75323.36,1776582419000
1776582421.234,121.234,0.07,0.08,0.92,0.93,0.01,0.01,75323.36,1776582419000
1776582421.571,121.571,0.05,0.06,0.94,0.95,0.01,0.01,75323.36,1776582419000
1776582421.915,121.915,0.05,0.06,0.94,0.95,0.01,0.01,75323.36,1776582419000
1776582422.255,122.255,0.05,0.06,0.94,0.95,0.01,0.01,75323.36,1776582419000
1776582422.605,122.605,0.05,0.06,0.94,0.95,0.01,0.01,75319.27,1776582421000
1776582422.951,122.951,0.04,0.05,0.95,0.96,0.01,0.01,75319.27,1776582421000
1776582423.427,123.427,0.04,0.05,0.95,0.96,0.01,0.01,75303.46,1776582422000
1776582423.788,123.788,0.04,0.05,0.95,0.96,0.01,0.01,75303.46,1776582422000
1776582424.202,124.202,0.04,0.05,0.95,0.96,0.01,0.01,75303.46,1776582422000
1776582424.561,124.561,0.04,0.05,0.95,0.96,0.01,0.01,75296.94,1776582423000
1776582424.938,124.938,0.04,0.05,0.95,0.96,0.01,0.01,75296.94,1776582423000
1776582425.314,125.314,0.04,0.05,0.95,0.96,0.01,0.01,75294.87,1776582424000
1776582425.682,125.682,0.04,0.05,0.95,0.96,0.01,0.01,75294.87,1776582424000
1776582426.033,126.033,0.04,0.05,0.95,0.96,0.01,0.01,75294.87,1776582424000
1776582426.407,126.407,0.04,0.05,0.95,0.96,0.01,0.01,75294.87,1776582425000
1776582426.756,126.756,0.04,0.05,0.95,0.96,0.01,0.01,75294.87,1776582425000
1776582427.219,127.219,0.04,0.05,0.95,0.96,0.01,0.01,75294.87,1776582425000
1776582427.679,127.679,0.04,0.05,0.95,0.96,0.01,0.01,75296.62,1776582426000
1776582428.289,128.289,0.04,0.05,0.95,0.96,0.01,0.01,75296.33,1776582427000
1776582428.88,128.88,0.04,0.05,0.95,0.96,0.01,0.01,75296.33,1776582427000
1776582429.216,129.216,0.04,0.05,0.95,0.96,0.01,0.01,75296.33,1776582427000
1776582429.572,129.572,0.04,0.05,0.95,0.96,0.01,0.01,75296.33,1776582427000
1776582430.223,130.223,0.04,0.05,0.95,0.96,0.01,0.01,75295.45,1776582429000
1776582430.596,130.596,0.04,0.05,0.95,0.96,0.01,0.01,75295.45,1776582429000
1776582431.241,131.241,0.04,0.05,0.95,0.96,0.01,0.01,75295.45,1776582429000
1776582431.622,131.622,0.04,0.05,0.95,0.96,0.01,0.01,75295.45,1776582429000
1776582432.075,132.075,0.05,0.06,0.95,0.96,0.01,0.01,75289.47,1776582430000
1776582432.51,132.51,0.05,0.06,0.94,0.95,0.01,0.01,75286.49,1776582431000
1776582432.878,132.878,0.05,0.06,0.94,0.95,0.01,0.01,75286.49,1776582431000
1776582433.332,133.332,0.05,0.06,0.94,0.95,0.01,0.01,75286.49,1776582431000
1776582433.806,133.806,0.05,0.06,0.94,0.95,0.01,0.01,75287.04,1776582432000
1776582434.168,134.168,0.05,0.07,0.94,0.95,0.02,0.01,75287.04,1776582432000
1776582434.573,134.573,0.06,0.07,0.93,0.94,0.01,0.01,75287.04,1776582432000
1776582434.916,134.916,0.06,0.07,0.93,0.94,0.01,0.01,75287.04,1776582433000
1776582435.333,135.333,0.06,0.07,0.93,0.94,0.01,0.01,75287.04,1776582433000
1776582435.708,135.708,0.06,0.07,0.93,0.94,0.01,0.01,75290.04,1776582434000
1776582436.063,136.063,0.06,0.07,0.93,0.94,0.01,0.01,75290.04,1776582434000
1776582436.528,136.528,0.06,0.07,0.93,0.94,0.01,0.01,75289.68,1776582435000
1776582436.873,136.873,0.06,0.07,0.93,0.94,0.01,0.01,75289.68,1776582435000
1776582437.244,137.244,0.06,0.07,0.93,0.94,0.01,0.01,75289.68,1776582435000
1776582437.715,137.715,0.06,0.07,0.93,0.94,0.01,0.01,75290.59,1776582436000
1776582438.224,138.224,0.06,0.07,0.93,0.94,0.01,0.01,75290.59,1776582436000
1776582438.56,138.56,0.06,0.07,0.93,0.94,0.01,0.01,75290.65,1776582437000
1776582439.43,139.43,0.06,0.07,0.93,0.94,0.01,0.01,75290.65,1776582437000
1776582439.77,139.77,0.05,0.06,0.94,0.95,0.01,0.01,75290.71,1776582438000
1776582440.351,140.351,0.05,0.06,0.94,0.95,0.01,0.01,75290.71,1776582438000
1776582440.703,140.703,0.05,0.06,0.94,0.95,0.01,0.01,75290.71,1776582438000
1776582441.094,141.094,0.05,0.06,0.94,0.95,0.01,0.01,75290.71,1776582438000
1776582441.453,141.453,0.05,0.06,0.94,0.95,0.01,0.01,75290.55,1776582439000
1776582441.828,141.828,0.05,0.06,0.94,0.95,0.01,0.01,75288.08,1776582440000
1776582442.284,142.284,0.05,0.06,0.94,0.95,0.01,0.01,75288.08,1776582441000
1776582442.665,142.665,0.05,0.06,0.94,0.95,0.01,0.01,75288.08,1776582441000
1776582443.038,143.038,0.05,0.06,0.94,0.95,0.01,0.01,75288.08,1776582441000
1776582443.39,143.39,0.05,0.06,0.94,0.95,0.01,0.01,75289.71,1776582442000
1776582443.876,143.876,0.05,0.06,0.94,0.95,0.01,0.01,75289.71,1776582443000
1776582444.262,144.262,0.05,0.06,0.94,0.95,0.01,0.01,75289.71,1776582443000
1776582444.962,144.962,0.04,0.05,0.94,0.95,0.01,0.01,75289.71,1776582443000
1776582445.426,145.426,0.04,0.05,0.95,0.96,0.01,0.01,75286.27,1776582444000
1776582445.891,145.891,0.05,0.06,0.94,0.96,0.01,0.02,75286.27,1776582444000
1776582446.365,146.365,0.05,0.06,0.94,0.95,0.01,0.01,75286.11,1776582445000
1776582446.885,146.885,0.05,0.06,0.94,0.95,0.01,0.01,75286.11,1776582445000
1776582447.282,147.282,0.05,0.06,0.94,0.95,0.01,0.01,75286.1,1776582446000
1776582448.089,148.089,0.04,0.05,0.95,0.96,0.01,0.01,75286.1,1776582446000
1776582448.453,148.453,0.04,0.05,0.95,0.96,0.01,0.01,75287.05,1776582447000
1776582448.981,148.981,0.04,0.05,0.95,0.96,0.01,0.01,75287.05,1776582447000
1776582449.522,149.522,0.04,0.05,0.95,0.96,0.01,0.01,75287.05,1776582447000
1776582449.891,149.891,0.04,0.05,0.95,0.96,0.01,0.01,75288.97,1776582448000
1776582450.501,150.501,0.04,0.05,0.95,0.96,0.01,0.01,75289.05,1776582449000
1776582450.925,150.925,0.05,0.06,0.94,0.95,0.01,0.01,75289.05,1776582449000
1776582451.479,151.479,0.05,0.06,0.94,0.95,0.01,0.01,75289.38,1776582450000
1776582451.848,151.848,0.04,0.05,0.95,0.96,0.01,0.01,75289.38,1776582450000
1776582452.232,152.232,0.04,0.05,0.95,0.96,0.01,0.01,75289.38,1776582450000
1776582452.828,152.828,0.04,0.05,0.95,0.96,0.01,0.01,75290.67,1776582451000
1776582453.179,153.179,0.04,0.05,0.95,0.96,0.01,0.01,75290.89,1776582452000
1776582453.636,153.636,0.04,0.05,0.95,0.96,0.01,0.01,75290.89,1776582452000
1776582454.032,154.032,0.04,0.05,0.95,0.96,0.01,0.01,75293.28,1776582453000
1776582454.526,154.526,0.04,0.05,0.95,0.96,0.01,0.01,75293.28,1776582453000
1776582455.224,155.224,0.04,0.05,0.95,0.96,0.01,0.01,75293.28,1776582453000
1776582455.664,155.664,0.04,0.05,0.95,0.96,0.01,0.01,75302.06,1776582454000
1776582456.12,156.12,0.04,0.05,0.95,0.96,0.01,0.01,75302.06,1776582454000
1776582456.918,156.918,0.04,0.05,0.95,0.96,0.01,0.01,75308.12,1776582455000
1776582457.538,157.538,0.04,0.05,0.95,0.96,0.01,0.01,75308.12,1776582455000
1776582457.938,157.938,0.04,0.05,0.95,0.96,0.01,0.01,75308.12,1776582455000
1776582458.326,158.326,0.04,0.05,0.95,0.96,0.01,0.01,75302.02,1776582456000
1776582458.907,158.907,0.04,0.05,0.95,0.96,0.01,0.01,75304.96,1776582457000
1776582460.206,160.206,0.04,0.05,0.95,0.96,0.01,0.01,75311.82,1776582459000
1776582460.618,160.618,0.04,0.05,0.95,0.96,0.01,0.01,75311.82,1776582459000
1776582461.647,161.647,0.04,0.05,0.95,0.96,0.01,0.01,75311.82,1776582459000
1776582462.148,162.148,0.04,0.05,0.95,0.96,0.01,0.01,75302.37,1776582460000
1776582462.553,162.553,0.04,0.05,0.95,0.96,0.01,0.01,75302.09,1776582461000
1776582462.937,162.937,0.04,0.05,0.95,0.96,0.01,0.01,75302.09,1776582461000
1776582463.28,163.28,0.04,0.05,0.95,0.96,0.01,0.01,75305.52,1776582462000
1776582464.307,164.307,0.04,0.05,0.95,0.96,0.01,0.01,75308.93,1776582463000
1776582464.679,164.679,0.04,0.05,0.95,0.96,0.01,0.01,75308.93,1776582463000
1776582465.088,165.088,0.04,0.05,0.95,0.96,0.01,0.01,75308.93,1776582463000
1776582465.51,165.51,0.04,0.05,0.95,0.96,0.01,0.01,75308.93,1776582463000
1776582466.062,166.062,0.04,0.05,0.95,0.96,0.01,0.01,75305.44,1776582465000
1776582466.414,166.414,0.04,0.05,0.95,0.96,0.01,0.01,75305.44,1776582465000
1776582467.057,167.057,0.04,0.05,0.95,0.96,0.01,0.01,75305.44,1776582465000
1776582467.427,167.427,0.04,0.05,0.95,0.96,0.01,0.01,75308.89,1776582466000
1776582468.108,168.108,0.04,0.05,0.95,0.96,0.01,0.01,75308.89,1776582466000
1776582468.493,168.493,0.04,0.05,0.95,0.96,0.01,0.01,75308.9,1776582467000
1776582468.978,168.978,0.04,0.05,0.95,0.96,0.01,0.01,75308.9,1776582467000
1776582469.411,169.411,0.04,0.05,0.95,0.96,0.01,0.01,75309.14,1776582468000
1776582470.106,170.106,0.04,0.05,0.95,0.96,0.01,0.01,75309.14,1776582468000
1776582470.64,170.64,0.04,0.05,0.95,0.96,0.01,0.01,75309.7,1776582469000
1776582471.463,171.463,0.04,0.05,0.95,0.96,0.01,0.01,75309.7,1776582470000
1776582471.909,171.909,0.04,0.05,0.95,0.96,0.01,0.01,75309.7,1776582470000
1776582472.423,172.423,0.04,0.05,0.95,0.96,0.01,0.01,75309.7,1776582471000
1776582472.838,172.838,0.04,0.05,0.95,0.96,0.01,0.01,75309.7,1776582471000
1776582473.19,173.19,0.03,0.04,0.95,0.96,0.01,0.01,75309.7,1776582471000
1776582473.554,173.554,0.03,0.04,0.96,0.97,0.01,0.01,75309.7,1776582471000
1776582473.919,173.919,0.03,0.04,0.96,0.97,0.01,0.01,75311.04,1776582472000
1776582474.271,174.271,0.03,0.04,0.96,0.97,0.01,0.01,75311.04,1776582472000
1776582474.917,174.917,0.03,0.04,0.96,0.97,0.01,0.01,75304.57,1776582474000
1776582475.617,175.617,0.03,0.04,0.96,0.97,0.01,0.01,75304.57,1776582474000
1776582476.112,176.112,0.03,0.04,0.96,0.97,0.01,0.01,75304.57,1776582474000
1776582476.455,176.455,0.03,0.04,0.96,0.97,0.01,0.01,75303.62,1776582475000
1776582477.126,177.126,0.03,0.04,0.96,0.97,0.01,0.01,75304.06,1776582476000
1776582477.583,177.583,0.03,0.04,0.96,0.97,0.01,0.01,75304.06,1776582476000
1776582478.149,178.149,0.03,0.04,0.96,0.97,0.01,0.01,75304.06,1776582476000
1776582478.821,178.821,0.03,0.04,0.96,0.97,0.01,0.01,75302.9,1776582477000
1776582479.38,179.38,0.03,0.04,0.96,0.97,0.01,0.01,75302.9,1776582477000
1776582479.726,179.726,0.03,0.04,0.96,0.97,0.01,0.01,75303.08,1776582478000
1776582480.155,180.155,0.03,0.04,0.96,0.97,0.01,0.01,75303.08,1776582479000
1776582480.641,180.641,0.03,0.04,0.96,0.97,0.01,0.01,75303.08,1776582479000
1776582481.288,181.288,0.04,0.05,0.95,0.97,0.01,0.02,75303.08,1776582479000
1776582481.834,181.834,0.04,0.05,0.95,0.96,0.01,0.01,75299.13,1776582480000
1776582482.175,182.175,0.04,0.05,0.95,0.96,0.01,0.01,75299.13,1776582480000
1776582482.586,182.586,0.04,0.05,0.95,0.96,0.01,0.01,75302.02,1776582481000
1776582482.921,182.921,0.04,0.05,0.95,0.96,0.01,0.01,75302.02,1776582481000
1776582483.473,183.473,0.03,0.04,0.96,0.97,0.01,0.01,75302.02,1776582481000
1776582483.848,183.848,0.03,0.04,0.96,0.97,0.01,0.01,75304.48,1776582482000
1776582484.327,184.327,0.03,0.04,0.96,0.97,0.01,0.01,75301.89,1776582483000
1776582484.662,184.662,0.03,0.04,0.96,0.97,0.01,0.01,75301.89,1776582483000
1776582485.136,185.136,0.02,0.03,0.97,0.98,0.01,0.01,75301.89,1776582483000
1776582485.478,185.478,0.02,0.03,0.97,0.98,0.01,0.01,75301.89,1776582483000
1776582485.936,185.936,0.02,0.03,0.97,0.98,0.01,0.01,75288.54,1776582484000
1776582486.363,186.363,0.02,0.03,0.97,0.98,0.01,0.01,75288.54,1776582484000
1776582486.79,186.79,0.02,0.03,0.97,0.98,0.01,0.01,75284.85,1776582485000
1776582487.267,187.267,0.02,0.03,0.97,0.98,0.01,0.01,75282.21,1776582486000
1776582487.648,187.648,0.02,0.03,0.97,0.98,0.01,0.01,75282.21,1776582486000
1776582488.004,188.004,0.02,0.03,0.97,0.98,0.01,0.01,75282.21,1776582486000
1776582488.357,188.357,0.02,0.03,0.97,0.98,0.01,0.01,75282.21,1776582486000
1776582488.787,188.787,0.02,0.03,0.97,0.98,0.01,0.01,75282.21,1776582487000
1776582489.151,189.151,0.02,0.03,0.97,0.98,0.01,0.01,75284.85,1776582488000
1776582489.536,189.536,0.02,0.03,0.97,0.98,0.01,0.01,75284.85,1776582488000
1776582490.487,190.487,0.02,0.03,0.97,0.98,0.01,0.01,75285.58,1776582489000
1776582490.836,190.836,0.02,0.03,0.97,0.98,0.01,0.01,75285.58,1776582489000
1776582491.3,191.3,0.02,0.03,0.97,0.98,0.01,0.01,75285.58,1776582489000
1776582491.777,191.777,0.02,0.03,0.97,0.98,0.01,0.01,75285.39,1776582490000
1776582492.189,192.189,0.02,0.03,0.97,0.98,0.01,0.01,75285.39,1776582490000
1776582492.993,192.993,0.02,0.03,0.97,0.98,0.01,0.01,75285.24,1776582492000
1776582493.563,193.563,0.01,0.03,0.97,0.98,0.02,0.01,75285.24,1776582492000
1776582494.089,194.089,0.01,0.02,0.98,0.99,0.01,0.01,75285.24,1776582493000
1776582494.435,194.435,0.01,0.02,0.98,0.99,0.01,0.01,75285.24,1776582493000
1776582495.066,195.066,0.01,0.02,0.98,0.99,0.01,0.01,75285.24,1776582493000
1776582495.413,195.413,0.01,0.02,0.98,0.99,0.01,0.01,75285.24,1776582493000
1776582495.786,195.786,0.01,0.02,0.98,0.99,0.01,0.01,75285.58,1776582494000
1776582496.121,196.121,0.01,0.02,0.98,0.99,0.01,0.01,75285.58,1776582494000
1776582496.5,196.5,0.01,0.02,0.98,0.99,0.01,0.01,75282.29,1776582495000
1776582496.994,196.994,0.01,0.02,0.98,0.99,0.01,0.01,75282.29,1776582495000
1776582497.487,197.487,0.01,0.02,0.98,0.99,0.01,0.01,75274.83,1776582496000
1776582498.124,198.124,0.01,0.02,0.98,0.99,0.01,0.01,75274.83,1776582496000
1776582498.619,198.619,0.01,0.02,0.98,0.99,0.01,0.01,75271.13,1776582497000
1776582499.39,199.39,0.01,0.02,0.98,0.99,0.01,0.01,75265.81,1776582498000
1776582499.861,199.861,0.01,0.02,0.98,0.99,0.01,0.01,75265.81,1776582498000
1776582500.203,200.203,0.01,0.02,0.98,0.99,0.01,0.01,75265.81,1776582499000
1776582500.702,200.702,0.01,0.02,0.98,0.99,0.01,0.01,75265.81,1776582499000
1776582501.037,201.037,0.01,0.02,0.98,0.99,0.01,0.01,75264.27,1776582500000
1776582501.464,201.464,0.01,0.02,0.98,0.99,0.01,0.01,75264.27,1776582500000
1776582502.116,202.116,0.01,0.02,0.98,0.99,0.01,0.01,75269.06,1776582501000
1776582502.456,202.456,0.01,0.02,0.98,0.99,0.01,0.01,75269.06,1776582501000
1776582503.26,203.26,0.01,0.02,0.98,0.99,0.01,0.01,75275.0,1776582502000
1776582503.678,203.678,0.01,0.02,0.98,0.99,0.01,0.01,75275.0,1776582502000
1776582504.13,204.13,0.01,0.02,0.98,0.99,0.01,0.01,75275.3,1776582503000
1776582504.722,204.722,0.01,0.02,0.98,0.99,0.01,0.01,75275.3,1776582503000
1776582505.233,205.233,0.01,0.02,0.98,0.99,0.01,0.01,75275.61,1776582504000
1776582506.043,206.043,0.01,0.02,0.98,0.99,0.01,0.01,75275.61,1776582504000
1776582506.951,206.951,0.01,0.02,0.98,0.99,0.01,0.01,75275.39,1776582505000
1776582507.323,207.323,0.01,0.02,0.98,0.99,0.01,0.01,75276.13,1776582506000
1776582508.364,208.364,0.01,0.02,0.98,0.99,0.01,0.01,75276.13,1776582506000
1776582508.91,208.91,0.01,0.02,0.98,0.99,0.01,0.01,75276.28,1776582507000
1776582509.864,209.864,0.01,0.02,0.98,0.99,0.01,0.01,75276.28,1776582508000
1776582510.297,210.297,0.01,0.02,0.98,0.99,0.01,0.01,75276.29,1776582509000
1776582510.917,210.917,0.01,0.02,0.98,0.99,0.01,0.01,75276.29,1776582509000
1776582511.394,211.394,0.01,0.02,0.98,0.99,0.01,0.01,75279.13,1776582510000
1776582511.775,211.775,0.01,0.02,0.98,0.99,0.01,0.01,75279.13,1776582510000
1776582512.617,212.617,0.01,0.02,0.98,0.99,0.01,0.01,75279.13,1776582511000
1776582512.996,212.996,0.01,0.02,0.98,0.99,0.01,0.01,75279.13,1776582511000
1776582513.587,213.587,0.01,0.02,0.98,0.99,0.01,0.01,75278.41,1776582512000
1776582514.128,214.128,0.01,0.02,0.98,0.99,0.01,0.01,75278.41,1776582512000
1776582514.479,214.479,0.01,0.02,0.98,0.99,0.01,0.01,75278.4,1776582513000
1776582514.828,214.828,0.01,0.02,0.98,0.99,0.01,0.01,75278.4,1776582513000
1776582515.283,215.283,0.01,0.02,0.98,0.99,0.01,0.01,75278.4,1776582514000
1776582515.801,215.801,0.01,0.02,0.98,0.99,0.01,0.01,75278.4,1776582514000
1776582516.558,216.558,0.01,0.02,0.98,0.99,0.01,0.01,75278.62,1776582515000
1776582516.982,216.982,0.01,0.02,0.98,0.99,0.01,0.01,75278.62,1776582515000
1776582518.346,218.346,0.01,0.02,0.98,0.99,0.01,0.01,75276.46,1776582517000
1776582518.923,218.923,0.01,0.02,0.98,0.99,0.01,0.01,75276.21,1776582518000
1776582519.384,219.384,0.01,0.02,0.98,0.99,0.01,0.01,75276.21,1776582518000
1776582520.038,220.038,0.01,0.02,0.98,0.99,0.01,0.01,75276.2,1776582519000
1776582520.683,220.683,0.01,0.02,0.98,0.99,0.01,0.01,75276.2,1776582519000
1776582521.018,221.018,0.01,0.02,0.98,0.99,0.01,0.01,75276.21,1776582520000
1776582521.391,221.391,0.01,0.02,0.98,0.99,0.01,0.01,75276.21,1776582520000
1776582521.751,221.751,0.01,0.02,0.98,0.99,0.01,0.01,75276.21,1776582520000
1776582522.136,222.136,0.01,0.02,0.98,0.99,0.01,0.01,75270.33,1776582521000
1776582522.628,222.628,0.01,0.02,0.98,0.99,0.01,0.01,75270.33,1776582521000
1776582523.069,223.069,0.01,0.02,0.98,0.99,0.01,0.01,75269.47,1776582522000
1776582523.661,223.661,0.01,0.02,0.98,0.99,0.01,0.01,75269.47,1776582522000
1776582524.041,224.041,0.01,0.02,0.98,0.99,0.01,0.01,75271.56,1776582523000
1776582524.716,224.716,0.01,0.02,0.98,0.99,0.01,0.01,75271.56,1776582523000
1776582525.191,225.191,0.01,0.02,0.98,0.99,0.01,0.01,75275.12,1776582524000
1776582525.823,225.823,0.01,0.02,0.98,0.99,0.01,0.01,75275.12,1776582524000
1776582526.209,226.209,0.01,0.02,0.98,0.99,0.01,0.01,75275.61,1776582525000
1776582526.76,226.76,0.01,0.02,0.98,0.99,0.01,0.01,75275.61,1776582525000
1776582527.287,227.287,0.01,0.02,0.98,0.99,0.01,0.01,75280.08,1776582526000
1776582527.879,227.879,0.01,0.02,0.98,0.99,0.01,0.01,75280.08,1776582526000
1776582528.283,228.283,0.01,0.02,0.98,0.99,0.01,0.01,75291.27,1776582527000
1776582528.665,228.665,0.01,0.02,0.98,0.99,0.01,0.01,75291.27,1776582527000
1776582529.089,229.089,0.01,0.02,0.98,0.99,0.01,0.01,75291.27,1776582527000
1776582529.981,229.981,0.01,0.02,0.98,0.99,0.01,0.01,75291.32,1776582528000
1776582530.322,230.322,0.01,0.02,0.98,0.99,0.01,0.01,75294.11,1776582529000
1776582531.09,231.09,0.01,0.02,0.98,0.99,0.01,0.01,75294.11,1776582529000
1776582532.087,232.087,0.01,0.02,0.98,0.99,0.01,0.01,75294.22,1776582530000
1776582533.06,233.06,0.01,0.02,0.98,0.99,0.01,0.01,75295.88,1776582531000
1776582534.131,234.131,0.01,0.02,0.98,0.99,0.01,0.01,75297.48,1776582532000
1776582535.275,235.275,0.01,0.02,0.98,0.99,0.01,0.01,75298.01,1776582534000
1776582536.169,236.169,0.01,0.02,0.98,0.99,0.01,0.01,75298.01,1776582534000
1776582536.746,236.746,0.01,0.02,0.98,0.99,0.01,0.01,75302.92,1776582535000
1776582537.084,237.084,0.01,0.02,0.98,0.99,0.01,0.01,75302.92,1776582535000
1776582538.199,238.199,0.01,0.02,0.98,0.99,0.01,0.01,75301.62,1776582536000
1776582538.94,238.94,0.01,0.02,0.98,0.99,0.01,0.01,75301.96,1776582537000
1776582539.455,239.455,0.01,0.02,0.98,0.99,0.01,0.01,75302.17,1776582538000
1776582540.317,240.317,0.01,0.02,0.98,0.99,0.01,0.01,75302.17,1776582538000
1776582540.652,240.652,0.01,0.02,0.98,0.99,0.01,0.01,75299.37,1776582539000
1776582540.988,240.988,0.01,0.02,0.98,0.99,0.01,0.01,75302.29,1776582540000
1776582541.369,241.369,0.01,0.02,0.98,0.99,0.01,0.01,75302.29,1776582540000
1776582541.721,241.721,0.01,0.02,0.98,0.99,0.01,0.01,75302.29,1776582540000
1776582542.642,242.642,0.01,0.02,0.98,0.99,0.01,0.01,75302.17,1776582541000
1776582543.005,243.005,0.01,0.02,0.98,0.99,0.01,0.01,75298.35,1776582542000
1776582543.482,243.482,0.01,0.02,0.98,0.99,0.01,0.01,75298.35,1776582542000
1776582543.825,243.825,0.01,0.02,0.98,0.99,0.01,0.01,75298.35,1776582542000
1776582544.892,244.892,0.01,0.02,0.98,0.99,0.01,0.01,75292.18,1776582543000
1776582545.468,245.468,0.01,0.02,0.98,0.99,0.01,0.01,75289.7,1776582544000
1776582545.948,245.948,0.01,0.02,0.98,0.99,0.01,0.01,75289.7,1776582544000
1776582546.397,246.397,0.01,0.02,0.98,0.99,0.01,0.01,75289.07,1776582545000
1776582546.76,246.76,0.01,0.02,0.98,0.99,0.01,0.01,75289.07,1776582545000
1776582547.357,247.357,0.01,0.02,0.98,0.99,0.01,0.01,75287.64,1776582546000
1776582547.701,247.701,0.01,0.02,0.98,0.99,0.01,0.01,75287.64,1776582546000
1776582548.177,248.177,0.01,0.02,0.98,0.99,0.01,0.01,75287.16,1776582547000
1776582548.809,248.809,0.01,0.01,0.98,0.99,0.0,0.01,75287.16,1776582547000
1776582549.205,249.205,0.01,0.01,0.99,0.99,0.0,0.0,75285.55,1776582548000
1776582550.253,250.253,0.01,0.01,0.99,0.99,0.0,0.0,75285.55,1776582548000
1776582551.317,251.317,0.01,0.01,0.99,0.99,0.0,0.0,75278.78,1776582549000
1776582552.122,252.122,0.01,0.01,0.99,0.99,0.0,0.0,75274.1,1776582551000
1776582552.94,252.94,0.01,0.01,0.99,0.99,0.0,0.0,75274.1,1776582551000
1776582554.366,254.366,0.01,0.01,0.99,0.99,0.0,0.0,75273.67,1776582553000
1776582554.963,254.963,0.01,0.01,0.99,0.99,0.0,0.0,75273.66,1776582554000
1776582555.336,255.336,0.01,0.01,0.99,0.99,0.0,0.0,75273.66,1776582554000
1776582556.026,256.026,0.01,0.01,0.99,0.99,0.0,0.0,75274.58,1776582555000
1776582557.101,257.101,0.01,0.01,0.99,0.99,0.0,0.0,75274.75,1776582556000
1776582558.199,258.199,0.01,0.01,0.99,0.99,0.0,0.0,75274.75,1776582556000
1776582559.226,259.226,0.01,0.01,0.99,0.99,0.0,0.0,75274.7,1776582557000
1776582560.47,260.47,0.01,0.01,0.99,0.99,0.0,0.0,75274.37,1776582559000
1776582560.915,260.915,0.01,0.01,0.99,0.99,0.0,0.0,75271.27,1776582560000
1776582561.251,261.251,0.01,0.01,0.99,0.99,0.0,0.0,75271.27,1776582560000
1776582562.604,262.604,0.01,0.01,0.99,0.99,0.0,0.0,75270.19,1776582561000
1776582563.445,263.445,0.01,0.01,0.99,0.99,0.0,0.0,75274.29,1776582562000
1776582564.088,264.088,0.01,0.01,0.99,0.99,0.0,0.0,75274.28,1776582563000
1776582565.449,265.449,0.01,0.01,0.99,0.99,0.0,0.0,75274.27,1776582564000
1776582566.453,266.453,0.01,0.01,0.99,0.99,0.0,0.0,75271.03,1776582565000
1776582567.032,267.032,0.001,0.005,0.991,0.999,0.004,0.008,75271.03,1776582565000
1776582567.505,267.505,0.001,0.009,0.995,0.999,0.008,0.004,75274.02,1776582566000
1776582568.31,268.31,0.001,0.009,0.991,0.999,0.008,0.008,75274.42,1776582567000
1776582568.992,268.992,0.002,0.005,0.991,0.999,0.003,0.008,75274.42,1776582567000
1776582569.53,269.53,0.002,0.005,0.995,0.998,0.003,0.003,75274.2,1776582568000
1776582570.029,270.029,0.002,0.005,0.995,0.998,0.003,0.003,75269.25,1776582569000
1776582570.615,270.615,0.002,0.005,0.995,0.998,0.003,0.003,75269.25,1776582569000
1776582571.049,271.049,0.002,0.003,0.997,0.998,0.001,0.001,75269.25,1776582569000
1776582572.06,272.06,0.002,0.003,0.997,0.998,0.001,0.001,75266.93,1776582570000
1776582572.421,272.421,0.002,0.003,0.997,0.998,0.001,0.001,75267.41,1776582571000
1776582572.815,272.815,0.002,0.003,0.997,0.998,0.001,0.001,75267.41,1776582571000
1776582573.613,273.613,0.001,0.003,0.997,0.998,0.002,0.001,75267.41,1776582572000
1776582574.216,274.216,0.001,0.003,0.997,0.999,0.002,0.002,75267.61,1776582573000
1776582574.702,274.702,0.001,0.003,0.997,0.999,0.002,0.002,75267.61,1776582573000
1776582575.341,275.341,0.001,0.003,0.997,0.999,0.002,0.002,75267.68,1776582574000
1776582575.964,275.964,0.001,0.003,0.997,0.999,0.002,0.002,75267.88,1776582575000
1776582576.311,276.311,0.001,0.003,0.997,0.999,0.002,0.002,75267.88,1776582575000
1776582577.082,277.082,0.001,0.003,0.997,0.999,0.002,0.002,75267.88,1776582576000
1776582578.294,278.294,0.001,0.003,0.997,0.999,0.002,0.002,75267.87,1776582577000
1776582578.883,278.883,0.001,0.003,0.997,0.999,0.002,0.002,75267.73,1776582578000
1776582579.707,279.707,0.001,0.003,0.997,0.999,0.002,0.002,75267.73,1776582578000
1776582580.078,280.078,0.001,0.003,0.997,0.999,0.002,0.002,75267.88,1776582579000
1776582580.452,280.452,0.001,0.003,0.997,0.999,0.002,0.002,75267.88,1776582579000
1776582580.891,280.891,0.001,0.004,0.997,0.999,0.003,0.002,75267.88,1776582579000
1776582581.528,281.528,0.001,0.001,0.996,0.999,0.0,0.003,75267.88,1776582580000
1776582582.29,282.29,0.001,0.001,0.999,0.999,0.0,0.0,75267.88,1776582580000
1776582583.423,283.423,0.001,0.001,0.999,0.999,0.0,0.0,75267.8,1776582582000
1776582583.927,283.927,0.001,0.001,0.999,0.999,0.0,0.0,75267.8,1776582583000
1776582584.522,284.522,0.001,0.001,0.999,0.999,0.0,0.0,75267.8,1776582583000
1776582585.106,285.106,0.001,0.001,0.999,0.999,0.0,0.0,75267.5,1776582584000
1776582586.076,286.076,0.001,0.001,0.999,0.999,0.0,0.0,75267.5,1776582584000
1776582587.3,287.3,0.001,0.001,0.999,0.999,0.0,0.0,75265.71,1776582586000
1776582587.869,287.869,0.001,0.001,0.999,0.999,0.0,0.0,75265.71,1776582586000
1776582588.396,288.396,0.001,0.001,0.999,0.999,0.0,0.0,75259.51,1776582587000
1776582588.744,288.744,0.001,0.001,0.999,0.999,0.0,0.0,75259.51,1776582587000
1776582589.936,289.936,0.001,0.001,0.999,0.999,0.0,0.0,75259.5,1776582588000
1776582590.342,290.342,0.001,0.001,0.999,0.999,0.0,0.0,75258.98,1776582589000
1776582590.982,290.982,0.001,0.001,0.999,0.999,0.0,0.0,75258.98,1776582589000
1776582592.028,292.028,0.001,0.001,0.999,0.999,0.0,0.0,75258.77,1776582590000
1776582593.271,293.271,0.001,0.001,0.999,0.999,0.0,0.0,75258.5,1776582592000
1776582594.589,294.589,0.001,0.001,0.999,0.999,0.0,0.0,75247.11,1776582593000
1776582595.035,295.035,0.001,0.001,0.999,0.999,0.0,0.0,75247.11,1776582593000
1776582596.203,296.203,0.001,0.001,0.999,0.999,0.0,0.0,75247.61,1776582594000
1776582596.935,296.935,0.001,0.001,0.999,0.999,0.0,0.0,75251.24,1776582596000
1776582597.537,297.537,0.001,0.001,0.999,0.999,0.0,0.0,75251.24,1776582596000
1776582598.302,298.302,0.001,0.001,0.999,0.999,0.0,0.0,75254.27,1776582597000
1776582599.053,299.053,0.001,0.001,0.999,0.999,0.0,0.0,75256.7,1776582598000
1776582600.186,300.186,0.001,0.001,0.999,0.999,0.0,0.0,75259.67,1776582599000
1776582601.382,301.382,0.001,0.001,0.999,0.999,0.0,0.0,75261.18,1776582600000
1776582602.537,302.537,0.001,0.001,0.999,0.999,0.0,0.0,75263.08,1776582601000

# RESULT,winner=Down,slug=btc-updown-5m-1776582300,ticks=595
