timestamp,elapsed_sec,up_bid,up_ask,down_bid,down_ask,up_spread,down_spread,btc_price,btc_oracle_ts
1775912700.699,0.699,0.51,0.52,0.48,0.49,0.01,0.01,72843.1,1775912699000
1775912701.068,1.068,0.5,0.52,0.48,0.49,0.02,0.01,72843.1,1775912699000
1775912701.412,1.412,0.5,0.52,0.48,0.49,0.02,0.01,72843.08,1775912700000
1775912701.808,1.808,0.51,0.52,0.48,0.5,0.01,0.02,72843.08,1775912700000
1775912702.148,2.148,0.5,0.51,0.49,0.5,0.01,0.01,72843.08,1775912700000
1775912702.547,2.547,0.5,0.51,0.49,0.5,0.01,0.01,72843.08,1775912700000
1775912702.885,2.885,0.5,0.51,0.49,0.5,0.01,0.01,72839.68,1775912701000
1775912703.323,3.323,0.5,0.51,0.49,0.5,0.01,0.01,72838.86,1775912702000
1775912703.797,3.797,0.5,0.51,0.49,0.5,0.01,0.01,72838.86,1775912702000
1775912704.134,4.134,0.49,0.5,0.5,0.51,0.01,0.01,72838.86,1775912702000
1775912704.513,4.513,0.48,0.5,0.5,0.51,0.02,0.01,72838.46,1775912703000
1775912705.209,5.209,0.48,0.5,0.5,0.52,0.02,0.02,72838.45,1775912704000
1775912705.584,5.584,0.48,0.49,0.51,0.52,0.01,0.01,72838.45,1775912704000
1775912705.945,5.945,0.48,0.49,0.51,0.52,0.01,0.01,72838.45,1775912704000
1775912706.292,6.292,0.48,0.49,0.51,0.52,0.01,0.01,72838.4,1775912705000
1775912706.718,6.718,0.49,0.5,0.5,0.51,0.01,0.01,72838.4,1775912705000
1775912707.139,7.139,0.49,0.5,0.5,0.51,0.01,0.01,72838.4,1775912705000
1775912707.764,7.764,0.49,0.5,0.5,0.51,0.01,0.01,72838.25,1775912706000
1775912708.144,8.144,0.49,0.5,0.5,0.51,0.01,0.01,72838.25,1775912706000
1775912708.582,8.582,0.49,0.5,0.5,0.51,0.01,0.01,72838.08,1775912707000
1775912708.937,8.937,0.49,0.5,0.5,0.51,0.01,0.01,72838.08,1775912708000
1775912709.31,9.31,0.49,0.51,0.5,0.51,0.02,0.01,72838.08,1775912708000
1775912709.645,9.645,0.5,0.51,0.49,0.5,0.01,0.01,72838.08,1775912708000
1775912709.989,9.989,0.5,0.51,0.49,0.5,0.01,0.01,72838.08,1775912708000
1775912710.324,10.324,0.5,0.51,0.49,0.5,0.01,0.01,72838.25,1775912709000
1775912710.752,10.752,0.5,0.51,0.49,0.5,0.01,0.01,72838.25,1775912709000
1775912711.14,11.14,0.5,0.51,0.49,0.5,0.01,0.01,72838.25,1775912710000
1775912711.581,11.581,0.5,0.51,0.49,0.5,0.01,0.01,72838.25,1775912710000
1775912712.007,12.007,0.48,0.49,0.51,0.52,0.01,0.01,72838.25,1775912710000
1775912712.364,12.364,0.48,0.49,0.51,0.52,0.01,0.01,72837.74,1775912711000
1775912712.825,12.825,0.48,0.49,0.51,0.52,0.01,0.01,72837.74,1775912711000
1775912713.225,13.225,0.48,0.49,0.51,0.52,0.01,0.01,72837.69,1775912712000
1775912714.103,14.103,0.48,0.49,0.51,0.52,0.01,0.01,72837.41,1775912713000
1775912714.699,14.699,0.48,0.49,0.51,0.52,0.01,0.01,72837.41,1775912713000
1775912715.183,15.183,0.48,0.49,0.51,0.52,0.01,0.01,72837.41,1775912713000
1775912715.643,15.643,0.48,0.49,0.51,0.52,0.01,0.01,72837.6,1775912714000
1775912716.311,16.311,0.48,0.49,0.51,0.52,0.01,0.01,72837.6,1775912714000
1775912716.871,16.871,0.4,0.41,0.57,0.6,0.01,0.03,72837.6,1775912715000
1775912717.208,17.208,0.4,0.42,0.59,0.6,0.02,0.01,72837.6,1775912715000
1775912717.547,17.547,0.41,0.42,0.58,0.59,0.01,0.01,72837.6,1775912715000
1775912717.908,17.908,0.41,0.42,0.58,0.59,0.01,0.01,72837.6,1775912715000
1775912718.247,18.247,0.41,0.42,0.58,0.59,0.01,0.01,72837.5,1775912716000
1775912718.631,18.631,0.41,0.42,0.58,0.59,0.01,0.01,72837.5,1775912716000
1775912718.997,18.997,0.42,0.43,0.57,0.58,0.01,0.01,72832.77,1775912717000
1775912719.387,19.387,0.42,0.43,0.57,0.58,0.01,0.01,72832.77,1775912717000
1775912719.726,19.726,0.42,0.43,0.57,0.58,0.01,0.01,72832.77,1775912717000
1775912720.088,20.088,0.42,0.43,0.57,0.58,0.01,0.01,72828.65,1775912718000
1775912720.431,20.431,0.42,0.43,0.57,0.58,0.01,0.01,72828.65,1775912718000
1775912720.78,20.78,0.41,0.43,0.57,0.58,0.02,0.01,72828.65,1775912718000
1775912721.135,21.135,0.41,0.42,0.58,0.59,0.01,0.01,72828.53,1775912719000
1775912721.497,21.497,0.4,0.41,0.58,0.6,0.01,0.02,72828.53,1775912719000
1775912721.91,21.91,0.42,0.43,0.58,0.59,0.01,0.01,72828.57,1775912720000
1775912722.257,22.257,0.41,0.42,0.58,0.59,0.01,0.01,72828.57,1775912720000
1775912722.6,22.6,0.42,0.43,0.57,0.58,0.01,0.01,72828.44,1775912721000
1775912723.003,23.003,0.4,0.41,0.58,0.6,0.01,0.02,72828.44,1775912721000
1775912723.343,23.343,0.41,0.43,0.58,0.59,0.02,0.01,72828.44,1775912721000
1775912723.686,23.686,0.42,0.43,0.57,0.58,0.01,0.01,72828.39,1775912722000
1775912724.027,24.027,0.42,0.43,0.57,0.58,0.01,0.01,72828.39,1775912722000
1775912724.369,24.369,0.42,0.43,0.57,0.58,0.01,0.01,72828.39,1775912723000
1775912724.747,24.747,0.42,0.43,0.57,0.58,0.01,0.01,72828.39,1775912723000
1775912725.199,25.199,0.42,0.43,0.57,0.58,0.01,0.01,72828.39,1775912723000
1775912725.563,25.563,0.42,0.43,0.58,0.59,0.01,0.01,72828.12,1775912724000
1775912726.111,26.111,0.41,0.42,0.58,0.59,0.01,0.01,72828.12,1775912724000
1775912726.586,26.586,0.41,0.42,0.58,0.59,0.01,0.01,72828.12,1775912724000
1775912727.087,27.087,0.42,0.43,0.57,0.58,0.01,0.01,72828.42,1775912725000
1775912727.459,27.459,0.42,0.43,0.58,0.59,0.01,0.01,72828.42,1775912725000
1775912727.88,27.88,0.41,0.43,0.58,0.59,0.02,0.01,72828.42,1775912725000
1775912728.265,28.265,0.41,0.42,0.58,0.59,0.01,0.01,72828.46,1775912726000
1775912728.695,28.695,0.41,0.42,0.58,0.59,0.01,0.01,72828.05,1775912727000
1775912729.234,29.234,0.41,0.42,0.58,0.59,0.01,0.01,72828.05,1775912727000
1775912729.642,29.642,0.41,0.42,0.58,0.59,0.01,0.01,72828.05,1775912727000
1775912729.986,29.986,0.41,0.42,0.58,0.59,0.01,0.01,72828.97,1775912728000
1775912730.32,30.32,0.41,0.42,0.58,0.59,0.01,0.01,72828.97,1775912728000
1775912730.697,30.697,0.41,0.42,0.58,0.59,0.01,0.01,72829.01,1775912729000
1775912731.045,31.045,0.42,0.43,0.57,0.61,0.01,0.04,72829.01,1775912729000
1775912731.404,31.404,0.42,0.43,0.57,0.58,0.01,0.01,72829.01,1775912729000
1775912731.858,31.858,0.42,0.43,0.57,0.58,0.01,0.01,72828.82,1775912730000
1775912732.213,32.213,0.42,0.43,0.57,0.58,0.01,0.01,72828.82,1775912730000
1775912732.549,32.549,0.42,0.43,0.57,0.58,0.01,0.01,72828.82,1775912730000
1775912733.068,33.068,0.42,0.43,0.57,0.58,0.01,0.01,72828.82,1775912731000
1775912733.538,33.538,0.42,0.44,0.57,0.58,0.02,0.01,72828.82,1775912731000
1775912733.88,33.88,0.44,0.45,0.55,0.56,0.01,0.01,72828.67,1775912732000
1775912734.259,34.259,0.44,0.45,0.55,0.56,0.01,0.01,72828.67,1775912732000
1775912734.599,34.599,0.44,0.45,0.55,0.56,0.01,0.01,72828.67,1775912732000
1775912735.133,35.133,0.44,0.46,0.55,0.56,0.02,0.01,72829.44,1775912733000
1775912735.589,35.589,0.45,0.46,0.54,0.55,0.01,0.01,72829.44,1775912734000
1775912736.056,36.056,0.45,0.46,0.54,0.55,0.01,0.01,72829.44,1775912734000
1775912736.393,36.393,0.45,0.46,0.54,0.55,0.01,0.01,72830.42,1775912735000
1775912737.148,37.148,0.45,0.46,0.54,0.55,0.01,0.01,72830.42,1775912735000
1775912737.52,37.52,0.45,0.46,0.54,0.55,0.01,0.01,72830.42,1775912735000
1775912737.873,37.873,0.45,0.46,0.54,0.55,0.01,0.01,72831.37,1775912736000
1775912738.267,38.267,0.44,0.46,0.54,0.55,0.02,0.01,72831.37,1775912736000
1775912738.729,38.729,0.44,0.46,0.54,0.56,0.02,0.02,72831.48,1775912737000
1775912739.124,39.124,0.45,0.46,0.54,0.56,0.01,0.02,72831.48,1775912737000
1775912739.597,39.597,0.45,0.46,0.54,0.55,0.01,0.01,72831.47,1775912738000
1775912739.937,39.937,0.45,0.46,0.54,0.55,0.01,0.01,72831.47,1775912738000
1775912740.289,40.289,0.45,0.46,0.54,0.55,0.01,0.01,72831.47,1775912738000
1775912740.737,40.737,0.45,0.46,0.54,0.55,0.01,0.01,72831.49,1775912739000
1775912741.101,41.101,0.46,0.47,0.53,0.54,0.01,0.01,72831.49,1775912739000
1775912741.438,41.438,0.46,0.47,0.53,0.54,0.01,0.01,72831.53,1775912740000
1775912741.783,41.783,0.46,0.47,0.53,0.55,0.01,0.02,72831.53,1775912740000
1775912742.119,42.119,0.47,0.48,0.52,0.53,0.01,0.01,72831.53,1775912740000
1775912742.534,42.534,0.47,0.48,0.52,0.53,0.01,0.01,72832.02,1775912741000
1775912743.179,43.179,0.47,0.48,0.52,0.53,0.01,0.01,72832.24,1775912742000
1775912743.768,43.768,0.46,0.47,0.53,0.54,0.01,0.01,72832.24,1775912742000
1775912744.14,44.14,0.46,0.47,0.53,0.54,0.01,0.01,72832.07,1775912743000
1775912744.531,44.531,0.45,0.46,0.54,0.55,0.01,0.01,72832.07,1775912743000
1775912744.889,44.889,0.45,0.46,0.54,0.55,0.01,0.01,72832.07,1775912743000
1775912745.344,45.344,0.45,0.46,0.54,0.55,0.01,0.01,72832.51,1775912744000
1775912745.712,45.712,0.46,0.47,0.54,0.55,0.01,0.01,72832.51,1775912744000
1775912746.085,46.085,0.46,0.47,0.53,0.54,0.01,0.01,72832.51,1775912745000
1775912746.432,46.432,0.47,0.48,0.52,0.53,0.01,0.01,72832.51,1775912745000
1775912747.001,47.001,0.47,0.48,0.52,0.53,0.01,0.01,72832.66,1775912746000
1775912747.408,47.408,0.47,0.49,0.52,0.53,0.02,0.01,72832.66,1775912746000
1775912747.892,47.892,0.48,0.49,0.51,0.52,0.01,0.01,72832.66,1775912746000
1775912748.387,48.387,0.48,0.49,0.51,0.52,0.01,0.01,72833.13,1775912747000
1775912748.884,48.884,0.48,0.49,0.51,0.52,0.01,0.01,72834.96,1775912748000
1775912749.528,49.528,0.48,0.49,0.51,0.52,0.01,0.01,72834.96,1775912748000
1775912750.168,50.168,0.48,0.49,0.51,0.52,0.01,0.01,72834.96,1775912748000
1775912750.629,50.629,0.48,0.49,0.51,0.52,0.01,0.01,72834.98,1775912749000
1775912751.003,51.003,0.48,0.49,0.51,0.52,0.01,0.01,72834.98,1775912749000
1775912752.304,52.304,0.48,0.49,0.51,0.52,0.01,0.01,72835.69,1775912750000
1775912752.702,52.702,0.48,0.49,0.51,0.52,0.01,0.01,72835.86,1775912751000
1775912753.06,53.06,0.48,0.5,0.51,0.52,0.02,0.01,72835.86,1775912752000
1775912753.401,53.401,0.53,0.54,0.46,0.47,0.01,0.01,72835.86,1775912752000
1775912753.821,53.821,0.54,0.55,0.45,0.46,0.01,0.01,72835.86,1775912752000
1775912754.182,54.182,0.54,0.55,0.45,0.46,0.01,0.01,72835.9,1775912753000
1775912754.569,54.569,0.54,0.55,0.45,0.46,0.01,0.01,72835.9,1775912753000
1775912754.949,54.949,0.53,0.54,0.46,0.47,0.01,0.01,72835.9,1775912753000
1775912755.306,55.306,0.52,0.53,0.47,0.48,0.01,0.01,72836.39,1775912754000
1775912755.768,55.768,0.49,0.5,0.5,0.51,0.01,0.01,72836.39,1775912754000
1775912756.162,56.162,0.5,0.51,0.49,0.5,0.01,0.01,72842.65,1775912755000
1775912756.508,56.508,0.49,0.5,0.5,0.51,0.01,0.01,72842.65,1775912755000
1775912756.849,56.849,0.49,0.5,0.5,0.51,0.01,0.01,72842.65,1775912755000
1775912757.26,57.26,0.5,0.51,0.49,0.51,0.01,0.02,72842.86,1775912756000
1775912757.626,57.626,0.49,0.5,0.5,0.51,0.01,0.01,72842.86,1775912756000
1775912757.976,57.976,0.49,0.5,0.5,0.51,0.01,0.01,72842.86,1775912756000
1775912758.312,58.312,0.5,0.51,0.48,0.51,0.01,0.03,72842.78,1775912757000
1775912758.645,58.645,0.5,0.51,0.49,0.5,0.01,0.01,72842.78,1775912757000
1775912759.029,59.029,0.49,0.5,0.5,0.51,0.01,0.01,72842.78,1775912758000
1775912759.407,59.407,0.49,0.5,0.5,0.51,0.01,0.01,72842.78,1775912758000
1775912759.784,59.784,0.48,0.5,0.5,0.51,0.02,0.01,72842.78,1775912758000
1775912760.119,60.119,0.49,0.5,0.5,0.51,0.01,0.01,72842.86,1775912759000
1775912760.568,60.568,0.49,0.5,0.5,0.51,0.01,0.01,72842.86,1775912759000
1775912760.925,60.925,0.49,0.5,0.5,0.51,0.01,0.01,72842.86,1775912759000
1775912761.297,61.297,0.49,0.51,0.5,0.51,0.02,0.01,72842.9,1775912760000
1775912761.651,61.651,0.49,0.5,0.5,0.51,0.01,0.01,72842.9,1775912760000
1775912761.986,61.986,0.5,0.51,0.5,0.51,0.01,0.01,72842.83,1775912761000
1775912762.486,62.486,0.5,0.51,0.49,0.5,0.01,0.01,72842.83,1775912761000
1775912762.843,62.843,0.51,0.52,0.48,0.49,0.01,0.01,72842.83,1775912761000
1775912763.209,63.209,0.52,0.53,0.47,0.48,0.01,0.01,72842.86,1775912762000
1775912763.61,63.61,0.52,0.53,0.47,0.48,0.01,0.01,72842.86,1775912762000
1775912763.955,63.955,0.52,0.53,0.47,0.48,0.01,0.01,72842.86,1775912763000
1775912764.317,64.317,0.54,0.55,0.45,0.46,0.01,0.01,72842.86,1775912763000
1775912764.772,64.772,0.54,0.55,0.45,0.46,0.01,0.01,72842.86,1775912763000
1775912765.163,65.163,0.53,0.55,0.45,0.46,0.02,0.01,72842.86,1775912763000
1775912765.553,65.553,0.51,0.52,0.46,0.49,0.01,0.03,72843.07,1775912764000
1775912766.276,66.276,0.52,0.53,0.47,0.49,0.01,0.02,72843.07,1775912764000
1775912766.703,66.703,0.52,0.53,0.47,0.48,0.01,0.01,72843.07,1775912764000
1775912767.214,67.214,0.05,0.54,0.46,0.47,0.49,0.01,72843.09,1775912765000
1775912767.619,67.619,0.51,0.52,0.48,0.49,0.01,0.01,72843.09,1775912765000
1775912767.962,67.962,0.49,0.5,0.49,0.51,0.01,0.02,72844.13,1775912766000
1775912768.358,68.358,0.5,0.51,0.49,0.51,0.01,0.02,72844.13,1775912766000
1775912768.708,68.708,0.5,0.51,0.49,0.5,0.01,0.01,72844.34,1775912767000
1775912769.086,69.086,0.5,0.51,0.49,0.5,0.01,0.01,72844.34,1775912767000
1775912769.546,69.546,0.5,0.51,0.48,0.5,0.01,0.02,72844.25,1775912768000
1775912770.016,70.016,0.5,0.51,0.48,0.5,0.01,0.02,72844.25,1775912768000
1775912770.548,70.548,0.5,0.52,0.48,0.49,0.02,0.01,72844.25,1775912768000
1775912770.91,70.91,0.53,0.55,0.45,0.47,0.02,0.02,72843.92,1775912769000
1775912771.26,71.26,0.59,0.6,0.4,0.41,0.01,0.01,72843.92,1775912769000
1775912771.7,71.7,0.58,0.59,0.41,0.42,0.01,0.01,72843.73,1775912770000
1775912772.089,72.089,0.57,0.58,0.42,0.43,0.01,0.01,72843.73,1775912770000
1775912772.473,72.473,0.57,0.58,0.42,0.43,0.01,0.01,72844.42,1775912771000
1775912772.818,72.818,0.57,0.58,0.42,0.43,0.01,0.01,72844.42,1775912771000
1775912773.18,73.18,0.57,0.58,0.42,0.43,0.01,0.01,72844.42,1775912771000
1775912773.546,73.546,0.58,0.59,0.41,0.43,0.01,0.02,72844.42,1775912771000
1775912774.034,74.034,0.57,0.58,0.42,0.43,0.01,0.01,72851.21,1775912772000
1775912774.38,74.38,0.57,0.58,0.42,0.43,0.01,0.01,72851.21,1775912772000
1775912774.715,74.715,0.59,0.6,0.4,0.41,0.01,0.01,72851.44,1775912773000
1775912775.077,75.077,0.59,0.6,0.4,0.41,0.01,0.01,72851.44,1775912773000
1775912775.562,75.562,0.59,0.61,0.41,0.42,0.02,0.01,72851.7,1775912774000
1775912775.932,75.932,0.6,0.61,0.39,0.4,0.01,0.01,72851.7,1775912774000
1775912776.277,76.277,0.61,0.62,0.38,0.39,0.01,0.01,72851.7,1775912774000
1775912776.781,76.781,0.61,0.62,0.38,0.39,0.01,0.01,72851.77,1775912775000
1775912777.255,77.255,0.61,0.62,0.38,0.39,0.01,0.01,72851.77,1775912775000
1775912777.777,77.777,0.61,0.62,0.38,0.39,0.01,0.01,72851.78,1775912776000
1775912778.141,78.141,0.61,0.62,0.38,0.39,0.01,0.01,72851.8,1775912777000
1775912778.503,78.503,0.65,0.66,0.34,0.36,0.01,0.02,72851.8,1775912777000
1775912778.85,78.85,0.66,0.67,0.33,0.35,0.01,0.02,72851.8,1775912777000
1775912779.191,79.191,0.69,0.7,0.3,0.31,0.01,0.01,72851.8,1775912777000
1775912779.53,79.53,0.7,0.71,0.29,0.3,0.01,0.01,72851.8,1775912777000
1775912779.894,79.894,0.7,0.71,0.29,0.3,0.01,0.01,72851.83,1775912778000
1775912780.237,80.237,0.72,0.73,0.27,0.28,0.01,0.01,72851.83,1775912778000
1775912780.64,80.64,0.72,0.73,0.27,0.28,0.01,0.01,72852.9,1775912779000
1775912781.056,81.056,0.72,0.73,0.27,0.28,0.01,0.01,72852.9,1775912779000
1775912781.436,81.436,0.71,0.72,0.28,0.29,0.01,0.01,72852.9,1775912779000
1775912781.83,81.83,0.71,0.72,0.28,0.29,0.01,0.01,72860.19,1775912780000
1775912782.202,82.202,0.71,0.72,0.28,0.29,0.01,0.01,72860.19,1775912780000
1775912782.548,82.548,0.71,0.72,0.28,0.29,0.01,0.01,72862.35,1775912781000
1775912782.919,82.919,0.72,0.73,0.27,0.28,0.01,0.01,72862.35,1775912781000
1775912783.257,83.257,0.72,0.73,0.27,0.28,0.01,0.01,72863.04,1775912782000
1775912783.681,83.681,0.72,0.73,0.27,0.28,0.01,0.01,72863.04,1775912782000
1775912784.039,84.039,0.72,0.73,0.27,0.28,0.01,0.01,72863.04,1775912782000
1775912784.435,84.435,0.72,0.73,0.27,0.28,0.01,0.01,72863.04,1775912782000
1775912784.913,84.913,0.72,0.73,0.27,0.28,0.01,0.01,72863.04,1775912782000
1775912785.247,85.247,0.72,0.73,0.27,0.28,0.01,0.01,72863.94,1775912783000
1775912785.63,85.63,0.72,0.73,0.27,0.28,0.01,0.01,72863.94,1775912784000
1775912785.971,85.971,0.72,0.73,0.27,0.28,0.01,0.01,72863.94,1775912785000
1775912786.323,86.323,0.72,0.73,0.27,0.28,0.01,0.01,72863.94,1775912785000
1775912786.658,86.658,0.72,0.73,0.27,0.28,0.01,0.01,72863.94,1775912785000
1775912787.084,87.084,0.72,0.73,0.27,0.28,0.01,0.01,72863.94,1775912785000
1775912787.516,87.516,0.72,0.73,0.27,0.28,0.01,0.01,72863.95,1775912786000
1775912787.947,87.947,0.72,0.73,0.27,0.28,0.01,0.01,72863.95,1775912786000
1775912788.351,88.351,0.73,0.74,0.26,0.27,0.01,0.01,72863.95,1775912787000
1775912788.799,88.799,0.72,0.74,0.27,0.28,0.02,0.01,72863.95,1775912787000
1775912789.138,89.138,0.72,0.73,0.26,0.27,0.01,0.01,72863.95,1775912787000
1775912789.494,89.494,0.63,0.64,0.34,0.37,0.01,0.03,72864.03,1775912788000
1775912789.886,89.886,0.63,0.64,0.36,0.37,0.01,0.01,72864.03,1775912788000
1775912790.234,90.234,0.63,0.64,0.36,0.37,0.01,0.01,72864.25,1775912789000
1775912790.58,90.58,0.63,0.64,0.36,0.37,0.01,0.01,72864.25,1775912789000
1775912791.009,91.009,0.63,0.64,0.36,0.37,0.01,0.01,72864.25,1775912789000
1775912791.393,91.393,0.63,0.64,0.36,0.37,0.01,0.01,72860.46,1775912790000
1775912791.753,91.753,0.62,0.64,0.36,0.37,0.02,0.01,72860.46,1775912790000
1775912792.111,92.111,0.63,0.64,0.36,0.37,0.01,0.01,72860.46,1775912790000
1775912792.538,92.538,0.62,0.63,0.36,0.38,0.01,0.02,72856.81,1775912791000
1775912793.18,93.18,0.63,0.64,0.36,0.38,0.01,0.02,72856.81,1775912791000
1775912793.758,93.758,0.63,0.65,0.36,0.37,0.02,0.01,72856.67,1775912792000
1775912794.133,94.133,0.64,0.65,0.35,0.36,0.01,0.01,72856.67,1775912792000
1775912794.941,94.941,0.65,0.66,0.35,0.36,0.01,0.01,72856.37,1775912793000
1775912795.335,95.335,0.65,0.66,0.34,0.35,0.01,0.01,72856.36,1775912794000
1775912795.837,95.837,0.65,0.66,0.34,0.35,0.01,0.01,72856.36,1775912794000
1775912796.321,96.321,0.65,0.66,0.34,0.35,0.01,0.01,72856.27,1775912795000
1775912796.661,96.661,0.65,0.66,0.34,0.35,0.01,0.01,72856.27,1775912795000
1775912797.266,97.266,0.64,0.65,0.35,0.36,0.01,0.01,72856.27,1775912795000
1775912797.662,97.662,0.64,0.65,0.35,0.36,0.01,0.01,72856.33,1775912796000
1775912798.073,98.073,0.64,0.65,0.35,0.36,0.01,0.01,72856.39,1775912797000
1775912798.649,98.649,0.64,0.65,0.35,0.36,0.01,0.01,72856.39,1775912797000
1775912799.142,99.142,0.64,0.65,0.35,0.36,0.01,0.01,72856.39,1775912798000
1775912799.811,99.811,0.64,0.65,0.35,0.36,0.01,0.01,72856.39,1775912798000
1775912800.653,100.653,0.64,0.65,0.35,0.36,0.01,0.01,72856.33,1775912799000
1775912801.004,101.004,0.64,0.65,0.35,0.36,0.01,0.01,72856.31,1775912800000
1775912801.374,101.374,0.7,0.71,0.28,0.3,0.01,0.02,72856.31,1775912800000
1775912801.83,101.83,0.7,0.71,0.29,0.3,0.01,0.01,72856.31,1775912800000
1775912802.235,102.235,0.7,0.71,0.29,0.3,0.01,0.01,72856.42,1775912801000
1775912802.63,102.63,0.7,0.71,0.29,0.3,0.01,0.01,72856.42,1775912801000
1775912802.978,102.978,0.7,0.71,0.29,0.3,0.01,0.01,72856.42,1775912801000
1775912803.332,103.332,0.7,0.71,0.29,0.3,0.01,0.01,72858.15,1775912802000
1775912803.802,103.802,0.7,0.71,0.29,0.3,0.01,0.01,72858.15,1775912802000
1775912804.301,104.301,0.71,0.72,0.28,0.29,0.01,0.01,72858.15,1775912802000
1775912804.679,104.679,0.71,0.72,0.28,0.29,0.01,0.01,72859.44,1775912803000
1775912805.171,105.171,0.71,0.72,0.29,0.3,0.01,0.01,72859.44,1775912803000
1775912805.547,105.547,0.73,0.74,0.26,0.27,0.01,0.01,72859.44,1775912804000
1775912805.917,105.917,0.73,0.74,0.26,0.27,0.01,0.01,72859.44,1775912804000
1775912806.352,106.352,0.73,0.74,0.26,0.27,0.01,0.01,72859.44,1775912805000
1775912806.727,106.727,0.73,0.74,0.26,0.27,0.01,0.01,72859.44,1775912805000
1775912807.122,107.122,0.68,0.72,0.28,0.32,0.04,0.04,72859.71,1775912806000
1775912807.482,107.482,0.69,0.7,0.31,0.32,0.01,0.01,72859.71,1775912806000
1775912807.936,107.936,0.69,0.7,0.3,0.31,0.01,0.01,72859.71,1775912806000
1775912808.421,108.421,0.69,0.7,0.3,0.31,0.01,0.01,72859.93,1775912807000
1775912808.946,108.946,0.69,0.7,0.3,0.31,0.01,0.01,72859.93,1775912807000
1775912809.372,109.372,0.66,0.67,0.3,0.97,0.01,0.67,72859.76,1775912808000
1775912809.705,109.705,0.66,0.67,0.33,0.34,0.01,0.01,72859.76,1775912808000
1775912810.048,110.048,0.63,0.64,0.36,0.37,0.01,0.01,72859.52,1775912809000
1775912810.4,110.4,0.64,0.65,0.35,0.36,0.01,0.01,72859.52,1775912809000
1775912810.786,110.786,0.65,0.66,0.34,0.36,0.01,0.02,72859.52,1775912809000
1775912811.478,111.478,0.65,0.66,0.34,0.35,0.01,0.01,72859.36,1775912810000
1775912811.99,111.99,0.65,0.66,0.34,0.35,0.01,0.01,72859.36,1775912810000
1775912812.407,112.407,0.66,0.67,0.33,0.34,0.01,0.01,72859.43,1775912811000
1775912813.046,113.046,0.66,0.67,0.33,0.34,0.01,0.01,72859.36,1775912812000
1775912813.412,113.412,0.66,0.67,0.33,0.34,0.01,0.01,72859.36,1775912812000
1775912813.933,113.933,0.66,0.67,0.33,0.34,0.01,0.01,72859.36,1775912812000
1775912814.289,114.289,0.66,0.67,0.33,0.34,0.01,0.01,72859.33,1775912813000
1775912814.63,114.63,0.66,0.67,0.33,0.34,0.01,0.01,72859.33,1775912813000
1775912815.065,115.065,0.66,0.67,0.33,0.34,0.01,0.01,72859.4,1775912814000
1775912815.587,115.587,0.66,0.67,0.33,0.34,0.01,0.01,72859.4,1775912814000
1775912816.08,116.08,0.66,0.67,0.33,0.34,0.01,0.01,72859.4,1775912815000
1775912816.549,116.549,0.01,0.67,0.33,0.34,0.66,0.01,72859.4,1775912815000
1775912816.887,116.887,0.63,0.64,0.36,0.38,0.01,0.02,72859.4,1775912815000
1775912817.275,117.275,0.64,0.65,0.35,0.37,0.01,0.02,72859.39,1775912816000
1775912817.695,117.695,0.64,0.65,0.35,0.36,0.01,0.01,72859.39,1775912816000
1775912818.202,118.202,0.64,0.65,0.35,0.36,0.01,0.01,72859.48,1775912817000
1775912818.578,118.578,0.64,0.65,0.35,0.36,0.01,0.01,72859.48,1775912817000
1775912819.014,119.014,0.64,0.65,0.35,0.36,0.01,0.01,72859.5,1775912818000
1775912819.409,119.409,0.65,0.66,0.34,0.36,0.01,0.02,72859.5,1775912818000
1775912819.957,119.957,0.64,0.65,0.34,0.36,0.01,0.02,72859.5,1775912818000
1775912820.432,120.432,0.64,0.65,0.35,0.36,0.01,0.01,72859.52,1775912819000
1775912820.971,120.971,0.64,0.66,0.35,0.36,0.02,0.01,72859.52,1775912819000
1775912821.338,121.338,0.65,0.66,0.34,0.35,0.01,0.01,72859.41,1775912820000
1775912821.709,121.709,0.65,0.66,0.34,0.35,0.01,0.01,72859.41,1775912820000
1775912822.096,122.096,0.65,0.66,0.34,0.35,0.01,0.01,72858.7,1775912821000
1775912822.758,122.758,0.66,0.67,0.34,0.35,0.01,0.01,72858.7,1775912821000
1775912823.22,123.22,0.65,0.66,0.34,0.35,0.01,0.01,72858.44,1775912822000
1775912823.595,123.595,0.66,0.67,0.34,0.35,0.01,0.01,72858.44,1775912822000
1775912824.041,124.041,0.65,0.67,0.33,0.35,0.02,0.02,72858.47,1775912823000
1775912824.645,124.645,0.66,0.67,0.33,0.34,0.01,0.01,72858.47,1775912823000
1775912825.04,125.04,0.66,0.68,0.32,0.34,0.02,0.02,72858.54,1775912824000
1775912825.611,125.611,0.67,0.68,0.32,0.33,0.01,0.01,72858.54,1775912824000
1775912826.083,126.083,0.67,0.68,0.32,0.33,0.01,0.01,72858.54,1775912824000
1775912826.435,126.435,0.67,0.68,0.32,0.33,0.01,0.01,72858.29,1775912825000
1775912826.894,126.894,0.67,0.68,0.32,0.33,0.01,0.01,72858.29,1775912825000
1775912827.264,127.264,0.35,0.36,0.32,0.99,0.01,0.67,72858.46,1775912826000
1775912827.632,127.632,0.57,0.58,0.4,0.43,0.01,0.03,72858.46,1775912826000
1775912827.972,127.972,0.59,0.6,0.4,0.42,0.01,0.02,72858.46,1775912826000
1775912828.319,128.319,0.57,0.58,0.42,0.43,0.01,0.01,72858.88,1775912827000
1775912828.669,128.669,0.58,0.59,0.41,0.42,0.01,0.01,72858.88,1775912827000
1775912829.008,129.008,0.59,0.6,0.4,0.41,0.01,0.01,72858.88,1775912827000
1775912829.515,129.515,0.58,0.59,0.41,0.42,0.01,0.01,72858.37,1775912828000
1775912829.865,129.865,0.58,0.59,0.41,0.42,0.01,0.01,72858.37,1775912828000
1775912830.231,130.231,0.59,0.6,0.39,0.41,0.01,0.02,72858.37,1775912828000
1775912830.636,130.636,0.59,0.6,0.39,0.41,0.01,0.02,72856.93,1775912829000
1775912831.04,131.04,0.59,0.61,0.39,0.41,0.02,0.02,72856.93,1775912829000
1775912831.376,131.376,0.59,0.6,0.39,0.41,0.01,0.02,72856.42,1775912830000
1775912832.043,132.043,0.6,0.61,0.4,0.41,0.01,0.01,72856.42,1775912830000
1775912832.439,132.439,0.6,0.61,0.39,0.4,0.01,0.01,72856.09,1775912831000
1775912832.902,132.902,0.59,0.61,0.39,0.4,0.02,0.01,72856.09,1775912831000
1775912833.277,133.277,0.59,0.61,0.39,0.41,0.02,0.02,72856.09,1775912832000
1775912833.72,133.72,0.59,0.6,0.4,0.41,0.01,0.01,72856.09,1775912832000
1775912834.09,134.09,0.6,0.61,0.4,0.41,0.01,0.01,72856.09,1775912832000
1775912834.489,134.489,0.6,0.61,0.39,0.4,0.01,0.01,72856.7,1775912833000
1775912835.128,135.128,0.6,0.61,0.39,0.4,0.01,0.01,72856.7,1775912833000
1775912835.642,135.642,0.6,0.61,0.39,0.4,0.01,0.01,72856.6,1775912834000
1775912835.997,135.997,0.6,0.61,0.39,0.4,0.01,0.01,72856.6,1775912834000
1775912836.338,136.338,0.6,0.62,0.39,0.4,0.02,0.01,72856.6,1775912834000
1775912836.986,136.986,0.61,0.62,0.38,0.39,0.01,0.01,72856.6,1775912835000
1775912837.569,137.569,0.61,0.62,0.38,0.39,0.01,0.01,72856.69,1775912836000
1775912837.906,137.906,0.61,0.62,0.38,0.39,0.01,0.01,72856.69,1775912836000
1775912838.244,138.244,0.6,0.62,0.38,0.4,0.02,0.02,72856.66,1775912837000
1775912838.865,138.865,0.61,0.62,0.38,0.4,0.01,0.02,72856.66,1775912837000
1775912839.451,139.451,0.61,0.62,0.38,0.39,0.01,0.01,72856.66,1775912837000
1775912840.027,140.027,0.61,0.62,0.38,0.39,0.01,0.01,72855.74,1775912839000
1775912840.464,140.464,0.61,0.62,0.38,0.39,0.01,0.01,72855.74,1775912839000
1775912840.825,140.825,0.59,0.61,0.39,0.4,0.02,0.01,72855.74,1775912839000
1775912841.193,141.193,0.6,0.63,0.39,0.4,0.03,0.01,72855.74,1775912839000
1775912841.606,141.606,0.62,0.63,0.37,0.38,0.01,0.01,72855.63,1775912840000
1775912842.151,142.151,0.62,0.63,0.37,0.38,0.01,0.01,72855.63,1775912840000
1775912842.583,142.583,0.62,0.63,0.37,0.38,0.01,0.01,72855.63,1775912840000
1775912843.057,143.057,0.62,0.63,0.37,0.38,0.01,0.01,72856.18,1775912842000
1775912843.575,143.575,0.65,0.66,0.33,0.35,0.01,0.02,72856.18,1775912842000
1775912844.007,144.007,0.65,0.66,0.34,0.35,0.01,0.01,72856.18,1775912842000
1775912844.396,144.396,0.65,0.66,0.34,0.35,0.01,0.01,72856.49,1775912843000
1775912845.06,145.06,0.65,0.66,0.34,0.35,0.01,0.01,72856.49,1775912843000
1775912845.458,145.458,0.65,0.66,0.34,0.35,0.01,0.01,72856.74,1775912844000
1775912845.957,145.957,0.65,0.66,0.34,0.35,0.01,0.01,72856.74,1775912844000
1775912846.685,146.685,0.65,0.66,0.34,0.35,0.01,0.01,72856.74,1775912844000
1775912847.035,147.035,0.65,0.66,0.34,0.35,0.01,0.01,72858.57,1775912845000
1775912847.47,147.47,0.65,0.66,0.34,0.35,0.01,0.01,72859.14,1775912846000
1775912847.879,147.879,0.65,0.66,0.34,0.35,0.01,0.01,72859.14,1775912846000
1775912848.371,148.371,0.65,0.66,0.34,0.35,0.01,0.01,72859.06,1775912847000
1775912848.759,148.759,0.64,0.65,0.35,0.36,0.01,0.01,72859.06,1775912847000
1775912849.097,149.097,0.63,0.64,0.36,0.37,0.01,0.01,72859.06,1775912847000
1775912849.524,149.524,0.63,0.64,0.36,0.39,0.01,0.03,72858.95,1775912848000
1775912850.111,150.111,0.63,0.64,0.36,0.37,0.01,0.01,72858.95,1775912848000
1775912850.495,150.495,0.63,0.64,0.36,0.37,0.01,0.01,72858.86,1775912849000
1775912851.431,151.431,0.63,0.64,0.36,0.37,0.01,0.01,72858.12,1775912850000
1775912851.861,151.861,0.63,0.64,0.36,0.37,0.01,0.01,72858.12,1775912850000
1775912852.291,152.291,0.63,0.64,0.36,0.37,0.01,0.01,72858.12,1775912850000
1775912853.327,153.327,0.63,0.64,0.36,0.37,0.01,0.01,72857.63,1775912851000
1775912853.709,153.709,0.63,0.64,0.36,0.37,0.01,0.01,72857.63,1775912852000
1775912854.232,154.232,0.63,0.64,0.36,0.37,0.01,0.01,72857.52,1775912853000
1775912854.832,154.832,0.63,0.64,0.36,0.37,0.01,0.01,72857.52,1775912853000
1775912855.211,155.211,0.63,0.64,0.36,0.37,0.01,0.01,72857.52,1775912853000
1775912855.897,155.897,0.63,0.65,0.35,0.37,0.02,0.02,72857.49,1775912854000
1775912856.231,156.231,0.64,0.65,0.35,0.36,0.01,0.01,72857.49,1775912854000
1775912856.581,156.581,0.64,0.65,0.35,0.36,0.01,0.01,72858.31,1775912855000
1775912857.421,157.421,0.64,0.65,0.35,0.36,0.01,0.01,72858.31,1775912855000
1775912857.834,157.834,0.64,0.65,0.35,0.36,0.01,0.01,72858.31,1775912856000
1775912858.181,158.181,0.64,0.65,0.35,0.36,0.01,0.01,72858.31,1775912856000
1775912858.569,158.569,0.64,0.65,0.35,0.36,0.01,0.01,72858.35,1775912857000
1775912858.928,158.928,0.61,0.62,0.38,0.39,0.01,0.01,72858.35,1775912857000
1775912859.363,159.363,0.6,0.61,0.39,0.4,0.01,0.01,72858.35,1775912857000
1775912859.761,159.761,0.6,0.61,0.39,0.4,0.01,0.01,72858.22,1775912858000
1775912860.098,160.098,0.6,0.61,0.38,0.4,0.01,0.02,72858.22,1775912858000
1775912860.497,160.497,0.6,0.61,0.39,0.4,0.01,0.01,72858.25,1775912859000
1775912861.194,161.194,0.6,0.61,0.39,0.4,0.01,0.01,72858.25,1775912859000
1775912861.542,161.542,0.62,0.63,0.37,0.38,0.01,0.01,72857.51,1775912860000
1775912861.892,161.892,0.62,0.63,0.37,0.38,0.01,0.01,72857.51,1775912860000
1775912862.272,162.272,0.62,0.63,0.37,0.38,0.01,0.01,72856.94,1775912861000
1775912862.859,162.859,0.62,0.63,0.37,0.38,0.01,0.01,72856.94,1775912861000
1775912863.34,163.34,0.62,0.63,0.37,0.38,0.01,0.01,72856.94,1775912861000
1775912863.679,163.679,0.62,0.63,0.37,0.38,0.01,0.01,72856.94,1775912861000
1775912864.102,164.102,0.62,0.63,0.33,0.38,0.01,0.05,72856.87,1775912862000
1775912864.46,164.46,0.62,0.63,0.37,0.38,0.01,0.01,72856.87,1775912863000
1775912864.812,164.812,0.62,0.63,0.37,0.38,0.01,0.01,72856.87,1775912863000
1775912865.146,165.146,0.62,0.63,0.37,0.38,0.01,0.01,72857.01,1775912864000
1775912865.531,165.531,0.62,0.63,0.37,0.38,0.01,0.01,72857.01,1775912864000
1775912865.897,165.897,0.62,0.63,0.37,0.38,0.01,0.01,72857.01,1775912864000
1775912866.581,166.581,0.62,0.63,0.37,0.38,0.01,0.01,72856.99,1775912865000
1775912867.151,167.151,0.62,0.63,0.37,0.38,0.01,0.01,72856.93,1775912866000
1775912867.808,167.808,0.62,0.63,0.36,0.37,0.01,0.01,72856.93,1775912866000
1775912868.201,168.201,0.56,0.57,0.43,0.44,0.01,0.01,72856.93,1775912866000
1775912868.985,168.985,0.53,0.55,0.45,0.46,0.02,0.01,72856.93,1775912867000
1775912869.35,169.35,0.44,0.47,0.52,0.57,0.03,0.05,72856.93,1775912868000
1775912869.71,169.71,0.43,0.44,0.55,0.56,0.01,0.01,72856.93,1775912868000
1775912870.309,170.309,0.43,0.44,0.56,0.57,0.01,0.01,72856.93,1775912868000
1775912870.885,170.885,0.43,0.44,0.56,0.57,0.01,0.01,72856.93,1775912868000
1775912871.225,171.225,0.35,0.39,0.61,0.8,0.04,0.19,72844.98,1775912870000
1775912871.568,171.568,0.19,0.25,0.75,0.81,0.06,0.06,72844.98,1775912870000
1775912871.919,171.919,0.08,0.25,0.8,0.92,0.17,0.12,72844.98,1775912870000
1775912872.263,172.263,0.14,0.2,0.8,0.86,0.06,0.06,72844.98,1775912870000
1775912872.599,172.599,0.09,0.23,0.77,0.91,0.14,0.14,72818.22,1775912871000
1775912872.941,172.941,0.12,0.17,0.83,0.88,0.05,0.05,72818.22,1775912871000
1775912873.4,173.4,0.11,0.12,0.88,0.89,0.01,0.01,72818.22,1775912871000
1775912873.756,173.756,0.12,0.21,0.87,0.88,0.09,0.01,72806.29,1775912872000
1775912874.163,174.163,0.12,0.13,0.86,0.88,0.01,0.02,72802.81,1775912873000
1775912874.519,174.519,0.14,0.17,0.85,0.86,0.03,0.01,72802.81,1775912873000
1775912874.857,174.857,0.11,0.14,0.86,0.89,0.03,0.03,72802.81,1775912873000
1775912875.326,175.326,0.12,0.13,0.88,0.89,0.01,0.01,72802.81,1775912873000
1775912875.674,175.674,0.17,0.18,0.82,0.84,0.01,0.02,72800.99,1775912874000
1775912876.195,176.195,0.21,0.22,0.78,0.8,0.01,0.02,72800.99,1775912874000
1775912876.591,176.591,0.21,0.22,0.78,0.82,0.01,0.04,72800.99,1775912874000
1775912876.935,176.935,0.17,0.18,0.81,0.83,0.01,0.02,72802.26,1775912875000
1775912877.508,177.508,0.2,0.21,0.79,0.8,0.01,0.01,72803.65,1775912876000
1775912877.927,177.927,0.2,0.21,0.79,0.8,0.01,0.01,72803.65,1775912876000
1775912878.361,178.361,0.2,0.21,0.79,0.8,0.01,0.01,72808.86,1775912877000
1775912878.807,178.807,0.2,0.21,0.79,0.8,0.01,0.01,72808.86,1775912877000
1775912879.149,179.149,0.2,0.21,0.79,0.8,0.01,0.01,72808.86,1775912877000
1775912879.562,179.562,0.2,0.21,0.79,0.8,0.01,0.01,72808.86,1775912877000
1775912879.896,179.896,0.22,0.25,0.75,0.78,0.03,0.03,72809.06,1775912878000
1775912880.306,180.306,0.24,0.25,0.75,0.76,0.01,0.01,72809.06,1775912878000
1775912880.657,180.657,0.26,0.27,0.73,0.76,0.01,0.03,72809.06,1775912879000
1775912881.055,181.055,0.24,0.26,0.74,0.75,0.02,0.01,72809.06,1775912879000
1775912881.455,181.455,0.23,0.24,0.76,0.77,0.01,0.01,72812.69,1775912880000
1775912881.808,181.808,0.23,0.24,0.76,0.77,0.01,0.01,72812.69,1775912880000
1775912882.16,182.16,0.23,0.24,0.76,0.77,0.01,0.01,72814.48,1775912881000
1775912882.72,182.72,0.22,0.23,0.77,0.78,0.01,0.01,72814.48,1775912881000
1775912883.296,183.296,0.22,0.23,0.77,0.78,0.01,0.01,72814.48,1775912881000
1775912883.663,183.663,0.22,0.23,0.77,0.78,0.01,0.01,72815.16,1775912882000
1775912884.029,184.029,0.22,0.23,0.77,0.78,0.01,0.01,72815.16,1775912882000
1775912884.406,184.406,0.22,0.23,0.76,0.78,0.01,0.02,72815.16,1775912882000
1775912884.741,184.741,0.22,0.23,0.77,0.78,0.01,0.01,72815.16,1775912882000
1775912885.239,185.239,0.21,0.24,0.77,0.79,0.03,0.02,72815.18,1775912883000
1775912885.76,185.76,0.21,0.24,0.76,0.79,0.03,0.03,72815.18,1775912883000
1775912886.287,186.287,0.21,0.23,0.75,0.79,0.02,0.04,72815.15,1775912885000
1775912886.636,186.636,0.16,0.2,0.8,0.84,0.04,0.04,72815.15,1775912885000
1775912886.971,186.971,0.15,0.16,0.84,0.85,0.01,0.01,72815.15,1775912885000
1775912887.328,187.328,0.16,0.19,0.83,0.85,0.03,0.02,72814.56,1775912886000
1775912887.662,187.662,0.16,0.17,0.83,0.84,0.01,0.01,72814.56,1775912886000
1775912888.124,188.124,0.11,0.12,0.88,0.9,0.01,0.02,72811.34,1775912887000
1775912888.463,188.463,0.1,0.12,0.88,0.9,0.02,0.02,72811.34,1775912887000
1775912888.888,188.888,0.1,0.12,0.89,0.9,0.02,0.01,72811.34,1775912887000
1775912889.258,189.258,0.09,0.11,0.89,0.9,0.02,0.01,72809.39,1775912888000
1775912889.725,189.725,0.09,0.1,0.9,0.91,0.01,0.01,72809.39,1775912888000
1775912890.161,190.161,0.09,0.1,0.9,0.91,0.01,0.01,72809.39,1775912888000
1775912890.543,190.543,0.09,0.1,0.9,0.91,0.01,0.01,72804.08,1775912889000
1775912890.902,190.902,0.09,0.1,0.9,0.91,0.01,0.01,72804.08,1775912889000
1775912891.28,191.28,0.07,0.08,0.92,0.93,0.01,0.01,72801.01,1775912890000
1775912891.639,191.639,0.06,0.07,0.93,0.94,0.01,0.01,72801.01,1775912890000
1775912892.042,192.042,0.05,0.06,0.94,0.95,0.01,0.01,72800.81,1775912891000
1775912892.437,192.437,0.04,0.05,0.95,0.96,0.01,0.01,72800.81,1775912891000
1775912892.812,192.812,0.04,0.06,0.94,0.96,0.02,0.02,72800.81,1775912891000
1775912893.167,193.167,0.05,0.08,0.92,0.95,0.03,0.03,72794.05,1775912892000
1775912893.517,193.517,0.05,0.08,0.92,0.95,0.03,0.03,72794.05,1775912892000
1775912893.928,193.928,0.07,0.08,0.92,0.94,0.01,0.02,72794.05,1775912892000
1775912894.309,194.309,0.06,0.07,0.93,0.94,0.01,0.01,72785.09,1775912893000
1775912894.699,194.699,0.07,0.08,0.92,0.93,0.01,0.01,72785.09,1775912893000
1775912895.069,195.069,0.07,0.08,0.92,0.94,0.01,0.02,72785.09,1775912893000
1775912895.536,195.536,0.06,0.07,0.93,0.94,0.01,0.01,72785.85,1775912894000
1775912895.881,195.881,0.07,0.08,0.92,0.94,0.01,0.02,72785.85,1775912894000
1775912896.363,196.363,0.07,0.08,0.92,0.93,0.01,0.01,72788.73,1775912895000
1775912896.792,196.792,0.07,0.08,0.92,0.93,0.01,0.01,72788.73,1775912895000
1775912897.145,197.145,0.05,0.08,0.92,0.95,0.03,0.03,72788.39,1775912896000
1775912897.535,197.535,0.05,0.06,0.94,0.95,0.01,0.01,72788.39,1775912896000
1775912897.903,197.903,0.06,0.07,0.93,0.95,0.01,0.02,72788.39,1775912896000
1775912898.249,198.249,0.06,0.07,0.93,0.94,0.01,0.01,72788.39,1775912896000
1775912898.608,198.608,0.05,0.07,0.93,0.94,0.02,0.01,72787.46,1775912897000
1775912898.951,198.951,0.05,0.06,0.94,0.95,0.01,0.01,72787.46,1775912897000
1775912899.347,199.347,0.05,0.06,0.94,0.95,0.01,0.01,72787.58,1775912898000
1775912899.702,199.702,0.06,0.07,0.93,0.94,0.01,0.01,72787.58,1775912898000
1775912900.082,200.082,0.06,0.07,0.93,0.94,0.01,0.01,72787.58,1775912898000
1775912900.555,200.555,0.06,0.09,0.91,0.94,0.03,0.03,72787.79,1775912899000
1775912900.9,200.9,0.08,0.09,0.92,0.93,0.01,0.01,72787.79,1775912899000
1775912901.246,201.246,0.09,0.1,0.9,0.92,0.01,0.02,72787.79,1775912899000
1775912901.598,201.598,0.1,0.11,0.9,0.91,0.01,0.01,72787.79,1775912900000
1775912901.968,201.968,0.11,0.12,0.88,0.89,0.01,0.01,72787.79,1775912900000
1775912902.47,202.47,0.1,0.11,0.88,0.9,0.01,0.02,72787.79,1775912901000
1775912902.983,202.983,0.12,0.13,0.88,0.89,0.01,0.01,72787.79,1775912901000
1775912903.395,203.395,0.13,0.14,0.86,0.87,0.01,0.01,72787.79,1775912901000
1775912903.927,203.927,0.13,0.14,0.86,0.87,0.01,0.01,72789.66,1775912902000
1775912904.349,204.349,0.12,0.13,0.87,0.88,0.01,0.01,72789.66,1775912902000
1775912904.956,204.956,0.13,0.14,0.86,0.88,0.01,0.02,72794.21,1775912903000
1775912905.328,205.328,0.12,0.13,0.87,0.88,0.01,0.01,72796.62,1775912904000
1775912905.785,205.785,0.12,0.13,0.86,0.87,0.01,0.01,72796.62,1775912904000
1775912906.144,206.144,0.12,0.13,0.87,0.88,0.01,0.01,72798.27,1775912905000
1775912906.558,206.558,0.12,0.13,0.87,0.88,0.01,0.01,72798.27,1775912905000
1775912907.001,207.001,0.11,0.13,0.87,0.89,0.02,0.02,72798.27,1775912905000
1775912907.482,207.482,0.12,0.13,0.87,0.89,0.01,0.02,72799.28,1775912906000
1775912907.819,207.819,0.12,0.13,0.87,0.88,0.01,0.01,72799.28,1775912906000
1775912908.21,208.21,0.14,0.15,0.85,0.88,0.01,0.03,72799.28,1775912906000
1775912908.634,208.634,0.13,0.14,0.85,0.86,0.01,0.01,72799.35,1775912907000
1775912908.992,208.992,0.13,0.14,0.86,0.87,0.01,0.01,72799.35,1775912907000
1775912909.349,209.349,0.13,0.14,0.86,0.87,0.01,0.01,72799.35,1775912907000
1775912909.69,209.69,0.1,0.11,0.89,0.9,0.01,0.01,72799.32,1775912908000
1775912910.077,210.077,0.1,0.11,0.89,0.9,0.01,0.01,72799.63,1775912909000
1775912910.432,210.432,0.1,0.12,0.89,0.9,0.02,0.01,72799.63,1775912909000
1775912910.939,210.939,0.11,0.12,0.88,0.89,0.01,0.01,72799.63,1775912909000
1775912911.327,211.327,0.11,0.12,0.88,0.89,0.01,0.01,72801.57,1775912910000
1775912911.67,211.67,0.11,0.12,0.88,0.89,0.01,0.01,72801.57,1775912910000
1775912912.008,212.008,0.14,0.15,0.85,0.86,0.01,0.01,72801.57,1775912910000
1775912912.49,212.49,0.14,0.15,0.85,0.86,0.01,0.01,72801.67,1775912911000
1775912912.903,212.903,0.14,0.15,0.85,0.86,0.01,0.01,72801.67,1775912911000
1775912913.254,213.254,0.14,0.15,0.85,0.86,0.01,0.01,72801.66,1775912912000
1775912913.623,213.623,0.13,0.14,0.86,0.87,0.01,0.01,72801.66,1775912912000
1775912913.993,213.993,0.13,0.14,0.85,0.86,0.01,0.01,72801.66,1775912912000
1775912914.518,214.518,0.14,0.15,0.86,0.87,0.01,0.01,72801.66,1775912912000
1775912914.944,214.944,0.13,0.14,0.86,0.87,0.01,0.01,72802.28,1775912913000
1775912915.322,215.322,0.12,0.13,0.87,0.88,0.01,0.01,72802.28,1775912913000
1775912915.896,215.896,0.11,0.13,0.87,0.89,0.02,0.02,72802.4,1775912914000
1775912916.344,216.344,0.11,0.12,0.88,0.89,0.01,0.01,72802.4,1775912914000
1775912916.682,216.682,0.11,0.12,0.88,0.89,0.01,0.01,72802.4,1775912915000
1775912917.018,217.018,0.09,0.11,0.89,0.9,0.02,0.01,72802.4,1775912915000
1775912917.728,217.728,0.1,0.11,0.89,0.9,0.01,0.01,72802.2,1775912916000
1775912918.103,218.103,0.1,0.11,0.89,0.9,0.01,0.01,72802.2,1775912916000
1775912918.465,218.465,0.09,0.1,0.9,0.91,0.01,0.01,72802.2,1775912916000
1775912918.852,218.852,0.09,0.12,0.86,0.91,0.03,0.05,72802.15,1775912917000
1775912919.202,219.202,0.11,0.12,0.88,0.9,0.01,0.02,72802.15,1775912917000
1775912919.687,219.687,0.1,0.12,0.89,0.9,0.02,0.01,72802.14,1775912918000
1775912920.102,220.102,0.1,0.11,0.89,0.9,0.01,0.01,72802.14,1775912918000
1775912920.573,220.573,0.1,0.11,0.89,0.9,0.01,0.01,72802.14,1775912918000
1775912920.95,220.95,0.09,0.1,0.89,0.91,0.01,0.02,72802.24,1775912919000
1775912921.34,221.34,0.09,0.1,0.9,0.91,0.01,0.01,72802.24,1775912919000
1775912921.743,221.743,0.09,0.1,0.89,0.91,0.01,0.02,72802.26,1775912920000
1775912922.158,222.158,0.1,0.11,0.89,0.91,0.01,0.02,72802.31,1775912921000
1775912922.495,222.495,0.1,0.11,0.89,0.9,0.01,0.01,72802.31,1775912921000
1775912923.037,223.037,0.09,0.1,0.89,0.91,0.01,0.02,72802.31,1775912921000
1775912923.502,223.502,0.09,0.1,0.9,0.91,0.01,0.01,72802.31,1775912921000
1775912923.931,223.931,0.09,0.1,0.9,0.91,0.01,0.01,72802.46,1775912922000
1775912924.285,224.285,0.08,0.1,0.9,0.92,0.02,0.02,72802.46,1775912923000
1775912924.663,224.663,0.08,0.1,0.9,0.92,0.02,0.02,72802.46,1775912923000
1775912925.06,225.06,0.09,0.1,0.91,0.92,0.01,0.01,72802.46,1775912923000
1775912925.404,225.404,0.08,0.1,0.9,0.91,0.02,0.01,72802.46,1775912923000
1775912925.74,225.74,0.08,0.09,0.91,0.92,0.01,0.01,72801.97,1775912924000
1775912926.177,226.177,0.08,0.09,0.91,0.92,0.01,0.01,72801.94,1775912925000
1775912926.578,226.578,0.07,0.09,0.91,0.92,0.02,0.01,72801.94,1775912925000
1775912926.987,226.987,0.07,0.08,0.91,0.93,0.01,0.02,72801.94,1775912925000
1775912927.499,227.499,0.08,0.09,0.91,0.92,0.01,0.01,72801.97,1775912926000
1775912927.969,227.969,0.08,0.09,0.91,0.93,0.01,0.02,72801.97,1775912926000
1775912928.384,228.384,0.07,0.08,0.92,0.93,0.01,0.01,72801.97,1775912926000
1775912928.874,228.874,0.07,0.08,0.92,0.93,0.01,0.01,72801.71,1775912927000
1775912929.22,229.22,0.07,0.08,0.92,0.93,0.01,0.01,72801.71,1775912928000
1775912929.844,229.844,0.08,0.09,0.91,0.92,0.01,0.01,72801.71,1775912928000
1775912930.181,230.181,0.08,0.09,0.91,0.92,0.01,0.01,72801.71,1775912928000
1775912930.555,230.555,0.08,0.09,0.91,0.92,0.01,0.01,72802.17,1775912929000
1775912930.994,230.994,0.08,0.09,0.91,0.93,0.01,0.02,72802.17,1775912929000
1775912931.567,231.567,0.08,0.1,0.91,0.93,0.02,0.02,72802.17,1775912930000
1775912932.061,232.061,0.09,0.1,0.9,0.91,0.01,0.01,72802.17,1775912930000
1775912932.408,232.408,0.09,0.1,0.9,0.91,0.01,0.01,72802.02,1775912931000
1775912932.811,232.811,0.09,0.1,0.9,0.91,0.01,0.01,72802.02,1775912931000
1775912933.285,233.285,0.09,0.1,0.9,0.91,0.01,0.01,72802.04,1775912932000
1775912933.662,233.662,0.09,0.1,0.9,0.91,0.01,0.01,72802.04,1775912932000
1775912934.047,234.047,0.09,0.1,0.9,0.91,0.01,0.01,72802.04,1775912932000
1775912934.563,234.563,0.09,0.1,0.9,0.91,0.01,0.01,72802.15,1775912933000
1775912934.938,234.938,0.08,0.1,0.91,0.92,0.02,0.01,72802.15,1775912933000
1775912935.379,235.379,0.08,0.09,0.91,0.92,0.01,0.01,72802.37,1775912934000
1775912936.082,236.082,0.08,0.09,0.91,0.92,0.01,0.01,72802.37,1775912934000
1775912936.487,236.487,0.08,0.09,0.91,0.92,0.01,0.01,72802.46,1775912935000
1775912936.839,236.839,0.08,0.09,0.91,0.92,0.01,0.01,72802.46,1775912935000
1775912937.265,237.265,0.08,0.09,0.91,0.92,0.01,0.01,72802.49,1775912936000
1775912937.643,237.643,0.08,0.09,0.91,0.92,0.01,0.01,72802.49,1775912936000
1775912937.995,237.995,0.08,0.1,0.91,0.92,0.02,0.01,72802.49,1775912936000
1775912938.352,238.352,0.13,0.14,0.87,0.88,0.01,0.01,72802.36,1775912937000
1775912938.765,238.765,0.13,0.14,0.86,0.87,0.01,0.01,72802.36,1775912937000
1775912939.138,239.138,0.13,0.14,0.86,0.87,0.01,0.01,72802.48,1775912938000
1775912939.479,239.479,0.13,0.14,0.86,0.87,0.01,0.01,72802.48,1775912938000
1775912939.958,239.958,0.13,0.14,0.86,0.87,0.01,0.01,72803.37,1775912939000
1775912940.348,240.348,0.13,0.14,0.86,0.87,0.01,0.01,72803.37,1775912939000
1775912940.852,240.852,0.12,0.14,0.86,0.88,0.02,0.02,72812.5,1775912940000
1775912941.372,241.372,0.11,0.12,0.88,0.89,0.01,0.01,72812.5,1775912940000
1775912941.729,241.729,0.11,0.12,0.88,0.89,0.01,0.01,72812.5,1775912940000
1775912942.546,242.546,0.11,0.12,0.88,0.89,0.01,0.01,72812.52,1775912941000
1775912942.94,242.94,0.11,0.12,0.88,0.89,0.01,0.01,72812.52,1775912941000
1775912943.389,243.389,0.11,0.12,0.88,0.89,0.01,0.01,72811.93,1775912942000
1775912944.02,244.02,0.09,0.1,0.88,0.9,0.01,0.02,72811.93,1775912942000
1775912944.383,244.383,0.09,0.1,0.9,0.91,0.01,0.01,72811.93,1775912942000
1775912944.729,244.729,0.09,0.1,0.9,0.91,0.01,0.01,72813.35,1775912943000
1775912945.172,245.172,0.09,0.1,0.9,0.92,0.01,0.02,72813.35,1775912943000
1775912945.508,245.508,0.08,0.09,0.9,0.91,0.01,0.01,72813.32,1775912944000
1775912945.997,245.997,0.08,0.09,0.91,0.92,0.01,0.01,72812.78,1775912945000
1775912946.35,246.35,0.08,0.09,0.91,0.92,0.01,0.01,72812.78,1775912945000
1775912946.926,246.926,0.08,0.09,0.91,0.92,0.01,0.01,72812.78,1775912945000
1775912947.299,247.299,0.08,0.09,0.91,0.92,0.01,0.01,72812.78,1775912945000
1775912947.837,247.837,0.08,0.09,0.9,0.92,0.01,0.02,72813.43,1775912946000
1775912948.239,248.239,0.09,0.1,0.9,0.91,0.01,0.01,72813.43,1775912946000
1775912948.612,248.612,0.08,0.1,0.89,0.91,0.02,0.02,72813.43,1775912946000
1775912949.078,249.078,0.09,0.1,0.9,0.92,0.01,0.02,72812.92,1775912947000
1775912949.421,249.421,0.09,0.1,0.9,0.91,0.01,0.01,72813.0,1775912948000
1775912949.814,249.814,0.09,0.1,0.9,0.91,0.01,0.01,72813.0,1775912948000
1775912950.396,250.396,0.09,0.1,0.9,0.92,0.01,0.02,72813.0,1775912948000
1775912951.061,251.061,0.12,0.13,0.86,0.91,0.01,0.05,72813.16,1775912949000
1775912951.411,251.411,0.12,0.13,0.87,0.88,0.01,0.01,72813.17,1775912950000
1775912951.834,251.834,0.12,0.13,0.87,0.88,0.01,0.01,72813.17,1775912950000
1775912952.339,252.339,0.1,0.11,0.89,0.9,0.01,0.01,72813.17,1775912950000
1775912952.87,252.87,0.1,0.11,0.89,0.9,0.01,0.01,72813.19,1775912951000
1775912953.218,253.218,0.06,0.07,0.93,0.94,0.01,0.01,72813.19,1775912951000
1775912953.552,253.552,0.05,0.06,0.94,0.95,0.01,0.01,72813.21,1775912952000
1775912954.035,254.035,0.04,0.05,0.94,0.96,0.01,0.02,72813.21,1775912952000
1775912954.391,254.391,0.04,0.05,0.95,0.96,0.01,0.01,72813.23,1775912953000
1775912954.855,254.855,0.04,0.05,0.95,0.96,0.01,0.01,72813.23,1775912953000
1775912955.257,255.257,0.04,0.06,0.95,0.96,0.02,0.01,72813.23,1775912953000
1775912955.632,255.632,0.04,0.05,0.94,0.96,0.01,0.02,72806.28,1775912954000
1775912956.08,256.08,0.05,0.07,0.94,0.95,0.02,0.01,72806.28,1775912954000
1775912956.469,256.469,0.05,0.06,0.94,0.95,0.01,0.01,72806.28,1775912954000
1775912957.005,257.005,0.04,0.05,0.95,0.96,0.01,0.01,72804.03,1775912955000
1775912957.389,257.389,0.04,0.05,0.95,0.96,0.01,0.01,72803.16,1775912956000
1775912957.838,257.838,0.04,0.05,0.95,0.96,0.01,0.01,72803.16,1775912956000
1775912958.19,258.19,0.04,0.05,0.95,0.96,0.01,0.01,72803.16,1775912956000
1775912958.671,258.671,0.05,0.06,0.95,0.96,0.01,0.01,72803.16,1775912956000
1775912959.01,259.01,0.05,0.06,0.94,0.95,0.01,0.01,72801.96,1775912957000
1775912959.522,259.522,0.04,0.06,0.94,0.95,0.02,0.01,72802.77,1775912958000
1775912960.102,260.102,0.04,0.05,0.94,0.96,0.01,0.02,72802.77,1775912958000
1775912960.575,260.575,0.04,0.05,0.94,0.96,0.01,0.02,72802.77,1775912958000
1775912960.909,260.909,0.03,0.04,0.95,0.96,0.01,0.01,72803.61,1775912959000
1775912961.246,261.246,0.03,0.04,0.96,0.97,0.01,0.01,72803.61,1775912959000
1775912961.674,261.674,0.03,0.04,0.96,0.97,0.01,0.01,72803.61,1775912960000
1775912962.167,262.167,0.03,0.04,0.96,0.97,0.01,0.01,72803.61,1775912960000
1775912962.612,262.612,0.03,0.04,0.96,0.97,0.01,0.01,72803.46,1775912961000
1775912963.045,263.045,0.02,0.04,0.96,0.97,0.02,0.01,72803.46,1775912961000
1775912963.421,263.421,0.02,0.03,0.96,0.98,0.01,0.02,72802.21,1775912962000
1775912963.767,263.767,0.03,0.04,0.96,0.97,0.01,0.01,72802.21,1775912962000
1775912964.135,264.135,0.02,0.03,0.97,0.98,0.01,0.01,72802.21,1775912962000
1775912964.521,264.521,0.02,0.04,0.96,0.98,0.02,0.02,72800.67,1775912963000
1775912965.055,265.055,0.02,0.03,0.97,0.98,0.01,0.01,72800.67,1775912963000
1775912965.393,265.393,0.02,0.03,0.97,0.98,0.01,0.01,72796.85,1775912964000
1775912965.906,265.906,0.01,0.02,0.97,0.99,0.01,0.02,72796.85,1775912964000
1775912966.371,266.371,0.01,0.02,0.98,0.99,0.01,0.01,72796.85,1775912964000
1775912966.754,266.754,0.01,0.02,0.98,0.99,0.01,0.01,72795.72,1775912965000
1775912967.323,267.323,0.01,0.02,0.98,0.99,0.01,0.01,72795.72,1775912965000
1775912967.795,267.795,0.01,0.02,0.98,0.99,0.01,0.01,72796.55,1775912966000
1775912968.353,268.353,0.01,0.02,0.98,0.99,0.01,0.01,72796.55,1775912966000
1775912968.888,268.888,0.01,0.02,0.98,0.99,0.01,0.01,72796.36,1775912967000
1775912969.387,269.387,0.01,0.02,0.98,0.99,0.01,0.01,72796.27,1775912968000
1775912969.898,269.898,0.01,0.02,0.98,0.99,0.01,0.01,72796.27,1775912968000
1775912970.304,270.304,0.01,0.02,0.98,0.99,0.01,0.01,72796.27,1775912968000
1775912970.64,270.64,0.01,0.02,0.98,0.99,0.01,0.01,72795.16,1775912969000
1775912970.984,270.984,0.01,0.02,0.98,0.99,0.01,0.01,72795.16,1775912969000
1775912971.32,271.32,0.01,0.02,0.98,0.99,0.01,0.01,72795.16,1775912969000
1775912971.719,271.719,0.01,0.02,0.98,0.99,0.01,0.01,72795.07,1775912970000
1775912972.126,272.126,0.01,0.02,0.98,0.99,0.01,0.01,72792.58,1775912971000
1775912972.462,272.462,0.01,0.02,0.98,0.99,0.01,0.01,72792.58,1775912971000
1775912972.813,272.813,0.01,0.02,0.98,0.99,0.01,0.01,72792.58,1775912971000
1775912973.185,273.185,0.01,0.01,0.99,0.99,0.0,0.0,72790.57,1775912972000
1775912973.585,273.585,0.01,0.01,0.99,0.99,0.0,0.0,72790.57,1775912972000
1775912973.937,273.937,0.01,0.01,0.99,0.99,0.0,0.0,72790.57,1775912972000
1775912974.279,274.279,0.01,0.01,0.99,0.99,0.0,0.0,72790.84,1775912973000
1775912975.453,275.453,0.01,0.01,0.99,0.99,0.0,0.0,72790.84,1775912973000
1775912976.275,276.275,0.01,0.01,0.99,0.99,0.0,0.0,72791.7,1775912975000
1775912977.184,277.184,0.01,0.01,0.99,0.99,0.0,0.0,72791.7,1775912975000
1775912977.937,277.937,0.01,0.01,0.99,0.99,0.0,0.0,72795.06,1775912976000
1775912978.342,278.342,0.01,0.01,0.99,0.99,0.0,0.0,72796.15,1775912977000
1775912978.848,278.848,0.01,0.01,0.99,0.99,0.0,0.0,72796.15,1775912977000
1775912979.188,279.188,0.01,0.01,0.99,0.99,0.0,0.0,72796.15,1775912977000
1775912979.762,279.762,0.01,0.01,0.99,0.99,0.0,0.0,72795.82,1775912978000
1775912980.196,280.196,0.01,0.01,0.99,0.99,0.0,0.0,72796.26,1775912979000
1775912980.573,280.573,0.01,0.01,0.99,0.99,0.0,0.0,72796.26,1775912979000
1775912981.088,281.088,0.01,0.01,0.99,0.99,0.0,0.0,72796.26,1775912979000
1775912981.645,281.645,0.01,0.01,0.99,0.99,0.0,0.0,72796.1,1775912980000
1775912982.199,282.199,0.01,0.01,0.99,0.99,0.0,0.0,72795.47,1775912981000
1775912982.9,282.9,0.01,0.01,0.99,0.99,0.0,0.0,72795.47,1775912981000
1775912983.783,283.783,0.01,0.01,0.99,0.99,0.0,0.0,72795.35,1775912982000
1775912984.156,284.156,0.01,0.01,0.99,0.99,0.0,0.0,72795.67,1775912983000
1775912984.49,284.49,0.01,0.01,0.99,0.99,0.0,0.0,72795.67,1775912983000
1775912985.226,285.226,0.01,0.01,0.99,0.99,0.0,0.0,72795.38,1775912984000
1775912985.683,285.683,0.01,0.01,0.99,0.99,0.0,0.0,72795.38,1775912984000
1775912986.167,286.167,0.01,0.01,0.99,0.99,0.0,0.0,72795.38,1775912984000
1775912987.213,287.213,0.01,0.01,0.99,0.99,0.0,0.0,72795.38,1775912985000
1775912987.705,287.705,0.01,0.01,0.99,0.99,0.0,0.0,72797.93,1775912986000
1775912988.111,288.111,0.01,0.01,0.99,0.99,0.0,0.0,72797.93,1775912986000
1775912988.478,288.478,0.01,0.01,0.99,0.99,0.0,0.0,72797.93,1775912986000
1775912988.855,288.855,0.01,0.01,0.99,0.99,0.0,0.0,72803.62,1775912987000
1775912989.416,289.416,0.01,0.01,0.99,0.99,0.0,0.0,72803.7,1775912988000
1775912990.238,290.238,0.01,0.01,0.99,0.99,0.0,0.0,72804.67,1775912989000
1775912991.426,291.426,0.01,0.01,0.99,0.99,0.0,0.0,72804.67,1775912990000
1775912992.186,292.186,0.01,0.01,0.99,0.99,0.0,0.0,72804.67,1775912990000
1775912992.984,292.984,0.01,0.01,0.99,0.99,0.0,0.0,72789.68,1775912992000
1775912993.447,293.447,0.01,0.01,0.99,0.99,0.0,0.0,72789.68,1775912992000
1775912994.044,294.044,0.01,0.01,0.99,0.99,0.0,0.0,72784.72,1775912993000
1775912994.458,294.458,0.01,0.01,0.99,0.99,0.0,0.0,72784.72,1775912993000
1775912995.176,295.176,0.01,0.01,0.99,0.99,0.0,0.0,72784.03,1775912994000
1775912995.66,295.66,0.01,0.01,0.99,0.99,0.0,0.0,72784.03,1775912994000
1775912996.132,296.132,0.01,0.01,0.99,0.99,0.0,0.0,72784.03,1775912994000
1775912997.099,297.099,0.01,0.01,0.99,0.99,0.0,0.0,72784.36,1775912995000
1775912998.342,298.342,0.01,0.01,0.99,0.99,0.0,0.0,72784.05,1775912997000
1775912998.936,298.936,0.01,0.01,0.99,0.99,0.0,0.0,72784.05,1775912998000
1775913000.065,300.065,0.01,0.01,0.99,0.99,0.0,0.0,72784.18,1775912999000
1775913000.438,300.438,0.01,0.01,0.99,0.99,0.0,0.0,72784.18,1775912999000
1775913001.086,301.086,0.01,0.01,0.99,0.99,0.0,0.0,72784.18,1775913000000
1775913002.567,302.567,0.01,0.01,0.99,0.99,0.0,0.0,72784.18,1775913001000

# RESULT,winner=Down,slug=btc-updown-5m-1775912700,ticks=686
