timestamp,elapsed_sec,up_bid,up_ask,down_bid,down_ask,up_spread,down_spread,btc_price,btc_oracle_ts
1776399900.622,0.622,0.5,0.52,0.48,0.49,0.02,0.01,74762.47,1776399899000
1776399901.145,1.145,0.48,0.49,0.51,0.52,0.01,0.01,74759.37,1776399900000
1776399901.541,1.541,0.47,0.48,0.51,0.52,0.01,0.01,74759.37,1776399900000
1776399901.951,1.951,0.47,0.48,0.52,0.53,0.01,0.01,74759.37,1776399900000
1776399902.284,2.284,0.47,0.48,0.52,0.53,0.01,0.01,74759.37,1776399900000
1776399902.759,2.759,0.47,0.48,0.52,0.53,0.01,0.01,74751.19,1776399901000
1776399903.322,3.322,0.46,0.47,0.53,0.54,0.01,0.01,74751.19,1776399901000
1776399903.76,3.76,0.44,0.45,0.55,0.56,0.01,0.01,74751.19,1776399901000
1776399904.124,4.124,0.44,0.45,0.55,0.56,0.01,0.01,74750.46,1776399902000
1776399904.615,4.615,0.43,0.44,0.56,0.57,0.01,0.01,74749.28,1776399903000
1776399904.979,4.979,0.43,0.44,0.56,0.57,0.01,0.01,74749.28,1776399903000
1776399905.321,5.321,0.42,0.44,0.56,0.57,0.02,0.01,74749.28,1776399903000
1776399905.759,5.759,0.42,0.43,0.57,0.58,0.01,0.01,74748.87,1776399904000
1776399906.107,6.107,0.42,0.43,0.57,0.58,0.01,0.01,74748.87,1776399904000
1776399906.585,6.585,0.42,0.43,0.57,0.58,0.01,0.01,74747.51,1776399905000
1776399907.113,7.113,0.42,0.43,0.57,0.58,0.01,0.01,74747.51,1776399905000
1776399907.528,7.528,0.42,0.43,0.57,0.58,0.01,0.01,74747.51,1776399905000
1776399907.865,7.865,0.42,0.43,0.57,0.58,0.01,0.01,74746.3,1776399906000
1776399908.247,8.247,0.42,0.43,0.57,0.58,0.01,0.01,74746.3,1776399906000
1776399908.697,8.697,0.41,0.42,0.57,0.59,0.01,0.02,74746.3,1776399907000
1776399909.094,9.094,0.41,0.42,0.58,0.59,0.01,0.01,74746.3,1776399907000
1776399909.479,9.479,0.41,0.42,0.58,0.59,0.01,0.01,74748.33,1776399908000
1776399909.924,9.924,0.41,0.42,0.58,0.59,0.01,0.01,74748.33,1776399908000
1776399910.268,10.268,0.39,0.41,0.59,0.64,0.02,0.05,74748.33,1776399908000
1776399910.722,10.722,0.36,0.37,0.63,0.64,0.01,0.01,74746.05,1776399909000
1776399911.133,11.133,0.36,0.37,0.63,0.64,0.01,0.01,74746.05,1776399909000
1776399911.538,11.538,0.36,0.37,0.63,0.64,0.01,0.01,74746.97,1776399910000
1776399911.906,11.906,0.29,0.3,0.69,0.71,0.01,0.02,74746.97,1776399910000
1776399912.245,12.245,0.28,0.29,0.7,0.72,0.01,0.02,74746.97,1776399910000
1776399912.597,12.597,0.28,0.29,0.71,0.72,0.01,0.01,74745.06,1776399911000
1776399912.952,12.952,0.28,0.29,0.71,0.72,0.01,0.01,74745.06,1776399911000
1776399913.497,13.497,0.28,0.29,0.71,0.72,0.01,0.01,74745.06,1776399911000
1776399913.866,13.866,0.28,0.29,0.71,0.72,0.01,0.01,74745.06,1776399911000
1776399914.419,14.419,0.28,0.29,0.71,0.72,0.01,0.01,74741.15,1776399912000
1776399914.932,14.932,0.28,0.29,0.71,0.72,0.01,0.01,74735.18,1776399913000
1776399915.456,15.456,0.28,0.29,0.71,0.72,0.01,0.01,74735.05,1776399914000
1776399915.855,15.855,0.28,0.29,0.71,0.72,0.01,0.01,74735.05,1776399914000
1776399916.213,16.213,0.28,0.29,0.71,0.72,0.01,0.01,74735.1,1776399915000
1776399916.645,16.645,0.28,0.29,0.71,0.72,0.01,0.01,74735.1,1776399915000
1776399917.018,17.018,0.32,0.33,0.67,0.68,0.01,0.01,74735.1,1776399915000
1776399917.433,17.433,0.33,0.34,0.66,0.67,0.01,0.01,74735.1,1776399915000
1776399917.771,17.771,0.33,0.34,0.66,0.67,0.01,0.01,74735.42,1776399916000
1776399918.215,18.215,0.34,0.35,0.65,0.67,0.01,0.02,74735.42,1776399916000
1776399918.867,18.867,0.34,0.35,0.65,0.66,0.01,0.01,74736.58,1776399917000
1776399919.231,19.231,0.34,0.35,0.65,0.66,0.01,0.01,74736.58,1776399917000
1776399920.104,20.104,0.34,0.35,0.65,0.66,0.01,0.01,74738.28,1776399918000
1776399920.532,20.532,0.34,0.35,0.65,0.66,0.01,0.01,74738.28,1776399919000
1776399920.978,20.978,0.34,0.35,0.65,0.66,0.01,0.01,74738.28,1776399919000
1776399921.392,21.392,0.34,0.35,0.65,0.66,0.01,0.01,74738.28,1776399919000
1776399921.727,21.727,0.34,0.35,0.65,0.66,0.01,0.01,74738.28,1776399919000
1776399922.068,22.068,0.34,0.35,0.65,0.66,0.01,0.01,74738.28,1776399920000
1776399922.462,22.462,0.34,0.35,0.65,0.66,0.01,0.01,74738.28,1776399920000
1776399922.862,22.862,0.33,0.34,0.66,0.67,0.01,0.01,74738.28,1776399920000
1776399923.247,23.247,0.33,0.34,0.66,0.67,0.01,0.01,74738.28,1776399921000
1776399923.607,23.607,0.33,0.34,0.66,0.67,0.01,0.01,74738.28,1776399922000
1776399924.195,24.195,0.33,0.34,0.66,0.67,0.01,0.01,74738.28,1776399922000
1776399924.728,24.728,0.33,0.34,0.66,0.67,0.01,0.01,74738.28,1776399922000
1776399925.377,25.377,0.33,0.34,0.66,0.67,0.01,0.01,74738.41,1776399923000
1776399925.745,25.745,0.33,0.34,0.66,0.67,0.01,0.01,74738.41,1776399924000
1776399926.115,26.115,0.33,0.34,0.66,0.67,0.01,0.01,74738.41,1776399924000
1776399926.455,26.455,0.34,0.36,0.64,0.67,0.02,0.03,74738.41,1776399925000
1776399926.808,26.808,0.35,0.36,0.64,0.65,0.01,0.01,74738.41,1776399925000
1776399927.402,27.402,0.35,0.36,0.64,0.65,0.01,0.01,74738.39,1776399926000
1776399927.772,27.772,0.36,0.37,0.63,0.64,0.01,0.01,74738.39,1776399926000
1776399928.208,28.208,0.36,0.37,0.63,0.64,0.01,0.01,74738.39,1776399926000
1776399928.73,28.73,0.36,0.37,0.63,0.64,0.01,0.01,74738.5,1776399927000
1776399929.151,29.151,0.35,0.37,0.63,0.64,0.02,0.01,74738.5,1776399927000
1776399929.578,29.578,0.35,0.36,0.64,0.65,0.01,0.01,74738.39,1776399928000
1776399930.105,30.105,0.35,0.36,0.64,0.65,0.01,0.01,74738.39,1776399929000
1776399930.471,30.471,0.34,0.35,0.65,0.66,0.01,0.01,74738.39,1776399929000
1776399930.837,30.837,0.33,0.35,0.65,0.66,0.02,0.01,74738.39,1776399929000
1776399931.334,31.334,0.29,0.34,0.66,0.67,0.05,0.01,74738.39,1776399929000
1776399931.7,31.7,0.29,0.34,0.66,0.71,0.05,0.05,74738.28,1776399930000
1776399932.049,32.049,0.31,0.32,0.68,0.69,0.01,0.01,74738.28,1776399930000
1776399932.393,32.393,0.31,0.32,0.68,0.69,0.01,0.01,74738.25,1776399931000
1776399932.733,32.733,0.31,0.32,0.68,0.69,0.01,0.01,74738.25,1776399931000
1776399933.125,33.125,0.31,0.32,0.68,0.69,0.01,0.01,74738.28,1776399932000
1776399933.692,33.692,0.32,0.33,0.67,0.68,0.01,0.01,74738.28,1776399932000
1776399934.073,34.073,0.32,0.33,0.67,0.68,0.01,0.01,74738.28,1776399932000
1776399934.434,34.434,0.32,0.33,0.67,0.68,0.01,0.01,74738.28,1776399933000
1776399934.955,34.955,0.31,0.32,0.67,0.69,0.01,0.02,74738.28,1776399933000
1776399935.51,35.51,0.31,0.32,0.68,0.69,0.01,0.01,74738.39,1776399934000
1776399936.155,36.155,0.31,0.32,0.68,0.69,0.01,0.01,74738.39,1776399934000
1776399936.755,36.755,0.33,0.34,0.66,0.67,0.01,0.01,74738.39,1776399935000
1776399937.143,37.143,0.31,0.33,0.66,0.68,0.02,0.02,74738.39,1776399935000
1776399937.856,37.856,0.32,0.33,0.67,0.68,0.01,0.01,74738.39,1776399936000
1776399938.4,38.4,0.32,0.33,0.67,0.68,0.01,0.01,74738.39,1776399937000
1776399938.788,38.788,0.32,0.33,0.67,0.68,0.01,0.01,74738.39,1776399937000
1776399939.18,39.18,0.32,0.33,0.67,0.68,0.01,0.01,74738.39,1776399937000
1776399939.843,39.843,0.31,0.33,0.67,0.68,0.02,0.01,74738.39,1776399937000
1776399940.458,40.458,0.31,0.33,0.67,0.69,0.02,0.02,74738.39,1776399939000
1776399940.817,40.817,0.32,0.33,0.67,0.68,0.01,0.01,74738.39,1776399939000
1776399941.517,41.517,0.31,0.32,0.67,0.68,0.01,0.01,74738.39,1776399939000
1776399941.976,41.976,0.31,0.32,0.68,0.69,0.01,0.01,74738.39,1776399940000
1776399942.482,42.482,0.31,0.32,0.68,0.69,0.01,0.01,74738.5,1776399941000
1776399942.874,42.874,0.31,0.32,0.68,0.69,0.01,0.01,74738.5,1776399941000
1776399943.217,43.217,0.31,0.33,0.67,0.69,0.02,0.02,74738.5,1776399942000
1776399943.647,43.647,0.33,0.34,0.66,0.67,0.01,0.01,74738.5,1776399942000
1776399944.01,44.01,0.33,0.34,0.66,0.67,0.01,0.01,74738.5,1776399942000
1776399944.768,44.768,0.33,0.34,0.66,0.67,0.01,0.01,74738.5,1776399943000
1776399945.252,45.252,0.33,0.34,0.66,0.67,0.01,0.01,74738.5,1776399944000
1776399945.676,45.676,0.33,0.34,0.66,0.67,0.01,0.01,74738.5,1776399944000
1776399946.291,46.291,0.33,0.34,0.66,0.67,0.01,0.01,74738.5,1776399944000
1776399946.891,46.891,0.32,0.33,0.66,0.67,0.01,0.01,74738.56,1776399945000
1776399947.365,47.365,0.31,0.33,0.67,0.68,0.02,0.01,74738.56,1776399945000
1776399947.924,47.924,0.31,0.32,0.67,0.69,0.01,0.02,74738.5,1776399946000
1776399949.025,49.025,0.31,0.32,0.68,0.69,0.01,0.01,74737.99,1776399948000
1776399949.514,49.514,0.31,0.32,0.68,0.69,0.01,0.01,74737.99,1776399948000
1776399950.02,50.02,0.31,0.32,0.68,0.69,0.01,0.01,74737.37,1776399949000
1776399950.426,50.426,0.31,0.32,0.68,0.69,0.01,0.01,74737.37,1776399949000
1776399951.121,51.121,0.31,0.32,0.68,0.69,0.01,0.01,74737.43,1776399950000
1776399951.484,51.484,0.28,0.29,0.69,0.72,0.01,0.03,74737.43,1776399950000
1776399951.955,51.955,0.28,0.29,0.71,0.72,0.01,0.01,74737.43,1776399950000
1776399952.384,52.384,0.28,0.29,0.71,0.72,0.01,0.01,74737.48,1776399951000
1776399952.867,52.867,0.28,0.29,0.71,0.72,0.01,0.01,74737.48,1776399951000
1776399953.226,53.226,0.28,0.29,0.71,0.72,0.01,0.01,74737.15,1776399952000
1776399953.619,53.619,0.28,0.29,0.71,0.72,0.01,0.01,74737.15,1776399952000
1776399954.238,54.238,0.28,0.29,0.71,0.72,0.01,0.01,74737.1,1776399953000
1776399954.585,54.585,0.28,0.29,0.71,0.72,0.01,0.01,74737.1,1776399953000
1776399955.177,55.177,0.28,0.31,0.71,0.72,0.03,0.01,74737.1,1776399953000
1776399955.901,55.901,0.29,0.3,0.69,0.72,0.01,0.03,74736.74,1776399954000
1776399956.614,56.614,0.29,0.3,0.7,0.71,0.01,0.01,74736.74,1776399954000
1776399957.054,57.054,0.28,0.29,0.7,0.72,0.01,0.02,74736.57,1776399955000
1776399957.426,57.426,0.28,0.29,0.71,0.72,0.01,0.01,74736.57,1776399956000
1776399957.79,57.79,0.28,0.29,0.71,0.72,0.01,0.01,74736.57,1776399956000
1776399958.593,58.593,0.28,0.29,0.71,0.72,0.01,0.01,74736.48,1776399957000
1776399959.026,59.026,0.29,0.3,0.7,0.71,0.01,0.01,74736.48,1776399957000
1776399959.731,59.731,0.29,0.3,0.7,0.71,0.01,0.01,74736.48,1776399958000
1776399960.372,60.372,0.29,0.3,0.7,0.71,0.01,0.01,74736.48,1776399958000
1776399960.776,60.776,0.29,0.3,0.7,0.71,0.01,0.01,74736.68,1776399959000
1776399961.254,61.254,0.28,0.29,0.71,0.72,0.01,0.01,74736.68,1776399960000
1776399961.634,61.634,0.28,0.29,0.71,0.72,0.01,0.01,74736.68,1776399960000
1776399962.126,62.126,0.28,0.29,0.71,0.72,0.01,0.01,74736.68,1776399960000
1776399962.486,62.486,0.28,0.29,0.71,0.72,0.01,0.01,74736.68,1776399961000
1776399962.839,62.839,0.28,0.29,0.71,0.72,0.01,0.01,74736.68,1776399961000
1776399963.331,63.331,0.28,0.29,0.71,0.72,0.01,0.01,74736.68,1776399961000
1776399963.725,63.725,0.28,0.29,0.71,0.72,0.01,0.01,74735.99,1776399962000
1776399964.163,64.163,0.28,0.29,0.71,0.72,0.01,0.01,74735.99,1776399962000
1776399964.804,64.804,0.27,0.28,0.71,0.72,0.01,0.01,74735.99,1776399963000
1776399965.184,65.184,0.27,0.28,0.72,0.73,0.01,0.01,74735.99,1776399963000
1776399965.715,65.715,0.27,0.28,0.72,0.73,0.01,0.01,74735.99,1776399964000
1776399966.064,66.064,0.27,0.29,0.72,0.73,0.02,0.01,74736.07,1776399965000
1776399966.534,66.534,0.27,0.28,0.72,0.73,0.01,0.01,74736.07,1776399965000
1776399966.939,66.939,0.27,0.29,0.72,0.73,0.02,0.01,74736.07,1776399965000
1776399967.324,67.324,0.28,0.29,0.71,0.73,0.01,0.02,74736.07,1776399966000
1776399968.117,68.117,0.27,0.28,0.72,0.73,0.01,0.01,74736.07,1776399966000
1776399968.807,68.807,0.26,0.27,0.72,0.74,0.01,0.02,74736.07,1776399967000
1776399969.201,69.201,0.26,0.27,0.73,0.74,0.01,0.01,74736.07,1776399967000
1776399969.549,69.549,0.26,0.27,0.73,0.74,0.01,0.01,74735.83,1776399968000
1776399970.171,70.171,0.26,0.27,0.73,0.74,0.01,0.01,74735.83,1776399969000
1776399970.671,70.671,0.26,0.27,0.73,0.74,0.01,0.01,74735.83,1776399969000
1776399971.043,71.043,0.26,0.27,0.73,0.74,0.01,0.01,74735.83,1776399969000
1776399971.377,71.377,0.26,0.27,0.73,0.74,0.01,0.01,74735.63,1776399970000
1776399971.724,71.724,0.27,0.28,0.72,0.73,0.01,0.01,74735.63,1776399970000
1776399972.075,72.075,0.27,0.28,0.72,0.73,0.01,0.01,74735.63,1776399970000
1776399972.483,72.483,0.28,0.29,0.71,0.72,0.01,0.01,74735.63,1776399970000
1776399972.881,72.881,0.28,0.29,0.71,0.72,0.01,0.01,74735.39,1776399971000
1776399973.246,73.246,0.28,0.29,0.71,0.72,0.01,0.01,74735.39,1776399972000
1776399973.79,73.79,0.28,0.29,0.71,0.72,0.01,0.01,74735.39,1776399972000
1776399974.334,74.334,0.28,0.29,0.71,0.72,0.01,0.01,74735.56,1776399973000
1776399974.819,74.819,0.28,0.29,0.71,0.72,0.01,0.01,74735.56,1776399973000
1776399975.277,75.277,0.28,0.29,0.71,0.72,0.01,0.01,74736.32,1776399974000
1776399975.968,75.968,0.28,0.29,0.71,0.72,0.01,0.01,74736.32,1776399974000
1776399977.12,77.12,0.28,0.29,0.71,0.72,0.01,0.01,74737.39,1776399976000
1776399977.453,77.453,0.28,0.29,0.71,0.72,0.01,0.01,74737.39,1776399976000
1776399978.246,78.246,0.28,0.29,0.71,0.72,0.01,0.01,74737.39,1776399976000
1776399978.698,78.698,0.28,0.29,0.71,0.72,0.01,0.01,74737.39,1776399977000
1776399979.253,79.253,0.28,0.3,0.7,0.72,0.02,0.02,74737.39,1776399978000
1776399979.765,79.765,0.29,0.3,0.7,0.71,0.01,0.01,74737.39,1776399978000
1776399980.306,80.306,0.29,0.3,0.7,0.71,0.01,0.01,74737.39,1776399979000
1776399981.106,81.106,0.29,0.3,0.7,0.71,0.01,0.01,74737.39,1776399979000
1776399981.563,81.563,0.29,0.3,0.7,0.71,0.01,0.01,74737.39,1776399980000
1776399982.282,82.282,0.29,0.3,0.7,0.71,0.01,0.01,74737.39,1776399981000
1776399982.634,82.634,0.29,0.3,0.7,0.71,0.01,0.01,74737.39,1776399981000
1776399982.977,82.977,0.28,0.29,0.71,0.72,0.01,0.01,74737.39,1776399981000
1776399983.355,83.355,0.28,0.29,0.71,0.72,0.01,0.01,74737.39,1776399982000
1776399984.04,84.04,0.27,0.28,0.71,0.73,0.01,0.02,74737.39,1776399982000
1776399984.535,84.535,0.27,0.28,0.72,0.73,0.01,0.01,74737.39,1776399982000
1776399984.963,84.963,0.27,0.28,0.72,0.73,0.01,0.01,74736.28,1776399983000
1776399985.411,85.411,0.27,0.28,0.72,0.73,0.01,0.01,74735.51,1776399984000
1776399985.762,85.762,0.27,0.28,0.72,0.73,0.01,0.01,74735.51,1776399984000
1776399986.541,86.541,0.26,0.28,0.72,0.73,0.02,0.01,74734.91,1776399985000
1776399986.879,86.879,0.25,0.26,0.74,0.75,0.01,0.01,74734.91,1776399985000
1776399987.415,87.415,0.25,0.26,0.74,0.75,0.01,0.01,74734.91,1776399986000
1776399987.871,87.871,0.25,0.26,0.74,0.75,0.01,0.01,74734.91,1776399986000
1776399988.342,88.342,0.24,0.25,0.74,0.76,0.01,0.02,74734.81,1776399987000
1776399988.89,88.89,0.24,0.25,0.75,0.76,0.01,0.01,74733.93,1776399988000
1776399989.246,89.246,0.24,0.25,0.75,0.76,0.01,0.01,74733.93,1776399988000
1776399989.685,89.685,0.24,0.25,0.75,0.76,0.01,0.01,74733.93,1776399988000
1776399990.066,90.066,0.24,0.25,0.75,0.76,0.01,0.01,74733.07,1776399989000
1776399990.418,90.418,0.24,0.25,0.75,0.76,0.01,0.01,74733.07,1776399989000
1776399991.007,91.007,0.24,0.25,0.75,0.76,0.01,0.01,74732.21,1776399990000
1776399991.353,91.353,0.24,0.25,0.75,0.76,0.01,0.01,74732.21,1776399990000
1776399991.761,91.761,0.35,0.36,0.64,0.66,0.01,0.02,74732.21,1776399990000
1776399992.103,92.103,0.37,0.39,0.61,0.63,0.02,0.02,74732.21,1776399991000
1776399992.462,92.462,0.39,0.4,0.6,0.62,0.01,0.02,74732.21,1776399991000
1776399992.827,92.827,0.43,0.44,0.56,0.57,0.01,0.01,74732.21,1776399991000
1776399993.207,93.207,0.44,0.45,0.55,0.56,0.01,0.01,74738.56,1776399992000
1776399993.597,93.597,0.46,0.47,0.53,0.54,0.01,0.01,74738.56,1776399992000
1776399994.032,94.032,0.46,0.47,0.53,0.54,0.01,0.01,74738.56,1776399992000
1776399994.396,94.396,0.46,0.47,0.53,0.54,0.01,0.01,74748.66,1776399993000
1776399994.765,94.765,0.47,0.48,0.52,0.53,0.01,0.01,74748.66,1776399993000
1776399995.19,95.19,0.48,0.49,0.52,0.53,0.01,0.01,74748.66,1776399993000
1776399995.599,95.599,0.49,0.5,0.5,0.51,0.01,0.01,74750.78,1776399994000
1776399995.963,95.963,0.49,0.5,0.5,0.51,0.01,0.01,74750.78,1776399994000
1776399996.348,96.348,0.49,0.5,0.5,0.51,0.01,0.01,74752.26,1776399995000
1776399996.802,96.802,0.49,0.5,0.5,0.51,0.01,0.01,74752.26,1776399995000
1776399997.168,97.168,0.49,0.5,0.5,0.51,0.01,0.01,74754.95,1776399996000
1776399997.554,97.554,0.48,0.49,0.51,0.52,0.01,0.01,74754.95,1776399996000
1776399997.942,97.942,0.48,0.49,0.51,0.52,0.01,0.01,74754.95,1776399996000
1776399998.38,98.38,0.48,0.49,0.51,0.52,0.01,0.01,74753.49,1776399997000
1776399998.813,98.813,0.47,0.48,0.52,0.53,0.01,0.01,74753.49,1776399997000
1776399999.164,99.164,0.47,0.48,0.52,0.53,0.01,0.01,74753.49,1776399997000
1776399999.534,99.534,0.46,0.48,0.52,0.53,0.02,0.01,74753.49,1776399998000
1776400000.056,100.056,0.45,0.47,0.53,0.54,0.02,0.01,74753.49,1776399998000
1776400000.581,100.581,0.45,0.46,0.53,0.55,0.01,0.02,74753.49,1776399999000
1776400001.023,101.023,0.43,0.45,0.55,0.56,0.02,0.01,74753.49,1776399999000
1776400001.482,101.482,0.42,0.44,0.56,0.57,0.02,0.01,74753.49,1776400000000
1776400001.881,101.881,0.42,0.43,0.57,0.58,0.01,0.01,74753.49,1776400000000
1776400002.275,102.275,0.42,0.43,0.57,0.58,0.01,0.01,74753.49,1776400000000
1776400002.685,102.685,0.42,0.43,0.57,0.58,0.01,0.01,74753.53,1776400001000
1776400003.109,103.109,0.42,0.43,0.57,0.58,0.01,0.01,74753.53,1776400001000
1776400003.454,103.454,0.42,0.43,0.57,0.58,0.01,0.01,74752.9,1776400002000
1776400003.859,103.859,0.41,0.42,0.58,0.59,0.01,0.01,74752.9,1776400003000
1776400004.412,104.412,0.41,0.42,0.58,0.59,0.01,0.01,74752.9,1776400003000
1776400004.798,104.798,0.41,0.43,0.58,0.59,0.02,0.01,74752.9,1776400003000
1776400005.374,105.374,0.42,0.43,0.57,0.59,0.01,0.02,74752.68,1776400004000
1776400005.961,105.961,0.42,0.44,0.57,0.58,0.02,0.01,74752.68,1776400004000
1776400006.464,106.464,0.43,0.44,0.56,0.57,0.01,0.01,74752.77,1776400005000
1776400006.813,106.813,0.46,0.47,0.54,0.57,0.01,0.03,74752.77,1776400005000
1776400007.469,107.469,0.46,0.47,0.53,0.54,0.01,0.01,74752.77,1776400006000
1776400008.01,108.01,0.46,0.47,0.53,0.54,0.01,0.01,74752.77,1776400006000
1776400008.533,108.533,0.46,0.47,0.53,0.54,0.01,0.01,74753.73,1776400007000
1776400009.152,109.152,0.46,0.47,0.53,0.54,0.01,0.01,74753.73,1776400007000
1776400009.512,109.512,0.46,0.47,0.53,0.54,0.01,0.01,74753.17,1776400008000
1776400009.892,109.892,0.48,0.49,0.51,0.53,0.01,0.02,74753.17,1776400008000
1776400010.277,110.277,0.49,0.5,0.5,0.51,0.01,0.01,74754.4,1776400009000
1776400010.616,110.616,0.49,0.5,0.5,0.51,0.01,0.01,74754.4,1776400009000
1776400011.551,111.551,0.49,0.5,0.5,0.51,0.01,0.01,74754.4,1776400009000
1776400012.148,112.148,0.49,0.5,0.5,0.51,0.01,0.01,74753.87,1776400010000
1776400012.762,112.762,0.49,0.5,0.5,0.51,0.01,0.01,74755.68,1776400011000
1776400013.37,113.37,0.49,0.5,0.5,0.51,0.01,0.01,74754.69,1776400012000
1776400013.978,113.978,0.49,0.5,0.5,0.51,0.01,0.01,74754.69,1776400012000
1776400014.348,114.348,0.49,0.5,0.5,0.51,0.01,0.01,74754.69,1776400012000
1776400015.065,115.065,0.49,0.5,0.5,0.51,0.01,0.01,74755.68,1776400014000
1776400015.853,115.853,0.49,0.5,0.5,0.51,0.01,0.01,74755.68,1776400014000
1776400016.487,116.487,0.49,0.5,0.5,0.51,0.01,0.01,74755.68,1776400015000
1776400017.11,117.11,0.49,0.5,0.5,0.51,0.01,0.01,74755.68,1776400016000
1776400017.477,117.477,0.49,0.5,0.5,0.51,0.01,0.01,74755.68,1776400016000
1776400018.157,118.157,0.49,0.5,0.5,0.51,0.01,0.01,74755.68,1776400017000
1776400018.524,118.524,0.49,0.5,0.5,0.51,0.01,0.01,74755.68,1776400017000
1776400019.044,119.044,0.49,0.5,0.5,0.51,0.01,0.01,74755.68,1776400017000
1776400019.97,119.97,0.49,0.5,0.5,0.51,0.01,0.01,74755.68,1776400018000
1776400020.336,120.336,0.49,0.5,0.5,0.51,0.01,0.01,74755.92,1776400019000
1776400020.9,120.9,0.49,0.5,0.5,0.51,0.01,0.01,74755.92,1776400019000
1776400021.25,121.25,0.49,0.5,0.5,0.51,0.01,0.01,74755.92,1776400019000
1776400021.723,121.723,0.49,0.5,0.5,0.51,0.01,0.01,74756.26,1776400020000
1776400022.232,122.232,0.49,0.5,0.5,0.51,0.01,0.01,74756.07,1776400021000
1776400022.889,122.889,0.49,0.5,0.5,0.51,0.01,0.01,74756.07,1776400021000
1776400023.244,123.244,0.47,0.5,0.5,0.51,0.03,0.01,74755.4,1776400022000
1776400023.907,123.907,0.48,0.5,0.5,0.51,0.02,0.01,74755.4,1776400022000
1776400024.467,124.467,0.48,0.5,0.5,0.52,0.02,0.02,74755.62,1776400023000
1776400025.21,125.21,0.48,0.49,0.5,0.52,0.01,0.02,74755.62,1776400023000
1776400025.569,125.569,0.48,0.49,0.51,0.52,0.01,0.01,74755.62,1776400023000
1776400025.909,125.909,0.48,0.49,0.51,0.52,0.01,0.01,74756.71,1776400024000
1776400026.544,126.544,0.48,0.49,0.51,0.52,0.01,0.01,74756.71,1776400025000
1776400027.179,127.179,0.49,0.5,0.51,0.52,0.01,0.01,74756.71,1776400025000
1776400027.591,127.591,0.49,0.5,0.5,0.51,0.01,0.01,74756.71,1776400025000
1776400028.247,128.247,0.49,0.5,0.5,0.51,0.01,0.01,74756.84,1776400027000
1776400029.252,129.252,0.49,0.5,0.5,0.51,0.01,0.01,74756.84,1776400027000
1776400029.591,129.591,0.47,0.48,0.5,0.51,0.01,0.01,74756.66,1776400028000
1776400029.978,129.978,0.42,0.45,0.53,0.56,0.03,0.03,74756.66,1776400028000
1776400030.319,130.319,0.41,0.43,0.57,0.59,0.02,0.02,74756.65,1776400029000
1776400030.787,130.787,0.41,0.42,0.58,0.59,0.01,0.01,74756.65,1776400029000
1776400031.414,131.414,0.41,0.43,0.58,0.59,0.02,0.01,74756.65,1776400029000
1776400031.848,131.848,0.44,0.45,0.56,0.57,0.01,0.01,74753.14,1776400030000
1776400032.268,132.268,0.47,0.48,0.53,0.54,0.01,0.01,74752.93,1776400031000
1776400032.825,132.825,0.49,0.5,0.5,0.53,0.01,0.03,74752.93,1776400031000
1776400033.165,133.165,0.51,0.52,0.48,0.49,0.01,0.01,74752.93,1776400031000
1776400033.507,133.507,0.52,0.53,0.47,0.48,0.01,0.01,74753.44,1776400032000
1776400033.84,133.84,0.53,0.54,0.46,0.47,0.01,0.01,74753.44,1776400032000
1776400034.424,134.424,0.53,0.54,0.46,0.47,0.01,0.01,74753.44,1776400032000
1776400035.158,135.158,0.54,0.56,0.44,0.46,0.02,0.02,74758.1,1776400034000
1776400035.554,135.554,0.55,0.56,0.44,0.45,0.01,0.01,74758.1,1776400034000
1776400036.169,136.169,0.55,0.56,0.44,0.45,0.01,0.01,74758.1,1776400034000
1776400036.566,136.566,0.55,0.56,0.44,0.45,0.01,0.01,74758.4,1776400035000
1776400036.939,136.939,0.55,0.56,0.44,0.45,0.01,0.01,74758.4,1776400035000
1776400037.424,137.424,0.54,0.56,0.44,0.45,0.02,0.01,74759.87,1776400036000
1776400037.761,137.761,0.55,0.56,0.44,0.45,0.01,0.01,74759.87,1776400036000
1776400038.176,138.176,0.55,0.56,0.44,0.45,0.01,0.01,74758.53,1776400037000
1776400039.57,139.57,0.51,0.52,0.44,0.49,0.01,0.05,74758.53,1776400037000
1776400040.21,140.21,0.51,0.52,0.48,0.49,0.01,0.01,74758.53,1776400038000
1776400040.85,140.85,0.51,0.52,0.48,0.49,0.01,0.01,74758.53,1776400039000
1776400041.212,141.212,0.52,0.53,0.47,0.49,0.01,0.02,74758.53,1776400039000
1776400041.997,141.997,0.52,0.53,0.47,0.48,0.01,0.01,74758.53,1776400039000
1776400042.355,142.355,0.52,0.53,0.47,0.48,0.01,0.01,74758.53,1776400039000
1776400042.971,142.971,0.51,0.53,0.47,0.48,0.02,0.01,74758.53,1776400039000
1776400043.468,143.468,0.51,0.53,0.48,0.49,0.02,0.01,74758.49,1776400042000
1776400044.144,144.144,0.52,0.54,0.47,0.49,0.02,0.02,74758.49,1776400042000
1776400044.544,144.544,0.53,0.54,0.46,0.48,0.01,0.02,74758.49,1776400042000
1776400045.032,145.032,0.53,0.54,0.46,0.47,0.01,0.01,74758.53,1776400043000
1776400045.888,145.888,0.53,0.55,0.46,0.47,0.02,0.01,74758.53,1776400044000
1776400046.285,146.285,0.54,0.55,0.45,0.47,0.01,0.02,74758.53,1776400044000
1776400046.786,146.786,0.54,0.55,0.45,0.46,0.01,0.01,74758.53,1776400045000
1776400047.238,147.238,0.54,0.55,0.45,0.46,0.01,0.01,74758.53,1776400045000
1776400048.276,148.276,0.54,0.55,0.45,0.46,0.01,0.01,74758.53,1776400047000
1776400048.839,148.839,0.55,0.58,0.45,0.46,0.03,0.01,74758.53,1776400047000
1776400049.218,149.218,0.6,0.64,0.36,0.42,0.04,0.06,74758.53,1776400048000
1776400049.589,149.589,0.63,0.64,0.35,0.38,0.01,0.03,74758.53,1776400048000
1776400049.922,149.922,0.64,0.65,0.35,0.36,0.01,0.01,74758.53,1776400048000
1776400050.295,150.295,0.64,0.65,0.35,0.36,0.01,0.01,74758.53,1776400048000
1776400050.696,150.696,0.64,0.65,0.35,0.36,0.01,0.01,74761.17,1776400049000
1776400051.196,151.196,0.65,0.66,0.34,0.35,0.01,0.01,74761.17,1776400049000
1776400051.567,151.567,0.65,0.66,0.34,0.35,0.01,0.01,74767.6,1776400050000
1776400051.955,151.955,0.65,0.66,0.34,0.35,0.01,0.01,74767.6,1776400050000
1776400052.342,152.342,0.65,0.66,0.34,0.35,0.01,0.01,74767.6,1776400050000
1776400052.714,152.714,0.66,0.67,0.34,0.35,0.01,0.01,74767.6,1776400050000
1776400053.11,153.11,0.66,0.67,0.33,0.34,0.01,0.01,74767.6,1776400051000
1776400053.457,153.457,0.66,0.67,0.33,0.34,0.01,0.01,74767.6,1776400052000
1776400053.878,153.878,0.66,0.67,0.33,0.34,0.01,0.01,74767.6,1776400052000
1776400054.212,154.212,0.66,0.67,0.33,0.34,0.01,0.01,74767.6,1776400052000
1776400054.677,154.677,0.66,0.67,0.33,0.34,0.01,0.01,74768.64,1776400053000
1776400055.047,155.047,0.66,0.67,0.33,0.34,0.01,0.01,74768.64,1776400053000
1776400055.472,155.472,0.66,0.67,0.33,0.34,0.01,0.01,74768.64,1776400053000
1776400056.054,156.054,0.66,0.67,0.33,0.34,0.01,0.01,74770.1,1776400054000
1776400056.452,156.452,0.66,0.67,0.33,0.34,0.01,0.01,74770.1,1776400054000
1776400056.885,156.885,0.66,0.67,0.33,0.34,0.01,0.01,74770.54,1776400055000
1776400057.281,157.281,0.66,0.67,0.33,0.34,0.01,0.01,74770.54,1776400055000
1776400057.798,157.798,0.66,0.67,0.33,0.34,0.01,0.01,74769.83,1776400056000
1776400058.135,158.135,0.66,0.67,0.33,0.34,0.01,0.01,74769.83,1776400056000
1776400058.487,158.487,0.66,0.67,0.33,0.34,0.01,0.01,74769.83,1776400056000
1776400058.839,158.839,0.66,0.67,0.33,0.34,0.01,0.01,74771.08,1776400057000
1776400059.175,159.175,0.66,0.67,0.33,0.34,0.01,0.01,74771.08,1776400057000
1776400059.526,159.526,0.66,0.67,0.33,0.34,0.01,0.01,74771.08,1776400057000
1776400059.918,159.918,0.66,0.67,0.33,0.34,0.01,0.01,74771.07,1776400058000
1776400060.291,160.291,0.63,0.66,0.34,0.37,0.03,0.03,74771.07,1776400058000
1776400060.677,160.677,0.64,0.65,0.34,0.37,0.01,0.03,74769.76,1776400059000
1776400061.069,161.069,0.63,0.64,0.35,0.37,0.01,0.02,74769.76,1776400059000
1776400061.412,161.412,0.63,0.64,0.36,0.37,0.01,0.01,74770.0,1776400060000
1776400061.748,161.748,0.63,0.64,0.36,0.37,0.01,0.01,74770.0,1776400060000
1776400062.154,162.154,0.63,0.65,0.36,0.37,0.02,0.01,74770.0,1776400060000
1776400062.56,162.56,0.64,0.65,0.35,0.36,0.01,0.01,74769.7,1776400061000
1776400063.005,163.005,0.64,0.65,0.35,0.36,0.01,0.01,74769.7,1776400061000
1776400063.348,163.348,0.64,0.65,0.35,0.36,0.01,0.01,74769.19,1776400062000
1776400063.691,163.691,0.65,0.66,0.34,0.36,0.01,0.02,74769.19,1776400062000
1776400064.061,164.061,0.65,0.66,0.34,0.35,0.01,0.01,74769.19,1776400062000
1776400065.152,165.152,0.65,0.66,0.34,0.35,0.01,0.01,74769.19,1776400063000
1776400065.517,165.517,0.65,0.66,0.34,0.35,0.01,0.01,74768.95,1776400064000
1776400065.855,165.855,0.65,0.66,0.34,0.35,0.01,0.01,74768.95,1776400064000
1776400066.43,166.43,0.64,0.65,0.35,0.36,0.01,0.01,74768.94,1776400065000
1776400066.766,166.766,0.64,0.65,0.35,0.36,0.01,0.01,74768.94,1776400065000
1776400067.099,167.099,0.64,0.65,0.35,0.36,0.01,0.01,74769.1,1776400066000
1776400067.479,167.479,0.64,0.65,0.35,0.36,0.01,0.01,74769.1,1776400066000
1776400067.82,167.82,0.64,0.65,0.35,0.36,0.01,0.01,74769.1,1776400066000
1776400068.165,168.165,0.64,0.65,0.35,0.36,0.01,0.01,74769.1,1776400066000
1776400068.525,168.525,0.64,0.65,0.35,0.36,0.01,0.01,74769.2,1776400067000
1776400068.88,168.88,0.64,0.65,0.35,0.36,0.01,0.01,74769.2,1776400067000
1776400069.236,169.236,0.65,0.66,0.34,0.36,0.01,0.02,74769.2,1776400067000
1776400069.581,169.581,0.65,0.66,0.34,0.35,0.01,0.01,74769.2,1776400068000
1776400069.953,169.953,0.64,0.65,0.35,0.36,0.01,0.01,74769.2,1776400068000
1776400070.348,170.348,0.64,0.65,0.35,0.36,0.01,0.01,74769.2,1776400068000
1776400070.684,170.684,0.64,0.66,0.34,0.36,0.02,0.02,74769.5,1776400069000
1776400071.045,171.045,0.65,0.66,0.34,0.35,0.01,0.01,74769.5,1776400069000
1776400071.573,171.573,0.65,0.67,0.34,0.35,0.02,0.01,74769.78,1776400070000
1776400071.919,171.919,0.65,0.67,0.33,0.35,0.02,0.02,74769.78,1776400070000
1776400072.308,172.308,0.66,0.67,0.33,0.34,0.01,0.01,74770.4,1776400071000
1776400072.658,172.658,0.66,0.67,0.33,0.34,0.01,0.01,74770.4,1776400071000
1776400073.27,173.27,0.66,0.67,0.33,0.34,0.01,0.01,74770.4,1776400071000
1776400073.694,173.694,0.65,0.66,0.33,0.35,0.01,0.02,74770.01,1776400072000
1776400074.385,174.385,0.65,0.66,0.34,0.35,0.01,0.01,74770.45,1776400073000
1776400074.823,174.823,0.65,0.66,0.34,0.35,0.01,0.01,74770.45,1776400073000
1776400075.167,175.167,0.67,0.68,0.32,0.33,0.01,0.01,74770.45,1776400073000
1776400075.536,175.536,0.67,0.68,0.32,0.33,0.01,0.01,74770.45,1776400073000
1776400076.113,176.113,0.69,0.7,0.3,0.31,0.01,0.01,74770.03,1776400074000
1776400076.614,176.614,0.69,0.7,0.3,0.31,0.01,0.01,74770.4,1776400075000
1776400077.011,177.011,0.69,0.7,0.3,0.31,0.01,0.01,74770.4,1776400075000
1776400077.485,177.485,0.69,0.7,0.3,0.31,0.01,0.01,74770.44,1776400076000
1776400077.828,177.828,0.69,0.7,0.3,0.31,0.01,0.01,74770.44,1776400076000
1776400078.203,178.203,0.69,0.71,0.29,0.31,0.02,0.02,74771.98,1776400077000
1776400078.648,178.648,0.7,0.71,0.29,0.3,0.01,0.01,74771.98,1776400077000
1776400079.039,179.039,0.7,0.71,0.29,0.3,0.01,0.01,74771.98,1776400077000
1776400079.516,179.516,0.69,0.71,0.29,0.3,0.02,0.01,74771.91,1776400078000
1776400079.917,179.917,0.7,0.71,0.29,0.3,0.01,0.01,74771.91,1776400078000
1776400080.309,180.309,0.69,0.7,0.3,0.31,0.01,0.01,74773.24,1776400079000
1776400080.661,180.661,0.71,0.72,0.26,0.31,0.01,0.05,74773.24,1776400079000
1776400081.234,181.234,0.71,0.72,0.28,0.29,0.01,0.01,74773.24,1776400079000
1776400081.571,181.571,0.71,0.72,0.28,0.29,0.01,0.01,74772.25,1776400080000
1776400081.949,181.949,0.71,0.72,0.28,0.29,0.01,0.01,74772.25,1776400080000
1776400082.291,182.291,0.71,0.72,0.28,0.29,0.01,0.01,74772.25,1776400080000
1776400082.717,182.717,0.71,0.72,0.28,0.29,0.01,0.01,74773.24,1776400081000
1776400083.128,183.128,0.71,0.72,0.28,0.29,0.01,0.01,74773.24,1776400081000
1776400083.497,183.497,0.71,0.72,0.28,0.29,0.01,0.01,74773.24,1776400082000
1776400083.917,183.917,0.7,0.71,0.28,0.3,0.01,0.02,74773.24,1776400082000
1776400084.265,184.265,0.7,0.71,0.29,0.3,0.01,0.01,74771.23,1776400083000
1776400084.884,184.884,0.7,0.71,0.29,0.3,0.01,0.01,74771.23,1776400083000
1776400085.248,185.248,0.7,0.71,0.29,0.3,0.01,0.01,74771.23,1776400083000
1776400085.953,185.953,0.7,0.71,0.29,0.3,0.01,0.01,74772.47,1776400085000
1776400086.323,186.323,0.7,0.71,0.29,0.3,0.01,0.01,74772.47,1776400085000
1776400087.016,187.016,0.7,0.71,0.29,0.3,0.01,0.01,74773.21,1776400086000
1776400088.0,188.0,0.71,0.72,0.28,0.3,0.01,0.02,74773.21,1776400086000
1776400088.369,188.369,0.7,0.72,0.28,0.3,0.02,0.02,74773.19,1776400087000
1776400089.077,189.077,0.7,0.71,0.29,0.3,0.01,0.01,74773.19,1776400087000
1776400089.417,189.417,0.7,0.71,0.29,0.3,0.01,0.01,74773.19,1776400087000
1776400089.874,189.874,0.69,0.71,0.29,0.3,0.02,0.01,74773.19,1776400087000
1776400090.439,190.439,0.69,0.7,0.3,0.31,0.01,0.01,74772.06,1776400088000
1776400090.804,190.804,0.69,0.7,0.3,0.31,0.01,0.01,74772.06,1776400088000
1776400091.162,191.162,0.69,0.7,0.3,0.31,0.01,0.01,74771.59,1776400089000
1776400091.807,191.807,0.69,0.7,0.3,0.31,0.01,0.01,74771.59,1776400089000
1776400092.201,192.201,0.69,0.7,0.3,0.31,0.01,0.01,74772.91,1776400090000
1776400092.771,192.771,0.69,0.7,0.3,0.31,0.01,0.01,74771.59,1776400091000
1776400093.463,193.463,0.69,0.7,0.3,0.31,0.01,0.01,74772.91,1776400092000
1776400093.818,193.818,0.69,0.7,0.3,0.31,0.01,0.01,74772.91,1776400092000
1776400094.725,194.725,0.69,0.7,0.3,0.31,0.01,0.01,74771.42,1776400093000
1776400095.306,195.306,0.69,0.7,0.3,0.31,0.01,0.01,74771.65,1776400094000
1776400095.646,195.646,0.69,0.7,0.3,0.31,0.01,0.01,74771.65,1776400094000
1776400096.252,196.252,0.69,0.7,0.3,0.31,0.01,0.01,74771.65,1776400094000
1776400096.971,196.971,0.69,0.7,0.3,0.31,0.01,0.01,74772.92,1776400095000
1776400097.414,197.414,0.69,0.7,0.3,0.31,0.01,0.01,74772.92,1776400096000
1776400098.141,198.141,0.69,0.7,0.3,0.31,0.01,0.01,74772.92,1776400096000
1776400098.559,198.559,0.69,0.7,0.3,0.31,0.01,0.01,74771.56,1776400097000
1776400098.992,198.992,0.69,0.72,0.3,0.31,0.03,0.01,74771.56,1776400097000
1776400099.491,199.491,0.7,0.71,0.29,0.3,0.01,0.01,74771.56,1776400097000
1776400100.104,200.104,0.7,0.71,0.29,0.3,0.01,0.01,74771.2,1776400099000
1776400100.612,200.612,0.7,0.71,0.29,0.3,0.01,0.01,74771.2,1776400099000
1776400101.004,201.004,0.7,0.71,0.29,0.3,0.01,0.01,74771.2,1776400099000
1776400101.347,201.347,0.7,0.71,0.29,0.3,0.01,0.01,74771.2,1776400099000
1776400101.849,201.849,0.68,0.72,0.28,0.29,0.04,0.01,74771.35,1776400100000
1776400102.234,202.234,0.64,0.65,0.35,0.36,0.01,0.01,74771.34,1776400101000
1776400102.57,202.57,0.57,0.63,0.37,0.43,0.06,0.06,74771.34,1776400101000
1776400102.917,202.917,0.5,0.55,0.45,0.48,0.05,0.03,74771.34,1776400101000
1776400103.288,203.288,0.5,0.51,0.49,0.5,0.01,0.01,74771.34,1776400102000
1776400103.647,203.647,0.5,0.51,0.49,0.51,0.01,0.02,74771.34,1776400102000
1776400104.057,204.057,0.48,0.49,0.51,0.53,0.01,0.02,74771.34,1776400102000
1776400104.418,204.418,0.47,0.48,0.52,0.53,0.01,0.01,74771.34,1776400102000
1776400104.755,204.755,0.51,0.54,0.48,0.49,0.03,0.01,74761.65,1776400103000
1776400105.093,205.093,0.53,0.55,0.45,0.47,0.02,0.02,74755.07,1776400104000
1776400105.427,205.427,0.55,0.56,0.44,0.45,0.01,0.01,74755.07,1776400104000
1776400105.79,205.79,0.55,0.56,0.44,0.45,0.01,0.01,74755.07,1776400104000
1776400106.136,206.136,0.55,0.56,0.44,0.45,0.01,0.01,74755.07,1776400104000
1776400106.611,206.611,0.55,0.56,0.44,0.45,0.01,0.01,74755.07,1776400104000
1776400106.96,206.96,0.55,0.56,0.44,0.45,0.01,0.01,74757.46,1776400105000
1776400107.488,207.488,0.55,0.56,0.44,0.45,0.01,0.01,74757.46,1776400105000
1776400108.003,208.003,0.56,0.57,0.43,0.44,0.01,0.01,74759.07,1776400106000
1776400108.491,208.491,0.56,0.58,0.42,0.44,0.02,0.02,74761.05,1776400107000
1776400108.967,208.967,0.57,0.58,0.42,0.44,0.01,0.02,74761.05,1776400107000
1776400109.448,209.448,0.57,0.58,0.42,0.43,0.01,0.01,74761.05,1776400107000
1776400110.199,210.199,0.57,0.58,0.42,0.43,0.01,0.01,74761.96,1776400109000
1776400110.574,210.574,0.57,0.58,0.42,0.43,0.01,0.01,74761.96,1776400109000
1776400111.023,211.023,0.57,0.58,0.42,0.43,0.01,0.01,74761.96,1776400109000
1776400111.379,211.379,0.54,0.57,0.43,0.44,0.03,0.01,74761.96,1776400109000
1776400111.915,211.915,0.54,0.57,0.43,0.46,0.03,0.03,74761.96,1776400110000
1776400112.267,212.267,0.55,0.56,0.44,0.45,0.01,0.01,74761.96,1776400110000
1776400112.658,212.658,0.55,0.56,0.44,0.45,0.01,0.01,74761.3,1776400111000
1776400113.372,213.372,0.55,0.56,0.44,0.45,0.01,0.01,74761.3,1776400111000
1776400114.098,214.098,0.55,0.56,0.44,0.45,0.01,0.01,74761.3,1776400112000
1776400115.001,215.001,0.55,0.56,0.44,0.45,0.01,0.01,74761.74,1776400113000
1776400115.375,215.375,0.55,0.56,0.44,0.45,0.01,0.01,74761.74,1776400113000
1776400115.849,215.849,0.55,0.56,0.44,0.45,0.01,0.01,74761.61,1776400114000
1776400116.259,216.259,0.55,0.56,0.44,0.45,0.01,0.01,74761.61,1776400114000
1776400116.692,216.692,0.55,0.56,0.44,0.45,0.01,0.01,74761.63,1776400115000
1776400117.208,217.208,0.55,0.58,0.44,0.45,0.03,0.01,74761.63,1776400115000
1776400117.927,217.927,0.58,0.59,0.41,0.42,0.01,0.01,74761.65,1776400116000
1776400118.353,218.353,0.58,0.59,0.41,0.42,0.01,0.01,74761.65,1776400116000
1776400119.105,219.105,0.58,0.59,0.41,0.42,0.01,0.01,74761.65,1776400117000
1776400119.63,219.63,0.58,0.59,0.41,0.42,0.01,0.01,74761.65,1776400117000
1776400120.256,220.256,0.58,0.59,0.41,0.42,0.01,0.01,74761.65,1776400118000
1776400120.632,220.632,0.58,0.59,0.41,0.42,0.01,0.01,74761.65,1776400118000
1776400121.17,221.17,0.58,0.59,0.41,0.42,0.01,0.01,74761.65,1776400119000
1776400121.622,221.622,0.58,0.59,0.41,0.42,0.01,0.01,74761.64,1776400120000
1776400122.107,222.107,0.58,0.59,0.41,0.42,0.01,0.01,74761.64,1776400120000
1776400122.471,222.471,0.58,0.59,0.41,0.42,0.01,0.01,74761.65,1776400121000
1776400122.849,222.849,0.58,0.59,0.41,0.42,0.01,0.01,74761.65,1776400121000
1776400123.328,223.328,0.58,0.61,0.41,0.42,0.03,0.01,74761.65,1776400121000
1776400123.777,223.777,0.59,0.6,0.4,0.41,0.01,0.01,74761.65,1776400122000
1776400124.177,224.177,0.6,0.62,0.39,0.4,0.02,0.01,74761.65,1776400122000
1776400124.579,224.579,0.6,0.62,0.38,0.4,0.02,0.02,74761.65,1776400123000
1776400124.95,224.95,0.61,0.62,0.38,0.39,0.01,0.01,74761.65,1776400123000
1776400125.322,225.322,0.61,0.62,0.38,0.39,0.01,0.01,74761.65,1776400124000
1776400125.813,225.813,0.61,0.62,0.38,0.39,0.01,0.01,74761.65,1776400124000
1776400126.16,226.16,0.61,0.62,0.38,0.39,0.01,0.01,74761.65,1776400124000
1776400126.611,226.611,0.59,0.61,0.37,0.4,0.02,0.03,74761.65,1776400124000
1776400127.167,227.167,0.62,0.63,0.37,0.4,0.01,0.03,74761.65,1776400124000
1776400127.533,227.533,0.63,0.64,0.36,0.38,0.01,0.02,74761.65,1776400126000
1776400128.25,228.25,0.63,0.64,0.36,0.37,0.01,0.01,74761.65,1776400126000
1776400128.673,228.673,0.62,0.64,0.37,0.38,0.02,0.01,74759.95,1776400127000
1776400129.133,229.133,0.63,0.64,0.36,0.37,0.01,0.01,74759.95,1776400127000
1776400129.61,229.61,0.62,0.63,0.36,0.37,0.01,0.01,74761.65,1776400128000
1776400130.013,230.013,0.64,0.66,0.35,0.38,0.02,0.03,74761.65,1776400128000
1776400130.358,230.358,0.68,0.7,0.31,0.32,0.02,0.01,74761.65,1776400129000
1776400130.715,230.715,0.74,0.76,0.24,0.26,0.02,0.02,74761.65,1776400129000
1776400131.053,231.053,0.75,0.77,0.24,0.25,0.02,0.01,74761.65,1776400129000
1776400131.392,231.392,0.77,0.78,0.22,0.23,0.01,0.01,74761.65,1776400130000
1776400131.77,231.77,0.77,0.78,0.22,0.23,0.01,0.01,74761.65,1776400130000
1776400132.198,232.198,0.78,0.79,0.22,0.23,0.01,0.01,74761.65,1776400130000
1776400132.584,232.584,0.78,0.79,0.21,0.22,0.01,0.01,74767.1,1776400131000
1776400132.921,232.921,0.78,0.79,0.21,0.22,0.01,0.01,74767.1,1776400131000
1776400133.346,233.346,0.78,0.79,0.21,0.22,0.01,0.01,74767.1,1776400131000
1776400133.722,233.722,0.78,0.79,0.21,0.22,0.01,0.01,74767.99,1776400132000
1776400134.07,234.07,0.78,0.79,0.21,0.22,0.01,0.01,74767.99,1776400132000
1776400134.602,234.602,0.77,0.79,0.21,0.22,0.02,0.01,74767.6,1776400133000
1776400135.147,235.147,0.78,0.79,0.21,0.22,0.01,0.01,74767.6,1776400133000
1776400135.732,235.732,0.79,0.8,0.2,0.22,0.01,0.02,74767.6,1776400134000
1776400136.081,236.081,0.79,0.8,0.2,0.21,0.01,0.01,74767.6,1776400134000
1776400136.56,236.56,0.76,0.8,0.2,0.21,0.04,0.01,74766.61,1776400135000
1776400137.088,237.088,0.74,0.78,0.22,0.23,0.04,0.01,74766.61,1776400135000
1776400137.661,237.661,0.7,0.77,0.23,0.25,0.07,0.02,74767.27,1776400136000
1776400138.214,238.214,0.73,0.74,0.26,0.27,0.01,0.01,74767.27,1776400136000
1776400138.625,238.625,0.73,0.74,0.26,0.27,0.01,0.01,74767.27,1776400137000
1776400139.018,239.018,0.75,0.77,0.24,0.25,0.02,0.01,74767.27,1776400137000
1776400139.364,239.364,0.77,0.78,0.22,0.23,0.01,0.01,74767.06,1776400138000
1776400139.849,239.849,0.71,0.72,0.25,0.26,0.01,0.01,74767.06,1776400138000
1776400140.214,240.214,0.58,0.64,0.33,0.37,0.06,0.04,74767.06,1776400138000
1776400140.568,240.568,0.57,0.58,0.42,0.43,0.01,0.01,74767.1,1776400139000
1776400140.942,240.942,0.56,0.57,0.42,0.44,0.01,0.02,74767.1,1776400139000
1776400141.326,241.326,0.55,0.56,0.44,0.46,0.01,0.02,74766.53,1776400140000
1776400141.719,241.719,0.57,0.58,0.42,0.43,0.01,0.01,74766.53,1776400140000
1776400142.089,242.089,0.58,0.59,0.41,0.43,0.01,0.02,74766.53,1776400140000
1776400142.498,242.498,0.58,0.59,0.41,0.42,0.01,0.01,74763.84,1776400141000
1776400142.956,242.956,0.59,0.6,0.4,0.42,0.01,0.02,74763.84,1776400141000
1776400143.962,243.962,0.59,0.6,0.4,0.41,0.01,0.01,74762.76,1776400142000
1776400144.317,244.317,0.59,0.6,0.4,0.41,0.01,0.01,74762.76,1776400142000
1776400144.703,244.703,0.59,0.6,0.4,0.41,0.01,0.01,74762.77,1776400143000
1776400145.44,245.44,0.59,0.6,0.4,0.41,0.01,0.01,74764.93,1776400144000
1776400145.806,245.806,0.6,0.61,0.4,0.41,0.01,0.01,74764.93,1776400144000
1776400146.592,246.592,0.62,0.63,0.39,0.4,0.01,0.01,74765.21,1776400145000
1776400147.17,247.17,0.64,0.65,0.36,0.37,0.01,0.01,74765.21,1776400145000
1776400147.517,247.517,0.64,0.65,0.35,0.36,0.01,0.01,74764.91,1776400146000
1776400147.882,247.882,0.66,0.67,0.33,0.35,0.01,0.02,74764.91,1776400146000
1776400148.401,248.401,0.66,0.67,0.33,0.34,0.01,0.01,74764.91,1776400146000
1776400148.874,248.874,0.66,0.67,0.33,0.34,0.01,0.01,74765.24,1776400147000
1776400149.209,249.209,0.65,0.66,0.34,0.35,0.01,0.01,74765.21,1776400148000
1776400149.543,249.543,0.66,0.67,0.33,0.34,0.01,0.01,74765.21,1776400148000
1776400149.939,249.939,0.66,0.67,0.33,0.34,0.01,0.01,74765.21,1776400148000
1776400150.274,250.274,0.67,0.68,0.32,0.33,0.01,0.01,74765.21,1776400149000
1776400150.742,250.742,0.67,0.68,0.3,0.33,0.01,0.03,74765.21,1776400149000
1776400151.357,251.357,0.67,0.68,0.32,0.33,0.01,0.01,74765.21,1776400150000
1776400151.765,251.765,0.67,0.68,0.32,0.33,0.01,0.01,74765.21,1776400150000
1776400152.104,252.104,0.64,0.67,0.33,0.34,0.03,0.01,74765.21,1776400151000
1776400152.486,252.486,0.64,0.65,0.35,0.36,0.01,0.01,74765.21,1776400151000
1776400152.943,252.943,0.64,0.65,0.35,0.36,0.01,0.01,74765.21,1776400151000
1776400153.375,253.375,0.64,0.65,0.35,0.36,0.01,0.01,74765.19,1776400152000
1776400153.973,253.973,0.64,0.65,0.35,0.36,0.01,0.01,74765.19,1776400152000
1776400154.385,254.385,0.64,0.65,0.35,0.36,0.01,0.01,74765.18,1776400153000
1776400155.215,255.215,0.64,0.65,0.35,0.36,0.01,0.01,74765.18,1776400153000
1776400155.761,255.761,0.64,0.65,0.35,0.36,0.01,0.01,74765.18,1776400154000
1776400156.096,256.096,0.65,0.66,0.34,0.35,0.01,0.01,74765.18,1776400155000
1776400156.435,256.435,0.71,0.75,0.22,0.3,0.04,0.08,74765.18,1776400155000
1776400157.113,257.113,0.76,0.77,0.23,0.24,0.01,0.01,74764.41,1776400156000
1776400157.555,257.555,0.79,0.8,0.2,0.21,0.01,0.01,74764.41,1776400156000
1776400157.971,257.971,0.79,0.8,0.2,0.21,0.01,0.01,74764.41,1776400156000
1776400158.383,258.383,0.79,0.8,0.2,0.21,0.01,0.01,74766.61,1776400157000
1776400158.784,258.784,0.79,0.8,0.2,0.21,0.01,0.01,74766.61,1776400157000
1776400159.227,259.227,0.79,0.8,0.2,0.21,0.01,0.01,74766.61,1776400157000
1776400159.785,259.785,0.79,0.8,0.2,0.21,0.01,0.01,74766.72,1776400158000
1776400160.183,260.183,0.79,0.8,0.2,0.21,0.01,0.01,74766.73,1776400159000
1776400160.704,260.704,0.79,0.8,0.2,0.21,0.01,0.01,74766.73,1776400159000
1776400161.065,261.065,0.78,0.8,0.2,0.22,0.02,0.02,74766.73,1776400160000
1776400161.651,261.651,0.78,0.79,0.21,0.22,0.01,0.01,74766.73,1776400160000
1776400162.098,262.098,0.78,0.79,0.21,0.22,0.01,0.01,74766.73,1776400160000
1776400162.53,262.53,0.78,0.79,0.21,0.22,0.01,0.01,74766.76,1776400161000
1776400162.965,262.965,0.77,0.78,0.21,0.23,0.01,0.02,74766.76,1776400161000
1776400163.51,263.51,0.77,0.78,0.22,0.23,0.01,0.01,74767.38,1776400162000
1776400163.904,263.904,0.77,0.78,0.22,0.23,0.01,0.01,74767.38,1776400162000
1776400164.239,264.239,0.77,0.78,0.22,0.23,0.01,0.01,74767.38,1776400162000
1776400164.609,264.609,0.78,0.79,0.21,0.22,0.01,0.01,74767.38,1776400163000
1776400164.967,264.967,0.78,0.79,0.21,0.22,0.01,0.01,74767.38,1776400164000
1776400165.681,265.681,0.78,0.79,0.21,0.22,0.01,0.01,74767.38,1776400164000
1776400166.069,266.069,0.78,0.79,0.21,0.22,0.01,0.01,74767.39,1776400165000
1776400166.936,266.936,0.77,0.78,0.22,0.23,0.01,0.01,74767.39,1776400165000
1776400167.29,267.29,0.77,0.78,0.22,0.23,0.01,0.01,74767.39,1776400166000
1776400167.742,267.742,0.77,0.78,0.22,0.23,0.01,0.01,74767.39,1776400166000
1776400168.087,268.087,0.77,0.78,0.22,0.23,0.01,0.01,74767.39,1776400166000
1776400168.456,268.456,0.77,0.78,0.22,0.23,0.01,0.01,74767.39,1776400167000
1776400168.816,268.816,0.77,0.78,0.22,0.23,0.01,0.01,74767.39,1776400167000
1776400169.152,269.152,0.77,0.78,0.22,0.23,0.01,0.01,74767.39,1776400168000
1776400169.493,269.493,0.77,0.78,0.22,0.23,0.01,0.01,74767.39,1776400168000
1776400169.843,269.843,0.77,0.78,0.22,0.23,0.01,0.01,74767.39,1776400168000
1776400170.232,270.232,0.77,0.78,0.22,0.23,0.01,0.01,74767.39,1776400169000
1776400170.565,270.565,0.77,0.78,0.22,0.23,0.01,0.01,74767.39,1776400169000
1776400170.921,270.921,0.77,0.78,0.22,0.23,0.01,0.01,74767.39,1776400169000
1776400171.296,271.296,0.77,0.78,0.22,0.23,0.01,0.01,74767.27,1776400170000
1776400171.752,271.752,0.77,0.78,0.22,0.23,0.01,0.01,74767.27,1776400170000
1776400172.088,272.088,0.77,0.78,0.22,0.23,0.01,0.01,74767.27,1776400170000
1776400172.599,272.599,0.77,0.78,0.22,0.23,0.01,0.01,74767.39,1776400171000
1776400172.95,272.95,0.77,0.78,0.22,0.23,0.01,0.01,74767.39,1776400171000
1776400173.289,273.289,0.77,0.78,0.22,0.23,0.01,0.01,74767.39,1776400171000
1776400173.632,273.632,0.77,0.78,0.22,0.23,0.01,0.01,74767.05,1776400172000
1776400173.973,273.973,0.77,0.78,0.22,0.23,0.01,0.01,74767.03,1776400173000
1776400174.306,274.306,0.77,0.78,0.22,0.23,0.01,0.01,74767.03,1776400173000
1776400174.645,274.645,0.76,0.77,0.23,0.24,0.01,0.01,74767.03,1776400173000
1776400174.992,274.992,0.76,0.77,0.23,0.24,0.01,0.01,74766.92,1776400174000
1776400175.339,275.339,0.76,0.77,0.23,0.24,0.01,0.01,74766.92,1776400174000
1776400175.679,275.679,0.76,0.77,0.23,0.24,0.01,0.01,74766.92,1776400174000
1776400176.029,276.029,0.76,0.77,0.23,0.24,0.01,0.01,74766.92,1776400174000
1776400176.367,276.367,0.75,0.76,0.24,0.25,0.01,0.01,74767.37,1776400175000
1776400176.705,276.705,0.75,0.76,0.24,0.25,0.01,0.01,74767.37,1776400175000
1776400177.063,277.063,0.75,0.76,0.24,0.25,0.01,0.01,74767.37,1776400175000
1776400177.406,277.406,0.75,0.76,0.24,0.25,0.01,0.01,74767.03,1776400176000
1776400177.922,277.922,0.75,0.76,0.24,0.25,0.01,0.01,74767.03,1776400176000
1776400178.256,278.256,0.75,0.76,0.24,0.25,0.01,0.01,74767.03,1776400176000
1776400178.593,278.593,0.75,0.76,0.24,0.25,0.01,0.01,74767.11,1776400177000
1776400178.972,278.972,0.75,0.76,0.24,0.25,0.01,0.01,74767.11,1776400177000
1776400179.474,279.474,0.75,0.76,0.24,0.25,0.01,0.01,74767.11,1776400178000
1776400179.892,279.892,0.74,0.75,0.25,0.26,0.01,0.01,74767.11,1776400178000
1776400180.273,280.273,0.74,0.75,0.25,0.26,0.01,0.01,74766.72,1776400179000
1776400180.867,280.867,0.74,0.75,0.25,0.26,0.01,0.01,74766.72,1776400179000
1776400181.278,281.278,0.74,0.75,0.25,0.26,0.01,0.01,74766.91,1776400180000
1776400181.611,281.611,0.75,0.77,0.23,0.25,0.02,0.02,74766.91,1776400180000
1776400182.038,282.038,0.76,0.77,0.23,0.24,0.01,0.01,74766.91,1776400180000
1776400182.621,282.621,0.75,0.76,0.24,0.25,0.01,0.01,74766.26,1776400181000
1776400183.008,283.008,0.75,0.76,0.24,0.25,0.01,0.01,74766.26,1776400181000
1776400183.423,283.423,0.76,0.77,0.23,0.25,0.01,0.02,74765.61,1776400182000
1776400183.928,283.928,0.76,0.77,0.23,0.24,0.01,0.01,74765.61,1776400182000
1776400184.28,284.28,0.76,0.77,0.23,0.24,0.01,0.01,74765.09,1776400183000
1776400184.694,284.694,0.76,0.77,0.23,0.24,0.01,0.01,74765.09,1776400183000
1776400185.166,285.166,0.78,0.79,0.21,0.23,0.01,0.02,74765.09,1776400183000
1776400185.524,285.524,0.78,0.79,0.21,0.22,0.01,0.01,74765.09,1776400183000
1776400186.13,286.13,0.78,0.79,0.21,0.22,0.01,0.01,74765.09,1776400184000
1776400186.622,286.622,0.78,0.79,0.21,0.22,0.01,0.01,74765.2,1776400185000
1776400187.045,287.045,0.78,0.79,0.21,0.22,0.01,0.01,74765.2,1776400185000
1776400187.63,287.63,0.78,0.79,0.21,0.22,0.01,0.01,74765.2,1776400186000
1776400188.05,288.05,0.78,0.79,0.21,0.22,0.01,0.01,74765.2,1776400186000
1776400188.571,288.571,0.79,0.8,0.21,0.22,0.01,0.01,74765.2,1776400186000
1776400188.967,288.967,0.79,0.8,0.2,0.21,0.01,0.01,74765.2,1776400187000
1776400189.355,289.355,0.79,0.8,0.2,0.21,0.01,0.01,74765.2,1776400188000
1776400189.703,289.703,0.79,0.8,0.2,0.21,0.01,0.01,74765.2,1776400188000
1776400190.207,290.207,0.8,0.82,0.19,0.24,0.02,0.05,74765.2,1776400188000
1776400190.68,290.68,0.81,0.82,0.18,0.19,0.01,0.01,74764.82,1776400189000
1776400191.093,291.093,0.81,0.83,0.18,0.19,0.02,0.01,74764.82,1776400190000
1776400191.453,291.453,0.83,0.87,0.17,0.19,0.04,0.02,74764.82,1776400190000
1776400191.903,291.903,0.85,0.87,0.14,0.15,0.02,0.01,74764.82,1776400190000
1776400192.244,292.244,0.61,0.68,0.32,0.39,0.07,0.07,74764.82,1776400191000
1776400192.585,292.585,0.5,0.57,0.42,0.49,0.07,0.07,74764.82,1776400191000
1776400192.923,292.923,0.48,0.49,0.51,0.52,0.01,0.01,74764.82,1776400191000
1776400193.259,293.259,0.48,0.49,0.51,0.52,0.01,0.01,74764.82,1776400191000
1776400193.649,293.649,0.48,0.49,0.51,0.52,0.01,0.01,74764.51,1776400192000
1776400193.991,293.991,0.48,0.49,0.51,0.52,0.01,0.01,74764.51,1776400192000
1776400194.332,294.332,0.48,0.49,0.51,0.52,0.01,0.01,74764.51,1776400192000
1776400194.723,294.723,0.45,0.46,0.52,0.54,0.01,0.02,74761.12,1776400193000
1776400195.15,295.15,0.41,0.42,0.58,0.59,0.01,0.01,74759.65,1776400194000
1776400195.525,295.525,0.4,0.41,0.59,0.6,0.01,0.01,74759.65,1776400194000
1776400195.862,295.862,0.38,0.39,0.61,0.62,0.01,0.01,74759.65,1776400194000
1776400196.2,296.2,0.37,0.38,0.62,0.63,0.01,0.01,74759.65,1776400194000
1776400196.628,296.628,0.35,0.36,0.64,0.65,0.01,0.01,74758.1,1776400195000
1776400197.112,297.112,0.33,0.34,0.66,0.67,0.01,0.01,74758.1,1776400195000
1776400197.5,297.5,0.34,0.35,0.65,0.66,0.01,0.01,74758.1,1776400195000
1776400197.864,297.864,0.34,0.35,0.65,0.66,0.01,0.01,74757.87,1776400196000
1776400198.317,298.317,0.34,0.35,0.65,0.66,0.01,0.01,74758.36,1776400197000
1776400198.656,298.656,0.31,0.32,0.68,0.69,0.01,0.01,74758.36,1776400197000
1776400198.989,298.989,0.45,0.49,0.51,0.57,0.04,0.06,74758.36,1776400197000
1776400199.325,299.325,0.77,0.87,0.13,0.2,0.1,0.07,74758.36,1776400197000
1776400199.659,299.659,0.95,0.98,0.02,0.05,0.03,0.03,74758.36,1776400197000
1776400200.017,300.017,0.98,0.99,0.01,0.02,0.01,0.01,74758.35,1776400198000
1776400200.352,300.352,0.71,0.76,0.27,0.29,0.05,0.02,74758.35,1776400198000
1776400200.745,300.745,0.99,0.55,0.45,0.01,-0.44,-0.44,74758.43,1776400199000
1776400202.165,302.165,0.99,0.55,0.45,0.01,-0.44,-0.44,74763.07,1776400201000

# RESULT,winner=Down,slug=btc-updown-5m-1776399900,ticks=656
