timestamp,elapsed_sec,up_bid,up_ask,down_bid,down_ask,up_spread,down_spread,btc_price
1775824500.502,0.502,0.46,0.47,0.53,0.54,0.01,0.01,
1775824500.842,0.842,0.46,0.47,0.53,0.54,0.01,0.01,
1775824501.349,1.349,0.46,0.47,0.53,0.54,0.01,0.01,
1775824501.824,1.824,0.42,0.43,0.57,0.59,0.01,0.02,
1775824502.172,2.172,0.39,0.41,0.59,0.61,0.02,0.02,
1775824502.514,2.514,0.38,0.39,0.61,0.62,0.01,0.01,
1775824502.885,2.885,0.38,0.39,0.61,0.62,0.01,0.01,
1775824503.376,3.376,0.37,0.38,0.62,0.63,0.01,0.01,
1775824503.768,3.768,0.36,0.37,0.63,0.64,0.01,0.01,
1775824504.167,4.167,0.36,0.37,0.63,0.64,0.01,0.01,
1775824504.51,4.51,0.36,0.37,0.63,0.64,0.01,0.01,
1775824504.886,4.886,0.36,0.37,0.63,0.64,0.01,0.01,
1775824505.225,5.225,0.36,0.38,0.62,0.64,0.02,0.02,
1775824505.561,5.561,0.36,0.37,0.63,0.64,0.01,0.01,
1775824505.963,5.963,0.36,0.37,0.63,0.64,0.01,0.01,
1775824506.306,6.306,0.36,0.37,0.63,0.64,0.01,0.01,
1775824506.73,6.73,0.36,0.37,0.63,0.64,0.01,0.01,
1775824507.368,7.368,0.37,0.38,0.62,0.63,0.01,0.01,
1775824507.767,7.767,0.37,0.38,0.62,0.63,0.01,0.01,
1775824508.104,8.104,0.35,0.36,0.64,0.65,0.01,0.01,
1775824508.455,8.455,0.35,0.36,0.64,0.65,0.01,0.01,
1775824508.808,8.808,0.35,0.36,0.64,0.65,0.01,0.01,
1775824509.187,9.187,0.35,0.36,0.64,0.65,0.01,0.01,
1775824509.557,9.557,0.35,0.36,0.64,0.65,0.01,0.01,
1775824509.933,9.933,0.35,0.36,0.64,0.65,0.01,0.01,
1775824510.306,10.306,0.35,0.36,0.64,0.65,0.01,0.01,
1775824510.746,10.746,0.35,0.36,0.64,0.65,0.01,0.01,
1775824511.083,11.083,0.38,0.39,0.61,0.62,0.01,0.01,
1775824511.451,11.451,0.38,0.39,0.61,0.62,0.01,0.01,
1775824512.031,12.031,0.38,0.39,0.61,0.62,0.01,0.01,
1775824512.378,12.378,0.37,0.38,0.62,0.63,0.01,0.01,
1775824512.803,12.803,0.36,0.37,0.63,0.64,0.01,0.01,
1775824513.139,13.139,0.33,0.34,0.66,0.67,0.01,0.01,
1775824513.485,13.485,0.33,0.34,0.66,0.67,0.01,0.01,
1775824513.874,13.874,0.33,0.34,0.66,0.67,0.01,0.01,
1775824514.286,14.286,0.34,0.35,0.65,0.67,0.01,0.02,
1775824514.688,14.688,0.34,0.35,0.65,0.66,0.01,0.01,
1775824515.022,15.022,0.38,0.39,0.61,0.62,0.01,0.01,
1775824515.429,15.429,0.42,0.43,0.57,0.58,0.01,0.01,
1775824515.818,15.818,0.42,0.43,0.55,0.58,0.01,0.03,
1775824516.202,16.202,0.43,0.44,0.56,0.57,0.01,0.01,
1775824516.558,16.558,0.43,0.44,0.56,0.57,0.01,0.01,
1775824516.96,16.96,0.43,0.44,0.56,0.57,0.01,0.01,
1775824517.398,17.398,0.43,0.44,0.56,0.57,0.01,0.01,
1775824517.804,17.804,0.43,0.44,0.56,0.57,0.01,0.01,
1775824518.324,18.324,0.43,0.44,0.56,0.57,0.01,0.01,
1775824518.687,18.687,0.43,0.44,0.56,0.57,0.01,0.01,
1775824519.441,19.441,0.42,0.43,0.57,0.58,0.01,0.01,
1775824520.113,20.113,0.42,0.43,0.57,0.58,0.01,0.01,
1775824520.488,20.488,0.42,0.43,0.57,0.58,0.01,0.01,
1775824520.825,20.825,0.42,0.43,0.57,0.58,0.01,0.01,
1775824521.296,21.296,0.42,0.43,0.57,0.58,0.01,0.01,
1775824521.692,21.692,0.42,0.43,0.57,0.58,0.01,0.01,
1775824522.092,22.092,0.41,0.43,0.57,0.58,0.02,0.01,
1775824522.458,22.458,0.4,0.41,0.59,0.6,0.01,0.01,
1775824522.808,22.808,0.4,0.41,0.59,0.6,0.01,0.01,
1775824523.261,23.261,0.39,0.4,0.6,0.61,0.01,0.01,
1775824523.724,23.724,0.39,0.4,0.6,0.61,0.01,0.01,
1775824524.164,24.164,0.39,0.4,0.6,0.61,0.01,0.01,
1775824524.649,24.649,0.38,0.39,0.6,0.61,0.01,0.01,
1775824525.155,25.155,0.38,0.4,0.61,0.62,0.02,0.01,
1775824525.884,25.884,0.4,0.41,0.6,0.61,0.01,0.01,
1775824526.221,26.221,0.4,0.41,0.59,0.6,0.01,0.01,
1775824526.594,26.594,0.38,0.39,0.61,0.62,0.01,0.01,
1775824527.022,27.022,0.38,0.39,0.61,0.62,0.01,0.01,
1775824527.448,27.448,0.38,0.39,0.61,0.62,0.01,0.01,
1775824527.861,27.861,0.38,0.39,0.61,0.62,0.01,0.01,
1775824528.242,28.242,0.38,0.39,0.61,0.62,0.01,0.01,
1775824528.749,28.749,0.38,0.39,0.61,0.62,0.01,0.01,
1775824529.12,29.12,0.38,0.39,0.61,0.62,0.01,0.01,
1775824529.51,29.51,0.38,0.39,0.61,0.62,0.01,0.01,
1775824529.929,29.929,0.38,0.39,0.61,0.62,0.01,0.01,
1775824530.381,30.381,0.38,0.39,0.61,0.62,0.01,0.01,
1775824530.763,30.763,0.38,0.39,0.61,0.62,0.01,0.01,
1775824531.544,31.544,0.38,0.39,0.61,0.62,0.01,0.01,
1775824531.935,31.935,0.39,0.41,0.6,0.61,0.02,0.01,
1775824532.316,32.316,0.4,0.41,0.59,0.6,0.01,0.01,
1775824532.664,32.664,0.4,0.41,0.59,0.6,0.01,0.01,
1775824533.14,33.14,0.41,0.42,0.58,0.59,0.01,0.01,
1775824533.659,33.659,0.41,0.42,0.58,0.59,0.01,0.01,
1775824534.144,34.144,0.44,0.45,0.55,0.56,0.01,0.01,
1775824534.571,34.571,0.44,0.45,0.55,0.56,0.01,0.01,
1775824535.015,35.015,0.44,0.45,0.55,0.56,0.01,0.01,
1775824535.627,35.627,0.44,0.45,0.55,0.56,0.01,0.01,
1775824536.006,36.006,0.44,0.45,0.55,0.56,0.01,0.01,
1775824536.391,36.391,0.44,0.45,0.55,0.56,0.01,0.01,
1775824536.958,36.958,0.41,0.44,0.56,0.57,0.03,0.01,
1775824537.304,37.304,0.4,0.41,0.59,0.6,0.01,0.01,
1775824537.689,37.689,0.4,0.41,0.59,0.6,0.01,0.01,
1775824538.187,38.187,0.4,0.41,0.59,0.6,0.01,0.01,
1775824538.543,38.543,0.4,0.42,0.59,0.6,0.02,0.01,
1775824538.908,38.908,0.4,0.41,0.58,0.6,0.01,0.02,
1775824539.363,39.363,0.4,0.41,0.59,0.6,0.01,0.01,
1775824539.723,39.723,0.41,0.42,0.58,0.6,0.01,0.02,
1775824540.182,40.182,0.41,0.42,0.58,0.59,0.01,0.01,
1775824540.53,40.53,0.41,0.42,0.58,0.59,0.01,0.01,
1775824540.892,40.892,0.41,0.42,0.58,0.59,0.01,0.01,
1775824541.323,41.323,0.41,0.42,0.58,0.59,0.01,0.01,
1775824541.726,41.726,0.41,0.42,0.58,0.59,0.01,0.01,
1775824542.289,42.289,0.44,0.45,0.55,0.57,0.01,0.02,
1775824543.519,43.519,0.44,0.45,0.55,0.56,0.01,0.01,
1775824543.987,43.987,0.43,0.44,0.56,0.57,0.01,0.01,
1775824544.321,44.321,0.4,0.42,0.58,0.59,0.02,0.01,
1775824544.909,44.909,0.4,0.41,0.59,0.6,0.01,0.01,
1775824545.31,45.31,0.39,0.4,0.59,0.61,0.01,0.02,
1775824545.65,45.65,0.38,0.4,0.6,0.62,0.02,0.02,
1775824545.983,45.983,0.38,0.39,0.61,0.62,0.01,0.01,
1775824546.346,46.346,0.38,0.39,0.61,0.62,0.01,0.01,
1775824546.697,46.697,0.38,0.4,0.61,0.62,0.02,0.01,
1775824547.706,47.706,0.41,0.42,0.6,0.61,0.01,0.01,
1775824548.141,48.141,0.41,0.42,0.58,0.59,0.01,0.01,
1775824548.499,48.499,0.41,0.42,0.58,0.59,0.01,0.01,
1775824548.835,48.835,0.42,0.43,0.57,0.58,0.01,0.01,
1775824549.288,49.288,0.42,0.43,0.57,0.58,0.01,0.01,
1775824549.676,49.676,0.42,0.43,0.57,0.58,0.01,0.01,
1775824550.177,50.177,0.42,0.43,0.57,0.58,0.01,0.01,
1775824550.885,50.885,0.42,0.43,0.57,0.58,0.01,0.01,
1775824551.24,51.24,0.42,0.43,0.57,0.58,0.01,0.01,
1775824551.58,51.58,0.42,0.43,0.57,0.58,0.01,0.01,
1775824552.006,52.006,0.42,0.43,0.57,0.58,0.01,0.01,
1775824552.385,52.385,0.42,0.43,0.57,0.58,0.01,0.01,
1775824552.875,52.875,0.42,0.44,0.57,0.58,0.02,0.01,
1775824553.364,53.364,0.43,0.44,0.56,0.58,0.01,0.02,
1775824554.043,54.043,0.43,0.44,0.56,0.57,0.01,0.01,
1775824554.573,54.573,0.42,0.44,0.56,0.57,0.02,0.01,
1775824555.162,55.162,0.42,0.43,0.56,0.58,0.01,0.02,
1775824555.605,55.605,0.42,0.43,0.57,0.58,0.01,0.01,
1775824556.18,56.18,0.42,0.43,0.57,0.58,0.01,0.01,
1775824556.572,56.572,0.4,0.42,0.57,0.58,0.02,0.01,
1775824556.945,56.945,0.4,0.41,0.59,0.6,0.01,0.01,
1775824557.409,57.409,0.4,0.41,0.59,0.6,0.01,0.01,
1775824557.748,57.748,0.4,0.41,0.59,0.6,0.01,0.01,
1775824558.181,58.181,0.39,0.4,0.59,0.61,0.01,0.02,
1775824558.786,58.786,0.39,0.4,0.6,0.61,0.01,0.01,
1775824559.13,59.13,0.38,0.4,0.6,0.63,0.02,0.03,
1775824560.146,60.146,0.38,0.39,0.61,0.62,0.01,0.01,
1775824560.594,60.594,0.38,0.39,0.61,0.62,0.01,0.01,
1775824560.99,60.99,0.37,0.38,0.62,0.63,0.01,0.01,
1775824561.418,61.418,0.37,0.38,0.62,0.63,0.01,0.01,
1775824561.889,61.889,0.37,0.38,0.62,0.63,0.01,0.01,
1775824562.284,62.284,0.37,0.38,0.62,0.63,0.01,0.01,
1775824562.624,62.624,0.34,0.36,0.64,0.66,0.02,0.02,
1775824563.022,63.022,0.32,0.34,0.66,0.67,0.02,0.01,
1775824563.429,63.429,0.32,0.33,0.66,0.68,0.01,0.02,
1775824563.853,63.853,0.3,0.31,0.69,0.7,0.01,0.01,
1775824564.192,64.192,0.3,0.31,0.69,0.7,0.01,0.01,
1775824564.547,64.547,0.3,0.31,0.69,0.7,0.01,0.01,
1775824565.011,65.011,0.3,0.31,0.69,0.7,0.01,0.01,
1775824565.461,65.461,0.3,0.31,0.69,0.7,0.01,0.01,
1775824565.837,65.837,0.3,0.31,0.69,0.7,0.01,0.01,
1775824566.234,66.234,0.3,0.31,0.69,0.7,0.01,0.01,
1775824566.641,66.641,0.31,0.32,0.68,0.69,0.01,0.01,
1775824567.096,67.096,0.31,0.32,0.68,0.69,0.01,0.01,
1775824567.481,67.481,0.32,0.34,0.66,0.69,0.02,0.03,
1775824567.852,67.852,0.33,0.34,0.66,0.67,0.01,0.01,
1775824568.213,68.213,0.33,0.34,0.66,0.67,0.01,0.01,
1775824568.584,68.584,0.34,0.35,0.65,0.66,0.01,0.01,
1775824568.941,68.941,0.34,0.35,0.65,0.66,0.01,0.01,
1775824569.398,69.398,0.35,0.36,0.64,0.65,0.01,0.01,
1775824569.762,69.762,0.35,0.36,0.64,0.65,0.01,0.01,
1775824570.095,70.095,0.36,0.38,0.62,0.64,0.02,0.02,
1775824570.458,70.458,0.36,0.37,0.63,0.64,0.01,0.01,
1775824571.306,71.306,0.36,0.37,0.63,0.64,0.01,0.01,
1775824571.67,71.67,0.34,0.35,0.65,0.66,0.01,0.01,
1775824572.103,72.103,0.34,0.35,0.65,0.66,0.01,0.01,
1775824572.514,72.514,0.34,0.35,0.65,0.66,0.01,0.01,
1775824572.927,72.927,0.34,0.35,0.65,0.66,0.01,0.01,
1775824573.27,73.27,0.32,0.33,0.67,0.68,0.01,0.01,
1775824573.677,73.677,0.32,0.33,0.67,0.68,0.01,0.01,
1775824574.203,74.203,0.32,0.33,0.67,0.68,0.01,0.01,
1775824574.558,74.558,0.32,0.33,0.67,0.68,0.01,0.01,
1775824574.939,74.939,0.32,0.33,0.67,0.68,0.01,0.01,
1775824575.277,75.277,0.32,0.33,0.67,0.68,0.01,0.01,
1775824575.938,75.938,0.32,0.33,0.67,0.68,0.01,0.01,
1775824576.324,76.324,0.32,0.33,0.67,0.68,0.01,0.01,
1775824576.699,76.699,0.33,0.34,0.66,0.68,0.01,0.02,
1775824577.246,77.246,0.33,0.34,0.66,0.67,0.01,0.01,
1775824577.676,77.676,0.33,0.34,0.66,0.67,0.01,0.01,
1775824578.033,78.033,0.33,0.34,0.66,0.67,0.01,0.01,
1775824578.38,78.38,0.33,0.34,0.66,0.67,0.01,0.01,
1775824578.901,78.901,0.33,0.34,0.66,0.67,0.01,0.01,
1775824579.236,79.236,0.32,0.33,0.67,0.68,0.01,0.01,
1775824579.61,79.61,0.28,0.3,0.7,0.72,0.02,0.02,
1775824579.973,79.973,0.24,0.25,0.75,0.76,0.01,0.01,
1775824580.345,80.345,0.23,0.24,0.76,0.77,0.01,0.01,
1775824580.702,80.702,0.23,0.24,0.76,0.77,0.01,0.01,
1775824581.122,81.122,0.23,0.24,0.76,0.77,0.01,0.01,
1775824581.459,81.459,0.23,0.24,0.76,0.77,0.01,0.01,
1775824581.899,81.899,0.23,0.24,0.76,0.77,0.01,0.01,
1775824582.262,82.262,0.23,0.24,0.76,0.77,0.01,0.01,
1775824582.604,82.604,0.24,0.25,0.75,0.76,0.01,0.01,
1775824582.966,82.966,0.24,0.25,0.75,0.76,0.01,0.01,
1775824583.337,83.337,0.24,0.25,0.75,0.76,0.01,0.01,
1775824583.762,83.762,0.24,0.25,0.75,0.76,0.01,0.01,
1775824584.22,84.22,0.24,0.25,0.75,0.76,0.01,0.01,
1775824584.572,84.572,0.24,0.25,0.75,0.76,0.01,0.01,
1775824585.127,85.127,0.24,0.25,0.75,0.76,0.01,0.01,
1775824585.525,85.525,0.24,0.25,0.75,0.76,0.01,0.01,
1775824585.896,85.896,0.26,0.27,0.73,0.74,0.01,0.01,
1775824586.513,86.513,0.26,0.27,0.73,0.74,0.01,0.01,
1775824586.868,86.868,0.24,0.25,0.75,0.76,0.01,0.01,
1775824587.264,87.264,0.23,0.24,0.76,0.77,0.01,0.01,
1775824587.723,87.723,0.23,0.24,0.76,0.77,0.01,0.01,
1775824588.204,88.204,0.23,0.24,0.76,0.77,0.01,0.01,
1775824588.574,88.574,0.23,0.24,0.76,0.77,0.01,0.01,
1775824588.947,88.947,0.2,0.21,0.79,0.8,0.01,0.01,
1775824589.282,89.282,0.2,0.21,0.79,0.8,0.01,0.01,
1775824589.702,89.702,0.2,0.21,0.79,0.8,0.01,0.01,
1775824590.073,90.073,0.2,0.21,0.79,0.8,0.01,0.01,
1775824590.418,90.418,0.2,0.21,0.79,0.8,0.01,0.01,
1775824590.905,90.905,0.2,0.21,0.79,0.8,0.01,0.01,
1775824591.261,91.261,0.21,0.22,0.78,0.79,0.01,0.01,
1775824591.753,91.753,0.21,0.22,0.78,0.79,0.01,0.01,
1775824592.226,92.226,0.22,0.23,0.77,0.78,0.01,0.01,
1775824592.874,92.874,0.22,0.23,0.77,0.78,0.01,0.01,
1775824593.211,93.211,0.21,0.22,0.78,0.79,0.01,0.01,
1775824593.606,93.606,0.2,0.21,0.79,0.8,0.01,0.01,
1775824593.966,93.966,0.2,0.21,0.78,0.8,0.01,0.02,
1775824594.346,94.346,0.2,0.21,0.79,0.8,0.01,0.01,
1775824594.724,94.724,0.2,0.21,0.79,0.8,0.01,0.01,
1775824595.168,95.168,0.2,0.21,0.79,0.8,0.01,0.01,
1775824595.521,95.521,0.21,0.22,0.78,0.79,0.01,0.01,
1775824595.865,95.865,0.21,0.22,0.78,0.79,0.01,0.01,
1775824596.201,96.201,0.21,0.22,0.78,0.79,0.01,0.01,
1775824596.614,96.614,0.21,0.23,0.78,0.79,0.02,0.01,
1775824596.981,96.981,0.22,0.23,0.77,0.78,0.01,0.01,
1775824597.424,97.424,0.22,0.23,0.77,0.78,0.01,0.01,
1775824598.175,98.175,0.22,0.23,0.77,0.78,0.01,0.01,
1775824598.542,98.542,0.22,0.23,0.77,0.78,0.01,0.01,
1775824598.918,98.918,0.21,0.23,0.77,0.78,0.02,0.01,
1775824599.317,99.317,0.21,0.22,0.78,0.79,0.01,0.01,
1775824599.665,99.665,0.21,0.22,0.78,0.79,0.01,0.01,
1775824600.053,100.053,0.19,0.2,0.78,0.81,0.01,0.03,
1775824600.506,100.506,0.19,0.2,0.8,0.81,0.01,0.01,
1775824601.03,101.03,0.18,0.19,0.8,0.82,0.01,0.02,
1775824601.59,101.59,0.18,0.19,0.81,0.82,0.01,0.01,
1775824602.207,102.207,0.18,0.19,0.81,0.82,0.01,0.01,
1775824602.62,102.62,0.18,0.19,0.81,0.82,0.01,0.01,
1775824603.274,103.274,0.18,0.19,0.81,0.82,0.01,0.01,
1775824603.755,103.755,0.18,0.19,0.81,0.82,0.01,0.01,
1775824604.097,104.097,0.18,0.19,0.81,0.82,0.01,0.01,
1775824604.495,104.495,0.18,0.19,0.81,0.82,0.01,0.01,
1775824604.834,104.834,0.18,0.19,0.81,0.82,0.01,0.01,
1775824605.169,105.169,0.18,0.19,0.81,0.82,0.01,0.01,
1775824605.585,105.585,0.19,0.2,0.81,0.82,0.01,0.01,
1775824605.997,105.997,0.19,0.2,0.8,0.81,0.01,0.01,
1775824606.359,106.359,0.19,0.2,0.8,0.81,0.01,0.01,
1775824607.177,107.177,0.19,0.2,0.8,0.81,0.01,0.01,
1775824607.762,107.762,0.19,0.2,0.8,0.81,0.01,0.01,
1775824608.344,108.344,0.19,0.2,0.8,0.81,0.01,0.01,
1775824608.689,108.689,0.19,0.2,0.8,0.81,0.01,0.01,
1775824609.153,109.153,0.19,0.2,0.8,0.81,0.01,0.01,
1775824609.541,109.541,0.19,0.2,0.8,0.81,0.01,0.01,
1775824609.956,109.956,0.19,0.2,0.8,0.81,0.01,0.01,
1775824610.302,110.302,0.19,0.2,0.8,0.81,0.01,0.01,
1775824610.784,110.784,0.19,0.2,0.8,0.81,0.01,0.01,
1775824611.152,111.152,0.19,0.2,0.8,0.81,0.01,0.01,
1775824611.504,111.504,0.19,0.2,0.8,0.81,0.01,0.01,
1775824611.89,111.89,0.19,0.2,0.8,0.81,0.01,0.01,
1775824612.587,112.587,0.18,0.19,0.81,0.82,0.01,0.01,
1775824612.932,112.932,0.18,0.19,0.81,0.82,0.01,0.01,
1775824613.354,113.354,0.18,0.19,0.81,0.82,0.01,0.01,
1775824613.897,113.897,0.19,0.2,0.8,0.81,0.01,0.01,
1775824614.439,114.439,0.19,0.2,0.8,0.81,0.01,0.01,
1775824614.869,114.869,0.2,0.21,0.79,0.81,0.01,0.02,
1775824615.394,115.394,0.2,0.21,0.79,0.8,0.01,0.01,
1775824615.808,115.808,0.2,0.21,0.79,0.8,0.01,0.01,
1775824616.219,116.219,0.2,0.21,0.79,0.8,0.01,0.01,
1775824616.709,116.709,0.2,0.21,0.79,0.8,0.01,0.01,
1775824617.316,117.316,0.16,0.21,0.79,0.8,0.05,0.01,
1775824617.653,117.653,0.19,0.2,0.79,0.84,0.01,0.05,
1775824618.033,118.033,0.17,0.2,0.8,0.81,0.03,0.01,
1775824618.715,118.715,0.18,0.19,0.81,0.82,0.01,0.01,
1775824619.168,119.168,0.18,0.19,0.81,0.82,0.01,0.01,
1775824619.608,119.608,0.17,0.18,0.81,0.83,0.01,0.02,
1775824620.105,120.105,0.17,0.18,0.82,0.83,0.01,0.01,
1775824620.441,120.441,0.17,0.18,0.82,0.83,0.01,0.01,
1775824620.851,120.851,0.17,0.18,0.82,0.83,0.01,0.01,
1775824621.205,121.205,0.16,0.17,0.83,0.84,0.01,0.01,
1775824621.54,121.54,0.16,0.17,0.83,0.84,0.01,0.01,
1775824622.03,122.03,0.16,0.17,0.83,0.84,0.01,0.01,
1775824622.378,122.378,0.16,0.17,0.83,0.84,0.01,0.01,
1775824622.719,122.719,0.16,0.17,0.83,0.84,0.01,0.01,
1775824623.192,123.192,0.14,0.17,0.83,0.84,0.03,0.01,
1775824623.53,123.53,0.14,0.15,0.85,0.86,0.01,0.01,
1775824624.106,124.106,0.14,0.15,0.84,0.86,0.01,0.02,
1775824624.486,124.486,0.14,0.15,0.85,0.86,0.01,0.01,
1775824624.86,124.86,0.14,0.15,0.85,0.86,0.01,0.01,
1775824625.39,125.39,0.14,0.15,0.85,0.86,0.01,0.01,
1775824626.198,126.198,0.14,0.15,0.85,0.86,0.01,0.01,
1775824626.717,126.717,0.14,0.15,0.85,0.86,0.01,0.01,
1775824627.376,127.376,0.14,0.15,0.85,0.86,0.01,0.01,
1775824627.716,127.716,0.14,0.15,0.85,0.86,0.01,0.01,
1775824628.052,128.052,0.14,0.15,0.85,0.86,0.01,0.01,
1775824628.655,128.655,0.14,0.15,0.85,0.86,0.01,0.01,
1775824629.111,129.111,0.14,0.15,0.85,0.86,0.01,0.01,
1775824629.501,129.501,0.14,0.15,0.85,0.86,0.01,0.01,
1775824629.992,129.992,0.13,0.14,0.86,0.87,0.01,0.01,
1775824630.723,130.723,0.13,0.14,0.86,0.87,0.01,0.01,
1775824631.139,131.139,0.13,0.14,0.86,0.87,0.01,0.01,
1775824631.635,131.635,0.14,0.15,0.85,0.87,0.01,0.02,
1775824632.038,132.038,0.14,0.15,0.85,0.86,0.01,0.01,
1775824632.451,132.451,0.14,0.15,0.85,0.86,0.01,0.01,
1775824632.851,132.851,0.14,0.15,0.85,0.86,0.01,0.01,
1775824633.276,133.276,0.14,0.15,0.85,0.86,0.01,0.01,
1775824633.698,133.698,0.14,0.15,0.85,0.86,0.01,0.01,
1775824634.312,134.312,0.14,0.15,0.85,0.86,0.01,0.01,
1775824634.813,134.813,0.13,0.14,0.86,0.87,0.01,0.01,
1775824635.575,135.575,0.13,0.14,0.86,0.87,0.01,0.01,
1775824636.232,136.232,0.13,0.14,0.86,0.87,0.01,0.01,
1775824636.595,136.595,0.12,0.13,0.87,0.88,0.01,0.01,
1775824637.022,137.022,0.12,0.13,0.87,0.88,0.01,0.01,
1775824637.363,137.363,0.12,0.13,0.87,0.88,0.01,0.01,
1775824637.733,137.733,0.12,0.13,0.87,0.88,0.01,0.01,
1775824638.196,138.196,0.12,0.13,0.87,0.88,0.01,0.01,
1775824638.733,138.733,0.12,0.13,0.87,0.88,0.01,0.01,
1775824639.1,139.1,0.12,0.13,0.87,0.88,0.01,0.01,
1775824639.507,139.507,0.12,0.14,0.87,0.88,0.02,0.01,
1775824640.383,140.383,0.13,0.14,0.86,0.87,0.01,0.01,
1775824640.738,140.738,0.13,0.14,0.86,0.87,0.01,0.01,
1775824641.127,141.127,0.13,0.14,0.86,0.87,0.01,0.01,
1775824641.503,141.503,0.13,0.14,0.86,0.87,0.01,0.01,
1775824641.974,141.974,0.13,0.14,0.86,0.87,0.01,0.01,
1775824642.315,142.315,0.13,0.14,0.86,0.87,0.01,0.01,
1775824642.737,142.737,0.13,0.14,0.86,0.87,0.01,0.01,
1775824643.103,143.103,0.13,0.14,0.86,0.87,0.01,0.01,
1775824643.698,143.698,0.13,0.14,0.86,0.87,0.01,0.01,
1775824644.11,144.11,0.13,0.14,0.86,0.87,0.01,0.01,
1775824644.742,144.742,0.13,0.14,0.86,0.87,0.01,0.01,
1775824645.741,145.741,0.13,0.14,0.86,0.87,0.01,0.01,
1775824646.184,146.184,0.13,0.14,0.86,0.87,0.01,0.01,
1775824646.634,146.634,0.13,0.14,0.86,0.87,0.01,0.01,
1775824647.057,147.057,0.13,0.14,0.86,0.87,0.01,0.01,
1775824647.512,147.512,0.13,0.14,0.86,0.87,0.01,0.01,
1775824648.102,148.102,0.13,0.14,0.86,0.87,0.01,0.01,
1775824648.437,148.437,0.13,0.14,0.86,0.87,0.01,0.01,
1775824648.917,148.917,0.13,0.14,0.86,0.87,0.01,0.01,
1775824649.743,149.743,0.13,0.14,0.86,0.87,0.01,0.01,
1775824650.171,150.171,0.13,0.14,0.86,0.87,0.01,0.01,
1775824650.577,150.577,0.13,0.14,0.86,0.87,0.01,0.01,
1775824650.93,150.93,0.12,0.13,0.87,0.88,0.01,0.01,
1775824651.322,151.322,0.12,0.13,0.87,0.88,0.01,0.01,
1775824651.745,151.745,0.12,0.13,0.87,0.88,0.01,0.01,
1775824652.107,152.107,0.12,0.13,0.87,0.88,0.01,0.01,
1775824652.465,152.465,0.12,0.13,0.87,0.88,0.01,0.01,
1775824652.806,152.806,0.1,0.11,0.89,0.9,0.01,0.01,
1775824653.144,153.144,0.09,0.1,0.9,0.91,0.01,0.01,
1775824653.485,153.485,0.08,0.09,0.91,0.92,0.01,0.01,
1775824653.9,153.9,0.08,0.09,0.91,0.92,0.01,0.01,
1775824654.233,154.233,0.08,0.09,0.91,0.92,0.01,0.01,
1775824654.607,154.607,0.08,0.09,0.91,0.92,0.01,0.01,
1775824655.011,155.011,0.08,0.09,0.91,0.92,0.01,0.01,
1775824655.351,155.351,0.08,0.09,0.91,0.92,0.01,0.01,
1775824655.988,155.988,0.08,0.09,0.91,0.92,0.01,0.01,
1775824656.346,156.346,0.08,0.09,0.91,0.92,0.01,0.01,
1775824656.68,156.68,0.08,0.09,0.91,0.92,0.01,0.01,
1775824657.033,157.033,0.08,0.09,0.91,0.92,0.01,0.01,
1775824657.446,157.446,0.08,0.09,0.91,0.92,0.01,0.01,
1775824657.864,157.864,0.08,0.09,0.91,0.92,0.01,0.01,
1775824658.262,158.262,0.07,0.08,0.91,0.92,0.01,0.01,
1775824658.653,158.653,0.07,0.08,0.92,0.93,0.01,0.01,
1775824659.089,159.089,0.07,0.08,0.92,0.93,0.01,0.01,
1775824659.438,159.438,0.07,0.08,0.92,0.93,0.01,0.01,
1775824659.79,159.79,0.07,0.08,0.92,0.93,0.01,0.01,
1775824660.22,160.22,0.07,0.08,0.92,0.93,0.01,0.01,
1775824660.569,160.569,0.07,0.08,0.92,0.93,0.01,0.01,
1775824661.106,161.106,0.05,0.08,0.92,0.93,0.03,0.01,
1775824661.524,161.524,0.06,0.07,0.93,0.94,0.01,0.01,
1775824661.927,161.927,0.06,0.07,0.93,0.94,0.01,0.01,
1775824662.286,162.286,0.05,0.06,0.94,0.95,0.01,0.01,
1775824662.62,162.62,0.05,0.06,0.94,0.95,0.01,0.01,
1775824662.955,162.955,0.05,0.06,0.94,0.95,0.01,0.01,
1775824663.303,163.303,0.05,0.06,0.94,0.95,0.01,0.01,
1775824663.686,163.686,0.05,0.06,0.94,0.95,0.01,0.01,
1775824664.019,164.019,0.05,0.06,0.94,0.95,0.01,0.01,
1775824664.355,164.355,0.05,0.06,0.94,0.95,0.01,0.01,
1775824664.704,164.704,0.05,0.06,0.94,0.95,0.01,0.01,
1775824665.087,165.087,0.05,0.06,0.94,0.95,0.01,0.01,
1775824665.588,165.588,0.05,0.06,0.94,0.95,0.01,0.01,
1775824665.95,165.95,0.04,0.05,0.94,0.96,0.01,0.02,
1775824666.287,166.287,0.04,0.05,0.95,0.96,0.01,0.01,
1775824666.634,166.634,0.04,0.05,0.95,0.96,0.01,0.01,
1775824667.039,167.039,0.04,0.05,0.95,0.96,0.01,0.01,
1775824667.386,167.386,0.04,0.05,0.95,0.96,0.01,0.01,
1775824667.772,167.772,0.04,0.05,0.95,0.96,0.01,0.01,
1775824668.126,168.126,0.04,0.05,0.95,0.96,0.01,0.01,
1775824668.489,168.489,0.04,0.05,0.95,0.96,0.01,0.01,
1775824669.002,169.002,0.04,0.05,0.95,0.96,0.01,0.01,
1775824669.35,169.35,0.04,0.05,0.95,0.96,0.01,0.01,
1775824669.691,169.691,0.04,0.05,0.95,0.96,0.01,0.01,
1775824670.084,170.084,0.04,0.05,0.95,0.96,0.01,0.01,
1775824670.445,170.445,0.04,0.05,0.95,0.96,0.01,0.01,
1775824670.895,170.895,0.04,0.05,0.95,0.96,0.01,0.01,
1775824671.403,171.403,0.04,0.05,0.95,0.96,0.01,0.01,
1775824672.078,172.078,0.04,0.05,0.95,0.96,0.01,0.01,
1775824672.435,172.435,0.04,0.05,0.95,0.96,0.01,0.01,
1775824672.772,172.772,0.04,0.05,0.95,0.96,0.01,0.01,
1775824673.16,173.16,0.04,0.05,0.95,0.96,0.01,0.01,
1775824673.53,173.53,0.04,0.05,0.95,0.96,0.01,0.01,
1775824673.946,173.946,0.04,0.05,0.95,0.96,0.01,0.01,
1775824674.533,174.533,0.04,0.05,0.95,0.96,0.01,0.01,
1775824674.945,174.945,0.03,0.04,0.96,0.97,0.01,0.01,
1775824675.279,175.279,0.03,0.04,0.96,0.97,0.01,0.01,
1775824675.634,175.634,0.03,0.04,0.96,0.97,0.01,0.01,
1775824676.044,176.044,0.03,0.04,0.96,0.97,0.01,0.01,
1775824676.674,176.674,0.03,0.04,0.96,0.97,0.01,0.01,
1775824677.04,177.04,0.03,0.04,0.96,0.97,0.01,0.01,
1775824677.542,177.542,0.03,0.04,0.96,0.97,0.01,0.01,
1775824678.026,178.026,0.03,0.04,0.96,0.97,0.01,0.01,
1775824678.372,178.372,0.03,0.04,0.96,0.97,0.01,0.01,
1775824678.813,178.813,0.03,0.04,0.96,0.97,0.01,0.01,
1775824679.303,179.303,0.03,0.04,0.96,0.97,0.01,0.01,
1775824680.432,180.432,0.03,0.04,0.96,0.97,0.01,0.01,
1775824680.772,180.772,0.03,0.04,0.96,0.97,0.01,0.01,
1775824681.136,181.136,0.03,0.04,0.96,0.97,0.01,0.01,
1775824681.474,181.474,0.03,0.04,0.96,0.97,0.01,0.01,
1775824681.836,181.836,0.03,0.04,0.96,0.97,0.01,0.01,
1775824682.824,182.824,0.03,0.04,0.96,0.97,0.01,0.01,
1775824683.362,183.362,0.03,0.04,0.96,0.97,0.01,0.01,
1775824683.914,183.914,0.03,0.04,0.96,0.97,0.01,0.01,
1775824684.846,184.846,0.03,0.04,0.96,0.97,0.01,0.01,
1775824685.193,185.193,0.03,0.04,0.96,0.97,0.01,0.01,
1775824685.576,185.576,0.03,0.04,0.96,0.97,0.01,0.01,
1775824685.931,185.931,0.05,0.06,0.94,0.95,0.01,0.01,
1775824686.395,186.395,0.05,0.06,0.94,0.95,0.01,0.01,
1775824686.776,186.776,0.05,0.06,0.94,0.95,0.01,0.01,
1775824687.14,187.14,0.05,0.06,0.94,0.95,0.01,0.01,
1775824687.549,187.549,0.05,0.06,0.94,0.95,0.01,0.01,
1775824687.956,187.956,0.05,0.06,0.94,0.95,0.01,0.01,
1775824688.297,188.297,0.06,0.07,0.93,0.94,0.01,0.01,
1775824688.774,188.774,0.07,0.08,0.92,0.93,0.01,0.01,
1775824689.14,189.14,0.08,0.09,0.91,0.92,0.01,0.01,
1775824689.729,189.729,0.08,0.09,0.91,0.92,0.01,0.01,
1775824690.163,190.163,0.08,0.09,0.91,0.92,0.01,0.01,
1775824690.586,190.586,0.08,0.09,0.91,0.92,0.01,0.01,
1775824690.956,190.956,0.04,0.06,0.93,0.95,0.02,0.02,
1775824691.385,191.385,0.04,0.05,0.95,0.96,0.01,0.01,
1775824691.829,191.829,0.05,0.06,0.94,0.95,0.01,0.01,
1775824692.443,192.443,0.05,0.06,0.94,0.95,0.01,0.01,
1775824692.85,192.85,0.03,0.04,0.95,0.96,0.01,0.01,
1775824693.46,193.46,0.03,0.04,0.96,0.97,0.01,0.01,
1775824693.871,193.871,0.02,0.03,0.97,0.98,0.01,0.01,
1775824694.391,194.391,0.02,0.03,0.97,0.98,0.01,0.01,
1775824694.807,194.807,0.03,0.04,0.96,0.97,0.01,0.01,
1775824695.451,195.451,0.03,0.04,0.96,0.97,0.01,0.01,
1775824695.866,195.866,0.03,0.04,0.96,0.97,0.01,0.01,
1775824696.523,196.523,0.03,0.04,0.96,0.97,0.01,0.01,
1775824696.986,196.986,0.03,0.04,0.96,0.97,0.01,0.01,
1775824697.406,197.406,0.02,0.03,0.96,0.98,0.01,0.02,
1775824697.796,197.796,0.02,0.04,0.96,0.98,0.02,0.02,
1775824698.256,198.256,0.03,0.04,0.97,0.98,0.01,0.01,
1775824698.594,198.594,0.03,0.04,0.96,0.97,0.01,0.01,
1775824699.102,199.102,0.03,0.04,0.96,0.97,0.01,0.01,
1775824699.509,199.509,0.03,0.04,0.96,0.97,0.01,0.01,
1775824699.904,199.904,0.03,0.04,0.96,0.97,0.01,0.01,
1775824700.257,200.257,0.03,0.04,0.96,0.97,0.01,0.01,
1775824700.623,200.623,0.02,0.04,0.96,0.98,0.02,0.02,
1775824700.968,200.968,0.03,0.04,0.96,0.98,0.01,0.02,
1775824701.384,201.384,0.03,0.04,0.96,0.97,0.01,0.01,
1775824702.749,202.749,0.03,0.04,0.96,0.97,0.01,0.01,
1775824703.082,203.082,0.03,0.04,0.96,0.97,0.01,0.01,
1775824704.025,204.025,0.02,0.03,0.96,0.97,0.01,0.01,
1775824704.372,204.372,0.03,0.04,0.96,0.98,0.01,0.02,
1775824704.804,204.804,0.02,0.03,0.97,0.98,0.01,0.01,
1775824705.651,205.651,0.03,0.04,0.96,0.98,0.01,0.02,
1775824706.045,206.045,0.05,0.06,0.94,0.95,0.01,0.01,
1775824706.482,206.482,0.05,0.07,0.94,0.95,0.02,0.01,
1775824706.997,206.997,0.06,0.07,0.93,0.94,0.01,0.01,
1775824707.386,207.386,0.06,0.07,0.93,0.94,0.01,0.01,
1775824707.727,207.727,0.06,0.07,0.93,0.94,0.01,0.01,
1775824708.167,208.167,0.06,0.07,0.93,0.94,0.01,0.01,
1775824708.709,208.709,0.08,0.09,0.91,0.92,0.01,0.01,
1775824709.081,209.081,0.08,0.09,0.91,0.92,0.01,0.01,
1775824709.454,209.454,0.08,0.09,0.91,0.92,0.01,0.01,
1775824709.871,209.871,0.08,0.09,0.91,0.92,0.01,0.01,
1775824710.311,210.311,0.08,0.09,0.91,0.92,0.01,0.01,
1775824710.854,210.854,0.07,0.08,0.92,0.93,0.01,0.01,
1775824711.275,211.275,0.07,0.08,0.92,0.93,0.01,0.01,
1775824711.65,211.65,0.07,0.08,0.92,0.93,0.01,0.01,
1775824711.992,211.992,0.07,0.08,0.92,0.93,0.01,0.01,
1775824712.426,212.426,0.07,0.08,0.92,0.93,0.01,0.01,
1775824712.768,212.768,0.06,0.08,0.92,0.93,0.02,0.01,
1775824713.31,213.31,0.06,0.07,0.93,0.94,0.01,0.01,
1775824713.686,213.686,0.07,0.08,0.92,0.94,0.01,0.02,
1775824714.159,214.159,0.08,0.09,0.91,0.92,0.01,0.01,
1775824714.492,214.492,0.08,0.09,0.91,0.92,0.01,0.01,
1775824714.828,214.828,0.08,0.09,0.91,0.92,0.01,0.01,
1775824715.167,215.167,0.11,0.12,0.88,0.9,0.01,0.02,
1775824715.533,215.533,0.12,0.13,0.87,0.88,0.01,0.01,
1775824715.877,215.877,0.12,0.13,0.87,0.88,0.01,0.01,
1775824716.221,216.221,0.14,0.15,0.85,0.86,0.01,0.01,
1775824716.718,216.718,0.14,0.15,0.85,0.86,0.01,0.01,
1775824717.072,217.072,0.14,0.15,0.85,0.86,0.01,0.01,
1775824717.583,217.583,0.15,0.16,0.84,0.85,0.01,0.01,
1775824717.94,217.94,0.11,0.13,0.87,0.89,0.02,0.02,
1775824718.408,218.408,0.09,0.1,0.9,0.91,0.01,0.01,
1775824718.768,218.768,0.09,0.1,0.9,0.91,0.01,0.01,
1775824719.177,219.177,0.09,0.1,0.9,0.91,0.01,0.01,
1775824719.602,219.602,0.09,0.1,0.9,0.91,0.01,0.01,
1775824719.964,219.964,0.08,0.09,0.91,0.92,0.01,0.01,
1775824720.334,220.334,0.08,0.09,0.91,0.92,0.01,0.01,
1775824720.947,220.947,0.08,0.09,0.91,0.92,0.01,0.01,
1775824721.472,221.472,0.06,0.07,0.93,0.94,0.01,0.01,
1775824722.26,222.26,0.06,0.07,0.93,0.94,0.01,0.01,
1775824722.852,222.852,0.05,0.06,0.93,0.94,0.01,0.01,
1775824723.421,223.421,0.04,0.05,0.95,0.96,0.01,0.01,
1775824723.912,223.912,0.04,0.05,0.95,0.96,0.01,0.01,
1775824724.405,224.405,0.04,0.05,0.95,0.96,0.01,0.01,
1775824724.748,224.748,0.04,0.06,0.95,0.96,0.02,0.01,
1775824725.271,225.271,0.05,0.06,0.94,0.95,0.01,0.01,
1775824725.911,225.911,0.05,0.06,0.94,0.95,0.01,0.01,
1775824726.551,226.551,0.05,0.06,0.94,0.96,0.01,0.02,
1775824727.143,227.143,0.05,0.06,0.94,0.95,0.01,0.01,
1775824727.531,227.531,0.05,0.06,0.94,0.95,0.01,0.01,
1775824728.39,228.39,0.05,0.06,0.94,0.95,0.01,0.01,
1775824728.731,228.731,0.05,0.06,0.94,0.95,0.01,0.01,
1775824729.102,229.102,0.09,0.1,0.91,0.92,0.01,0.01,
1775824729.469,229.469,0.09,0.1,0.9,0.91,0.01,0.01,
1775824729.881,229.881,0.09,0.1,0.9,0.91,0.01,0.01,
1775824730.257,230.257,0.07,0.08,0.92,0.93,0.01,0.01,
1775824730.656,230.656,0.04,0.05,0.95,0.96,0.01,0.01,
1775824731.462,231.462,0.03,0.04,0.96,0.97,0.01,0.01,
1775824731.846,231.846,0.03,0.04,0.96,0.97,0.01,0.01,
1775824732.186,232.186,0.03,0.04,0.96,0.97,0.01,0.01,
1775824732.701,232.701,0.03,0.04,0.96,0.97,0.01,0.01,
1775824733.09,233.09,0.02,0.03,0.97,0.98,0.01,0.01,
1775824733.576,233.576,0.02,0.03,0.97,0.98,0.01,0.01,
1775824733.95,233.95,0.02,0.03,0.97,0.98,0.01,0.01,
1775824734.335,234.335,0.01,0.02,0.98,0.99,0.01,0.01,
1775824734.691,234.691,0.01,0.02,0.98,0.99,0.01,0.01,
1775824735.117,235.117,0.01,0.02,0.98,0.99,0.01,0.01,
1775824735.456,235.456,0.01,0.02,0.98,0.99,0.01,0.01,
1775824735.803,235.803,0.01,0.02,0.98,0.99,0.01,0.01,
1775824736.281,236.281,0.01,0.02,0.98,0.99,0.01,0.01,
1775824736.621,236.621,0.01,0.02,0.98,0.99,0.01,0.01,
1775824737.05,237.05,0.01,0.02,0.98,0.99,0.01,0.01,
1775824737.595,237.595,0.01,0.02,0.97,0.99,0.01,0.02,
1775824738.113,238.113,0.01,0.02,0.98,0.99,0.01,0.01,
1775824738.498,238.498,0.01,0.02,0.98,0.99,0.01,0.01,
1775824739.085,239.085,0.01,0.02,0.98,0.99,0.01,0.01,
1775824739.616,239.616,0.02,0.03,0.97,0.98,0.01,0.01,
1775824740.092,240.092,0.02,0.03,0.97,0.98,0.01,0.01,
1775824740.475,240.475,0.02,0.03,0.97,0.98,0.01,0.01,
1775824740.916,240.916,0.01,0.02,0.97,0.98,0.01,0.01,
1775824741.31,241.31,0.01,0.02,0.98,0.99,0.01,0.01,
1775824741.652,241.652,0.01,0.02,0.98,0.99,0.01,0.01,
1775824742.136,242.136,0.01,0.02,0.98,0.99,0.01,0.01,
1775824742.501,242.501,0.01,0.02,0.98,0.99,0.01,0.01,
1775824742.854,242.854,0.01,0.02,0.98,0.99,0.01,0.01,
1775824743.385,243.385,0.01,0.02,0.98,0.99,0.01,0.01,
1775824743.755,243.755,0.01,0.03,0.98,0.99,0.02,0.01,
1775824744.109,244.109,0.02,0.03,0.97,0.98,0.01,0.01,
1775824744.573,244.573,0.02,0.03,0.97,0.99,0.01,0.02,
1775824744.989,244.989,0.01,0.02,0.98,0.99,0.01,0.01,
1775824745.507,245.507,0.01,0.02,0.98,0.99,0.01,0.01,
1775824745.893,245.893,0.01,0.02,0.98,0.99,0.01,0.01,
1775824746.292,246.292,0.01,0.02,0.98,0.99,0.01,0.01,
1775824746.651,246.651,0.01,0.02,0.98,0.99,0.01,0.01,
1775824746.992,246.992,0.01,0.02,0.98,0.99,0.01,0.01,
1775824747.383,247.383,0.01,0.02,0.98,0.99,0.01,0.01,
1775824747.736,247.736,0.01,0.02,0.98,0.99,0.01,0.01,
1775824748.346,248.346,0.01,0.02,0.98,0.99,0.01,0.01,
1775824748.773,248.773,0.01,0.02,0.98,0.99,0.01,0.01,
1775824749.465,249.465,0.01,0.02,0.98,0.99,0.01,0.01,
1775824749.904,249.904,0.01,0.02,0.98,0.99,0.01,0.01,
1775824750.327,250.327,0.01,0.02,0.98,0.99,0.01,0.01,
1775824750.808,250.808,0.01,0.02,0.98,0.99,0.01,0.01,
1775824751.146,251.146,0.01,0.02,0.98,0.99,0.01,0.01,
1775824751.572,251.572,0.01,0.02,0.98,0.99,0.01,0.01,
1775824751.929,251.929,0.01,0.02,0.98,0.99,0.01,0.01,
1775824752.33,252.33,0.01,0.01,0.98,0.99,0.0,0.01,
1775824752.674,252.674,0.01,0.01,0.99,0.99,0.0,0.0,
1775824753.112,253.112,0.01,0.01,0.99,0.99,0.0,0.0,
1775824753.879,253.879,0.01,0.01,0.99,0.99,0.0,0.0,
1775824754.371,254.371,0.01,0.01,0.99,0.99,0.0,0.0,
1775824754.83,254.83,0.01,0.01,0.99,0.99,0.0,0.0,
1775824755.167,255.167,0.01,0.01,0.99,0.99,0.0,0.0,
1775824755.62,255.62,0.01,0.01,0.99,0.99,0.0,0.0,
1775824756.255,256.255,0.01,0.01,0.99,0.99,0.0,0.0,
1775824756.733,256.733,0.01,0.01,0.99,0.99,0.0,0.0,
1775824757.136,257.136,0.01,0.01,0.99,0.99,0.0,0.0,
1775824757.49,257.49,0.01,0.01,0.99,0.99,0.0,0.0,
1775824757.851,257.851,0.01,0.01,0.99,0.99,0.0,0.0,
1775824758.586,258.586,0.01,0.01,0.99,0.99,0.0,0.0,
1775824759.015,259.015,0.01,0.01,0.99,0.99,0.0,0.0,
1775824759.454,259.454,0.01,0.01,0.99,0.99,0.0,0.0,
1775824759.907,259.907,0.01,0.01,0.99,0.99,0.0,0.0,
1775824760.576,260.576,0.01,0.01,0.99,0.99,0.0,0.0,
1775824761.069,261.069,0.01,0.01,0.99,0.99,0.0,0.0,
1775824762.897,262.897,0.01,0.01,0.99,0.99,0.0,0.0,
1775824765.117,265.117,0.01,0.01,0.99,0.99,0.0,0.0,
1775824765.729,265.729,0.01,0.01,0.99,0.99,0.0,0.0,
1775824766.127,266.127,0.01,0.01,0.99,0.99,0.0,0.0,
1775824766.731,266.731,0.01,0.01,0.99,0.99,0.0,0.0,
1775824767.205,267.205,0.01,0.01,0.99,0.99,0.0,0.0,
1775824767.795,267.795,0.01,0.01,0.99,0.99,0.0,0.0,
1775824768.639,268.639,0.01,0.01,0.99,0.99,0.0,0.0,
1775824769.239,269.239,0.01,0.01,0.99,0.99,0.0,0.0,
1775824770.505,270.505,0.01,0.01,0.99,0.99,0.0,0.0,
1775824772.326,272.326,0.01,0.01,0.99,0.99,0.0,0.0,
1775824772.849,272.849,0.01,0.01,0.99,0.99,0.0,0.0,
1775824774.463,274.463,0.01,0.01,0.99,0.99,0.0,0.0,
1775824775.056,275.056,0.01,0.01,0.99,0.99,0.0,0.0,
1775824775.716,275.716,0.01,0.01,0.99,0.99,0.0,0.0,
1775824776.108,276.108,0.01,0.01,0.99,0.99,0.0,0.0,
1775824776.564,276.564,0.01,0.01,0.99,0.99,0.0,0.0,
1775824777.189,277.189,0.01,0.01,0.99,0.99,0.0,0.0,
1775824778.009,278.009,0.01,0.01,0.99,0.99,0.0,0.0,
1775824779.361,279.361,0.01,0.01,0.99,0.99,0.0,0.0,
1775824779.83,279.83,0.01,0.01,0.99,0.99,0.0,0.0,
1775824780.328,280.328,0.01,0.01,0.99,0.99,0.0,0.0,
1775824781.732,281.732,0.01,0.01,0.99,0.99,0.0,0.0,
1775824782.651,282.651,0.01,0.01,0.99,0.99,0.0,0.0,
1775824783.067,283.067,0.01,0.01,0.99,0.99,0.0,0.0,
1775824783.605,283.605,0.01,0.01,0.99,0.99,0.0,0.0,
1775824784.004,284.004,0.01,0.01,0.99,0.99,0.0,0.0,
1775824784.381,284.381,0.01,0.01,0.99,0.99,0.0,0.0,
1775824784.731,284.731,0.01,0.01,0.99,0.99,0.0,0.0,
1775824785.307,285.307,0.01,0.01,0.99,0.99,0.0,0.0,
1775824785.729,285.729,0.01,0.01,0.99,0.99,0.0,0.0,
1775824786.115,286.115,0.01,0.01,0.99,0.99,0.0,0.0,
1775824786.546,286.546,0.01,0.01,0.99,0.99,0.0,0.0,
1775824787.017,287.017,0.01,0.01,0.99,0.99,0.0,0.0,
1775824787.454,287.454,0.01,0.01,0.99,0.99,0.0,0.0,
1775824787.877,287.877,0.01,0.01,0.99,0.99,0.0,0.0,
1775824788.275,288.275,0.01,0.01,0.99,0.99,0.0,0.0,
1775824788.69,288.69,0.01,0.01,0.99,0.99,0.0,0.0,
1775824789.11,289.11,0.01,0.01,0.99,0.99,0.0,0.0,
1775824789.79,289.79,0.01,0.01,0.99,0.99,0.0,0.0,
1775824790.269,290.269,0.01,0.06,0.99,0.99,0.05,0.0,
1775824790.683,290.683,0.01,0.02,0.97,0.99,0.01,0.02,
1775824791.12,291.12,0.01,0.02,0.98,0.99,0.01,0.01,
1775824791.458,291.458,0.02,0.06,0.96,0.99,0.04,0.03,
1775824791.814,291.814,0.01,0.02,0.98,0.99,0.01,0.01,
1775824792.276,292.276,0.01,0.01,0.98,0.99,0.0,0.01,
1775824792.665,292.665,0.01,0.01,0.99,0.99,0.0,0.0,
1775824793.045,293.045,0.01,0.01,0.99,0.99,0.0,0.0,
1775824793.607,293.607,0.01,0.01,0.99,0.99,0.0,0.0,
1775824794.013,294.013,0.01,0.01,0.99,0.99,0.0,0.0,
1775824794.4,294.4,0.01,0.01,0.99,0.99,0.0,0.0,
1775824794.735,294.735,0.01,0.01,0.99,0.99,0.0,0.0,
1775824795.773,295.773,0.01,0.01,0.99,0.99,0.0,0.0,
1775824796.136,296.136,0.01,0.01,0.99,0.99,0.0,0.0,
1775824797.526,297.526,0.01,0.01,0.99,0.99,0.0,0.0,
1775824797.888,297.888,0.01,0.01,0.99,0.99,0.0,0.0,
1775824798.584,298.584,0.01,0.01,0.99,0.99,0.0,0.0,
1775824800.452,300.452,0.01,0.01,0.99,0.99,0.0,0.0,
1775824800.906,300.906,0.01,0.01,0.99,0.99,0.0,0.0,

# RESULT,winner=unknown,slug=btc-updown-5m-1775824500,ticks=648
