timestamp,elapsed_sec,up_bid,up_ask,down_bid,down_ask,up_spread,down_spread,btc_price
1775823000.545,0.545,0.47,0.48,0.52,0.53,0.01,0.01,72151.44
1775823000.888,0.888,0.47,0.49,0.52,0.53,0.02,0.01,72151.44
1775823001.336,1.336,0.48,0.49,0.51,0.53,0.01,0.02,72150.58
1775823001.707,1.707,0.47,0.49,0.51,0.52,0.02,0.01,72150.58
1775823002.043,2.043,0.41,0.42,0.58,0.59,0.01,0.01,72150.58
1775823002.448,2.448,0.38,0.39,0.6,0.62,0.01,0.02,72150.23
1775823002.79,2.79,0.38,0.39,0.61,0.62,0.01,0.01,72150.23
1775823003.127,3.127,0.38,0.39,0.61,0.62,0.01,0.01,72150.23
1775823003.461,3.461,0.38,0.39,0.61,0.62,0.01,0.01,72147.33
1775823003.871,3.871,0.38,0.39,0.61,0.62,0.01,0.01,72147.33
1775823004.317,4.317,0.37,0.39,0.62,0.63,0.02,0.01,72147.33
1775823004.653,4.653,0.39,0.4,0.6,0.61,0.01,0.01,72134.88
1775823005.108,5.108,0.39,0.4,0.6,0.61,0.01,0.01,72131.37
1775823005.501,5.501,0.39,0.4,0.6,0.61,0.01,0.01,72131.37
1775823005.849,5.849,0.38,0.39,0.61,0.62,0.01,0.01,72131.37
1775823006.183,6.183,0.38,0.41,0.61,0.62,0.03,0.01,72130.1
1775823006.734,6.734,0.39,0.4,0.59,0.61,0.01,0.02,72130.1
1775823007.121,7.121,0.39,0.4,0.6,0.61,0.01,0.01,72130.1
1775823007.579,7.579,0.39,0.4,0.6,0.61,0.01,0.01,72129.95
1775823007.92,7.92,0.39,0.41,0.6,0.61,0.02,0.01,72129.95
1775823008.364,8.364,0.4,0.41,0.59,0.6,0.01,0.01,72129.79
1775823008.75,8.75,0.39,0.41,0.59,0.6,0.02,0.01,72129.79
1775823009.383,9.383,0.39,0.4,0.6,0.61,0.01,0.01,72129.79
1775823009.719,9.719,0.39,0.41,0.6,0.61,0.02,0.01,72129.76
1775823010.169,10.169,0.4,0.41,0.59,0.6,0.01,0.01,72129.58
1775823010.556,10.556,0.39,0.4,0.6,0.61,0.01,0.01,72129.58
1775823010.911,10.911,0.39,0.4,0.6,0.61,0.01,0.01,72129.58
1775823011.3,11.3,0.39,0.4,0.6,0.61,0.01,0.01,72129.54
1775823011.821,11.821,0.39,0.4,0.6,0.61,0.01,0.01,72129.54
1775823012.158,12.158,0.39,0.4,0.6,0.61,0.01,0.01,72129.54
1775823012.506,12.506,0.39,0.4,0.6,0.61,0.01,0.01,72129.72
1775823012.866,12.866,0.4,0.41,0.59,0.6,0.01,0.01,72129.72
1775823013.319,13.319,0.39,0.41,0.59,0.6,0.02,0.01,72129.72
1775823013.708,13.708,0.39,0.4,0.6,0.61,0.01,0.01,72129.72
1775823014.142,14.142,0.39,0.4,0.6,0.61,0.01,0.01,72129.91
1775823014.626,14.626,0.39,0.4,0.6,0.61,0.01,0.01,72129.91
1775823015.281,15.281,0.39,0.4,0.6,0.62,0.01,0.02,72131.08
1775823015.616,15.616,0.39,0.4,0.6,0.61,0.01,0.01,72129.93
1775823016.046,16.046,0.39,0.4,0.6,0.61,0.01,0.01,72129.93
1775823016.463,16.463,0.39,0.4,0.6,0.61,0.01,0.01,72129.93
1775823016.816,16.816,0.39,0.4,0.6,0.61,0.01,0.01,72129.93
1775823017.179,17.179,0.39,0.4,0.6,0.61,0.01,0.01,72129.93
1775823017.539,17.539,0.39,0.4,0.6,0.61,0.01,0.01,72129.93
1775823018.16,18.16,0.39,0.4,0.6,0.61,0.01,0.01,72129.91
1775823018.515,18.515,0.37,0.38,0.62,0.63,0.01,0.01,72129.91
1775823018.887,18.887,0.37,0.38,0.62,0.63,0.01,0.01,72130.33
1775823019.258,19.258,0.37,0.39,0.62,0.63,0.02,0.01,72130.33
1775823019.606,19.606,0.38,0.39,0.61,0.63,0.01,0.02,72129.65
1775823019.97,19.97,0.38,0.39,0.61,0.62,0.01,0.01,72129.65
1775823020.373,20.373,0.37,0.38,0.62,0.63,0.01,0.01,72129.65
1775823020.759,20.759,0.38,0.39,0.62,0.63,0.01,0.01,72128.37
1775823021.458,21.458,0.38,0.39,0.61,0.62,0.01,0.01,72127.46
1775823021.847,21.847,0.37,0.38,0.61,0.63,0.01,0.02,72127.46
1775823022.529,22.529,0.37,0.38,0.62,0.63,0.01,0.01,72127.46
1775823022.943,22.943,0.37,0.38,0.62,0.63,0.01,0.01,72126.87
1775823023.396,23.396,0.37,0.38,0.62,0.63,0.01,0.01,72126.84
1775823023.815,23.815,0.37,0.38,0.62,0.63,0.01,0.01,72126.84
1775823024.214,24.214,0.38,0.39,0.62,0.63,0.01,0.01,72126.84
1775823024.615,24.615,0.37,0.39,0.61,0.62,0.02,0.01,72126.75
1775823024.969,24.969,0.38,0.4,0.6,0.62,0.02,0.02,72126.75
1775823025.357,25.357,0.4,0.41,0.59,0.61,0.01,0.02,72126.64
1775823025.703,25.703,0.4,0.41,0.59,0.6,0.01,0.01,72126.64
1775823026.154,26.154,0.4,0.41,0.59,0.6,0.01,0.01,72126.64
1775823026.535,26.535,0.4,0.41,0.59,0.6,0.01,0.01,72126.64
1775823027.032,27.032,0.4,0.41,0.59,0.6,0.01,0.01,72126.55
1775823027.441,27.441,0.39,0.4,0.59,0.61,0.01,0.02,72127.46
1775823027.863,27.863,0.38,0.4,0.6,0.62,0.02,0.02,72127.46
1775823028.354,28.354,0.38,0.39,0.61,0.62,0.01,0.01,72127.87
1775823028.699,28.699,0.38,0.39,0.61,0.62,0.01,0.01,72127.87
1775823029.176,29.176,0.39,0.4,0.61,0.62,0.01,0.01,72127.87
1775823029.683,29.683,0.38,0.39,0.61,0.62,0.01,0.01,72127.87
1775823030.041,30.041,0.38,0.39,0.61,0.62,0.01,0.01,72127.88
1775823030.409,30.409,0.37,0.39,0.61,0.62,0.02,0.01,72127.88
1775823030.827,30.827,0.37,0.38,0.62,0.63,0.01,0.01,72127.42
1775823031.163,31.163,0.37,0.38,0.62,0.63,0.01,0.01,72127.52
1775823031.686,31.686,0.37,0.38,0.62,0.63,0.01,0.01,72127.52
1775823032.126,32.126,0.37,0.38,0.62,0.63,0.01,0.01,72127.52
1775823032.824,32.824,0.36,0.37,0.63,0.64,0.01,0.01,72127.75
1775823033.2,33.2,0.36,0.37,0.63,0.64,0.01,0.01,72128.13
1775823033.549,33.549,0.36,0.37,0.63,0.64,0.01,0.01,72128.13
1775823034.026,34.026,0.34,0.35,0.63,0.66,0.01,0.03,72128.13
1775823034.379,34.379,0.34,0.35,0.65,0.66,0.01,0.01,72128.69
1775823034.862,34.862,0.34,0.35,0.65,0.66,0.01,0.01,72128.69
1775823035.25,35.25,0.34,0.35,0.65,0.66,0.01,0.01,72128.69
1775823035.608,35.608,0.34,0.35,0.65,0.66,0.01,0.01,72128.69
1775823036.078,36.078,0.34,0.35,0.65,0.66,0.01,0.01,72128.27
1775823036.501,36.501,0.34,0.35,0.65,0.66,0.01,0.01,72128.27
1775823036.974,36.974,0.34,0.35,0.65,0.66,0.01,0.01,72128.27
1775823037.337,37.337,0.34,0.35,0.65,0.66,0.01,0.01,72128.27
1775823037.736,37.736,0.34,0.35,0.65,0.66,0.01,0.01,72128.12
1775823038.18,38.18,0.34,0.35,0.65,0.66,0.01,0.01,72128.12
1775823038.592,38.592,0.34,0.35,0.65,0.66,0.01,0.01,72128.12
1775823038.933,38.933,0.34,0.35,0.65,0.66,0.01,0.01,72128.12
1775823039.713,39.713,0.34,0.35,0.65,0.66,0.01,0.01,72126.47
1775823040.161,40.161,0.34,0.35,0.65,0.66,0.01,0.01,72126.47
1775823040.723,40.723,0.33,0.35,0.65,0.66,0.02,0.01,72126.47
1775823041.319,41.319,0.33,0.34,0.65,0.67,0.01,0.02,72126.24
1775823041.732,41.732,0.33,0.34,0.66,0.67,0.01,0.01,72126.09
1775823042.137,42.137,0.33,0.34,0.66,0.67,0.01,0.01,72126.09
1775823042.648,42.648,0.33,0.34,0.66,0.67,0.01,0.01,72125.66
1775823043.055,43.055,0.33,0.34,0.66,0.67,0.01,0.01,72125.66
1775823043.441,43.441,0.33,0.34,0.66,0.67,0.01,0.01,72125.66
1775823043.904,43.904,0.33,0.34,0.66,0.67,0.01,0.01,72125.56
1775823044.38,44.38,0.33,0.34,0.66,0.67,0.01,0.01,72125.56
1775823044.801,44.801,0.34,0.36,0.65,0.67,0.02,0.02,72125.75
1775823045.259,45.259,0.36,0.38,0.63,0.64,0.02,0.01,72125.75
1775823045.646,45.646,0.39,0.4,0.6,0.61,0.01,0.01,72126.3
1775823046.14,46.14,0.39,0.4,0.6,0.61,0.01,0.01,72126.64
1775823047.049,47.049,0.39,0.4,0.6,0.61,0.01,0.01,72126.64
1775823047.494,47.494,0.39,0.4,0.6,0.61,0.01,0.01,72129.12
1775823047.932,47.932,0.39,0.4,0.6,0.61,0.01,0.01,72129.12
1775823048.291,48.291,0.41,0.43,0.57,0.59,0.02,0.02,72129.61
1775823048.658,48.658,0.42,0.43,0.57,0.58,0.01,0.01,72129.61
1775823049.049,49.049,0.42,0.43,0.57,0.58,0.01,0.01,72129.61
1775823049.448,49.448,0.42,0.43,0.57,0.58,0.01,0.01,72129.61
1775823049.85,49.85,0.42,0.43,0.57,0.58,0.01,0.01,72129.61
1775823050.34,50.34,0.42,0.43,0.57,0.58,0.01,0.01,72129.61
1775823050.806,50.806,0.42,0.43,0.57,0.58,0.01,0.01,72131.02
1775823051.177,51.177,0.42,0.43,0.57,0.58,0.01,0.01,72131.02
1775823051.651,51.651,0.42,0.43,0.57,0.58,0.01,0.01,72131.02
1775823052.013,52.013,0.42,0.43,0.57,0.58,0.01,0.01,72131.02
1775823052.386,52.386,0.42,0.44,0.57,0.58,0.02,0.01,72132.44
1775823052.729,52.729,0.43,0.44,0.56,0.57,0.01,0.01,72132.44
1775823053.16,53.16,0.43,0.44,0.56,0.57,0.01,0.01,72132.44
1775823053.585,53.585,0.43,0.44,0.56,0.57,0.01,0.01,72132.54
1775823054.319,54.319,0.43,0.44,0.56,0.57,0.01,0.01,72133.0
1775823054.769,54.769,0.43,0.44,0.56,0.57,0.01,0.01,72133.0
1775823055.467,55.467,0.43,0.44,0.56,0.57,0.01,0.01,72133.21
1775823056.054,56.054,0.43,0.44,0.56,0.57,0.01,0.01,72133.3
1775823057.806,57.806,0.42,0.44,0.56,0.57,0.02,0.01,72133.43
1775823058.152,58.152,0.42,0.43,0.56,0.58,0.01,0.02,72133.43
1775823059.048,59.048,0.42,0.43,0.57,0.58,0.01,0.01,72133.43
1775823059.427,59.427,0.42,0.43,0.57,0.58,0.01,0.01,72133.43
1775823059.849,59.849,0.41,0.42,0.58,0.59,0.01,0.01,72133.39
1775823060.286,60.286,0.39,0.4,0.58,0.61,0.01,0.03,72133.39
1775823060.623,60.623,0.39,0.4,0.6,0.61,0.01,0.01,72133.42
1775823061.209,61.209,0.39,0.4,0.6,0.61,0.01,0.01,72133.78
1775823061.571,61.571,0.38,0.39,0.61,0.62,0.01,0.01,72133.78
1775823061.96,61.96,0.37,0.38,0.62,0.63,0.01,0.01,72133.78
1775823062.569,62.569,0.37,0.38,0.62,0.63,0.01,0.01,72133.78
1775823063.04,63.04,0.37,0.38,0.62,0.63,0.01,0.01,72133.45
1775823063.384,63.384,0.37,0.38,0.62,0.63,0.01,0.01,72133.45
1775823063.792,63.792,0.33,0.34,0.65,0.67,0.01,0.02,72133.23
1775823064.211,64.211,0.32,0.33,0.67,0.68,0.01,0.01,72132.38
1775823064.722,64.722,0.32,0.33,0.67,0.68,0.01,0.01,72132.38
1775823065.066,65.066,0.32,0.33,0.67,0.68,0.01,0.01,72132.38
1775823065.438,65.438,0.32,0.33,0.67,0.68,0.01,0.01,72132.38
1775823065.887,65.887,0.32,0.33,0.67,0.68,0.01,0.01,72131.81
1775823066.22,66.22,0.32,0.33,0.67,0.68,0.01,0.01,72131.81
1775823066.723,66.723,0.32,0.33,0.67,0.68,0.01,0.01,72130.41
1775823067.362,67.362,0.32,0.33,0.67,0.68,0.01,0.01,72130.11
1775823067.703,67.703,0.33,0.36,0.64,0.67,0.03,0.03,72130.11
1775823068.188,68.188,0.36,0.37,0.63,0.64,0.01,0.01,72130.11
1775823068.622,68.622,0.36,0.37,0.63,0.64,0.01,0.01,72129.95
1775823069.019,69.019,0.36,0.37,0.63,0.64,0.01,0.01,72129.95
1775823070.018,70.018,0.36,0.37,0.63,0.64,0.01,0.01,72130.3
1775823070.386,70.386,0.36,0.37,0.63,0.64,0.01,0.01,72130.3
1775823071.255,71.255,0.36,0.37,0.63,0.64,0.01,0.01,72131.03
1775823071.626,71.626,0.36,0.37,0.63,0.64,0.01,0.01,72131.03
1775823071.979,71.979,0.36,0.37,0.63,0.64,0.01,0.01,72131.03
1775823073.356,73.356,0.35,0.37,0.63,0.64,0.02,0.01,72130.71
1775823073.893,73.893,0.35,0.36,0.63,0.65,0.01,0.02,72130.71
1775823074.244,74.244,0.35,0.36,0.64,0.65,0.01,0.01,72130.71
1775823074.82,74.82,0.35,0.36,0.64,0.65,0.01,0.01,72130.6
1775823075.259,75.259,0.35,0.36,0.64,0.65,0.01,0.01,72130.58
1775823075.597,75.597,0.38,0.39,0.61,0.62,0.01,0.01,72130.58
1775823076.185,76.185,0.39,0.4,0.61,0.62,0.01,0.01,72130.58
1775823076.538,76.538,0.39,0.4,0.6,0.61,0.01,0.01,72130.58
1775823076.958,76.958,0.39,0.4,0.6,0.61,0.01,0.01,72130.58
1775823077.752,77.752,0.39,0.4,0.6,0.61,0.01,0.01,72130.79
1775823078.11,78.11,0.4,0.41,0.59,0.61,0.01,0.02,72130.79
1775823078.473,78.473,0.43,0.45,0.55,0.57,0.02,0.02,72131.93
1775823078.862,78.862,0.45,0.46,0.54,0.55,0.01,0.01,72131.93
1775823079.215,79.215,0.45,0.46,0.54,0.55,0.01,0.01,72131.93
1775823079.706,79.706,0.45,0.46,0.54,0.55,0.01,0.01,72132.27
1775823080.161,80.161,0.45,0.46,0.54,0.55,0.01,0.01,72137.48
1775823080.542,80.542,0.45,0.46,0.54,0.55,0.01,0.01,72137.48
1775823080.983,80.983,0.45,0.46,0.54,0.55,0.01,0.01,72137.48
1775823081.477,81.477,0.45,0.46,0.54,0.55,0.01,0.01,72139.06
1775823081.932,81.932,0.45,0.46,0.54,0.55,0.01,0.01,72139.06
1775823082.296,82.296,0.45,0.46,0.54,0.55,0.01,0.01,72139.06
1775823083.277,83.277,0.45,0.46,0.54,0.55,0.01,0.01,72139.14
1775823083.809,83.809,0.45,0.46,0.54,0.55,0.01,0.01,72139.14
1775823084.234,84.234,0.45,0.46,0.54,0.55,0.01,0.01,72139.14
1775823085.515,85.515,0.45,0.46,0.54,0.55,0.01,0.01,72139.66
1775823085.866,85.866,0.45,0.46,0.54,0.55,0.01,0.01,72139.66
1775823086.209,86.209,0.45,0.46,0.54,0.55,0.01,0.01,72139.66
1775823086.601,86.601,0.45,0.46,0.54,0.55,0.01,0.01,72139.66
1775823087.076,87.076,0.45,0.46,0.54,0.55,0.01,0.01,72139.72
1775823087.465,87.465,0.45,0.46,0.54,0.55,0.01,0.01,72139.72
1775823088.196,88.196,0.45,0.46,0.54,0.55,0.01,0.01,72139.75
1775823088.706,88.706,0.45,0.46,0.54,0.55,0.01,0.01,72139.71
1775823089.144,89.144,0.45,0.46,0.54,0.55,0.01,0.01,72139.71
1775823089.981,89.981,0.44,0.45,0.54,0.56,0.01,0.02,72139.71
1775823090.57,90.57,0.44,0.45,0.55,0.56,0.01,0.01,72139.84
1775823090.969,90.969,0.44,0.45,0.55,0.56,0.01,0.01,72139.84
1775823091.445,91.445,0.44,0.45,0.55,0.56,0.01,0.01,72139.38
1775823092.198,92.198,0.44,0.45,0.55,0.56,0.01,0.01,72139.38
1775823094.057,94.057,0.43,0.44,0.55,0.56,0.01,0.01,72139.38
1775823094.654,94.654,0.43,0.44,0.56,0.57,0.01,0.01,72139.38
1775823095.038,95.038,0.41,0.42,0.58,0.59,0.01,0.01,72139.38
1775823095.807,95.807,0.41,0.42,0.58,0.59,0.01,0.01,72139.38
1775823096.318,96.318,0.34,0.37,0.63,0.64,0.03,0.01,72139.04
1775823096.706,96.706,0.31,0.34,0.63,0.68,0.03,0.05,72139.04
1775823097.125,97.125,0.31,0.32,0.67,0.69,0.01,0.02,72139.04
1775823097.788,97.788,0.31,0.32,0.68,0.69,0.01,0.01,72137.73
1775823098.226,98.226,0.31,0.32,0.68,0.69,0.01,0.01,72134.9
1775823098.75,98.75,0.31,0.32,0.68,0.69,0.01,0.01,72134.9
1775823099.156,99.156,0.31,0.32,0.68,0.69,0.01,0.01,72134.9
1775823099.617,99.617,0.31,0.32,0.68,0.69,0.01,0.01,72129.85
1775823099.995,99.995,0.31,0.32,0.68,0.69,0.01,0.01,72129.85
1775823100.463,100.463,0.31,0.32,0.68,0.69,0.01,0.01,72129.86
1775823100.84,100.84,0.31,0.32,0.68,0.69,0.01,0.01,72129.86
1775823101.965,101.965,0.31,0.32,0.68,0.69,0.01,0.01,72129.48
1775823102.38,102.38,0.31,0.32,0.68,0.69,0.01,0.01,72129.48
1775823103.259,103.259,0.31,0.32,0.68,0.69,0.01,0.01,72129.08
1775823103.786,103.786,0.31,0.32,0.68,0.69,0.01,0.01,72129.08
1775823104.496,104.496,0.31,0.32,0.68,0.69,0.01,0.01,72128.76
1775823104.876,104.876,0.31,0.32,0.68,0.69,0.01,0.01,72128.76
1775823105.981,105.981,0.3,0.31,0.69,0.7,0.01,0.01,72128.76
1775823107.081,107.081,0.3,0.31,0.69,0.7,0.01,0.01,72128.46
1775823107.794,107.794,0.3,0.31,0.69,0.7,0.01,0.01,72128.39
1775823108.434,108.434,0.3,0.31,0.69,0.7,0.01,0.01,72128.39
1775823108.977,108.977,0.3,0.31,0.69,0.7,0.01,0.01,72128.39
1775823109.417,109.417,0.3,0.31,0.69,0.7,0.01,0.01,72128.39
1775823109.86,109.86,0.3,0.31,0.69,0.7,0.01,0.01,72128.43
1775823110.582,110.582,0.3,0.31,0.69,0.7,0.01,0.01,72128.43
1775823111.073,111.073,0.3,0.31,0.69,0.7,0.01,0.01,72128.43
1775823111.883,111.883,0.3,0.31,0.69,0.7,0.01,0.01,72128.23
1775823112.893,112.893,0.3,0.31,0.69,0.7,0.01,0.01,72128.16
1775823113.254,113.254,0.3,0.32,0.69,0.7,0.02,0.01,72128.16
1775823113.704,113.704,0.3,0.31,0.69,0.7,0.01,0.01,72128.18
1775823114.18,114.18,0.3,0.31,0.69,0.7,0.01,0.01,72128.17
1775823114.786,114.786,0.3,0.31,0.69,0.7,0.01,0.01,72128.17
1775823115.134,115.134,0.3,0.31,0.69,0.7,0.01,0.01,72128.17
1775823115.544,115.544,0.3,0.31,0.69,0.7,0.01,0.01,72128.12
1775823115.98,115.98,0.31,0.32,0.67,0.69,0.01,0.02,72128.12
1775823116.313,116.313,0.31,0.32,0.68,0.69,0.01,0.01,72128.12
1775823117.306,117.306,0.3,0.32,0.68,0.69,0.02,0.01,72127.97
1775823117.732,117.732,0.27,0.28,0.72,0.73,0.01,0.01,72127.97
1775823118.145,118.145,0.27,0.28,0.72,0.73,0.01,0.01,72127.97
1775823118.532,118.532,0.26,0.28,0.72,0.73,0.02,0.01,72127.97
1775823119.029,119.029,0.26,0.27,0.73,0.74,0.01,0.01,72127.97
1775823119.469,119.469,0.26,0.27,0.73,0.74,0.01,0.01,72127.47
1775823119.81,119.81,0.25,0.26,0.74,0.75,0.01,0.01,72127.47
1775823120.417,120.417,0.25,0.27,0.73,0.74,0.02,0.01,72123.31
1775823120.763,120.763,0.24,0.25,0.75,0.76,0.01,0.01,72123.31
1775823121.128,121.128,0.24,0.25,0.75,0.76,0.01,0.01,72123.31
1775823121.525,121.525,0.24,0.25,0.75,0.76,0.01,0.01,72122.67
1775823122.091,122.091,0.24,0.25,0.75,0.76,0.01,0.01,72122.67
1775823122.515,122.515,0.23,0.24,0.75,0.77,0.01,0.02,72122.38
1775823123.231,123.231,0.2,0.21,0.78,0.8,0.01,0.02,72122.08
1775823123.58,123.58,0.2,0.21,0.79,0.8,0.01,0.01,72122.08
1775823123.927,123.927,0.21,0.22,0.78,0.79,0.01,0.01,72122.08
1775823124.271,124.271,0.2,0.22,0.78,0.79,0.02,0.01,72119.77
1775823124.621,124.621,0.16,0.18,0.82,0.84,0.02,0.02,72119.77
1775823124.955,124.955,0.17,0.18,0.82,0.83,0.01,0.01,72119.77
1775823125.391,125.391,0.17,0.18,0.82,0.83,0.01,0.01,72116.3
1775823125.797,125.797,0.17,0.18,0.82,0.83,0.01,0.01,72116.3
1775823126.255,126.255,0.17,0.18,0.82,0.83,0.01,0.01,72115.16
1775823126.721,126.721,0.17,0.18,0.82,0.83,0.01,0.01,72115.16
1775823127.058,127.058,0.17,0.18,0.82,0.83,0.01,0.01,72115.16
1775823127.461,127.461,0.16,0.17,0.83,0.84,0.01,0.01,72112.42
1775823128.029,128.029,0.16,0.17,0.83,0.84,0.01,0.01,72112.42
1775823128.407,128.407,0.17,0.18,0.82,0.84,0.01,0.02,72111.89
1775823129.178,129.178,0.17,0.18,0.82,0.83,0.01,0.01,72111.76
1775823129.564,129.564,0.16,0.17,0.82,0.83,0.01,0.01,72111.76
1775823130.176,130.176,0.16,0.17,0.83,0.84,0.01,0.01,72111.79
1775823130.543,130.543,0.16,0.17,0.83,0.84,0.01,0.01,72111.79
1775823131.109,131.109,0.17,0.18,0.83,0.84,0.01,0.01,72111.79
1775823131.853,131.853,0.18,0.19,0.81,0.82,0.01,0.01,72111.79
1775823132.598,132.598,0.18,0.19,0.81,0.82,0.01,0.01,72111.54
1775823133.023,133.023,0.18,0.19,0.81,0.82,0.01,0.01,72111.54
1775823133.361,133.361,0.18,0.19,0.81,0.82,0.01,0.01,72112.01
1775823133.82,133.82,0.18,0.19,0.81,0.82,0.01,0.01,72112.01
1775823134.161,134.161,0.18,0.2,0.81,0.82,0.02,0.01,72112.01
1775823134.541,134.541,0.2,0.21,0.79,0.8,0.01,0.01,72112.18
1775823134.904,134.904,0.2,0.21,0.79,0.8,0.01,0.01,72112.18
1775823135.452,135.452,0.2,0.21,0.79,0.8,0.01,0.01,72112.18
1775823135.797,135.797,0.2,0.21,0.79,0.8,0.01,0.01,72112.18
1775823136.31,136.31,0.2,0.21,0.79,0.8,0.01,0.01,72113.44
1775823136.741,136.741,0.21,0.22,0.78,0.8,0.01,0.02,72113.44
1775823137.089,137.089,0.18,0.19,0.81,0.82,0.01,0.01,72113.44
1775823137.457,137.457,0.18,0.19,0.81,0.82,0.01,0.01,72113.55
1775823137.855,137.855,0.18,0.19,0.81,0.82,0.01,0.01,72113.55
1775823138.361,138.361,0.18,0.19,0.81,0.82,0.01,0.01,72113.55
1775823138.742,138.742,0.18,0.19,0.81,0.82,0.01,0.01,72113.63
1775823139.117,139.117,0.18,0.19,0.81,0.82,0.01,0.01,72112.9
1775823139.874,139.874,0.18,0.19,0.81,0.82,0.01,0.01,72112.9
1775823140.237,140.237,0.18,0.19,0.81,0.82,0.01,0.01,72112.84
1775823140.754,140.754,0.18,0.19,0.81,0.82,0.01,0.01,72112.84
1775823141.161,141.161,0.18,0.19,0.81,0.82,0.01,0.01,72112.84
1775823141.731,141.731,0.17,0.2,0.81,0.82,0.03,0.01,72112.7
1775823142.129,142.129,0.19,0.2,0.8,0.81,0.01,0.01,72112.82
1775823142.711,142.711,0.17,0.18,0.82,0.83,0.01,0.01,72112.82
1775823143.051,143.051,0.17,0.18,0.82,0.83,0.01,0.01,72112.82
1775823143.418,143.418,0.16,0.17,0.83,0.84,0.01,0.01,72112.84
1775823143.762,143.762,0.15,0.16,0.83,0.85,0.01,0.02,72112.84
1775823144.241,144.241,0.15,0.16,0.84,0.85,0.01,0.01,72112.84
1775823144.62,144.62,0.15,0.16,0.84,0.85,0.01,0.01,72112.56
1775823144.964,144.964,0.15,0.16,0.84,0.85,0.01,0.01,72111.63
1775823145.345,145.345,0.14,0.15,0.84,0.85,0.01,0.01,72111.63
1775823146.016,146.016,0.13,0.14,0.85,0.87,0.01,0.02,72111.63
1775823146.483,146.483,0.13,0.14,0.86,0.87,0.01,0.01,72111.63
1775823146.881,146.881,0.14,0.15,0.85,0.86,0.01,0.01,72111.63
1775823147.214,147.214,0.14,0.15,0.85,0.86,0.01,0.01,72110.54
1775823147.612,147.612,0.15,0.16,0.84,0.86,0.01,0.02,72110.08
1775823148.144,148.144,0.12,0.16,0.84,0.85,0.04,0.01,72110.08
1775823148.494,148.494,0.13,0.14,0.86,0.87,0.01,0.01,72109.74
1775823148.827,148.827,0.13,0.14,0.86,0.87,0.01,0.01,72109.74
1775823149.171,149.171,0.13,0.14,0.86,0.87,0.01,0.01,72109.74
1775823149.559,149.559,0.13,0.14,0.86,0.87,0.01,0.01,72109.74
1775823150.033,150.033,0.13,0.14,0.86,0.87,0.01,0.01,72109.74
1775823150.597,150.597,0.12,0.13,0.86,0.87,0.01,0.01,72109.54
1775823151.125,151.125,0.12,0.14,0.87,0.88,0.02,0.01,72109.54
1775823151.695,151.695,0.13,0.14,0.86,0.87,0.01,0.01,72109.53
1775823152.102,152.102,0.13,0.14,0.86,0.87,0.01,0.01,72109.53
1775823152.686,152.686,0.13,0.14,0.86,0.87,0.01,0.01,72109.53
1775823153.117,153.117,0.13,0.14,0.86,0.87,0.01,0.01,72109.53
1775823153.45,153.45,0.13,0.14,0.86,0.87,0.01,0.01,72109.53
1775823153.85,153.85,0.13,0.14,0.86,0.87,0.01,0.01,72109.75
1775823154.215,154.215,0.2,0.22,0.78,0.8,0.02,0.02,72109.49
1775823154.559,154.559,0.22,0.25,0.75,0.78,0.03,0.03,72109.49
1775823154.895,154.895,0.24,0.25,0.75,0.76,0.01,0.01,72109.49
1775823155.311,155.311,0.24,0.25,0.75,0.76,0.01,0.01,72111.95
1775823155.743,155.743,0.24,0.25,0.75,0.76,0.01,0.01,72111.95
1775823156.229,156.229,0.24,0.25,0.75,0.76,0.01,0.01,72111.95
1775823156.828,156.828,0.24,0.25,0.75,0.76,0.01,0.01,72122.6
1775823157.19,157.19,0.24,0.25,0.75,0.76,0.01,0.01,72122.6
1775823157.885,157.885,0.25,0.26,0.74,0.75,0.01,0.01,72121.18
1775823158.381,158.381,0.25,0.26,0.74,0.75,0.01,0.01,72121.18
1775823158.744,158.744,0.25,0.26,0.74,0.75,0.01,0.01,72121.18
1775823159.147,159.147,0.22,0.23,0.77,0.78,0.01,0.01,72121.27
1775823159.602,159.602,0.22,0.23,0.77,0.78,0.01,0.01,72121.27
1775823160.033,160.033,0.22,0.23,0.77,0.78,0.01,0.01,72121.27
1775823160.424,160.424,0.22,0.23,0.77,0.78,0.01,0.01,72121.2
1775823160.885,160.885,0.2,0.21,0.79,0.8,0.01,0.01,72121.2
1775823161.236,161.236,0.2,0.21,0.79,0.8,0.01,0.01,72121.2
1775823162.14,162.14,0.2,0.21,0.79,0.8,0.01,0.01,72120.18
1775823162.567,162.567,0.19,0.2,0.79,0.81,0.01,0.02,72120.25
1775823163.019,163.019,0.19,0.2,0.8,0.81,0.01,0.01,72120.25
1775823163.395,163.395,0.19,0.2,0.8,0.81,0.01,0.01,72120.25
1775823164.02,164.02,0.19,0.2,0.8,0.81,0.01,0.01,72119.41
1775823164.475,164.475,0.18,0.19,0.8,0.81,0.01,0.01,72120.05
1775823164.83,164.83,0.17,0.18,0.82,0.83,0.01,0.01,72120.05
1775823165.405,165.405,0.17,0.18,0.82,0.83,0.01,0.01,72119.75
1775823165.746,165.746,0.17,0.18,0.82,0.83,0.01,0.01,72119.75
1775823166.145,166.145,0.17,0.18,0.82,0.83,0.01,0.01,72118.74
1775823166.509,166.509,0.18,0.19,0.81,0.82,0.01,0.01,72118.74
1775823166.91,166.91,0.18,0.19,0.81,0.82,0.01,0.01,72118.74
1775823167.367,167.367,0.18,0.19,0.81,0.82,0.01,0.01,72118.86
1775823167.927,167.927,0.18,0.19,0.81,0.82,0.01,0.01,72118.86
1775823168.473,168.473,0.17,0.18,0.82,0.83,0.01,0.01,72119.18
1775823168.917,168.917,0.17,0.18,0.82,0.83,0.01,0.01,72119.18
1775823169.322,169.322,0.16,0.18,0.82,0.83,0.02,0.01,72118.46
1775823169.851,169.851,0.16,0.17,0.83,0.84,0.01,0.01,72118.46
1775823170.431,170.431,0.16,0.17,0.83,0.84,0.01,0.01,72118.18
1775823170.862,170.862,0.16,0.17,0.83,0.84,0.01,0.01,72118.18
1775823171.246,171.246,0.16,0.17,0.83,0.84,0.01,0.01,72118.18
1775823171.897,171.897,0.16,0.18,0.83,0.84,0.02,0.01,72118.18
1775823172.949,172.949,0.19,0.2,0.8,0.81,0.01,0.01,72117.76
1775823173.429,173.429,0.19,0.2,0.8,0.81,0.01,0.01,72117.76
1775823173.942,173.942,0.19,0.2,0.8,0.81,0.01,0.01,72117.76
1775823174.525,174.525,0.19,0.2,0.8,0.81,0.01,0.01,72119.07
1775823175.91,175.91,0.19,0.2,0.8,0.81,0.01,0.01,72119.73
1775823176.297,176.297,0.19,0.2,0.8,0.81,0.01,0.01,72119.86
1775823176.826,176.826,0.19,0.2,0.8,0.81,0.01,0.01,72119.86
1775823178.961,178.961,0.2,0.21,0.79,0.81,0.01,0.02,72119.77
1775823179.403,179.403,0.2,0.21,0.79,0.8,0.01,0.01,72119.77
1775823179.865,179.865,0.2,0.21,0.79,0.8,0.01,0.01,72120.35
1775823180.42,180.42,0.2,0.21,0.79,0.8,0.01,0.01,72120.55
1775823181.027,181.027,0.2,0.21,0.79,0.8,0.01,0.01,72120.55
1775823181.491,181.491,0.2,0.21,0.79,0.8,0.01,0.01,72120.55
1775823181.833,181.833,0.2,0.21,0.79,0.8,0.01,0.01,72120.71
1775823182.496,182.496,0.19,0.2,0.79,0.8,0.01,0.01,72120.54
1775823183.002,183.002,0.18,0.19,0.81,0.82,0.01,0.01,72120.54
1775823183.718,183.718,0.17,0.19,0.81,0.82,0.02,0.01,72120.53
1775823184.177,184.177,0.17,0.18,0.81,0.83,0.01,0.02,72120.53
1775823184.578,184.578,0.16,0.18,0.82,0.83,0.02,0.01,72120.52
1775823184.969,184.969,0.16,0.17,0.83,0.84,0.01,0.01,72120.52
1775823185.423,185.423,0.16,0.17,0.83,0.84,0.01,0.01,72120.52
1775823186.384,186.384,0.16,0.17,0.82,0.84,0.01,0.02,72119.89
1775823187.123,187.123,0.16,0.17,0.83,0.84,0.01,0.01,72119.68
1775823188.123,188.123,0.15,0.16,0.83,0.85,0.01,0.02,72119.6
1775823188.6,188.6,0.15,0.19,0.84,0.85,0.04,0.01,72119.56
1775823189.143,189.143,0.17,0.18,0.81,0.85,0.01,0.04,72119.56
1775823189.566,189.566,0.17,0.18,0.82,0.83,0.01,0.01,72119.21
1775823190.446,190.446,0.17,0.18,0.82,0.83,0.01,0.01,72119.21
1775823191.443,191.443,0.16,0.17,0.83,0.84,0.01,0.01,72118.94
1775823191.9,191.9,0.16,0.17,0.83,0.84,0.01,0.01,72118.94
1775823192.788,192.788,0.16,0.17,0.83,0.84,0.01,0.01,72118.89
1775823193.419,193.419,0.15,0.17,0.83,0.84,0.02,0.01,72118.87
1775823194.423,194.423,0.14,0.15,0.83,0.85,0.01,0.02,72118.87
1775823194.981,194.981,0.15,0.16,0.85,0.86,0.01,0.01,72118.87
1775823195.321,195.321,0.15,0.16,0.84,0.85,0.01,0.01,72118.87
1775823195.768,195.768,0.14,0.15,0.85,0.86,0.01,0.01,72118.87
1775823196.326,196.326,0.14,0.15,0.85,0.86,0.01,0.01,72118.57
1775823196.684,196.684,0.11,0.12,0.88,0.89,0.01,0.01,72118.57
1775823197.029,197.029,0.11,0.12,0.88,0.89,0.01,0.01,72118.57
1775823197.409,197.409,0.11,0.12,0.88,0.89,0.01,0.01,72118.46
1775823197.79,197.79,0.1,0.11,0.88,0.9,0.01,0.02,72118.46
1775823198.134,198.134,0.1,0.11,0.89,0.9,0.01,0.01,72118.46
1775823198.482,198.482,0.1,0.11,0.89,0.9,0.01,0.01,72118.29
1775823198.888,198.888,0.1,0.11,0.89,0.9,0.01,0.01,72118.29
1775823199.225,199.225,0.11,0.12,0.89,0.9,0.01,0.01,72118.29
1775823199.564,199.564,0.1,0.11,0.89,0.9,0.01,0.01,72116.28
1775823199.989,199.989,0.11,0.12,0.88,0.9,0.01,0.02,72116.28
1775823200.324,200.324,0.18,0.2,0.8,0.82,0.02,0.02,72115.92
1775823200.668,200.668,0.18,0.19,0.81,0.82,0.01,0.01,72115.92
1775823201.086,201.086,0.18,0.19,0.81,0.82,0.01,0.01,72115.92
1775823201.557,201.557,0.18,0.19,0.81,0.82,0.01,0.01,72116.33
1775823201.936,201.936,0.18,0.19,0.81,0.82,0.01,0.01,72116.33
1775823202.448,202.448,0.18,0.19,0.81,0.82,0.01,0.01,72117.37
1775823203.287,203.287,0.18,0.19,0.81,0.82,0.01,0.01,72117.37
1775823203.701,203.701,0.17,0.18,0.82,0.83,0.01,0.01,72122.78
1775823204.165,204.165,0.16,0.17,0.82,0.84,0.01,0.02,72122.78
1775823204.96,204.96,0.14,0.15,0.84,0.85,0.01,0.01,72122.07
1775823205.373,205.373,0.14,0.15,0.85,0.86,0.01,0.01,72122.07
1775823205.753,205.753,0.14,0.15,0.85,0.86,0.01,0.01,72122.07
1775823206.825,206.825,0.14,0.15,0.85,0.86,0.01,0.01,72121.2
1775823207.165,207.165,0.14,0.15,0.85,0.86,0.01,0.01,72120.86
1775823207.721,207.721,0.14,0.15,0.85,0.86,0.01,0.01,72120.86
1775823208.965,208.965,0.14,0.15,0.85,0.86,0.01,0.01,72119.71
1775823209.606,209.606,0.14,0.15,0.85,0.86,0.01,0.01,72119.7
1775823210.073,210.073,0.14,0.15,0.85,0.86,0.01,0.01,72119.7
1775823210.554,210.554,0.14,0.15,0.85,0.86,0.01,0.01,72119.47
1775823210.897,210.897,0.14,0.15,0.85,0.86,0.01,0.01,72119.47
1775823211.248,211.248,0.13,0.14,0.85,0.87,0.01,0.02,72119.44
1775823211.683,211.683,0.13,0.14,0.86,0.87,0.01,0.01,72119.44
1775823212.229,212.229,0.13,0.14,0.86,0.87,0.01,0.01,72119.44
1775823212.62,212.62,0.12,0.13,0.86,0.87,0.01,0.01,72119.35
1775823213.162,213.162,0.11,0.12,0.87,0.89,0.01,0.02,72119.35
1775823213.958,213.958,0.11,0.12,0.88,0.89,0.01,0.01,72119.42
1775823214.607,214.607,0.11,0.12,0.88,0.89,0.01,0.01,72119.25
1775823214.944,214.944,0.11,0.14,0.88,0.89,0.03,0.01,72119.25
1775823215.394,215.394,0.11,0.12,0.86,0.89,0.01,0.03,72117.7
1775823215.909,215.909,0.11,0.12,0.88,0.89,0.01,0.01,72117.7
1775823216.364,216.364,0.11,0.12,0.88,0.89,0.01,0.01,72117.5
1775823216.815,216.815,0.11,0.12,0.88,0.89,0.01,0.01,72117.5
1775823217.17,217.17,0.1,0.12,0.88,0.89,0.02,0.01,72117.5
1775823217.683,217.683,0.09,0.1,0.9,0.91,0.01,0.01,72117.47
1775823218.072,218.072,0.08,0.1,0.9,0.91,0.02,0.01,72117.47
1775823218.756,218.756,0.08,0.09,0.91,0.92,0.01,0.01,72116.63
1775823219.203,219.203,0.08,0.09,0.91,0.92,0.01,0.01,72115.68
1775823219.553,219.553,0.08,0.09,0.91,0.92,0.01,0.01,72115.68
1775823220.167,220.167,0.08,0.09,0.91,0.92,0.01,0.01,72114.19
1775823220.675,220.675,0.08,0.09,0.91,0.92,0.01,0.01,72114.19
1775823221.229,221.229,0.08,0.09,0.91,0.92,0.01,0.01,72114.19
1775823221.624,221.624,0.08,0.09,0.91,0.92,0.01,0.01,72111.88
1775823222.203,222.203,0.08,0.09,0.91,0.92,0.01,0.01,72111.88
1775823222.541,222.541,0.07,0.08,0.91,0.93,0.01,0.02,72111.88
1775823223.19,223.19,0.05,0.06,0.93,0.95,0.01,0.02,72111.88
1775823223.599,223.599,0.05,0.06,0.94,0.95,0.01,0.01,72111.56
1775823224.027,224.027,0.05,0.06,0.94,0.95,0.01,0.01,72111.56
1775823224.507,224.507,0.05,0.06,0.94,0.95,0.01,0.01,72110.83
1775823224.874,224.874,0.05,0.06,0.94,0.95,0.01,0.01,72110.83
1775823225.338,225.338,0.05,0.06,0.94,0.95,0.01,0.01,72110.83
1775823225.752,225.752,0.05,0.06,0.94,0.95,0.01,0.01,72110.46
1775823226.104,226.104,0.05,0.06,0.94,0.95,0.01,0.01,72109.82
1775823226.774,226.774,0.05,0.06,0.94,0.95,0.01,0.01,72109.82
1775823227.224,227.224,0.05,0.06,0.94,0.95,0.01,0.01,72109.3
1775823227.947,227.947,0.05,0.06,0.94,0.95,0.01,0.01,72109.3
1775823228.38,228.38,0.05,0.06,0.94,0.95,0.01,0.01,72109.3
1775823228.875,228.875,0.05,0.06,0.94,0.95,0.01,0.01,72109.3
1775823229.252,229.252,0.05,0.06,0.94,0.95,0.01,0.01,72109.3
1775823229.772,229.772,0.05,0.06,0.94,0.95,0.01,0.01,72109.3
1775823230.151,230.151,0.05,0.06,0.94,0.95,0.01,0.01,72108.47
1775823230.487,230.487,0.05,0.06,0.94,0.95,0.01,0.01,72108.47
1775823231.137,231.137,0.05,0.06,0.94,0.95,0.01,0.01,72108.47
1775823231.5,231.5,0.05,0.06,0.94,0.95,0.01,0.01,72107.66
1775823232.213,232.213,0.04,0.05,0.95,0.96,0.01,0.01,72106.78
1775823232.674,232.674,0.04,0.05,0.95,0.96,0.01,0.01,72106.78
1775823233.053,233.053,0.04,0.05,0.95,0.96,0.01,0.01,72106.78
1775823233.411,233.411,0.04,0.05,0.95,0.96,0.01,0.01,72106.78
1775823233.747,233.747,0.04,0.05,0.95,0.96,0.01,0.01,72106.78
1775823234.21,234.21,0.04,0.05,0.95,0.96,0.01,0.01,72106.78
1775823234.77,234.77,0.03,0.05,0.95,0.96,0.02,0.01,72105.83
1775823235.127,235.127,0.03,0.04,0.96,0.97,0.01,0.01,72105.83
1775823235.61,235.61,0.03,0.04,0.96,0.97,0.01,0.01,72105.83
1775823235.974,235.974,0.03,0.05,0.95,0.97,0.02,0.02,72103.32
1775823236.313,236.313,0.04,0.05,0.95,0.96,0.01,0.01,72103.32
1775823236.654,236.654,0.04,0.05,0.95,0.96,0.01,0.01,72102.53
1775823237.052,237.052,0.04,0.05,0.95,0.96,0.01,0.01,72102.51
1775823237.477,237.477,0.03,0.05,0.95,0.96,0.02,0.01,72102.51
1775823237.861,237.861,0.03,0.04,0.96,0.97,0.01,0.01,72102.51
1775823238.216,238.216,0.03,0.04,0.96,0.97,0.01,0.01,72102.51
1775823238.674,238.674,0.03,0.04,0.96,0.97,0.01,0.01,72102.51
1775823239.255,239.255,0.03,0.04,0.96,0.97,0.01,0.01,72103.94
1775823240.337,240.337,0.03,0.04,0.96,0.97,0.01,0.01,72104.06
1775823240.836,240.836,0.03,0.04,0.96,0.97,0.01,0.01,72104.06
1775823241.223,241.223,0.03,0.04,0.96,0.97,0.01,0.01,72104.85
1775823241.557,241.557,0.03,0.04,0.96,0.97,0.01,0.01,72104.85
1775823241.995,241.995,0.03,0.04,0.96,0.97,0.01,0.01,72104.85
1775823242.493,242.493,0.03,0.04,0.96,0.97,0.01,0.01,72104.86
1775823242.909,242.909,0.02,0.03,0.96,0.98,0.01,0.02,72104.73
1775823243.256,243.256,0.02,0.03,0.97,0.98,0.01,0.01,72104.73
1775823243.653,243.653,0.02,0.03,0.97,0.98,0.01,0.01,72104.73
1775823244.027,244.027,0.02,0.03,0.97,0.98,0.01,0.01,72104.73
1775823244.368,244.368,0.02,0.03,0.97,0.98,0.01,0.01,72104.73
1775823244.934,244.934,0.02,0.03,0.97,0.98,0.01,0.01,72104.59
1775823245.301,245.301,0.02,0.03,0.97,0.98,0.01,0.01,72104.59
1775823245.643,245.643,0.02,0.03,0.97,0.98,0.01,0.01,72104.56
1775823246.006,246.006,0.02,0.03,0.97,0.98,0.01,0.01,72104.56
1775823246.502,246.502,0.02,0.03,0.97,0.98,0.01,0.01,72104.55
1775823247.29,247.29,0.02,0.03,0.97,0.98,0.01,0.01,72104.55
1775823247.865,247.865,0.02,0.03,0.97,0.98,0.01,0.01,72104.55
1775823248.31,248.31,0.02,0.03,0.97,0.98,0.01,0.01,72103.99
1775823248.644,248.644,0.02,0.03,0.97,0.98,0.01,0.01,72103.99
1775823249.031,249.031,0.02,0.03,0.97,0.98,0.01,0.01,72103.99
1775823249.712,249.712,0.02,0.03,0.97,0.98,0.01,0.01,72102.74
1775823250.336,250.336,0.02,0.03,0.97,0.98,0.01,0.01,72102.74
1775823250.675,250.675,0.02,0.03,0.97,0.98,0.01,0.01,72102.72
1775823251.034,251.034,0.02,0.03,0.97,0.98,0.01,0.01,72102.72
1775823251.512,251.512,0.02,0.03,0.97,0.98,0.01,0.01,72102.7
1775823252.019,252.019,0.02,0.03,0.97,0.98,0.01,0.01,72102.7
1775823252.354,252.354,0.02,0.03,0.97,0.98,0.01,0.01,72102.27
1775823252.693,252.693,0.02,0.03,0.97,0.98,0.01,0.01,72102.27
1775823253.137,253.137,0.02,0.03,0.97,0.98,0.01,0.01,72102.27
1775823253.749,253.749,0.02,0.03,0.97,0.98,0.01,0.01,72101.14
1775823254.088,254.088,0.02,0.03,0.97,0.98,0.01,0.01,72101.14
1775823254.584,254.584,0.02,0.03,0.97,0.98,0.01,0.01,72102.06
1775823254.984,254.984,0.02,0.03,0.97,0.98,0.01,0.01,72102.06
1775823255.389,255.389,0.02,0.03,0.97,0.98,0.01,0.01,72103.17
1775823255.888,255.888,0.02,0.03,0.97,0.98,0.01,0.01,72103.17
1775823256.231,256.231,0.01,0.03,0.97,0.98,0.02,0.01,72103.17
1775823256.571,256.571,0.01,0.02,0.98,0.99,0.01,0.01,72102.76
1775823256.953,256.953,0.01,0.02,0.98,0.99,0.01,0.01,72102.76
1775823257.323,257.323,0.01,0.02,0.98,0.99,0.01,0.01,72102.68
1775823257.695,257.695,0.01,0.02,0.98,0.99,0.01,0.01,72102.68
1775823258.098,258.098,0.01,0.02,0.98,0.99,0.01,0.01,72102.68
1775823258.46,258.46,0.01,0.02,0.98,0.99,0.01,0.01,72102.49
1775823258.939,258.939,0.01,0.02,0.98,0.99,0.01,0.01,72102.49
1775823259.411,259.411,0.01,0.02,0.98,0.99,0.01,0.01,72102.49
1775823259.763,259.763,0.01,0.02,0.98,0.99,0.01,0.01,72102.22
1775823260.105,260.105,0.01,0.02,0.98,0.99,0.01,0.01,72102.22
1775823260.481,260.481,0.01,0.02,0.98,0.99,0.01,0.01,72102.22
1775823260.856,260.856,0.01,0.02,0.98,0.99,0.01,0.01,72101.23
1775823261.262,261.262,0.01,0.02,0.98,0.99,0.01,0.01,72101.23
1775823261.817,261.817,0.01,0.02,0.98,0.99,0.01,0.01,72101.23
1775823262.304,262.304,0.01,0.02,0.98,0.99,0.01,0.01,72101.17
1775823262.842,262.842,0.01,0.02,0.98,0.99,0.01,0.01,72101.17
1775823263.246,263.246,0.01,0.02,0.98,0.99,0.01,0.01,72101.17
1775823263.931,263.931,0.01,0.02,0.98,0.99,0.01,0.01,72101.21
1775823264.406,264.406,0.01,0.02,0.98,0.99,0.01,0.01,72101.21
1775823264.766,264.766,0.01,0.02,0.98,0.99,0.01,0.01,72101.21
1775823265.303,265.303,0.01,0.02,0.98,0.99,0.01,0.01,72101.21
1775823265.85,265.85,0.01,0.02,0.98,0.99,0.01,0.01,72101.21
1775823266.224,266.224,0.01,0.02,0.98,0.99,0.01,0.01,72101.21
1775823266.823,266.823,0.01,0.02,0.98,0.99,0.01,0.01,72101.18
1775823267.343,267.343,0.01,0.02,0.98,0.99,0.01,0.01,72101.51
1775823267.756,267.756,0.01,0.02,0.98,0.99,0.01,0.01,72101.51
1775823268.275,268.275,0.01,0.02,0.98,0.99,0.01,0.01,72101.54
1775823268.711,268.711,0.01,0.02,0.98,0.99,0.01,0.01,72101.54
1775823269.055,269.055,0.01,0.02,0.98,0.99,0.01,0.01,72101.54
1775823269.4,269.4,0.01,0.02,0.98,0.99,0.01,0.01,72101.54
1775823269.976,269.976,0.01,0.02,0.98,0.99,0.01,0.01,72101.54
1775823270.394,270.394,0.01,0.02,0.98,0.99,0.01,0.01,72102.85
1775823270.801,270.801,0.01,0.02,0.98,0.99,0.01,0.01,72102.85
1775823271.179,271.179,0.01,0.02,0.98,0.99,0.01,0.01,72102.85
1775823271.651,271.651,0.01,0.02,0.98,0.99,0.01,0.01,72105.01
1775823272.011,272.011,0.01,0.02,0.98,0.99,0.01,0.01,72105.01
1775823272.355,272.355,0.01,0.02,0.98,0.99,0.01,0.01,72105.49
1775823272.723,272.723,0.01,0.02,0.98,0.99,0.01,0.01,72105.49
1775823273.087,273.087,0.01,0.02,0.98,0.99,0.01,0.01,72105.27
1775823273.455,273.455,0.01,0.02,0.98,0.99,0.01,0.01,72105.27
1775823273.876,273.876,0.01,0.01,0.99,0.99,0.0,0.0,72105.27
1775823274.277,274.277,0.01,0.01,0.99,0.99,0.0,0.0,72105.27
1775823274.658,274.658,0.01,0.01,0.99,0.99,0.0,0.0,72105.27
1775823275.837,275.837,0.01,0.01,0.99,0.99,0.0,0.0,72105.38
1775823276.255,276.255,0.01,0.01,0.99,0.99,0.0,0.0,72105.38
1775823276.617,276.617,0.01,0.01,0.99,0.99,0.0,0.0,72104.9
1775823276.974,276.974,0.01,0.01,0.99,0.99,0.0,0.0,72104.9
1775823277.342,277.342,0.01,0.01,0.99,0.99,0.0,0.0,72104.5
1775823277.948,277.948,0.01,0.01,0.99,0.99,0.0,0.0,72104.5
1775823278.687,278.687,0.01,0.01,0.99,0.99,0.0,0.0,72104.5
1775823279.123,279.123,0.01,0.01,0.99,0.99,0.0,0.0,72104.39
1775823279.768,279.768,0.01,0.01,0.99,0.99,0.0,0.0,72104.37
1775823280.349,280.349,0.01,0.01,0.99,0.99,0.0,0.0,72104.37
1775823280.7,280.7,0.01,0.01,0.99,0.99,0.0,0.0,72104.39
1775823281.811,281.811,0.01,0.01,0.99,0.99,0.0,0.0,72104.45
1775823283.413,283.413,0.01,0.01,0.99,0.99,0.0,0.0,72104.58
1775823283.901,283.901,0.01,0.01,0.99,0.99,0.0,0.0,72104.54
1775823284.673,284.673,0.01,0.01,0.99,0.99,0.0,0.0,72104.54
1775823285.252,285.252,0.01,0.01,0.99,0.99,0.0,0.0,72104.54
1775823286.046,286.046,0.01,0.01,0.99,0.99,0.0,0.0,72104.56
1775823286.62,286.62,0.01,0.01,0.99,0.99,0.0,0.0,72104.56
1775823287.16,287.16,0.01,0.01,0.99,0.99,0.0,0.0,72104.56
1775823287.898,287.898,0.01,0.01,0.99,0.99,0.0,0.0,72104.56
1775823289.864,289.864,0.01,0.01,0.99,0.99,0.0,0.0,72104.48
1775823292.489,292.489,0.01,0.01,0.99,0.99,0.0,0.0,72102.23
1775823293.315,293.315,0.01,0.01,0.99,0.99,0.0,0.0,72101.02
1775823293.897,293.897,0.01,0.01,0.99,0.99,0.0,0.0,72101.59
1775823294.339,294.339,0.01,0.01,0.99,0.99,0.0,0.0,72101.59
1775823294.688,294.688,0.01,0.01,0.99,0.99,0.0,0.0,72101.59
1775823295.272,295.272,0.01,0.01,0.99,0.99,0.0,0.0,72101.59
1775823297.071,297.071,0.01,0.01,0.99,0.99,0.0,0.0,72097.91
1775823298.224,298.224,0.01,0.01,0.99,0.99,0.0,0.0,72096.74
1775823298.87,298.87,0.01,0.01,0.99,0.99,0.0,0.0,72096.74
1775823300.371,300.371,0.01,0.01,0.99,0.99,0.0,0.0,72096.66

# RESULT,winner=Down,slug=btc-updown-5m-1775823000,ticks=599
