timestamp,elapsed_sec,up_bid,up_ask,down_bid,down_ask,up_spread,down_spread,btc_price,btc_oracle_ts
1776361500.556,0.556,0.49,0.5,0.49,0.5,0.01,0.01,74396.19,1776361498000
1776361500.911,0.911,0.49,0.5,0.5,0.51,0.01,0.01,74392.7,1776361499000
1776361501.295,1.295,0.49,0.5,0.5,0.51,0.01,0.01,74392.7,1776361499000
1776361501.726,1.726,0.49,0.5,0.5,0.51,0.01,0.01,74391.69,1776361500000
1776361502.068,2.068,0.49,0.5,0.5,0.51,0.01,0.01,74391.69,1776361500000
1776361502.559,2.559,0.49,0.5,0.5,0.51,0.01,0.01,74391.69,1776361500000
1776361502.903,2.903,0.49,0.5,0.5,0.51,0.01,0.01,74387.72,1776361501000
1776361503.272,3.272,0.49,0.5,0.5,0.51,0.01,0.01,74387.72,1776361501000
1776361503.608,3.608,0.51,0.52,0.48,0.5,0.01,0.02,74387.85,1776361502000
1776361503.998,3.998,0.52,0.53,0.47,0.48,0.01,0.01,74387.85,1776361502000
1776361504.394,4.394,0.52,0.53,0.47,0.48,0.01,0.01,74387.85,1776361502000
1776361504.758,4.758,0.53,0.54,0.46,0.48,0.01,0.02,74387.69,1776361503000
1776361505.104,5.104,0.53,0.54,0.46,0.47,0.01,0.01,74387.69,1776361503000
1776361505.473,5.473,0.53,0.54,0.46,0.47,0.01,0.01,74393.66,1776361504000
1776361505.856,5.856,0.52,0.53,0.47,0.48,0.01,0.01,74393.66,1776361504000
1776361506.368,6.368,0.52,0.53,0.47,0.48,0.01,0.01,74393.66,1776361504000
1776361506.788,6.788,0.52,0.53,0.47,0.48,0.01,0.01,74396.25,1776361505000
1776361507.17,7.17,0.52,0.53,0.47,0.48,0.01,0.01,74396.25,1776361505000
1776361507.536,7.536,0.52,0.53,0.47,0.48,0.01,0.01,74395.74,1776361506000
1776361507.928,7.928,0.52,0.53,0.47,0.48,0.01,0.01,74395.74,1776361506000
1776361508.321,8.321,0.52,0.53,0.47,0.48,0.01,0.01,74394.33,1776361507000
1776361508.668,8.668,0.53,0.54,0.46,0.48,0.01,0.02,74394.33,1776361507000
1776361509.075,9.075,0.53,0.54,0.46,0.47,0.01,0.01,74394.33,1776361507000
1776361509.418,9.418,0.54,0.55,0.45,0.47,0.01,0.02,74395.09,1776361508000
1776361509.759,9.759,0.54,0.55,0.45,0.46,0.01,0.01,74395.09,1776361508000
1776361510.137,10.137,0.54,0.55,0.45,0.46,0.01,0.01,74395.09,1776361508000
1776361510.472,10.472,0.54,0.55,0.45,0.46,0.01,0.01,74395.09,1776361508000
1776361510.911,10.911,0.55,0.56,0.44,0.45,0.01,0.01,74396.76,1776361509000
1776361511.291,11.291,0.55,0.56,0.44,0.45,0.01,0.01,74396.76,1776361509000
1776361511.793,11.793,0.55,0.56,0.44,0.45,0.01,0.01,74401.31,1776361510000
1776361512.181,12.181,0.55,0.56,0.44,0.45,0.01,0.01,74401.31,1776361510000
1776361512.55,12.55,0.55,0.56,0.44,0.45,0.01,0.01,74401.63,1776361511000
1776361512.973,12.973,0.55,0.56,0.44,0.45,0.01,0.01,74401.63,1776361511000
1776361513.369,13.369,0.55,0.56,0.44,0.45,0.01,0.01,74403.68,1776361512000
1776361513.721,13.721,0.55,0.56,0.44,0.45,0.01,0.01,74403.68,1776361512000
1776361514.058,14.058,0.55,0.56,0.44,0.45,0.01,0.01,74403.68,1776361512000
1776361514.504,14.504,0.55,0.56,0.44,0.45,0.01,0.01,74403.68,1776361512000
1776361514.976,14.976,0.55,0.56,0.44,0.45,0.01,0.01,74403.49,1776361513000
1776361515.47,15.47,0.55,0.56,0.44,0.45,0.01,0.01,74403.49,1776361513000
1776361516.204,16.204,0.55,0.56,0.44,0.45,0.01,0.01,74402.19,1776361514000
1776361516.654,16.654,0.52,0.53,0.46,0.48,0.01,0.02,74401.8,1776361515000
1776361517.055,17.055,0.52,0.53,0.47,0.48,0.01,0.01,74401.8,1776361515000
1776361517.39,17.39,0.52,0.53,0.47,0.48,0.01,0.01,74401.8,1776361516000
1776361517.868,17.868,0.52,0.53,0.47,0.48,0.01,0.01,74401.8,1776361516000
1776361518.295,18.295,0.5,0.51,0.47,0.5,0.01,0.03,74401.8,1776361516000
1776361518.63,18.63,0.49,0.51,0.49,0.51,0.02,0.02,74401.8,1776361516000
1776361519.155,19.155,0.49,0.5,0.5,0.51,0.01,0.01,74396.29,1776361517000
1776361519.561,19.561,0.49,0.5,0.5,0.51,0.01,0.01,74396.29,1776361517000
1776361519.938,19.938,0.49,0.5,0.5,0.51,0.01,0.01,74394.38,1776361518000
1776361520.38,20.38,0.48,0.49,0.51,0.52,0.01,0.01,74394.38,1776361518000
1776361520.796,20.796,0.48,0.49,0.51,0.52,0.01,0.01,74391.62,1776361519000
1776361521.304,21.304,0.48,0.49,0.51,0.52,0.01,0.01,74386.79,1776361520000
1776361521.721,21.721,0.48,0.49,0.51,0.52,0.01,0.01,74386.79,1776361520000
1776361522.128,22.128,0.48,0.49,0.51,0.52,0.01,0.01,74386.79,1776361520000
1776361522.673,22.673,0.48,0.49,0.51,0.52,0.01,0.01,74386.79,1776361520000
1776361523.234,23.234,0.48,0.49,0.51,0.52,0.01,0.01,74386.79,1776361520000
1776361523.611,23.611,0.47,0.48,0.52,0.53,0.01,0.01,74385.99,1776361522000
1776361523.98,23.98,0.46,0.47,0.53,0.54,0.01,0.01,74385.99,1776361522000
1776361524.317,24.317,0.46,0.47,0.53,0.54,0.01,0.01,74386.0,1776361523000
1776361525.317,25.317,0.46,0.47,0.53,0.54,0.01,0.01,74386.0,1776361523000
1776361525.923,25.923,0.46,0.47,0.53,0.54,0.01,0.01,74384.01,1776361524000
1776361526.378,26.378,0.46,0.47,0.53,0.54,0.01,0.01,74384.01,1776361524000
1776361526.923,26.923,0.46,0.47,0.53,0.54,0.01,0.01,74381.09,1776361525000
1776361527.276,27.276,0.45,0.46,0.54,0.55,0.01,0.01,74380.67,1776361526000
1776361527.848,27.848,0.45,0.46,0.54,0.55,0.01,0.01,74380.67,1776361526000
1776361528.246,28.246,0.45,0.46,0.54,0.55,0.01,0.01,74380.67,1776361526000
1776361528.595,28.595,0.45,0.46,0.54,0.55,0.01,0.01,74381.37,1776361527000
1776361528.934,28.934,0.45,0.46,0.54,0.55,0.01,0.01,74381.37,1776361527000
1776361529.294,29.294,0.43,0.45,0.55,0.57,0.02,0.02,74380.66,1776361528000
1776361529.678,29.678,0.42,0.45,0.55,0.58,0.03,0.03,74380.66,1776361528000
1776361530.021,30.021,0.41,0.44,0.56,0.59,0.03,0.03,74380.66,1776361528000
1776361530.391,30.391,0.4,0.42,0.58,0.6,0.02,0.02,74380.66,1776361528000
1776361530.739,30.739,0.4,0.41,0.59,0.6,0.01,0.01,74379.44,1776361529000
1776361531.102,31.102,0.4,0.41,0.59,0.6,0.01,0.01,74371.46,1776361530000
1776361531.479,31.479,0.4,0.41,0.59,0.6,0.01,0.01,74371.46,1776361530000
1776361531.885,31.885,0.39,0.4,0.59,0.61,0.01,0.02,74371.46,1776361530000
1776361532.228,32.228,0.39,0.4,0.6,0.61,0.01,0.01,74366.4,1776361531000
1776361533.026,33.026,0.39,0.4,0.6,0.61,0.01,0.01,74366.6,1776361532000
1776361533.433,33.433,0.39,0.4,0.6,0.61,0.01,0.01,74366.6,1776361532000
1776361533.777,33.777,0.39,0.4,0.6,0.61,0.01,0.01,74366.6,1776361532000
1776361534.272,34.272,0.39,0.4,0.6,0.61,0.01,0.01,74366.07,1776361533000
1776361534.694,34.694,0.39,0.4,0.6,0.61,0.01,0.01,74366.07,1776361533000
1776361535.043,35.043,0.38,0.39,0.6,0.61,0.01,0.01,74365.74,1776361534000
1776361535.458,35.458,0.38,0.39,0.61,0.62,0.01,0.01,74365.74,1776361534000
1776361536.084,36.084,0.38,0.39,0.61,0.62,0.01,0.01,74366.3,1776361535000
1776361536.443,36.443,0.37,0.38,0.62,0.63,0.01,0.01,74366.3,1776361535000
1776361536.915,36.915,0.37,0.38,0.62,0.63,0.01,0.01,74366.3,1776361535000
1776361537.249,37.249,0.37,0.38,0.62,0.63,0.01,0.01,74365.07,1776361536000
1776361537.584,37.584,0.37,0.38,0.62,0.63,0.01,0.01,74365.07,1776361536000
1776361538.115,38.115,0.37,0.38,0.62,0.63,0.01,0.01,74365.07,1776361536000
1776361538.495,38.495,0.37,0.38,0.62,0.63,0.01,0.01,74365.07,1776361536000
1776361538.848,38.848,0.37,0.38,0.62,0.63,0.01,0.01,74365.07,1776361536000
1776361539.195,39.195,0.37,0.38,0.62,0.63,0.01,0.01,74361.9,1776361538000
1776361539.601,39.601,0.37,0.38,0.62,0.63,0.01,0.01,74361.9,1776361538000
1776361540.026,40.026,0.37,0.38,0.62,0.63,0.01,0.01,74361.9,1776361538000
1776361540.574,40.574,0.37,0.38,0.62,0.63,0.01,0.01,74361.97,1776361539000
1776361540.964,40.964,0.37,0.38,0.62,0.63,0.01,0.01,74361.97,1776361539000
1776361541.381,41.381,0.37,0.38,0.62,0.63,0.01,0.01,74365.1,1776361540000
1776361541.757,41.757,0.37,0.38,0.62,0.63,0.01,0.01,74365.1,1776361540000
1776361542.095,42.095,0.37,0.38,0.62,0.63,0.01,0.01,74365.23,1776361541000
1776361542.466,42.466,0.37,0.38,0.62,0.63,0.01,0.01,74365.23,1776361541000
1776361542.821,42.821,0.37,0.38,0.62,0.63,0.01,0.01,74365.23,1776361541000
1776361543.162,43.162,0.37,0.38,0.62,0.63,0.01,0.01,74365.35,1776361542000
1776361543.584,43.584,0.37,0.38,0.62,0.63,0.01,0.01,74365.35,1776361542000
1776361543.931,43.931,0.37,0.38,0.62,0.63,0.01,0.01,74365.35,1776361542000
1776361544.297,44.297,0.37,0.38,0.62,0.63,0.01,0.01,74365.5,1776361543000
1776361544.649,44.649,0.37,0.38,0.62,0.63,0.01,0.01,74365.5,1776361543000
1776361545.126,45.126,0.37,0.38,0.62,0.63,0.01,0.01,74365.5,1776361543000
1776361545.466,45.466,0.37,0.38,0.62,0.63,0.01,0.01,74365.27,1776361544000
1776361545.919,45.919,0.37,0.39,0.62,0.63,0.02,0.01,74365.27,1776361544000
1776361546.264,46.264,0.38,0.39,0.61,0.62,0.01,0.01,74365.76,1776361545000
1776361546.777,46.777,0.38,0.39,0.61,0.62,0.01,0.01,74365.76,1776361545000
1776361547.141,47.141,0.38,0.39,0.61,0.62,0.01,0.01,74365.76,1776361545000
1776361547.491,47.491,0.38,0.39,0.61,0.62,0.01,0.01,74365.52,1776361546000
1776361547.844,47.844,0.38,0.39,0.61,0.62,0.01,0.01,74365.52,1776361546000
1776361548.28,48.28,0.37,0.39,0.61,0.63,0.02,0.02,74365.62,1776361547000
1776361548.701,48.701,0.37,0.38,0.62,0.63,0.01,0.01,74365.62,1776361547000
1776361549.192,49.192,0.36,0.38,0.62,0.63,0.02,0.01,74365.62,1776361547000
1776361549.64,49.64,0.36,0.37,0.63,0.64,0.01,0.01,74365.51,1776361548000
1776361550.005,50.005,0.36,0.37,0.63,0.64,0.01,0.01,74365.12,1776361549000
1776361550.34,50.34,0.35,0.37,0.63,0.65,0.02,0.02,74365.12,1776361549000
1776361550.696,50.696,0.33,0.35,0.65,0.67,0.02,0.02,74365.12,1776361549000
1776361551.031,51.031,0.33,0.34,0.66,0.67,0.01,0.01,74365.12,1776361549000
1776361551.39,51.39,0.32,0.33,0.66,0.67,0.01,0.01,74362.36,1776361550000
1776361551.751,51.751,0.32,0.33,0.67,0.68,0.01,0.01,74362.36,1776361550000
1776361552.091,52.091,0.31,0.32,0.68,0.69,0.01,0.01,74362.36,1776361550000
1776361552.436,52.436,0.31,0.32,0.68,0.69,0.01,0.01,74351.27,1776361551000
1776361552.84,52.84,0.31,0.32,0.68,0.69,0.01,0.01,74351.27,1776361551000
1776361553.306,53.306,0.3,0.32,0.68,0.69,0.02,0.01,74347.33,1776361552000
1776361553.643,53.643,0.3,0.31,0.68,0.7,0.01,0.02,74347.33,1776361552000
1776361554.071,54.071,0.3,0.31,0.69,0.7,0.01,0.01,74347.33,1776361552000
1776361554.754,54.754,0.3,0.31,0.69,0.7,0.01,0.01,74347.6,1776361553000
1776361555.102,55.102,0.3,0.31,0.69,0.7,0.01,0.01,74347.6,1776361553000
1776361555.449,55.449,0.3,0.31,0.69,0.7,0.01,0.01,74347.6,1776361553000
1776361555.846,55.846,0.3,0.31,0.69,0.7,0.01,0.01,74347.6,1776361553000
1776361556.234,56.234,0.29,0.31,0.69,0.7,0.02,0.01,74347.6,1776361553000
1776361556.638,56.638,0.29,0.3,0.69,0.71,0.01,0.02,74346.87,1776361555000
1776361557.029,57.029,0.29,0.3,0.7,0.71,0.01,0.01,74345.72,1776361556000
1776361557.376,57.376,0.29,0.3,0.7,0.71,0.01,0.01,74345.72,1776361556000
1776361557.731,57.731,0.29,0.3,0.7,0.71,0.01,0.01,74345.72,1776361556000
1776361558.136,58.136,0.29,0.3,0.7,0.71,0.01,0.01,74345.72,1776361556000
1776361558.505,58.505,0.28,0.29,0.71,0.72,0.01,0.01,74345.56,1776361557000
1776361558.967,58.967,0.28,0.29,0.71,0.72,0.01,0.01,74345.56,1776361557000
1776361559.303,59.303,0.28,0.29,0.71,0.72,0.01,0.01,74345.56,1776361557000
1776361559.74,59.74,0.28,0.29,0.71,0.72,0.01,0.01,74345.15,1776361558000
1776361560.093,60.093,0.28,0.29,0.71,0.72,0.01,0.01,74345.15,1776361559000
1776361560.439,60.439,0.28,0.29,0.71,0.72,0.01,0.01,74345.15,1776361559000
1776361560.986,60.986,0.28,0.29,0.71,0.72,0.01,0.01,74345.15,1776361559000
1776361561.326,61.326,0.27,0.29,0.71,0.72,0.02,0.01,74344.26,1776361560000
1776361561.665,61.665,0.27,0.28,0.72,0.73,0.01,0.01,74344.26,1776361560000
1776361562.012,62.012,0.27,0.28,0.72,0.73,0.01,0.01,74344.26,1776361560000
1776361562.549,62.549,0.27,0.28,0.72,0.73,0.01,0.01,74344.29,1776361561000
1776361563.113,63.113,0.26,0.27,0.73,0.74,0.01,0.01,74344.29,1776361561000
1776361563.502,63.502,0.26,0.27,0.73,0.74,0.01,0.01,74344.29,1776361561000
1776361563.854,63.854,0.26,0.28,0.72,0.74,0.02,0.02,74341.28,1776361562000
1776361564.239,64.239,0.27,0.28,0.72,0.73,0.01,0.01,74340.28,1776361563000
1776361564.601,64.601,0.27,0.28,0.72,0.73,0.01,0.01,74340.28,1776361563000
1776361564.953,64.953,0.27,0.28,0.72,0.73,0.01,0.01,74340.28,1776361563000
1776361565.292,65.292,0.27,0.28,0.72,0.73,0.01,0.01,74341.64,1776361564000
1776361565.63,65.63,0.27,0.28,0.72,0.73,0.01,0.01,74341.64,1776361564000
1776361565.966,65.966,0.27,0.29,0.72,0.73,0.02,0.01,74341.64,1776361564000
1776361566.648,66.648,0.28,0.29,0.71,0.73,0.01,0.02,74342.42,1776361565000
1776361567.15,67.15,0.28,0.29,0.71,0.72,0.01,0.01,74342.42,1776361565000
1776361567.709,67.709,0.28,0.29,0.71,0.72,0.01,0.01,74342.71,1776361566000
1776361568.132,68.132,0.28,0.29,0.71,0.72,0.01,0.01,74342.98,1776361567000
1776361568.468,68.468,0.28,0.29,0.71,0.72,0.01,0.01,74342.98,1776361567000
1776361568.836,68.836,0.28,0.29,0.71,0.72,0.01,0.01,74342.98,1776361567000
1776361569.192,69.192,0.25,0.26,0.74,0.76,0.01,0.02,74339.42,1776361568000
1776361569.534,69.534,0.25,0.27,0.72,0.75,0.02,0.03,74339.42,1776361568000
1776361569.955,69.955,0.25,0.26,0.74,0.75,0.01,0.01,74339.42,1776361568000
1776361570.489,70.489,0.25,0.26,0.74,0.75,0.01,0.01,74335.15,1776361569000
1776361570.937,70.937,0.25,0.26,0.74,0.75,0.01,0.01,74335.15,1776361569000
1776361571.321,71.321,0.25,0.26,0.74,0.75,0.01,0.01,74334.59,1776361570000
1776361571.655,71.655,0.25,0.26,0.74,0.75,0.01,0.01,74334.59,1776361570000
1776361571.99,71.99,0.25,0.26,0.74,0.75,0.01,0.01,74334.59,1776361570000
1776361572.409,72.409,0.25,0.26,0.74,0.75,0.01,0.01,74338.12,1776361571000
1776361572.986,72.986,0.25,0.26,0.74,0.75,0.01,0.01,74338.12,1776361571000
1776361573.35,73.35,0.25,0.26,0.74,0.75,0.01,0.01,74338.31,1776361572000
1776361573.788,73.788,0.25,0.26,0.74,0.75,0.01,0.01,74338.31,1776361572000
1776361574.162,74.162,0.25,0.26,0.74,0.75,0.01,0.01,74338.31,1776361572000
1776361574.744,74.744,0.25,0.26,0.74,0.75,0.01,0.01,74337.74,1776361573000
1776361575.09,75.09,0.25,0.26,0.74,0.75,0.01,0.01,74337.74,1776361573000
1776361575.476,75.476,0.25,0.27,0.74,0.75,0.02,0.01,74337.69,1776361574000
1776361575.84,75.84,0.26,0.27,0.73,0.74,0.01,0.01,74337.69,1776361574000
1776361576.194,76.194,0.26,0.27,0.73,0.74,0.01,0.01,74337.69,1776361574000
1776361576.589,76.589,0.26,0.27,0.73,0.74,0.01,0.01,74337.68,1776361575000
1776361576.926,76.926,0.27,0.28,0.72,0.74,0.01,0.02,74337.68,1776361575000
1776361577.371,77.371,0.29,0.3,0.7,0.72,0.01,0.02,74337.02,1776361576000
1776361578.284,78.284,0.29,0.3,0.7,0.71,0.01,0.01,74340.89,1776361577000
1776361578.656,78.656,0.29,0.31,0.69,0.71,0.02,0.02,74340.89,1776361577000
1776361579.174,79.174,0.31,0.32,0.68,0.69,0.01,0.01,74340.89,1776361577000
1776361579.552,79.552,0.31,0.32,0.68,0.69,0.01,0.01,74345.22,1776361578000
1776361579.964,79.964,0.31,0.32,0.68,0.7,0.01,0.02,74345.22,1776361578000
1776361580.344,80.344,0.3,0.31,0.69,0.7,0.01,0.01,74351.4,1776361579000
1776361580.7,80.7,0.26,0.28,0.71,0.74,0.02,0.03,74351.4,1776361579000
1776361581.074,81.074,0.25,0.27,0.73,0.75,0.02,0.02,74351.4,1776361579000
1776361581.534,81.534,0.25,0.26,0.74,0.75,0.01,0.01,74352.07,1776361580000
1776361581.892,81.892,0.25,0.26,0.74,0.75,0.01,0.01,74352.07,1776361580000
1776361582.401,82.401,0.24,0.25,0.74,0.75,0.01,0.01,74341.98,1776361581000
1776361582.779,82.779,0.24,0.25,0.75,0.76,0.01,0.01,74341.98,1776361581000
1776361583.782,83.782,0.24,0.25,0.75,0.76,0.01,0.01,74340.72,1776361582000
1776361584.142,84.142,0.24,0.25,0.75,0.76,0.01,0.01,74337.22,1776361583000
1776361584.832,84.832,0.24,0.25,0.75,0.76,0.01,0.01,74337.22,1776361583000
1776361585.167,85.167,0.24,0.25,0.75,0.76,0.01,0.01,74337.22,1776361583000
1776361585.616,85.616,0.25,0.26,0.74,0.75,0.01,0.01,74338.33,1776361584000
1776361586.032,86.032,0.25,0.26,0.74,0.75,0.01,0.01,74338.33,1776361584000
1776361586.56,86.56,0.25,0.26,0.74,0.75,0.01,0.01,74340.81,1776361585000
1776361587.027,87.027,0.25,0.26,0.74,0.75,0.01,0.01,74340.81,1776361585000
1776361587.362,87.362,0.25,0.26,0.74,0.75,0.01,0.01,74341.4,1776361586000
1776361587.757,87.757,0.25,0.26,0.74,0.75,0.01,0.01,74341.4,1776361586000
1776361588.232,88.232,0.25,0.26,0.74,0.75,0.01,0.01,74341.4,1776361586000
1776361588.618,88.618,0.25,0.26,0.74,0.75,0.01,0.01,74341.39,1776361587000
1776361589.403,89.403,0.25,0.26,0.74,0.75,0.01,0.01,74341.15,1776361588000
1776361589.854,89.854,0.25,0.26,0.74,0.75,0.01,0.01,74341.15,1776361588000
1776361590.231,90.231,0.25,0.26,0.74,0.75,0.01,0.01,74341.16,1776361589000
1776361590.588,90.588,0.25,0.26,0.74,0.75,0.01,0.01,74341.16,1776361589000
1776361590.923,90.923,0.25,0.26,0.74,0.75,0.01,0.01,74341.16,1776361589000
1776361591.292,91.292,0.25,0.26,0.74,0.75,0.01,0.01,74341.15,1776361590000
1776361591.672,91.672,0.25,0.26,0.74,0.75,0.01,0.01,74341.15,1776361590000
1776361592.21,92.21,0.25,0.26,0.74,0.75,0.01,0.01,74341.15,1776361590000
1776361592.631,92.631,0.25,0.26,0.74,0.75,0.01,0.01,74341.17,1776361591000
1776361593.022,93.022,0.25,0.26,0.74,0.75,0.01,0.01,74341.18,1776361592000
1776361593.975,93.975,0.25,0.26,0.74,0.75,0.01,0.01,74341.18,1776361592000
1776361594.337,94.337,0.27,0.29,0.71,0.73,0.02,0.02,74341.12,1776361593000
1776361594.819,94.819,0.28,0.29,0.7,0.72,0.01,0.02,74341.12,1776361593000
1776361595.262,95.262,0.28,0.3,0.7,0.72,0.02,0.02,74341.07,1776361594000
1776361595.649,95.649,0.29,0.3,0.7,0.71,0.01,0.01,74341.07,1776361594000
1776361596.085,96.085,0.29,0.3,0.7,0.71,0.01,0.01,74341.07,1776361594000
1776361596.503,96.503,0.29,0.3,0.7,0.71,0.01,0.01,74348.22,1776361595000
1776361597.123,97.123,0.29,0.3,0.7,0.71,0.01,0.01,74348.91,1776361596000
1776361597.459,97.459,0.29,0.3,0.7,0.71,0.01,0.01,74348.91,1776361596000
1776361597.845,97.845,0.29,0.3,0.7,0.71,0.01,0.01,74348.91,1776361596000
1776361598.671,98.671,0.29,0.3,0.7,0.71,0.01,0.01,74349.02,1776361597000
1776361599.005,99.005,0.31,0.33,0.67,0.69,0.02,0.02,74349.02,1776361597000
1776361599.367,99.367,0.34,0.35,0.65,0.66,0.01,0.01,74349.02,1776361597000
1776361599.705,99.705,0.34,0.35,0.65,0.66,0.01,0.01,74349.02,1776361597000
1776361600.104,100.104,0.36,0.37,0.61,0.66,0.01,0.05,74349.51,1776361598000
1776361600.453,100.453,0.41,0.43,0.58,0.59,0.02,0.01,74353.33,1776361599000
1776361600.799,100.799,0.39,0.46,0.55,0.61,0.07,0.06,74353.33,1776361599000
1776361601.136,101.136,0.47,0.5,0.5,0.53,0.03,0.03,74353.33,1776361599000
1776361601.471,101.471,0.48,0.51,0.49,0.52,0.03,0.03,74383.28,1776361600000
1776361601.826,101.826,0.5,0.51,0.49,0.5,0.01,0.01,74383.28,1776361600000
1776361602.169,102.169,0.5,0.51,0.49,0.5,0.01,0.01,74388.32,1776361601000
1776361602.508,102.508,0.5,0.51,0.49,0.5,0.01,0.01,74388.32,1776361601000
1776361602.842,102.842,0.51,0.52,0.47,0.49,0.01,0.02,74388.32,1776361601000
1776361603.302,103.302,0.51,0.53,0.47,0.49,0.02,0.02,74389.93,1776361602000
1776361603.688,103.688,0.52,0.53,0.47,0.48,0.01,0.01,74389.93,1776361602000
1776361604.11,104.11,0.52,0.53,0.47,0.48,0.01,0.01,74389.93,1776361602000
1776361604.493,104.493,0.52,0.54,0.46,0.48,0.02,0.02,74395.93,1776361603000
1776361604.922,104.922,0.53,0.54,0.46,0.47,0.01,0.01,74395.93,1776361603000
1776361605.346,105.346,0.53,0.54,0.46,0.47,0.01,0.01,74396.36,1776361604000
1776361606.069,106.069,0.53,0.54,0.46,0.47,0.01,0.01,74396.36,1776361604000
1776361606.41,106.41,0.53,0.54,0.46,0.47,0.01,0.01,74396.69,1776361605000
1776361606.778,106.778,0.53,0.54,0.46,0.47,0.01,0.01,74396.69,1776361605000
1776361607.138,107.138,0.53,0.54,0.46,0.47,0.01,0.01,74396.69,1776361605000
1776361607.525,107.525,0.53,0.54,0.46,0.47,0.01,0.01,74396.69,1776361606000
1776361608.106,108.106,0.55,0.56,0.44,0.45,0.01,0.01,74396.1,1776361607000
1776361608.761,108.761,0.55,0.56,0.44,0.45,0.01,0.01,74396.1,1776361607000
1776361609.156,109.156,0.55,0.56,0.44,0.45,0.01,0.01,74396.1,1776361607000
1776361609.561,109.561,0.55,0.56,0.44,0.45,0.01,0.01,74396.74,1776361608000
1776361609.992,109.992,0.55,0.56,0.44,0.45,0.01,0.01,74396.74,1776361608000
1776361610.381,110.381,0.55,0.56,0.44,0.45,0.01,0.01,74396.74,1776361608000
1776361610.791,110.791,0.55,0.56,0.44,0.45,0.01,0.01,74397.75,1776361609000
1776361611.136,111.136,0.55,0.56,0.44,0.45,0.01,0.01,74398.12,1776361610000
1776361611.495,111.495,0.55,0.56,0.44,0.45,0.01,0.01,74398.12,1776361610000
1776361611.86,111.86,0.55,0.56,0.44,0.45,0.01,0.01,74398.12,1776361610000
1776361612.229,112.229,0.55,0.56,0.44,0.45,0.01,0.01,74398.39,1776361611000
1776361612.608,112.608,0.56,0.57,0.43,0.44,0.01,0.01,74398.39,1776361611000
1776361613.09,113.09,0.56,0.57,0.43,0.44,0.01,0.01,74398.39,1776361611000
1776361613.439,113.439,0.56,0.57,0.43,0.44,0.01,0.01,74399.6,1776361612000
1776361614.026,114.026,0.56,0.57,0.43,0.44,0.01,0.01,74399.93,1776361613000
1776361614.37,114.37,0.57,0.59,0.41,0.43,0.02,0.02,74399.93,1776361613000
1776361614.704,114.704,0.58,0.6,0.4,0.42,0.02,0.02,74399.93,1776361613000
1776361615.041,115.041,0.6,0.62,0.38,0.41,0.02,0.03,74399.93,1776361613000
1776361615.384,115.384,0.61,0.62,0.38,0.39,0.01,0.01,74400.93,1776361614000
1776361615.808,115.808,0.63,0.64,0.36,0.37,0.01,0.01,74400.93,1776361614000
1776361616.142,116.142,0.64,0.65,0.35,0.37,0.01,0.02,74400.93,1776361614000
1776361616.604,116.604,0.64,0.65,0.35,0.36,0.01,0.01,74411.82,1776361615000
1776361616.975,116.975,0.65,0.66,0.34,0.35,0.01,0.01,74411.82,1776361615000
1776361617.393,117.393,0.65,0.66,0.34,0.35,0.01,0.01,74413.79,1776361616000
1776361618.05,118.05,0.65,0.66,0.34,0.35,0.01,0.01,74416.89,1776361617000
1776361618.394,118.394,0.66,0.68,0.33,0.34,0.02,0.01,74416.89,1776361617000
1776361618.741,118.741,0.66,0.67,0.33,0.34,0.01,0.01,74416.89,1776361617000
1776361619.259,119.259,0.66,0.67,0.33,0.34,0.01,0.01,74422.44,1776361618000
1776361619.773,119.773,0.66,0.67,0.33,0.34,0.01,0.01,74422.44,1776361618000
1776361620.128,120.128,0.66,0.67,0.33,0.34,0.01,0.01,74422.44,1776361618000
1776361620.476,120.476,0.66,0.67,0.33,0.34,0.01,0.01,74425.64,1776361619000
1776361620.839,120.839,0.67,0.68,0.32,0.33,0.01,0.01,74425.64,1776361619000
1776361621.174,121.174,0.68,0.69,0.31,0.32,0.01,0.01,74425.64,1776361619000
1776361621.524,121.524,0.68,0.69,0.31,0.32,0.01,0.01,74424.46,1776361620000
1776361621.876,121.876,0.68,0.69,0.31,0.32,0.01,0.01,74424.46,1776361620000
1776361622.21,122.21,0.68,0.69,0.31,0.32,0.01,0.01,74424.46,1776361620000
1776361622.631,122.631,0.68,0.69,0.31,0.32,0.01,0.01,74424.46,1776361621000
1776361622.971,122.971,0.68,0.69,0.31,0.32,0.01,0.01,74424.46,1776361621000
1776361623.342,123.342,0.68,0.69,0.31,0.32,0.01,0.01,74424.46,1776361622000
1776361623.984,123.984,0.68,0.69,0.31,0.32,0.01,0.01,74424.46,1776361622000
1776361624.562,124.562,0.69,0.7,0.3,0.31,0.01,0.01,74424.46,1776361623000
1776361625.065,125.065,0.69,0.7,0.3,0.31,0.01,0.01,74424.46,1776361623000
1776361625.456,125.456,0.69,0.7,0.3,0.31,0.01,0.01,74424.46,1776361624000
1776361625.928,125.928,0.69,0.7,0.3,0.31,0.01,0.01,74424.46,1776361624000
1776361626.329,126.329,0.67,0.68,0.32,0.33,0.01,0.01,74424.46,1776361624000
1776361626.692,126.692,0.66,0.67,0.32,0.34,0.01,0.02,74426.85,1776361625000
1776361627.143,127.143,0.66,0.67,0.33,0.34,0.01,0.01,74426.85,1776361625000
1776361627.57,127.57,0.66,0.67,0.33,0.34,0.01,0.01,74426.33,1776361626000
1776361628.017,128.017,0.66,0.67,0.33,0.34,0.01,0.01,74426.33,1776361626000
1776361628.366,128.366,0.65,0.66,0.33,0.35,0.01,0.02,74426.33,1776361626000
1776361628.703,128.703,0.65,0.66,0.34,0.35,0.01,0.01,74425.29,1776361627000
1776361629.237,129.237,0.64,0.65,0.35,0.36,0.01,0.01,74425.29,1776361627000
1776361629.627,129.627,0.64,0.65,0.35,0.36,0.01,0.01,74424.43,1776361628000
1776361630.015,130.015,0.66,0.67,0.33,0.34,0.01,0.01,74424.43,1776361628000
1776361630.476,130.476,0.66,0.67,0.33,0.34,0.01,0.01,74422.5,1776361629000
1776361630.818,130.818,0.66,0.67,0.33,0.34,0.01,0.01,74422.5,1776361629000
1776361631.331,131.331,0.66,0.67,0.33,0.34,0.01,0.01,74419.41,1776361630000
1776361631.666,131.666,0.65,0.67,0.33,0.34,0.02,0.01,74419.41,1776361630000
1776361632.047,132.047,0.61,0.64,0.35,0.38,0.03,0.03,74419.41,1776361630000
1776361632.527,132.527,0.6,0.61,0.39,0.4,0.01,0.01,74422.54,1776361631000
1776361633.044,133.044,0.59,0.6,0.4,0.41,0.01,0.01,74422.54,1776361631000
1776361633.402,133.402,0.59,0.6,0.4,0.41,0.01,0.01,74414.22,1776361632000
1776361633.85,133.85,0.58,0.59,0.41,0.42,0.01,0.01,74414.22,1776361632000
1776361634.195,134.195,0.58,0.59,0.41,0.42,0.01,0.01,74410.99,1776361633000
1776361634.551,134.551,0.58,0.59,0.41,0.42,0.01,0.01,74410.99,1776361633000
1776361634.887,134.887,0.57,0.58,0.41,0.42,0.01,0.01,74410.99,1776361633000
1776361635.251,135.251,0.57,0.58,0.42,0.43,0.01,0.01,74406.91,1776361634000
1776361635.768,135.768,0.57,0.58,0.42,0.43,0.01,0.01,74406.91,1776361634000
1776361636.105,136.105,0.57,0.58,0.42,0.43,0.01,0.01,74406.91,1776361634000
1776361636.745,136.745,0.57,0.58,0.42,0.43,0.01,0.01,74404.72,1776361635000
1776361637.284,137.284,0.56,0.57,0.42,0.44,0.01,0.02,74404.72,1776361635000
1776361637.77,137.77,0.57,0.58,0.42,0.44,0.01,0.02,74403.66,1776361636000
1776361638.115,138.115,0.57,0.58,0.42,0.43,0.01,0.01,74403.66,1776361636000
1776361638.47,138.47,0.57,0.58,0.42,0.43,0.01,0.01,74402.45,1776361637000
1776361639.272,139.272,0.56,0.57,0.42,0.43,0.01,0.01,74402.45,1776361637000
1776361639.618,139.618,0.56,0.57,0.43,0.44,0.01,0.01,74402.36,1776361638000
1776361639.996,139.996,0.55,0.56,0.44,0.45,0.01,0.01,74402.36,1776361638000
1776361640.355,140.355,0.55,0.56,0.44,0.45,0.01,0.01,74402.87,1776361639000
1776361640.694,140.694,0.55,0.56,0.44,0.45,0.01,0.01,74402.87,1776361639000
1776361641.037,141.037,0.54,0.55,0.44,0.45,0.01,0.01,74402.41,1776361640000
1776361641.603,141.603,0.54,0.55,0.45,0.46,0.01,0.01,74402.41,1776361640000
1776361641.938,141.938,0.54,0.56,0.44,0.46,0.02,0.02,74402.14,1776361641000
1776361642.497,142.497,0.56,0.57,0.44,0.45,0.01,0.01,74402.14,1776361641000
1776361642.844,142.844,0.56,0.57,0.43,0.44,0.01,0.01,74402.14,1776361641000
1776361643.347,143.347,0.56,0.59,0.41,0.44,0.03,0.03,74400.81,1776361642000
1776361643.773,143.773,0.57,0.58,0.42,0.43,0.01,0.01,74400.81,1776361642000
1776361644.129,144.129,0.57,0.58,0.42,0.43,0.01,0.01,74400.81,1776361642000
1776361644.651,144.651,0.57,0.58,0.42,0.43,0.01,0.01,74402.46,1776361643000
1776361644.985,144.985,0.58,0.6,0.41,0.42,0.02,0.01,74402.46,1776361643000
1776361645.334,145.334,0.6,0.62,0.39,0.4,0.02,0.01,74402.46,1776361643000
1776361645.703,145.703,0.61,0.62,0.38,0.39,0.01,0.01,74403.89,1776361644000
1776361646.053,146.053,0.61,0.62,0.38,0.39,0.01,0.01,74403.89,1776361644000
1776361646.45,146.45,0.61,0.62,0.38,0.39,0.01,0.01,74403.89,1776361644000
1776361646.94,146.94,0.61,0.62,0.38,0.39,0.01,0.01,74404.35,1776361645000
1776361647.277,147.277,0.61,0.62,0.38,0.39,0.01,0.01,74404.35,1776361645000
1776361647.613,147.613,0.61,0.62,0.38,0.39,0.01,0.01,74410.02,1776361646000
1776361648.0,148.0,0.61,0.62,0.38,0.39,0.01,0.01,74410.02,1776361646000
1776361648.342,148.342,0.59,0.6,0.4,0.41,0.01,0.01,74410.02,1776361646000
1776361648.679,148.679,0.59,0.6,0.4,0.41,0.01,0.01,74410.4,1776361647000
1776361649.342,149.342,0.59,0.6,0.4,0.41,0.01,0.01,74410.4,1776361647000
1776361649.705,149.705,0.59,0.6,0.4,0.41,0.01,0.01,74410.61,1776361648000
1776361650.336,150.336,0.59,0.6,0.4,0.41,0.01,0.01,74410.61,1776361648000
1776361650.74,150.74,0.59,0.6,0.4,0.41,0.01,0.01,74410.2,1776361649000
1776361651.114,151.114,0.59,0.6,0.4,0.41,0.01,0.01,74410.2,1776361649000
1776361651.639,151.639,0.59,0.6,0.4,0.41,0.01,0.01,74410.2,1776361649000
1776361652.194,152.194,0.59,0.6,0.4,0.41,0.01,0.01,74409.66,1776361650000
1776361652.668,152.668,0.59,0.6,0.4,0.41,0.01,0.01,74409.66,1776361650000
1776361653.535,153.535,0.58,0.59,0.4,0.41,0.01,0.01,74409.15,1776361651000
1776361654.013,154.013,0.58,0.59,0.41,0.42,0.01,0.01,74410.41,1776361652000
1776361654.35,154.35,0.59,0.6,0.4,0.42,0.01,0.02,74410.41,1776361652000
1776361654.743,154.743,0.59,0.6,0.4,0.41,0.01,0.01,74410.6,1776361653000
1776361655.14,155.14,0.6,0.61,0.39,0.4,0.01,0.01,74410.6,1776361653000
1776361655.613,155.613,0.6,0.61,0.39,0.4,0.01,0.01,74409.99,1776361654000
1776361656.025,156.025,0.61,0.62,0.38,0.39,0.01,0.01,74409.99,1776361654000
1776361656.607,156.607,0.61,0.62,0.38,0.39,0.01,0.01,74410.91,1776361655000
1776361657.146,157.146,0.61,0.62,0.38,0.39,0.01,0.01,74410.91,1776361655000
1776361657.595,157.595,0.61,0.62,0.38,0.39,0.01,0.01,74411.08,1776361656000
1776361657.977,157.977,0.61,0.62,0.38,0.39,0.01,0.01,74411.08,1776361657000
1776361658.458,158.458,0.62,0.63,0.37,0.39,0.01,0.02,74411.08,1776361657000
1776361659.132,159.132,0.62,0.63,0.37,0.38,0.01,0.01,74411.08,1776361657000
1776361659.543,159.543,0.62,0.63,0.37,0.38,0.01,0.01,74410.56,1776361658000
1776361660.016,160.016,0.62,0.63,0.37,0.38,0.01,0.01,74410.56,1776361658000
1776361660.353,160.353,0.63,0.64,0.36,0.37,0.01,0.01,74410.56,1776361658000
1776361660.709,160.709,0.63,0.64,0.36,0.37,0.01,0.01,74410.56,1776361658000
1776361661.091,161.091,0.64,0.65,0.35,0.37,0.01,0.02,74411.0,1776361659000
1776361661.503,161.503,0.64,0.65,0.35,0.36,0.01,0.01,74411.66,1776361660000
1776361661.919,161.919,0.64,0.65,0.35,0.36,0.01,0.01,74411.66,1776361660000
1776361662.41,162.41,0.64,0.65,0.35,0.36,0.01,0.01,74413.39,1776361661000
1776361662.755,162.755,0.65,0.66,0.34,0.35,0.01,0.01,74413.39,1776361661000
1776361663.137,163.137,0.65,0.66,0.34,0.35,0.01,0.01,74413.39,1776361661000
1776361663.497,163.497,0.65,0.66,0.34,0.35,0.01,0.01,74413.39,1776361661000
1776361663.979,163.979,0.65,0.66,0.34,0.35,0.01,0.01,74413.39,1776361661000
1776361664.398,164.398,0.65,0.66,0.34,0.35,0.01,0.01,74413.62,1776361663000
1776361665.104,165.104,0.66,0.67,0.33,0.35,0.01,0.02,74413.62,1776361663000
1776361666.223,166.223,0.66,0.67,0.33,0.34,0.01,0.01,74414.34,1776361664000
1776361666.614,166.614,0.66,0.67,0.33,0.34,0.01,0.01,74414.34,1776361664000
1776361666.996,166.996,0.66,0.67,0.33,0.34,0.01,0.01,74414.34,1776361664000
1776361667.642,167.642,0.66,0.67,0.33,0.34,0.01,0.01,74415.75,1776361665000
1776361668.217,168.217,0.68,0.69,0.31,0.33,0.01,0.02,74415.77,1776361666000
1776361668.716,168.716,0.68,0.69,0.31,0.33,0.01,0.02,74415.77,1776361666000
1776361669.156,169.156,0.69,0.7,0.29,0.31,0.01,0.02,74416.04,1776361667000
1776361669.568,169.568,0.69,0.7,0.3,0.31,0.01,0.01,74416.04,1776361667000
1776361669.985,169.985,0.7,0.71,0.29,0.31,0.01,0.02,74420.95,1776361668000
1776361670.357,170.357,0.7,0.71,0.29,0.3,0.01,0.01,74420.95,1776361668000
1776361670.77,170.77,0.7,0.71,0.29,0.3,0.01,0.01,74421.4,1776361669000
1776361671.113,171.113,0.7,0.71,0.29,0.3,0.01,0.01,74421.4,1776361669000
1776361671.448,171.448,0.7,0.71,0.29,0.3,0.01,0.01,74421.4,1776361670000
1776361671.879,171.879,0.7,0.71,0.29,0.3,0.01,0.01,74421.4,1776361670000
1776361672.268,172.268,0.7,0.71,0.29,0.3,0.01,0.01,74421.4,1776361670000
1776361672.639,172.639,0.7,0.71,0.29,0.3,0.01,0.01,74421.4,1776361670000
1776361673.372,173.372,0.7,0.71,0.29,0.3,0.01,0.01,74421.91,1776361672000
1776361673.969,173.969,0.7,0.71,0.29,0.3,0.01,0.01,74421.29,1776361673000
1776361674.426,174.426,0.7,0.71,0.29,0.3,0.01,0.01,74421.29,1776361673000
1776361674.795,174.795,0.7,0.71,0.29,0.3,0.01,0.01,74421.29,1776361673000
1776361675.169,175.169,0.7,0.71,0.29,0.3,0.01,0.01,74421.29,1776361673000
1776361675.688,175.688,0.71,0.72,0.28,0.3,0.01,0.02,74421.14,1776361674000
1776361676.078,176.078,0.71,0.72,0.28,0.29,0.01,0.01,74421.14,1776361675000
1776361677.198,177.198,0.71,0.72,0.28,0.29,0.01,0.01,74421.14,1776361675000
1776361677.996,177.996,0.71,0.72,0.28,0.29,0.01,0.01,74421.43,1776361676000
1776361678.411,178.411,0.71,0.72,0.28,0.29,0.01,0.01,74421.43,1776361676000
1776361678.82,178.82,0.71,0.72,0.28,0.29,0.01,0.01,74421.43,1776361676000
1776361679.33,179.33,0.71,0.72,0.28,0.29,0.01,0.01,74421.82,1776361677000
1776361679.685,179.685,0.71,0.72,0.28,0.29,0.01,0.01,74421.88,1776361678000
1776361680.037,180.037,0.7,0.71,0.28,0.3,0.01,0.02,74421.88,1776361678000
1776361680.379,180.379,0.7,0.71,0.29,0.3,0.01,0.01,74421.88,1776361678000
1776361680.743,180.743,0.7,0.71,0.29,0.3,0.01,0.01,74421.8,1776361679000
1776361681.194,181.194,0.7,0.71,0.29,0.3,0.01,0.01,74421.79,1776361680000
1776361681.548,181.548,0.7,0.71,0.29,0.3,0.01,0.01,74421.79,1776361680000
1776361682.192,182.192,0.7,0.71,0.29,0.3,0.01,0.01,74421.79,1776361680000
1776361682.553,182.553,0.69,0.7,0.3,0.31,0.01,0.01,74421.79,1776361680000
1776361683.047,183.047,0.68,0.69,0.31,0.33,0.01,0.02,74421.79,1776361680000
1776361683.392,183.392,0.68,0.69,0.31,0.32,0.01,0.01,74421.79,1776361680000
1776361683.738,183.738,0.68,0.69,0.31,0.32,0.01,0.01,74421.79,1776361680000
1776361684.094,184.094,0.68,0.69,0.31,0.32,0.01,0.01,74421.79,1776361680000
1776361684.435,184.435,0.68,0.69,0.31,0.32,0.01,0.01,74421.79,1776361680000
1776361684.877,184.877,0.68,0.69,0.31,0.32,0.01,0.01,74417.27,1776361683000
1776361685.312,185.312,0.68,0.69,0.31,0.32,0.01,0.01,74417.27,1776361683000
1776361685.664,185.664,0.68,0.69,0.31,0.32,0.01,0.01,74415.77,1776361684000
1776361686.012,186.012,0.68,0.69,0.31,0.32,0.01,0.01,74415.77,1776361684000
1776361686.349,186.349,0.68,0.69,0.31,0.32,0.01,0.01,74415.77,1776361685000
1776361686.724,186.724,0.68,0.69,0.31,0.32,0.01,0.01,74415.77,1776361685000
1776361687.249,187.249,0.67,0.69,0.31,0.33,0.02,0.02,74416.16,1776361686000
1776361687.612,187.612,0.67,0.68,0.32,0.33,0.01,0.01,74416.16,1776361686000
1776361687.986,187.986,0.67,0.68,0.32,0.33,0.01,0.01,74416.16,1776361686000
1776361688.393,188.393,0.67,0.68,0.32,0.33,0.01,0.01,74416.24,1776361687000
1776361688.807,188.807,0.67,0.68,0.32,0.33,0.01,0.01,74416.24,1776361687000
1776361689.196,189.196,0.67,0.68,0.32,0.33,0.01,0.01,74416.24,1776361687000
1776361689.648,189.648,0.67,0.68,0.32,0.33,0.01,0.01,74415.72,1776361688000
1776361690.057,190.057,0.67,0.68,0.32,0.33,0.01,0.01,74415.72,1776361689000
1776361690.413,190.413,0.68,0.69,0.31,0.32,0.01,0.01,74415.72,1776361689000
1776361691.008,191.008,0.68,0.69,0.31,0.32,0.01,0.01,74415.65,1776361690000
1776361691.389,191.389,0.68,0.69,0.31,0.32,0.01,0.01,74415.65,1776361690000
1776361691.922,191.922,0.68,0.69,0.31,0.32,0.01,0.01,74415.65,1776361690000
1776361692.267,192.267,0.68,0.69,0.31,0.32,0.01,0.01,74415.65,1776361691000
1776361692.651,192.651,0.68,0.69,0.31,0.32,0.01,0.01,74415.65,1776361691000
1776361693.034,193.034,0.68,0.69,0.31,0.32,0.01,0.01,74415.65,1776361691000
1776361693.385,193.385,0.68,0.69,0.31,0.32,0.01,0.01,74415.81,1776361692000
1776361693.743,193.743,0.63,0.66,0.31,0.36,0.03,0.05,74415.81,1776361692000
1776361694.234,194.234,0.64,0.65,0.34,0.37,0.01,0.03,74415.81,1776361692000
1776361694.615,194.615,0.63,0.65,0.35,0.36,0.02,0.01,74415.58,1776361693000
1776361694.989,194.989,0.64,0.65,0.35,0.36,0.01,0.01,74415.58,1776361693000
1776361695.338,195.338,0.64,0.65,0.35,0.36,0.01,0.01,74415.29,1776361694000
1776361696.009,196.009,0.64,0.65,0.35,0.36,0.01,0.01,74415.29,1776361694000
1776361696.817,196.817,0.62,0.63,0.35,0.38,0.01,0.03,74407.82,1776361695000
1776361697.28,197.28,0.62,0.63,0.37,0.38,0.01,0.01,74407.82,1776361695000
1776361697.63,197.63,0.62,0.63,0.37,0.38,0.01,0.01,74406.55,1776361696000
1776361697.966,197.966,0.62,0.63,0.37,0.38,0.01,0.01,74406.55,1776361696000
1776361698.415,198.415,0.62,0.63,0.37,0.38,0.01,0.01,74406.57,1776361697000
1776361698.813,198.813,0.61,0.63,0.37,0.38,0.02,0.01,74406.57,1776361697000
1776361699.182,199.182,0.61,0.63,0.37,0.39,0.02,0.02,74406.57,1776361698000
1776361699.858,199.858,0.61,0.62,0.37,0.39,0.01,0.02,74406.57,1776361698000
1776361700.24,200.24,0.61,0.62,0.38,0.39,0.01,0.01,74406.58,1776361699000
1776361700.653,200.653,0.61,0.62,0.38,0.39,0.01,0.01,74406.58,1776361699000
1776361701.043,201.043,0.61,0.62,0.38,0.39,0.01,0.01,74406.58,1776361699000
1776361701.403,201.403,0.61,0.62,0.38,0.39,0.01,0.01,74406.58,1776361699000
1776361701.74,201.74,0.61,0.62,0.38,0.39,0.01,0.01,74406.58,1776361699000
1776361702.091,202.091,0.61,0.62,0.38,0.39,0.01,0.01,74407.44,1776361700000
1776361702.619,202.619,0.61,0.62,0.38,0.39,0.01,0.01,74407.87,1776361701000
1776361703.01,203.01,0.61,0.62,0.38,0.39,0.01,0.01,74407.87,1776361701000
1776361703.401,203.401,0.61,0.62,0.38,0.39,0.01,0.01,74407.49,1776361702000
1776361703.844,203.844,0.6,0.61,0.39,0.4,0.01,0.01,74407.49,1776361702000
1776361704.316,204.316,0.6,0.61,0.39,0.4,0.01,0.01,74407.44,1776361703000
1776361704.657,204.657,0.6,0.61,0.39,0.4,0.01,0.01,74407.44,1776361703000
1776361705.069,205.069,0.6,0.61,0.39,0.4,0.01,0.01,74407.44,1776361703000
1776361705.45,205.45,0.6,0.61,0.39,0.4,0.01,0.01,74407.44,1776361703000
1776361706.066,206.066,0.6,0.61,0.39,0.4,0.01,0.01,74407.38,1776361704000
1776361706.417,206.417,0.6,0.61,0.39,0.4,0.01,0.01,74405.46,1776361705000
1776361706.797,206.797,0.59,0.6,0.4,0.41,0.01,0.01,74405.46,1776361705000
1776361707.26,207.26,0.59,0.6,0.4,0.41,0.01,0.01,74405.24,1776361706000
1776361707.737,207.737,0.59,0.6,0.4,0.41,0.01,0.01,74405.24,1776361706000
1776361708.366,208.366,0.59,0.6,0.4,0.41,0.01,0.01,74404.04,1776361707000
1776361708.739,208.739,0.59,0.6,0.4,0.41,0.01,0.01,74404.04,1776361707000
1776361709.077,209.077,0.59,0.6,0.4,0.41,0.01,0.01,74404.04,1776361707000
1776361709.417,209.417,0.59,0.6,0.4,0.41,0.01,0.01,74403.34,1776361708000
1776361710.018,210.018,0.59,0.6,0.4,0.41,0.01,0.01,74403.2,1776361709000
1776361710.428,210.428,0.58,0.6,0.4,0.41,0.02,0.01,74403.2,1776361709000
1776361710.916,210.916,0.58,0.59,0.4,0.42,0.01,0.02,74403.2,1776361709000
1776361711.371,211.371,0.57,0.59,0.41,0.42,0.02,0.01,74402.9,1776361710000
1776361711.851,211.851,0.57,0.58,0.42,0.43,0.01,0.01,74402.9,1776361710000
1776361712.396,212.396,0.56,0.57,0.42,0.44,0.01,0.02,74402.52,1776361711000
1776361712.741,212.741,0.56,0.57,0.43,0.44,0.01,0.01,74402.52,1776361711000
1776361713.185,213.185,0.56,0.57,0.43,0.44,0.01,0.01,74402.52,1776361711000
1776361713.526,213.526,0.56,0.57,0.43,0.44,0.01,0.01,74402.66,1776361712000
1776361713.949,213.949,0.56,0.57,0.43,0.44,0.01,0.01,74402.66,1776361712000
1776361714.3,214.3,0.56,0.57,0.43,0.44,0.01,0.01,74402.66,1776361712000
1776361714.859,214.859,0.56,0.58,0.43,0.44,0.02,0.01,74402.66,1776361712000
1776361715.197,215.197,0.57,0.59,0.41,0.43,0.02,0.02,74401.26,1776361713000
1776361715.538,215.538,0.57,0.59,0.41,0.43,0.02,0.02,74401.26,1776361713000
1776361715.877,215.877,0.58,0.59,0.41,0.42,0.01,0.01,74401.26,1776361713000
1776361716.218,216.218,0.59,0.6,0.4,0.41,0.01,0.01,74401.55,1776361714000
1776361716.6,216.6,0.59,0.6,0.4,0.41,0.01,0.01,74401.55,1776361714000
1776361717.132,217.132,0.59,0.62,0.4,0.41,0.03,0.01,74402.43,1776361715000
1776361717.703,217.703,0.61,0.62,0.38,0.39,0.01,0.01,74405.04,1776361716000
1776361718.049,218.049,0.61,0.62,0.38,0.39,0.01,0.01,74405.04,1776361716000
1776361718.671,218.671,0.61,0.62,0.38,0.39,0.01,0.01,74405.31,1776361717000
1776361719.577,219.577,0.61,0.62,0.38,0.39,0.01,0.01,74405.31,1776361717000
1776361720.002,220.002,0.61,0.62,0.38,0.39,0.01,0.01,74405.34,1776361718000
1776361720.44,220.44,0.61,0.62,0.38,0.39,0.01,0.01,74405.37,1776361719000
1776361721.102,221.102,0.61,0.62,0.38,0.39,0.01,0.01,74405.37,1776361719000
1776361721.49,221.49,0.61,0.62,0.38,0.39,0.01,0.01,74405.33,1776361720000
1776361722.396,222.396,0.61,0.62,0.38,0.39,0.01,0.01,74405.33,1776361720000
1776361722.923,222.923,0.62,0.63,0.38,0.39,0.01,0.01,74405.25,1776361721000
1776361723.353,223.353,0.62,0.63,0.37,0.38,0.01,0.01,74405.12,1776361722000
1776361723.839,223.839,0.62,0.63,0.37,0.38,0.01,0.01,74405.12,1776361722000
1776361724.271,224.271,0.62,0.63,0.37,0.38,0.01,0.01,74405.12,1776361722000
1776361724.978,224.978,0.62,0.63,0.37,0.38,0.01,0.01,74405.12,1776361723000
1776361725.82,225.82,0.62,0.63,0.37,0.38,0.01,0.01,74405.11,1776361724000
1776361726.241,226.241,0.62,0.63,0.37,0.38,0.01,0.01,74405.11,1776361724000
1776361726.698,226.698,0.62,0.63,0.37,0.38,0.01,0.01,74405.12,1776361725000
1776361727.332,227.332,0.62,0.63,0.37,0.38,0.01,0.01,74405.12,1776361725000
1776361727.712,227.712,0.62,0.63,0.37,0.38,0.01,0.01,74405.26,1776361726000
1776361728.164,228.164,0.62,0.63,0.37,0.38,0.01,0.01,74405.26,1776361726000
1776361729.26,229.26,0.62,0.63,0.37,0.38,0.01,0.01,74405.26,1776361727000
1776361730.022,230.022,0.62,0.63,0.37,0.38,0.01,0.01,74405.26,1776361728000
1776361730.618,230.618,0.62,0.63,0.37,0.38,0.01,0.01,74405.26,1776361729000
1776361732.423,232.423,0.62,0.63,0.37,0.38,0.01,0.01,74405.26,1776361731000
1776361732.924,232.924,0.62,0.63,0.37,0.38,0.01,0.01,74405.26,1776361731000
1776361733.303,233.303,0.62,0.63,0.37,0.38,0.01,0.01,74404.12,1776361732000
1776361733.64,233.64,0.62,0.63,0.37,0.38,0.01,0.01,74404.12,1776361732000
1776361734.004,234.004,0.62,0.63,0.37,0.38,0.01,0.01,74404.12,1776361732000
1776361734.431,234.431,0.62,0.63,0.37,0.38,0.01,0.01,74403.51,1776361733000
1776361734.979,234.979,0.62,0.63,0.37,0.38,0.01,0.01,74403.51,1776361733000
1776361735.388,235.388,0.62,0.63,0.37,0.38,0.01,0.01,74403.51,1776361733000
1776361735.789,235.789,0.62,0.63,0.37,0.38,0.01,0.01,74405.64,1776361734000
1776361736.269,236.269,0.62,0.63,0.37,0.38,0.01,0.01,74406.77,1776361735000
1776361737.0,237.0,0.62,0.63,0.37,0.38,0.01,0.01,74406.77,1776361735000
1776361737.343,237.343,0.62,0.65,0.37,0.38,0.03,0.01,74406.77,1776361735000
1776361737.86,237.86,0.62,0.63,0.35,0.38,0.01,0.03,74407.45,1776361736000
1776361738.201,238.201,0.63,0.64,0.36,0.37,0.01,0.01,74407.45,1776361736000
1776361738.635,238.635,0.64,0.65,0.35,0.37,0.01,0.02,74407.45,1776361737000
1776361739.006,239.006,0.64,0.65,0.35,0.36,0.01,0.01,74407.45,1776361737000
1776361739.678,239.678,0.64,0.65,0.35,0.36,0.01,0.01,74406.33,1776361738000
1776361740.166,240.166,0.64,0.65,0.35,0.36,0.01,0.01,74406.33,1776361738000
1776361740.584,240.584,0.64,0.65,0.35,0.36,0.01,0.01,74406.33,1776361739000
1776361741.377,241.377,0.64,0.65,0.35,0.36,0.01,0.01,74406.52,1776361740000
1776361742.219,242.219,0.64,0.65,0.35,0.36,0.01,0.01,74406.22,1776361741000
1776361743.199,243.199,0.64,0.65,0.35,0.36,0.01,0.01,74406.22,1776361741000
1776361743.839,243.839,0.64,0.65,0.35,0.36,0.01,0.01,74404.68,1776361742000
1776361744.176,244.176,0.64,0.65,0.35,0.36,0.01,0.01,74404.68,1776361742000
1776361744.516,244.516,0.64,0.65,0.35,0.36,0.01,0.01,74405.29,1776361743000
1776361744.922,244.922,0.63,0.64,0.36,0.37,0.01,0.01,74405.29,1776361743000
1776361745.573,245.573,0.64,0.65,0.35,0.36,0.01,0.01,74405.63,1776361744000
1776361746.161,246.161,0.65,0.66,0.34,0.35,0.01,0.01,74405.63,1776361745000
1776361747.537,247.537,0.65,0.66,0.34,0.35,0.01,0.01,74409.17,1776361746000
1776361748.187,248.187,0.65,0.66,0.34,0.35,0.01,0.01,74411.42,1776361747000
1776361748.694,248.694,0.66,0.69,0.31,0.34,0.03,0.03,74411.42,1776361747000
1776361749.059,249.059,0.67,0.71,0.29,0.33,0.04,0.04,74411.42,1776361747000
1776361749.536,249.536,0.67,0.68,0.32,0.34,0.01,0.02,74411.42,1776361747000
1776361749.869,249.869,0.67,0.69,0.31,0.33,0.02,0.02,74412.44,1776361748000
1776361750.222,250.222,0.67,0.69,0.31,0.33,0.02,0.02,74412.44,1776361748000
1776361750.572,250.572,0.68,0.69,0.31,0.32,0.01,0.01,74412.44,1776361748000
1776361750.954,250.954,0.68,0.69,0.31,0.32,0.01,0.01,74412.15,1776361749000
1776361751.397,251.397,0.68,0.71,0.29,0.32,0.03,0.03,74410.48,1776361750000
1776361752.084,252.084,0.68,0.7,0.31,0.32,0.02,0.01,74410.48,1776361750000
1776361752.586,252.586,0.68,0.7,0.3,0.32,0.02,0.02,74408.14,1776361751000
1776361752.923,252.923,0.69,0.7,0.3,0.31,0.01,0.01,74408.14,1776361751000
1776361753.413,253.413,0.69,0.7,0.3,0.31,0.01,0.01,74408.16,1776361752000
1776361754.163,254.163,0.69,0.71,0.3,0.31,0.02,0.01,74408.16,1776361752000
1776361755.425,255.425,0.69,0.71,0.29,0.31,0.02,0.02,74407.67,1776361754000
1776361755.781,255.781,0.7,0.71,0.29,0.3,0.01,0.01,74407.67,1776361754000
1776361756.173,256.173,0.7,0.71,0.29,0.3,0.01,0.01,74407.65,1776361755000
1776361756.587,256.587,0.7,0.72,0.28,0.31,0.02,0.03,74407.65,1776361755000
1776361756.972,256.972,0.71,0.72,0.28,0.29,0.01,0.01,74407.65,1776361755000
1776361757.359,257.359,0.71,0.72,0.28,0.29,0.01,0.01,74407.65,1776361756000
1776361757.706,257.706,0.71,0.72,0.28,0.29,0.01,0.01,74407.65,1776361756000
1776361758.103,258.103,0.71,0.72,0.28,0.29,0.01,0.01,74407.65,1776361756000
1776361758.496,258.496,0.71,0.72,0.28,0.3,0.01,0.02,74407.65,1776361756000
1776361758.885,258.885,0.71,0.72,0.28,0.3,0.01,0.02,74407.48,1776361757000
1776361759.226,259.226,0.7,0.71,0.28,0.3,0.01,0.02,74407.48,1776361757000
1776361759.633,259.633,0.7,0.71,0.29,0.3,0.01,0.01,74407.48,1776361758000
1776361760.148,260.148,0.7,0.71,0.29,0.3,0.01,0.01,74407.48,1776361758000
1776361760.488,260.488,0.7,0.71,0.29,0.3,0.01,0.01,74407.45,1776361759000
1776361760.857,260.857,0.69,0.7,0.3,0.31,0.01,0.01,74407.45,1776361759000
1776361761.274,261.274,0.69,0.7,0.3,0.31,0.01,0.01,74407.45,1776361759000
1776361761.627,261.627,0.69,0.7,0.3,0.31,0.01,0.01,74407.44,1776361760000
1776361761.984,261.984,0.69,0.7,0.3,0.31,0.01,0.01,74407.43,1776361761000
1776361762.426,262.426,0.69,0.7,0.3,0.31,0.01,0.01,74407.43,1776361761000
1776361762.997,262.997,0.69,0.7,0.3,0.31,0.01,0.01,74407.43,1776361761000
1776361763.411,263.411,0.69,0.7,0.3,0.31,0.01,0.01,74407.33,1776361762000
1776361763.997,263.997,0.69,0.7,0.3,0.31,0.01,0.01,74407.33,1776361762000
1776361764.354,264.354,0.69,0.7,0.29,0.31,0.01,0.02,74407.33,1776361762000
1776361764.696,264.696,0.68,0.69,0.3,0.31,0.01,0.01,74406.77,1776361763000
1776361765.086,265.086,0.68,0.69,0.31,0.32,0.01,0.01,74406.72,1776361764000
1776361765.488,265.488,0.7,0.71,0.3,0.31,0.01,0.01,74406.72,1776361764000
1776361765.858,265.858,0.7,0.71,0.29,0.3,0.01,0.01,74406.72,1776361764000
1776361766.203,266.203,0.7,0.71,0.29,0.3,0.01,0.01,74406.72,1776361765000
1776361767.162,267.162,0.72,0.73,0.27,0.29,0.01,0.02,74406.72,1776361765000
1776361767.513,267.513,0.73,0.74,0.26,0.27,0.01,0.01,74406.74,1776361766000
1776361767.9,267.9,0.75,0.76,0.24,0.27,0.01,0.03,74406.74,1776361766000
1776361768.266,268.266,0.77,0.78,0.22,0.23,0.01,0.01,74407.26,1776361767000
1776361768.619,268.619,0.78,0.8,0.2,0.22,0.02,0.02,74407.26,1776361767000
1776361768.961,268.961,0.79,0.81,0.19,0.21,0.02,0.02,74407.26,1776361767000
1776361769.325,269.325,0.8,0.81,0.19,0.2,0.01,0.01,74418.61,1776361768000
1776361769.675,269.675,0.82,0.83,0.17,0.19,0.01,0.02,74418.61,1776361768000
1776361770.024,270.024,0.82,0.83,0.17,0.18,0.01,0.01,74418.61,1776361768000
1776361770.361,270.361,0.83,0.84,0.16,0.17,0.01,0.01,74419.89,1776361769000
1776361770.708,270.708,0.84,0.85,0.15,0.16,0.01,0.01,74419.89,1776361769000
1776361771.051,271.051,0.86,0.87,0.13,0.14,0.01,0.01,74419.89,1776361769000
1776361771.389,271.389,0.86,0.88,0.12,0.14,0.02,0.02,74420.29,1776361770000
1776361771.729,271.729,0.88,0.89,0.11,0.12,0.01,0.01,74420.29,1776361770000
1776361772.143,272.143,0.89,0.9,0.1,0.12,0.01,0.02,74420.14,1776361771000
1776361772.577,272.577,0.91,0.92,0.08,0.09,0.01,0.01,74420.14,1776361771000
1776361772.961,272.961,0.91,0.92,0.08,0.09,0.01,0.01,74420.14,1776361771000
1776361773.33,273.33,0.91,0.92,0.08,0.09,0.01,0.01,74420.01,1776361772000
1776361773.679,273.679,0.92,0.93,0.07,0.08,0.01,0.01,74420.01,1776361772000
1776361774.078,274.078,0.93,0.94,0.06,0.08,0.01,0.02,74420.01,1776361772000
1776361774.437,274.437,0.93,0.94,0.06,0.07,0.01,0.01,74420.59,1776361773000
1776361774.821,274.821,0.93,0.94,0.06,0.07,0.01,0.01,74420.59,1776361773000
1776361775.193,275.193,0.93,0.94,0.06,0.07,0.01,0.01,74420.59,1776361773000
1776361775.549,275.549,0.94,0.95,0.05,0.06,0.01,0.01,74420.6,1776361774000
1776361775.883,275.883,0.94,0.95,0.05,0.06,0.01,0.01,74420.6,1776361774000
1776361776.272,276.272,0.94,0.95,0.05,0.06,0.01,0.01,74421.02,1776361775000
1776361776.621,276.621,0.94,0.95,0.05,0.06,0.01,0.01,74421.02,1776361775000
1776361777.1,277.1,0.94,0.95,0.04,0.06,0.01,0.02,74421.02,1776361775000
1776361777.449,277.449,0.95,0.96,0.04,0.05,0.01,0.01,74423.54,1776361776000
1776361777.817,277.817,0.95,0.96,0.04,0.05,0.01,0.01,74423.54,1776361776000
1776361778.18,278.18,0.95,0.97,0.04,0.05,0.02,0.01,74424.9,1776361777000
1776361778.59,278.59,0.95,0.96,0.04,0.05,0.01,0.01,74424.9,1776361777000
1776361778.939,278.939,0.96,0.97,0.03,0.04,0.01,0.01,74424.9,1776361777000
1776361779.334,279.334,0.96,0.97,0.03,0.04,0.01,0.01,74424.92,1776361778000
1776361779.842,279.842,0.95,0.96,0.03,0.05,0.01,0.02,74424.92,1776361778000
1776361780.252,280.252,0.95,0.96,0.04,0.05,0.01,0.01,74424.92,1776361778000
1776361780.701,280.701,0.96,0.97,0.03,0.04,0.01,0.01,74424.92,1776361778000
1776361781.042,281.042,0.96,0.97,0.03,0.04,0.01,0.01,74424.65,1776361779000
1776361781.47,281.47,0.96,0.97,0.03,0.04,0.01,0.01,74424.65,1776361780000
1776361782.091,282.091,0.96,0.97,0.03,0.04,0.01,0.01,74424.65,1776361780000
1776361782.435,282.435,0.96,0.97,0.03,0.04,0.01,0.01,74425.19,1776361781000
1776361782.877,282.877,0.96,0.97,0.03,0.05,0.01,0.02,74425.19,1776361781000
1776361783.334,283.334,0.96,0.97,0.03,0.04,0.01,0.01,74425.19,1776361781000
1776361783.85,283.85,0.96,0.97,0.03,0.04,0.01,0.01,74425.24,1776361782000
1776361784.307,284.307,0.96,0.97,0.03,0.04,0.01,0.01,74425.19,1776361783000
1776361784.643,284.643,0.96,0.97,0.03,0.04,0.01,0.01,74425.19,1776361783000
1776361785.001,285.001,0.96,0.97,0.03,0.04,0.01,0.01,74424.77,1776361784000
1776361785.335,285.335,0.96,0.97,0.03,0.04,0.01,0.01,74424.77,1776361784000
1776361785.695,285.695,0.96,0.97,0.03,0.04,0.01,0.01,74424.77,1776361784000
1776361786.032,286.032,0.96,0.98,0.03,0.04,0.02,0.01,74424.77,1776361784000
1776361786.383,286.383,0.97,0.98,0.02,0.03,0.01,0.01,74424.72,1776361785000
1776361786.725,286.725,0.97,0.98,0.02,0.03,0.01,0.01,74424.72,1776361785000
1776361787.134,287.134,0.97,0.98,0.02,0.03,0.01,0.01,74424.72,1776361785000
1776361787.48,287.48,0.97,0.98,0.02,0.03,0.01,0.01,74425.26,1776361786000
1776361787.823,287.823,0.97,0.98,0.02,0.03,0.01,0.01,74425.26,1776361786000
1776361788.198,288.198,0.97,0.98,0.02,0.03,0.01,0.01,74425.26,1776361786000
1776361788.567,288.567,0.97,0.98,0.02,0.03,0.01,0.01,74433.47,1776361787000
1776361788.906,288.906,0.97,0.98,0.02,0.03,0.01,0.01,74433.47,1776361787000
1776361789.253,289.253,0.97,0.98,0.02,0.03,0.01,0.01,74434.13,1776361788000
1776361789.59,289.59,0.98,0.99,0.01,0.02,0.01,0.01,74434.13,1776361788000
1776361789.93,289.93,0.98,0.99,0.01,0.02,0.01,0.01,74434.13,1776361788000
1776361790.27,290.27,0.98,0.99,0.01,0.02,0.01,0.01,74434.13,1776361788000
1776361790.627,290.627,0.98,0.99,0.01,0.02,0.01,0.01,74435.15,1776361789000
1776361790.973,290.973,0.98,0.99,0.01,0.02,0.01,0.01,74435.15,1776361789000
1776361791.318,291.318,0.98,0.99,0.01,0.02,0.01,0.01,74439.54,1776361790000
1776361791.651,291.651,0.98,0.99,0.01,0.02,0.01,0.01,74439.54,1776361790000
1776361792.005,292.005,0.98,0.99,0.01,0.02,0.01,0.01,74439.54,1776361790000
1776361792.34,292.34,0.98,0.99,0.01,0.02,0.01,0.01,74442.84,1776361791000
1776361792.711,292.711,0.99,0.99,0.01,0.01,0.0,0.0,74442.84,1776361791000
1776361793.102,293.102,0.99,0.99,0.01,0.01,0.0,0.0,74442.84,1776361791000
1776361793.476,293.476,0.99,0.99,0.01,0.01,0.0,0.0,74442.02,1776361792000
1776361793.835,293.835,0.99,0.99,0.01,0.01,0.0,0.0,74442.02,1776361792000
1776361794.201,294.201,0.99,0.99,0.01,0.01,0.0,0.0,74442.02,1776361792000
1776361794.732,294.732,0.99,0.99,0.01,0.01,0.0,0.0,74442.02,1776361792000
1776361795.084,295.084,0.99,0.99,0.01,0.01,0.0,0.0,74442.02,1776361792000
1776361795.654,295.654,0.99,0.99,0.01,0.01,0.0,0.0,74442.0,1776361793000
1776361796.116,296.116,0.99,0.99,0.01,0.01,0.0,0.0,74443.81,1776361794000
1776361797.159,297.159,0.99,0.99,0.01,0.01,0.0,0.0,74445.49,1776361795000
1776361797.627,297.627,0.99,0.99,0.01,0.01,0.0,0.0,74445.49,1776361795000
1776361798.103,298.103,0.99,0.99,0.01,0.01,0.0,0.0,74445.49,1776361795000
1776361798.665,298.665,0.99,0.99,0.01,0.01,0.0,0.0,74452.56,1776361796000
1776361799.499,299.499,0.99,0.99,0.01,0.01,0.0,0.0,74452.8,1776361797000
1776361800.132,300.132,0.99,0.99,0.01,0.01,0.0,0.0,74452.89,1776361798000
1776361800.625,300.625,0.99,0.99,0.01,0.01,0.0,0.0,74452.92,1776361799000

# RESULT,winner=Up,slug=btc-updown-5m-1776361500,ticks=686
