timestamp,elapsed_sec,up_bid,up_ask,down_bid,down_ask,up_spread,down_spread,btc_price,btc_oracle_ts
1776858600.564,0.564,0.49,0.51,0.49,0.51,0.02,0.02,78325.85,1776858599000
1776858600.99,0.99,0.49,0.5,0.5,0.51,0.01,0.01,78325.41,1776858600000
1776858601.398,1.398,0.49,0.5,0.5,0.51,0.01,0.01,78325.41,1776858600000
1776858601.75,1.75,0.49,0.5,0.5,0.51,0.01,0.01,78325.41,1776858600000
1776858602.107,2.107,0.42,0.43,0.57,0.58,0.01,0.01,78325.39,1776858601000
1776858602.566,2.566,0.42,0.43,0.57,0.58,0.01,0.01,78325.39,1776858601000
1776858603.033,3.033,0.42,0.43,0.57,0.58,0.01,0.01,78322.65,1776858602000
1776858603.409,3.409,0.42,0.43,0.57,0.58,0.01,0.01,78322.65,1776858602000
1776858603.831,3.831,0.42,0.43,0.57,0.58,0.01,0.01,78322.65,1776858602000
1776858604.597,4.597,0.42,0.43,0.57,0.58,0.01,0.01,78311.87,1776858603000
1776858604.936,4.936,0.42,0.43,0.57,0.58,0.01,0.01,78311.87,1776858603000
1776858605.305,5.305,0.41,0.42,0.58,0.59,0.01,0.01,78310.84,1776858604000
1776858605.647,5.647,0.4,0.41,0.59,0.6,0.01,0.01,78310.84,1776858604000
1776858606.062,6.062,0.4,0.41,0.59,0.6,0.01,0.01,78311.18,1776858605000
1776858606.417,6.417,0.4,0.41,0.59,0.6,0.01,0.01,78311.18,1776858605000
1776858607.026,7.026,0.4,0.41,0.59,0.6,0.01,0.01,78311.18,1776858605000
1776858607.453,7.453,0.4,0.41,0.59,0.6,0.01,0.01,78311.18,1776858605000
1776858607.793,7.793,0.36,0.39,0.61,0.64,0.03,0.03,78310.82,1776858606000
1776858608.141,8.141,0.36,0.37,0.63,0.64,0.01,0.01,78310.82,1776858606000
1776858608.52,8.52,0.36,0.37,0.63,0.64,0.01,0.01,78310.82,1776858606000
1776858608.865,8.865,0.35,0.36,0.64,0.65,0.01,0.01,78310.82,1776858606000
1776858609.227,9.227,0.35,0.36,0.64,0.65,0.01,0.01,78310.19,1776858607000
1776858609.569,9.569,0.35,0.36,0.64,0.65,0.01,0.01,78310.19,1776858607000
1776858609.914,9.914,0.41,0.42,0.58,0.59,0.01,0.01,78307.6,1776858608000
1776858610.252,10.252,0.41,0.42,0.58,0.59,0.01,0.01,78307.6,1776858608000
1776858610.586,10.586,0.39,0.4,0.58,0.6,0.01,0.02,78307.6,1776858608000
1776858610.929,10.929,0.38,0.39,0.61,0.62,0.01,0.01,78302.65,1776858609000
1776858611.266,11.266,0.38,0.39,0.61,0.62,0.01,0.01,78302.65,1776858609000
1776858611.613,11.613,0.38,0.39,0.61,0.62,0.01,0.01,78302.32,1776858610000
1776858612.004,12.004,0.38,0.39,0.61,0.62,0.01,0.01,78302.32,1776858610000
1776858612.349,12.349,0.38,0.39,0.61,0.62,0.01,0.01,78305.16,1776858611000
1776858612.762,12.762,0.38,0.39,0.61,0.62,0.01,0.01,78305.16,1776858611000
1776858613.198,13.198,0.37,0.38,0.61,0.63,0.01,0.02,78305.16,1776858611000
1776858613.601,13.601,0.36,0.37,0.63,0.64,0.01,0.01,78303.49,1776858612000
1776858613.979,13.979,0.36,0.37,0.63,0.64,0.01,0.01,78303.49,1776858612000
1776858614.386,14.386,0.36,0.37,0.63,0.64,0.01,0.01,78303.48,1776858613000
1776858614.738,14.738,0.33,0.34,0.63,0.65,0.01,0.02,78303.48,1776858613000
1776858615.085,15.085,0.33,0.34,0.66,0.67,0.01,0.01,78303.24,1776858614000
1776858615.453,15.453,0.33,0.34,0.66,0.67,0.01,0.01,78303.24,1776858614000
1776858615.797,15.797,0.33,0.34,0.66,0.67,0.01,0.01,78303.24,1776858614000
1776858616.137,16.137,0.33,0.34,0.66,0.67,0.01,0.01,78303.24,1776858614000
1776858616.509,16.509,0.33,0.34,0.66,0.67,0.01,0.01,78303.24,1776858614000
1776858616.86,16.86,0.34,0.35,0.65,0.66,0.01,0.01,78296.3,1776858615000
1776858617.274,17.274,0.34,0.35,0.65,0.66,0.01,0.01,78296.3,1776858615000
1776858617.623,17.623,0.33,0.34,0.65,0.67,0.01,0.02,78294.5,1776858616000
1776858617.96,17.96,0.33,0.34,0.66,0.67,0.01,0.01,78294.5,1776858616000
1776858618.433,18.433,0.33,0.34,0.66,0.67,0.01,0.01,78294.95,1776858617000
1776858618.781,18.781,0.33,0.34,0.66,0.67,0.01,0.01,78294.95,1776858617000
1776858619.165,19.165,0.33,0.34,0.66,0.67,0.01,0.01,78294.95,1776858617000
1776858619.516,19.516,0.33,0.34,0.66,0.67,0.01,0.01,78294.95,1776858617000
1776858619.879,19.879,0.32,0.33,0.67,0.68,0.01,0.01,78294.94,1776858618000
1776858620.214,20.214,0.31,0.33,0.67,0.69,0.02,0.02,78294.94,1776858618000
1776858620.597,20.597,0.31,0.32,0.68,0.69,0.01,0.01,78294.91,1776858619000
1776858621.013,21.013,0.31,0.32,0.68,0.69,0.01,0.01,78294.91,1776858619000
1776858621.373,21.373,0.31,0.32,0.68,0.69,0.01,0.01,78294.86,1776858620000
1776858621.73,21.73,0.31,0.32,0.68,0.69,0.01,0.01,78294.86,1776858620000
1776858622.461,22.461,0.31,0.32,0.68,0.69,0.01,0.01,78294.86,1776858620000
1776858623.013,23.013,0.31,0.32,0.68,0.69,0.01,0.01,78293.71,1776858621000
1776858623.613,23.613,0.31,0.32,0.68,0.69,0.01,0.01,78293.27,1776858622000
1776858624.111,24.111,0.31,0.32,0.68,0.69,0.01,0.01,78293.27,1776858622000
1776858624.668,24.668,0.31,0.32,0.68,0.69,0.01,0.01,78293.27,1776858622000
1776858625.071,25.071,0.31,0.32,0.68,0.69,0.01,0.01,78292.87,1776858623000
1776858625.409,25.409,0.31,0.32,0.68,0.69,0.01,0.01,78292.87,1776858623000
1776858625.85,25.85,0.31,0.32,0.68,0.69,0.01,0.01,78293.38,1776858624000
1776858626.23,26.23,0.31,0.32,0.68,0.69,0.01,0.01,78293.75,1776858625000
1776858626.625,26.625,0.31,0.32,0.68,0.69,0.01,0.01,78293.75,1776858625000
1776858627.222,27.222,0.31,0.32,0.68,0.69,0.01,0.01,78293.75,1776858625000
1776858627.585,27.585,0.31,0.32,0.68,0.69,0.01,0.01,78293.75,1776858625000
1776858627.993,27.993,0.31,0.32,0.68,0.69,0.01,0.01,78293.24,1776858626000
1776858628.41,28.41,0.31,0.32,0.68,0.69,0.01,0.01,78293.24,1776858626000
1776858628.775,28.775,0.31,0.32,0.68,0.69,0.01,0.01,78293.03,1776858627000
1776858629.148,29.148,0.31,0.32,0.68,0.69,0.01,0.01,78293.03,1776858628000
1776858629.668,29.668,0.31,0.32,0.68,0.69,0.01,0.01,78293.03,1776858628000
1776858630.132,30.132,0.31,0.32,0.68,0.69,0.01,0.01,78293.03,1776858628000
1776858630.496,30.496,0.31,0.32,0.68,0.69,0.01,0.01,78293.03,1776858629000
1776858630.864,30.864,0.31,0.32,0.68,0.69,0.01,0.01,78293.03,1776858629000
1776858631.285,31.285,0.34,0.36,0.64,0.66,0.02,0.02,78293.04,1776858630000
1776858631.651,31.651,0.35,0.37,0.63,0.65,0.02,0.02,78293.04,1776858630000
1776858632.133,32.133,0.35,0.37,0.63,0.65,0.02,0.02,78293.04,1776858630000
1776858632.466,32.466,0.41,0.42,0.59,0.64,0.01,0.05,78295.41,1776858631000
1776858632.801,32.801,0.41,0.46,0.55,0.59,0.05,0.04,78295.41,1776858631000
1776858633.147,33.147,0.42,0.43,0.57,0.58,0.01,0.01,78295.41,1776858631000
1776858633.581,33.581,0.42,0.43,0.57,0.58,0.01,0.01,78299.06,1776858632000
1776858633.916,33.916,0.43,0.44,0.56,0.57,0.01,0.01,78299.06,1776858632000
1776858634.252,34.252,0.41,0.42,0.58,0.59,0.01,0.01,78299.06,1776858632000
1776858634.588,34.588,0.35,0.4,0.6,0.65,0.05,0.05,78309.61,1776858633000
1776858634.977,34.977,0.35,0.36,0.62,0.66,0.01,0.04,78309.61,1776858633000
1776858635.382,35.382,0.35,0.36,0.64,0.65,0.01,0.01,78310.81,1776858634000
1776858635.718,35.718,0.34,0.36,0.64,0.66,0.02,0.02,78310.81,1776858634000
1776858636.148,36.148,0.34,0.35,0.65,0.66,0.01,0.01,78310.81,1776858634000
1776858636.502,36.502,0.34,0.35,0.65,0.66,0.01,0.01,78308.36,1776858635000
1776858636.839,36.839,0.34,0.35,0.65,0.66,0.01,0.01,78308.36,1776858635000
1776858637.239,37.239,0.34,0.35,0.65,0.66,0.01,0.01,78308.36,1776858635000
1776858637.575,37.575,0.28,0.29,0.71,0.72,0.01,0.01,78302.11,1776858636000
1776858637.923,37.923,0.28,0.29,0.71,0.72,0.01,0.01,78302.11,1776858636000
1776858638.282,38.282,0.28,0.29,0.71,0.72,0.01,0.01,78302.11,1776858636000
1776858638.623,38.623,0.31,0.32,0.68,0.69,0.01,0.01,78302.11,1776858636000
1776858639.011,39.011,0.32,0.33,0.67,0.68,0.01,0.01,78298.67,1776858637000
1776858639.352,39.352,0.32,0.33,0.67,0.68,0.01,0.01,78298.23,1776858638000
1776858639.695,39.695,0.32,0.33,0.67,0.68,0.01,0.01,78298.23,1776858638000
1776858640.064,40.064,0.33,0.34,0.66,0.67,0.01,0.01,78298.23,1776858638000
1776858640.407,40.407,0.38,0.39,0.61,0.62,0.01,0.01,78298.23,1776858638000
1776858640.76,40.76,0.39,0.4,0.6,0.61,0.01,0.01,78291.48,1776858639000
1776858641.1,41.1,0.39,0.4,0.6,0.61,0.01,0.01,78292.37,1776858640000
1776858641.445,41.445,0.39,0.4,0.6,0.61,0.01,0.01,78292.37,1776858640000
1776858641.779,41.779,0.39,0.4,0.6,0.61,0.01,0.01,78292.37,1776858640000
1776858642.155,42.155,0.39,0.4,0.6,0.61,0.01,0.01,78292.37,1776858640000
1776858642.582,42.582,0.38,0.39,0.6,0.62,0.01,0.02,78295.76,1776858641000
1776858642.96,42.96,0.38,0.39,0.61,0.62,0.01,0.01,78295.76,1776858641000
1776858643.349,43.349,0.38,0.39,0.61,0.62,0.01,0.01,78303.25,1776858642000
1776858643.959,43.959,0.38,0.39,0.61,0.62,0.01,0.01,78303.25,1776858642000
1776858644.389,44.389,0.28,0.32,0.68,0.72,0.04,0.04,78303.41,1776858643000
1776858644.735,44.735,0.22,0.23,0.77,0.78,0.01,0.01,78303.41,1776858643000
1776858645.078,45.078,0.22,0.23,0.77,0.78,0.01,0.01,78303.41,1776858643000
1776858645.415,45.415,0.22,0.23,0.77,0.78,0.01,0.01,78302.79,1776858644000
1776858646.011,46.011,0.22,0.23,0.77,0.78,0.01,0.01,78302.79,1776858644000
1776858646.642,46.642,0.22,0.23,0.77,0.78,0.01,0.01,78279.25,1776858645000
1776858646.994,46.994,0.22,0.24,0.77,0.78,0.02,0.01,78279.25,1776858645000
1776858647.346,47.346,0.22,0.23,0.77,0.78,0.01,0.01,78275.42,1776858646000
1776858647.915,47.915,0.23,0.24,0.76,0.77,0.01,0.01,78275.42,1776858646000
1776858648.372,48.372,0.23,0.24,0.76,0.77,0.01,0.01,78275.43,1776858647000
1776858648.861,48.861,0.23,0.24,0.76,0.77,0.01,0.01,78275.43,1776858647000
1776858649.196,49.196,0.23,0.24,0.76,0.77,0.01,0.01,78275.43,1776858647000
1776858649.635,49.635,0.23,0.24,0.76,0.77,0.01,0.01,78275.56,1776858648000
1776858650.009,50.009,0.23,0.24,0.76,0.77,0.01,0.01,78275.56,1776858648000
1776858650.663,50.663,0.23,0.24,0.76,0.77,0.01,0.01,78274.91,1776858649000
1776858651.01,51.01,0.23,0.24,0.76,0.77,0.01,0.01,78274.91,1776858649000
1776858651.518,51.518,0.23,0.24,0.76,0.77,0.01,0.01,78275.4,1776858650000
1776858652.017,52.017,0.24,0.25,0.75,0.77,0.01,0.02,78275.4,1776858650000
1776858652.784,52.784,0.24,0.25,0.75,0.76,0.01,0.01,78275.32,1776858651000
1776858653.367,53.367,0.24,0.25,0.75,0.76,0.01,0.01,78275.16,1776858652000
1776858653.837,53.837,0.24,0.25,0.75,0.76,0.01,0.01,78275.16,1776858652000
1776858654.246,54.246,0.24,0.25,0.75,0.76,0.01,0.01,78275.42,1776858653000
1776858654.722,54.722,0.24,0.25,0.75,0.76,0.01,0.01,78275.42,1776858653000
1776858655.35,55.35,0.24,0.25,0.75,0.76,0.01,0.01,78275.14,1776858654000
1776858655.687,55.687,0.21,0.22,0.78,0.79,0.01,0.01,78275.14,1776858654000
1776858656.073,56.073,0.19,0.2,0.8,0.81,0.01,0.01,78275.14,1776858654000
1776858656.458,56.458,0.19,0.2,0.8,0.81,0.01,0.01,78275.14,1776858654000
1776858656.805,56.805,0.19,0.2,0.8,0.81,0.01,0.01,78274.96,1776858655000
1776858657.146,57.146,0.19,0.2,0.78,0.81,0.01,0.03,78274.96,1776858655000
1776858657.48,57.48,0.19,0.2,0.8,0.81,0.01,0.01,78272.46,1776858656000
1776858658.159,58.159,0.19,0.2,0.8,0.81,0.01,0.01,78272.46,1776858656000
1776858658.571,58.571,0.19,0.2,0.8,0.81,0.01,0.01,78264.82,1776858657000
1776858658.934,58.934,0.19,0.2,0.8,0.81,0.01,0.01,78264.46,1776858658000
1776858659.536,59.536,0.19,0.2,0.8,0.81,0.01,0.01,78264.46,1776858658000
1776858659.903,59.903,0.19,0.2,0.8,0.81,0.01,0.01,78264.46,1776858658000
1776858660.253,60.253,0.19,0.2,0.8,0.81,0.01,0.01,78263.43,1776858659000
1776858660.642,60.642,0.19,0.2,0.8,0.81,0.01,0.01,78263.43,1776858659000
1776858660.998,60.998,0.19,0.2,0.8,0.81,0.01,0.01,78263.43,1776858659000
1776858661.344,61.344,0.19,0.2,0.8,0.81,0.01,0.01,78263.99,1776858660000
1776858661.789,61.789,0.19,0.2,0.8,0.81,0.01,0.01,78263.99,1776858660000
1776858662.317,62.317,0.19,0.2,0.8,0.81,0.01,0.01,78263.99,1776858660000
1776858662.837,62.837,0.19,0.2,0.8,0.81,0.01,0.01,78264.55,1776858661000
1776858663.253,63.253,0.19,0.21,0.8,0.81,0.02,0.01,78264.9,1776858662000
1776858663.639,63.639,0.21,0.22,0.78,0.79,0.01,0.01,78264.9,1776858662000
1776858664.038,64.038,0.21,0.22,0.78,0.79,0.01,0.01,78264.9,1776858662000
1776858664.371,64.371,0.23,0.24,0.76,0.77,0.01,0.01,78264.9,1776858663000
1776858664.706,64.706,0.23,0.24,0.76,0.77,0.01,0.01,78264.9,1776858663000
1776858665.066,65.066,0.22,0.23,0.77,0.78,0.01,0.01,78264.9,1776858663000
1776858665.433,65.433,0.22,0.23,0.77,0.78,0.01,0.01,78266.23,1776858664000
1776858665.781,65.781,0.22,0.23,0.77,0.78,0.01,0.01,78266.23,1776858664000
1776858666.119,66.119,0.22,0.23,0.77,0.78,0.01,0.01,78266.23,1776858664000
1776858666.521,66.521,0.21,0.22,0.78,0.79,0.01,0.01,78270.38,1776858665000
1776858666.915,66.915,0.21,0.22,0.78,0.79,0.01,0.01,78271.5,1776858666000
1776858667.313,67.313,0.21,0.22,0.78,0.79,0.01,0.01,78271.5,1776858666000
1776858667.648,67.648,0.21,0.22,0.78,0.79,0.01,0.01,78271.5,1776858666000
1776858668.096,68.096,0.21,0.22,0.78,0.79,0.01,0.01,78271.5,1776858666000
1776858668.447,68.447,0.2,0.21,0.79,0.8,0.01,0.01,78270.17,1776858667000
1776858668.8,68.8,0.2,0.21,0.79,0.8,0.01,0.01,78270.17,1776858667000
1776858669.177,69.177,0.2,0.21,0.79,0.8,0.01,0.01,78268.27,1776858668000
1776858669.547,69.547,0.2,0.21,0.79,0.8,0.01,0.01,78268.27,1776858668000
1776858669.977,69.977,0.19,0.21,0.79,0.8,0.02,0.01,78268.27,1776858668000
1776858670.462,70.462,0.19,0.2,0.8,0.81,0.01,0.01,78268.27,1776858668000
1776858670.796,70.796,0.17,0.18,0.82,0.83,0.01,0.01,78268.27,1776858668000
1776858671.163,71.163,0.14,0.15,0.85,0.86,0.01,0.01,78268.37,1776858669000
1776858671.58,71.58,0.14,0.15,0.85,0.86,0.01,0.01,78268.37,1776858670000
1776858672.039,72.039,0.15,0.21,0.79,0.85,0.06,0.06,78267.42,1776858671000
1776858672.573,72.573,0.18,0.19,0.81,0.82,0.01,0.01,78267.42,1776858671000
1776858672.912,72.912,0.18,0.19,0.81,0.82,0.01,0.01,78267.42,1776858671000
1776858673.291,73.291,0.18,0.19,0.81,0.82,0.01,0.01,78267.42,1776858671000
1776858673.634,73.634,0.18,0.19,0.81,0.82,0.01,0.01,78262.75,1776858672000
1776858674.23,74.23,0.18,0.19,0.81,0.82,0.01,0.01,78263.73,1776858673000
1776858674.652,74.652,0.18,0.19,0.81,0.82,0.01,0.01,78263.73,1776858673000
1776858674.996,74.996,0.18,0.19,0.81,0.82,0.01,0.01,78263.73,1776858673000
1776858675.335,75.335,0.17,0.19,0.81,0.82,0.02,0.01,78263.73,1776858673000
1776858675.778,75.778,0.17,0.18,0.82,0.83,0.01,0.01,78263.83,1776858674000
1776858676.117,76.117,0.17,0.18,0.82,0.83,0.01,0.01,78263.83,1776858674000
1776858676.462,76.462,0.17,0.18,0.82,0.83,0.01,0.01,78263.29,1776858675000
1776858676.882,76.882,0.17,0.18,0.82,0.83,0.01,0.01,78263.29,1776858675000
1776858677.237,77.237,0.17,0.18,0.82,0.83,0.01,0.01,78263.29,1776858676000
1776858677.577,77.577,0.17,0.18,0.82,0.83,0.01,0.01,78263.29,1776858676000
1776858678.0,78.0,0.17,0.18,0.82,0.83,0.01,0.01,78263.29,1776858676000
1776858678.445,78.445,0.17,0.18,0.82,0.83,0.01,0.01,78263.61,1776858677000
1776858678.803,78.803,0.17,0.18,0.82,0.83,0.01,0.01,78263.61,1776858677000
1776858679.27,79.27,0.17,0.18,0.82,0.83,0.01,0.01,78263.68,1776858678000
1776858679.802,79.802,0.16,0.17,0.83,0.84,0.01,0.01,78263.68,1776858678000
1776858680.163,80.163,0.16,0.17,0.83,0.84,0.01,0.01,78263.68,1776858678000
1776858680.552,80.552,0.16,0.17,0.83,0.84,0.01,0.01,78263.68,1776858678000
1776858680.922,80.922,0.16,0.17,0.83,0.84,0.01,0.01,78263.82,1776858679000
1776858681.288,81.288,0.16,0.17,0.83,0.84,0.01,0.01,78263.82,1776858680000
1776858681.636,81.636,0.16,0.17,0.83,0.84,0.01,0.01,78263.82,1776858680000
1776858681.97,81.97,0.16,0.17,0.83,0.84,0.01,0.01,78263.82,1776858680000
1776858682.329,82.329,0.16,0.17,0.83,0.84,0.01,0.01,78263.47,1776858681000
1776858682.668,82.668,0.16,0.17,0.83,0.84,0.01,0.01,78263.47,1776858681000
1776858683.004,83.004,0.16,0.17,0.83,0.84,0.01,0.01,78263.33,1776858682000
1776858683.38,83.38,0.16,0.17,0.83,0.84,0.01,0.01,78263.33,1776858682000
1776858683.73,83.73,0.16,0.17,0.83,0.84,0.01,0.01,78263.33,1776858682000
1776858684.234,84.234,0.16,0.17,0.83,0.84,0.01,0.01,78262.98,1776858683000
1776858684.816,84.816,0.16,0.17,0.83,0.84,0.01,0.01,78262.98,1776858683000
1776858685.171,85.171,0.16,0.17,0.83,0.84,0.01,0.01,78262.98,1776858683000
1776858685.527,85.527,0.15,0.16,0.84,0.85,0.01,0.01,78262.66,1776858684000
1776858685.931,85.931,0.15,0.16,0.84,0.85,0.01,0.01,78262.66,1776858684000
1776858686.3,86.3,0.15,0.16,0.84,0.85,0.01,0.01,78262.66,1776858684000
1776858686.656,86.656,0.14,0.15,0.85,0.86,0.01,0.01,78262.47,1776858685000
1776858687.041,87.041,0.14,0.15,0.85,0.86,0.01,0.01,78262.47,1776858685000
1776858687.451,87.451,0.14,0.15,0.85,0.86,0.01,0.01,78262.99,1776858686000
1776858688.023,88.023,0.14,0.15,0.85,0.86,0.01,0.01,78262.99,1776858686000
1776858688.475,88.475,0.14,0.15,0.85,0.86,0.01,0.01,78262.99,1776858686000
1776858688.935,88.935,0.14,0.15,0.85,0.86,0.01,0.01,78263.14,1776858688000
1776858689.297,89.297,0.14,0.15,0.85,0.86,0.01,0.01,78263.14,1776858688000
1776858689.692,89.692,0.14,0.15,0.85,0.86,0.01,0.01,78263.14,1776858688000
1776858690.121,90.121,0.14,0.15,0.85,0.86,0.01,0.01,78263.14,1776858688000
1776858690.466,90.466,0.14,0.15,0.85,0.86,0.01,0.01,78262.06,1776858689000
1776858690.819,90.819,0.14,0.15,0.85,0.86,0.01,0.01,78262.06,1776858689000
1776858691.186,91.186,0.14,0.15,0.85,0.86,0.01,0.01,78262.06,1776858689000
1776858691.521,91.521,0.14,0.15,0.85,0.86,0.01,0.01,78262.24,1776858690000
1776858691.869,91.869,0.14,0.15,0.85,0.86,0.01,0.01,78262.24,1776858690000
1776858692.333,92.333,0.14,0.15,0.85,0.86,0.01,0.01,78262.24,1776858690000
1776858692.676,92.676,0.16,0.17,0.83,0.84,0.01,0.01,78263.08,1776858691000
1776858693.021,93.021,0.17,0.18,0.82,0.83,0.01,0.01,78263.08,1776858691000
1776858693.505,93.505,0.17,0.18,0.82,0.83,0.01,0.01,78263.09,1776858692000
1776858694.046,94.046,0.16,0.17,0.82,0.84,0.01,0.02,78263.09,1776858692000
1776858694.606,94.606,0.16,0.17,0.83,0.84,0.01,0.01,78263.09,1776858693000
1776858695.205,95.205,0.16,0.17,0.83,0.84,0.01,0.01,78263.09,1776858693000
1776858695.56,95.56,0.16,0.17,0.83,0.84,0.01,0.01,78266.02,1776858694000
1776858695.932,95.932,0.16,0.17,0.83,0.84,0.01,0.01,78266.02,1776858694000
1776858696.333,96.333,0.16,0.17,0.83,0.84,0.01,0.01,78266.02,1776858694000
1776858696.675,96.675,0.16,0.17,0.83,0.84,0.01,0.01,78265.73,1776858695000
1776858697.013,97.013,0.16,0.17,0.83,0.84,0.01,0.01,78265.73,1776858695000
1776858697.411,97.411,0.16,0.17,0.83,0.84,0.01,0.01,78265.73,1776858696000
1776858697.895,97.895,0.16,0.17,0.83,0.84,0.01,0.01,78265.73,1776858696000
1776858698.268,98.268,0.16,0.17,0.83,0.84,0.01,0.01,78266.44,1776858697000
1776858698.851,98.851,0.16,0.17,0.83,0.84,0.01,0.01,78266.44,1776858697000
1776858699.249,99.249,0.16,0.17,0.83,0.84,0.01,0.01,78266.44,1776858697000
1776858699.768,99.768,0.16,0.17,0.83,0.84,0.01,0.01,78267.02,1776858698000
1776858700.288,100.288,0.16,0.17,0.83,0.84,0.01,0.01,78267.02,1776858698000
1776858700.682,100.682,0.16,0.17,0.83,0.84,0.01,0.01,78266.54,1776858699000
1776858701.173,101.173,0.16,0.17,0.83,0.84,0.01,0.01,78266.54,1776858699000
1776858701.577,101.577,0.16,0.17,0.83,0.84,0.01,0.01,78266.39,1776858700000
1776858701.926,101.926,0.16,0.17,0.83,0.84,0.01,0.01,78266.25,1776858701000
1776858702.442,102.442,0.16,0.17,0.83,0.84,0.01,0.01,78266.25,1776858701000
1776858702.821,102.821,0.16,0.17,0.82,0.84,0.01,0.02,78266.25,1776858701000
1776858703.308,103.308,0.16,0.17,0.83,0.84,0.01,0.01,78266.93,1776858702000
1776858703.728,103.728,0.16,0.17,0.83,0.84,0.01,0.01,78266.93,1776858702000
1776858704.081,104.081,0.16,0.17,0.83,0.84,0.01,0.01,78266.59,1776858703000
1776858704.552,104.552,0.16,0.17,0.83,0.84,0.01,0.01,78266.59,1776858703000
1776858704.904,104.904,0.16,0.17,0.83,0.84,0.01,0.01,78266.59,1776858703000
1776858705.246,105.246,0.15,0.16,0.84,0.85,0.01,0.01,78266.59,1776858704000
1776858705.732,105.732,0.15,0.16,0.84,0.85,0.01,0.01,78266.59,1776858704000
1776858706.173,106.173,0.15,0.16,0.84,0.85,0.01,0.01,78267.06,1776858705000
1776858706.543,106.543,0.15,0.16,0.84,0.85,0.01,0.01,78267.06,1776858705000
1776858706.89,106.89,0.15,0.16,0.84,0.85,0.01,0.01,78267.06,1776858705000
1776858707.349,107.349,0.15,0.16,0.84,0.85,0.01,0.01,78267.04,1776858706000
1776858707.688,107.688,0.15,0.16,0.84,0.85,0.01,0.01,78267.04,1776858706000
1776858708.087,108.087,0.15,0.16,0.84,0.85,0.01,0.01,78267.04,1776858706000
1776858708.451,108.451,0.15,0.16,0.84,0.85,0.01,0.01,78265.52,1776858707000
1776858708.979,108.979,0.15,0.16,0.84,0.85,0.01,0.01,78265.52,1776858708000
1776858709.837,109.837,0.15,0.16,0.84,0.85,0.01,0.01,78265.52,1776858708000
1776858710.196,110.196,0.15,0.16,0.84,0.85,0.01,0.01,78265.54,1776858709000
1776858710.556,110.556,0.17,0.18,0.83,0.85,0.01,0.02,78265.54,1776858709000
1776858710.938,110.938,0.17,0.18,0.82,0.83,0.01,0.01,78265.54,1776858709000
1776858711.313,111.313,0.17,0.18,0.82,0.83,0.01,0.01,78267.81,1776858710000
1776858711.825,111.825,0.17,0.18,0.82,0.83,0.01,0.01,78267.81,1776858710000
1776858712.279,112.279,0.17,0.18,0.82,0.83,0.01,0.01,78268.94,1776858711000
1776858712.635,112.635,0.17,0.18,0.82,0.83,0.01,0.01,78268.94,1776858711000
1776858713.015,113.015,0.17,0.18,0.82,0.83,0.01,0.01,78271.52,1776858712000
1776858713.493,113.493,0.17,0.18,0.82,0.83,0.01,0.01,78271.52,1776858712000
1776858713.892,113.892,0.17,0.18,0.82,0.83,0.01,0.01,78271.52,1776858712000
1776858714.279,114.279,0.17,0.19,0.82,0.83,0.02,0.01,78271.52,1776858712000
1776858714.741,114.741,0.18,0.19,0.81,0.82,0.01,0.01,78271.52,1776858712000
1776858715.241,115.241,0.18,0.19,0.81,0.82,0.01,0.01,78272.64,1776858714000
1776858715.757,115.757,0.18,0.19,0.81,0.82,0.01,0.01,78272.64,1776858714000
1776858716.199,116.199,0.18,0.21,0.8,0.82,0.03,0.02,78272.64,1776858714000
1776858716.552,116.552,0.21,0.24,0.76,0.79,0.03,0.03,78272.84,1776858715000
1776858716.908,116.908,0.22,0.26,0.74,0.78,0.04,0.04,78272.84,1776858715000
1776858717.297,117.297,0.24,0.26,0.74,0.76,0.02,0.02,78272.84,1776858715000
1776858717.703,117.703,0.24,0.27,0.74,0.76,0.03,0.02,78279.22,1776858716000
1776858718.133,118.133,0.24,0.28,0.72,0.76,0.04,0.04,78287.55,1776858717000
1776858718.551,118.551,0.24,0.28,0.72,0.76,0.04,0.04,78287.55,1776858717000
1776858719.111,119.111,0.3,0.32,0.68,0.7,0.02,0.02,78287.55,1776858717000
1776858719.446,119.446,0.31,0.34,0.66,0.69,0.03,0.03,78297.19,1776858718000
1776858719.822,119.822,0.34,0.38,0.62,0.66,0.04,0.04,78297.19,1776858718000
1776858720.164,120.164,0.39,0.4,0.6,0.61,0.01,0.01,78297.19,1776858718000
1776858720.586,120.586,0.39,0.4,0.6,0.61,0.01,0.01,78300.25,1776858719000
1776858721.037,121.037,0.34,0.36,0.64,0.66,0.02,0.02,78300.25,1776858719000
1776858721.372,121.372,0.35,0.36,0.64,0.65,0.01,0.01,78305.62,1776858720000
1776858721.712,121.712,0.33,0.34,0.66,0.67,0.01,0.01,78305.62,1776858720000
1776858722.082,122.082,0.33,0.34,0.66,0.67,0.01,0.01,78305.62,1776858720000
1776858722.445,122.445,0.33,0.34,0.66,0.67,0.01,0.01,78305.62,1776858720000
1776858722.782,122.782,0.33,0.34,0.66,0.67,0.01,0.01,78308.51,1776858721000
1776858723.134,123.134,0.33,0.34,0.66,0.67,0.01,0.01,78308.51,1776858721000
1776858723.497,123.497,0.34,0.35,0.65,0.66,0.01,0.01,78308.51,1776858721000
1776858723.857,123.857,0.34,0.35,0.65,0.66,0.01,0.01,78304.95,1776858722000
1776858724.202,124.202,0.34,0.35,0.65,0.66,0.01,0.01,78304.31,1776858723000
1776858724.799,124.799,0.34,0.35,0.65,0.66,0.01,0.01,78304.31,1776858723000
1776858725.217,125.217,0.34,0.35,0.65,0.66,0.01,0.01,78303.66,1776858724000
1776858725.629,125.629,0.33,0.34,0.66,0.67,0.01,0.01,78303.66,1776858724000
1776858725.966,125.966,0.33,0.34,0.66,0.67,0.01,0.01,78303.66,1776858724000
1776858726.35,126.35,0.33,0.34,0.66,0.67,0.01,0.01,78303.66,1776858724000
1776858726.801,126.801,0.33,0.34,0.66,0.67,0.01,0.01,78303.24,1776858725000
1776858727.262,127.262,0.33,0.34,0.66,0.67,0.01,0.01,78303.24,1776858725000
1776858727.627,127.627,0.29,0.3,0.68,0.71,0.01,0.03,78303.24,1776858725000
1776858728.049,128.049,0.29,0.3,0.7,0.71,0.01,0.01,78303.23,1776858726000
1776858728.418,128.418,0.29,0.3,0.7,0.71,0.01,0.01,78303.23,1776858726000
1776858728.761,128.761,0.28,0.29,0.71,0.72,0.01,0.01,78303.24,1776858727000
1776858729.097,129.097,0.29,0.3,0.7,0.71,0.01,0.01,78303.24,1776858727000
1776858729.451,129.451,0.29,0.3,0.7,0.71,0.01,0.01,78303.22,1776858728000
1776858729.837,129.837,0.28,0.3,0.7,0.71,0.02,0.01,78303.22,1776858728000
1776858730.248,130.248,0.28,0.29,0.71,0.72,0.01,0.01,78300.68,1776858729000
1776858730.592,130.592,0.28,0.29,0.71,0.72,0.01,0.01,78300.68,1776858729000
1776858731.143,131.143,0.27,0.28,0.72,0.73,0.01,0.01,78300.68,1776858729000
1776858731.591,131.591,0.27,0.28,0.72,0.73,0.01,0.01,78300.68,1776858729000
1776858732.039,132.039,0.27,0.28,0.72,0.73,0.01,0.01,78299.74,1776858731000
1776858732.385,132.385,0.27,0.28,0.72,0.73,0.01,0.01,78299.74,1776858731000
1776858732.719,132.719,0.27,0.28,0.72,0.73,0.01,0.01,78299.74,1776858731000
1776858733.234,133.234,0.27,0.28,0.72,0.73,0.01,0.01,78295.93,1776858732000
1776858733.621,133.621,0.27,0.28,0.72,0.73,0.01,0.01,78295.93,1776858732000
1776858734.346,134.346,0.27,0.28,0.72,0.73,0.01,0.01,78295.55,1776858733000
1776858734.875,134.875,0.27,0.28,0.72,0.73,0.01,0.01,78295.55,1776858733000
1776858735.48,135.48,0.27,0.28,0.72,0.73,0.01,0.01,78295.81,1776858734000
1776858735.951,135.951,0.3,0.31,0.69,0.71,0.01,0.02,78295.81,1776858734000
1776858736.285,136.285,0.3,0.31,0.69,0.7,0.01,0.01,78295.81,1776858735000
1776858736.671,136.671,0.3,0.31,0.69,0.7,0.01,0.01,78295.81,1776858735000
1776858737.032,137.032,0.3,0.31,0.69,0.7,0.01,0.01,78295.81,1776858735000
1776858737.467,137.467,0.3,0.31,0.69,0.7,0.01,0.01,78295.68,1776858736000
1776858738.022,138.022,0.3,0.31,0.69,0.7,0.01,0.01,78295.68,1776858736000
1776858738.411,138.411,0.29,0.3,0.7,0.71,0.01,0.01,78297.28,1776858737000
1776858738.775,138.775,0.29,0.3,0.7,0.71,0.01,0.01,78297.28,1776858737000
1776858739.119,139.119,0.29,0.3,0.7,0.71,0.01,0.01,78299.12,1776858738000
1776858739.665,139.665,0.29,0.3,0.7,0.71,0.01,0.01,78299.12,1776858738000
1776858740.123,140.123,0.29,0.3,0.7,0.71,0.01,0.01,78299.12,1776858738000
1776858740.734,140.734,0.29,0.3,0.7,0.71,0.01,0.01,78298.59,1776858739000
1776858741.138,141.138,0.29,0.3,0.7,0.71,0.01,0.01,78298.59,1776858739000
1776858741.553,141.553,0.29,0.31,0.7,0.71,0.02,0.01,78298.49,1776858740000
1776858741.941,141.941,0.33,0.34,0.66,0.67,0.01,0.01,78298.49,1776858740000
1776858742.281,142.281,0.33,0.34,0.66,0.67,0.01,0.01,78298.49,1776858740000
1776858742.659,142.659,0.32,0.33,0.67,0.68,0.01,0.01,78298.49,1776858741000
1776858743.032,143.032,0.32,0.33,0.67,0.68,0.01,0.01,78298.49,1776858741000
1776858743.599,143.599,0.32,0.33,0.67,0.68,0.01,0.01,78298.49,1776858741000
1776858744.312,144.312,0.32,0.33,0.67,0.68,0.01,0.01,78302.46,1776858742000
1776858744.889,144.889,0.32,0.33,0.67,0.68,0.01,0.01,78303.45,1776858743000
1776858745.375,145.375,0.32,0.33,0.67,0.68,0.01,0.01,78303.45,1776858743000
1776858745.901,145.901,0.32,0.33,0.67,0.68,0.01,0.01,78303.44,1776858744000
1776858746.281,146.281,0.32,0.33,0.67,0.68,0.01,0.01,78303.44,1776858744000
1776858746.911,146.911,0.32,0.33,0.67,0.68,0.01,0.01,78303.37,1776858745000
1776858747.295,147.295,0.32,0.33,0.67,0.68,0.01,0.01,78303.37,1776858746000
1776858747.667,147.667,0.32,0.33,0.67,0.68,0.01,0.01,78303.37,1776858746000
1776858748.02,148.02,0.31,0.33,0.67,0.69,0.02,0.02,78303.37,1776858746000
1776858748.353,148.353,0.29,0.3,0.7,0.71,0.01,0.01,78303.16,1776858747000
1776858748.905,148.905,0.28,0.29,0.7,0.72,0.01,0.02,78303.16,1776858747000
1776858749.282,149.282,0.27,0.29,0.71,0.73,0.02,0.02,78303.16,1776858747000
1776858749.953,149.953,0.27,0.28,0.72,0.73,0.01,0.01,78302.84,1776858749000
1776858750.438,150.438,0.28,0.29,0.71,0.72,0.01,0.01,78302.84,1776858749000
1776858750.788,150.788,0.28,0.29,0.71,0.72,0.01,0.01,78302.84,1776858749000
1776858751.19,151.19,0.28,0.29,0.71,0.72,0.01,0.01,78299.35,1776858750000
1776858751.555,151.555,0.28,0.29,0.71,0.72,0.01,0.01,78299.35,1776858750000
1776858751.897,151.897,0.28,0.29,0.71,0.72,0.01,0.01,78299.35,1776858750000
1776858752.254,152.254,0.29,0.3,0.71,0.72,0.01,0.01,78299.35,1776858750000
1776858752.869,152.869,0.29,0.32,0.7,0.71,0.03,0.01,78300.61,1776858751000
1776858753.235,153.235,0.34,0.35,0.65,0.66,0.01,0.01,78300.61,1776858751000
1776858753.587,153.587,0.4,0.44,0.59,0.6,0.04,0.01,78300.61,1776858751000
1776858753.935,153.935,0.44,0.45,0.54,0.56,0.01,0.02,78301.07,1776858752000
1776858754.272,154.272,0.44,0.45,0.55,0.56,0.01,0.01,78300.86,1776858753000
1776858754.614,154.614,0.45,0.46,0.55,0.56,0.01,0.01,78300.86,1776858753000
1776858754.991,154.991,0.45,0.46,0.54,0.55,0.01,0.01,78300.86,1776858753000
1776858755.34,155.34,0.45,0.46,0.54,0.55,0.01,0.01,78310.59,1776858754000
1776858755.73,155.73,0.44,0.45,0.55,0.56,0.01,0.01,78310.59,1776858754000
1776858756.179,156.179,0.44,0.45,0.55,0.56,0.01,0.01,78310.59,1776858754000
1776858756.699,156.699,0.44,0.45,0.55,0.56,0.01,0.01,78317.19,1776858755000
1776858757.054,157.054,0.47,0.49,0.51,0.53,0.02,0.02,78317.19,1776858755000
1776858757.397,157.397,0.48,0.49,0.51,0.52,0.01,0.01,78317.19,1776858755000
1776858757.748,157.748,0.49,0.5,0.5,0.51,0.01,0.01,78317.47,1776858756000
1776858758.124,158.124,0.49,0.5,0.5,0.51,0.01,0.01,78317.47,1776858756000
1776858758.462,158.462,0.49,0.5,0.5,0.51,0.01,0.01,78316.19,1776858757000
1776858758.818,158.818,0.49,0.5,0.5,0.51,0.01,0.01,78316.19,1776858757000
1776858759.156,159.156,0.49,0.5,0.5,0.51,0.01,0.01,78321.44,1776858758000
1776858759.608,159.608,0.49,0.5,0.5,0.51,0.01,0.01,78321.44,1776858758000
1776858759.962,159.962,0.49,0.5,0.5,0.51,0.01,0.01,78321.44,1776858758000
1776858760.311,160.311,0.5,0.51,0.49,0.5,0.01,0.01,78321.44,1776858758000
1776858760.694,160.694,0.5,0.51,0.49,0.5,0.01,0.01,78323.85,1776858759000
1776858761.055,161.055,0.5,0.51,0.49,0.5,0.01,0.01,78323.85,1776858759000
1776858761.427,161.427,0.5,0.51,0.49,0.5,0.01,0.01,78323.89,1776858760000
1776858761.769,161.769,0.5,0.51,0.49,0.5,0.01,0.01,78323.89,1776858760000
1776858762.151,162.151,0.48,0.49,0.51,0.52,0.01,0.01,78323.89,1776858760000
1776858762.49,162.49,0.48,0.49,0.51,0.52,0.01,0.01,78323.89,1776858760000
1776858762.846,162.846,0.48,0.49,0.51,0.52,0.01,0.01,78325.16,1776858761000
1776858763.18,163.18,0.48,0.49,0.51,0.52,0.01,0.01,78325.16,1776858761000
1776858763.54,163.54,0.48,0.49,0.51,0.52,0.01,0.01,78325.48,1776858762000
1776858763.994,163.994,0.48,0.49,0.51,0.52,0.01,0.01,78325.48,1776858762000
1776858764.337,164.337,0.48,0.49,0.51,0.52,0.01,0.01,78325.48,1776858762000
1776858764.694,164.694,0.48,0.49,0.51,0.52,0.01,0.01,78325.48,1776858762000
1776858765.071,165.071,0.48,0.49,0.51,0.52,0.01,0.01,78322.8,1776858763000
1776858765.434,165.434,0.48,0.49,0.51,0.52,0.01,0.01,78322.8,1776858763000
1776858765.787,165.787,0.48,0.49,0.51,0.52,0.01,0.01,78322.84,1776858764000
1776858766.125,166.125,0.48,0.5,0.51,0.52,0.02,0.01,78322.84,1776858764000
1776858766.659,166.659,0.49,0.5,0.5,0.51,0.01,0.01,78322.87,1776858765000
1776858767.1,167.1,0.48,0.49,0.5,0.52,0.01,0.02,78322.87,1776858765000
1776858767.505,167.505,0.48,0.49,0.51,0.52,0.01,0.01,78323.17,1776858766000
1776858767.84,167.84,0.48,0.5,0.5,0.52,0.02,0.02,78323.17,1776858766000
1776858768.343,168.343,0.49,0.5,0.5,0.52,0.01,0.02,78322.17,1776858767000
1776858768.96,168.96,0.49,0.5,0.5,0.51,0.01,0.01,78322.17,1776858767000
1776858769.484,169.484,0.49,0.5,0.5,0.51,0.01,0.01,78322.97,1776858768000
1776858769.921,169.921,0.49,0.5,0.5,0.51,0.01,0.01,78322.97,1776858768000
1776858770.307,170.307,0.49,0.51,0.5,0.51,0.02,0.01,78323.17,1776858769000
1776858770.696,170.696,0.51,0.52,0.48,0.49,0.01,0.01,78323.17,1776858769000
1776858771.029,171.029,0.51,0.52,0.48,0.49,0.01,0.01,78323.17,1776858769000
1776858771.384,171.384,0.58,0.59,0.4,0.42,0.01,0.02,78323.17,1776858769000
1776858771.777,171.777,0.58,0.59,0.41,0.42,0.01,0.01,78323.35,1776858770000
1776858772.19,172.19,0.58,0.59,0.41,0.42,0.01,0.01,78323.35,1776858770000
1776858772.523,172.523,0.53,0.55,0.43,0.47,0.02,0.04,78323.35,1776858771000
1776858772.866,172.866,0.53,0.54,0.46,0.47,0.01,0.01,78323.35,1776858771000
1776858773.359,173.359,0.53,0.54,0.46,0.47,0.01,0.01,78323.35,1776858771000
1776858773.704,173.704,0.53,0.54,0.46,0.47,0.01,0.01,78331.11,1776858772000
1776858774.039,174.039,0.53,0.54,0.46,0.47,0.01,0.01,78331.11,1776858772000
1776858774.429,174.429,0.53,0.54,0.46,0.47,0.01,0.01,78332.48,1776858773000
1776858774.851,174.851,0.53,0.54,0.46,0.47,0.01,0.01,78332.48,1776858773000
1776858775.196,175.196,0.52,0.54,0.46,0.47,0.02,0.01,78332.48,1776858773000
1776858775.762,175.762,0.54,0.55,0.46,0.48,0.01,0.02,78332.48,1776858773000
1776858776.132,176.132,0.55,0.56,0.43,0.45,0.01,0.02,78329.56,1776858774000
1776858776.539,176.539,0.55,0.56,0.44,0.45,0.01,0.01,78329.56,1776858774000
1776858776.911,176.911,0.55,0.56,0.44,0.45,0.01,0.01,78328.8,1776858775000
1776858777.284,177.284,0.55,0.56,0.44,0.45,0.01,0.01,78328.8,1776858775000
1776858777.691,177.691,0.55,0.56,0.44,0.45,0.01,0.01,78329.19,1776858776000
1776858778.03,178.03,0.54,0.55,0.45,0.46,0.01,0.01,78329.19,1776858776000
1776858778.501,178.501,0.54,0.55,0.45,0.46,0.01,0.01,78329.94,1776858777000
1776858779.015,179.015,0.54,0.55,0.45,0.46,0.01,0.01,78329.94,1776858777000
1776858779.362,179.362,0.54,0.55,0.45,0.46,0.01,0.01,78329.94,1776858777000
1776858779.751,179.751,0.55,0.56,0.44,0.45,0.01,0.01,78330.09,1776858778000
1776858780.166,180.166,0.55,0.56,0.44,0.45,0.01,0.01,78330.09,1776858778000
1776858780.511,180.511,0.57,0.58,0.44,0.45,0.01,0.01,78330.2,1776858779000
1776858780.963,180.963,0.55,0.56,0.42,0.44,0.01,0.02,78330.2,1776858779000
1776858781.329,181.329,0.55,0.56,0.44,0.45,0.01,0.01,78330.2,1776858779000
1776858781.762,181.762,0.54,0.55,0.45,0.46,0.01,0.01,78330.43,1776858780000
1776858782.126,182.126,0.53,0.54,0.46,0.47,0.01,0.01,78330.39,1776858781000
1776858782.472,182.472,0.53,0.54,0.46,0.47,0.01,0.01,78330.39,1776858781000
1776858782.87,182.87,0.53,0.54,0.46,0.47,0.01,0.01,78330.39,1776858781000
1776858783.244,183.244,0.53,0.54,0.46,0.47,0.01,0.01,78329.59,1776858782000
1776858783.615,183.615,0.53,0.54,0.46,0.47,0.01,0.01,78329.59,1776858782000
1776858783.951,183.951,0.53,0.54,0.46,0.47,0.01,0.01,78329.59,1776858782000
1776858784.294,184.294,0.53,0.54,0.46,0.47,0.01,0.01,78329.59,1776858782000
1776858784.809,184.809,0.53,0.54,0.46,0.47,0.01,0.01,78329.36,1776858783000
1776858785.325,185.325,0.53,0.54,0.46,0.47,0.01,0.01,78329.36,1776858783000
1776858785.822,185.822,0.53,0.54,0.46,0.47,0.01,0.01,78329.87,1776858784000
1776858786.158,186.158,0.52,0.53,0.47,0.48,0.01,0.01,78329.87,1776858784000
1776858786.527,186.527,0.52,0.53,0.47,0.48,0.01,0.01,78330.0,1776858785000
1776858786.957,186.957,0.52,0.53,0.47,0.48,0.01,0.01,78330.0,1776858785000
1776858787.391,187.391,0.52,0.53,0.47,0.48,0.01,0.01,78329.87,1776858786000
1776858787.924,187.924,0.52,0.53,0.47,0.48,0.01,0.01,78329.87,1776858786000
1776858788.265,188.265,0.52,0.53,0.47,0.48,0.01,0.01,78329.87,1776858786000
1776858788.642,188.642,0.52,0.53,0.47,0.48,0.01,0.01,78330.03,1776858787000
1776858789.081,189.081,0.52,0.53,0.47,0.48,0.01,0.01,78330.17,1776858788000
1776858789.436,189.436,0.5,0.51,0.48,0.52,0.01,0.04,78330.17,1776858788000
1776858789.811,189.811,0.5,0.51,0.49,0.5,0.01,0.01,78330.17,1776858788000
1776858790.171,190.171,0.5,0.51,0.49,0.5,0.01,0.01,78330.17,1776858788000
1776858790.531,190.531,0.5,0.51,0.49,0.5,0.01,0.01,78330.67,1776858789000
1776858790.876,190.876,0.47,0.48,0.52,0.53,0.01,0.01,78330.67,1776858789000
1776858791.399,191.399,0.47,0.48,0.52,0.53,0.01,0.01,78330.67,1776858789000
1776858791.784,191.784,0.47,0.48,0.52,0.53,0.01,0.01,78329.99,1776858790000
1776858792.129,192.129,0.47,0.48,0.52,0.53,0.01,0.01,78329.99,1776858790000
1776858792.469,192.469,0.48,0.5,0.5,0.52,0.02,0.02,78329.99,1776858790000
1776858792.825,192.825,0.5,0.51,0.49,0.5,0.01,0.01,78328.49,1776858791000
1776858793.24,193.24,0.5,0.51,0.49,0.5,0.01,0.01,78328.43,1776858792000
1776858793.62,193.62,0.49,0.51,0.49,0.5,0.02,0.01,78328.43,1776858792000
1776858793.957,193.957,0.48,0.49,0.51,0.52,0.01,0.01,78328.43,1776858792000
1776858794.429,194.429,0.47,0.48,0.51,0.52,0.01,0.01,78328.15,1776858793000
1776858794.906,194.906,0.41,0.42,0.58,0.6,0.01,0.02,78328.15,1776858793000
1776858795.39,195.39,0.4,0.42,0.58,0.6,0.02,0.02,78328.67,1776858794000
1776858795.774,195.774,0.4,0.41,0.58,0.6,0.01,0.02,78328.67,1776858794000
1776858796.207,196.207,0.4,0.41,0.59,0.61,0.01,0.02,78328.67,1776858794000
1776858796.579,196.579,0.39,0.41,0.59,0.61,0.02,0.02,78328.67,1776858794000
1776858796.945,196.945,0.39,0.41,0.59,0.61,0.02,0.02,78320.04,1776858795000
1776858797.285,197.285,0.39,0.41,0.59,0.61,0.02,0.02,78315.6,1776858796000
1776858797.64,197.64,0.39,0.41,0.59,0.61,0.02,0.02,78315.6,1776858796000
1776858797.998,197.998,0.39,0.41,0.59,0.61,0.02,0.02,78315.6,1776858796000
1776858798.387,198.387,0.36,0.41,0.59,0.64,0.05,0.05,78315.6,1776858796000
1776858798.728,198.728,0.31,0.36,0.64,0.69,0.05,0.05,78312.71,1776858797000
1776858799.171,199.171,0.27,0.33,0.64,0.73,0.06,0.09,78309.66,1776858798000
1776858799.504,199.504,0.29,0.3,0.7,0.71,0.01,0.01,78309.66,1776858798000
1776858799.843,199.843,0.25,0.27,0.73,0.75,0.02,0.02,78309.66,1776858798000
1776858800.233,200.233,0.26,0.27,0.73,0.74,0.01,0.01,78309.66,1776858798000
1776858800.573,200.573,0.26,0.27,0.73,0.74,0.01,0.01,78305.42,1776858799000
1776858800.912,200.912,0.25,0.26,0.73,0.75,0.01,0.02,78305.42,1776858799000
1776858801.261,201.261,0.25,0.26,0.74,0.75,0.01,0.01,78305.42,1776858799000
1776858801.596,201.596,0.25,0.26,0.74,0.75,0.01,0.01,78302.0,1776858800000
1776858802.012,202.012,0.25,0.26,0.74,0.75,0.01,0.01,78302.0,1776858800000
1776858802.415,202.415,0.25,0.26,0.74,0.75,0.01,0.01,78302.0,1776858800000
1776858802.912,202.912,0.25,0.26,0.74,0.75,0.01,0.01,78299.67,1776858801000
1776858803.317,203.317,0.25,0.26,0.74,0.75,0.01,0.01,78299.67,1776858801000
1776858803.735,203.735,0.25,0.26,0.74,0.75,0.01,0.01,78299.12,1776858802000
1776858804.193,204.193,0.19,0.22,0.78,0.81,0.03,0.03,78299.12,1776858802000
1776858805.105,205.105,0.19,0.2,0.8,0.81,0.01,0.01,78298.76,1776858804000
1776858805.84,205.84,0.19,0.2,0.8,0.81,0.01,0.01,78298.76,1776858804000
1776858806.275,206.275,0.19,0.2,0.8,0.81,0.01,0.01,78295.58,1776858805000
1776858807.388,207.388,0.19,0.2,0.8,0.81,0.01,0.01,78291.81,1776858806000
1776858807.722,207.722,0.19,0.2,0.8,0.81,0.01,0.01,78291.81,1776858806000
1776858808.071,208.071,0.19,0.2,0.8,0.81,0.01,0.01,78291.81,1776858806000
1776858808.509,208.509,0.19,0.2,0.8,0.81,0.01,0.01,78291.3,1776858807000
1776858808.892,208.892,0.18,0.19,0.8,0.82,0.01,0.02,78291.3,1776858807000
1776858809.236,209.236,0.18,0.19,0.81,0.82,0.01,0.01,78291.3,1776858807000
1776858809.591,209.591,0.19,0.2,0.8,0.81,0.01,0.01,78291.3,1776858807000
1776858809.946,209.946,0.2,0.21,0.79,0.8,0.01,0.01,78291.3,1776858807000
1776858810.329,210.329,0.2,0.21,0.79,0.8,0.01,0.01,78292.42,1776858808000
1776858810.732,210.732,0.18,0.19,0.8,0.82,0.01,0.02,78292.42,1776858808000
1776858811.149,211.149,0.18,0.19,0.81,0.82,0.01,0.01,78293.21,1776858809000
1776858811.511,211.511,0.18,0.19,0.81,0.82,0.01,0.01,78293.21,1776858809000
1776858811.948,211.948,0.18,0.19,0.81,0.82,0.01,0.01,78295.22,1776858810000
1776858812.377,212.377,0.18,0.19,0.81,0.82,0.01,0.01,78295.22,1776858811000
1776858813.012,213.012,0.18,0.19,0.81,0.82,0.01,0.01,78295.22,1776858811000
1776858813.418,213.418,0.18,0.19,0.81,0.82,0.01,0.01,78295.22,1776858811000
1776858813.875,213.875,0.18,0.19,0.81,0.82,0.01,0.01,78294.46,1776858812000
1776858814.513,214.513,0.18,0.19,0.81,0.82,0.01,0.01,78294.46,1776858813000
1776858814.855,214.855,0.18,0.19,0.81,0.82,0.01,0.01,78294.46,1776858813000
1776858815.289,215.289,0.18,0.19,0.81,0.82,0.01,0.01,78294.46,1776858813000
1776858815.628,215.628,0.18,0.19,0.81,0.82,0.01,0.01,78294.46,1776858814000
1776858815.968,215.968,0.18,0.19,0.81,0.82,0.01,0.01,78294.46,1776858814000
1776858816.545,216.545,0.18,0.19,0.81,0.82,0.01,0.01,78294.46,1776858814000
1776858816.878,216.878,0.19,0.2,0.8,0.81,0.01,0.01,78294.46,1776858815000
1776858817.392,217.392,0.2,0.21,0.79,0.8,0.01,0.01,78294.46,1776858815000
1776858817.731,217.731,0.2,0.21,0.79,0.8,0.01,0.01,78294.2,1776858816000
1776858818.148,218.148,0.2,0.21,0.79,0.8,0.01,0.01,78294.2,1776858816000
1776858818.829,218.829,0.16,0.17,0.79,0.81,0.01,0.02,78295.06,1776858817000
1776858819.228,219.228,0.16,0.19,0.83,0.84,0.03,0.01,78296.45,1776858818000
1776858819.591,219.591,0.16,0.17,0.83,0.84,0.01,0.01,78296.45,1776858818000
1776858819.945,219.945,0.16,0.17,0.83,0.84,0.01,0.01,78296.45,1776858818000
1776858820.332,220.332,0.16,0.18,0.83,0.84,0.02,0.01,78296.45,1776858818000
1776858820.732,220.732,0.17,0.18,0.82,0.83,0.01,0.01,78296.02,1776858819000
1776858821.252,221.252,0.16,0.18,0.82,0.83,0.02,0.01,78296.02,1776858819000
1776858821.634,221.634,0.16,0.17,0.83,0.84,0.01,0.01,78295.04,1776858820000
1776858822.057,222.057,0.16,0.17,0.83,0.84,0.01,0.01,78295.04,1776858820000
1776858823.145,223.145,0.16,0.17,0.82,0.84,0.01,0.02,78295.1,1776858821000
1776858823.562,223.562,0.17,0.18,0.82,0.84,0.01,0.02,78295.1,1776858821000
1776858823.898,223.898,0.17,0.18,0.82,0.83,0.01,0.01,78293.73,1776858822000
1776858824.34,224.34,0.17,0.18,0.82,0.83,0.01,0.01,78293.73,1776858822000
1776858824.721,224.721,0.17,0.18,0.82,0.83,0.01,0.01,78293.73,1776858822000
1776858825.232,225.232,0.17,0.18,0.82,0.83,0.01,0.01,78293.33,1776858823000
1776858825.653,225.653,0.16,0.17,0.82,0.84,0.01,0.02,78293.35,1776858824000
1776858826.018,226.018,0.19,0.2,0.8,0.81,0.01,0.01,78293.35,1776858824000
1776858826.446,226.446,0.19,0.2,0.8,0.81,0.01,0.01,78293.69,1776858825000
1776858827.085,227.085,0.19,0.2,0.8,0.81,0.01,0.01,78293.69,1776858825000
1776858827.519,227.519,0.18,0.19,0.8,0.81,0.01,0.01,78294.36,1776858826000
1776858827.925,227.925,0.18,0.19,0.81,0.82,0.01,0.01,78294.36,1776858826000
1776858829.121,229.121,0.19,0.2,0.8,0.81,0.01,0.01,78296.5,1776858827000
1776858829.459,229.459,0.19,0.21,0.8,0.81,0.02,0.01,78296.52,1776858828000
1776858829.802,229.802,0.23,0.24,0.76,0.77,0.01,0.01,78296.52,1776858828000
1776858830.155,230.155,0.23,0.24,0.76,0.77,0.01,0.01,78296.52,1776858828000
1776858830.531,230.531,0.24,0.25,0.75,0.76,0.01,0.01,78297.17,1776858829000
1776858831.018,231.018,0.24,0.25,0.75,0.76,0.01,0.01,78297.17,1776858829000
1776858831.402,231.402,0.24,0.25,0.75,0.76,0.01,0.01,78298.06,1776858830000
1776858831.81,231.81,0.24,0.25,0.75,0.76,0.01,0.01,78298.06,1776858830000
1776858832.234,232.234,0.24,0.25,0.75,0.76,0.01,0.01,78302,1776858831000
1776858832.574,232.574,0.24,0.25,0.75,0.76,0.01,0.01,78302,1776858831000
1776858833.178,233.178,0.24,0.25,0.75,0.76,0.01,0.01,78302.48,1776858832000
1776858833.531,233.531,0.24,0.25,0.75,0.76,0.01,0.01,78302.48,1776858832000
1776858834.245,234.245,0.24,0.25,0.75,0.76,0.01,0.01,78302.48,1776858833000
1776858834.746,234.746,0.24,0.25,0.75,0.76,0.01,0.01,78302.48,1776858833000
1776858835.187,235.187,0.24,0.25,0.75,0.76,0.01,0.01,78302.54,1776858834000
1776858835.561,235.561,0.25,0.26,0.74,0.75,0.01,0.01,78302.54,1776858834000
1776858836.008,236.008,0.25,0.26,0.74,0.75,0.01,0.01,78302.54,1776858834000
1776858836.515,236.515,0.25,0.26,0.74,0.75,0.01,0.01,78302.46,1776858835000
1776858836.851,236.851,0.25,0.26,0.74,0.75,0.01,0.01,78302.46,1776858835000
1776858837.197,237.197,0.25,0.26,0.74,0.75,0.01,0.01,78302.63,1776858836000
1776858837.538,237.538,0.24,0.25,0.74,0.75,0.01,0.01,78302.63,1776858836000
1776858837.953,237.953,0.24,0.25,0.75,0.76,0.01,0.01,78302.63,1776858836000
1776858838.329,238.329,0.23,0.24,0.76,0.78,0.01,0.02,78302.68,1776858837000
1776858838.768,238.768,0.22,0.23,0.76,0.77,0.01,0.01,78302.68,1776858837000
1776858839.123,239.123,0.22,0.23,0.77,0.78,0.01,0.01,78302.84,1776858838000
1776858839.87,239.87,0.22,0.23,0.77,0.78,0.01,0.01,78302.84,1776858838000
1776858840.262,240.262,0.22,0.23,0.77,0.78,0.01,0.01,78302.84,1776858838000
1776858840.702,240.702,0.22,0.23,0.77,0.78,0.01,0.01,78302.75,1776858839000
1776858841.131,241.131,0.22,0.23,0.77,0.78,0.01,0.01,78301.97,1776858840000
1776858841.524,241.524,0.22,0.23,0.77,0.78,0.01,0.01,78301.97,1776858840000
1776858841.964,241.964,0.23,0.24,0.76,0.77,0.01,0.01,78301.97,1776858840000
1776858842.353,242.353,0.23,0.24,0.76,0.77,0.01,0.01,78302.04,1776858841000
1776858842.894,242.894,0.22,0.23,0.76,0.77,0.01,0.01,78302.04,1776858841000
1776858843.234,243.234,0.22,0.23,0.77,0.78,0.01,0.01,78302.04,1776858841000
1776858843.618,243.618,0.22,0.23,0.77,0.78,0.01,0.01,78302.81,1776858842000
1776858844.039,244.039,0.23,0.24,0.76,0.78,0.01,0.02,78302.81,1776858842000
1776858845.046,245.046,0.22,0.23,0.76,0.77,0.01,0.01,78303.07,1776858843000
1776858845.399,245.399,0.21,0.22,0.78,0.79,0.01,0.01,78303.32,1776858844000
1776858845.898,245.898,0.21,0.22,0.78,0.79,0.01,0.01,78303.78,1776858845000
1776858846.372,246.372,0.21,0.22,0.78,0.79,0.01,0.01,78303.78,1776858845000
1776858846.732,246.732,0.21,0.22,0.78,0.79,0.01,0.01,78303.78,1776858845000
1776858847.11,247.11,0.2,0.21,0.79,0.8,0.01,0.01,78304.02,1776858846000
1776858847.601,247.601,0.2,0.21,0.79,0.8,0.01,0.01,78304.02,1776858846000
1776858848.384,248.384,0.2,0.21,0.79,0.8,0.01,0.01,78303.87,1776858847000
1776858848.736,248.736,0.2,0.21,0.79,0.8,0.01,0.01,78303.87,1776858847000
1776858849.122,249.122,0.15,0.21,0.79,0.85,0.06,0.06,78303.8,1776858848000
1776858849.603,249.603,0.16,0.17,0.79,0.85,0.01,0.06,78303.8,1776858848000
1776858849.943,249.943,0.11,0.13,0.87,0.89,0.02,0.02,78303.8,1776858848000
1776858850.386,250.386,0.1,0.12,0.88,0.9,0.02,0.02,78302.65,1776858849000
1776858850.75,250.75,0.1,0.11,0.89,0.9,0.01,0.01,78302.65,1776858849000
1776858851.106,251.106,0.1,0.11,0.89,0.9,0.01,0.01,78302.65,1776858849000
1776858851.502,251.502,0.1,0.11,0.89,0.9,0.01,0.01,78302.43,1776858850000
1776858851.894,251.894,0.1,0.11,0.89,0.9,0.01,0.01,78302.43,1776858850000
1776858852.355,252.355,0.1,0.11,0.89,0.9,0.01,0.01,78298.39,1776858851000
1776858852.697,252.697,0.1,0.11,0.89,0.9,0.01,0.01,78298.39,1776858851000
1776858853.048,253.048,0.1,0.11,0.89,0.9,0.01,0.01,78298.39,1776858851000
1776858853.401,253.401,0.1,0.11,0.89,0.9,0.01,0.01,78298.39,1776858851000
1776858853.824,253.824,0.1,0.11,0.89,0.9,0.01,0.01,78292.84,1776858852000
1776858854.242,254.242,0.1,0.11,0.89,0.9,0.01,0.01,78292.84,1776858853000
1776858854.702,254.702,0.1,0.11,0.89,0.9,0.01,0.01,78292.84,1776858853000
1776858855.092,255.092,0.1,0.11,0.89,0.9,0.01,0.01,78292.84,1776858853000
1776858855.705,255.705,0.1,0.11,0.89,0.9,0.01,0.01,78292.84,1776858853000
1776858856.107,256.107,0.1,0.11,0.89,0.9,0.01,0.01,78291.96,1776858854000
1776858856.475,256.475,0.1,0.11,0.89,0.9,0.01,0.01,78291.96,1776858854000
1776858856.846,256.846,0.1,0.11,0.89,0.9,0.01,0.01,78292.08,1776858855000
1776858857.332,257.332,0.1,0.11,0.89,0.9,0.01,0.01,78292.08,1776858855000
1776858857.787,257.787,0.1,0.11,0.89,0.9,0.01,0.01,78292.22,1776858856000
1776858858.221,258.221,0.1,0.11,0.89,0.9,0.01,0.01,78292.72,1776858857000
1776858858.637,258.637,0.1,0.11,0.89,0.9,0.01,0.01,78292.72,1776858857000
1776858859.066,259.066,0.1,0.11,0.89,0.9,0.01,0.01,78292.72,1776858857000
1776858859.487,259.487,0.1,0.11,0.89,0.9,0.01,0.01,78292.72,1776858857000
1776858859.838,259.838,0.1,0.13,0.87,0.9,0.03,0.03,78295.49,1776858858000
1776858860.181,260.181,0.21,0.24,0.76,0.79,0.03,0.03,78295.49,1776858858000
1776858860.516,260.516,0.23,0.28,0.64,0.77,0.05,0.13,78296.02,1776858859000
1776858860.89,260.89,0.27,0.28,0.71,0.75,0.01,0.04,78296.02,1776858859000
1776858861.26,261.26,0.27,0.28,0.71,0.73,0.01,0.02,78296.02,1776858859000
1776858861.639,261.639,0.27,0.28,0.72,0.73,0.01,0.01,78296.02,1776858859000
1776858861.973,261.973,0.27,0.28,0.72,0.73,0.01,0.01,78304.14,1776858860000
1776858862.321,262.321,0.26,0.28,0.72,0.74,0.02,0.02,78304.14,1776858860000
1776858862.703,262.703,0.26,0.27,0.73,0.74,0.01,0.01,78307.06,1776858861000
1776858863.043,263.043,0.26,0.27,0.73,0.74,0.01,0.01,78307.06,1776858861000
1776858863.486,263.486,0.26,0.27,0.73,0.74,0.01,0.01,78307.06,1776858861000
1776858863.948,263.948,0.26,0.27,0.73,0.74,0.01,0.01,78311.08,1776858862000
1776858864.454,264.454,0.26,0.27,0.73,0.74,0.01,0.01,78311.08,1776858863000
1776858864.815,264.815,0.26,0.27,0.73,0.74,0.01,0.01,78311.08,1776858863000
1776858865.333,265.333,0.26,0.29,0.71,0.74,0.03,0.03,78311.08,1776858863000
1776858865.787,265.787,0.28,0.29,0.7,0.72,0.01,0.02,78310.86,1776858864000
1776858866.127,266.127,0.28,0.29,0.71,0.73,0.01,0.02,78310.86,1776858864000
1776858866.625,266.625,0.28,0.29,0.71,0.73,0.01,0.02,78310.86,1776858864000
1776858866.973,266.973,0.16,0.2,0.8,0.84,0.04,0.04,78311.06,1776858865000
1776858867.314,267.314,0.19,0.2,0.8,0.81,0.01,0.01,78311.06,1776858865000
1776858867.666,267.666,0.19,0.2,0.8,0.81,0.01,0.01,78311.06,1776858865000
1776858868.224,268.224,0.19,0.2,0.8,0.81,0.01,0.01,78311.14,1776858866000
1776858868.623,268.623,0.19,0.2,0.8,0.81,0.01,0.01,78311.05,1776858867000
1776858869.026,269.026,0.19,0.2,0.8,0.81,0.01,0.01,78311.05,1776858867000
1776858869.421,269.421,0.19,0.2,0.8,0.81,0.01,0.01,78308.28,1776858868000
1776858869.79,269.79,0.19,0.2,0.8,0.81,0.01,0.01,78308.28,1776858868000
1776858870.24,270.24,0.19,0.2,0.8,0.81,0.01,0.01,78308.28,1776858868000
1776858870.703,270.703,0.19,0.2,0.8,0.81,0.01,0.01,78308.28,1776858868000
1776858871.041,271.041,0.19,0.2,0.8,0.81,0.01,0.01,78307.16,1776858869000
1776858871.379,271.379,0.19,0.2,0.8,0.81,0.01,0.01,78307.16,1776858869000
1776858871.771,271.771,0.19,0.2,0.8,0.81,0.01,0.01,78307.23,1776858870000
1776858872.263,272.263,0.18,0.2,0.8,0.82,0.02,0.02,78307.55,1776858871000
1776858872.699,272.699,0.15,0.19,0.8,0.82,0.04,0.02,78307.55,1776858871000
1776858873.231,273.231,0.11,0.15,0.81,0.85,0.04,0.04,78307.55,1776858871000
1776858874.225,274.225,0.11,0.15,0.85,0.89,0.04,0.04,78307.98,1776858872000
1776858875.214,275.214,0.11,0.15,0.85,0.89,0.04,0.04,78306.46,1776858874000
1776858876.245,276.245,0.11,0.15,0.85,0.89,0.04,0.04,78301.54,1776858875000
1776858876.68,276.68,0.11,0.14,0.86,0.89,0.03,0.03,78301.54,1776858875000
1776858877.044,277.044,0.11,0.13,0.86,0.89,0.02,0.03,78301.54,1776858875000
1776858877.443,277.443,0.1,0.12,0.88,0.9,0.02,0.02,78301.37,1776858876000
1776858877.791,277.791,0.11,0.12,0.88,0.9,0.01,0.02,78301.37,1776858876000
1776858878.124,278.124,0.12,0.14,0.86,0.88,0.02,0.02,78301.37,1776858876000
1776858878.46,278.46,0.14,0.15,0.85,0.86,0.01,0.01,78302.01,1776858877000
1776858878.794,278.794,0.14,0.15,0.85,0.86,0.01,0.01,78302.01,1776858877000
1776858879.13,279.13,0.14,0.15,0.85,0.86,0.01,0.01,78304.54,1776858878000
1776858879.468,279.468,0.13,0.14,0.86,0.87,0.01,0.01,78304.54,1776858878000
1776858879.805,279.805,0.12,0.13,0.87,0.88,0.01,0.01,78304.54,1776858878000
1776858880.264,280.264,0.12,0.13,0.87,0.88,0.01,0.01,78304.64,1776858879000
1776858880.691,280.691,0.12,0.13,0.87,0.88,0.01,0.01,78304.64,1776858879000
1776858881.03,281.03,0.11,0.12,0.88,0.89,0.01,0.01,78304.46,1776858880000
1776858881.368,281.368,0.11,0.12,0.88,0.89,0.01,0.01,78304.46,1776858880000
1776858881.711,281.711,0.11,0.12,0.88,0.89,0.01,0.01,78304.46,1776858880000
1776858882.066,282.066,0.11,0.12,0.88,0.89,0.01,0.01,78303.66,1776858881000
1776858882.492,282.492,0.11,0.12,0.88,0.89,0.01,0.01,78303.66,1776858881000
1776858882.901,282.901,0.11,0.12,0.88,0.89,0.01,0.01,78303.66,1776858881000
1776858883.249,283.249,0.11,0.12,0.88,0.89,0.01,0.01,78303.62,1776858882000
1776858883.594,283.594,0.11,0.12,0.88,0.89,0.01,0.01,78303.62,1776858882000
1776858884.024,284.024,0.11,0.12,0.88,0.89,0.01,0.01,78303.64,1776858883000
1776858884.395,284.395,0.11,0.12,0.88,0.89,0.01,0.01,78303.64,1776858883000
1776858885.031,285.031,0.11,0.12,0.88,0.89,0.01,0.01,78303.63,1776858884000
1776858885.462,285.462,0.11,0.12,0.88,0.89,0.01,0.01,78303.63,1776858884000
1776858885.873,285.873,0.11,0.12,0.88,0.89,0.01,0.01,78303.63,1776858884000
1776858886.213,286.213,0.1,0.11,0.89,0.9,0.01,0.01,78303.69,1776858885000
1776858886.669,286.669,0.1,0.11,0.89,0.9,0.01,0.01,78303.69,1776858885000
1776858887.066,287.066,0.1,0.11,0.89,0.9,0.01,0.01,78303.69,1776858885000
1776858887.404,287.404,0.1,0.11,0.89,0.9,0.01,0.01,78303.67,1776858886000
1776858887.743,287.743,0.1,0.11,0.89,0.9,0.01,0.01,78303.67,1776858886000
1776858888.167,288.167,0.1,0.11,0.89,0.9,0.01,0.01,78303.67,1776858886000
1776858888.604,288.604,0.1,0.11,0.89,0.9,0.01,0.01,78303.67,1776858886000
1776858889.083,289.083,0.1,0.11,0.89,0.9,0.01,0.01,78299.75,1776858888000
1776858889.435,289.435,0.1,0.11,0.89,0.9,0.01,0.01,78299.75,1776858888000
1776858890.34,290.34,0.1,0.11,0.89,0.9,0.01,0.01,78299.42,1776858889000
1776858890.677,290.677,0.1,0.11,0.89,0.9,0.01,0.01,78299.42,1776858889000
1776858891.103,291.103,0.1,0.11,0.89,0.9,0.01,0.01,78299.02,1776858890000
1776858891.594,291.594,0.1,0.11,0.89,0.9,0.01,0.01,78299.02,1776858890000
1776858891.993,291.993,0.1,0.11,0.89,0.9,0.01,0.01,78299.12,1776858891000
1776858892.359,292.359,0.1,0.11,0.89,0.9,0.01,0.01,78299.12,1776858891000
1776858892.737,292.737,0.1,0.11,0.89,0.9,0.01,0.01,78299.12,1776858891000
1776858893.199,293.199,0.1,0.11,0.89,0.9,0.01,0.01,78299.07,1776858892000
1776858893.558,293.558,0.1,0.11,0.89,0.9,0.01,0.01,78299.07,1776858892000
1776858893.897,293.897,0.07,0.08,0.92,0.93,0.01,0.01,78299.05,1776858893000
1776858894.297,294.297,0.06,0.07,0.93,0.94,0.01,0.01,78299.05,1776858893000
1776858894.671,294.671,0.06,0.07,0.93,0.94,0.01,0.01,78299.05,1776858893000
1776858895.04,295.04,0.05,0.06,0.94,0.95,0.01,0.01,78299.05,1776858893000
1776858895.374,295.374,0.05,0.06,0.94,0.95,0.01,0.01,78299.05,1776858893000
1776858895.709,295.709,0.03,0.04,0.96,0.97,0.01,0.01,78299.04,1776858894000
1776858896.05,296.05,0.03,0.04,0.96,0.97,0.01,0.01,78299.04,1776858894000
1776858896.429,296.429,0.03,0.04,0.96,0.97,0.01,0.01,78299.04,1776858895000
1776858896.771,296.771,0.02,0.03,0.97,0.98,0.01,0.01,78299.04,1776858895000
1776858897.117,297.117,0.06,0.07,0.93,0.94,0.01,0.01,78299.04,1776858895000
1776858897.48,297.48,0.06,0.01,0.99,0.94,-0.05,-0.05,78298.81,1776858896000
1776858897.816,297.816,0.06,0.01,0.99,0.94,-0.05,-0.05,78298.81,1776858896000
1776858898.242,298.242,0.06,0.01,0.99,0.94,-0.05,-0.05,78298.75,1776858897000
1776858898.579,298.579,0.15,0.21,0.77,0.86,0.06,0.09,78298.75,1776858897000
1776858898.921,298.921,0.14,0.15,0.85,0.86,0.01,0.01,78298.75,1776858897000
1776858899.406,299.406,0.14,0.01,0.99,0.86,-0.13,-0.13,78298.78,1776858898000
1776858899.792,299.792,0.14,0.01,0.99,0.86,-0.13,-0.13,78298.78,1776858898000
1776858900.294,300.294,0.14,0.01,0.99,0.86,-0.13,-0.13,78298.75,1776858899000
1776858900.687,300.687,0.14,0.01,0.99,0.86,-0.13,-0.13,78298.75,1776858899000
1776858901.303,301.303,0.14,0.01,0.99,0.86,-0.13,-0.13,78298.7,1776858900000
1776858902.053,302.053,0.14,0.01,0.99,0.86,-0.13,-0.13,78297.95,1776858901000

# RESULT,winner=Down,slug=btc-updown-5m-1776858600,ticks=723
