timestamp,elapsed_sec,up_bid,up_ask,down_bid,down_ask,up_spread,down_spread,btc_price,btc_oracle_ts
1777306500.607,0.607,0.52,0.53,0.46,0.47,0.01,0.01,76772.43,1777306498000
1777306501.039,1.039,0.52,0.53,0.47,0.48,0.01,0.01,76772.05,1777306499000
1777306501.547,1.547,0.52,0.53,0.47,0.48,0.01,0.01,76772.4,1777306500000
1777306502.047,2.047,0.51,0.52,0.47,0.5,0.01,0.03,76772.4,1777306500000
1777306502.433,2.433,0.51,0.53,0.47,0.49,0.02,0.02,76773.03,1777306501000
1777306502.794,2.794,0.5,0.52,0.48,0.5,0.02,0.02,76773.03,1777306501000
1777306503.285,3.285,0.51,0.52,0.48,0.5,0.01,0.02,76771.88,1777306502000
1777306503.78,3.78,0.51,0.52,0.48,0.49,0.01,0.01,76771.88,1777306502000
1777306504.156,4.156,0.51,0.52,0.48,0.5,0.01,0.02,76771.88,1777306502000
1777306504.643,4.643,0.5,0.51,0.49,0.5,0.01,0.01,76771.88,1777306502000
1777306504.983,4.983,0.5,0.51,0.49,0.5,0.01,0.01,76770.14,1777306503000
1777306505.857,5.857,0.5,0.51,0.49,0.5,0.01,0.01,76769.32,1777306504000
1777306506.272,6.272,0.5,0.51,0.49,0.5,0.01,0.01,76769.32,1777306504000
1777306506.674,6.674,0.5,0.51,0.49,0.5,0.01,0.01,76769.55,1777306505000
1777306507.169,7.169,0.5,0.51,0.49,0.5,0.01,0.01,76769.55,1777306505000
1777306507.768,7.768,0.5,0.51,0.49,0.5,0.01,0.01,76769.55,1777306505000
1777306508.123,8.123,0.5,0.51,0.49,0.5,0.01,0.01,76770.49,1777306506000
1777306508.5,8.5,0.5,0.51,0.49,0.5,0.01,0.01,76770.49,1777306506000
1777306508.835,8.835,0.5,0.54,0.46,0.5,0.04,0.04,76771.98,1777306507000
1777306509.173,9.173,0.52,0.53,0.47,0.48,0.01,0.01,76771.98,1777306507000
1777306509.517,9.517,0.52,0.53,0.47,0.48,0.01,0.01,76771.98,1777306507000
1777306509.881,9.881,0.52,0.53,0.47,0.48,0.01,0.01,76770.87,1777306508000
1777306510.219,10.219,0.52,0.53,0.47,0.48,0.01,0.01,76770.87,1777306508000
1777306510.719,10.719,0.52,0.53,0.47,0.48,0.01,0.01,76774.62,1777306509000
1777306511.219,11.219,0.52,0.53,0.47,0.48,0.01,0.01,76774.62,1777306509000
1777306511.876,11.876,0.52,0.53,0.47,0.48,0.01,0.01,76776.16,1777306510000
1777306512.301,12.301,0.52,0.53,0.47,0.48,0.01,0.01,76776.16,1777306510000
1777306512.719,12.719,0.52,0.53,0.47,0.48,0.01,0.01,76773.96,1777306511000
1777306513.145,13.145,0.52,0.53,0.47,0.48,0.01,0.01,76773.96,1777306512000
1777306513.726,13.726,0.52,0.55,0.47,0.48,0.03,0.01,76773.96,1777306512000
1777306514.325,14.325,0.55,0.56,0.44,0.45,0.01,0.01,76773.44,1777306513000
1777306515.369,15.369,0.55,0.56,0.44,0.45,0.01,0.01,76773.44,1777306513000
1777306515.767,15.767,0.56,0.57,0.43,0.44,0.01,0.01,76774.98,1777306514000
1777306516.221,16.221,0.56,0.59,0.41,0.44,0.03,0.03,76777.57,1777306515000
1777306516.689,16.689,0.57,0.59,0.41,0.44,0.02,0.03,76777.57,1777306515000
1777306517.031,17.031,0.58,0.59,0.41,0.43,0.01,0.02,76777.57,1777306515000
1777306517.375,17.375,0.58,0.6,0.4,0.42,0.02,0.02,76781.68,1777306516000
1777306517.756,17.756,0.59,0.6,0.4,0.41,0.01,0.01,76781.68,1777306516000
1777306518.163,18.163,0.6,0.61,0.39,0.41,0.01,0.02,76781.68,1777306516000
1777306518.556,18.556,0.61,0.62,0.38,0.39,0.01,0.01,76781.68,1777306516000
1777306519.076,19.076,0.61,0.62,0.38,0.39,0.01,0.01,76791.1,1777306517000
1777306519.511,19.511,0.61,0.62,0.38,0.39,0.01,0.01,76793.34,1777306518000
1777306519.971,19.971,0.62,0.63,0.37,0.39,0.01,0.02,76793.34,1777306518000
1777306520.35,20.35,0.62,0.63,0.37,0.38,0.01,0.01,76795.69,1777306519000
1777306520.696,20.696,0.63,0.64,0.36,0.37,0.01,0.01,76795.69,1777306519000
1777306521.231,21.231,0.63,0.65,0.36,0.37,0.02,0.01,76795.69,1777306519000
1777306521.593,21.593,0.64,0.67,0.35,0.36,0.03,0.01,76796.13,1777306520000
1777306521.996,21.996,0.66,0.68,0.32,0.34,0.02,0.02,76796.13,1777306520000
1777306522.338,22.338,0.63,0.64,0.36,0.37,0.01,0.01,76796.13,1777306520000
1777306522.681,22.681,0.61,0.64,0.36,0.39,0.03,0.03,76796.13,1777306520000
1777306523.079,23.079,0.61,0.62,0.37,0.41,0.01,0.04,76798.33,1777306521000
1777306523.561,23.561,0.61,0.62,0.38,0.39,0.01,0.01,76803.18,1777306522000
1777306523.951,23.951,0.61,0.62,0.38,0.39,0.01,0.01,76803.18,1777306522000
1777306524.492,24.492,0.61,0.62,0.38,0.39,0.01,0.01,76803.18,1777306522000
1777306525.06,25.06,0.61,0.62,0.38,0.39,0.01,0.01,76802.75,1777306523000
1777306525.481,25.481,0.61,0.62,0.38,0.39,0.01,0.01,76802.75,1777306523000
1777306525.87,25.87,0.61,0.62,0.38,0.39,0.01,0.01,76798.95,1777306524000
1777306526.222,26.222,0.61,0.62,0.38,0.39,0.01,0.01,76798.95,1777306524000
1777306526.771,26.771,0.61,0.62,0.38,0.39,0.01,0.01,76796.5,1777306525000
1777306527.121,27.121,0.64,0.66,0.33,0.36,0.02,0.03,76796.5,1777306525000
1777306527.479,27.479,0.64,0.65,0.34,0.36,0.01,0.02,76796.5,1777306525000
1777306527.818,27.818,0.64,0.65,0.35,0.36,0.01,0.01,76797.19,1777306526000
1777306528.356,28.356,0.64,0.65,0.35,0.36,0.01,0.01,76797.19,1777306526000
1777306528.829,28.829,0.64,0.65,0.35,0.36,0.01,0.01,76799.42,1777306527000
1777306529.339,29.339,0.63,0.64,0.36,0.37,0.01,0.01,76799.42,1777306527000
1777306529.795,29.795,0.63,0.64,0.36,0.37,0.01,0.01,76802.21,1777306528000
1777306530.263,30.263,0.63,0.64,0.36,0.37,0.01,0.01,76804.04,1777306529000
1777306530.661,30.661,0.63,0.64,0.36,0.37,0.01,0.01,76804.04,1777306529000
1777306531.311,31.311,0.63,0.64,0.36,0.37,0.01,0.01,76804.04,1777306529000
1777306531.692,31.692,0.63,0.64,0.36,0.37,0.01,0.01,76802.54,1777306530000
1777306532.065,32.065,0.63,0.65,0.35,0.37,0.02,0.02,76802.54,1777306530000
1777306532.412,32.412,0.65,0.68,0.32,0.35,0.03,0.03,76802.75,1777306531000
1777306532.791,32.791,0.66,0.67,0.33,0.34,0.01,0.01,76802.75,1777306531000
1777306533.134,33.134,0.66,0.68,0.33,0.34,0.02,0.01,76802.75,1777306531000
1777306533.624,33.624,0.67,0.68,0.32,0.33,0.01,0.01,76803.43,1777306532000
1777306533.971,33.971,0.67,0.68,0.32,0.33,0.01,0.01,76803.43,1777306532000
1777306534.374,34.374,0.67,0.7,0.3,0.33,0.03,0.03,76806.61,1777306533000
1777306534.715,34.715,0.67,0.68,0.32,0.33,0.01,0.01,76806.61,1777306533000
1777306535.134,35.134,0.67,0.68,0.32,0.33,0.01,0.01,76806.61,1777306533000
1777306535.691,35.691,0.67,0.68,0.32,0.33,0.01,0.01,76806.61,1777306533000
1777306536.098,36.098,0.67,0.68,0.32,0.33,0.01,0.01,76806.61,1777306533000
1777306536.512,36.512,0.66,0.67,0.32,0.34,0.01,0.02,76809.51,1777306534000
1777306536.938,36.938,0.66,0.67,0.33,0.34,0.01,0.01,76809.51,1777306534000
1777306537.352,37.352,0.66,0.67,0.33,0.34,0.01,0.01,76809.55,1777306535000
1777306537.929,37.929,0.67,0.68,0.33,0.34,0.01,0.01,76809.55,1777306535000
1777306538.302,38.302,0.68,0.69,0.31,0.33,0.01,0.02,76808.7,1777306536000
1777306538.648,38.648,0.68,0.69,0.31,0.32,0.01,0.01,76808.7,1777306536000
1777306538.984,38.984,0.69,0.7,0.3,0.31,0.01,0.01,76808.23,1777306537000
1777306539.617,39.617,0.69,0.7,0.3,0.31,0.01,0.01,76808.7,1777306538000
1777306540.184,40.184,0.68,0.7,0.3,0.31,0.02,0.01,76808.7,1777306538000
1777306541.04,41.04,0.69,0.7,0.3,0.32,0.01,0.02,76811.67,1777306539000
1777306541.486,41.486,0.69,0.7,0.3,0.31,0.01,0.01,76817.15,1777306540000
1777306541.87,41.87,0.69,0.7,0.3,0.31,0.01,0.01,76817.15,1777306540000
1777306542.307,42.307,0.69,0.7,0.3,0.31,0.01,0.01,76817.15,1777306540000
1777306542.672,42.672,0.69,0.7,0.3,0.31,0.01,0.01,76820.31,1777306541000
1777306543.036,43.036,0.69,0.71,0.29,0.31,0.02,0.02,76820.31,1777306541000
1777306543.373,43.373,0.7,0.71,0.28,0.3,0.01,0.02,76820.31,1777306541000
1777306543.711,43.711,0.73,0.74,0.26,0.27,0.01,0.01,76822.9,1777306542000
1777306544.045,44.045,0.73,0.75,0.25,0.27,0.02,0.02,76822.9,1777306542000
1777306544.389,44.389,0.74,0.75,0.25,0.26,0.01,0.01,76826.16,1777306543000
1777306544.936,44.936,0.75,0.76,0.24,0.25,0.01,0.01,76826.16,1777306543000
1777306545.31,45.31,0.75,0.76,0.24,0.25,0.01,0.01,76826.16,1777306543000
1777306545.733,45.733,0.75,0.76,0.24,0.25,0.01,0.01,76826.62,1777306544000
1777306546.078,46.078,0.74,0.75,0.24,0.26,0.01,0.02,76826.62,1777306544000
1777306546.42,46.42,0.74,0.75,0.25,0.26,0.01,0.01,76826.62,1777306544000
1777306546.756,46.756,0.74,0.75,0.25,0.26,0.01,0.01,76826.95,1777306545000
1777306547.108,47.108,0.74,0.75,0.25,0.26,0.01,0.01,76826.95,1777306545000
1777306547.445,47.445,0.74,0.75,0.25,0.27,0.01,0.02,76827.08,1777306546000
1777306547.783,47.783,0.74,0.75,0.25,0.26,0.01,0.01,76827.08,1777306546000
1777306548.168,48.168,0.74,0.75,0.25,0.26,0.01,0.01,76827.08,1777306546000
1777306548.684,48.684,0.74,0.75,0.25,0.26,0.01,0.01,76827.08,1777306546000
1777306549.017,49.017,0.74,0.75,0.25,0.26,0.01,0.01,76827.25,1777306547000
1777306549.371,49.371,0.74,0.75,0.25,0.26,0.01,0.01,76827.25,1777306547000
1777306549.905,49.905,0.74,0.75,0.25,0.26,0.01,0.01,76827.25,1777306547000
1777306550.57,50.57,0.74,0.75,0.25,0.26,0.01,0.01,76828.11,1777306548000
1777306550.912,50.912,0.77,0.78,0.22,0.23,0.01,0.01,76831.78,1777306549000
1777306551.272,51.272,0.77,0.78,0.22,0.23,0.01,0.01,76832.9,1777306550000
1777306551.645,51.645,0.77,0.78,0.22,0.23,0.01,0.01,76832.9,1777306550000
1777306552.152,52.152,0.76,0.77,0.22,0.24,0.01,0.02,76832.9,1777306550000
1777306552.624,52.624,0.76,0.77,0.23,0.24,0.01,0.01,76832.9,1777306550000
1777306552.992,52.992,0.76,0.77,0.23,0.24,0.01,0.01,76841.02,1777306551000
1777306553.356,53.356,0.76,0.77,0.23,0.24,0.01,0.01,76841.02,1777306551000
1777306553.731,53.731,0.76,0.77,0.23,0.24,0.01,0.01,76841.02,1777306551000
1777306554.066,54.066,0.75,0.77,0.23,0.24,0.02,0.01,76841.95,1777306552000
1777306554.421,54.421,0.76,0.77,0.23,0.24,0.01,0.01,76841.95,1777306552000
1777306554.836,54.836,0.75,0.76,0.24,0.26,0.01,0.02,76840.91,1777306553000
1777306555.171,55.171,0.75,0.76,0.24,0.25,0.01,0.01,76840.91,1777306553000
1777306555.507,55.507,0.75,0.76,0.24,0.25,0.01,0.01,76841.01,1777306554000
1777306555.855,55.855,0.75,0.76,0.24,0.25,0.01,0.01,76841.01,1777306554000
1777306556.515,56.515,0.75,0.76,0.24,0.25,0.01,0.01,76841.01,1777306554000
1777306556.92,56.92,0.75,0.76,0.24,0.25,0.01,0.01,76837.33,1777306556000
1777306557.737,57.737,0.75,0.79,0.24,0.25,0.04,0.01,76837.33,1777306556000
1777306558.134,58.134,0.77,0.78,0.22,0.23,0.01,0.01,76836.12,1777306557000
1777306558.785,58.785,0.77,0.78,0.22,0.23,0.01,0.01,76836.12,1777306557000
1777306559.163,59.163,0.77,0.78,0.22,0.23,0.01,0.01,76835.06,1777306558000
1777306559.512,59.512,0.77,0.78,0.22,0.23,0.01,0.01,76835.06,1777306558000
1777306559.899,59.899,0.77,0.78,0.22,0.23,0.01,0.01,76835.06,1777306558000
1777306560.241,60.241,0.77,0.78,0.22,0.23,0.01,0.01,76835.46,1777306559000
1777306560.629,60.629,0.77,0.78,0.22,0.23,0.01,0.01,76835.46,1777306559000
1777306560.973,60.973,0.77,0.78,0.22,0.23,0.01,0.01,76835.46,1777306559000
1777306561.348,61.348,0.76,0.77,0.22,0.24,0.01,0.02,76836.33,1777306560000
1777306561.695,61.695,0.75,0.77,0.23,0.24,0.02,0.01,76836.33,1777306560000
1777306562.06,62.06,0.74,0.76,0.24,0.26,0.02,0.02,76836.33,1777306560000
1777306562.407,62.407,0.71,0.73,0.26,0.28,0.02,0.02,76835.54,1777306561000
1777306562.846,62.846,0.7,0.73,0.27,0.3,0.03,0.03,76835.54,1777306561000
1777306563.334,63.334,0.72,0.73,0.27,0.28,0.01,0.01,76835.11,1777306562000
1777306563.672,63.672,0.67,0.72,0.28,0.33,0.05,0.05,76835.11,1777306562000
1777306564.305,64.305,0.66,0.67,0.33,0.34,0.01,0.01,76825.79,1777306563000
1777306564.748,64.748,0.66,0.67,0.33,0.34,0.01,0.01,76825.79,1777306563000
1777306565.159,65.159,0.66,0.67,0.33,0.34,0.01,0.01,76807.42,1777306564000
1777306565.742,65.742,0.65,0.66,0.33,0.34,0.01,0.01,76807.42,1777306564000
1777306566.139,66.139,0.64,0.65,0.35,0.36,0.01,0.01,76807.42,1777306564000
1777306566.501,66.501,0.6,0.65,0.35,0.4,0.05,0.05,76802.78,1777306565000
1777306566.954,66.954,0.6,0.62,0.38,0.4,0.02,0.02,76802.78,1777306565000
1777306567.361,67.361,0.61,0.66,0.34,0.4,0.05,0.06,76802.78,1777306565000
1777306567.7,67.7,0.61,0.62,0.38,0.39,0.01,0.01,76798.62,1777306566000
1777306568.039,68.039,0.61,0.62,0.37,0.39,0.01,0.02,76798.62,1777306566000
1777306568.396,68.396,0.61,0.62,0.38,0.39,0.01,0.01,76796.03,1777306567000
1777306568.934,68.934,0.61,0.62,0.38,0.39,0.01,0.01,76796.03,1777306567000
1777306569.448,69.448,0.61,0.62,0.38,0.39,0.01,0.01,76796.03,1777306567000
1777306569.903,69.903,0.61,0.62,0.38,0.39,0.01,0.01,76795.72,1777306568000
1777306570.295,70.295,0.61,0.62,0.38,0.39,0.01,0.01,76795.72,1777306568000
1777306570.889,70.889,0.61,0.62,0.38,0.39,0.01,0.01,76796.85,1777306570000
1777306571.391,71.391,0.61,0.62,0.38,0.39,0.01,0.01,76796.85,1777306570000
1777306571.925,71.925,0.61,0.62,0.38,0.39,0.01,0.01,76796.85,1777306570000
1777306572.272,72.272,0.61,0.63,0.37,0.39,0.02,0.02,76796.85,1777306570000
1777306572.653,72.653,0.64,0.66,0.34,0.36,0.02,0.02,76796.85,1777306570000
1777306573.301,73.301,0.66,0.67,0.33,0.34,0.01,0.01,76796.49,1777306572000
1777306573.911,73.911,0.66,0.67,0.33,0.34,0.01,0.01,76796.49,1777306572000
1777306574.316,74.316,0.64,0.66,0.34,0.36,0.02,0.02,76796.49,1777306572000
1777306574.668,74.668,0.65,0.66,0.34,0.35,0.01,0.01,76802.26,1777306573000
1777306575.05,75.05,0.65,0.66,0.34,0.35,0.01,0.01,76802.26,1777306573000
1777306575.495,75.495,0.65,0.66,0.34,0.35,0.01,0.01,76807.61,1777306574000
1777306576.4,76.4,0.65,0.66,0.34,0.35,0.01,0.01,76807.61,1777306574000
1777306577.064,77.064,0.65,0.66,0.34,0.35,0.01,0.01,76806.42,1777306575000
1777306577.546,77.546,0.64,0.65,0.34,0.39,0.01,0.05,76806.42,1777306575000
1777306578.033,78.033,0.64,0.65,0.35,0.36,0.01,0.01,76805.91,1777306576000
1777306578.406,78.406,0.66,0.68,0.32,0.36,0.02,0.04,76805.91,1777306577000
1777306578.761,78.761,0.68,0.69,0.31,0.32,0.01,0.01,76805.91,1777306577000
1777306579.297,79.297,0.68,0.69,0.31,0.32,0.01,0.01,76805.91,1777306577000
1777306579.736,79.736,0.68,0.69,0.31,0.32,0.01,0.01,76806.28,1777306578000
1777306580.45,80.45,0.71,0.72,0.26,0.32,0.01,0.06,76806.28,1777306578000
1777306580.916,80.916,0.71,0.72,0.28,0.29,0.01,0.01,76813.46,1777306580000
1777306581.338,81.338,0.71,0.72,0.28,0.29,0.01,0.01,76813.46,1777306580000
1777306581.728,81.728,0.71,0.73,0.27,0.29,0.02,0.02,76813.46,1777306580000
1777306582.294,82.294,0.71,0.72,0.27,0.29,0.01,0.02,76813.46,1777306580000
1777306582.632,82.632,0.65,0.71,0.29,0.34,0.06,0.05,76813.46,1777306580000
1777306582.969,82.969,0.65,0.68,0.32,0.35,0.03,0.03,76819.25,1777306581000
1777306583.432,83.432,0.65,0.66,0.34,0.35,0.01,0.01,76819.25,1777306581000
1777306583.808,83.808,0.65,0.66,0.34,0.35,0.01,0.01,76813.31,1777306582000
1777306584.261,84.261,0.65,0.66,0.34,0.35,0.01,0.01,76812.7,1777306583000
1777306584.853,84.853,0.65,0.66,0.34,0.35,0.01,0.01,76812.7,1777306583000
1777306585.197,85.197,0.65,0.66,0.34,0.35,0.01,0.01,76812.02,1777306584000
1777306585.65,85.65,0.66,0.67,0.33,0.34,0.01,0.01,76812.02,1777306584000
1777306586.116,86.116,0.66,0.67,0.33,0.34,0.01,0.01,76810.45,1777306585000
1777306586.483,86.483,0.66,0.67,0.33,0.34,0.01,0.01,76810.45,1777306585000
1777306586.818,86.818,0.66,0.67,0.33,0.34,0.01,0.01,76810.45,1777306585000
1777306587.296,87.296,0.66,0.67,0.33,0.34,0.01,0.01,76810.43,1777306586000
1777306587.751,87.751,0.66,0.68,0.33,0.34,0.02,0.01,76810.43,1777306586000
1777306588.089,88.089,0.67,0.68,0.32,0.34,0.01,0.02,76810.43,1777306586000
1777306588.447,88.447,0.71,0.72,0.28,0.29,0.01,0.01,76810.44,1777306587000
1777306588.785,88.785,0.71,0.72,0.28,0.29,0.01,0.01,76810.44,1777306587000
1777306589.214,89.214,0.7,0.71,0.29,0.3,0.01,0.01,76810.44,1777306587000
1777306589.671,89.671,0.69,0.7,0.3,0.31,0.01,0.01,76812.6,1777306588000
1777306590.037,90.037,0.68,0.69,0.31,0.32,0.01,0.01,76812.6,1777306588000
1777306590.4,90.4,0.68,0.69,0.31,0.32,0.01,0.01,76812.6,1777306588000
1777306590.959,90.959,0.68,0.69,0.31,0.32,0.01,0.01,76814.06,1777306589000
1777306591.546,91.546,0.69,0.7,0.3,0.31,0.01,0.01,76814.06,1777306589000
1777306591.941,91.941,0.69,0.7,0.3,0.31,0.01,0.01,76813.58,1777306590000
1777306592.467,92.467,0.69,0.7,0.3,0.31,0.01,0.01,76812.91,1777306591000
1777306592.913,92.913,0.69,0.71,0.29,0.31,0.02,0.02,76812.91,1777306591000
1777306593.741,93.741,0.74,0.75,0.25,0.26,0.01,0.01,76813.26,1777306592000
1777306594.092,94.092,0.74,0.75,0.25,0.26,0.01,0.01,76814.96,1777306593000
1777306594.631,94.631,0.74,0.75,0.25,0.26,0.01,0.01,76814.96,1777306593000
1777306595.056,95.056,0.74,0.75,0.25,0.26,0.01,0.01,76818.99,1777306594000
1777306596.075,96.075,0.74,0.75,0.25,0.26,0.01,0.01,76818.99,1777306594000
1777306596.718,96.718,0.74,0.75,0.25,0.26,0.01,0.01,76821.59,1777306595000
1777306597.335,97.335,0.74,0.75,0.25,0.26,0.01,0.01,76821.59,1777306595000
1777306597.722,97.722,0.74,0.75,0.25,0.26,0.01,0.01,76823.16,1777306596000
1777306598.113,98.113,0.74,0.75,0.25,0.26,0.01,0.01,76823.16,1777306596000
1777306598.568,98.568,0.74,0.75,0.25,0.26,0.01,0.01,76823.16,1777306596000
1777306599.004,99.004,0.74,0.75,0.25,0.26,0.01,0.01,76821.4,1777306597000
1777306599.366,99.366,0.73,0.75,0.25,0.27,0.02,0.02,76821.49,1777306598000
1777306599.71,99.71,0.72,0.74,0.26,0.27,0.02,0.01,76821.49,1777306598000
1777306600.075,100.075,0.68,0.69,0.31,0.32,0.01,0.01,76821.49,1777306598000
1777306600.478,100.478,0.68,0.69,0.31,0.32,0.01,0.01,76822.01,1777306599000
1777306600.886,100.886,0.68,0.69,0.31,0.32,0.01,0.01,76822.01,1777306599000
1777306601.242,101.242,0.68,0.69,0.31,0.32,0.01,0.01,76822.01,1777306599000
1777306601.578,101.578,0.68,0.69,0.31,0.32,0.01,0.01,76815.27,1777306600000
1777306601.911,101.911,0.68,0.7,0.3,0.32,0.02,0.02,76815.27,1777306600000
1777306602.451,102.451,0.69,0.7,0.3,0.31,0.01,0.01,76813.45,1777306601000
1777306602.906,102.906,0.7,0.71,0.29,0.3,0.01,0.01,76813.45,1777306601000
1777306603.271,103.271,0.7,0.71,0.29,0.3,0.01,0.01,76813.06,1777306602000
1777306603.605,103.605,0.7,0.71,0.29,0.3,0.01,0.01,76813.06,1777306602000
1777306604.12,104.12,0.75,0.76,0.25,0.27,0.01,0.02,76813.06,1777306602000
1777306604.532,104.532,0.75,0.76,0.24,0.25,0.01,0.01,76813.8,1777306603000
1777306605.081,105.081,0.75,0.77,0.24,0.25,0.02,0.01,76813.8,1777306603000
1777306605.519,105.519,0.75,0.77,0.23,0.25,0.02,0.02,76813.8,1777306603000
1777306605.864,105.864,0.76,0.79,0.21,0.24,0.03,0.03,76816.02,1777306604000
1777306606.239,106.239,0.76,0.78,0.22,0.24,0.02,0.02,76816.02,1777306604000
1777306606.579,106.579,0.77,0.79,0.22,0.23,0.02,0.01,76819.87,1777306605000
1777306607.011,107.011,0.78,0.79,0.21,0.22,0.01,0.01,76819.87,1777306605000
1777306607.398,107.398,0.78,0.79,0.21,0.22,0.01,0.01,76819.87,1777306605000
1777306607.733,107.733,0.78,0.79,0.21,0.22,0.01,0.01,76829.33,1777306606000
1777306608.201,108.201,0.79,0.8,0.2,0.22,0.01,0.02,76829.33,1777306606000
1777306608.553,108.553,0.79,0.8,0.2,0.21,0.01,0.01,76831.44,1777306607000
1777306608.994,108.994,0.79,0.8,0.2,0.21,0.01,0.01,76831.44,1777306607000
1777306609.449,109.449,0.79,0.8,0.2,0.21,0.01,0.01,76831.44,1777306607000
1777306609.947,109.947,0.79,0.8,0.2,0.21,0.01,0.01,76834.39,1777306608000
1777306610.347,110.347,0.79,0.8,0.2,0.21,0.01,0.01,76834.39,1777306608000
1777306610.78,110.78,0.79,0.8,0.2,0.21,0.01,0.01,76834.42,1777306609000
1777306611.127,111.127,0.76,0.78,0.22,0.24,0.02,0.02,76835.45,1777306610000
1777306611.503,111.503,0.76,0.77,0.23,0.24,0.01,0.01,76835.45,1777306610000
1777306611.891,111.891,0.76,0.77,0.23,0.24,0.01,0.01,76835.45,1777306610000
1777306612.268,112.268,0.77,0.78,0.2,0.24,0.01,0.04,76835.45,1777306610000
1777306612.682,112.682,0.78,0.79,0.2,0.22,0.01,0.02,76835.45,1777306610000
1777306613.054,113.054,0.79,0.8,0.2,0.21,0.01,0.01,76831.38,1777306611000
1777306613.419,113.419,0.79,0.8,0.2,0.21,0.01,0.01,76828.82,1777306612000
1777306613.835,113.835,0.79,0.81,0.2,0.21,0.02,0.01,76828.82,1777306612000
1777306614.404,114.404,0.8,0.81,0.19,0.2,0.01,0.01,76830.7,1777306613000
1777306614.889,114.889,0.8,0.81,0.19,0.2,0.01,0.01,76830.7,1777306613000
1777306615.344,115.344,0.8,0.81,0.19,0.2,0.01,0.01,76830.84,1777306614000
1777306615.695,115.695,0.8,0.81,0.19,0.2,0.01,0.01,76830.84,1777306614000
1777306616.036,116.036,0.8,0.81,0.19,0.2,0.01,0.01,76830.84,1777306614000
1777306616.744,116.744,0.8,0.81,0.19,0.2,0.01,0.01,76830.84,1777306615000
1777306617.092,117.092,0.8,0.81,0.19,0.2,0.01,0.01,76830.84,1777306615000
1777306617.481,117.481,0.79,0.8,0.2,0.21,0.01,0.01,76832.07,1777306616000
1777306618.244,118.244,0.79,0.8,0.2,0.21,0.01,0.01,76832.07,1777306616000
1777306618.59,118.59,0.78,0.8,0.2,0.21,0.02,0.01,76833.61,1777306617000
1777306618.932,118.932,0.78,0.79,0.21,0.22,0.01,0.01,76833.61,1777306617000
1777306619.39,119.39,0.78,0.79,0.21,0.22,0.01,0.01,76831.76,1777306618000
1777306619.771,119.771,0.78,0.79,0.21,0.22,0.01,0.01,76831.76,1777306618000
1777306620.135,120.135,0.78,0.79,0.21,0.22,0.01,0.01,76830.15,1777306619000
1777306620.502,120.502,0.78,0.79,0.21,0.22,0.01,0.01,76830.15,1777306619000
1777306620.912,120.912,0.78,0.79,0.21,0.22,0.01,0.01,76830.15,1777306619000
1777306621.31,121.31,0.78,0.79,0.21,0.22,0.01,0.01,76830.29,1777306620000
1777306621.811,121.811,0.78,0.79,0.21,0.22,0.01,0.01,76830.29,1777306620000
1777306622.322,122.322,0.78,0.79,0.21,0.22,0.01,0.01,76830.29,1777306620000
1777306622.682,122.682,0.78,0.79,0.21,0.22,0.01,0.01,76831.01,1777306621000
1777306623.114,123.114,0.78,0.79,0.21,0.22,0.01,0.01,76831.06,1777306622000
1777306623.514,123.514,0.78,0.79,0.21,0.22,0.01,0.01,76831.06,1777306622000
1777306623.95,123.95,0.78,0.79,0.21,0.22,0.01,0.01,76831.06,1777306622000
1777306624.313,124.313,0.77,0.79,0.21,0.22,0.02,0.01,76830.2,1777306623000
1777306624.685,124.685,0.77,0.78,0.21,0.23,0.01,0.02,76830.2,1777306623000
1777306625.042,125.042,0.73,0.74,0.26,0.27,0.01,0.01,76830.2,1777306623000
1777306625.375,125.375,0.73,0.74,0.26,0.27,0.01,0.01,76830.16,1777306624000
1777306626.016,126.016,0.73,0.74,0.26,0.27,0.01,0.01,76830.16,1777306624000
1777306626.394,126.394,0.73,0.74,0.26,0.27,0.01,0.01,76830.16,1777306624000
1777306627.189,127.189,0.73,0.74,0.26,0.27,0.01,0.01,76825.71,1777306625000
1777306627.542,127.542,0.72,0.74,0.26,0.28,0.02,0.02,76825.71,1777306625000
1777306627.886,127.886,0.72,0.73,0.27,0.28,0.01,0.01,76822.13,1777306626000
1777306628.738,128.738,0.72,0.73,0.27,0.28,0.01,0.01,76819.99,1777306627000
1777306629.218,129.218,0.72,0.73,0.27,0.28,0.01,0.01,76816.23,1777306628000
1777306630.362,130.362,0.72,0.73,0.27,0.28,0.01,0.01,76816.23,1777306628000
1777306630.73,130.73,0.72,0.75,0.25,0.28,0.03,0.03,76816.37,1777306629000
1777306631.095,131.095,0.72,0.73,0.27,0.28,0.01,0.01,76816.37,1777306630000
1777306631.487,131.487,0.72,0.73,0.27,0.28,0.01,0.01,76816.37,1777306630000
1777306632.239,132.239,0.71,0.72,0.28,0.29,0.01,0.01,76816.37,1777306630000
1777306632.689,132.689,0.71,0.72,0.28,0.29,0.01,0.01,76817.86,1777306631000
1777306633.129,133.129,0.71,0.72,0.28,0.29,0.01,0.01,76817.86,1777306631000
1777306633.484,133.484,0.71,0.72,0.28,0.29,0.01,0.01,76817.86,1777306631000
1777306633.835,133.835,0.71,0.72,0.28,0.29,0.01,0.01,76817.86,1777306631000
1777306634.227,134.227,0.71,0.72,0.28,0.29,0.01,0.01,76817.86,1777306631000
1777306634.605,134.605,0.71,0.72,0.28,0.29,0.01,0.01,76812.98,1777306633000
1777306634.974,134.974,0.71,0.72,0.28,0.29,0.01,0.01,76812.98,1777306633000
1777306635.375,135.375,0.71,0.72,0.28,0.29,0.01,0.01,76812.52,1777306634000
1777306635.709,135.709,0.71,0.72,0.28,0.29,0.01,0.01,76812.52,1777306634000
1777306636.203,136.203,0.71,0.72,0.28,0.29,0.01,0.01,76812.52,1777306634000
1777306636.618,136.618,0.71,0.72,0.28,0.29,0.01,0.01,76811.41,1777306635000
1777306637.607,137.607,0.71,0.72,0.28,0.29,0.01,0.01,76811.17,1777306636000
1777306637.971,137.971,0.71,0.72,0.28,0.29,0.01,0.01,76811.17,1777306636000
1777306638.344,138.344,0.71,0.72,0.28,0.29,0.01,0.01,76811.17,1777306637000
1777306638.739,138.739,0.71,0.72,0.28,0.29,0.01,0.01,76811.17,1777306637000
1777306639.231,139.231,0.71,0.72,0.28,0.29,0.01,0.01,76811.84,1777306638000
1777306639.579,139.579,0.71,0.72,0.28,0.29,0.01,0.01,76811.84,1777306638000
1777306639.987,139.987,0.71,0.72,0.28,0.29,0.01,0.01,76811.84,1777306638000
1777306640.465,140.465,0.71,0.73,0.27,0.29,0.02,0.02,76811.84,1777306639000
1777306640.821,140.821,0.76,0.77,0.23,0.27,0.01,0.04,76811.84,1777306639000
1777306641.157,141.157,0.76,0.77,0.23,0.24,0.01,0.01,76811.84,1777306639000
1777306641.535,141.535,0.76,0.77,0.23,0.24,0.01,0.01,76811.85,1777306640000
1777306641.87,141.87,0.76,0.77,0.23,0.24,0.01,0.01,76811.85,1777306640000
1777306642.255,142.255,0.76,0.77,0.23,0.24,0.01,0.01,76811.85,1777306640000
1777306642.623,142.623,0.77,0.78,0.22,0.23,0.01,0.01,76815.31,1777306641000
1777306643.016,143.016,0.77,0.8,0.21,0.23,0.03,0.02,76815.31,1777306641000
1777306643.353,143.353,0.79,0.8,0.2,0.21,0.01,0.01,76816.54,1777306642000
1777306643.74,143.74,0.79,0.8,0.2,0.21,0.01,0.01,76816.54,1777306642000
1777306644.206,144.206,0.79,0.8,0.2,0.21,0.01,0.01,76820.7,1777306643000
1777306644.766,144.766,0.79,0.8,0.2,0.21,0.01,0.01,76820.7,1777306643000
1777306645.278,145.278,0.79,0.8,0.2,0.21,0.01,0.01,76823.32,1777306644000
1777306645.976,145.976,0.79,0.8,0.2,0.21,0.01,0.01,76823.32,1777306644000
1777306646.312,146.312,0.79,0.8,0.2,0.21,0.01,0.01,76823.47,1777306645000
1777306646.745,146.745,0.79,0.8,0.2,0.21,0.01,0.01,76823.47,1777306645000
1777306647.106,147.106,0.79,0.8,0.2,0.21,0.01,0.01,76823.47,1777306645000
1777306647.527,147.527,0.79,0.8,0.2,0.21,0.01,0.01,76825.03,1777306646000
1777306647.927,147.927,0.79,0.8,0.2,0.21,0.01,0.01,76825.03,1777306646000
1777306648.302,148.302,0.79,0.8,0.2,0.21,0.01,0.01,76825.03,1777306646000
1777306648.746,148.746,0.79,0.8,0.2,0.21,0.01,0.01,76825.91,1777306647000
1777306649.237,149.237,0.79,0.8,0.2,0.21,0.01,0.01,76825.91,1777306647000
1777306649.609,149.609,0.79,0.8,0.2,0.21,0.01,0.01,76826.63,1777306648000
1777306649.987,149.987,0.79,0.8,0.2,0.21,0.01,0.01,76827.18,1777306649000
1777306650.491,150.491,0.79,0.8,0.2,0.21,0.01,0.01,76827.18,1777306649000
1777306650.832,150.832,0.79,0.8,0.2,0.21,0.01,0.01,76827.18,1777306649000
1777306651.183,151.183,0.79,0.8,0.2,0.21,0.01,0.01,76826.55,1777306650000
1777306651.891,151.891,0.79,0.8,0.2,0.21,0.01,0.01,76826.55,1777306650000
1777306652.281,152.281,0.79,0.8,0.2,0.21,0.01,0.01,76826.82,1777306651000
1777306652.636,152.636,0.8,0.81,0.19,0.21,0.01,0.02,76826.82,1777306651000
1777306653.041,153.041,0.81,0.82,0.18,0.19,0.01,0.01,76826.82,1777306651000
1777306653.668,153.668,0.82,0.83,0.17,0.18,0.01,0.01,76826.5,1777306652000
1777306654.044,154.044,0.82,0.83,0.17,0.18,0.01,0.01,76826.5,1777306652000
1777306654.415,154.415,0.82,0.84,0.17,0.18,0.02,0.01,76826.98,1777306653000
1777306654.827,154.827,0.83,0.84,0.16,0.18,0.01,0.02,76826.98,1777306653000
1777306655.459,155.459,0.83,0.85,0.16,0.17,0.02,0.01,76828.99,1777306654000
1777306655.802,155.802,0.84,0.85,0.15,0.16,0.01,0.01,76828.99,1777306654000
1777306656.271,156.271,0.82,0.83,0.17,0.18,0.01,0.01,76828.99,1777306654000
1777306656.65,156.65,0.79,0.81,0.18,0.21,0.02,0.03,76831.93,1777306655000
1777306657.003,157.003,0.79,0.8,0.2,0.21,0.01,0.01,76831.93,1777306655000
1777306657.337,157.337,0.79,0.8,0.2,0.21,0.01,0.01,76831.99,1777306656000
1777306657.966,157.966,0.79,0.8,0.2,0.21,0.01,0.01,76831.99,1777306656000
1777306658.457,158.457,0.79,0.8,0.2,0.21,0.01,0.01,76827.53,1777306657000
1777306658.871,158.871,0.78,0.79,0.2,0.22,0.01,0.02,76827.53,1777306657000
1777306659.26,159.26,0.78,0.79,0.21,0.22,0.01,0.01,76827.53,1777306657000
1777306659.595,159.595,0.78,0.79,0.21,0.22,0.01,0.01,76826.45,1777306658000
1777306660.064,160.064,0.78,0.79,0.21,0.22,0.01,0.01,76826.41,1777306659000
1777306660.404,160.404,0.78,0.79,0.21,0.22,0.01,0.01,76826.41,1777306659000
1777306660.991,160.991,0.78,0.79,0.21,0.22,0.01,0.01,76826.41,1777306659000
1777306661.405,161.405,0.78,0.79,0.21,0.22,0.01,0.01,76825.99,1777306660000
1777306661.868,161.868,0.78,0.79,0.21,0.22,0.01,0.01,76825.99,1777306660000
1777306662.317,162.317,0.78,0.79,0.21,0.22,0.01,0.01,76825.99,1777306660000
1777306662.751,162.751,0.79,0.8,0.2,0.21,0.01,0.01,76825.8,1777306661000
1777306663.404,163.404,0.79,0.8,0.2,0.21,0.01,0.01,76825.38,1777306662000
1777306663.76,163.76,0.79,0.8,0.2,0.21,0.01,0.01,76825.38,1777306662000
1777306664.1,164.1,0.74,0.77,0.23,0.26,0.03,0.03,76825.05,1777306663000
1777306664.466,164.466,0.72,0.73,0.27,0.28,0.01,0.01,76825.05,1777306663000
1777306664.814,164.814,0.72,0.73,0.27,0.28,0.01,0.01,76825.05,1777306663000
1777306665.151,165.151,0.71,0.72,0.28,0.29,0.01,0.01,76825.05,1777306663000
1777306665.804,165.804,0.71,0.72,0.28,0.29,0.01,0.01,76825.06,1777306664000
1777306666.151,166.151,0.7,0.71,0.28,0.31,0.01,0.03,76818.56,1777306665000
1777306666.497,166.497,0.68,0.71,0.29,0.31,0.03,0.02,76818.56,1777306665000
1777306666.937,166.937,0.68,0.7,0.3,0.32,0.02,0.02,76818.56,1777306665000
1777306667.334,167.334,0.68,0.69,0.31,0.32,0.01,0.01,76812.47,1777306666000
1777306667.711,167.711,0.68,0.69,0.31,0.32,0.01,0.01,76812.47,1777306666000
1777306668.199,168.199,0.68,0.69,0.31,0.33,0.01,0.02,76812.47,1777306666000
1777306668.533,168.533,0.68,0.69,0.31,0.32,0.01,0.01,76805.8,1777306667000
1777306668.963,168.963,0.68,0.69,0.31,0.32,0.01,0.01,76805.8,1777306667000
1777306669.376,169.376,0.68,0.69,0.31,0.32,0.01,0.01,76805.8,1777306667000
1777306669.712,169.712,0.68,0.69,0.31,0.32,0.01,0.01,76804.87,1777306668000
1777306670.092,170.092,0.68,0.69,0.31,0.32,0.01,0.01,76804.87,1777306668000
1777306670.461,170.461,0.69,0.7,0.31,0.32,0.01,0.01,76804.87,1777306669000
1777306671.085,171.085,0.69,0.7,0.3,0.31,0.01,0.01,76804.87,1777306669000
1777306671.472,171.472,0.69,0.7,0.3,0.31,0.01,0.01,76804.87,1777306669000
1777306671.828,171.828,0.69,0.7,0.3,0.31,0.01,0.01,76804.87,1777306669000
1777306672.551,172.551,0.69,0.7,0.3,0.31,0.01,0.01,76804.57,1777306671000
1777306672.975,172.975,0.69,0.7,0.3,0.31,0.01,0.01,76804.57,1777306671000
1777306673.4,173.4,0.69,0.7,0.3,0.31,0.01,0.01,76804.57,1777306672000
1777306673.782,173.782,0.7,0.71,0.3,0.31,0.01,0.01,76804.57,1777306672000
1777306674.135,174.135,0.7,0.71,0.29,0.3,0.01,0.01,76805.03,1777306673000
1777306674.705,174.705,0.7,0.71,0.29,0.3,0.01,0.01,76805.03,1777306673000
1777306675.076,175.076,0.71,0.72,0.28,0.29,0.01,0.01,76805.03,1777306673000
1777306675.551,175.551,0.71,0.72,0.28,0.29,0.01,0.01,76804.15,1777306674000
1777306675.919,175.919,0.71,0.72,0.28,0.29,0.01,0.01,76804.15,1777306674000
1777306676.29,176.29,0.71,0.72,0.28,0.29,0.01,0.01,76804.41,1777306675000
1777306676.741,176.741,0.72,0.73,0.27,0.29,0.01,0.02,76804.41,1777306675000
1777306677.177,177.177,0.72,0.73,0.27,0.28,0.01,0.01,76804.41,1777306675000
1777306677.609,177.609,0.72,0.73,0.27,0.28,0.01,0.01,76804.6,1777306676000
1777306677.958,177.958,0.72,0.73,0.27,0.28,0.01,0.01,76804.6,1777306676000
1777306678.419,178.419,0.73,0.74,0.26,0.27,0.01,0.01,76804.6,1777306676000
1777306678.878,178.878,0.73,0.74,0.26,0.27,0.01,0.01,76804.52,1777306677000
1777306679.251,179.251,0.74,0.75,0.25,0.27,0.01,0.02,76804.52,1777306677000
1777306679.787,179.787,0.75,0.76,0.24,0.25,0.01,0.01,76806.0,1777306678000
1777306680.189,180.189,0.75,0.79,0.21,0.25,0.04,0.04,76806.0,1777306678000
1777306680.567,180.567,0.77,0.78,0.22,0.23,0.01,0.01,76806.0,1777306679000
1777306680.976,180.976,0.8,0.81,0.19,0.2,0.01,0.01,76806.0,1777306679000
1777306681.412,181.412,0.8,0.81,0.19,0.2,0.01,0.01,76806.6,1777306680000
1777306682.083,182.083,0.8,0.81,0.19,0.2,0.01,0.01,76806.6,1777306680000
1777306682.436,182.436,0.8,0.81,0.19,0.2,0.01,0.01,76808.48,1777306681000
1777306682.894,182.894,0.8,0.81,0.19,0.2,0.01,0.01,76808.48,1777306681000
1777306683.247,183.247,0.8,0.81,0.19,0.2,0.01,0.01,76808.48,1777306681000
1777306683.606,183.606,0.8,0.81,0.19,0.2,0.01,0.01,76811.54,1777306682000
1777306683.943,183.943,0.8,0.81,0.19,0.2,0.01,0.01,76811.54,1777306682000
1777306684.392,184.392,0.8,0.81,0.19,0.2,0.01,0.01,76812.8,1777306683000
1777306684.962,184.962,0.81,0.82,0.18,0.2,0.01,0.02,76812.8,1777306683000
1777306685.33,185.33,0.81,0.82,0.18,0.19,0.01,0.01,76813.59,1777306684000
1777306685.677,185.677,0.76,0.78,0.22,0.24,0.02,0.02,76813.59,1777306684000
1777306686.019,186.019,0.76,0.77,0.23,0.24,0.01,0.01,76813.59,1777306684000
1777306686.368,186.368,0.76,0.77,0.23,0.24,0.01,0.01,76813.59,1777306684000
1777306686.714,186.714,0.76,0.77,0.23,0.24,0.01,0.01,76813.59,1777306684000
1777306687.149,187.149,0.78,0.79,0.21,0.22,0.01,0.01,76813.59,1777306684000
1777306687.567,187.567,0.8,0.81,0.19,0.2,0.01,0.01,76815.36,1777306686000
1777306687.931,187.931,0.8,0.81,0.19,0.2,0.01,0.01,76815.36,1777306686000
1777306688.477,188.477,0.8,0.81,0.19,0.2,0.01,0.01,76815.36,1777306686000
1777306688.943,188.943,0.8,0.81,0.19,0.2,0.01,0.01,76810.87,1777306687000
1777306689.336,189.336,0.8,0.81,0.19,0.2,0.01,0.01,76810.87,1777306687000
1777306689.698,189.698,0.81,0.82,0.18,0.19,0.01,0.01,76811.02,1777306688000
1777306690.136,190.136,0.82,0.83,0.18,0.19,0.01,0.01,76811.02,1777306688000
1777306690.513,190.513,0.82,0.83,0.17,0.18,0.01,0.01,76811.67,1777306689000
1777306690.849,190.849,0.83,0.84,0.16,0.17,0.01,0.01,76811.67,1777306689000
1777306691.198,191.198,0.83,0.84,0.16,0.17,0.01,0.01,76811.67,1777306689000
1777306691.542,191.542,0.83,0.84,0.16,0.17,0.01,0.01,76811.67,1777306689000
1777306692.19,192.19,0.83,0.84,0.16,0.17,0.01,0.01,76815.45,1777306690000
1777306692.525,192.525,0.83,0.84,0.16,0.17,0.01,0.01,76815.45,1777306690000
1777306693.093,193.093,0.83,0.84,0.16,0.17,0.01,0.01,76815.45,1777306690000
1777306693.51,193.51,0.83,0.84,0.16,0.17,0.01,0.01,76816.81,1777306692000
1777306693.984,193.984,0.83,0.84,0.16,0.17,0.01,0.01,76816.81,1777306692000
1777306694.409,194.409,0.83,0.84,0.16,0.17,0.01,0.01,76817.32,1777306693000
1777306694.898,194.898,0.83,0.84,0.16,0.17,0.01,0.01,76817.32,1777306693000
1777306695.337,195.337,0.83,0.84,0.16,0.17,0.01,0.01,76817.4,1777306694000
1777306695.797,195.797,0.81,0.82,0.18,0.2,0.01,0.02,76817.4,1777306694000
1777306696.385,196.385,0.81,0.82,0.18,0.19,0.01,0.01,76817.4,1777306694000
1777306696.719,196.719,0.78,0.79,0.21,0.23,0.01,0.02,76817.4,1777306694000
1777306697.054,197.054,0.79,0.8,0.2,0.21,0.01,0.01,76817.4,1777306694000
1777306697.917,197.917,0.8,0.81,0.19,0.2,0.01,0.01,76816.55,1777306696000
1777306698.357,198.357,0.82,0.85,0.16,0.18,0.03,0.02,76816.55,1777306696000
1777306698.691,198.691,0.85,0.87,0.13,0.15,0.02,0.02,76815.73,1777306697000
1777306699.132,199.132,0.86,0.87,0.13,0.14,0.01,0.01,76815.73,1777306697000
1777306699.541,199.541,0.87,0.88,0.12,0.14,0.01,0.02,76815.73,1777306697000
1777306700.265,200.265,0.87,0.88,0.12,0.13,0.01,0.01,76817.1,1777306698000
1777306700.637,200.637,0.83,0.88,0.12,0.17,0.05,0.05,76824.65,1777306699000
1777306701.328,201.328,0.83,0.85,0.15,0.17,0.02,0.02,76824.65,1777306699000
1777306701.752,201.752,0.84,0.86,0.14,0.16,0.02,0.02,76824.65,1777306699000
1777306702.095,202.095,0.82,0.84,0.16,0.18,0.02,0.02,76826.98,1777306700000
1777306702.503,202.503,0.83,0.84,0.16,0.17,0.01,0.01,76826.02,1777306701000
1777306702.924,202.924,0.86,0.87,0.13,0.14,0.01,0.01,76826.02,1777306701000
1777306703.443,203.443,0.86,0.87,0.13,0.14,0.01,0.01,76826.02,1777306701000
1777306703.796,203.796,0.86,0.87,0.13,0.14,0.01,0.01,76826.02,1777306701000
1777306704.286,204.286,0.86,0.87,0.13,0.14,0.01,0.01,76823.01,1777306702000
1777306704.626,204.626,0.86,0.88,0.12,0.14,0.02,0.02,76824.48,1777306703000
1777306705.21,205.21,0.87,0.88,0.12,0.13,0.01,0.01,76824.48,1777306703000
1777306705.626,205.626,0.87,0.88,0.12,0.13,0.01,0.01,76824.48,1777306703000
1777306706.002,206.002,0.87,0.88,0.12,0.13,0.01,0.01,76826.52,1777306704000
1777306706.374,206.374,0.87,0.89,0.12,0.13,0.02,0.01,76826.52,1777306704000
1777306706.851,206.851,0.88,0.89,0.11,0.13,0.01,0.02,76827.9,1777306705000
1777306707.31,207.31,0.88,0.89,0.11,0.12,0.01,0.01,76827.9,1777306705000
1777306707.948,207.948,0.88,0.89,0.11,0.12,0.01,0.01,76827.97,1777306706000
1777306708.546,208.546,0.88,0.9,0.11,0.12,0.02,0.01,76827.97,1777306706000
1777306708.889,208.889,0.89,0.9,0.1,0.11,0.01,0.01,76830.52,1777306707000
1777306709.242,209.242,0.89,0.9,0.1,0.11,0.01,0.01,76830.52,1777306707000
1777306709.681,209.681,0.89,0.9,0.1,0.11,0.01,0.01,76832.2,1777306708000
1777306710.077,210.077,0.89,0.92,0.08,0.11,0.03,0.03,76832.2,1777306708000
1777306710.453,210.453,0.91,0.92,0.08,0.09,0.01,0.01,76832.2,1777306708000
1777306710.846,210.846,0.9,0.91,0.09,0.1,0.01,0.01,76833.05,1777306709000
1777306711.345,211.345,0.88,0.89,0.11,0.12,0.01,0.01,76833.49,1777306710000
1777306711.767,211.767,0.88,0.89,0.11,0.12,0.01,0.01,76833.49,1777306710000
1777306712.101,212.101,0.88,0.89,0.11,0.12,0.01,0.01,76833.49,1777306710000
1777306712.541,212.541,0.88,0.89,0.11,0.12,0.01,0.01,76833.25,1777306711000
1777306712.891,212.891,0.88,0.89,0.11,0.12,0.01,0.01,76833.25,1777306711000
1777306713.339,213.339,0.88,0.89,0.11,0.12,0.01,0.01,76832.41,1777306712000
1777306713.696,213.696,0.88,0.89,0.11,0.12,0.01,0.01,76832.41,1777306712000
1777306714.08,214.08,0.88,0.89,0.11,0.12,0.01,0.01,76832.41,1777306712000
1777306714.428,214.428,0.87,0.88,0.12,0.13,0.01,0.01,76831.71,1777306713000
1777306714.771,214.771,0.87,0.88,0.12,0.13,0.01,0.01,76831.71,1777306713000
1777306715.465,215.465,0.87,0.88,0.11,0.13,0.01,0.02,76831.63,1777306714000
1777306716.074,216.074,0.88,0.89,0.11,0.13,0.01,0.02,76831.63,1777306714000
1777306716.493,216.493,0.88,0.89,0.11,0.12,0.01,0.01,76827.92,1777306715000
1777306717.177,217.177,0.89,0.9,0.1,0.12,0.01,0.02,76827.92,1777306715000
1777306717.516,217.516,0.89,0.9,0.1,0.11,0.01,0.01,76827.26,1777306716000
1777306717.864,217.864,0.89,0.9,0.1,0.11,0.01,0.01,76827.26,1777306716000
1777306718.309,218.309,0.89,0.9,0.1,0.11,0.01,0.01,76827.26,1777306716000
1777306718.706,218.706,0.89,0.9,0.1,0.11,0.01,0.01,76828.7,1777306717000
1777306719.109,219.109,0.9,0.91,0.09,0.11,0.01,0.02,76828.7,1777306717000
1777306719.518,219.518,0.92,0.93,0.07,0.1,0.01,0.03,76829.01,1777306718000
1777306719.861,219.861,0.92,0.93,0.07,0.08,0.01,0.01,76829.01,1777306718000
1777306720.239,220.239,0.92,0.93,0.07,0.08,0.01,0.01,76829.01,1777306718000
1777306720.576,220.576,0.92,0.93,0.07,0.08,0.01,0.01,76830.55,1777306719000
1777306720.967,220.967,0.92,0.93,0.07,0.08,0.01,0.01,76830.55,1777306719000
1777306721.409,221.409,0.92,0.93,0.07,0.08,0.01,0.01,76833.48,1777306720000
1777306721.789,221.789,0.92,0.93,0.07,0.08,0.01,0.01,76833.48,1777306720000
1777306722.129,222.129,0.92,0.93,0.07,0.08,0.01,0.01,76832.84,1777306721000
1777306722.479,222.479,0.93,0.94,0.06,0.07,0.01,0.01,76832.84,1777306721000
1777306722.958,222.958,0.94,0.95,0.05,0.06,0.01,0.01,76832.84,1777306721000
1777306723.343,223.343,0.94,0.95,0.05,0.06,0.01,0.01,76832.84,1777306721000
1777306723.748,223.748,0.94,0.95,0.05,0.06,0.01,0.01,76835.06,1777306722000
1777306724.167,224.167,0.94,0.95,0.05,0.06,0.01,0.01,76835.8,1777306723000
1777306724.614,224.614,0.94,0.95,0.05,0.06,0.01,0.01,76835.8,1777306723000
1777306724.964,224.964,0.94,0.95,0.05,0.06,0.01,0.01,76835.8,1777306723000
1777306725.322,225.322,0.94,0.95,0.05,0.06,0.01,0.01,76835.8,1777306723000
1777306725.843,225.843,0.94,0.95,0.05,0.06,0.01,0.01,76842.08,1777306724000
1777306726.271,226.271,0.94,0.95,0.05,0.06,0.01,0.01,76842.17,1777306725000
1777306726.699,226.699,0.94,0.95,0.05,0.06,0.01,0.01,76842.17,1777306725000
1777306727.144,227.144,0.94,0.95,0.05,0.06,0.01,0.01,76842.17,1777306725000
1777306727.622,227.622,0.95,0.96,0.04,0.05,0.01,0.01,76842.23,1777306726000
1777306728.089,228.089,0.95,0.96,0.04,0.05,0.01,0.01,76842.23,1777306726000
1777306728.53,228.53,0.95,0.96,0.04,0.05,0.01,0.01,76842.22,1777306727000
1777306728.869,228.869,0.94,0.95,0.04,0.05,0.01,0.01,76842.22,1777306727000
1777306729.237,229.237,0.93,0.94,0.06,0.07,0.01,0.01,76842.23,1777306728000
1777306729.657,229.657,0.94,0.95,0.05,0.07,0.01,0.02,76842.23,1777306728000
1777306730.008,230.008,0.94,0.95,0.05,0.06,0.01,0.01,76842.23,1777306728000
1777306730.361,230.361,0.94,0.95,0.05,0.06,0.01,0.01,76842.23,1777306728000
1777306730.807,230.807,0.94,0.95,0.05,0.06,0.01,0.01,76842.3,1777306729000
1777306731.436,231.436,0.94,0.95,0.05,0.06,0.01,0.01,76842.3,1777306730000
1777306731.944,231.944,0.94,0.95,0.05,0.06,0.01,0.01,76842.3,1777306731000
1777306732.355,232.355,0.95,0.96,0.04,0.06,0.01,0.02,76842.3,1777306731000
1777306732.724,232.724,0.95,0.96,0.04,0.05,0.01,0.01,76842.3,1777306731000
1777306733.104,233.104,0.95,0.96,0.04,0.05,0.01,0.01,76842.32,1777306732000
1777306733.462,233.462,0.95,0.96,0.04,0.05,0.01,0.01,76842.32,1777306732000
1777306733.977,233.977,0.95,0.96,0.04,0.05,0.01,0.01,76842.32,1777306732000
1777306734.394,234.394,0.95,0.96,0.04,0.05,0.01,0.01,76842.41,1777306733000
1777306734.834,234.834,0.95,0.96,0.04,0.05,0.01,0.01,76842.41,1777306733000
1777306735.245,235.245,0.95,0.96,0.04,0.05,0.01,0.01,76842.41,1777306733000
1777306735.956,235.956,0.96,0.97,0.03,0.04,0.01,0.01,76843.23,1777306735000
1777306736.368,236.368,0.95,0.96,0.04,0.05,0.01,0.01,76843.23,1777306735000
1777306736.796,236.796,0.95,0.96,0.04,0.05,0.01,0.01,76843.23,1777306735000
1777306737.133,237.133,0.95,0.96,0.04,0.05,0.01,0.01,76843.73,1777306736000
1777306737.588,237.588,0.96,0.97,0.03,0.04,0.01,0.01,76843.73,1777306736000
1777306738.31,238.31,0.96,0.97,0.03,0.04,0.01,0.01,76845.16,1777306737000
1777306738.719,238.719,0.96,0.97,0.03,0.04,0.01,0.01,76845.16,1777306737000
1777306739.263,239.263,0.96,0.97,0.03,0.04,0.01,0.01,76845.16,1777306737000
1777306739.678,239.678,0.96,0.97,0.03,0.04,0.01,0.01,76845.22,1777306738000
1777306740.056,240.056,0.96,0.97,0.03,0.04,0.01,0.01,76845.22,1777306738000
1777306740.407,240.407,0.96,0.97,0.03,0.04,0.01,0.01,76845.22,1777306739000
1777306740.805,240.805,0.96,0.97,0.03,0.04,0.01,0.01,76845.22,1777306739000
1777306741.143,241.143,0.97,0.98,0.02,0.03,0.01,0.01,76845.74,1777306740000
1777306741.482,241.482,0.97,0.98,0.02,0.03,0.01,0.01,76845.74,1777306740000
1777306741.883,241.883,0.97,0.98,0.02,0.03,0.01,0.01,76845.74,1777306740000
1777306742.321,242.321,0.97,0.98,0.02,0.03,0.01,0.01,76847.0,1777306741000
1777306742.67,242.67,0.97,0.98,0.02,0.03,0.01,0.01,76847.0,1777306741000
1777306743.036,243.036,0.97,0.98,0.02,0.03,0.01,0.01,76847.0,1777306741000
1777306743.415,243.415,0.97,0.98,0.02,0.03,0.01,0.01,76851.35,1777306742000
1777306743.752,243.752,0.97,0.98,0.02,0.03,0.01,0.01,76851.35,1777306742000
1777306744.195,244.195,0.97,0.98,0.02,0.03,0.01,0.01,76851.35,1777306742000
1777306744.591,244.591,0.97,0.98,0.02,0.03,0.01,0.01,76852.03,1777306743000
1777306745.17,245.17,0.97,0.98,0.02,0.03,0.01,0.01,76852.03,1777306743000
1777306745.551,245.551,0.97,0.98,0.02,0.03,0.01,0.01,76848.31,1777306744000
1777306745.948,245.948,0.97,0.98,0.02,0.03,0.01,0.01,76848.31,1777306744000
1777306746.295,246.295,0.97,0.98,0.02,0.03,0.01,0.01,76846.08,1777306745000
1777306747.028,247.028,0.97,0.98,0.02,0.03,0.01,0.01,76846.08,1777306745000
1777306747.483,247.483,0.97,0.98,0.02,0.03,0.01,0.01,76844.42,1777306746000
1777306747.834,247.834,0.97,0.98,0.02,0.03,0.01,0.01,76844.42,1777306746000
1777306748.372,248.372,0.97,0.98,0.02,0.03,0.01,0.01,76844.42,1777306746000
1777306748.798,248.798,0.97,0.98,0.02,0.03,0.01,0.01,76843.33,1777306747000
1777306749.151,249.151,0.97,0.98,0.02,0.03,0.01,0.01,76843.33,1777306748000
1777306749.596,249.596,0.97,0.98,0.02,0.03,0.01,0.01,76843.33,1777306748000
1777306749.978,249.978,0.97,0.98,0.02,0.03,0.01,0.01,76843.33,1777306748000
1777306750.373,250.373,0.97,0.98,0.02,0.03,0.01,0.01,76842.76,1777306749000
1777306750.752,250.752,0.97,0.98,0.02,0.03,0.01,0.01,76842.76,1777306749000
1777306751.193,251.193,0.97,0.98,0.02,0.03,0.01,0.01,76842.76,1777306749000
1777306751.535,251.535,0.97,0.98,0.02,0.03,0.01,0.01,76843.17,1777306750000
1777306751.912,251.912,0.97,0.98,0.02,0.03,0.01,0.01,76843.17,1777306750000
1777306752.303,252.303,0.96,0.97,0.03,0.04,0.01,0.01,76843.17,1777306750000
1777306752.712,252.712,0.97,0.98,0.02,0.03,0.01,0.01,76843.14,1777306751000
1777306753.313,253.313,0.98,0.99,0.01,0.02,0.01,0.01,76843.14,1777306751000
1777306753.905,253.905,0.97,0.98,0.01,0.02,0.01,0.01,76843.14,1777306752000
1777306754.418,254.418,0.97,0.98,0.02,0.03,0.01,0.01,76843.14,1777306752000
1777306754.873,254.873,0.97,0.98,0.02,0.03,0.01,0.01,76843.14,1777306753000
1777306755.354,255.354,0.97,0.98,0.02,0.03,0.01,0.01,76843.14,1777306753000
1777306755.9,255.9,0.98,0.99,0.01,0.02,0.01,0.01,76844.18,1777306754000
1777306756.448,256.448,0.98,0.99,0.01,0.02,0.01,0.01,76844.42,1777306755000
1777306757.171,257.171,0.98,0.99,0.01,0.02,0.01,0.01,76844.42,1777306755000
1777306757.583,257.583,0.98,0.99,0.01,0.02,0.01,0.01,76843.14,1777306756000
1777306757.985,257.985,0.98,0.99,0.01,0.02,0.01,0.01,76843.14,1777306756000
1777306758.35,258.35,0.98,0.99,0.01,0.02,0.01,0.01,76843.14,1777306756000
1777306758.939,258.939,0.98,0.99,0.01,0.02,0.01,0.01,76843.14,1777306757000
1777306759.335,259.335,0.98,0.99,0.01,0.02,0.01,0.01,76843.08,1777306758000
1777306759.736,259.736,0.98,0.99,0.01,0.02,0.01,0.01,76843.08,1777306758000
1777306760.093,260.093,0.98,0.99,0.01,0.02,0.01,0.01,76843.08,1777306758000
1777306760.654,260.654,0.98,0.99,0.01,0.02,0.01,0.01,76846.05,1777306759000
1777306761.01,261.01,0.98,0.99,0.01,0.02,0.01,0.01,76846.05,1777306759000
1777306761.381,261.381,0.98,0.99,0.01,0.02,0.01,0.01,76846.05,1777306759000
1777306761.735,261.735,0.98,0.99,0.01,0.02,0.01,0.01,76847.56,1777306760000
1777306762.162,262.162,0.98,0.99,0.01,0.02,0.01,0.01,76848.66,1777306761000
1777306762.563,262.563,0.98,0.99,0.01,0.02,0.01,0.01,76848.66,1777306761000
1777306762.971,262.971,0.98,0.99,0.01,0.02,0.01,0.01,76848.66,1777306761000
1777306763.325,263.325,0.98,0.99,0.01,0.02,0.01,0.01,76853.63,1777306762000
1777306763.723,263.723,0.99,0.99,0.01,0.01,0.0,0.0,76853.63,1777306762000
1777306764.112,264.112,0.99,0.99,0.01,0.01,0.0,0.0,76853.63,1777306762000
1777306764.49,264.49,0.99,0.99,0.01,0.01,0.0,0.0,76853.63,1777306762000
1777306765.002,265.002,0.99,0.99,0.01,0.01,0.0,0.0,76862.44,1777306764000
1777306766.163,266.163,0.99,0.99,0.01,0.01,0.0,0.0,76862.44,1777306764000
1777306767.07,267.07,0.99,0.99,0.01,0.01,0.0,0.0,76861.16,1777306765000
1777306767.403,267.403,0.99,0.99,0.01,0.01,0.0,0.0,76861.16,1777306765000
1777306767.9,267.9,0.99,0.99,0.01,0.01,0.0,0.0,76860.3,1777306766000
1777306768.385,268.385,0.99,0.99,0.01,0.01,0.0,0.0,76860.3,1777306767000
1777306769.186,269.186,0.99,0.99,0.01,0.01,0.0,0.0,76859.61,1777306768000
1777306769.559,269.559,0.99,0.99,0.01,0.01,0.0,0.0,76859.61,1777306768000
1777306769.984,269.984,0.99,0.99,0.01,0.01,0.0,0.0,76859.61,1777306768000
1777306770.651,270.651,0.99,0.99,0.01,0.01,0.0,0.0,76859.48,1777306769000
1777306771.054,271.054,0.99,0.99,0.01,0.01,0.0,0.0,76859.48,1777306769000
1777306771.488,271.488,0.99,0.99,0.01,0.01,0.0,0.0,76858.34,1777306770000
1777306772.425,272.425,0.99,0.99,0.01,0.01,0.0,0.0,76855.72,1777306771000
1777306773.023,273.023,0.99,0.99,0.01,0.01,0.0,0.0,76853.03,1777306772000
1777306774.127,274.127,0.99,0.99,0.01,0.01,0.0,0.0,76852.95,1777306773000
1777306774.553,274.553,0.99,0.99,0.01,0.01,0.0,0.0,76852.95,1777306773000
1777306775.243,275.243,0.99,0.99,0.01,0.01,0.0,0.0,76852.31,1777306774000
1777306775.866,275.866,0.99,0.99,0.01,0.01,0.0,0.0,76852.31,1777306774000
1777306776.281,276.281,0.99,0.99,0.01,0.01,0.0,0.0,76852.31,1777306774000
1777306776.65,276.65,0.99,0.99,0.01,0.01,0.0,0.0,76851.74,1777306775000
1777306777.03,277.03,0.99,0.99,0.01,0.01,0.0,0.0,76851.74,1777306775000
1777306777.574,277.574,0.99,0.99,0.01,0.01,0.0,0.0,76849.02,1777306776000
1777306777.983,277.983,0.99,0.99,0.01,0.01,0.0,0.0,76848.99,1777306777000
1777306778.914,278.914,0.99,0.99,0.01,0.01,0.0,0.0,76848.99,1777306777000
1777306779.408,279.408,0.99,0.99,0.01,0.01,0.0,0.0,76848.85,1777306778000
1777306780.179,280.179,0.99,0.99,0.01,0.01,0.0,0.0,76842.17,1777306779000
1777306781.343,281.343,0.99,0.99,0.01,0.01,0.0,0.0,76833.52,1777306780000
1777306782.387,282.387,0.99,0.99,0.01,0.01,0.0,0.0,76831.78,1777306781000
1777306783.507,283.507,0.99,0.99,0.01,0.01,0.0,0.0,76831.15,1777306782000
1777306784.245,284.245,0.99,0.99,0.01,0.01,0.0,0.0,76831.15,1777306782000
1777306784.965,284.965,0.99,0.99,0.01,0.01,0.0,0.0,76843.18,1777306784000
1777306785.397,285.397,0.99,0.99,0.01,0.01,0.0,0.0,76843.18,1777306784000
1777306786.023,286.023,0.99,0.99,0.01,0.01,0.0,0.0,76842.36,1777306785000
1777306787.067,287.067,0.99,0.99,0.01,0.01,0.0,0.0,76838.08,1777306786000
1777306787.9,287.9,0.99,0.99,0.01,0.01,0.0,0.0,76838.08,1777306786000
1777306789.291,289.291,0.99,0.99,0.01,0.01,0.0,0.0,76834.09,1777306788000
1777306790.355,290.355,0.99,0.99,0.01,0.01,0.0,0.0,76831.37,1777306789000
1777306791.435,291.435,0.99,0.99,0.01,0.01,0.0,0.0,76829.41,1777306790000
1777306791.988,291.988,0.99,0.99,0.01,0.01,0.0,0.0,76829.15,1777306791000
1777306793.05,293.05,0.99,0.99,0.01,0.01,0.0,0.0,76827.51,1777306792000
1777306793.468,293.468,0.99,0.99,0.01,0.01,0.0,0.0,76827.51,1777306792000
1777306794.11,294.11,0.99,0.99,0.01,0.01,0.0,0.0,76826.27,1777306793000
1777306795.344,295.344,0.99,0.99,0.01,0.01,0.0,0.0,76825.08,1777306794000
1777306796.071,296.071,0.99,0.99,0.01,0.01,0.0,0.0,76825.08,1777306794000
1777306796.409,296.409,0.99,0.99,0.01,0.01,0.0,0.0,76822.89,1777306795000
1777306797.179,297.179,0.99,0.99,0.01,0.01,0.0,0.0,76822.89,1777306795000
1777306797.695,297.695,0.99,0.99,0.01,0.01,0.0,0.0,76822.24,1777306796000
1777306798.337,298.337,0.99,0.99,0.01,0.01,0.0,0.0,76823.07,1777306797000
1777306798.717,298.717,0.99,0.99,0.01,0.01,0.0,0.0,76823.07,1777306797000
1777306799.407,299.407,0.99,0.99,0.01,0.01,0.0,0.0,76822.99,1777306798000
1777306800.372,300.372,0.99,0.99,0.01,0.01,0.0,0.0,76821.72,1777306799000
1777306801.402,301.402,0.99,0.99,0.01,0.01,0.0,0.0,76823.06,1777306800000
1777306802.232,302.232,0.99,0.99,0.01,0.01,0.0,0.0,76825.61,1777306801000

# RESULT,winner=Up,slug=btc-updown-5m-1777306500,ticks=658
