timestamp,elapsed_sec,up_bid,up_ask,down_bid,down_ask,up_spread,down_spread,btc_price,btc_oracle_ts
1776935700.547,0.547,0.55,0.56,0.46,0.47,0.01,0.01,77595.64,1776935699000
1776935700.964,0.964,0.56,0.57,0.43,0.44,0.01,0.01,77595.64,1776935699000
1776935701.704,1.704,0.54,0.55,0.44,0.46,0.01,0.02,77595.13,1776935700000
1776935702.037,2.037,0.54,0.55,0.45,0.46,0.01,0.01,77595.13,1776935700000
1776935702.418,2.418,0.54,0.55,0.45,0.46,0.01,0.01,77595.13,1776935700000
1776935702.944,2.944,0.54,0.55,0.45,0.46,0.01,0.01,77596.81,1776935701000
1776935703.359,3.359,0.54,0.55,0.45,0.46,0.01,0.01,77596.87,1776935702000
1776935703.952,3.952,0.54,0.55,0.45,0.46,0.01,0.01,77596.87,1776935702000
1776935704.356,4.356,0.54,0.55,0.45,0.46,0.01,0.01,77598.65,1776935703000
1776935705.058,5.058,0.54,0.55,0.45,0.46,0.01,0.01,77598.65,1776935703000
1776935705.412,5.412,0.54,0.55,0.45,0.46,0.01,0.01,77598.65,1776935703000
1776935705.866,5.866,0.51,0.52,0.48,0.49,0.01,0.01,77599.02,1776935704000
1776935706.22,6.22,0.51,0.52,0.48,0.49,0.01,0.01,77598.82,1776935705000
1776935706.594,6.594,0.51,0.52,0.48,0.49,0.01,0.01,77598.82,1776935705000
1776935707.173,7.173,0.51,0.52,0.48,0.49,0.01,0.01,77598.82,1776935705000
1776935707.643,7.643,0.51,0.52,0.48,0.49,0.01,0.01,77597.15,1776935706000
1776935708.653,8.653,0.53,0.54,0.46,0.49,0.01,0.03,77597.15,1776935706000
1776935709.218,9.218,0.53,0.54,0.46,0.47,0.01,0.01,77592.58,1776935708000
1776935709.576,9.576,0.51,0.52,0.46,0.49,0.01,0.03,77592.58,1776935708000
1776935709.94,9.94,0.51,0.53,0.48,0.49,0.02,0.01,77592.58,1776935708000
1776935710.356,10.356,0.52,0.53,0.47,0.48,0.01,0.01,77594.34,1776935709000
1776935710.759,10.759,0.52,0.53,0.47,0.48,0.01,0.01,77594.34,1776935709000
1776935711.131,11.131,0.52,0.53,0.47,0.48,0.01,0.01,77594.34,1776935709000
1776935711.468,11.468,0.52,0.53,0.47,0.48,0.01,0.01,77595.1,1776935710000
1776935711.838,11.838,0.52,0.53,0.47,0.48,0.01,0.01,77595.1,1776935710000
1776935712.378,12.378,0.52,0.53,0.47,0.48,0.01,0.01,77594.48,1776935711000
1776935712.912,12.912,0.52,0.53,0.47,0.48,0.01,0.01,77594.48,1776935711000
1776935713.446,13.446,0.52,0.53,0.47,0.48,0.01,0.01,77594.86,1776935712000
1776935713.938,13.938,0.52,0.53,0.47,0.48,0.01,0.01,77594.86,1776935712000
1776935714.337,14.337,0.52,0.53,0.47,0.48,0.01,0.01,77594.78,1776935713000
1776935714.708,14.708,0.52,0.53,0.47,0.48,0.01,0.01,77594.78,1776935713000
1776935715.128,15.128,0.52,0.53,0.47,0.48,0.01,0.01,77594.78,1776935713000
1776935715.59,15.59,0.52,0.53,0.47,0.48,0.01,0.01,77595.84,1776935714000
1776935716.126,16.126,0.52,0.53,0.47,0.48,0.01,0.01,77595.84,1776935714000
1776935716.482,16.482,0.52,0.53,0.47,0.48,0.01,0.01,77595.93,1776935715000
1776935716.959,16.959,0.52,0.53,0.47,0.48,0.01,0.01,77596.39,1776935716000
1776935717.301,17.301,0.52,0.53,0.47,0.48,0.01,0.01,77596.39,1776935716000
1776935717.717,17.717,0.52,0.53,0.47,0.48,0.01,0.01,77596.39,1776935716000
1776935718.222,18.222,0.52,0.53,0.47,0.48,0.01,0.01,77596.39,1776935717000
1776935718.924,18.924,0.52,0.53,0.47,0.48,0.01,0.01,77596.39,1776935717000
1776935719.54,19.54,0.52,0.53,0.47,0.48,0.01,0.01,77596.33,1776935718000
1776935719.967,19.967,0.52,0.53,0.47,0.48,0.01,0.01,77596.33,1776935718000
1776935720.312,20.312,0.52,0.53,0.47,0.48,0.01,0.01,77596.26,1776935719000
1776935720.666,20.666,0.52,0.53,0.47,0.48,0.01,0.01,77596.26,1776935719000
1776935721.018,21.018,0.52,0.53,0.47,0.48,0.01,0.01,77596.26,1776935719000
1776935721.583,21.583,0.52,0.53,0.47,0.48,0.01,0.01,77596.44,1776935720000
1776935721.968,21.968,0.52,0.53,0.47,0.48,0.01,0.01,77596.44,1776935720000
1776935722.679,22.679,0.52,0.53,0.47,0.48,0.01,0.01,77596.44,1776935720000
1776935723.015,23.015,0.5,0.51,0.49,0.5,0.01,0.01,77596.45,1776935721000
1776935723.351,23.351,0.5,0.51,0.49,0.5,0.01,0.01,77596.45,1776935721000
1776935723.741,23.741,0.5,0.51,0.49,0.5,0.01,0.01,77596.26,1776935722000
1776935724.296,24.296,0.5,0.51,0.49,0.5,0.01,0.01,77594.57,1776935723000
1776935724.793,24.793,0.5,0.51,0.49,0.5,0.01,0.01,77594.57,1776935723000
1776935725.142,25.142,0.5,0.51,0.49,0.5,0.01,0.01,77594.57,1776935723000
1776935725.796,25.796,0.5,0.51,0.49,0.5,0.01,0.01,77594.57,1776935723000
1776935726.374,26.374,0.5,0.51,0.49,0.5,0.01,0.01,77585.21,1776935724000
1776935726.758,26.758,0.5,0.51,0.49,0.5,0.01,0.01,77585.2,1776935725000
1776935727.203,27.203,0.5,0.51,0.49,0.5,0.01,0.01,77585.2,1776935725000
1776935727.623,27.623,0.5,0.51,0.49,0.5,0.01,0.01,77585.2,1776935725000
1776935728.084,28.084,0.5,0.51,0.49,0.5,0.01,0.01,77586.92,1776935726000
1776935728.575,28.575,0.51,0.52,0.48,0.49,0.01,0.01,77587.71,1776935727000
1776935728.91,28.91,0.5,0.52,0.48,0.49,0.02,0.01,77587.71,1776935727000
1776935729.342,29.342,0.5,0.52,0.48,0.5,0.02,0.02,77588.09,1776935728000
1776935730.122,30.122,0.5,0.51,0.49,0.5,0.01,0.01,77588.09,1776935728000
1776935730.585,30.585,0.5,0.52,0.49,0.5,0.02,0.01,77588.09,1776935728000
1776935730.933,30.933,0.54,0.55,0.45,0.47,0.01,0.02,77591.5,1776935729000
1776935731.267,31.267,0.54,0.55,0.45,0.46,0.01,0.01,77591.5,1776935729000
1776935731.608,31.608,0.54,0.55,0.45,0.46,0.01,0.01,77591.5,1776935729000
1776935731.964,31.964,0.54,0.55,0.45,0.46,0.01,0.01,77591.98,1776935730000
1776935732.442,32.442,0.54,0.55,0.45,0.46,0.01,0.01,77593.87,1776935731000
1776935732.891,32.891,0.54,0.55,0.45,0.46,0.01,0.01,77593.87,1776935731000
1776935733.32,33.32,0.54,0.55,0.45,0.46,0.01,0.01,77593.87,1776935731000
1776935733.899,33.899,0.54,0.55,0.45,0.46,0.01,0.01,77600.79,1776935732000
1776935734.349,34.349,0.54,0.55,0.45,0.46,0.01,0.01,77600.62,1776935733000
1776935734.953,34.953,0.54,0.55,0.45,0.46,0.01,0.01,77600.62,1776935733000
1776935735.367,35.367,0.55,0.56,0.44,0.45,0.01,0.01,77600.62,1776935733000
1776935735.889,35.889,0.55,0.56,0.44,0.45,0.01,0.01,77601.06,1776935734000
1776935736.475,36.475,0.55,0.56,0.44,0.45,0.01,0.01,77600.92,1776935735000
1776935737.077,37.077,0.55,0.56,0.44,0.45,0.01,0.01,77600.92,1776935735000
1776935737.41,37.41,0.55,0.56,0.44,0.45,0.01,0.01,77600.59,1776935736000
1776935737.791,37.791,0.55,0.56,0.44,0.45,0.01,0.01,77600.59,1776935736000
1776935738.287,38.287,0.55,0.56,0.44,0.45,0.01,0.01,77600.28,1776935737000
1776935739.074,39.074,0.55,0.56,0.44,0.45,0.01,0.01,77600.28,1776935737000
1776935739.552,39.552,0.55,0.56,0.44,0.45,0.01,0.01,77600.07,1776935738000
1776935739.907,39.907,0.55,0.56,0.44,0.45,0.01,0.01,77600.07,1776935738000
1776935740.328,40.328,0.55,0.56,0.44,0.45,0.01,0.01,77600.07,1776935739000
1776935740.665,40.665,0.55,0.56,0.44,0.45,0.01,0.01,77600.07,1776935739000
1776935741.071,41.071,0.55,0.56,0.44,0.45,0.01,0.01,77600.07,1776935739000
1776935741.572,41.572,0.55,0.56,0.44,0.45,0.01,0.01,77600.03,1776935740000
1776935742.015,42.015,0.56,0.57,0.43,0.44,0.01,0.01,77600.03,1776935740000
1776935742.381,42.381,0.56,0.57,0.43,0.44,0.01,0.01,77600.33,1776935741000
1776935742.831,42.831,0.56,0.57,0.43,0.44,0.01,0.01,77600.33,1776935741000
1776935743.309,43.309,0.56,0.57,0.43,0.44,0.01,0.01,77600.33,1776935741000
1776935743.697,43.697,0.57,0.58,0.43,0.44,0.01,0.01,77600.42,1776935742000
1776935744.403,44.403,0.57,0.58,0.42,0.43,0.01,0.01,77600.71,1776935743000
1776935744.751,44.751,0.59,0.6,0.4,0.43,0.01,0.03,77600.71,1776935743000
1776935745.943,45.943,0.59,0.6,0.4,0.41,0.01,0.01,77603.2,1776935745000
1776935746.285,46.285,0.59,0.6,0.4,0.41,0.01,0.01,77603.2,1776935745000
1776935746.664,46.664,0.59,0.6,0.4,0.41,0.01,0.01,77603.2,1776935745000
1776935747.184,47.184,0.59,0.6,0.4,0.41,0.01,0.01,77603.67,1776935746000
1776935747.699,47.699,0.59,0.6,0.4,0.41,0.01,0.01,77603.67,1776935746000
1776935748.185,48.185,0.59,0.6,0.4,0.41,0.01,0.01,77605.25,1776935747000
1776935748.531,48.531,0.59,0.6,0.4,0.41,0.01,0.01,77605.25,1776935747000
1776935749.02,49.02,0.59,0.6,0.4,0.41,0.01,0.01,77604.22,1776935748000
1776935749.584,49.584,0.59,0.6,0.4,0.41,0.01,0.01,77604.22,1776935748000
1776935750.036,50.036,0.59,0.6,0.4,0.41,0.01,0.01,77605.27,1776935749000
1776935750.586,50.586,0.59,0.6,0.4,0.41,0.01,0.01,77605.27,1776935749000
1776935750.921,50.921,0.59,0.6,0.4,0.41,0.01,0.01,77605.27,1776935749000
1776935751.351,51.351,0.59,0.6,0.4,0.41,0.01,0.01,77605.71,1776935750000
1776935751.879,51.879,0.59,0.6,0.4,0.41,0.01,0.01,77606.07,1776935751000
1776935752.257,52.257,0.59,0.6,0.4,0.41,0.01,0.01,77606.07,1776935751000
1776935752.628,52.628,0.59,0.6,0.4,0.41,0.01,0.01,77606.07,1776935751000
1776935752.999,52.999,0.59,0.6,0.4,0.41,0.01,0.01,77606.07,1776935752000
1776935753.41,53.41,0.59,0.6,0.4,0.41,0.01,0.01,77606.07,1776935752000
1776935753.803,53.803,0.59,0.6,0.4,0.41,0.01,0.01,77606.07,1776935752000
1776935754.235,54.235,0.59,0.6,0.4,0.41,0.01,0.01,77606.34,1776935753000
1776935754.868,54.868,0.59,0.62,0.4,0.41,0.03,0.01,77606.34,1776935753000
1776935755.278,55.278,0.61,0.62,0.38,0.39,0.01,0.01,77607.89,1776935754000
1776935755.972,55.972,0.61,0.62,0.38,0.39,0.01,0.01,77607.89,1776935754000
1776935756.386,56.386,0.61,0.62,0.38,0.39,0.01,0.01,77608.24,1776935755000
1776935756.816,56.816,0.61,0.62,0.38,0.39,0.01,0.01,77608.24,1776935755000
1776935757.209,57.209,0.61,0.62,0.38,0.39,0.01,0.01,77608.37,1776935756000
1776935757.639,57.639,0.65,0.66,0.33,0.35,0.01,0.02,77608.37,1776935756000
1776935757.992,57.992,0.66,0.67,0.33,0.35,0.01,0.02,77608.37,1776935756000
1776935758.371,58.371,0.66,0.68,0.32,0.34,0.02,0.02,77608.38,1776935757000
1776935758.773,58.773,0.67,0.68,0.31,0.33,0.01,0.02,77608.38,1776935757000
1776935759.207,59.207,0.67,0.68,0.32,0.33,0.01,0.01,77614.47,1776935758000
1776935759.618,59.618,0.67,0.68,0.32,0.33,0.01,0.01,77614.47,1776935758000
1776935760.047,60.047,0.67,0.68,0.32,0.33,0.01,0.01,77614.47,1776935758000
1776935760.394,60.394,0.62,0.63,0.32,0.36,0.01,0.04,77622.12,1776935759000
1776935760.822,60.822,0.62,0.63,0.37,0.38,0.01,0.01,77622.12,1776935759000
1776935761.178,61.178,0.62,0.63,0.37,0.38,0.01,0.01,77622.12,1776935759000
1776935761.519,61.519,0.62,0.63,0.37,0.38,0.01,0.01,77623.81,1776935760000
1776935761.966,61.966,0.62,0.64,0.36,0.38,0.02,0.02,77623.81,1776935760000
1776935762.315,62.315,0.62,0.67,0.37,0.38,0.05,0.01,77623.81,1776935760000
1776935762.924,62.924,0.62,0.66,0.35,0.38,0.04,0.03,77617.77,1776935761000
1776935763.356,63.356,0.66,0.67,0.33,0.34,0.01,0.01,77617.77,1776935761000
1776935763.862,63.862,0.66,0.68,0.33,0.34,0.02,0.01,77621.04,1776935762000
1776935764.634,64.634,0.66,0.68,0.32,0.34,0.02,0.02,77621.81,1776935763000
1776935765.079,65.079,0.7,0.71,0.29,0.3,0.01,0.01,77626.02,1776935764000
1776935765.412,65.412,0.69,0.71,0.29,0.31,0.02,0.02,77626.02,1776935764000
1776935765.827,65.827,0.69,0.71,0.29,0.31,0.02,0.02,77626.02,1776935764000
1776935766.175,66.175,0.7,0.71,0.29,0.3,0.01,0.01,77622.95,1776935765000
1776935766.516,66.516,0.69,0.71,0.29,0.31,0.02,0.02,77622.95,1776935765000
1776935766.946,66.946,0.69,0.71,0.29,0.31,0.02,0.02,77622.95,1776935765000
1776935767.313,67.313,0.68,0.71,0.29,0.32,0.03,0.03,77622.95,1776935765000
1776935767.687,67.687,0.69,0.7,0.3,0.31,0.01,0.01,77624.98,1776935766000
1776935768.089,68.089,0.69,0.7,0.3,0.31,0.01,0.01,77624.98,1776935766000
1776935768.521,68.521,0.69,0.7,0.3,0.31,0.01,0.01,77625.6,1776935767000
1776935768.969,68.969,0.69,0.7,0.3,0.31,0.01,0.01,77625.6,1776935767000
1776935769.51,69.51,0.69,0.7,0.3,0.31,0.01,0.01,77625.87,1776935768000
1776935769.958,69.958,0.69,0.7,0.3,0.31,0.01,0.01,77625.87,1776935768000
1776935770.743,70.743,0.69,0.7,0.3,0.31,0.01,0.01,77625.87,1776935769000
1776935771.216,71.216,0.69,0.7,0.3,0.31,0.01,0.01,77625.87,1776935769000
1776935771.788,71.788,0.69,0.7,0.3,0.31,0.01,0.01,77625.45,1776935770000
1776935772.273,72.273,0.69,0.7,0.3,0.31,0.01,0.01,77625.45,1776935770000
1776935772.897,72.897,0.7,0.71,0.29,0.31,0.01,0.02,77624.95,1776935771000
1776935773.237,73.237,0.7,0.71,0.29,0.3,0.01,0.01,77625.83,1776935772000
1776935773.66,73.66,0.7,0.72,0.28,0.3,0.02,0.02,77625.83,1776935772000
1776935774.023,74.023,0.7,0.72,0.28,0.3,0.02,0.02,77625.83,1776935772000
1776935774.39,74.39,0.71,0.73,0.27,0.29,0.02,0.02,77628.29,1776935773000
1776935774.765,74.765,0.72,0.73,0.27,0.28,0.01,0.01,77628.29,1776935773000
1776935775.139,75.139,0.72,0.73,0.27,0.28,0.01,0.01,77628.29,1776935773000
1776935775.774,75.774,0.72,0.73,0.27,0.28,0.01,0.01,77628.18,1776935774000
1776935776.138,76.138,0.72,0.73,0.27,0.28,0.01,0.01,77628.24,1776935775000
1776935776.624,76.624,0.72,0.73,0.27,0.28,0.01,0.01,77628.24,1776935775000
1776935777.047,77.047,0.72,0.73,0.27,0.28,0.01,0.01,77628.24,1776935775000
1776935777.414,77.414,0.72,0.73,0.27,0.28,0.01,0.01,77628.87,1776935776000
1776935777.771,77.771,0.72,0.73,0.27,0.28,0.01,0.01,77628.87,1776935776000
1776935778.149,78.149,0.72,0.73,0.27,0.28,0.01,0.01,77628.87,1776935776000
1776935778.495,78.495,0.73,0.74,0.27,0.28,0.01,0.01,77628.35,1776935777000
1776935778.883,78.883,0.73,0.74,0.26,0.27,0.01,0.01,77628.35,1776935777000
1776935779.339,79.339,0.73,0.74,0.26,0.27,0.01,0.01,77628.42,1776935778000
1776935780.363,80.363,0.73,0.74,0.26,0.27,0.01,0.01,77628.42,1776935778000
1776935780.912,80.912,0.73,0.74,0.26,0.27,0.01,0.01,77629.08,1776935779000
1776935781.716,81.716,0.73,0.74,0.26,0.27,0.01,0.01,77628.98,1776935780000
1776935782.138,82.138,0.73,0.74,0.26,0.27,0.01,0.01,77628.98,1776935780000
1776935782.572,82.572,0.73,0.74,0.26,0.27,0.01,0.01,77629.11,1776935781000
1776935783.173,83.173,0.74,0.75,0.25,0.27,0.01,0.02,77629.11,1776935781000
1776935783.515,83.515,0.74,0.75,0.25,0.26,0.01,0.01,77629.53,1776935782000
1776935783.931,83.931,0.73,0.74,0.26,0.27,0.01,0.01,77629.53,1776935782000
1776935784.521,84.521,0.72,0.73,0.27,0.28,0.01,0.01,77630.23,1776935783000
1776935784.934,84.934,0.72,0.73,0.27,0.28,0.01,0.01,77630.23,1776935783000
1776935785.364,85.364,0.68,0.7,0.3,0.32,0.02,0.02,77628.81,1776935784000
1776935785.712,85.712,0.68,0.69,0.31,0.32,0.01,0.01,77628.81,1776935784000
1776935786.214,86.214,0.68,0.69,0.31,0.32,0.01,0.01,77628.81,1776935785000
1776935787.066,87.066,0.68,0.69,0.31,0.32,0.01,0.01,77627.66,1776935786000
1776935787.581,87.581,0.68,0.69,0.31,0.32,0.01,0.01,77627.66,1776935786000
1776935788.257,88.257,0.68,0.69,0.31,0.32,0.01,0.01,77624.69,1776935787000
1776935789.366,89.366,0.68,0.69,0.31,0.32,0.01,0.01,77624.49,1776935788000
1776935789.718,89.718,0.65,0.66,0.34,0.35,0.01,0.01,77624.49,1776935788000
1776935790.195,90.195,0.64,0.65,0.34,0.35,0.01,0.01,77624.18,1776935789000
1776935790.842,90.842,0.63,0.65,0.35,0.36,0.02,0.01,77624.18,1776935789000
1776935791.201,91.201,0.61,0.63,0.37,0.38,0.02,0.01,77622.23,1776935790000
1776935791.568,91.568,0.61,0.62,0.38,0.4,0.01,0.02,77622.23,1776935790000
1776935792.035,92.035,0.61,0.62,0.38,0.39,0.01,0.01,77622.23,1776935790000
1776935792.402,92.402,0.61,0.62,0.38,0.39,0.01,0.01,77619.3,1776935791000
1776935792.829,92.829,0.61,0.62,0.38,0.39,0.01,0.01,77619.3,1776935791000
1776935793.173,93.173,0.61,0.62,0.38,0.39,0.01,0.01,77613.33,1776935792000
1776935793.534,93.534,0.61,0.62,0.38,0.39,0.01,0.01,77613.33,1776935792000
1776935794.017,94.017,0.61,0.62,0.38,0.39,0.01,0.01,77613.33,1776935792000
1776935794.437,94.437,0.6,0.61,0.39,0.4,0.01,0.01,77612.22,1776935793000
1776935794.861,94.861,0.57,0.59,0.4,0.43,0.02,0.03,77612.22,1776935793000
1776935795.244,95.244,0.52,0.54,0.46,0.48,0.02,0.02,77612.42,1776935794000
1776935795.588,95.588,0.53,0.54,0.46,0.47,0.01,0.01,77612.42,1776935794000
1776935795.929,95.929,0.53,0.54,0.46,0.47,0.01,0.01,77612.42,1776935794000
1776935796.398,96.398,0.52,0.54,0.46,0.47,0.02,0.01,77612.42,1776935794000
1776935796.734,96.734,0.5,0.52,0.48,0.5,0.02,0.02,77605.52,1776935795000
1776935797.215,97.215,0.47,0.48,0.52,0.53,0.01,0.01,77605.52,1776935795000
1776935797.573,97.573,0.47,0.48,0.52,0.53,0.01,0.01,77605.52,1776935795000
1776935797.921,97.921,0.47,0.48,0.52,0.53,0.01,0.01,77600.53,1776935796000
1776935798.308,98.308,0.47,0.48,0.52,0.53,0.01,0.01,77600.53,1776935796000
1776935798.768,98.768,0.47,0.48,0.52,0.53,0.01,0.01,77595.42,1776935797000
1776935799.899,99.899,0.47,0.48,0.52,0.53,0.01,0.01,77595.42,1776935797000
1776935800.609,100.609,0.47,0.48,0.52,0.53,0.01,0.01,77590.19,1776935799000
1776935801.046,101.046,0.47,0.48,0.52,0.53,0.01,0.01,77590.19,1776935799000
1776935801.584,101.584,0.47,0.48,0.52,0.53,0.01,0.01,77590.23,1776935800000
1776935802.052,102.052,0.47,0.48,0.52,0.53,0.01,0.01,77590.23,1776935800000
1776935802.468,102.468,0.47,0.48,0.52,0.53,0.01,0.01,77590.23,1776935800000
1776935803.016,103.016,0.47,0.48,0.52,0.53,0.01,0.01,77590.49,1776935801000
1776935803.381,103.381,0.47,0.48,0.52,0.53,0.01,0.01,77590.49,1776935801000
1776935803.724,103.724,0.47,0.48,0.52,0.53,0.01,0.01,77590.63,1776935802000
1776935804.234,104.234,0.47,0.48,0.52,0.53,0.01,0.01,77590.63,1776935802000
1776935804.592,104.592,0.47,0.48,0.52,0.53,0.01,0.01,77592.22,1776935803000
1776935804.964,104.964,0.47,0.48,0.52,0.53,0.01,0.01,77592.22,1776935803000
1776935805.511,105.511,0.47,0.48,0.52,0.53,0.01,0.01,77592.77,1776935804000
1776935805.979,105.979,0.47,0.48,0.52,0.53,0.01,0.01,77592.77,1776935804000
1776935806.358,106.358,0.49,0.5,0.5,0.51,0.01,0.01,77593.48,1776935805000
1776935806.742,106.742,0.49,0.5,0.5,0.51,0.01,0.01,77593.48,1776935805000
1776935807.142,107.142,0.49,0.5,0.5,0.51,0.01,0.01,77593.48,1776935805000
1776935807.569,107.569,0.49,0.5,0.5,0.51,0.01,0.01,77594.43,1776935806000
1776935808.18,108.18,0.49,0.5,0.5,0.51,0.01,0.01,77594.43,1776935806000
1776935808.629,108.629,0.49,0.5,0.5,0.51,0.01,0.01,77594.14,1776935807000
1776935809.031,109.031,0.49,0.5,0.5,0.51,0.01,0.01,77594.14,1776935807000
1776935809.785,109.785,0.49,0.5,0.5,0.51,0.01,0.01,77595.13,1776935808000
1776935810.169,110.169,0.49,0.5,0.5,0.51,0.01,0.01,77595.13,1776935808000
1776935810.554,110.554,0.49,0.5,0.5,0.51,0.01,0.01,77595.13,1776935808000
1776935810.969,110.969,0.49,0.5,0.5,0.51,0.01,0.01,77595.4,1776935809000
1776935811.419,111.419,0.49,0.5,0.5,0.51,0.01,0.01,77595.32,1776935810000
1776935811.793,111.793,0.49,0.5,0.5,0.51,0.01,0.01,77595.32,1776935810000
1776935812.148,112.148,0.49,0.51,0.49,0.51,0.02,0.02,77594.85,1776935811000
1776935812.646,112.646,0.5,0.51,0.49,0.5,0.01,0.01,77594.85,1776935811000
1776935813.104,113.104,0.5,0.51,0.49,0.5,0.01,0.01,77594.85,1776935811000
1776935813.462,113.462,0.5,0.54,0.46,0.5,0.04,0.04,77594.85,1776935811000
1776935813.82,113.82,0.57,0.59,0.41,0.43,0.02,0.02,77594.36,1776935812000
1776935814.157,114.157,0.56,0.57,0.42,0.44,0.01,0.02,77594.36,1776935812000
1776935814.5,114.5,0.55,0.57,0.43,0.45,0.02,0.02,77594.75,1776935813000
1776935814.85,114.85,0.55,0.56,0.44,0.45,0.01,0.01,77594.75,1776935813000
1776935815.257,115.257,0.54,0.55,0.45,0.46,0.01,0.01,77594.75,1776935813000
1776935815.683,115.683,0.54,0.55,0.45,0.46,0.01,0.01,77594.75,1776935813000
1776935816.974,116.974,0.54,0.55,0.45,0.46,0.01,0.01,77597.54,1776935815000
1776935817.383,117.383,0.54,0.55,0.45,0.46,0.01,0.01,77597.54,1776935815000
1776935817.733,117.733,0.54,0.55,0.45,0.46,0.01,0.01,77597.58,1776935816000
1776935818.078,118.078,0.54,0.55,0.45,0.46,0.01,0.01,77597.58,1776935816000
1776935818.515,118.515,0.51,0.55,0.45,0.48,0.04,0.03,77597.27,1776935817000
1776935819.17,119.17,0.51,0.53,0.47,0.49,0.02,0.02,77595.97,1776935818000
1776935819.84,119.84,0.51,0.53,0.47,0.49,0.02,0.02,77595.97,1776935818000
1776935820.197,120.197,0.51,0.52,0.48,0.49,0.01,0.01,77595.97,1776935818000
1776935820.681,120.681,0.5,0.52,0.48,0.49,0.02,0.01,77595.97,1776935818000
1776935821.056,121.056,0.5,0.51,0.49,0.5,0.01,0.01,77595.94,1776935819000
1776935821.426,121.426,0.49,0.51,0.49,0.51,0.02,0.02,77594.68,1776935820000
1776935821.855,121.855,0.45,0.51,0.49,0.51,0.06,0.02,77594.68,1776935820000
1776935822.223,122.223,0.5,0.51,0.49,0.5,0.01,0.01,77592.69,1776935821000
1776935822.564,122.564,0.52,0.53,0.47,0.48,0.01,0.01,77592.69,1776935821000
1776935822.929,122.929,0.51,0.54,0.47,0.49,0.03,0.02,77592.69,1776935821000
1776935823.272,123.272,0.52,0.54,0.46,0.48,0.02,0.02,77594.66,1776935822000
1776935823.68,123.68,0.61,0.64,0.42,0.46,0.03,0.04,77594.66,1776935822000
1776935824.075,124.075,0.56,0.6,0.4,0.44,0.04,0.04,77594.66,1776935822000
1776935824.409,124.409,0.53,0.54,0.45,0.49,0.01,0.04,77594.55,1776935823000
1776935824.747,124.747,0.47,0.48,0.52,0.53,0.01,0.01,77594.55,1776935823000
1776935825.171,125.171,0.47,0.48,0.52,0.53,0.01,0.01,77594.55,1776935823000
1776935825.536,125.536,0.47,0.48,0.52,0.53,0.01,0.01,77598.99,1776935824000
1776935825.872,125.872,0.49,0.5,0.5,0.51,0.01,0.01,77598.99,1776935824000
1776935826.23,126.23,0.49,0.5,0.5,0.51,0.01,0.01,77595.26,1776935825000
1776935827.293,127.293,0.49,0.5,0.5,0.51,0.01,0.01,77595.37,1776935826000
1776935828.141,128.141,0.49,0.5,0.5,0.51,0.01,0.01,77595.89,1776935827000
1776935828.491,128.491,0.49,0.5,0.5,0.51,0.01,0.01,77595.89,1776935827000
1776935828.968,128.968,0.49,0.5,0.5,0.51,0.01,0.01,77595.89,1776935827000
1776935829.333,129.333,0.49,0.5,0.5,0.51,0.01,0.01,77595.89,1776935827000
1776935830.058,130.058,0.49,0.5,0.49,0.51,0.01,0.02,77596.24,1776935828000
1776935830.402,130.402,0.5,0.51,0.49,0.5,0.01,0.01,77596.24,1776935828000
1776935830.821,130.821,0.5,0.51,0.49,0.5,0.01,0.01,77596.96,1776935829000
1776935831.179,131.179,0.5,0.51,0.49,0.5,0.01,0.01,77596.96,1776935830000
1776935831.523,131.523,0.5,0.51,0.49,0.5,0.01,0.01,77596.96,1776935830000
1776935832.116,132.116,0.5,0.51,0.49,0.5,0.01,0.01,77596.96,1776935830000
1776935832.483,132.483,0.5,0.51,0.49,0.5,0.01,0.01,77596.96,1776935830000
1776935832.877,132.877,0.5,0.51,0.49,0.5,0.01,0.01,77596.96,1776935831000
1776935833.353,133.353,0.5,0.51,0.49,0.5,0.01,0.01,77596.96,1776935832000
1776935833.714,133.714,0.5,0.51,0.49,0.5,0.01,0.01,77596.96,1776935832000
1776935834.073,134.073,0.51,0.52,0.48,0.49,0.01,0.01,77596.96,1776935832000
1776935834.473,134.473,0.51,0.52,0.48,0.49,0.01,0.01,77596.07,1776935833000
1776935834.933,134.933,0.51,0.52,0.48,0.49,0.01,0.01,77596.07,1776935833000
1776935835.527,135.527,0.51,0.52,0.48,0.49,0.01,0.01,77596.07,1776935834000
1776935835.917,135.917,0.51,0.52,0.48,0.49,0.01,0.01,77596.07,1776935834000
1776935836.293,136.293,0.51,0.52,0.48,0.49,0.01,0.01,77596.07,1776935834000
1776935836.749,136.749,0.51,0.52,0.48,0.49,0.01,0.01,77596.98,1776935835000
1776935837.173,137.173,0.51,0.52,0.48,0.49,0.01,0.01,77596.98,1776935836000
1776935838.136,138.136,0.51,0.52,0.48,0.49,0.01,0.01,77596.98,1776935836000
1776935838.881,138.881,0.51,0.52,0.48,0.49,0.01,0.01,77596.3,1776935837000
1776935839.264,139.264,0.52,0.53,0.48,0.49,0.01,0.01,77596.29,1776935838000
1776935839.635,139.635,0.52,0.53,0.47,0.48,0.01,0.01,77596.29,1776935838000
1776935840.019,140.019,0.51,0.52,0.48,0.49,0.01,0.01,77596.29,1776935838000
1776935840.388,140.388,0.51,0.52,0.48,0.49,0.01,0.01,77596.41,1776935839000
1776935840.851,140.851,0.51,0.52,0.48,0.49,0.01,0.01,77596.41,1776935839000
1776935841.227,141.227,0.51,0.52,0.48,0.49,0.01,0.01,77596.4,1776935840000
1776935841.95,141.95,0.51,0.52,0.48,0.49,0.01,0.01,77596.4,1776935840000
1776935842.285,142.285,0.51,0.52,0.48,0.49,0.01,0.01,77596.13,1776935841000
1776935842.953,142.953,0.49,0.5,0.5,0.52,0.01,0.02,77596.13,1776935841000
1776935843.486,143.486,0.49,0.5,0.5,0.51,0.01,0.01,77595.76,1776935842000
1776935844.019,144.019,0.49,0.5,0.5,0.51,0.01,0.01,77595.76,1776935842000
1776935844.731,144.731,0.49,0.5,0.5,0.51,0.01,0.01,77595.49,1776935843000
1776935845.087,145.087,0.49,0.5,0.5,0.51,0.01,0.01,77595.49,1776935843000
1776935845.544,145.544,0.49,0.5,0.5,0.51,0.01,0.01,77594.14,1776935844000
1776935845.931,145.931,0.49,0.5,0.5,0.51,0.01,0.01,77594.14,1776935844000
1776935846.326,146.326,0.49,0.5,0.5,0.51,0.01,0.01,77594.38,1776935845000
1776935846.945,146.945,0.49,0.51,0.5,0.51,0.02,0.01,77594.38,1776935845000
1776935847.595,147.595,0.53,0.54,0.47,0.5,0.01,0.03,77595.11,1776935846000
1776935848.055,148.055,0.56,0.57,0.43,0.44,0.01,0.01,77595.11,1776935846000
1776935848.393,148.393,0.57,0.58,0.42,0.43,0.01,0.01,77595.54,1776935847000
1776935848.754,148.754,0.57,0.58,0.42,0.43,0.01,0.01,77595.54,1776935847000
1776935849.12,149.12,0.57,0.58,0.42,0.43,0.01,0.01,77597.66,1776935848000
1776935849.681,149.681,0.57,0.58,0.42,0.43,0.01,0.01,77597.66,1776935848000
1776935850.18,150.18,0.57,0.58,0.42,0.43,0.01,0.01,77600.61,1776935849000
1776935850.59,150.59,0.57,0.58,0.42,0.43,0.01,0.01,77600.61,1776935849000
1776935851.038,151.038,0.57,0.58,0.42,0.43,0.01,0.01,77600.61,1776935849000
1776935851.405,151.405,0.57,0.58,0.42,0.43,0.01,0.01,77603.65,1776935850000
1776935852.151,152.151,0.57,0.58,0.42,0.43,0.01,0.01,77602.99,1776935851000
1776935852.57,152.57,0.56,0.57,0.43,0.44,0.01,0.01,77602.99,1776935851000
1776935853.14,153.14,0.56,0.57,0.43,0.44,0.01,0.01,77602.99,1776935851000
1776935853.483,153.483,0.56,0.57,0.43,0.44,0.01,0.01,77603.0,1776935852000
1776935854.126,154.126,0.56,0.57,0.43,0.44,0.01,0.01,77603.0,1776935852000
1776935854.676,154.676,0.56,0.57,0.43,0.44,0.01,0.01,77602.98,1776935853000
1776935855.207,155.207,0.56,0.57,0.43,0.44,0.01,0.01,77602.98,1776935853000
1776935855.558,155.558,0.56,0.57,0.43,0.44,0.01,0.01,77602.83,1776935854000
1776935856.116,156.116,0.56,0.57,0.43,0.44,0.01,0.01,77602.83,1776935854000
1776935856.512,156.512,0.56,0.57,0.43,0.44,0.01,0.01,77602.83,1776935855000
1776935856.991,156.991,0.56,0.57,0.43,0.44,0.01,0.01,77602.83,1776935855000
1776935857.926,157.926,0.56,0.57,0.43,0.44,0.01,0.01,77602.98,1776935856000
1776935858.41,158.41,0.56,0.57,0.43,0.44,0.01,0.01,77602.98,1776935856000
1776935858.798,158.798,0.56,0.57,0.43,0.44,0.01,0.01,77602.72,1776935857000
1776935859.361,159.361,0.56,0.57,0.43,0.44,0.01,0.01,77602.72,1776935858000
1776935859.987,159.987,0.56,0.57,0.43,0.44,0.01,0.01,77602.72,1776935858000
1776935860.363,160.363,0.56,0.57,0.43,0.44,0.01,0.01,77602.98,1776935859000
1776935860.873,160.873,0.56,0.57,0.43,0.44,0.01,0.01,77602.98,1776935859000
1776935861.225,161.225,0.56,0.57,0.43,0.44,0.01,0.01,77602.98,1776935859000
1776935861.602,161.602,0.56,0.57,0.43,0.44,0.01,0.01,77602.98,1776935860000
1776935862.19,162.19,0.52,0.56,0.43,0.44,0.04,0.01,77602.98,1776935860000
1776935863.149,163.149,0.49,0.51,0.49,0.51,0.02,0.02,77602.74,1776935862000
1776935863.526,163.526,0.49,0.5,0.5,0.51,0.01,0.01,77602.74,1776935862000
1776935863.866,163.866,0.49,0.5,0.5,0.51,0.01,0.01,77602.74,1776935862000
1776935864.201,164.201,0.49,0.5,0.5,0.51,0.01,0.01,77600.52,1776935863000
1776935865.052,165.052,0.49,0.5,0.5,0.51,0.01,0.01,77596.05,1776935864000
1776935865.583,165.583,0.49,0.5,0.5,0.51,0.01,0.01,77596.05,1776935864000
1776935865.955,165.955,0.49,0.5,0.5,0.51,0.01,0.01,77594.65,1776935865000
1776935866.38,166.38,0.49,0.5,0.5,0.51,0.01,0.01,77594.65,1776935865000
1776935867.016,167.016,0.49,0.5,0.5,0.51,0.01,0.01,77594.65,1776935866000
1776935867.848,167.848,0.49,0.5,0.5,0.51,0.01,0.01,77594.65,1776935866000
1776935868.189,168.189,0.49,0.5,0.5,0.51,0.01,0.01,77594.69,1776935867000
1776935868.673,168.673,0.49,0.5,0.5,0.51,0.01,0.01,77594.69,1776935867000
1776935869.037,169.037,0.48,0.5,0.5,0.52,0.02,0.02,77594.69,1776935867000
1776935870.05,170.05,0.48,0.49,0.51,0.52,0.01,0.01,77594.81,1776935869000
1776935870.409,170.409,0.48,0.49,0.51,0.52,0.01,0.01,77594.81,1776935869000
1776935871.095,171.095,0.48,0.49,0.51,0.52,0.01,0.01,77594.62,1776935870000
1776935871.878,171.878,0.48,0.49,0.51,0.52,0.01,0.01,77594.62,1776935870000
1776935872.52,172.52,0.48,0.49,0.51,0.52,0.01,0.01,77594.57,1776935871000
1776935873.229,173.229,0.48,0.49,0.51,0.52,0.01,0.01,77594.42,1776935872000
1776935874.004,174.004,0.48,0.49,0.51,0.52,0.01,0.01,77594.42,1776935872000
1776935874.557,174.557,0.48,0.49,0.51,0.52,0.01,0.01,77594.42,1776935872000
1776935874.906,174.906,0.49,0.5,0.5,0.51,0.01,0.01,77594.45,1776935873000
1776935875.361,175.361,0.49,0.5,0.5,0.51,0.01,0.01,77594.54,1776935874000
1776935875.741,175.741,0.49,0.51,0.49,0.51,0.02,0.02,77594.54,1776935874000
1776935876.163,176.163,0.5,0.51,0.49,0.5,0.01,0.01,77594.48,1776935875000
1776935876.76,176.76,0.5,0.51,0.49,0.5,0.01,0.01,77594.48,1776935875000
1776935877.251,177.251,0.5,0.51,0.49,0.5,0.01,0.01,77594.46,1776935876000
1776935877.651,177.651,0.5,0.51,0.49,0.5,0.01,0.01,77594.46,1776935876000
1776935878.198,178.198,0.5,0.51,0.49,0.5,0.01,0.01,77594.67,1776935877000
1776935878.758,178.758,0.5,0.51,0.49,0.5,0.01,0.01,77594.67,1776935877000
1776935879.28,179.28,0.5,0.51,0.49,0.5,0.01,0.01,77594.69,1776935878000
1776935880.328,180.328,0.5,0.51,0.49,0.5,0.01,0.01,77594.98,1776935879000
1776935881.449,181.449,0.5,0.51,0.49,0.5,0.01,0.01,77599.06,1776935880000
1776935882.018,182.018,0.5,0.52,0.48,0.5,0.02,0.02,77602.12,1776935881000
1776935882.388,182.388,0.5,0.56,0.48,0.5,0.06,0.02,77602.12,1776935881000
1776935882.836,182.836,0.56,0.57,0.43,0.44,0.01,0.01,77602.12,1776935881000
1776935883.378,183.378,0.56,0.57,0.43,0.44,0.01,0.01,77601.53,1776935882000
1776935883.714,183.714,0.56,0.6,0.4,0.44,0.04,0.04,77601.53,1776935882000
1776935884.055,184.055,0.62,0.63,0.37,0.38,0.01,0.01,77601.53,1776935882000
1776935884.466,184.466,0.61,0.63,0.37,0.39,0.02,0.02,77593.09,1776935883000
1776935884.855,184.855,0.58,0.63,0.37,0.42,0.05,0.05,77593.09,1776935883000
1776935885.215,185.215,0.55,0.59,0.38,0.45,0.04,0.07,77590.03,1776935884000
1776935885.56,185.56,0.54,0.56,0.43,0.46,0.02,0.03,77590.03,1776935884000
1776935885.895,185.895,0.53,0.55,0.43,0.44,0.02,0.01,77590.03,1776935884000
1776935886.336,186.336,0.52,0.54,0.46,0.48,0.02,0.02,77590.03,1776935884000
1776935886.701,186.701,0.51,0.52,0.48,0.5,0.01,0.02,77589.02,1776935885000
1776935887.036,187.036,0.5,0.51,0.49,0.5,0.01,0.01,77589.02,1776935885000
1776935887.462,187.462,0.5,0.51,0.49,0.5,0.01,0.01,77589.02,1776935886000
1776935888.402,188.402,0.5,0.51,0.49,0.5,0.01,0.01,77588.91,1776935887000
1776935889.127,189.127,0.5,0.51,0.49,0.5,0.01,0.01,77588.91,1776935887000
1776935889.55,189.55,0.5,0.51,0.49,0.5,0.01,0.01,77588.86,1776935888000
1776935890.125,190.125,0.5,0.51,0.49,0.5,0.01,0.01,77588.36,1776935889000
1776935891.045,191.045,0.5,0.51,0.49,0.5,0.01,0.01,77588.64,1776935890000
1776935891.799,191.799,0.5,0.51,0.49,0.5,0.01,0.01,77588.64,1776935890000
1776935892.153,192.153,0.5,0.51,0.49,0.5,0.01,0.01,77590.08,1776935891000
1776935893.166,193.166,0.5,0.51,0.49,0.5,0.01,0.01,77590.09,1776935892000
1776935894.088,194.088,0.5,0.51,0.49,0.5,0.01,0.01,77590.09,1776935892000
1776935894.657,194.657,0.5,0.51,0.49,0.5,0.01,0.01,77590.31,1776935893000
1776935894.993,194.993,0.5,0.51,0.49,0.5,0.01,0.01,77592.85,1776935894000
1776935895.953,195.953,0.5,0.51,0.49,0.5,0.01,0.01,77592.85,1776935894000
1776935896.286,196.286,0.5,0.52,0.48,0.5,0.02,0.02,77592.6,1776935895000
1776935896.646,196.646,0.53,0.54,0.46,0.47,0.01,0.01,77592.6,1776935895000
1776935897.006,197.006,0.53,0.54,0.46,0.47,0.01,0.01,77592.6,1776935895000
1776935897.355,197.355,0.53,0.54,0.46,0.47,0.01,0.01,77592.65,1776935896000
1776935897.718,197.718,0.53,0.54,0.46,0.47,0.01,0.01,77592.65,1776935896000
1776935898.052,198.052,0.53,0.54,0.46,0.47,0.01,0.01,77592.65,1776935896000
1776935898.444,198.444,0.53,0.54,0.46,0.47,0.01,0.01,77592.72,1776935897000
1776935898.823,198.823,0.53,0.54,0.46,0.47,0.01,0.01,77592.72,1776935897000
1776935899.435,199.435,0.53,0.55,0.45,0.47,0.02,0.02,77592.74,1776935898000
1776935900.793,200.793,0.53,0.55,0.45,0.47,0.02,0.02,77597.37,1776935899000
1776935901.127,201.127,0.54,0.63,0.42,0.46,0.09,0.04,77597.37,1776935899000
1776935901.497,201.497,0.64,0.65,0.35,0.36,0.01,0.01,77607.72,1776935900000
1776935901.836,201.836,0.64,0.65,0.35,0.36,0.01,0.01,77607.72,1776935900000
1776935902.186,202.186,0.64,0.69,0.31,0.36,0.05,0.05,77614.41,1776935901000
1776935902.54,202.54,0.71,0.73,0.27,0.29,0.02,0.02,77614.41,1776935901000
1776935902.88,202.88,0.72,0.73,0.27,0.28,0.01,0.01,77614.41,1776935901000
1776935903.218,203.218,0.72,0.74,0.23,0.28,0.02,0.05,77614.41,1776935901000
1776935903.601,203.601,0.79,0.8,0.21,0.23,0.01,0.02,77614.41,1776935901000
1776935903.938,203.938,0.81,0.83,0.17,0.19,0.02,0.02,77614.41,1776935901000
1776935904.518,204.518,0.82,0.86,0.14,0.18,0.04,0.04,77621.11,1776935903000
1776935904.851,204.851,0.85,0.88,0.12,0.16,0.03,0.04,77621.11,1776935903000
1776935905.184,205.184,0.85,0.88,0.12,0.15,0.03,0.03,77621.11,1776935903000
1776935905.529,205.529,0.88,0.9,0.11,0.12,0.02,0.01,77621.11,1776935903000
1776935905.868,205.868,0.9,0.93,0.08,0.1,0.03,0.02,77633.3,1776935904000
1776935906.202,206.202,0.91,0.92,0.08,0.09,0.01,0.01,77633.3,1776935904000
1776935906.538,206.538,0.9,0.91,0.09,0.1,0.01,0.01,77633.3,1776935904000
1776935906.881,206.881,0.9,0.91,0.09,0.1,0.01,0.01,77646.66,1776935905000
1776935907.218,207.218,0.9,0.91,0.09,0.1,0.01,0.01,77664.57,1776935906000
1776935907.564,207.564,0.9,0.91,0.09,0.1,0.01,0.01,77664.57,1776935906000
1776935907.997,207.997,0.9,0.91,0.09,0.1,0.01,0.01,77664.57,1776935906000
1776935908.333,208.333,0.9,0.91,0.09,0.1,0.01,0.01,77664.57,1776935906000
1776935908.676,208.676,0.91,0.93,0.08,0.09,0.02,0.01,77664.57,1776935906000
1776935909.048,209.048,0.92,0.93,0.07,0.08,0.01,0.01,77663.08,1776935907000
1776935909.405,209.405,0.92,0.93,0.07,0.08,0.01,0.01,77663.08,1776935907000
1776935909.817,209.817,0.93,0.94,0.06,0.07,0.01,0.01,77660.99,1776935908000
1776935910.206,210.206,0.93,0.94,0.06,0.07,0.01,0.01,77660.65,1776935909000
1776935910.544,210.544,0.93,0.94,0.06,0.07,0.01,0.01,77660.65,1776935909000
1776935910.937,210.937,0.93,0.94,0.06,0.07,0.01,0.01,77660.65,1776935909000
1776935911.304,211.304,0.93,0.94,0.06,0.07,0.01,0.01,77660.65,1776935909000
1776935911.652,211.652,0.93,0.94,0.06,0.07,0.01,0.01,77663.79,1776935910000
1776935912.223,212.223,0.93,0.94,0.06,0.07,0.01,0.01,77663.79,1776935910000
1776935912.56,212.56,0.94,0.95,0.05,0.06,0.01,0.01,77665.66,1776935911000
1776935912.947,212.947,0.95,0.96,0.04,0.06,0.01,0.02,77665.66,1776935911000
1776935913.305,213.305,0.95,0.96,0.04,0.05,0.01,0.01,77665.66,1776935911000
1776935913.686,213.686,0.95,0.96,0.04,0.05,0.01,0.01,77665.66,1776935911000
1776935914.166,214.166,0.95,0.96,0.04,0.05,0.01,0.01,77668.8,1776935912000
1776935914.55,214.55,0.95,0.96,0.04,0.05,0.01,0.01,77674.88,1776935913000
1776935914.923,214.923,0.96,0.97,0.03,0.04,0.01,0.01,77674.88,1776935913000
1776935915.327,215.327,0.96,0.97,0.03,0.04,0.01,0.01,77684.34,1776935914000
1776935915.687,215.687,0.96,0.97,0.03,0.04,0.01,0.01,77684.34,1776935914000
1776935916.189,216.189,0.96,0.97,0.03,0.04,0.01,0.01,77684.34,1776935914000
1776935916.625,216.625,0.96,0.97,0.03,0.04,0.01,0.01,77684.34,1776935914000
1776935916.979,216.979,0.96,0.97,0.03,0.05,0.01,0.02,77686.54,1776935915000
1776935917.354,217.354,0.95,0.96,0.04,0.05,0.01,0.01,77686.83,1776935916000
1776935917.701,217.701,0.94,0.95,0.04,0.05,0.01,0.01,77686.83,1776935916000
1776935918.11,218.11,0.94,0.95,0.05,0.06,0.01,0.01,77686.83,1776935916000
1776935918.524,218.524,0.94,0.95,0.05,0.06,0.01,0.01,77686.83,1776935916000
1776935919.065,219.065,0.94,0.95,0.05,0.06,0.01,0.01,77673.93,1776935917000
1776935919.505,219.505,0.94,0.95,0.05,0.06,0.01,0.01,77673.93,1776935917000
1776935919.93,219.93,0.94,0.95,0.05,0.06,0.01,0.01,77668.41,1776935918000
1776935920.569,220.569,0.94,0.95,0.05,0.06,0.01,0.01,77666.22,1776935919000
1776935920.919,220.919,0.94,0.95,0.05,0.06,0.01,0.01,77666.22,1776935919000
1776935921.539,221.539,0.94,0.96,0.05,0.06,0.02,0.01,77668.18,1776935920000
1776935921.962,221.962,0.94,0.95,0.05,0.06,0.01,0.01,77668.18,1776935920000
1776935922.312,222.312,0.94,0.95,0.05,0.06,0.01,0.01,77668.18,1776935920000
1776935922.663,222.663,0.94,0.95,0.05,0.06,0.01,0.01,77669.53,1776935921000
1776935923.002,223.002,0.95,0.96,0.04,0.05,0.01,0.01,77669.53,1776935921000
1776935923.353,223.353,0.95,0.96,0.04,0.05,0.01,0.01,77669.81,1776935922000
1776935923.887,223.887,0.95,0.96,0.04,0.05,0.01,0.01,77669.81,1776935922000
1776935924.235,224.235,0.95,0.96,0.04,0.05,0.01,0.01,77670.28,1776935923000
1776935925.01,225.01,0.95,0.96,0.04,0.05,0.01,0.01,77670.28,1776935923000
1776935925.397,225.397,0.95,0.96,0.04,0.05,0.01,0.01,77675.48,1776935924000
1776935925.827,225.827,0.95,0.96,0.04,0.05,0.01,0.01,77675.48,1776935924000
1776935926.209,226.209,0.95,0.96,0.04,0.05,0.01,0.01,77675.48,1776935924000
1776935926.635,226.635,0.96,0.97,0.03,0.04,0.01,0.01,77676.09,1776935925000
1776935927.058,227.058,0.97,0.98,0.02,0.04,0.01,0.02,77676.09,1776935925000
1776935927.456,227.456,0.97,0.98,0.02,0.03,0.01,0.01,77678.8,1776935926000
1776935927.889,227.889,0.97,0.98,0.02,0.03,0.01,0.01,77678.8,1776935926000
1776935928.262,228.262,0.97,0.98,0.02,0.03,0.01,0.01,77678.8,1776935926000
1776935928.628,228.628,0.97,0.98,0.02,0.03,0.01,0.01,77683.75,1776935927000
1776935929.299,229.299,0.98,0.99,0.01,0.02,0.01,0.01,77684.79,1776935928000
1776935929.815,229.815,0.98,0.99,0.01,0.02,0.01,0.01,77684.79,1776935928000
1776935930.228,230.228,0.98,0.99,0.01,0.02,0.01,0.01,77685.12,1776935929000
1776935930.585,230.585,0.98,0.99,0.01,0.02,0.01,0.01,77685.12,1776935929000
1776935930.983,230.983,0.98,0.99,0.01,0.02,0.01,0.01,77685.12,1776935929000
1776935931.375,231.375,0.98,0.99,0.01,0.03,0.01,0.02,77685.12,1776935929000
1776935931.73,231.73,0.98,0.99,0.01,0.02,0.01,0.01,77693.13,1776935930000
1776935932.189,232.189,0.98,0.99,0.01,0.02,0.01,0.01,77693.75,1776935931000
1776935932.535,232.535,0.98,0.99,0.01,0.02,0.01,0.01,77693.75,1776935931000
1776935932.874,232.874,0.98,0.99,0.01,0.02,0.01,0.01,77693.75,1776935931000
1776935933.224,233.224,0.97,0.98,0.02,0.03,0.01,0.01,77693.75,1776935931000
1776935933.686,233.686,0.97,0.98,0.02,0.03,0.01,0.01,77694.55,1776935932000
1776935934.036,234.036,0.97,0.98,0.02,0.03,0.01,0.01,77694.55,1776935932000
1776935934.404,234.404,0.97,0.98,0.02,0.03,0.01,0.01,77693.7,1776935933000
1776935934.888,234.888,0.97,0.98,0.02,0.03,0.01,0.01,77693.7,1776935933000
1776935935.267,235.267,0.97,0.98,0.02,0.03,0.01,0.01,77693.7,1776935933000
1776935935.76,235.76,0.97,0.98,0.02,0.03,0.01,0.01,77687.88,1776935934000
1776935936.265,236.265,0.96,0.97,0.03,0.04,0.01,0.01,77687.88,1776935934000
1776935936.598,236.598,0.96,0.97,0.03,0.04,0.01,0.01,77684.95,1776935935000
1776935936.953,236.953,0.96,0.97,0.03,0.04,0.01,0.01,77684.95,1776935935000
1776935937.348,237.348,0.96,0.97,0.03,0.04,0.01,0.01,77683.78,1776935936000
1776935937.784,237.784,0.97,0.98,0.02,0.04,0.01,0.02,77683.78,1776935936000
1776935938.263,238.263,0.97,0.98,0.02,0.03,0.01,0.01,77681.54,1776935937000
1776935938.668,238.668,0.97,0.98,0.02,0.03,0.01,0.01,77681.54,1776935937000
1776935939.423,239.423,0.97,0.98,0.01,0.03,0.01,0.02,77681.38,1776935938000
1776935939.82,239.82,0.95,0.96,0.04,0.05,0.01,0.01,77681.38,1776935938000
1776935940.214,240.214,0.95,0.96,0.04,0.05,0.01,0.01,77681.38,1776935939000
1776935940.565,240.565,0.95,0.96,0.04,0.05,0.01,0.01,77681.38,1776935939000
1776935941.036,241.036,0.94,0.95,0.05,0.06,0.01,0.01,77681.38,1776935939000
1776935941.431,241.431,0.94,0.95,0.05,0.06,0.01,0.01,77671.2,1776935940000
1776935941.765,241.765,0.94,0.95,0.05,0.06,0.01,0.01,77671.2,1776935940000
1776935942.154,242.154,0.94,0.95,0.05,0.06,0.01,0.01,77671.2,1776935940000
1776935942.51,242.51,0.95,0.96,0.04,0.05,0.01,0.01,77668.5,1776935941000
1776935943.019,243.019,0.95,0.96,0.04,0.05,0.01,0.01,77667.33,1776935942000
1776935943.485,243.485,0.95,0.96,0.04,0.05,0.01,0.01,77667.33,1776935942000
1776935943.818,243.818,0.97,0.98,0.02,0.03,0.01,0.01,77667.33,1776935942000
1776935944.179,244.179,0.97,0.98,0.02,0.03,0.01,0.01,77664.93,1776935943000
1776935944.575,244.575,0.97,0.98,0.02,0.03,0.01,0.01,77664.93,1776935943000
1776935944.955,244.955,0.97,0.98,0.02,0.03,0.01,0.01,77664.93,1776935943000
1776935945.328,245.328,0.98,0.99,0.01,0.02,0.01,0.01,77669.56,1776935944000
1776935945.668,245.668,0.98,0.99,0.01,0.02,0.01,0.01,77669.56,1776935944000
1776935946.046,246.046,0.98,0.99,0.01,0.02,0.01,0.01,77669.56,1776935944000
1776935946.393,246.393,0.98,0.99,0.01,0.02,0.01,0.01,77676.68,1776935945000
1776935946.894,246.894,0.98,0.99,0.01,0.02,0.01,0.01,77676.68,1776935945000
1776935947.231,247.231,0.94,0.95,0.05,0.06,0.01,0.01,77677.76,1776935946000
1776935947.591,247.591,0.97,0.98,0.02,0.05,0.01,0.03,77677.76,1776935946000
1776935947.944,247.944,0.97,0.98,0.02,0.03,0.01,0.01,77677.76,1776935946000
1776935948.277,248.277,0.97,0.98,0.02,0.03,0.01,0.01,77683.77,1776935947000
1776935948.67,248.67,0.97,0.98,0.02,0.03,0.01,0.01,77683.77,1776935947000
1776935949.077,249.077,0.97,0.98,0.02,0.03,0.01,0.01,77683.77,1776935947000
1776935949.637,249.637,0.97,0.98,0.02,0.03,0.01,0.01,77683.49,1776935948000
1776935950.054,250.054,0.97,0.98,0.02,0.03,0.01,0.01,77681.19,1776935949000
1776935950.457,250.457,0.97,0.98,0.02,0.03,0.01,0.01,77681.19,1776935949000
1776935950.807,250.807,0.97,0.98,0.02,0.03,0.01,0.01,77681.19,1776935949000
1776935951.602,251.602,0.97,0.98,0.02,0.03,0.01,0.01,77681.19,1776935949000
1776935952.013,252.013,0.97,0.98,0.02,0.03,0.01,0.01,77675.58,1776935950000
1776935952.769,252.769,0.97,0.98,0.02,0.03,0.01,0.01,77675.58,1776935950000
1776935953.227,253.227,0.97,0.98,0.02,0.03,0.01,0.01,77675.58,1776935950000
1776935953.697,253.697,0.98,0.99,0.02,0.03,0.01,0.01,77677.02,1776935952000
1776935954.2,254.2,0.95,0.96,0.01,0.05,0.01,0.04,77677.02,1776935953000
1776935954.822,254.822,0.95,0.96,0.04,0.05,0.01,0.01,77677.02,1776935953000
1776935955.18,255.18,0.95,0.96,0.04,0.05,0.01,0.01,77679.09,1776935954000
1776935955.556,255.556,0.95,0.96,0.03,0.05,0.01,0.02,77679.09,1776935954000
1776935956.259,256.259,0.96,0.97,0.03,0.04,0.01,0.01,77677.32,1776935955000
1776935956.648,256.648,0.96,0.97,0.03,0.04,0.01,0.01,77677.32,1776935955000
1776935957.064,257.064,0.96,0.98,0.03,0.04,0.02,0.01,77677.32,1776935955000
1776935957.618,257.618,0.97,0.98,0.02,0.03,0.01,0.01,77672.51,1776935956000
1776935958.23,258.23,0.98,0.99,0.01,0.02,0.01,0.01,77671.35,1776935957000
1776935958.612,258.612,0.98,0.99,0.01,0.02,0.01,0.01,77671.35,1776935957000
1776935959.095,259.095,0.98,0.99,0.01,0.02,0.01,0.01,77671.35,1776935957000
1776935959.555,259.555,0.98,0.99,0.01,0.02,0.01,0.01,77673.32,1776935958000
1776935959.957,259.957,0.98,0.99,0.01,0.02,0.01,0.01,77673.32,1776935958000
1776935960.327,260.327,0.98,0.99,0.01,0.02,0.01,0.01,77673.32,1776935958000
1776935960.705,260.705,0.98,0.99,0.01,0.02,0.01,0.01,77675.84,1776935959000
1776935961.059,261.059,0.98,0.99,0.01,0.02,0.01,0.01,77676.25,1776935960000
1776935961.434,261.434,0.98,0.99,0.01,0.02,0.01,0.01,77676.25,1776935960000
1776935961.782,261.782,0.98,0.99,0.01,0.02,0.01,0.01,77676.25,1776935960000
1776935962.139,262.139,0.98,0.99,0.01,0.02,0.01,0.01,77676.25,1776935960000
1776935962.479,262.479,0.99,0.99,0.01,0.01,0.0,0.0,77678.08,1776935961000
1776935962.899,262.899,0.99,0.99,0.01,0.01,0.0,0.0,77678.08,1776935961000
1776935963.24,263.24,0.99,0.99,0.01,0.01,0.0,0.0,77678.08,1776935961000
1776935963.906,263.906,0.99,0.99,0.01,0.01,0.0,0.0,77693.39,1776935962000
1776935964.295,264.295,0.99,0.99,0.01,0.01,0.0,0.0,77698.45,1776935963000
1776935965.283,265.283,0.99,0.99,0.01,0.01,0.0,0.0,77711.67,1776935964000
1776935965.884,265.884,0.99,0.99,0.01,0.01,0.0,0.0,77711.67,1776935964000
1776935966.799,266.799,0.99,0.99,0.01,0.01,0.0,0.0,77703.36,1776935965000
1776935967.866,267.866,0.99,0.99,0.01,0.01,0.0,0.0,77702.6,1776935966000
1776935968.553,268.553,0.99,0.99,0.01,0.01,0.0,0.0,77704.29,1776935967000
1776935969.118,269.118,0.99,0.99,0.01,0.01,0.0,0.0,77705.3,1776935968000
1776935969.851,269.851,0.99,0.99,0.01,0.01,0.0,0.0,77705.3,1776935968000
1776935970.205,270.205,0.99,0.99,0.01,0.01,0.0,0.0,77707.79,1776935969000
1776935971.034,271.034,0.99,0.99,0.01,0.01,0.0,0.0,77707.79,1776935969000
1776935972.416,272.416,0.99,0.99,0.01,0.01,0.0,0.0,77707.64,1776935971000
1776935973.116,273.116,0.99,0.99,0.01,0.01,0.0,0.0,77706.44,1776935972000
1776935974.226,274.226,0.99,0.99,0.01,0.01,0.0,0.0,77704.63,1776935973000
1776935975.024,275.024,0.99,0.99,0.01,0.01,0.0,0.0,77704.63,1776935973000
1776935975.487,275.487,0.99,0.99,0.01,0.01,0.0,0.0,77703.03,1776935974000
1776935975.902,275.902,0.99,0.99,0.01,0.01,0.0,0.0,77703.03,1776935974000
1776935976.524,276.524,0.99,0.99,0.01,0.01,0.0,0.0,77702.37,1776935975000
1776935976.899,276.899,0.99,0.99,0.01,0.01,0.0,0.0,77702.37,1776935975000
1776935977.97,277.97,0.99,0.99,0.01,0.01,0.0,0.0,77702.49,1776935976000
1776935978.589,278.589,0.99,0.99,0.01,0.01,0.0,0.0,77702.4,1776935977000
1776935979.482,279.482,0.99,0.99,0.01,0.01,0.0,0.0,77702.27,1776935978000
1776935980.186,280.186,0.99,0.99,0.01,0.01,0.0,0.0,77701.96,1776935979000
1776935980.934,280.934,0.99,0.99,0.01,0.01,0.0,0.0,77701.96,1776935979000
1776935982.195,282.195,0.99,0.99,0.01,0.01,0.0,0.0,77698.83,1776935981000
1776935983.271,283.271,0.99,0.99,0.01,0.01,0.0,0.0,77699.19,1776935982000
1776935984.347,284.347,0.99,0.99,0.01,0.01,0.0,0.0,77698.93,1776935983000
1776935985.452,285.452,0.99,0.99,0.01,0.01,0.0,0.0,77698.95,1776935984000
1776935986.083,286.083,0.99,0.99,0.01,0.01,0.0,0.0,77698.07,1776935985000
1776935987.188,287.188,0.99,0.99,0.01,0.01,0.0,0.0,77696.01,1776935986000
1776935988.303,288.303,0.99,0.99,0.01,0.01,0.0,0.0,77696.86,1776935987000
1776935989.522,289.522,0.99,0.99,0.01,0.01,0.0,0.0,77696.51,1776935988000
1776935989.986,289.986,0.99,0.99,0.01,0.01,0.0,0.0,77695.53,1776935989000
1776935991.104,291.104,0.99,0.99,0.01,0.01,0.0,0.0,77691.67,1776935990000
1776935992.218,292.218,0.99,0.99,0.01,0.01,0.0,0.0,77691.67,1776935990000
1776935993.371,293.371,0.99,0.99,0.01,0.01,0.0,0.0,77691.41,1776935992000
1776935994.49,294.49,0.99,0.99,0.01,0.01,0.0,0.0,77691.4,1776935993000
1776935994.978,294.978,0.99,0.99,0.01,0.01,0.0,0.0,77691.4,1776935994000
1776935995.538,295.538,0.99,0.99,0.01,0.01,0.0,0.0,77691.4,1776935994000
1776935996.408,296.408,0.99,0.99,0.01,0.01,0.0,0.0,77691.12,1776935995000
1776935996.991,296.991,0.99,0.99,0.01,0.01,0.0,0.0,77688.28,1776935996000
1776935997.988,297.988,0.99,0.99,0.01,0.01,0.0,0.0,77687.04,1776935997000
1776935998.965,298.965,0.99,0.99,0.01,0.01,0.0,0.0,77685.54,1776935998000
1776935999.869,299.869,0.99,0.99,0.01,0.01,0.0,0.0,77685.56,1776935999000
1776936000.385,300.385,0.99,0.99,0.01,0.01,0.0,0.0,77685.56,1776935999000
1776936000.727,300.727,0.99,0.99,0.01,0.01,0.0,0.0,77685.56,1776935999000
1776936001.964,301.964,0.99,0.99,0.01,0.01,0.0,0.0,77684.25,1776936001000

# RESULT,winner=Up,slug=btc-updown-5m-1776935700,ticks=615
