timestamp,elapsed_sec,up_bid,up_ask,down_bid,down_ask,up_spread,down_spread,btc_price,btc_oracle_ts
1776199500.827,0.827,0.44,0.45,0.55,0.56,0.01,0.01,74286.55,1776199499000
1776199501.222,1.222,0.45,0.46,0.54,0.55,0.01,0.01,74286.55,1776199499000
1776199501.556,1.556,0.47,0.48,0.52,0.55,0.01,0.03,74286.79,1776199500000
1776199501.944,1.944,0.47,0.48,0.52,0.53,0.01,0.01,74286.79,1776199500000
1776199502.431,2.431,0.48,0.49,0.51,0.52,0.01,0.01,74287.72,1776199501000
1776199502.847,2.847,0.48,0.49,0.51,0.52,0.01,0.01,74287.72,1776199501000
1776199503.327,3.327,0.48,0.49,0.51,0.52,0.01,0.01,74288.59,1776199502000
1776199503.846,3.846,0.48,0.49,0.51,0.52,0.01,0.01,74288.59,1776199502000
1776199504.252,4.252,0.48,0.49,0.51,0.52,0.01,0.01,74288.85,1776199503000
1776199504.682,4.682,0.48,0.49,0.51,0.52,0.01,0.01,74288.85,1776199503000
1776199505.047,5.047,0.48,0.49,0.51,0.52,0.01,0.01,74288.85,1776199504000
1776199505.588,5.588,0.53,0.54,0.46,0.47,0.01,0.01,74288.85,1776199504000
1776199505.928,5.928,0.53,0.54,0.46,0.47,0.01,0.01,74288.85,1776199504000
1776199506.269,6.269,0.54,0.55,0.45,0.46,0.01,0.01,74288.79,1776199505000
1776199506.617,6.617,0.54,0.55,0.45,0.46,0.01,0.01,74288.79,1776199505000
1776199507.075,7.075,0.54,0.55,0.45,0.46,0.01,0.01,74288.92,1776199506000
1776199507.499,7.499,0.54,0.55,0.45,0.46,0.01,0.01,74288.92,1776199506000
1776199507.938,7.938,0.54,0.55,0.45,0.46,0.01,0.01,74288.92,1776199506000
1776199508.522,8.522,0.54,0.55,0.45,0.46,0.01,0.01,74293.5,1776199507000
1776199508.891,8.891,0.54,0.55,0.45,0.46,0.01,0.01,74293.5,1776199507000
1776199509.23,9.23,0.53,0.54,0.46,0.47,0.01,0.01,74296.03,1776199508000
1776199509.615,9.615,0.52,0.53,0.46,0.48,0.01,0.02,74296.03,1776199508000
1776199509.986,9.986,0.52,0.53,0.47,0.48,0.01,0.01,74296.03,1776199508000
1776199510.367,10.367,0.52,0.53,0.47,0.48,0.01,0.01,74296.03,1776199508000
1776199510.73,10.73,0.52,0.53,0.47,0.48,0.01,0.01,74295.7,1776199509000
1776199511.094,11.094,0.53,0.54,0.46,0.47,0.01,0.01,74295.7,1776199509000
1776199511.434,11.434,0.53,0.54,0.46,0.47,0.01,0.01,74295.7,1776199509000
1776199511.871,11.871,0.53,0.54,0.46,0.47,0.01,0.01,74292.42,1776199510000
1776199512.338,12.338,0.53,0.54,0.46,0.47,0.01,0.01,74292.43,1776199511000
1776199512.708,12.708,0.53,0.54,0.46,0.47,0.01,0.01,74292.43,1776199511000
1776199513.045,13.045,0.53,0.54,0.46,0.47,0.01,0.01,74292.43,1776199511000
1776199513.468,13.468,0.53,0.54,0.46,0.47,0.01,0.01,74292.49,1776199512000
1776199513.861,13.861,0.53,0.54,0.46,0.47,0.01,0.01,74292.49,1776199512000
1776199514.241,14.241,0.53,0.54,0.46,0.47,0.01,0.01,74292.49,1776199512000
1776199514.611,14.611,0.53,0.54,0.46,0.47,0.01,0.01,74292.62,1776199513000
1776199515.081,15.081,0.53,0.54,0.46,0.47,0.01,0.01,74292.62,1776199513000
1776199515.425,15.425,0.54,0.55,0.45,0.46,0.01,0.01,74292.62,1776199513000
1776199515.815,15.815,0.54,0.55,0.45,0.46,0.01,0.01,74292.62,1776199513000
1776199516.186,16.186,0.54,0.55,0.45,0.46,0.01,0.01,74292.62,1776199513000
1776199516.613,16.613,0.54,0.55,0.45,0.46,0.01,0.01,74292.61,1776199514000
1776199516.946,16.946,0.54,0.55,0.45,0.46,0.01,0.01,74292.61,1776199514000
1776199517.362,17.362,0.54,0.55,0.45,0.46,0.01,0.01,74292.72,1776199516000
1776199517.866,17.866,0.54,0.55,0.45,0.46,0.01,0.01,74292.72,1776199516000
1776199518.199,18.199,0.54,0.55,0.45,0.46,0.01,0.01,74292.72,1776199516000
1776199518.564,18.564,0.54,0.55,0.45,0.46,0.01,0.01,74292.72,1776199516000
1776199519.069,19.069,0.53,0.54,0.46,0.47,0.01,0.01,74292.5,1776199517000
1776199519.473,19.473,0.53,0.54,0.46,0.47,0.01,0.01,74292.44,1776199518000
1776199519.858,19.858,0.53,0.54,0.46,0.47,0.01,0.01,74292.44,1776199518000
1776199520.225,20.225,0.53,0.54,0.46,0.47,0.01,0.01,74292.44,1776199519000
1776199521.181,21.181,0.53,0.54,0.46,0.47,0.01,0.01,74292.44,1776199519000
1776199521.632,21.632,0.53,0.54,0.46,0.47,0.01,0.01,74292.47,1776199520000
1776199522.036,22.036,0.55,0.56,0.44,0.45,0.01,0.01,74292.48,1776199521000
1776199522.378,22.378,0.55,0.56,0.44,0.45,0.01,0.01,74292.48,1776199521000
1776199522.804,22.804,0.55,0.56,0.44,0.45,0.01,0.01,74292.48,1776199521000
1776199523.16,23.16,0.55,0.56,0.44,0.45,0.01,0.01,74292.48,1776199521000
1776199523.571,23.571,0.55,0.56,0.44,0.45,0.01,0.01,74292.52,1776199522000
1776199523.998,23.998,0.55,0.56,0.44,0.45,0.01,0.01,74292.52,1776199522000
1776199524.336,24.336,0.55,0.56,0.44,0.45,0.01,0.01,74292.52,1776199522000
1776199524.823,24.823,0.55,0.56,0.44,0.45,0.01,0.01,74292.52,1776199523000
1776199525.672,25.672,0.55,0.56,0.44,0.45,0.01,0.01,74292.53,1776199524000
1776199526.097,26.097,0.56,0.57,0.43,0.45,0.01,0.02,74292.53,1776199524000
1776199526.572,26.572,0.56,0.57,0.43,0.44,0.01,0.01,74292.61,1776199525000
1776199527.004,27.004,0.56,0.57,0.43,0.44,0.01,0.01,74292.61,1776199525000
1776199527.546,27.546,0.55,0.57,0.43,0.44,0.02,0.01,74292.61,1776199526000
1776199527.978,27.978,0.56,0.57,0.43,0.44,0.01,0.01,74292.61,1776199526000
1776199528.435,28.435,0.56,0.57,0.43,0.44,0.01,0.01,74292.61,1776199527000
1776199529.0,29.0,0.56,0.57,0.43,0.44,0.01,0.01,74292.69,1776199528000
1776199529.345,29.345,0.56,0.57,0.43,0.44,0.01,0.01,74292.69,1776199528000
1776199529.733,29.733,0.56,0.57,0.43,0.44,0.01,0.01,74292.69,1776199528000
1776199530.163,30.163,0.55,0.57,0.43,0.45,0.02,0.02,74292.61,1776199529000
1776199530.537,30.537,0.56,0.57,0.43,0.44,0.01,0.01,74292.61,1776199529000
1776199530.888,30.888,0.48,0.5,0.5,0.52,0.02,0.02,74292.61,1776199529000
1776199531.233,31.233,0.48,0.5,0.5,0.51,0.02,0.01,74292.61,1776199529000
1776199531.575,31.575,0.48,0.49,0.51,0.52,0.01,0.01,74292.59,1776199530000
1776199531.985,31.985,0.46,0.47,0.53,0.54,0.01,0.01,74292.59,1776199530000
1776199532.342,32.342,0.46,0.47,0.53,0.54,0.01,0.01,74292.59,1776199530000
1776199532.709,32.709,0.46,0.47,0.53,0.54,0.01,0.01,74287.74,1776199531000
1776199533.114,33.114,0.46,0.47,0.53,0.54,0.01,0.01,74278.28,1776199532000
1776199533.631,33.631,0.46,0.47,0.53,0.54,0.01,0.01,74278.28,1776199532000
1776199534.096,34.096,0.45,0.46,0.54,0.55,0.01,0.01,74278.28,1776199532000
1776199534.46,34.46,0.44,0.45,0.54,0.56,0.01,0.02,74278.28,1776199532000
1776199534.914,34.914,0.44,0.45,0.55,0.56,0.01,0.01,74277.69,1776199533000
1776199535.247,35.247,0.44,0.45,0.55,0.56,0.01,0.01,74277.69,1776199533000
1776199535.641,35.641,0.44,0.45,0.55,0.56,0.01,0.01,74276.09,1776199534000
1776199536.161,36.161,0.44,0.45,0.55,0.56,0.01,0.01,74276.09,1776199534000
1776199536.678,36.678,0.44,0.45,0.55,0.56,0.01,0.01,74274.22,1776199535000
1776199537.03,37.03,0.44,0.45,0.55,0.56,0.01,0.01,74274.22,1776199535000
1776199537.446,37.446,0.44,0.45,0.55,0.56,0.01,0.01,74274.25,1776199536000
1776199538.164,38.164,0.44,0.45,0.55,0.56,0.01,0.01,74274.25,1776199536000
1776199538.573,38.573,0.43,0.44,0.56,0.57,0.01,0.01,74276.28,1776199537000
1776199539.048,39.048,0.43,0.44,0.56,0.57,0.01,0.01,74276.28,1776199538000
1776199539.722,39.722,0.43,0.44,0.56,0.57,0.01,0.01,74276.28,1776199538000
1776199540.248,40.248,0.43,0.44,0.56,0.57,0.01,0.01,74276.28,1776199538000
1776199540.765,40.765,0.44,0.45,0.54,0.57,0.01,0.03,74275.81,1776199539000
1776199541.111,41.111,0.44,0.45,0.55,0.56,0.01,0.01,74275.81,1776199539000
1776199541.591,41.591,0.45,0.46,0.54,0.55,0.01,0.01,74275.81,1776199539000
1776199542.236,42.236,0.45,0.46,0.54,0.55,0.01,0.01,74275.58,1776199541000
1776199542.756,42.756,0.45,0.46,0.54,0.55,0.01,0.01,74275.58,1776199541000
1776199543.245,43.245,0.45,0.46,0.54,0.55,0.01,0.01,74275.58,1776199541000
1776199544.041,44.041,0.45,0.46,0.54,0.55,0.01,0.01,74275.59,1776199542000
1776199544.594,44.594,0.45,0.47,0.54,0.55,0.02,0.01,74276.01,1776199543000
1776199544.952,44.952,0.46,0.47,0.53,0.54,0.01,0.01,74276.01,1776199543000
1776199545.417,45.417,0.46,0.47,0.53,0.54,0.01,0.01,74276.01,1776199543000
1776199545.84,45.84,0.46,0.47,0.53,0.54,0.01,0.01,74275.89,1776199544000
1776199546.193,46.193,0.46,0.47,0.53,0.54,0.01,0.01,74275.89,1776199545000
1776199546.816,46.816,0.46,0.47,0.53,0.54,0.01,0.01,74275.89,1776199545000
1776199547.383,47.383,0.46,0.47,0.53,0.54,0.01,0.01,74276.42,1776199546000
1776199547.737,47.737,0.46,0.47,0.53,0.54,0.01,0.01,74276.42,1776199546000
1776199548.398,48.398,0.46,0.47,0.53,0.54,0.01,0.01,74277.08,1776199547000
1776199549.093,49.093,0.46,0.47,0.53,0.54,0.01,0.01,74276.96,1776199548000
1776199549.982,49.982,0.46,0.47,0.53,0.54,0.01,0.01,74276.96,1776199548000
1776199550.424,50.424,0.45,0.47,0.53,0.54,0.02,0.01,74276.96,1776199549000
1776199550.805,50.805,0.45,0.46,0.54,0.55,0.01,0.01,74276.96,1776199549000
1776199551.273,51.273,0.45,0.46,0.54,0.55,0.01,0.01,74277.09,1776199550000
1776199552.149,52.149,0.45,0.46,0.54,0.55,0.01,0.01,74277.09,1776199550000
1776199552.504,52.504,0.45,0.46,0.54,0.55,0.01,0.01,74277.1,1776199551000
1776199552.993,52.993,0.45,0.49,0.54,0.55,0.04,0.01,74277.1,1776199551000
1776199553.416,53.416,0.48,0.49,0.51,0.55,0.01,0.04,74277.09,1776199552000
1776199553.761,53.761,0.48,0.49,0.51,0.52,0.01,0.01,74277.09,1776199552000
1776199554.234,54.234,0.47,0.48,0.51,0.53,0.01,0.02,74277.09,1776199552000
1776199554.603,54.603,0.47,0.48,0.52,0.53,0.01,0.01,74276.97,1776199553000
1776199554.993,54.993,0.47,0.48,0.52,0.53,0.01,0.01,74276.97,1776199553000
1776199555.56,55.56,0.47,0.48,0.52,0.53,0.01,0.01,74277.08,1776199554000
1776199555.947,55.947,0.47,0.48,0.52,0.53,0.01,0.01,74277.08,1776199554000
1776199556.317,56.317,0.47,0.48,0.52,0.53,0.01,0.01,74277.08,1776199554000
1776199556.931,56.931,0.47,0.48,0.52,0.53,0.01,0.01,74277.12,1776199555000
1776199557.308,57.308,0.47,0.48,0.52,0.53,0.01,0.01,74277.12,1776199556000
1776199557.903,57.903,0.47,0.48,0.52,0.53,0.01,0.01,74277.12,1776199556000
1776199558.331,58.331,0.47,0.48,0.52,0.53,0.01,0.01,74277.01,1776199557000
1776199558.864,58.864,0.47,0.48,0.52,0.53,0.01,0.01,74277.01,1776199557000
1776199559.236,59.236,0.47,0.48,0.52,0.53,0.01,0.01,74277.01,1776199558000
1776199559.594,59.594,0.47,0.48,0.52,0.53,0.01,0.01,74277.01,1776199558000
1776199560.068,60.068,0.47,0.48,0.52,0.53,0.01,0.01,74277.01,1776199558000
1776199560.559,60.559,0.47,0.48,0.52,0.53,0.01,0.01,74277.02,1776199559000
1776199560.907,60.907,0.47,0.48,0.52,0.53,0.01,0.01,74277.02,1776199559000
1776199561.446,61.446,0.47,0.48,0.52,0.53,0.01,0.01,74277.02,1776199560000
1776199562.238,62.238,0.47,0.48,0.52,0.53,0.01,0.01,74277.01,1776199561000
1776199562.616,62.616,0.47,0.48,0.52,0.53,0.01,0.01,74277.01,1776199561000
1776199563.005,63.005,0.47,0.48,0.52,0.53,0.01,0.01,74277.01,1776199561000
1776199563.379,63.379,0.47,0.48,0.52,0.53,0.01,0.01,74276.6,1776199562000
1776199564.058,64.058,0.47,0.48,0.52,0.53,0.01,0.01,74276.6,1776199562000
1776199564.417,64.417,0.46,0.47,0.52,0.54,0.01,0.02,74276.6,1776199562000
1776199565.138,65.138,0.46,0.47,0.53,0.54,0.01,0.01,74277.17,1776199564000
1776199565.837,65.837,0.46,0.47,0.53,0.54,0.01,0.01,74277.17,1776199564000
1776199566.602,66.602,0.46,0.47,0.53,0.54,0.01,0.01,74277.55,1776199565000
1776199566.966,66.966,0.46,0.47,0.53,0.54,0.01,0.01,74277.55,1776199565000
1776199567.411,67.411,0.46,0.47,0.53,0.54,0.01,0.01,74277.55,1776199565000
1776199567.799,67.799,0.46,0.47,0.53,0.54,0.01,0.01,74277.56,1776199566000
1776199568.149,68.149,0.46,0.47,0.53,0.54,0.01,0.01,74277.56,1776199567000
1776199568.915,68.915,0.46,0.48,0.53,0.54,0.02,0.01,74277.56,1776199567000
1776199569.299,69.299,0.5,0.51,0.51,0.53,0.01,0.02,74277.56,1776199568000
1776199569.827,69.827,0.55,0.57,0.43,0.47,0.02,0.04,74277.56,1776199568000
1776199570.211,70.211,0.56,0.58,0.42,0.44,0.02,0.02,74277.56,1776199568000
1776199570.684,70.684,0.58,0.59,0.41,0.43,0.01,0.02,74278.02,1776199569000
1776199571.056,71.056,0.58,0.59,0.41,0.42,0.01,0.01,74291.78,1776199570000
1776199571.462,71.462,0.59,0.6,0.4,0.41,0.01,0.01,74291.78,1776199570000
1776199571.821,71.821,0.59,0.6,0.4,0.41,0.01,0.01,74291.78,1776199570000
1776199572.201,72.201,0.59,0.6,0.4,0.41,0.01,0.01,74300.12,1776199571000
1776199572.595,72.595,0.59,0.6,0.4,0.41,0.01,0.01,74300.12,1776199571000
1776199573.058,73.058,0.6,0.62,0.39,0.41,0.02,0.02,74300.12,1776199571000
1776199573.441,73.441,0.61,0.62,0.38,0.4,0.01,0.02,74302.9,1776199572000
1776199573.791,73.791,0.61,0.62,0.38,0.39,0.01,0.01,74302.9,1776199572000
1776199574.14,74.14,0.62,0.63,0.37,0.39,0.01,0.02,74302.9,1776199572000
1776199574.715,74.715,0.62,0.63,0.37,0.38,0.01,0.01,74303.06,1776199573000
1776199575.049,75.049,0.63,0.64,0.36,0.37,0.01,0.01,74303.11,1776199574000
1776199575.457,75.457,0.64,0.65,0.35,0.37,0.01,0.02,74303.11,1776199574000
1776199575.809,75.809,0.64,0.65,0.35,0.36,0.01,0.01,74303.11,1776199574000
1776199576.381,76.381,0.64,0.65,0.35,0.36,0.01,0.01,74303.11,1776199575000
1776199576.744,76.744,0.65,0.66,0.34,0.35,0.01,0.01,74303.11,1776199575000
1776199577.098,77.098,0.65,0.66,0.34,0.35,0.01,0.01,74303.11,1776199575000
1776199577.485,77.485,0.65,0.66,0.34,0.35,0.01,0.01,74304.34,1776199576000
1776199577.834,77.834,0.65,0.66,0.34,0.35,0.01,0.01,74304.34,1776199576000
1776199578.188,78.188,0.65,0.66,0.34,0.35,0.01,0.01,74304.34,1776199576000
1776199578.603,78.603,0.65,0.66,0.34,0.35,0.01,0.01,74305.89,1776199577000
1776199579.015,79.015,0.65,0.66,0.34,0.35,0.01,0.01,74305.89,1776199577000
1776199579.366,79.366,0.65,0.66,0.34,0.35,0.01,0.01,74305.89,1776199577000
1776199579.926,79.926,0.65,0.66,0.34,0.35,0.01,0.01,74305.89,1776199577000
1776199580.268,80.268,0.65,0.66,0.34,0.35,0.01,0.01,74305.89,1776199577000
1776199581.034,81.034,0.66,0.67,0.33,0.34,0.01,0.01,74305.87,1776199579000
1776199581.386,81.386,0.66,0.67,0.33,0.34,0.01,0.01,74305.87,1776199579000
1776199581.786,81.786,0.66,0.67,0.33,0.34,0.01,0.01,74305.87,1776199579000
1776199582.128,82.128,0.66,0.67,0.33,0.34,0.01,0.01,74306.05,1776199580000
1776199582.537,82.537,0.66,0.67,0.33,0.34,0.01,0.01,74306.48,1776199581000
1776199582.871,82.871,0.66,0.67,0.33,0.34,0.01,0.01,74306.48,1776199581000
1776199583.236,83.236,0.66,0.67,0.33,0.34,0.01,0.01,74306.48,1776199581000
1776199583.596,83.596,0.66,0.67,0.33,0.34,0.01,0.01,74306.48,1776199582000
1776199584.028,84.028,0.66,0.67,0.33,0.34,0.01,0.01,74306.48,1776199582000
1776199584.418,84.418,0.66,0.67,0.33,0.34,0.01,0.01,74306.54,1776199583000
1776199584.765,84.765,0.66,0.67,0.33,0.34,0.01,0.01,74306.54,1776199583000
1776199585.115,85.115,0.66,0.67,0.33,0.34,0.01,0.01,74306.54,1776199583000
1776199585.54,85.54,0.66,0.67,0.33,0.34,0.01,0.01,74306.54,1776199583000
1776199585.999,85.999,0.67,0.68,0.32,0.33,0.01,0.01,74306.6,1776199584000
1776199586.352,86.352,0.67,0.68,0.32,0.33,0.01,0.01,74306.6,1776199585000
1776199586.832,86.832,0.67,0.68,0.32,0.33,0.01,0.01,74306.6,1776199585000
1776199587.166,87.166,0.67,0.68,0.32,0.33,0.01,0.01,74306.6,1776199585000
1776199587.741,87.741,0.67,0.68,0.32,0.33,0.01,0.01,74306.6,1776199585000
1776199588.077,88.077,0.67,0.68,0.32,0.33,0.01,0.01,74307.01,1776199586000
1776199588.695,88.695,0.67,0.68,0.32,0.33,0.01,0.01,74307.01,1776199587000
1776199589.044,89.044,0.67,0.68,0.32,0.33,0.01,0.01,74307.01,1776199587000
1776199589.497,89.497,0.67,0.68,0.32,0.33,0.01,0.01,74307.01,1776199588000
1776199589.932,89.932,0.67,0.68,0.32,0.33,0.01,0.01,74307.01,1776199588000
1776199590.271,90.271,0.67,0.68,0.32,0.33,0.01,0.01,74307.01,1776199589000
1776199590.629,90.629,0.68,0.69,0.31,0.33,0.01,0.02,74307.01,1776199589000
1776199590.974,90.974,0.68,0.69,0.31,0.32,0.01,0.01,74307.01,1776199589000
1776199591.341,91.341,0.68,0.69,0.31,0.32,0.01,0.01,74307.01,1776199589000
1776199591.774,91.774,0.68,0.69,0.31,0.32,0.01,0.01,74307.65,1776199590000
1776199592.155,92.155,0.68,0.69,0.31,0.32,0.01,0.01,74307.65,1776199590000
1776199592.537,92.537,0.69,0.7,0.3,0.31,0.01,0.01,74308.04,1776199591000
1776199592.896,92.896,0.69,0.7,0.3,0.31,0.01,0.01,74308.04,1776199591000
1776199593.248,93.248,0.69,0.7,0.3,0.31,0.01,0.01,74308.04,1776199591000
1776199593.764,93.764,0.7,0.71,0.29,0.3,0.01,0.01,74308.05,1776199592000
1776199594.172,94.172,0.7,0.71,0.29,0.3,0.01,0.01,74308.05,1776199592000
1776199594.556,94.556,0.7,0.71,0.29,0.3,0.01,0.01,74308.05,1776199592000
1776199595.018,95.018,0.7,0.71,0.29,0.3,0.01,0.01,74308.09,1776199593000
1776199595.419,95.419,0.7,0.71,0.29,0.3,0.01,0.01,74309.21,1776199594000
1776199596.177,96.177,0.7,0.71,0.29,0.3,0.01,0.01,74309.21,1776199594000
1776199596.536,96.536,0.74,0.75,0.25,0.26,0.01,0.01,74309.21,1776199595000
1776199596.92,96.92,0.79,0.8,0.18,0.21,0.01,0.03,74309.21,1776199595000
1776199597.267,97.267,0.8,0.81,0.18,0.21,0.01,0.03,74309.21,1776199595000
1776199597.62,97.62,0.8,0.81,0.19,0.2,0.01,0.01,74309.21,1776199595000
1776199597.999,97.999,0.8,0.81,0.19,0.2,0.01,0.01,74309.21,1776199595000
1776199598.337,98.337,0.8,0.81,0.19,0.2,0.01,0.01,74329.03,1776199596000
1776199598.719,98.719,0.8,0.81,0.19,0.2,0.01,0.01,74333.05,1776199597000
1776199599.165,99.165,0.8,0.81,0.19,0.2,0.01,0.01,74334.47,1776199598000
1776199599.529,99.529,0.81,0.82,0.18,0.2,0.01,0.02,74334.47,1776199598000
1776199599.892,99.892,0.81,0.82,0.18,0.19,0.01,0.01,74334.47,1776199598000
1776199600.238,100.238,0.79,0.8,0.2,0.22,0.01,0.02,74334.8,1776199599000
1776199600.574,100.574,0.79,0.8,0.2,0.21,0.01,0.01,74334.8,1776199599000
1776199600.918,100.918,0.78,0.79,0.2,0.21,0.01,0.01,74334.8,1776199599000
1776199601.265,101.265,0.78,0.79,0.21,0.22,0.01,0.01,74334.8,1776199600000
1776199601.625,101.625,0.78,0.79,0.21,0.22,0.01,0.01,74334.8,1776199600000
1776199601.96,101.96,0.78,0.79,0.21,0.22,0.01,0.01,74334.8,1776199600000
1776199602.299,102.299,0.78,0.79,0.21,0.22,0.01,0.01,74328.63,1776199601000
1776199602.871,102.871,0.78,0.79,0.21,0.22,0.01,0.01,74328.63,1776199601000
1776199603.222,103.222,0.81,0.83,0.17,0.19,0.02,0.02,74328.63,1776199601000
1776199603.604,103.604,0.82,0.83,0.17,0.18,0.01,0.01,74327.87,1776199602000
1776199604.011,104.011,0.82,0.83,0.17,0.18,0.01,0.01,74327.87,1776199602000
1776199604.631,104.631,0.82,0.83,0.17,0.18,0.01,0.01,74329.49,1776199603000
1776199604.98,104.98,0.82,0.83,0.17,0.18,0.01,0.01,74330.05,1776199604000
1776199605.369,105.369,0.82,0.83,0.17,0.18,0.01,0.01,74330.05,1776199604000
1776199605.718,105.718,0.82,0.83,0.17,0.18,0.01,0.01,74330.05,1776199604000
1776199606.057,106.057,0.82,0.83,0.17,0.18,0.01,0.01,74333.98,1776199605000
1776199606.399,106.399,0.8,0.83,0.17,0.18,0.03,0.01,74333.98,1776199605000
1776199606.913,106.913,0.81,0.82,0.18,0.19,0.01,0.01,74333.98,1776199605000
1776199607.406,107.406,0.81,0.82,0.18,0.19,0.01,0.01,74333.98,1776199606000
1776199607.755,107.755,0.81,0.82,0.18,0.19,0.01,0.01,74333.98,1776199606000
1776199608.092,108.092,0.81,0.82,0.18,0.19,0.01,0.01,74333.15,1776199607000
1776199608.449,108.449,0.8,0.81,0.19,0.2,0.01,0.01,74333.15,1776199607000
1776199608.839,108.839,0.8,0.81,0.19,0.2,0.01,0.01,74333.15,1776199607000
1776199609.252,109.252,0.8,0.81,0.19,0.2,0.01,0.01,74333.19,1776199608000
1776199609.799,109.799,0.8,0.81,0.19,0.2,0.01,0.01,74333.19,1776199608000
1776199610.226,110.226,0.8,0.81,0.19,0.2,0.01,0.01,74333.11,1776199609000
1776199610.568,110.568,0.8,0.81,0.19,0.2,0.01,0.01,74333.11,1776199609000
1776199610.924,110.924,0.8,0.81,0.19,0.2,0.01,0.01,74333.11,1776199609000
1776199611.508,111.508,0.8,0.81,0.19,0.2,0.01,0.01,74333.11,1776199610000
1776199612.056,112.056,0.8,0.81,0.19,0.2,0.01,0.01,74333.11,1776199610000
1776199612.456,112.456,0.81,0.82,0.18,0.19,0.01,0.01,74331.1,1776199611000
1776199612.92,112.92,0.81,0.82,0.18,0.19,0.01,0.01,74331.1,1776199611000
1776199614.433,114.433,0.81,0.82,0.18,0.19,0.01,0.01,74331.08,1776199612000
1776199614.849,114.849,0.75,0.76,0.24,0.25,0.01,0.01,74333.08,1776199613000
1776199615.198,115.198,0.73,0.75,0.25,0.27,0.02,0.02,74333.08,1776199613000
1776199615.536,115.536,0.73,0.74,0.26,0.27,0.01,0.01,74333.08,1776199613000
1776199616.01,116.01,0.72,0.73,0.27,0.28,0.01,0.01,74333.07,1776199614000
1776199616.537,116.537,0.71,0.72,0.27,0.29,0.01,0.02,74324.77,1776199615000
1776199616.907,116.907,0.7,0.71,0.29,0.3,0.01,0.01,74324.77,1776199615000
1776199617.259,117.259,0.7,0.71,0.29,0.3,0.01,0.01,74324.77,1776199615000
1776199617.616,117.616,0.7,0.71,0.29,0.3,0.01,0.01,74324.77,1776199615000
1776199618.051,118.051,0.7,0.71,0.29,0.3,0.01,0.01,74324.77,1776199615000
1776199618.589,118.589,0.7,0.71,0.29,0.3,0.01,0.01,74324.77,1776199615000
1776199618.94,118.94,0.69,0.71,0.29,0.3,0.02,0.01,74324.77,1776199615000
1776199619.367,119.367,0.55,0.6,0.4,0.45,0.05,0.05,74324.77,1776199615000
1776199619.7,119.7,0.54,0.59,0.41,0.46,0.05,0.05,74324.77,1776199615000
1776199620.033,120.033,0.44,0.55,0.45,0.56,0.11,0.11,74324.77,1776199615000
1776199620.387,120.387,0.37,0.39,0.61,0.64,0.02,0.03,74324.77,1776199615000
1776199620.728,120.728,0.36,0.38,0.62,0.63,0.02,0.01,74324.77,1776199615000
1776199621.097,121.097,0.36,0.37,0.62,0.64,0.01,0.02,74324.77,1776199615000
1776199621.443,121.443,0.36,0.37,0.63,0.65,0.01,0.02,74324.77,1776199615000
1776199621.784,121.784,0.36,0.37,0.63,0.64,0.01,0.01,74324.77,1776199615000
1776199622.17,122.17,0.34,0.35,0.64,0.66,0.01,0.02,74324.77,1776199615000
1776199622.507,122.507,0.34,0.35,0.65,0.66,0.01,0.01,74324.77,1776199615000
1776199622.847,122.847,0.34,0.37,0.63,0.66,0.03,0.03,74324.77,1776199615000
1776199623.189,123.189,0.43,0.44,0.56,0.57,0.01,0.01,74324.77,1776199615000
1776199623.528,123.528,0.42,0.44,0.56,0.58,0.02,0.02,74242.97,1776199622000
1776199623.874,123.874,0.42,0.43,0.57,0.58,0.01,0.01,74242.97,1776199622000
1776199624.231,124.231,0.4,0.41,0.59,0.6,0.01,0.01,74242.97,1776199622000
1776199624.642,124.642,0.4,0.41,0.59,0.6,0.01,0.01,74242.97,1776199622000
1776199625.012,125.012,0.4,0.41,0.59,0.61,0.01,0.02,74253.67,1776199623000
1776199625.36,125.36,0.38,0.39,0.6,0.62,0.01,0.02,74253.67,1776199623000
1776199625.719,125.719,0.37,0.38,0.62,0.63,0.01,0.01,74256.35,1776199624000
1776199626.111,126.111,0.36,0.37,0.63,0.64,0.01,0.01,74256.35,1776199624000
1776199626.491,126.491,0.36,0.37,0.63,0.65,0.01,0.02,74256.35,1776199624000
1776199626.917,126.917,0.36,0.37,0.63,0.64,0.01,0.01,74257.24,1776199625000
1776199627.271,127.271,0.34,0.35,0.63,0.66,0.01,0.03,74258.8,1776199626000
1776199627.646,127.646,0.34,0.35,0.65,0.66,0.01,0.01,74258.8,1776199626000
1776199627.988,127.988,0.34,0.35,0.65,0.66,0.01,0.01,74258.8,1776199626000
1776199628.343,128.343,0.34,0.35,0.65,0.66,0.01,0.01,74258.8,1776199626000
1776199628.679,128.679,0.33,0.35,0.65,0.66,0.02,0.01,74258.8,1776199626000
1776199629.147,129.147,0.33,0.34,0.66,0.67,0.01,0.01,74258.72,1776199627000
1776199629.483,129.483,0.33,0.34,0.66,0.67,0.01,0.01,74258.72,1776199627000
1776199629.889,129.889,0.33,0.34,0.66,0.67,0.01,0.01,74258.72,1776199628000
1776199630.244,130.244,0.37,0.38,0.62,0.63,0.01,0.01,74258.72,1776199628000
1776199630.75,130.75,0.37,0.38,0.61,0.63,0.01,0.02,74258.76,1776199629000
1776199631.124,131.124,0.37,0.38,0.61,0.63,0.01,0.02,74258.76,1776199629000
1776199631.509,131.509,0.38,0.39,0.61,0.62,0.01,0.01,74258.76,1776199629000
1776199632.145,132.145,0.4,0.41,0.59,0.6,0.01,0.01,74258.76,1776199629000
1776199632.486,132.486,0.4,0.41,0.59,0.6,0.01,0.01,74260.36,1776199630000
1776199632.936,132.936,0.4,0.41,0.59,0.6,0.01,0.01,74260.36,1776199630000
1776199633.274,133.274,0.4,0.41,0.59,0.6,0.01,0.01,74268.06,1776199631000
1776199633.722,133.722,0.4,0.41,0.59,0.6,0.01,0.01,74268.06,1776199631000
1776199634.099,134.099,0.4,0.41,0.59,0.6,0.01,0.01,74268.06,1776199631000
1776199634.604,134.604,0.4,0.42,0.59,0.6,0.02,0.01,74269.14,1776199632000
1776199634.963,134.963,0.41,0.42,0.58,0.59,0.01,0.01,74269.14,1776199632000
1776199635.404,135.404,0.41,0.42,0.58,0.59,0.01,0.01,74269.26,1776199633000
1776199635.738,135.738,0.41,0.42,0.58,0.59,0.01,0.01,74269.26,1776199633000
1776199636.106,136.106,0.41,0.42,0.58,0.59,0.01,0.01,74269.19,1776199634000
1776199636.478,136.478,0.41,0.42,0.58,0.59,0.01,0.01,74269.19,1776199634000
1776199636.88,136.88,0.41,0.42,0.58,0.59,0.01,0.01,74269.19,1776199634000
1776199637.217,137.217,0.41,0.42,0.58,0.59,0.01,0.01,74269.2,1776199635000
1776199637.589,137.589,0.41,0.42,0.58,0.59,0.01,0.01,74269.2,1776199635000
1776199637.924,137.924,0.41,0.42,0.58,0.59,0.01,0.01,74269.2,1776199635000
1776199638.423,138.423,0.41,0.42,0.58,0.59,0.01,0.01,74269.21,1776199636000
1776199638.854,138.854,0.41,0.42,0.58,0.59,0.01,0.01,74269.21,1776199636000
1776199639.213,139.213,0.41,0.42,0.58,0.59,0.01,0.01,74269.22,1776199637000
1776199639.563,139.563,0.41,0.42,0.58,0.59,0.01,0.01,74269.22,1776199637000
1776199639.899,139.899,0.41,0.42,0.58,0.59,0.01,0.01,74268.78,1776199638000
1776199640.397,140.397,0.41,0.42,0.58,0.59,0.01,0.01,74268.78,1776199638000
1776199640.82,140.82,0.4,0.41,0.58,0.59,0.01,0.01,74268.78,1776199638000
1776199641.213,141.213,0.42,0.43,0.57,0.58,0.01,0.01,74269.02,1776199639000
1776199641.568,141.568,0.42,0.43,0.57,0.58,0.01,0.01,74269.02,1776199639000
1776199641.972,141.972,0.42,0.43,0.57,0.58,0.01,0.01,74269.02,1776199640000
1776199642.345,142.345,0.42,0.43,0.57,0.58,0.01,0.01,74269.02,1776199640000
1776199642.679,142.679,0.42,0.43,0.57,0.58,0.01,0.01,74269.02,1776199640000
1776199643.031,143.031,0.42,0.43,0.57,0.58,0.01,0.01,74269.16,1776199641000
1776199643.501,143.501,0.42,0.43,0.57,0.58,0.01,0.01,74269.16,1776199641000
1776199643.837,143.837,0.42,0.43,0.57,0.58,0.01,0.01,74269.15,1776199642000
1776199644.244,144.244,0.38,0.41,0.57,0.6,0.03,0.03,74269.15,1776199642000
1776199644.614,144.614,0.4,0.41,0.59,0.6,0.01,0.01,74266.49,1776199643000
1776199645.011,145.011,0.36,0.37,0.59,0.64,0.01,0.05,74266.49,1776199643000
1776199645.379,145.379,0.36,0.37,0.63,0.64,0.01,0.01,74256.58,1776199644000
1776199645.864,145.864,0.35,0.36,0.64,0.65,0.01,0.01,74256.58,1776199644000
1776199646.239,146.239,0.35,0.36,0.64,0.65,0.01,0.01,74250.26,1776199645000
1776199646.687,146.687,0.35,0.36,0.64,0.65,0.01,0.01,74250.26,1776199645000
1776199647.39,147.39,0.35,0.36,0.64,0.65,0.01,0.01,74250.26,1776199645000
1776199647.726,147.726,0.35,0.36,0.64,0.65,0.01,0.01,74250.26,1776199645000
1776199648.108,148.108,0.34,0.35,0.64,0.66,0.01,0.02,74246.33,1776199646000
1776199648.559,148.559,0.33,0.34,0.65,0.66,0.01,0.01,74246.33,1776199646000
1776199649.001,149.001,0.3,0.33,0.66,0.7,0.03,0.04,74245.6,1776199647000
1776199649.397,149.397,0.3,0.31,0.69,0.7,0.01,0.01,74245.6,1776199647000
1776199650.022,150.022,0.29,0.3,0.69,0.71,0.01,0.02,74245.6,1776199648000
1776199650.36,150.36,0.29,0.3,0.7,0.71,0.01,0.01,74244.85,1776199649000
1776199650.748,150.748,0.28,0.29,0.7,0.71,0.01,0.01,74244.85,1776199649000
1776199651.098,151.098,0.28,0.29,0.71,0.72,0.01,0.01,74244.85,1776199649000
1776199651.478,151.478,0.27,0.28,0.72,0.73,0.01,0.01,74244.85,1776199649000
1776199651.884,151.884,0.27,0.28,0.72,0.73,0.01,0.01,74244.85,1776199649000
1776199652.27,152.27,0.27,0.28,0.72,0.73,0.01,0.01,74233.99,1776199650000
1776199652.706,152.706,0.26,0.27,0.73,0.74,0.01,0.01,74233.99,1776199650000
1776199653.239,153.239,0.26,0.27,0.73,0.74,0.01,0.01,74234.05,1776199651000
1776199653.581,153.581,0.26,0.27,0.73,0.74,0.01,0.01,74234.05,1776199651000
1776199653.945,153.945,0.26,0.27,0.73,0.74,0.01,0.01,74229.05,1776199652000
1776199654.304,154.304,0.26,0.27,0.73,0.74,0.01,0.01,74229.05,1776199652000
1776199654.675,154.675,0.26,0.27,0.73,0.74,0.01,0.01,74229.05,1776199652000
1776199655.324,155.324,0.25,0.27,0.73,0.75,0.02,0.02,74229.19,1776199654000
1776199655.673,155.673,0.25,0.26,0.74,0.75,0.01,0.01,74229.19,1776199654000
1776199656.012,156.012,0.25,0.26,0.74,0.75,0.01,0.01,74231.61,1776199655000
1776199656.482,156.482,0.25,0.26,0.74,0.75,0.01,0.01,74231.61,1776199655000
1776199656.884,156.884,0.25,0.26,0.74,0.75,0.01,0.01,74231.61,1776199655000
1776199657.296,157.296,0.24,0.25,0.75,0.76,0.01,0.01,74231.61,1776199656000
1776199657.631,157.631,0.24,0.25,0.75,0.76,0.01,0.01,74231.61,1776199656000
1776199658.098,158.098,0.24,0.25,0.75,0.76,0.01,0.01,74231.61,1776199656000
1776199658.534,158.534,0.24,0.25,0.75,0.76,0.01,0.01,74231.71,1776199657000
1776199659.082,159.082,0.24,0.25,0.75,0.76,0.01,0.01,74231.71,1776199657000
1776199659.425,159.425,0.24,0.25,0.75,0.76,0.01,0.01,74231.71,1776199658000
1776199659.772,159.772,0.24,0.25,0.75,0.76,0.01,0.01,74231.71,1776199658000
1776199660.172,160.172,0.24,0.25,0.75,0.76,0.01,0.01,74231.74,1776199659000
1776199660.505,160.505,0.23,0.24,0.76,0.77,0.01,0.01,74231.74,1776199659000
1776199660.856,160.856,0.23,0.24,0.76,0.77,0.01,0.01,74231.74,1776199659000
1776199661.214,161.214,0.23,0.24,0.76,0.77,0.01,0.01,74231.99,1776199660000
1776199661.605,161.605,0.23,0.24,0.76,0.77,0.01,0.01,74231.99,1776199660000
1776199661.959,161.959,0.23,0.24,0.76,0.77,0.01,0.01,74231.99,1776199660000
1776199662.437,162.437,0.23,0.24,0.76,0.77,0.01,0.01,74232.49,1776199661000
1776199662.806,162.806,0.23,0.24,0.76,0.77,0.01,0.01,74232.49,1776199661000
1776199663.139,163.139,0.23,0.24,0.76,0.77,0.01,0.01,74232.49,1776199661000
1776199663.49,163.49,0.23,0.24,0.76,0.77,0.01,0.01,74233.12,1776199662000
1776199663.963,163.963,0.23,0.24,0.76,0.77,0.01,0.01,74233.12,1776199662000
1776199664.369,164.369,0.23,0.24,0.76,0.77,0.01,0.01,74233.12,1776199662000
1776199664.924,164.924,0.23,0.24,0.76,0.77,0.01,0.01,74233.17,1776199663000
1776199665.336,165.336,0.22,0.23,0.77,0.78,0.01,0.01,74233.28,1776199664000
1776199665.851,165.851,0.22,0.23,0.77,0.78,0.01,0.01,74233.28,1776199664000
1776199667.144,167.144,0.22,0.23,0.77,0.78,0.01,0.01,74233.17,1776199666000
1776199667.536,167.536,0.22,0.23,0.77,0.78,0.01,0.01,74233.17,1776199666000
1776199667.873,167.873,0.23,0.24,0.76,0.77,0.01,0.01,74233.17,1776199666000
1776199668.306,168.306,0.24,0.25,0.75,0.76,0.01,0.01,74233.17,1776199666000
1776199668.651,168.651,0.24,0.25,0.75,0.76,0.01,0.01,74233.02,1776199667000
1776199668.986,168.986,0.24,0.25,0.75,0.76,0.01,0.01,74233.02,1776199668000
1776199669.707,169.707,0.24,0.25,0.75,0.76,0.01,0.01,74233.02,1776199668000
1776199670.155,170.155,0.24,0.25,0.75,0.76,0.01,0.01,74233.02,1776199668000
1776199670.603,170.603,0.24,0.25,0.75,0.76,0.01,0.01,74234.89,1776199669000
1776199670.976,170.976,0.24,0.25,0.75,0.76,0.01,0.01,74234.89,1776199669000
1776199671.474,171.474,0.24,0.25,0.75,0.76,0.01,0.01,74234.89,1776199670000
1776199671.857,171.857,0.24,0.25,0.75,0.76,0.01,0.01,74234.89,1776199670000
1776199672.964,172.964,0.24,0.25,0.75,0.76,0.01,0.01,74234.73,1776199671000
1776199673.324,173.324,0.24,0.25,0.75,0.76,0.01,0.01,74234.77,1776199672000
1776199673.851,173.851,0.24,0.25,0.75,0.76,0.01,0.01,74234.77,1776199672000
1776199674.299,174.299,0.24,0.25,0.75,0.76,0.01,0.01,74234.87,1776199673000
1776199674.693,174.693,0.24,0.25,0.75,0.76,0.01,0.01,74234.87,1776199673000
1776199675.105,175.105,0.24,0.25,0.75,0.76,0.01,0.01,74234.87,1776199673000
1776199675.524,175.524,0.24,0.25,0.75,0.76,0.01,0.01,74234.94,1776199674000
1776199676.003,176.003,0.24,0.25,0.75,0.76,0.01,0.01,74234.94,1776199674000
1776199676.391,176.391,0.24,0.25,0.75,0.76,0.01,0.01,74234.94,1776199675000
1776199676.88,176.88,0.24,0.25,0.75,0.76,0.01,0.01,74234.94,1776199675000
1776199677.516,177.516,0.24,0.25,0.75,0.76,0.01,0.01,74235.57,1776199676000
1776199677.893,177.893,0.24,0.25,0.75,0.76,0.01,0.01,74235.57,1776199676000
1776199678.233,178.233,0.25,0.28,0.74,0.75,0.03,0.01,74235.65,1776199677000
1776199678.576,178.576,0.25,0.26,0.74,0.75,0.01,0.01,74235.65,1776199677000
1776199678.916,178.916,0.25,0.26,0.74,0.75,0.01,0.01,74235.65,1776199677000
1776199679.484,179.484,0.25,0.26,0.74,0.75,0.01,0.01,74237.24,1776199678000
1776199679.837,179.837,0.25,0.26,0.74,0.75,0.01,0.01,74237.24,1776199678000
1776199680.217,180.217,0.25,0.26,0.74,0.75,0.01,0.01,74237.24,1776199678000
1776199680.572,180.572,0.25,0.26,0.74,0.75,0.01,0.01,74237.99,1776199679000
1776199680.932,180.932,0.24,0.25,0.75,0.76,0.01,0.01,74237.99,1776199679000
1776199681.289,181.289,0.24,0.25,0.75,0.76,0.01,0.01,74237.99,1776199679000
1776199681.747,181.747,0.24,0.25,0.75,0.76,0.01,0.01,74238.01,1776199680000
1776199682.097,182.097,0.24,0.25,0.75,0.76,0.01,0.01,74237.99,1776199681000
1776199682.67,182.67,0.24,0.25,0.75,0.76,0.01,0.01,74237.99,1776199681000
1776199683.09,183.09,0.24,0.25,0.75,0.76,0.01,0.01,74237.99,1776199681000
1776199683.555,183.555,0.24,0.25,0.75,0.76,0.01,0.01,74237.99,1776199682000
1776199684.228,184.228,0.24,0.25,0.75,0.76,0.01,0.01,74237.99,1776199683000
1776199684.574,184.574,0.24,0.25,0.75,0.76,0.01,0.01,74237.99,1776199683000
1776199685.328,185.328,0.24,0.25,0.75,0.76,0.01,0.01,74237.99,1776199683000
1776199685.711,185.711,0.24,0.25,0.75,0.76,0.01,0.01,74237.99,1776199684000
1776199686.216,186.216,0.24,0.25,0.75,0.76,0.01,0.01,74237.99,1776199684000
1776199686.692,186.692,0.24,0.25,0.75,0.76,0.01,0.01,74238.04,1776199685000
1776199687.157,187.157,0.24,0.25,0.75,0.76,0.01,0.01,74238.0,1776199686000
1776199687.67,187.67,0.24,0.25,0.75,0.76,0.01,0.01,74238.0,1776199686000
1776199688.472,188.472,0.24,0.25,0.75,0.76,0.01,0.01,74238.15,1776199687000
1776199688.826,188.826,0.23,0.24,0.76,0.77,0.01,0.01,74238.15,1776199687000
1776199689.172,189.172,0.23,0.24,0.76,0.77,0.01,0.01,74238.15,1776199687000
1776199689.574,189.574,0.23,0.24,0.76,0.77,0.01,0.01,74238.15,1776199688000
1776199689.921,189.921,0.23,0.24,0.76,0.77,0.01,0.01,74238.15,1776199688000
1776199690.317,190.317,0.23,0.24,0.76,0.77,0.01,0.01,74238.15,1776199688000
1776199690.725,190.725,0.23,0.24,0.76,0.77,0.01,0.01,74238.06,1776199689000
1776199691.188,191.188,0.23,0.24,0.76,0.77,0.01,0.01,74238.06,1776199690000
1776199691.552,191.552,0.23,0.24,0.76,0.77,0.01,0.01,74238.06,1776199690000
1776199692.253,192.253,0.22,0.23,0.76,0.77,0.01,0.01,74238.06,1776199690000
1776199692.586,192.586,0.22,0.23,0.77,0.78,0.01,0.01,74238.0,1776199691000
1776199692.922,192.922,0.22,0.23,0.77,0.78,0.01,0.01,74238.0,1776199691000
1776199693.649,193.649,0.22,0.23,0.77,0.78,0.01,0.01,74238.0,1776199692000
1776199693.983,193.983,0.23,0.25,0.75,0.77,0.02,0.02,74238.0,1776199692000
1776199694.327,194.327,0.24,0.26,0.74,0.76,0.02,0.02,74238.0,1776199692000
1776199694.708,194.708,0.25,0.26,0.74,0.75,0.01,0.01,74238.03,1776199693000
1776199695.053,195.053,0.26,0.28,0.72,0.74,0.02,0.02,74238.03,1776199693000
1776199695.677,195.677,0.27,0.28,0.72,0.73,0.01,0.01,74238.03,1776199694000
1776199696.062,196.062,0.27,0.28,0.72,0.73,0.01,0.01,74238.03,1776199694000
1776199696.431,196.431,0.27,0.28,0.72,0.73,0.01,0.01,74246.04,1776199695000
1776199696.769,196.769,0.27,0.28,0.72,0.73,0.01,0.01,74246.04,1776199695000
1776199697.134,197.134,0.27,0.28,0.72,0.73,0.01,0.01,74247.91,1776199696000
1776199697.467,197.467,0.27,0.28,0.72,0.73,0.01,0.01,74247.91,1776199696000
1776199697.806,197.806,0.27,0.28,0.72,0.73,0.01,0.01,74247.91,1776199696000
1776199698.139,198.139,0.27,0.28,0.72,0.73,0.01,0.01,74247.91,1776199696000
1776199698.476,198.476,0.27,0.28,0.72,0.73,0.01,0.01,74251.71,1776199697000
1776199699.187,199.187,0.27,0.28,0.72,0.73,0.01,0.01,74251.71,1776199698000
1776199699.531,199.531,0.2,0.23,0.74,0.8,0.03,0.06,74251.71,1776199698000
1776199699.913,199.913,0.19,0.22,0.78,0.81,0.03,0.03,74251.71,1776199698000
1776199700.262,200.262,0.2,0.21,0.78,0.8,0.01,0.02,74251.71,1776199698000
1776199700.61,200.61,0.2,0.21,0.79,0.8,0.01,0.01,74251.71,1776199698000
1776199701.121,201.121,0.19,0.2,0.8,0.82,0.01,0.02,74251.77,1776199699000
1776199701.562,201.562,0.18,0.19,0.81,0.82,0.01,0.01,74251.77,1776199699000
1776199701.98,201.98,0.18,0.19,0.81,0.82,0.01,0.01,74239.94,1776199700000
1776199702.316,202.316,0.18,0.19,0.81,0.82,0.01,0.01,74238.19,1776199701000
1776199702.671,202.671,0.18,0.19,0.81,0.82,0.01,0.01,74238.19,1776199701000
1776199703.283,203.283,0.18,0.19,0.81,0.82,0.01,0.01,74238.19,1776199701000
1776199703.616,203.616,0.18,0.19,0.81,0.82,0.01,0.01,74238.27,1776199702000
1776199703.952,203.952,0.18,0.19,0.81,0.82,0.01,0.01,74238.27,1776199702000
1776199704.291,204.291,0.17,0.19,0.81,0.82,0.02,0.01,74238.27,1776199702000
1776199704.679,204.679,0.17,0.18,0.82,0.83,0.01,0.01,74236.8,1776199703000
1776199705.165,205.165,0.16,0.17,0.83,0.84,0.01,0.01,74236.8,1776199703000
1776199705.498,205.498,0.16,0.17,0.83,0.84,0.01,0.01,74235.8,1776199704000
1776199705.883,205.883,0.16,0.17,0.83,0.84,0.01,0.01,74235.8,1776199704000
1776199706.583,206.583,0.16,0.17,0.83,0.84,0.01,0.01,74234.76,1776199705000
1776199707.041,207.041,0.15,0.17,0.83,0.85,0.02,0.02,74230.61,1776199706000
1776199707.468,207.468,0.14,0.15,0.84,0.85,0.01,0.01,74230.61,1776199706000
1776199707.838,207.838,0.14,0.15,0.85,0.86,0.01,0.01,74230.61,1776199706000
1776199708.196,208.196,0.14,0.15,0.85,0.86,0.01,0.01,74229.62,1776199707000
1776199708.669,208.669,0.14,0.15,0.85,0.86,0.01,0.01,74229.62,1776199707000
1776199709.074,209.074,0.14,0.15,0.85,0.86,0.01,0.01,74229.62,1776199707000
1776199709.466,209.466,0.14,0.15,0.85,0.86,0.01,0.01,74229.62,1776199708000
1776199709.913,209.913,0.14,0.15,0.85,0.86,0.01,0.01,74229.62,1776199708000
1776199710.249,210.249,0.14,0.15,0.85,0.86,0.01,0.01,74228.97,1776199709000
1776199710.732,210.732,0.14,0.15,0.85,0.86,0.01,0.01,74228.97,1776199709000
1776199711.065,211.065,0.14,0.15,0.85,0.86,0.01,0.01,74228.97,1776199709000
1776199711.414,211.414,0.14,0.15,0.85,0.86,0.01,0.01,74229.51,1776199710000
1776199711.852,211.852,0.14,0.15,0.85,0.86,0.01,0.01,74229.51,1776199710000
1776199712.321,212.321,0.14,0.15,0.85,0.86,0.01,0.01,74229.06,1776199711000
1776199712.668,212.668,0.14,0.15,0.85,0.86,0.01,0.01,74229.06,1776199711000
1776199713.008,213.008,0.14,0.15,0.85,0.86,0.01,0.01,74229.06,1776199711000
1776199713.405,213.405,0.14,0.15,0.85,0.86,0.01,0.01,74229.01,1776199712000
1776199713.936,213.936,0.14,0.15,0.85,0.86,0.01,0.01,74229.01,1776199712000
1776199714.394,214.394,0.13,0.14,0.86,0.87,0.01,0.01,74229,1776199713000
1776199715.186,215.186,0.13,0.14,0.86,0.87,0.01,0.01,74229,1776199713000
1776199715.829,215.829,0.13,0.14,0.86,0.87,0.01,0.01,74229,1776199714000
1776199716.399,216.399,0.13,0.14,0.86,0.87,0.01,0.01,74229,1776199715000
1776199716.762,216.762,0.13,0.14,0.86,0.87,0.01,0.01,74229,1776199715000
1776199717.155,217.155,0.13,0.14,0.86,0.87,0.01,0.01,74229,1776199715000
1776199717.518,217.518,0.13,0.14,0.86,0.87,0.01,0.01,74229,1776199715000
1776199718.045,218.045,0.13,0.14,0.86,0.87,0.01,0.01,74228.68,1776199716000
1776199718.422,218.422,0.13,0.14,0.86,0.87,0.01,0.01,74228.68,1776199717000
1776199719.213,219.213,0.13,0.14,0.86,0.87,0.01,0.01,74229.26,1776199718000
1776199719.68,219.68,0.13,0.14,0.86,0.87,0.01,0.01,74229.26,1776199718000
1776199720.148,220.148,0.13,0.14,0.86,0.87,0.01,0.01,74229.26,1776199718000
1776199720.484,220.484,0.13,0.14,0.86,0.87,0.01,0.01,74229.26,1776199718000
1776199720.834,220.834,0.13,0.14,0.86,0.87,0.01,0.01,74229.26,1776199719000
1776199721.28,221.28,0.12,0.13,0.86,0.88,0.01,0.02,74229.4,1776199720000
1776199721.749,221.749,0.12,0.13,0.87,0.88,0.01,0.01,74229.4,1776199720000
1776199722.221,222.221,0.12,0.13,0.87,0.88,0.01,0.01,74229.4,1776199720000
1776199722.892,222.892,0.12,0.13,0.87,0.88,0.01,0.01,74229.4,1776199721000
1776199723.372,223.372,0.12,0.13,0.87,0.88,0.01,0.01,74227.98,1776199722000
1776199724.004,224.004,0.12,0.13,0.87,0.88,0.01,0.01,74227.98,1776199722000
1776199724.367,224.367,0.12,0.13,0.87,0.88,0.01,0.01,74227.98,1776199722000
1776199724.907,224.907,0.12,0.13,0.87,0.88,0.01,0.01,74228.48,1776199723000
1776199725.586,225.586,0.11,0.12,0.87,0.89,0.01,0.02,74228.48,1776199724000
1776199725.929,225.929,0.11,0.12,0.88,0.89,0.01,0.01,74228.48,1776199724000
1776199726.264,226.264,0.1,0.12,0.88,0.9,0.02,0.02,74228.3,1776199725000
1776199726.655,226.655,0.08,0.09,0.91,0.92,0.01,0.01,74228.3,1776199725000
1776199726.989,226.989,0.08,0.09,0.91,0.92,0.01,0.01,74228.3,1776199725000
1776199727.361,227.361,0.08,0.09,0.91,0.92,0.01,0.01,74228.3,1776199725000
1776199727.755,227.755,0.08,0.09,0.91,0.92,0.01,0.01,74228.25,1776199726000
1776199728.092,228.092,0.08,0.09,0.91,0.92,0.01,0.01,74225.84,1776199727000
1776199728.567,228.567,0.07,0.08,0.92,0.93,0.01,0.01,74225.84,1776199727000
1776199728.918,228.918,0.07,0.08,0.92,0.93,0.01,0.01,74225.84,1776199727000
1776199729.282,229.282,0.07,0.08,0.92,0.93,0.01,0.01,74217.23,1776199728000
1776199729.637,229.637,0.07,0.08,0.92,0.93,0.01,0.01,74217.23,1776199728000
1776199729.985,229.985,0.07,0.08,0.92,0.93,0.01,0.01,74217.23,1776199728000
1776199730.412,230.412,0.07,0.08,0.92,0.93,0.01,0.01,74217.23,1776199728000
1776199730.862,230.862,0.07,0.08,0.92,0.93,0.01,0.01,74217.23,1776199728000
1776199731.203,231.203,0.07,0.08,0.92,0.93,0.01,0.01,74217.42,1776199729000
1776199731.772,231.772,0.07,0.08,0.92,0.93,0.01,0.01,74217.46,1776199730000
1776199732.109,232.109,0.07,0.08,0.92,0.93,0.01,0.01,74217.46,1776199730000
1776199732.696,232.696,0.07,0.08,0.92,0.93,0.01,0.01,74217.46,1776199731000
1776199733.11,233.11,0.07,0.08,0.92,0.93,0.01,0.01,74217.46,1776199731000
1776199733.563,233.563,0.07,0.08,0.92,0.93,0.01,0.01,74217.87,1776199732000
1776199734.065,234.065,0.07,0.08,0.92,0.93,0.01,0.01,74217.87,1776199732000
1776199734.529,234.529,0.06,0.07,0.93,0.94,0.01,0.01,74217.53,1776199733000
1776199734.915,234.915,0.06,0.07,0.93,0.94,0.01,0.01,74217.53,1776199733000
1776199735.289,235.289,0.06,0.07,0.93,0.94,0.01,0.01,74216.85,1776199734000
1776199735.671,235.671,0.06,0.07,0.93,0.94,0.01,0.01,74216.85,1776199734000
1776199736.119,236.119,0.06,0.07,0.93,0.94,0.01,0.01,74216.85,1776199734000
1776199736.753,236.753,0.06,0.07,0.93,0.94,0.01,0.01,74217.1,1776199735000
1776199737.094,237.094,0.05,0.06,0.93,0.95,0.01,0.02,74217.1,1776199735000
1776199737.49,237.49,0.05,0.06,0.94,0.95,0.01,0.01,74217.09,1776199736000
1776199737.855,237.855,0.05,0.06,0.94,0.95,0.01,0.01,74217.09,1776199736000
1776199738.191,238.191,0.05,0.06,0.94,0.95,0.01,0.01,74217.1,1776199737000
1776199738.573,238.573,0.05,0.06,0.94,0.95,0.01,0.01,74217.1,1776199737000
1776199739.014,239.014,0.04,0.05,0.95,0.96,0.01,0.01,74217.1,1776199737000
1776199739.415,239.415,0.04,0.05,0.95,0.96,0.01,0.01,74217.38,1776199738000
1776199739.753,239.753,0.04,0.07,0.95,0.96,0.03,0.01,74217.38,1776199738000
1776199740.321,240.321,0.04,0.05,0.95,0.96,0.01,0.01,74217.34,1776199739000
1776199740.685,240.685,0.04,0.05,0.95,0.96,0.01,0.01,74217.34,1776199739000
1776199741.086,241.086,0.04,0.05,0.95,0.96,0.01,0.01,74217.38,1776199740000
1776199741.441,241.441,0.04,0.05,0.95,0.96,0.01,0.01,74217.38,1776199740000
1776199741.786,241.786,0.04,0.05,0.95,0.96,0.01,0.01,74217.38,1776199740000
1776199742.221,242.221,0.03,0.04,0.95,0.96,0.01,0.01,74217.15,1776199741000
1776199742.559,242.559,0.03,0.04,0.96,0.97,0.01,0.01,74217.15,1776199741000
1776199742.893,242.893,0.03,0.04,0.96,0.97,0.01,0.01,74217.15,1776199741000
1776199743.235,243.235,0.03,0.04,0.96,0.97,0.01,0.01,74217.07,1776199742000
1776199743.585,243.585,0.03,0.04,0.96,0.97,0.01,0.01,74217.07,1776199742000
1776199743.923,243.923,0.03,0.04,0.96,0.97,0.01,0.01,74217.07,1776199742000
1776199744.31,244.31,0.03,0.04,0.96,0.97,0.01,0.01,74217.07,1776199742000
1776199744.732,244.732,0.04,0.05,0.95,0.96,0.01,0.01,74217.07,1776199743000
1776199745.14,245.14,0.04,0.05,0.95,0.96,0.01,0.01,74217.07,1776199744000
1776199745.484,245.484,0.04,0.05,0.95,0.96,0.01,0.01,74217.07,1776199744000
1776199745.821,245.821,0.04,0.06,0.94,0.96,0.02,0.02,74217.07,1776199744000
1776199746.248,246.248,0.05,0.06,0.94,0.95,0.01,0.01,74217.07,1776199744000
1776199746.607,246.607,0.05,0.06,0.94,0.95,0.01,0.01,74217.08,1776199745000
1776199746.946,246.946,0.05,0.06,0.94,0.95,0.01,0.01,74217.08,1776199745000
1776199747.284,247.284,0.05,0.06,0.94,0.95,0.01,0.01,74220.44,1776199746000
1776199747.753,247.753,0.05,0.06,0.94,0.95,0.01,0.01,74220.44,1776199746000
1776199748.091,248.091,0.05,0.06,0.94,0.95,0.01,0.01,74220.44,1776199746000
1776199748.44,248.44,0.05,0.06,0.94,0.95,0.01,0.01,74220.44,1776199746000
1776199748.855,248.855,0.05,0.06,0.94,0.95,0.01,0.01,74223.88,1776199747000
1776199749.247,249.247,0.05,0.06,0.94,0.95,0.01,0.01,74226.51,1776199748000
1776199749.676,249.676,0.05,0.06,0.94,0.95,0.01,0.01,74226.51,1776199748000
1776199750.213,250.213,0.05,0.06,0.94,0.95,0.01,0.01,74226.67,1776199749000
1776199750.69,250.69,0.05,0.06,0.94,0.95,0.01,0.01,74226.67,1776199749000
1776199751.028,251.028,0.05,0.06,0.94,0.95,0.01,0.01,74226.67,1776199749000
1776199751.393,251.393,0.05,0.06,0.94,0.95,0.01,0.01,74226.67,1776199749000
1776199751.798,251.798,0.05,0.06,0.94,0.95,0.01,0.01,74226.53,1776199750000
1776199752.186,252.186,0.05,0.06,0.94,0.95,0.01,0.01,74226.53,1776199750000
1776199752.658,252.658,0.05,0.06,0.94,0.95,0.01,0.01,74226.53,1776199751000
1776199753.043,253.043,0.05,0.06,0.94,0.95,0.01,0.01,74226.53,1776199751000
1776199753.406,253.406,0.06,0.07,0.93,0.95,0.01,0.02,74226.53,1776199752000
1776199753.856,253.856,0.07,0.08,0.92,0.94,0.01,0.02,74226.53,1776199752000
1776199754.24,254.24,0.07,0.08,0.92,0.93,0.01,0.01,74226.53,1776199752000
1776199754.587,254.587,0.07,0.08,0.92,0.93,0.01,0.01,74227.43,1776199753000
1776199754.972,254.972,0.07,0.09,0.92,0.93,0.02,0.01,74227.43,1776199753000
1776199755.336,255.336,0.07,0.08,0.92,0.93,0.01,0.01,74229.59,1776199754000
1776199755.755,255.755,0.07,0.08,0.92,0.93,0.01,0.01,74229.59,1776199754000
1776199756.119,256.119,0.06,0.08,0.92,0.93,0.02,0.01,74229.59,1776199754000
1776199756.472,256.472,0.06,0.07,0.93,0.94,0.01,0.01,74234.25,1776199755000
1776199756.944,256.944,0.06,0.07,0.93,0.94,0.01,0.01,74234.25,1776199755000
1776199757.353,257.353,0.06,0.07,0.93,0.94,0.01,0.01,74234.25,1776199755000
1776199757.908,257.908,0.06,0.07,0.93,0.94,0.01,0.01,74236.1,1776199756000
1776199758.244,258.244,0.06,0.07,0.93,0.94,0.01,0.01,74236.1,1776199756000
1776199758.854,258.854,0.05,0.06,0.93,0.95,0.01,0.02,74236.16,1776199757000
1776199759.382,259.382,0.05,0.06,0.94,0.95,0.01,0.01,74236.16,1776199757000
1776199759.747,259.747,0.05,0.06,0.94,0.95,0.01,0.01,74236.17,1776199758000
1776199760.106,260.106,0.05,0.06,0.94,0.95,0.01,0.01,74236.17,1776199758000
1776199760.497,260.497,0.05,0.06,0.94,0.95,0.01,0.01,74236.17,1776199759000
1776199760.845,260.845,0.05,0.06,0.94,0.95,0.01,0.01,74236.17,1776199759000
1776199761.284,261.284,0.05,0.06,0.94,0.95,0.01,0.01,74236.17,1776199759000
1776199761.679,261.679,0.05,0.06,0.94,0.95,0.01,0.01,74236.11,1776199760000
1776199762.062,262.062,0.05,0.06,0.94,0.95,0.01,0.01,74236.11,1776199760000
1776199762.458,262.458,0.05,0.06,0.94,0.95,0.01,0.01,74236.14,1776199761000
1776199762.855,262.855,0.09,0.1,0.9,0.91,0.01,0.01,74236.14,1776199761000
1776199763.189,263.189,0.09,0.1,0.9,0.91,0.01,0.01,74236.14,1776199762000
1776199763.587,263.587,0.08,0.09,0.9,0.92,0.01,0.02,74236.14,1776199762000
1776199763.935,263.935,0.08,0.09,0.91,0.92,0.01,0.01,74236.14,1776199762000
1776199764.273,264.273,0.08,0.09,0.91,0.92,0.01,0.01,74237.59,1776199763000
1776199764.65,264.65,0.09,0.1,0.9,0.91,0.01,0.01,74237.59,1776199763000
1776199765.034,265.034,0.09,0.1,0.9,0.91,0.01,0.01,74240.62,1776199764000
1776199765.535,265.535,0.09,0.1,0.9,0.91,0.01,0.01,74240.62,1776199764000
1776199765.923,265.923,0.09,0.1,0.9,0.91,0.01,0.01,74240.62,1776199764000
1776199766.332,266.332,0.09,0.1,0.9,0.91,0.01,0.01,74243.97,1776199765000
1776199766.736,266.736,0.09,0.1,0.9,0.91,0.01,0.01,74243.97,1776199765000
1776199767.142,267.142,0.09,0.1,0.9,0.91,0.01,0.01,74250.37,1776199766000
1776199767.632,267.632,0.07,0.08,0.92,0.93,0.01,0.01,74250.37,1776199766000
1776199767.999,267.999,0.07,0.09,0.92,0.93,0.02,0.01,74250.37,1776199766000
1776199768.343,268.343,0.06,0.08,0.92,0.93,0.02,0.01,74250.59,1776199767000
1776199768.781,268.781,0.07,0.08,0.92,0.93,0.01,0.01,74250.59,1776199767000
1776199769.204,269.204,0.07,0.08,0.92,0.93,0.01,0.01,74250.59,1776199767000
1776199769.647,269.647,0.09,0.1,0.9,0.91,0.01,0.01,74250.57,1776199768000
1776199770.171,270.171,0.09,0.1,0.9,0.91,0.01,0.01,74250.57,1776199768000
1776199770.531,270.531,0.11,0.12,0.88,0.89,0.01,0.01,74250.57,1776199769000
1776199770.957,270.957,0.12,0.13,0.87,0.88,0.01,0.01,74250.57,1776199769000
1776199771.366,271.366,0.11,0.12,0.87,0.89,0.01,0.02,74250.98,1776199770000
1776199771.706,271.706,0.11,0.12,0.88,0.89,0.01,0.01,74250.98,1776199770000
1776199772.05,272.05,0.11,0.12,0.88,0.89,0.01,0.01,74250.98,1776199770000
1776199772.459,272.459,0.1,0.11,0.88,0.9,0.01,0.02,74253.51,1776199771000
1776199772.852,272.852,0.1,0.11,0.89,0.9,0.01,0.01,74253.51,1776199771000
1776199773.205,273.205,0.1,0.11,0.89,0.9,0.01,0.01,74253.51,1776199771000
1776199773.557,273.557,0.11,0.12,0.89,0.9,0.01,0.01,74255.55,1776199772000
1776199773.899,273.899,0.11,0.12,0.88,0.89,0.01,0.01,74255.55,1776199772000
1776199774.244,274.244,0.1,0.11,0.88,0.9,0.01,0.02,74255.55,1776199772000
1776199774.638,274.638,0.1,0.11,0.89,0.9,0.01,0.01,74256.14,1776199773000
1776199775.0,275.0,0.1,0.11,0.89,0.9,0.01,0.01,74256.63,1776199774000
1776199775.529,275.529,0.1,0.11,0.89,0.9,0.01,0.01,74256.63,1776199774000
1776199775.904,275.904,0.09,0.1,0.9,0.91,0.01,0.01,74256.63,1776199774000
1776199776.417,276.417,0.08,0.09,0.91,0.92,0.01,0.01,74256.63,1776199774000
1776199776.772,276.772,0.08,0.09,0.91,0.92,0.01,0.01,74256.61,1776199775000
1776199777.217,277.217,0.08,0.09,0.91,0.92,0.01,0.01,74256.61,1776199776000
1776199777.686,277.686,0.08,0.09,0.91,0.92,0.01,0.01,74256.61,1776199776000
1776199778.03,278.03,0.08,0.09,0.91,0.92,0.01,0.01,74256.7,1776199777000
1776199778.41,278.41,0.08,0.09,0.91,0.92,0.01,0.01,74256.7,1776199777000
1776199779.041,279.041,0.08,0.09,0.91,0.92,0.01,0.01,74256.7,1776199777000
1776199779.386,279.386,0.07,0.09,0.91,0.92,0.02,0.01,74256.7,1776199777000
1776199780.121,280.121,0.07,0.08,0.92,0.93,0.01,0.01,74256.7,1776199779000
1776199780.578,280.578,0.07,0.08,0.92,0.93,0.01,0.01,74256.7,1776199779000
1776199780.971,280.971,0.07,0.08,0.92,0.93,0.01,0.01,74256.7,1776199779000
1776199781.385,281.385,0.06,0.07,0.92,0.94,0.01,0.02,74256.61,1776199780000
1776199781.733,281.733,0.06,0.07,0.93,0.94,0.01,0.01,74256.61,1776199780000
1776199782.23,282.23,0.06,0.07,0.93,0.94,0.01,0.01,74256.61,1776199780000
1776199782.714,282.714,0.06,0.07,0.93,0.94,0.01,0.01,74256.63,1776199781000
1776199783.151,283.151,0.05,0.07,0.93,0.94,0.02,0.01,74256.63,1776199781000
1776199783.501,283.501,0.05,0.06,0.94,0.95,0.01,0.01,74256.61,1776199782000
1776199783.868,283.868,0.05,0.06,0.94,0.95,0.01,0.01,74256.61,1776199782000
1776199784.314,284.314,0.06,0.07,0.94,0.95,0.01,0.01,74256.51,1776199783000
1776199784.725,284.725,0.06,0.07,0.93,0.94,0.01,0.01,74256.51,1776199783000
1776199785.35,285.35,0.06,0.07,0.93,0.94,0.01,0.01,74256.51,1776199783000
1776199785.723,285.723,0.06,0.07,0.93,0.94,0.01,0.01,74256.61,1776199784000
1776199786.124,286.124,0.06,0.07,0.93,0.94,0.01,0.01,74258.04,1776199785000
1776199786.497,286.497,0.06,0.07,0.93,0.94,0.01,0.01,74258.04,1776199785000
1776199786.877,286.877,0.06,0.07,0.93,0.94,0.01,0.01,74258.04,1776199785000
1776199787.349,287.349,0.06,0.07,0.93,0.94,0.01,0.01,74260.15,1776199786000
1776199787.89,287.89,0.05,0.06,0.94,0.95,0.01,0.01,74260.15,1776199786000
1776199788.394,288.394,0.05,0.06,0.94,0.95,0.01,0.01,74260.23,1776199787000
1776199788.767,288.767,0.05,0.06,0.94,0.95,0.01,0.01,74260.23,1776199787000
1776199789.119,289.119,0.05,0.06,0.94,0.95,0.01,0.01,74260.15,1776199788000
1776199789.82,289.82,0.05,0.06,0.94,0.95,0.01,0.01,74260.15,1776199788000
1776199790.32,290.32,0.05,0.06,0.94,0.95,0.01,0.01,74260.1,1776199789000
1776199790.751,290.751,0.05,0.06,0.94,0.95,0.01,0.01,74260.1,1776199789000
1776199791.139,291.139,0.05,0.06,0.94,0.95,0.01,0.01,74260.1,1776199789000
1776199791.572,291.572,0.04,0.05,0.94,0.96,0.01,0.02,74260.11,1776199790000
1776199792.048,292.048,0.03,0.04,0.95,0.96,0.01,0.01,74260.11,1776199791000
1776199792.391,292.391,0.03,0.04,0.96,0.97,0.01,0.01,74260.11,1776199791000
1776199792.931,292.931,0.03,0.04,0.96,0.97,0.01,0.01,74260.11,1776199791000
1776199793.313,293.313,0.03,0.04,0.96,0.97,0.01,0.01,74260.16,1776199792000
1776199793.678,293.678,0.03,0.04,0.96,0.97,0.01,0.01,74260.16,1776199792000
1776199794.018,294.018,0.03,0.04,0.96,0.97,0.01,0.01,74260.16,1776199792000
1776199794.395,294.395,0.03,0.04,0.96,0.97,0.01,0.01,74260.16,1776199793000
1776199794.796,294.796,0.03,0.04,0.96,0.97,0.01,0.01,74260.16,1776199793000
1776199795.25,295.25,0.03,0.04,0.96,0.97,0.01,0.01,74260.16,1776199793000
1776199795.631,295.631,0.03,0.04,0.96,0.97,0.01,0.01,74260.27,1776199794000
1776199795.978,295.978,0.03,0.04,0.96,0.98,0.01,0.02,74260.27,1776199794000
1776199796.442,296.442,0.02,0.03,0.97,0.98,0.01,0.01,74260.27,1776199795000
1776199796.786,296.786,0.02,0.03,0.97,0.99,0.01,0.02,74260.27,1776199795000
1776199797.148,297.148,0.01,0.02,0.98,0.99,0.01,0.01,74260.28,1776199796000
1776199797.492,297.492,0.01,0.02,0.98,0.99,0.01,0.01,74260.28,1776199796000
1776199797.837,297.837,0.01,0.02,0.98,0.99,0.01,0.01,74260.28,1776199796000
1776199798.206,298.206,0.01,0.02,0.98,0.99,0.01,0.01,74260.28,1776199797000
1776199798.651,298.651,0.01,0.01,0.99,0.99,0.0,0.0,74260.28,1776199797000
1776199799.047,299.047,0.01,0.01,0.99,0.99,0.0,0.0,74260.28,1776199797000
1776199799.785,299.785,0.01,0.01,0.99,0.99,0.0,0.0,74260.28,1776199798000
1776199800.224,300.224,0.01,0.01,0.99,0.99,0.0,0.0,74260.28,1776199798000
1776199800.608,300.608,0.01,0.01,0.99,0.99,0.0,0.0,74260.35,1776199799000

# RESULT,winner=Down,slug=btc-updown-5m-1776199500,ticks=703
