timestamp,elapsed_sec,up_bid,up_ask,down_bid,down_ask,up_spread,down_spread,btc_price,btc_oracle_ts
1776207000.503,0.503,0.48,0.49,0.51,0.52,0.01,0.01,74048.66,1776206999000
1776207000.928,0.928,0.48,0.49,0.51,0.52,0.01,0.01,74048.66,1776206999000
1776207001.306,1.306,0.47,0.48,0.52,0.53,0.01,0.01,74048.66,1776206999000
1776207001.676,1.676,0.47,0.48,0.52,0.53,0.01,0.01,74048.89,1776207000000
1776207002.258,2.258,0.47,0.48,0.52,0.53,0.01,0.01,74048.89,1776207000000
1776207002.634,2.634,0.47,0.48,0.52,0.53,0.01,0.01,74046.19,1776207001000
1776207003.044,3.044,0.47,0.48,0.52,0.53,0.01,0.01,74046.19,1776207001000
1776207003.389,3.389,0.46,0.48,0.52,0.53,0.02,0.01,74046.38,1776207002000
1776207003.953,3.953,0.46,0.48,0.52,0.54,0.02,0.02,74046.38,1776207002000
1776207004.327,4.327,0.45,0.47,0.53,0.55,0.02,0.02,74045.34,1776207003000
1776207004.7,4.7,0.46,0.47,0.53,0.55,0.01,0.02,74045.34,1776207003000
1776207005.28,5.28,0.46,0.47,0.53,0.54,0.01,0.01,74045.34,1776207003000
1776207005.636,5.636,0.46,0.47,0.53,0.54,0.01,0.01,74045.34,1776207003000
1776207005.992,5.992,0.46,0.47,0.53,0.54,0.01,0.01,74038.62,1776207004000
1776207006.355,6.355,0.46,0.47,0.53,0.54,0.01,0.01,74041.02,1776207005000
1776207006.799,6.799,0.45,0.47,0.53,0.54,0.02,0.01,74041.02,1776207005000
1776207007.272,7.272,0.45,0.46,0.53,0.55,0.01,0.02,74041.02,1776207005000
1776207007.917,7.917,0.45,0.46,0.54,0.55,0.01,0.01,74040.71,1776207006000
1776207008.471,8.471,0.45,0.46,0.54,0.55,0.01,0.01,74040.69,1776207007000
1776207008.915,8.915,0.45,0.46,0.54,0.55,0.01,0.01,74040.69,1776207007000
1776207009.501,9.501,0.46,0.47,0.53,0.55,0.01,0.02,74040.69,1776207008000
1776207009.892,9.892,0.46,0.47,0.53,0.54,0.01,0.01,74040.69,1776207008000
1776207010.354,10.354,0.46,0.47,0.53,0.54,0.01,0.01,74040.79,1776207009000
1776207010.778,10.778,0.47,0.48,0.53,0.54,0.01,0.01,74040.79,1776207009000
1776207011.173,11.173,0.47,0.49,0.51,0.53,0.02,0.02,74041.78,1776207010000
1776207011.51,11.51,0.47,0.5,0.5,0.53,0.03,0.03,74041.78,1776207010000
1776207011.849,11.849,0.49,0.5,0.5,0.51,0.01,0.01,74041.78,1776207010000
1776207012.191,12.191,0.49,0.5,0.5,0.51,0.01,0.01,74043.65,1776207011000
1776207012.525,12.525,0.49,0.5,0.5,0.51,0.01,0.01,74043.65,1776207011000
1776207012.87,12.87,0.49,0.5,0.5,0.51,0.01,0.01,74043.65,1776207011000
1776207013.269,13.269,0.49,0.5,0.5,0.51,0.01,0.01,74043.65,1776207011000
1776207013.648,13.648,0.49,0.5,0.5,0.51,0.01,0.01,74044.84,1776207012000
1776207013.994,13.994,0.49,0.5,0.5,0.51,0.01,0.01,74044.84,1776207012000
1776207014.793,14.793,0.49,0.5,0.5,0.51,0.01,0.01,74048.12,1776207013000
1776207015.127,15.127,0.49,0.5,0.5,0.51,0.01,0.01,74048.12,1776207013000
1776207015.571,15.571,0.49,0.5,0.5,0.51,0.01,0.01,74048.77,1776207014000
1776207016.314,16.314,0.49,0.5,0.5,0.51,0.01,0.01,74048.77,1776207014000
1776207016.778,16.778,0.49,0.5,0.5,0.51,0.01,0.01,74049.57,1776207015000
1776207017.123,17.123,0.49,0.5,0.5,0.51,0.01,0.01,74048.77,1776207016000
1776207017.632,17.632,0.49,0.5,0.5,0.51,0.01,0.01,74048.77,1776207016000
1776207017.966,17.966,0.49,0.5,0.5,0.51,0.01,0.01,74049.58,1776207017000
1776207018.362,18.362,0.49,0.5,0.5,0.51,0.01,0.01,74049.58,1776207017000
1776207018.872,18.872,0.49,0.5,0.5,0.51,0.01,0.01,74049.58,1776207017000
1776207019.251,19.251,0.49,0.5,0.5,0.51,0.01,0.01,74049.58,1776207017000
1776207020.013,20.013,0.49,0.5,0.5,0.51,0.01,0.01,74049.65,1776207019000
1776207020.579,20.579,0.49,0.5,0.5,0.51,0.01,0.01,74049.65,1776207019000
1776207021.081,21.081,0.49,0.5,0.5,0.51,0.01,0.01,74049.68,1776207020000
1776207022.088,22.088,0.49,0.5,0.5,0.51,0.01,0.01,74049.68,1776207021000
1776207022.43,22.43,0.49,0.5,0.5,0.51,0.01,0.01,74049.68,1776207021000
1776207022.815,22.815,0.49,0.5,0.5,0.51,0.01,0.01,74049.68,1776207021000
1776207023.32,23.32,0.49,0.5,0.5,0.51,0.01,0.01,74050.69,1776207022000
1776207023.928,23.928,0.49,0.5,0.5,0.51,0.01,0.01,74050.69,1776207022000
1776207024.427,24.427,0.49,0.5,0.5,0.51,0.01,0.01,74052.53,1776207023000
1776207024.78,24.78,0.49,0.5,0.5,0.51,0.01,0.01,74052.53,1776207023000
1776207025.12,25.12,0.49,0.5,0.5,0.51,0.01,0.01,74051.91,1776207024000
1776207025.495,25.495,0.49,0.5,0.5,0.51,0.01,0.01,74051.91,1776207024000
1776207026.052,26.052,0.49,0.5,0.5,0.51,0.01,0.01,74051.91,1776207024000
1776207026.476,26.476,0.49,0.5,0.5,0.51,0.01,0.01,74051.62,1776207025000
1776207026.815,26.815,0.49,0.5,0.5,0.51,0.01,0.01,74051.62,1776207025000
1776207027.152,27.152,0.49,0.5,0.5,0.51,0.01,0.01,74051.7,1776207026000
1776207028.077,28.077,0.49,0.5,0.5,0.51,0.01,0.01,74051.7,1776207026000
1776207028.493,28.493,0.49,0.5,0.5,0.51,0.01,0.01,74051.7,1776207027000
1776207028.931,28.931,0.49,0.5,0.5,0.51,0.01,0.01,74051.7,1776207027000
1776207029.433,29.433,0.49,0.5,0.5,0.51,0.01,0.01,74051.7,1776207028000
1776207030.146,30.146,0.49,0.5,0.5,0.51,0.01,0.01,74051.8,1776207029000
1776207030.63,30.63,0.49,0.5,0.5,0.51,0.01,0.01,74051.8,1776207029000
1776207031.009,31.009,0.49,0.51,0.49,0.51,0.02,0.02,74051.8,1776207029000
1776207031.832,31.832,0.51,0.52,0.49,0.5,0.01,0.01,74051.8,1776207030000
1776207032.601,32.601,0.51,0.52,0.48,0.49,0.01,0.01,74051.8,1776207030000
1776207033.184,33.184,0.51,0.52,0.48,0.49,0.01,0.01,74055.72,1776207032000
1776207033.664,33.664,0.51,0.52,0.48,0.49,0.01,0.01,74055.72,1776207032000
1776207034.069,34.069,0.52,0.53,0.47,0.49,0.01,0.02,74055.72,1776207032000
1776207034.423,34.423,0.52,0.53,0.47,0.48,0.01,0.01,74056.24,1776207033000
1776207034.901,34.901,0.52,0.53,0.47,0.48,0.01,0.01,74055.87,1776207034000
1776207036.071,36.071,0.53,0.54,0.46,0.47,0.01,0.01,74055.87,1776207035000
1776207036.502,36.502,0.53,0.54,0.46,0.47,0.01,0.01,74055.87,1776207035000
1776207037.16,37.16,0.54,0.55,0.45,0.46,0.01,0.01,74056.25,1776207036000
1776207037.586,37.586,0.54,0.55,0.45,0.46,0.01,0.01,74056.25,1776207036000
1776207037.941,37.941,0.54,0.55,0.45,0.46,0.01,0.01,74056.25,1776207036000
1776207038.282,38.282,0.54,0.55,0.45,0.46,0.01,0.01,74056.45,1776207037000
1776207038.716,38.716,0.54,0.55,0.45,0.46,0.01,0.01,74056.45,1776207037000
1776207039.351,39.351,0.54,0.55,0.45,0.46,0.01,0.01,74056.67,1776207038000
1776207039.93,39.93,0.54,0.55,0.45,0.46,0.01,0.01,74056.67,1776207038000
1776207040.963,40.963,0.54,0.55,0.45,0.46,0.01,0.01,74056.69,1776207039000
1776207041.686,41.686,0.54,0.55,0.45,0.46,0.01,0.01,74057.19,1776207040000
1776207042.11,42.11,0.58,0.59,0.42,0.44,0.01,0.02,74057.19,1776207040000
1776207042.54,42.54,0.59,0.6,0.4,0.42,0.01,0.02,74057.19,1776207041000
1776207042.942,42.942,0.59,0.61,0.39,0.41,0.02,0.02,74057.19,1776207041000
1776207043.283,43.283,0.6,0.62,0.38,0.41,0.02,0.03,74062.44,1776207042000
1776207043.661,43.661,0.65,0.67,0.34,0.35,0.02,0.01,74062.44,1776207042000
1776207043.994,43.994,0.65,0.66,0.34,0.35,0.01,0.01,74062.44,1776207042000
1776207044.514,44.514,0.68,0.69,0.31,0.32,0.01,0.01,74071.94,1776207043000
1776207044.861,44.861,0.68,0.69,0.31,0.32,0.01,0.01,74071.94,1776207043000
1776207045.256,45.256,0.68,0.7,0.31,0.32,0.02,0.01,74071.94,1776207043000
1776207045.917,45.917,0.69,0.7,0.27,0.31,0.01,0.04,74080.33,1776207044000
1776207046.261,46.261,0.7,0.72,0.29,0.3,0.02,0.01,74082.74,1776207045000
1776207047.184,47.184,0.7,0.71,0.29,0.3,0.01,0.01,74082.74,1776207045000
1776207047.517,47.517,0.7,0.72,0.28,0.3,0.02,0.02,74082.74,1776207045000
1776207048.089,48.089,0.7,0.71,0.29,0.3,0.01,0.01,74086.63,1776207046000
1776207048.459,48.459,0.7,0.71,0.29,0.3,0.01,0.01,74087.55,1776207047000
1776207048.81,48.81,0.7,0.71,0.29,0.32,0.01,0.03,74087.55,1776207047000
1776207049.159,49.159,0.69,0.7,0.29,0.32,0.01,0.03,74087.55,1776207047000
1776207049.645,49.645,0.69,0.7,0.3,0.31,0.01,0.01,74087.84,1776207048000
1776207050.032,50.032,0.69,0.7,0.3,0.31,0.01,0.01,74087.84,1776207048000
1776207050.405,50.405,0.69,0.7,0.3,0.31,0.01,0.01,74087.84,1776207048000
1776207050.745,50.745,0.69,0.7,0.3,0.31,0.01,0.01,74085.46,1776207049000
1776207051.113,51.113,0.69,0.7,0.3,0.31,0.01,0.01,74081.77,1776207050000
1776207051.53,51.53,0.69,0.7,0.3,0.31,0.01,0.01,74081.77,1776207050000
1776207051.916,51.916,0.69,0.7,0.3,0.31,0.01,0.01,74081.77,1776207050000
1776207052.393,52.393,0.69,0.7,0.3,0.31,0.01,0.01,74081.13,1776207051000
1776207052.836,52.836,0.69,0.7,0.3,0.31,0.01,0.01,74081.13,1776207051000
1776207053.262,53.262,0.69,0.7,0.3,0.31,0.01,0.01,74081.13,1776207051000
1776207053.613,53.613,0.69,0.7,0.3,0.31,0.01,0.01,74079.51,1776207052000
1776207054.053,54.053,0.69,0.7,0.3,0.31,0.01,0.01,74079.51,1776207052000
1776207054.462,54.462,0.69,0.7,0.3,0.31,0.01,0.01,74079.5,1776207053000
1776207054.957,54.957,0.69,0.7,0.3,0.31,0.01,0.01,74079.46,1776207054000
1776207055.313,55.313,0.69,0.7,0.3,0.31,0.01,0.01,74079.46,1776207054000
1776207055.729,55.729,0.69,0.7,0.3,0.31,0.01,0.01,74079.46,1776207054000
1776207056.129,56.129,0.68,0.7,0.3,0.32,0.02,0.02,74079.45,1776207055000
1776207056.708,56.708,0.68,0.69,0.31,0.32,0.01,0.01,74079.45,1776207055000
1776207057.093,57.093,0.68,0.69,0.31,0.32,0.01,0.01,74079.62,1776207056000
1776207057.596,57.596,0.68,0.69,0.31,0.32,0.01,0.01,74079.62,1776207056000
1776207057.935,57.935,0.68,0.69,0.31,0.32,0.01,0.01,74079.62,1776207056000
1776207058.462,58.462,0.68,0.69,0.31,0.32,0.01,0.01,74079.66,1776207057000
1776207058.909,58.909,0.68,0.69,0.31,0.32,0.01,0.01,74079.66,1776207057000
1776207059.32,59.32,0.68,0.69,0.31,0.32,0.01,0.01,74079.64,1776207058000
1776207059.675,59.675,0.68,0.69,0.31,0.32,0.01,0.01,74079.64,1776207058000
1776207060.293,60.293,0.68,0.69,0.31,0.32,0.01,0.01,74079.64,1776207058000
1776207060.764,60.764,0.68,0.69,0.31,0.32,0.01,0.01,74079.64,1776207059000
1776207061.138,61.138,0.68,0.69,0.31,0.32,0.01,0.01,74079.64,1776207059000
1776207061.6,61.6,0.68,0.69,0.31,0.32,0.01,0.01,74079.62,1776207060000
1776207061.97,61.97,0.68,0.69,0.31,0.32,0.01,0.01,74079.62,1776207060000
1776207062.324,62.324,0.68,0.69,0.31,0.32,0.01,0.01,74079.42,1776207061000
1776207062.827,62.827,0.68,0.69,0.31,0.32,0.01,0.01,74079.42,1776207061000
1776207063.177,63.177,0.68,0.69,0.31,0.32,0.01,0.01,74079.42,1776207061000
1776207063.789,63.789,0.68,0.69,0.31,0.32,0.01,0.01,74079.39,1776207062000
1776207064.134,64.134,0.68,0.69,0.31,0.32,0.01,0.01,74079.39,1776207062000
1776207064.624,64.624,0.68,0.7,0.3,0.32,0.02,0.02,74079.43,1776207063000
1776207064.987,64.987,0.7,0.72,0.28,0.3,0.02,0.02,74079.43,1776207064000
1776207065.879,65.879,0.72,0.74,0.26,0.28,0.02,0.02,74079.43,1776207064000
1776207066.219,66.219,0.73,0.75,0.25,0.27,0.02,0.02,74079.43,1776207064000
1776207066.575,66.575,0.72,0.73,0.27,0.28,0.01,0.01,74091.66,1776207065000
1776207066.942,66.942,0.74,0.75,0.25,0.26,0.01,0.01,74091.66,1776207065000
1776207067.282,67.282,0.74,0.75,0.25,0.26,0.01,0.01,74091.66,1776207065000
1776207067.706,67.706,0.75,0.76,0.24,0.25,0.01,0.01,74099.44,1776207066000
1776207068.051,68.051,0.75,0.76,0.24,0.25,0.01,0.01,74099.44,1776207066000
1776207068.461,68.461,0.76,0.77,0.23,0.24,0.01,0.01,74099.51,1776207067000
1776207068.819,68.819,0.76,0.77,0.23,0.24,0.01,0.01,74099.51,1776207067000
1776207069.181,69.181,0.76,0.77,0.23,0.24,0.01,0.01,74099.51,1776207067000
1776207069.636,69.636,0.76,0.77,0.23,0.24,0.01,0.01,74099.51,1776207068000
1776207070.033,70.033,0.76,0.77,0.23,0.24,0.01,0.01,74099.51,1776207068000
1776207070.4,70.4,0.77,0.78,0.22,0.23,0.01,0.01,74099.51,1776207068000
1776207070.748,70.748,0.77,0.78,0.22,0.23,0.01,0.01,74099.52,1776207069000
1776207071.155,71.155,0.78,0.79,0.21,0.22,0.01,0.01,74099.52,1776207070000
1776207071.551,71.551,0.78,0.79,0.21,0.22,0.01,0.01,74099.52,1776207070000
1776207072.088,72.088,0.78,0.79,0.21,0.22,0.01,0.01,74099.52,1776207070000
1776207072.552,72.552,0.78,0.79,0.21,0.22,0.01,0.01,74099.52,1776207070000
1776207073.062,73.062,0.78,0.79,0.21,0.22,0.01,0.01,74099.52,1776207071000
1776207074.029,74.029,0.78,0.79,0.21,0.22,0.01,0.01,74099.55,1776207072000
1776207074.403,74.403,0.78,0.79,0.21,0.22,0.01,0.01,74099.55,1776207073000
1776207074.81,74.81,0.78,0.79,0.21,0.22,0.01,0.01,74099.55,1776207073000
1776207075.177,75.177,0.78,0.79,0.21,0.22,0.01,0.01,74099.55,1776207073000
1776207075.63,75.63,0.78,0.79,0.21,0.22,0.01,0.01,74099.57,1776207074000
1776207076.046,76.046,0.78,0.79,0.21,0.22,0.01,0.01,74099.57,1776207074000
1776207076.457,76.457,0.78,0.79,0.21,0.22,0.01,0.01,74099.57,1776207074000
1776207077.05,77.05,0.78,0.79,0.21,0.22,0.01,0.01,74099.77,1776207076000
1776207077.457,77.457,0.78,0.79,0.21,0.22,0.01,0.01,74099.77,1776207076000
1776207077.88,77.88,0.77,0.78,0.22,0.23,0.01,0.01,74099.77,1776207076000
1776207078.509,78.509,0.77,0.78,0.22,0.23,0.01,0.01,74099.77,1776207076000
1776207078.982,78.982,0.77,0.78,0.22,0.23,0.01,0.01,74099.75,1776207077000
1776207079.33,79.33,0.77,0.78,0.22,0.23,0.01,0.01,74099.75,1776207078000
1776207080.111,80.111,0.76,0.78,0.22,0.23,0.02,0.01,74099.75,1776207078000
1776207080.449,80.449,0.76,0.77,0.22,0.24,0.01,0.02,74095.74,1776207079000
1776207080.788,80.788,0.76,0.77,0.23,0.24,0.01,0.01,74095.74,1776207079000
1776207081.277,81.277,0.76,0.77,0.23,0.24,0.01,0.01,74095.74,1776207079000
1776207081.612,81.612,0.76,0.77,0.23,0.24,0.01,0.01,74095.89,1776207080000
1776207081.971,81.971,0.76,0.77,0.23,0.24,0.01,0.01,74095.89,1776207080000
1776207082.305,82.305,0.76,0.77,0.23,0.24,0.01,0.01,74095.89,1776207080000
1776207082.656,82.656,0.76,0.77,0.23,0.24,0.01,0.01,74095.27,1776207081000
1776207083.146,83.146,0.76,0.77,0.23,0.24,0.01,0.01,74095.27,1776207081000
1776207083.669,83.669,0.76,0.77,0.23,0.24,0.01,0.01,74093.98,1776207082000
1776207084.032,84.032,0.76,0.77,0.23,0.24,0.01,0.01,74093.97,1776207083000
1776207085.002,85.002,0.76,0.77,0.23,0.24,0.01,0.01,74093.97,1776207083000
1776207085.371,85.371,0.76,0.77,0.23,0.24,0.01,0.01,74093.96,1776207084000
1776207085.784,85.784,0.75,0.76,0.24,0.25,0.01,0.01,74093.96,1776207084000
1776207086.127,86.127,0.75,0.76,0.24,0.25,0.01,0.01,74093.96,1776207085000
1776207086.464,86.464,0.75,0.76,0.24,0.25,0.01,0.01,74093.96,1776207085000
1776207086.889,86.889,0.75,0.76,0.24,0.25,0.01,0.01,74093.96,1776207085000
1776207087.341,87.341,0.75,0.76,0.24,0.25,0.01,0.01,74094.0,1776207086000
1776207087.814,87.814,0.75,0.76,0.24,0.25,0.01,0.01,74094.0,1776207086000
1776207088.25,88.25,0.75,0.76,0.24,0.25,0.01,0.01,74092.51,1776207087000
1776207088.592,88.592,0.74,0.75,0.25,0.26,0.01,0.01,74092.51,1776207087000
1776207089.204,89.204,0.74,0.75,0.25,0.26,0.01,0.01,74091.56,1776207088000
1776207089.657,89.657,0.73,0.74,0.26,0.27,0.01,0.01,74091.56,1776207088000
1776207090.17,90.17,0.73,0.74,0.26,0.27,0.01,0.01,74091.56,1776207088000
1776207090.545,90.545,0.73,0.74,0.26,0.27,0.01,0.01,74088.76,1776207089000
1776207090.974,90.974,0.73,0.74,0.26,0.27,0.01,0.01,74088.76,1776207089000
1776207091.35,91.35,0.73,0.74,0.26,0.27,0.01,0.01,74085.46,1776207090000
1776207091.702,91.702,0.73,0.74,0.26,0.27,0.01,0.01,74085.46,1776207090000
1776207092.238,92.238,0.73,0.74,0.26,0.27,0.01,0.01,74085.43,1776207091000
1776207092.636,92.636,0.73,0.74,0.26,0.27,0.01,0.01,74085.43,1776207091000
1776207093.157,93.157,0.73,0.74,0.26,0.27,0.01,0.01,74085.43,1776207091000
1776207094.043,94.043,0.73,0.74,0.26,0.27,0.01,0.01,74085.39,1776207092000
1776207094.515,94.515,0.73,0.74,0.26,0.27,0.01,0.01,74085.39,1776207093000
1776207095.007,95.007,0.73,0.74,0.26,0.27,0.01,0.01,74085.39,1776207093000
1776207095.786,95.786,0.73,0.74,0.26,0.27,0.01,0.01,74085.39,1776207094000
1776207096.122,96.122,0.73,0.74,0.26,0.27,0.01,0.01,74085.55,1776207095000
1776207096.645,96.645,0.73,0.74,0.26,0.27,0.01,0.01,74085.55,1776207095000
1776207097.354,97.354,0.73,0.74,0.26,0.27,0.01,0.01,74085.2,1776207096000
1776207097.983,97.983,0.73,0.74,0.26,0.27,0.01,0.01,74085.2,1776207097000
1776207098.523,98.523,0.73,0.74,0.26,0.27,0.01,0.01,74085.2,1776207097000
1776207099.174,99.174,0.73,0.74,0.26,0.27,0.01,0.01,74085.2,1776207098000
1776207100.354,100.354,0.73,0.74,0.26,0.27,0.01,0.01,74085.2,1776207099000
1776207100.995,100.995,0.73,0.74,0.26,0.27,0.01,0.01,74085.22,1776207100000
1776207101.957,101.957,0.73,0.74,0.26,0.27,0.01,0.01,74085.22,1776207100000
1776207102.352,102.352,0.73,0.74,0.26,0.27,0.01,0.01,74085.22,1776207101000
1776207103.035,103.035,0.73,0.74,0.26,0.27,0.01,0.01,74085.22,1776207101000
1776207103.398,103.398,0.73,0.74,0.26,0.27,0.01,0.01,74085.2,1776207102000
1776207103.838,103.838,0.74,0.75,0.26,0.27,0.01,0.01,74085.2,1776207102000
1776207104.24,104.24,0.74,0.75,0.25,0.26,0.01,0.01,74085.2,1776207102000
1776207104.617,104.617,0.74,0.75,0.25,0.26,0.01,0.01,74085.31,1776207103000
1776207105.007,105.007,0.74,0.75,0.25,0.26,0.01,0.01,74085.5,1776207104000
1776207105.419,105.419,0.75,0.76,0.24,0.26,0.01,0.02,74085.5,1776207104000
1776207105.874,105.874,0.75,0.76,0.24,0.25,0.01,0.01,74085.5,1776207104000
1776207106.214,106.214,0.75,0.76,0.24,0.25,0.01,0.01,74085.5,1776207104000
1776207106.633,106.633,0.75,0.77,0.24,0.25,0.02,0.01,74086.96,1776207105000
1776207107.015,107.015,0.76,0.77,0.23,0.24,0.01,0.01,74086.96,1776207105000
1776207107.399,107.399,0.77,0.78,0.22,0.23,0.01,0.01,74086.96,1776207105000
1776207107.755,107.755,0.77,0.78,0.22,0.23,0.01,0.01,74087.04,1776207106000
1776207108.238,108.238,0.77,0.78,0.22,0.23,0.01,0.01,74087.04,1776207107000
1776207108.594,108.594,0.77,0.78,0.22,0.23,0.01,0.01,74087.04,1776207107000
1776207108.974,108.974,0.77,0.78,0.22,0.23,0.01,0.01,74092.19,1776207108000
1776207109.392,109.392,0.77,0.78,0.22,0.23,0.01,0.01,74092.19,1776207108000
1776207109.918,109.918,0.77,0.78,0.22,0.23,0.01,0.01,74092.19,1776207108000
1776207111.068,111.068,0.77,0.78,0.22,0.23,0.01,0.01,74093.77,1776207110000
1776207111.491,111.491,0.77,0.79,0.22,0.23,0.02,0.01,74093.77,1776207110000
1776207111.834,111.834,0.78,0.8,0.21,0.22,0.02,0.01,74093.77,1776207110000
1776207112.315,112.315,0.79,0.8,0.2,0.22,0.01,0.02,74093.95,1776207111000
1776207112.711,112.711,0.79,0.8,0.2,0.21,0.01,0.01,74093.95,1776207111000
1776207113.131,113.131,0.79,0.8,0.2,0.21,0.01,0.01,74093.95,1776207112000
1776207113.505,113.505,0.79,0.8,0.2,0.21,0.01,0.01,74093.95,1776207112000
1776207114.055,114.055,0.79,0.8,0.2,0.21,0.01,0.01,74095.77,1776207113000
1776207114.391,114.391,0.79,0.8,0.2,0.21,0.01,0.01,74095.77,1776207113000
1776207114.774,114.774,0.79,0.8,0.2,0.21,0.01,0.01,74095.77,1776207113000
1776207115.215,115.215,0.8,0.81,0.19,0.2,0.01,0.01,74096.96,1776207114000
1776207115.641,115.641,0.81,0.82,0.18,0.2,0.01,0.02,74096.96,1776207114000
1776207116.115,116.115,0.81,0.83,0.17,0.19,0.02,0.02,74100.08,1776207115000
1776207116.544,116.544,0.83,0.84,0.16,0.18,0.01,0.02,74100.08,1776207115000
1776207117.039,117.039,0.83,0.84,0.16,0.17,0.01,0.01,74100.08,1776207115000
1776207117.508,117.508,0.83,0.84,0.16,0.17,0.01,0.01,74109.26,1776207116000
1776207117.928,117.928,0.83,0.84,0.16,0.17,0.01,0.01,74109.26,1776207116000
1776207118.267,118.267,0.83,0.84,0.16,0.17,0.01,0.01,74110.9,1776207117000
1776207118.638,118.638,0.83,0.84,0.16,0.17,0.01,0.01,74110.9,1776207117000
1776207119.077,119.077,0.83,0.84,0.16,0.17,0.01,0.01,74110.9,1776207117000
1776207119.452,119.452,0.84,0.85,0.15,0.17,0.01,0.02,74110.9,1776207118000
1776207119.798,119.798,0.84,0.85,0.15,0.16,0.01,0.01,74110.9,1776207118000
1776207120.156,120.156,0.84,0.85,0.15,0.16,0.01,0.01,74110.9,1776207118000
1776207120.506,120.506,0.84,0.85,0.15,0.16,0.01,0.01,74110.9,1776207118000
1776207120.881,120.881,0.84,0.85,0.15,0.16,0.01,0.01,74110.9,1776207118000
1776207121.269,121.269,0.84,0.85,0.15,0.16,0.01,0.01,74110.9,1776207118000
1776207121.82,121.82,0.84,0.85,0.15,0.16,0.01,0.01,74110.34,1776207119000
1776207122.153,122.153,0.84,0.85,0.15,0.16,0.01,0.01,74121.12,1776207120000
1776207122.567,122.567,0.84,0.85,0.15,0.16,0.01,0.01,74121.12,1776207120000
1776207123.04,123.04,0.84,0.85,0.15,0.16,0.01,0.01,74123.22,1776207121000
1776207123.374,123.374,0.84,0.85,0.15,0.16,0.01,0.01,74123.22,1776207121000
1776207123.722,123.722,0.84,0.85,0.15,0.16,0.01,0.01,74124.26,1776207122000
1776207124.236,124.236,0.84,0.85,0.15,0.16,0.01,0.01,74124.26,1776207122000
1776207124.742,124.742,0.84,0.85,0.15,0.16,0.01,0.01,74120.01,1776207123000
1776207125.11,125.11,0.84,0.85,0.15,0.16,0.01,0.01,74120.01,1776207123000
1776207125.683,125.683,0.84,0.85,0.15,0.16,0.01,0.01,74114.75,1776207124000
1776207126.142,126.142,0.84,0.85,0.15,0.16,0.01,0.01,74114.75,1776207124000
1776207126.483,126.483,0.84,0.85,0.15,0.16,0.01,0.01,74114.79,1776207125000
1776207126.974,126.974,0.84,0.85,0.15,0.16,0.01,0.01,74114.79,1776207125000
1776207127.549,127.549,0.84,0.85,0.15,0.16,0.01,0.01,74114.79,1776207125000
1776207128.118,128.118,0.84,0.85,0.15,0.16,0.01,0.01,74115.73,1776207126000
1776207128.703,128.703,0.84,0.85,0.15,0.16,0.01,0.01,74115.75,1776207127000
1776207129.148,129.148,0.84,0.85,0.15,0.16,0.01,0.01,74115.75,1776207127000
1776207129.568,129.568,0.84,0.85,0.15,0.16,0.01,0.01,74115.75,1776207127000
1776207130.309,130.309,0.84,0.85,0.15,0.16,0.01,0.01,74115.86,1776207128000
1776207131.154,131.154,0.84,0.85,0.15,0.16,0.01,0.01,74115.86,1776207129000
1776207131.664,131.664,0.84,0.85,0.15,0.16,0.01,0.01,74115.86,1776207129000
1776207131.997,131.997,0.84,0.85,0.15,0.16,0.01,0.01,74115.84,1776207130000
1776207132.35,132.35,0.83,0.84,0.16,0.17,0.01,0.01,74115.5,1776207131000
1776207132.777,132.777,0.82,0.83,0.17,0.18,0.01,0.01,74115.5,1776207131000
1776207133.128,133.128,0.81,0.82,0.18,0.19,0.01,0.01,74115.46,1776207132000
1776207133.645,133.645,0.81,0.82,0.18,0.19,0.01,0.01,74115.46,1776207132000
1776207134.145,134.145,0.81,0.82,0.18,0.19,0.01,0.01,74115.46,1776207132000
1776207134.542,134.542,0.81,0.82,0.18,0.19,0.01,0.01,74106.51,1776207133000
1776207135.134,135.134,0.81,0.82,0.18,0.19,0.01,0.01,74106.51,1776207133000
1776207135.569,135.569,0.81,0.82,0.18,0.19,0.01,0.01,74103.22,1776207134000
1776207135.914,135.914,0.81,0.82,0.18,0.19,0.01,0.01,74103.22,1776207134000
1776207136.269,136.269,0.81,0.82,0.18,0.19,0.01,0.01,74103.22,1776207134000
1776207136.727,136.727,0.81,0.82,0.18,0.19,0.01,0.01,74102.89,1776207135000
1776207137.096,137.096,0.81,0.82,0.18,0.19,0.01,0.01,74102.89,1776207135000
1776207137.436,137.436,0.81,0.82,0.18,0.19,0.01,0.01,74101.57,1776207136000
1776207137.787,137.787,0.81,0.82,0.18,0.19,0.01,0.01,74101.57,1776207136000
1776207138.137,138.137,0.81,0.82,0.18,0.19,0.01,0.01,74101.57,1776207136000
1776207138.494,138.494,0.81,0.82,0.18,0.19,0.01,0.01,74101.09,1776207137000
1776207139.111,139.111,0.81,0.82,0.18,0.19,0.01,0.01,74101.09,1776207137000
1776207139.467,139.467,0.81,0.82,0.18,0.19,0.01,0.01,74100.76,1776207138000
1776207140.036,140.036,0.81,0.82,0.18,0.19,0.01,0.01,74100.42,1776207139000
1776207140.504,140.504,0.81,0.82,0.18,0.19,0.01,0.01,74100.42,1776207139000
1776207140.998,140.998,0.81,0.82,0.18,0.19,0.01,0.01,74100.42,1776207140000
1776207141.479,141.479,0.81,0.82,0.18,0.19,0.01,0.01,74100.42,1776207140000
1776207141.827,141.827,0.81,0.82,0.18,0.19,0.01,0.01,74100.42,1776207140000
1776207142.276,142.276,0.81,0.82,0.18,0.19,0.01,0.01,74100.86,1776207141000
1776207142.618,142.618,0.81,0.82,0.18,0.19,0.01,0.01,74100.86,1776207141000
1776207142.989,142.989,0.81,0.82,0.18,0.19,0.01,0.01,74100.86,1776207141000
1776207143.324,143.324,0.81,0.82,0.18,0.19,0.01,0.01,74100.79,1776207142000
1776207143.679,143.679,0.81,0.82,0.18,0.19,0.01,0.01,74100.79,1776207142000
1776207144.074,144.074,0.81,0.82,0.18,0.19,0.01,0.01,74100.79,1776207142000
1776207144.516,144.516,0.81,0.82,0.18,0.19,0.01,0.01,74099.99,1776207143000
1776207144.859,144.859,0.81,0.82,0.18,0.19,0.01,0.01,74099.99,1776207143000
1776207145.22,145.22,0.81,0.82,0.18,0.19,0.01,0.01,74098.91,1776207144000
1776207145.609,145.609,0.81,0.82,0.18,0.19,0.01,0.01,74098.91,1776207144000
1776207146.047,146.047,0.81,0.82,0.18,0.19,0.01,0.01,74098.91,1776207144000
1776207146.499,146.499,0.82,0.83,0.16,0.19,0.01,0.03,74098.91,1776207145000
1776207146.857,146.857,0.82,0.83,0.17,0.18,0.01,0.01,74098.91,1776207145000
1776207147.31,147.31,0.83,0.84,0.16,0.17,0.01,0.01,74098.91,1776207145000
1776207147.668,147.668,0.83,0.84,0.16,0.17,0.01,0.01,74099.1,1776207146000
1776207148.018,148.018,0.83,0.84,0.16,0.17,0.01,0.01,74099.51,1776207147000
1776207148.402,148.402,0.83,0.84,0.16,0.17,0.01,0.01,74099.51,1776207147000
1776207148.861,148.861,0.83,0.84,0.16,0.17,0.01,0.01,74101.68,1776207148000
1776207149.861,149.861,0.83,0.84,0.16,0.17,0.01,0.01,74102.02,1776207149000
1776207150.347,150.347,0.83,0.84,0.16,0.17,0.01,0.01,74102.02,1776207149000
1776207151.079,151.079,0.83,0.84,0.16,0.17,0.01,0.01,74102.02,1776207149000
1776207151.413,151.413,0.83,0.84,0.16,0.17,0.01,0.01,74102.74,1776207150000
1776207151.958,151.958,0.83,0.84,0.16,0.17,0.01,0.01,74102.74,1776207150000
1776207152.319,152.319,0.83,0.84,0.16,0.17,0.01,0.01,74102.77,1776207151000
1776207153.076,153.076,0.83,0.84,0.16,0.17,0.01,0.01,74102.77,1776207151000
1776207154.262,154.262,0.83,0.84,0.16,0.17,0.01,0.01,74102.89,1776207153000
1776207154.94,154.94,0.83,0.84,0.16,0.17,0.01,0.01,74102.89,1776207153000
1776207155.425,155.425,0.83,0.85,0.16,0.17,0.02,0.01,74102.76,1776207154000
1776207155.795,155.795,0.83,0.84,0.16,0.17,0.01,0.01,74102.76,1776207154000
1776207156.164,156.164,0.82,0.83,0.16,0.17,0.01,0.01,74102.76,1776207154000
1776207156.57,156.57,0.82,0.83,0.17,0.18,0.01,0.01,74102.78,1776207155000
1776207156.922,156.922,0.82,0.83,0.17,0.18,0.01,0.01,74102.78,1776207155000
1776207157.377,157.377,0.82,0.83,0.17,0.18,0.01,0.01,74099.81,1776207156000
1776207157.758,157.758,0.82,0.83,0.17,0.18,0.01,0.01,74099.81,1776207156000
1776207158.195,158.195,0.82,0.83,0.17,0.18,0.01,0.01,74098.18,1776207157000
1776207158.985,158.985,0.82,0.83,0.17,0.18,0.01,0.01,74098.18,1776207157000
1776207159.417,159.417,0.82,0.83,0.17,0.18,0.01,0.01,74098.2,1776207158000
1776207159.933,159.933,0.82,0.83,0.17,0.18,0.01,0.01,74098.2,1776207158000
1776207160.834,160.834,0.82,0.83,0.17,0.18,0.01,0.01,74098.2,1776207159000
1776207161.496,161.496,0.82,0.83,0.17,0.18,0.01,0.01,74098.62,1776207160000
1776207161.927,161.927,0.82,0.83,0.17,0.18,0.01,0.01,74098.62,1776207160000
1776207162.31,162.31,0.82,0.83,0.17,0.18,0.01,0.01,74098.62,1776207161000
1776207162.966,162.966,0.82,0.83,0.17,0.18,0.01,0.01,74098.62,1776207161000
1776207163.497,163.497,0.82,0.83,0.17,0.18,0.01,0.01,74098.62,1776207162000
1776207163.853,163.853,0.82,0.83,0.17,0.18,0.01,0.01,74098.62,1776207162000
1776207164.236,164.236,0.82,0.83,0.17,0.18,0.01,0.01,74098.62,1776207163000
1776207164.81,164.81,0.82,0.83,0.17,0.18,0.01,0.01,74098.62,1776207163000
1776207165.16,165.16,0.82,0.83,0.17,0.18,0.01,0.01,74098.61,1776207164000
1776207165.886,165.886,0.82,0.83,0.17,0.18,0.01,0.01,74098.61,1776207164000
1776207166.335,166.335,0.82,0.83,0.17,0.18,0.01,0.01,74098.61,1776207164000
1776207166.962,166.962,0.82,0.83,0.17,0.18,0.01,0.01,74097.49,1776207165000
1776207167.431,167.431,0.82,0.83,0.17,0.18,0.01,0.01,74097.41,1776207166000
1776207167.906,167.906,0.82,0.83,0.17,0.18,0.01,0.01,74097.41,1776207166000
1776207168.276,168.276,0.82,0.83,0.17,0.18,0.01,0.01,74098.37,1776207167000
1776207168.662,168.662,0.82,0.83,0.17,0.18,0.01,0.01,74098.37,1776207167000
1776207169.039,169.039,0.82,0.83,0.17,0.18,0.01,0.01,74098.38,1776207168000
1776207169.465,169.465,0.82,0.83,0.17,0.18,0.01,0.01,74098.38,1776207168000
1776207169.935,169.935,0.82,0.83,0.17,0.18,0.01,0.01,74098.38,1776207168000
1776207170.458,170.458,0.82,0.83,0.17,0.18,0.01,0.01,74098.5,1776207169000
1776207170.815,170.815,0.82,0.83,0.17,0.18,0.01,0.01,74098.5,1776207169000
1776207171.254,171.254,0.82,0.83,0.17,0.18,0.01,0.01,74098.55,1776207170000
1776207171.61,171.61,0.82,0.83,0.17,0.18,0.01,0.01,74098.55,1776207170000
1776207172.297,172.297,0.82,0.83,0.17,0.18,0.01,0.01,74098.54,1776207171000
1776207172.804,172.804,0.82,0.83,0.17,0.18,0.01,0.01,74098.54,1776207171000
1776207173.309,173.309,0.82,0.83,0.17,0.18,0.01,0.01,74098.47,1776207172000
1776207173.706,173.706,0.82,0.83,0.17,0.18,0.01,0.01,74098.47,1776207172000
1776207174.325,174.325,0.82,0.83,0.17,0.18,0.01,0.01,74098.39,1776207173000
1776207174.854,174.854,0.82,0.83,0.17,0.18,0.01,0.01,74098.39,1776207174000
1776207175.612,175.612,0.82,0.83,0.17,0.18,0.01,0.01,74098.39,1776207174000
1776207176.181,176.181,0.82,0.83,0.17,0.18,0.01,0.01,74098.39,1776207174000
1776207176.638,176.638,0.82,0.83,0.17,0.18,0.01,0.01,74098.4,1776207175000
1776207177.597,177.597,0.82,0.83,0.17,0.18,0.01,0.01,74098.39,1776207176000
1776207177.938,177.938,0.82,0.84,0.17,0.18,0.02,0.01,74098.38,1776207177000
1776207178.366,178.366,0.83,0.84,0.16,0.18,0.01,0.02,74098.38,1776207177000
1776207178.7,178.7,0.83,0.84,0.16,0.17,0.01,0.01,74098.38,1776207177000
1776207179.071,179.071,0.83,0.84,0.16,0.17,0.01,0.01,74098.38,1776207177000
1776207179.576,179.576,0.83,0.84,0.16,0.17,0.01,0.01,74098.32,1776207178000
1776207180.118,180.118,0.83,0.84,0.16,0.17,0.01,0.01,74098.32,1776207178000
1776207180.917,180.917,0.83,0.84,0.16,0.17,0.01,0.01,74098.34,1776207179000
1776207181.267,181.267,0.83,0.84,0.16,0.17,0.01,0.01,74098.22,1776207180000
1776207181.624,181.624,0.83,0.84,0.16,0.17,0.01,0.01,74098.22,1776207180000
1776207182.541,182.541,0.83,0.84,0.16,0.17,0.01,0.01,74098.22,1776207180000
1776207183.202,183.202,0.83,0.84,0.16,0.17,0.01,0.01,74098.22,1776207180000
1776207183.643,183.643,0.83,0.84,0.16,0.17,0.01,0.01,74098.22,1776207180000
1776207184.246,184.246,0.83,0.84,0.16,0.17,0.01,0.01,74098.25,1776207182000
1776207184.692,184.692,0.83,0.84,0.16,0.17,0.01,0.01,74098.25,1776207182000
1776207185.485,185.485,0.83,0.84,0.16,0.17,0.01,0.01,74098.01,1776207183000
1776207186.298,186.298,0.83,0.84,0.16,0.17,0.01,0.01,74098.01,1776207184000
1776207186.9,186.9,0.83,0.84,0.16,0.17,0.01,0.01,74098.03,1776207185000
1776207187.586,187.586,0.83,0.84,0.16,0.17,0.01,0.01,74098.05,1776207186000
1776207188.316,188.316,0.83,0.84,0.16,0.17,0.01,0.01,74098.05,1776207186000
1776207189.118,189.118,0.83,0.84,0.16,0.17,0.01,0.01,74098.03,1776207187000
1776207190.47,190.47,0.83,0.84,0.16,0.17,0.01,0.01,74098.03,1776207188000
1776207191.295,191.295,0.83,0.84,0.16,0.17,0.01,0.01,74098.07,1776207190000
1776207191.999,191.999,0.83,0.84,0.16,0.17,0.01,0.01,74098.07,1776207190000
1776207193.537,193.537,0.83,0.84,0.16,0.17,0.01,0.01,74098.2,1776207192000
1776207194.1,194.1,0.83,0.84,0.16,0.17,0.01,0.01,74098.2,1776207192000
1776207195.03,195.03,0.83,0.84,0.16,0.17,0.01,0.01,74098.19,1776207193000
1776207195.452,195.452,0.83,0.84,0.16,0.18,0.01,0.02,74098.19,1776207193000
1776207196.018,196.018,0.82,0.83,0.17,0.18,0.01,0.01,74098.61,1776207194000
1776207196.387,196.387,0.82,0.83,0.17,0.18,0.01,0.01,74098.6,1776207195000
1776207196.784,196.784,0.82,0.83,0.17,0.18,0.01,0.01,74098.6,1776207195000
1776207197.141,197.141,0.82,0.83,0.17,0.18,0.01,0.01,74098.6,1776207195000
1776207197.503,197.503,0.82,0.83,0.17,0.18,0.01,0.01,74098.6,1776207195000
1776207197.889,197.889,0.82,0.83,0.17,0.18,0.01,0.01,74092.25,1776207196000
1776207198.417,198.417,0.82,0.83,0.17,0.18,0.01,0.01,74092.25,1776207196000
1776207199.219,199.219,0.82,0.83,0.17,0.18,0.01,0.01,74090.83,1776207198000
1776207199.608,199.608,0.82,0.83,0.17,0.18,0.01,0.01,74090.83,1776207198000
1776207200.025,200.025,0.82,0.83,0.17,0.18,0.01,0.01,74090.83,1776207198000
1776207200.625,200.625,0.82,0.83,0.17,0.18,0.01,0.01,74090.83,1776207198000
1776207201.32,201.32,0.82,0.83,0.17,0.18,0.01,0.01,74090.68,1776207200000
1776207202.222,202.222,0.82,0.83,0.17,0.18,0.01,0.01,74090.68,1776207200000
1776207202.557,202.557,0.82,0.85,0.15,0.18,0.03,0.03,74090.68,1776207200000
1776207202.921,202.921,0.85,0.86,0.14,0.15,0.01,0.01,74090.68,1776207200000
1776207203.305,203.305,0.85,0.86,0.14,0.15,0.01,0.01,74098.61,1776207202000
1776207203.702,203.702,0.85,0.86,0.14,0.15,0.01,0.01,74098.61,1776207202000
1776207204.061,204.061,0.85,0.86,0.14,0.15,0.01,0.01,74098.61,1776207202000
1776207204.783,204.783,0.85,0.86,0.14,0.15,0.01,0.01,74104.87,1776207203000
1776207205.147,205.147,0.85,0.86,0.14,0.15,0.01,0.01,74104.72,1776207204000
1776207206.073,206.073,0.85,0.86,0.14,0.15,0.01,0.01,74104.72,1776207204000
1776207206.453,206.453,0.85,0.86,0.14,0.15,0.01,0.01,74103.78,1776207205000
1776207206.828,206.828,0.85,0.87,0.14,0.15,0.02,0.01,74103.78,1776207205000
1776207207.336,207.336,0.85,0.86,0.14,0.15,0.01,0.01,74103.78,1776207206000
1776207207.674,207.674,0.85,0.86,0.14,0.15,0.01,0.01,74103.78,1776207206000
1776207208.1,208.1,0.85,0.86,0.14,0.15,0.01,0.01,74103.78,1776207206000
1776207208.448,208.448,0.85,0.86,0.14,0.15,0.01,0.01,74103.8,1776207207000
1776207209.115,209.115,0.85,0.87,0.13,0.15,0.02,0.02,74103.81,1776207208000
1776207209.875,209.875,0.86,0.87,0.13,0.14,0.01,0.01,74103.81,1776207208000
1776207210.236,210.236,0.86,0.87,0.13,0.14,0.01,0.01,74103.76,1776207209000
1776207211.203,211.203,0.86,0.87,0.13,0.14,0.01,0.01,74104.0,1776207210000
1776207211.548,211.548,0.86,0.87,0.13,0.14,0.01,0.01,74104.0,1776207210000
1776207212.343,212.343,0.86,0.87,0.13,0.14,0.01,0.01,74103.95,1776207211000
1776207212.798,212.798,0.86,0.87,0.13,0.14,0.01,0.01,74103.95,1776207211000
1776207213.305,213.305,0.86,0.87,0.13,0.14,0.01,0.01,74103.95,1776207211000
1776207213.745,213.745,0.86,0.87,0.13,0.14,0.01,0.01,74103.71,1776207212000
1776207214.083,214.083,0.86,0.87,0.13,0.14,0.01,0.01,74103.16,1776207213000
1776207214.517,214.517,0.86,0.87,0.13,0.14,0.01,0.01,74103.16,1776207213000
1776207214.901,214.901,0.86,0.87,0.13,0.14,0.01,0.01,74103.16,1776207213000
1776207215.309,215.309,0.86,0.87,0.13,0.14,0.01,0.01,74102.75,1776207214000
1776207215.663,215.663,0.86,0.88,0.13,0.14,0.02,0.01,74102.75,1776207214000
1776207216.128,216.128,0.86,0.87,0.12,0.14,0.01,0.02,74102.75,1776207214000
1776207216.674,216.674,0.87,0.88,0.12,0.14,0.01,0.02,74105.65,1776207215000
1776207217.318,217.318,0.87,0.88,0.12,0.13,0.01,0.01,74105.65,1776207216000
1776207217.686,217.686,0.87,0.88,0.12,0.13,0.01,0.01,74105.65,1776207216000
1776207218.722,218.722,0.87,0.88,0.12,0.13,0.01,0.01,74106.08,1776207217000
1776207219.068,219.068,0.87,0.88,0.12,0.13,0.01,0.01,74106.08,1776207217000
1776207219.457,219.457,0.87,0.88,0.12,0.13,0.01,0.01,74106.08,1776207218000
1776207219.879,219.879,0.87,0.88,0.12,0.13,0.01,0.01,74106.08,1776207218000
1776207220.283,220.283,0.87,0.88,0.12,0.13,0.01,0.01,74106.08,1776207219000
1776207220.734,220.734,0.87,0.88,0.12,0.13,0.01,0.01,74106.08,1776207219000
1776207221.186,221.186,0.88,0.89,0.11,0.12,0.01,0.01,74106.08,1776207219000
1776207221.651,221.651,0.88,0.89,0.11,0.12,0.01,0.01,74106.37,1776207220000
1776207221.985,221.985,0.88,0.89,0.11,0.12,0.01,0.01,74106.37,1776207220000
1776207222.327,222.327,0.88,0.89,0.11,0.12,0.01,0.01,74106.37,1776207220000
1776207222.732,222.732,0.89,0.9,0.1,0.11,0.01,0.01,74106.81,1776207221000
1776207223.076,223.076,0.89,0.9,0.1,0.11,0.01,0.01,74107.29,1776207222000
1776207223.897,223.897,0.89,0.9,0.1,0.11,0.01,0.01,74107.29,1776207222000
1776207224.289,224.289,0.89,0.9,0.1,0.11,0.01,0.01,74107.93,1776207223000
1776207225.496,225.496,0.89,0.9,0.1,0.11,0.01,0.01,74107.93,1776207223000
1776207225.961,225.961,0.89,0.9,0.1,0.11,0.01,0.01,74108.1,1776207224000
1776207226.311,226.311,0.89,0.9,0.1,0.11,0.01,0.01,74108.1,1776207225000
1776207226.684,226.684,0.89,0.9,0.1,0.11,0.01,0.01,74108.1,1776207225000
1776207227.104,227.104,0.89,0.91,0.09,0.11,0.02,0.02,74108.1,1776207225000
1776207227.624,227.624,0.9,0.91,0.09,0.1,0.01,0.01,74108.69,1776207226000
1776207228.206,228.206,0.9,0.91,0.09,0.1,0.01,0.01,74108.69,1776207226000
1776207228.55,228.55,0.9,0.91,0.09,0.1,0.01,0.01,74109.12,1776207227000
1776207228.911,228.911,0.91,0.92,0.08,0.09,0.01,0.01,74109.12,1776207227000
1776207229.252,229.252,0.91,0.92,0.08,0.09,0.01,0.01,74109.12,1776207228000
1776207229.586,229.586,0.91,0.92,0.08,0.09,0.01,0.01,74109.12,1776207228000
1776207230.232,230.232,0.91,0.92,0.08,0.09,0.01,0.01,74109.12,1776207228000
1776207230.603,230.603,0.91,0.92,0.08,0.09,0.01,0.01,74117.22,1776207229000
1776207230.956,230.956,0.91,0.92,0.08,0.09,0.01,0.01,74117.22,1776207229000
1776207231.642,231.642,0.91,0.92,0.08,0.09,0.01,0.01,74121.65,1776207230000
1776207232.145,232.145,0.91,0.92,0.08,0.09,0.01,0.01,74121.65,1776207230000
1776207232.587,232.587,0.92,0.93,0.07,0.08,0.01,0.01,74112.76,1776207231000
1776207232.941,232.941,0.92,0.93,0.07,0.08,0.01,0.01,74112.76,1776207231000
1776207233.458,233.458,0.92,0.93,0.07,0.08,0.01,0.01,74111.58,1776207232000
1776207233.802,233.802,0.92,0.93,0.07,0.08,0.01,0.01,74111.58,1776207232000
1776207234.144,234.144,0.92,0.93,0.07,0.08,0.01,0.01,74111.58,1776207232000
1776207234.478,234.478,0.92,0.93,0.07,0.08,0.01,0.01,74111.58,1776207232000
1776207234.831,234.831,0.93,0.94,0.06,0.08,0.01,0.02,74111.58,1776207232000
1776207235.23,235.23,0.93,0.94,0.06,0.07,0.01,0.01,74115.26,1776207233000
1776207235.711,235.711,0.93,0.94,0.06,0.07,0.01,0.01,74114.81,1776207234000
1776207236.059,236.059,0.93,0.94,0.06,0.07,0.01,0.01,74114.81,1776207234000
1776207236.604,236.604,0.93,0.94,0.06,0.07,0.01,0.01,74113.9,1776207235000
1776207237.004,237.004,0.93,0.94,0.06,0.07,0.01,0.01,74113.9,1776207235000
1776207237.339,237.339,0.93,0.94,0.06,0.07,0.01,0.01,74111.68,1776207236000
1776207237.678,237.678,0.93,0.94,0.06,0.07,0.01,0.01,74111.68,1776207236000
1776207238.152,238.152,0.93,0.94,0.06,0.07,0.01,0.01,74108.72,1776207237000
1776207238.561,238.561,0.93,0.94,0.06,0.07,0.01,0.01,74108.72,1776207237000
1776207238.935,238.935,0.93,0.94,0.06,0.07,0.01,0.01,74108.72,1776207237000
1776207239.352,239.352,0.93,0.94,0.06,0.07,0.01,0.01,74108,1776207238000
1776207239.834,239.834,0.93,0.94,0.06,0.07,0.01,0.01,74108,1776207238000
1776207240.251,240.251,0.93,0.94,0.06,0.07,0.01,0.01,74108.5,1776207239000
1776207240.591,240.591,0.93,0.94,0.06,0.07,0.01,0.01,74108.5,1776207239000
1776207241.015,241.015,0.93,0.94,0.06,0.07,0.01,0.01,74108.5,1776207239000
1776207241.399,241.399,0.92,0.93,0.06,0.08,0.01,0.02,74107.24,1776207240000
1776207241.895,241.895,0.92,0.93,0.07,0.08,0.01,0.01,74107.24,1776207240000
1776207242.23,242.23,0.92,0.93,0.07,0.08,0.01,0.01,74107.24,1776207240000
1776207242.716,242.716,0.91,0.93,0.07,0.08,0.02,0.01,74107.2,1776207241000
1776207243.098,243.098,0.91,0.92,0.08,0.09,0.01,0.01,74107.2,1776207241000
1776207243.459,243.459,0.91,0.92,0.08,0.09,0.01,0.01,74103.66,1776207242000
1776207243.869,243.869,0.91,0.92,0.08,0.09,0.01,0.01,74103.66,1776207242000
1776207244.372,244.372,0.91,0.92,0.08,0.09,0.01,0.01,74101.58,1776207243000
1776207244.74,244.74,0.91,0.92,0.08,0.09,0.01,0.01,74101.58,1776207243000
1776207245.1,245.1,0.91,0.92,0.08,0.09,0.01,0.01,74101.58,1776207243000
1776207246.157,246.157,0.91,0.92,0.08,0.09,0.01,0.01,74100.71,1776207244000
1776207246.545,246.545,0.91,0.92,0.08,0.09,0.01,0.01,74100.43,1776207245000
1776207247.04,247.04,0.91,0.92,0.08,0.09,0.01,0.01,74100.43,1776207245000
1776207247.415,247.415,0.91,0.92,0.08,0.09,0.01,0.01,74100.13,1776207246000
1776207248.209,248.209,0.91,0.92,0.08,0.09,0.01,0.01,74100.13,1776207246000
1776207249.076,249.076,0.91,0.92,0.08,0.09,0.01,0.01,74100.13,1776207248000
1776207249.419,249.419,0.91,0.92,0.08,0.09,0.01,0.01,74100.13,1776207248000
1776207249.862,249.862,0.91,0.92,0.08,0.09,0.01,0.01,74100.13,1776207248000
1776207250.404,250.404,0.91,0.92,0.08,0.09,0.01,0.01,74100.12,1776207249000
1776207250.737,250.737,0.91,0.92,0.08,0.09,0.01,0.01,74100.12,1776207249000
1776207251.193,251.193,0.91,0.92,0.08,0.09,0.01,0.01,74100.12,1776207249000
1776207251.542,251.542,0.91,0.92,0.08,0.09,0.01,0.01,74100.09,1776207250000
1776207251.922,251.922,0.91,0.92,0.08,0.09,0.01,0.01,74100.09,1776207250000
1776207252.277,252.277,0.91,0.92,0.08,0.09,0.01,0.01,74100.09,1776207250000
1776207252.724,252.724,0.91,0.92,0.08,0.09,0.01,0.01,74099.63,1776207251000
1776207253.323,253.323,0.91,0.92,0.08,0.09,0.01,0.01,74099.63,1776207251000
1776207253.717,253.717,0.91,0.92,0.08,0.09,0.01,0.01,74096.33,1776207252000
1776207254.051,254.051,0.91,0.92,0.08,0.09,0.01,0.01,74096.87,1776207253000
1776207254.421,254.421,0.91,0.92,0.08,0.09,0.01,0.01,74096.87,1776207253000
1776207254.886,254.886,0.91,0.92,0.08,0.09,0.01,0.01,74096.87,1776207253000
1776207255.388,255.388,0.91,0.92,0.08,0.09,0.01,0.01,74097.59,1776207254000
1776207255.764,255.764,0.91,0.92,0.08,0.09,0.01,0.01,74097.59,1776207254000
1776207256.144,256.144,0.91,0.92,0.08,0.09,0.01,0.01,74097.59,1776207254000
1776207256.786,256.786,0.91,0.92,0.08,0.09,0.01,0.01,74096.09,1776207255000
1776207257.237,257.237,0.91,0.92,0.08,0.09,0.01,0.01,74094.72,1776207256000
1776207257.832,257.832,0.91,0.92,0.08,0.09,0.01,0.01,74094.72,1776207256000
1776207258.259,258.259,0.91,0.92,0.08,0.09,0.01,0.01,74094.72,1776207256000
1776207258.637,258.637,0.91,0.92,0.08,0.09,0.01,0.01,74094.07,1776207257000
1776207259.0,259.0,0.92,0.93,0.07,0.08,0.01,0.01,74094.07,1776207257000
1776207259.348,259.348,0.92,0.93,0.07,0.08,0.01,0.01,74093.53,1776207258000
1776207259.772,259.772,0.92,0.93,0.07,0.08,0.01,0.01,74093.53,1776207258000
1776207260.107,260.107,0.92,0.93,0.07,0.08,0.01,0.01,74093.53,1776207258000
1776207260.869,260.869,0.92,0.93,0.07,0.08,0.01,0.01,74093.1,1776207259000
1776207261.341,261.341,0.93,0.94,0.07,0.08,0.01,0.01,74093.1,1776207259000
1776207261.705,261.705,0.94,0.95,0.05,0.06,0.01,0.01,74093.08,1776207260000
1776207262.04,262.04,0.94,0.95,0.05,0.06,0.01,0.01,74093.08,1776207260000
1776207262.398,262.398,0.94,0.95,0.05,0.06,0.01,0.01,74093.08,1776207260000
1776207263.028,263.028,0.94,0.95,0.05,0.06,0.01,0.01,74093.08,1776207261000
1776207263.9,263.9,0.94,0.95,0.05,0.06,0.01,0.01,74093.52,1776207262000
1776207264.279,264.279,0.94,0.95,0.05,0.06,0.01,0.01,74095.87,1776207263000
1776207264.904,264.904,0.94,0.95,0.05,0.06,0.01,0.01,74095.87,1776207263000
1776207265.341,265.341,0.94,0.95,0.05,0.06,0.01,0.01,74095.87,1776207263000
1776207265.967,265.967,0.94,0.95,0.05,0.06,0.01,0.01,74097.01,1776207264000
1776207266.789,266.789,0.94,0.95,0.05,0.06,0.01,0.01,74097.01,1776207265000
1776207267.232,267.232,0.94,0.95,0.05,0.06,0.01,0.01,74097.81,1776207266000
1776207267.689,267.689,0.94,0.95,0.05,0.06,0.01,0.01,74097.81,1776207266000
1776207268.321,268.321,0.94,0.95,0.05,0.06,0.01,0.01,74097.81,1776207266000
1776207269.042,269.042,0.94,0.95,0.05,0.06,0.01,0.01,74098.72,1776207267000
1776207269.534,269.534,0.94,0.95,0.05,0.06,0.01,0.01,74098.72,1776207267000
1776207269.868,269.868,0.94,0.95,0.05,0.06,0.01,0.01,74098.72,1776207268000
1776207270.372,270.372,0.94,0.95,0.05,0.06,0.01,0.01,74098.72,1776207269000
1776207270.794,270.794,0.94,0.96,0.04,0.06,0.02,0.02,74098.72,1776207269000
1776207271.182,271.182,0.95,0.96,0.04,0.05,0.01,0.01,74098.72,1776207269000
1776207271.534,271.534,0.95,0.96,0.04,0.05,0.01,0.01,74098.94,1776207270000
1776207271.885,271.885,0.95,0.96,0.04,0.05,0.01,0.01,74098.94,1776207270000
1776207272.295,272.295,0.95,0.96,0.04,0.05,0.01,0.01,74098.94,1776207270000
1776207272.722,272.722,0.95,0.96,0.04,0.05,0.01,0.01,74102.71,1776207271000
1776207273.079,273.079,0.95,0.96,0.04,0.05,0.01,0.01,74102.71,1776207271000
1776207273.531,273.531,0.95,0.96,0.04,0.05,0.01,0.01,74103.42,1776207272000
1776207273.865,273.865,0.95,0.96,0.04,0.05,0.01,0.01,74103.42,1776207272000
1776207274.201,274.201,0.95,0.96,0.04,0.05,0.01,0.01,74103.42,1776207272000
1776207274.691,274.691,0.95,0.96,0.04,0.05,0.01,0.01,74103.49,1776207273000
1776207275.208,275.208,0.95,0.96,0.04,0.05,0.01,0.01,74103.49,1776207273000
1776207275.574,275.574,0.95,0.96,0.04,0.05,0.01,0.01,74103.49,1776207274000
1776207276.023,276.023,0.96,0.97,0.03,0.04,0.01,0.01,74103.49,1776207274000
1776207276.384,276.384,0.96,0.97,0.03,0.04,0.01,0.01,74103.49,1776207275000
1776207276.763,276.763,0.96,0.97,0.03,0.04,0.01,0.01,74103.49,1776207275000
1776207277.102,277.102,0.96,0.97,0.03,0.04,0.01,0.01,74103.49,1776207275000
1776207277.601,277.601,0.96,0.97,0.03,0.04,0.01,0.01,74103.51,1776207276000
1776207277.949,277.949,0.96,0.97,0.03,0.04,0.01,0.01,74103.51,1776207276000
1776207278.431,278.431,0.96,0.97,0.03,0.04,0.01,0.01,74103.51,1776207277000
1776207278.772,278.772,0.96,0.97,0.03,0.04,0.01,0.01,74103.51,1776207277000
1776207279.108,279.108,0.96,0.97,0.03,0.04,0.01,0.01,74103.51,1776207277000
1776207279.469,279.469,0.96,0.97,0.03,0.04,0.01,0.01,74103.54,1776207278000
1776207279.838,279.838,0.96,0.98,0.03,0.04,0.02,0.01,74103.54,1776207278000
1776207280.177,280.177,0.97,0.98,0.02,0.03,0.01,0.01,74103.54,1776207278000
1776207280.618,280.618,0.97,0.98,0.02,0.03,0.01,0.01,74103.59,1776207279000
1776207280.971,280.971,0.97,0.98,0.02,0.03,0.01,0.01,74103.64,1776207280000
1776207281.304,281.304,0.97,0.98,0.02,0.03,0.01,0.01,74103.64,1776207280000
1776207281.663,281.663,0.97,0.98,0.02,0.03,0.01,0.01,74103.64,1776207280000
1776207282.29,282.29,0.97,0.98,0.02,0.03,0.01,0.01,74103.64,1776207281000
1776207282.856,282.856,0.97,0.98,0.02,0.03,0.01,0.01,74103.63,1776207282000
1776207283.218,283.218,0.97,0.98,0.02,0.03,0.01,0.01,74103.63,1776207282000
1776207283.554,283.554,0.97,0.98,0.02,0.03,0.01,0.01,74103.63,1776207282000
1776207284.062,284.062,0.97,0.98,0.02,0.03,0.01,0.01,74103.63,1776207283000
1776207284.512,284.512,0.97,0.98,0.02,0.03,0.01,0.01,74103.63,1776207283000
1776207284.899,284.899,0.97,0.98,0.02,0.03,0.01,0.01,74103.63,1776207283000
1776207285.245,285.245,0.97,0.98,0.02,0.03,0.01,0.01,74103.63,1776207283000
1776207285.643,285.643,0.97,0.98,0.02,0.03,0.01,0.01,74103.64,1776207284000
1776207286.087,286.087,0.97,0.98,0.02,0.03,0.01,0.01,74103.64,1776207284000
1776207286.436,286.436,0.97,0.98,0.02,0.03,0.01,0.01,74103.59,1776207285000
1776207286.842,286.842,0.97,0.98,0.02,0.03,0.01,0.01,74103.59,1776207285000
1776207287.317,287.317,0.97,0.98,0.02,0.03,0.01,0.01,74103.65,1776207286000
1776207287.766,287.766,0.97,0.98,0.02,0.03,0.01,0.01,74103.65,1776207286000
1776207288.21,288.21,0.97,0.98,0.02,0.03,0.01,0.01,74103.65,1776207286000
1776207288.6,288.6,0.97,0.98,0.02,0.03,0.01,0.01,74103.65,1776207286000
1776207289.026,289.026,0.97,0.98,0.02,0.03,0.01,0.01,74103.52,1776207287000
1776207289.377,289.377,0.97,0.98,0.02,0.03,0.01,0.01,74103.52,1776207287000
1776207289.749,289.749,0.97,0.98,0.02,0.03,0.01,0.01,74103.49,1776207288000
1776207290.34,290.34,0.97,0.98,0.02,0.03,0.01,0.01,74103.49,1776207289000
1776207290.682,290.682,0.98,0.99,0.01,0.02,0.01,0.01,74103.49,1776207289000
1776207291.025,291.025,0.98,0.99,0.01,0.02,0.01,0.01,74103.49,1776207289000
1776207291.391,291.391,0.98,0.99,0.01,0.02,0.01,0.01,74103.49,1776207289000
1776207291.763,291.763,0.99,0.99,0.01,0.02,0.0,0.01,74103.49,1776207289000
1776207292.208,292.208,0.99,0.99,0.01,0.01,0.0,0.0,74103.54,1776207291000
1776207292.607,292.607,0.99,0.99,0.01,0.01,0.0,0.0,74103.54,1776207291000
1776207293.122,293.122,0.99,0.99,0.01,0.01,0.0,0.0,74103.54,1776207291000
1776207294.279,294.279,0.99,0.99,0.01,0.01,0.0,0.0,74103.52,1776207293000
1776207294.724,294.724,0.99,0.99,0.01,0.01,0.0,0.0,74103.52,1776207293000
1776207295.165,295.165,0.99,0.99,0.01,0.01,0.0,0.0,74103.52,1776207293000
1776207295.5,295.5,0.99,0.99,0.01,0.01,0.0,0.0,74103.87,1776207294000
1776207295.899,295.899,0.99,0.99,0.01,0.01,0.0,0.0,74103.87,1776207295000
1776207296.591,296.591,0.99,0.99,0.01,0.01,0.0,0.0,74103.87,1776207295000
1776207296.934,296.934,0.99,0.99,0.01,0.01,0.0,0.0,74103.87,1776207296000
1776207297.55,297.55,0.99,0.99,0.01,0.01,0.0,0.0,74103.87,1776207296000
1776207297.949,297.949,0.99,0.99,0.01,0.01,0.0,0.0,74103.87,1776207297000
1776207298.895,298.895,0.99,0.99,0.01,0.01,0.0,0.0,74103.87,1776207298000
1776207299.439,299.439,0.99,0.99,0.01,0.01,0.0,0.0,74103.87,1776207298000
1776207299.835,299.835,0.99,0.99,0.01,0.01,0.0,0.0,74103.87,1776207299000
1776207300.399,300.399,0.99,0.99,0.01,0.01,0.0,0.0,74103.87,1776207299000
1776207300.869,300.869,0.99,0.99,0.01,0.01,0.0,0.0,74103.59,1776207300000
1776207301.925,301.925,0.99,0.99,0.01,0.01,0.0,0.0,74103.55,1776207301000

# RESULT,winner=Up,slug=btc-updown-5m-1776207000,ticks=633
