timestamp,elapsed_sec,up_bid,up_ask,down_bid,down_ask,up_spread,down_spread,btc_price,btc_oracle_ts
1776955200.57,0.57,0.48,0.49,0.51,0.52,0.01,0.01,77853.78,1776955198000
1776955201.031,1.031,0.48,0.49,0.51,0.52,0.01,0.01,77853.96,1776955199000
1776955201.413,1.413,0.47,0.48,0.51,0.53,0.01,0.02,77853.96,1776955199000
1776955201.877,1.877,0.47,0.48,0.52,0.53,0.01,0.01,77853.92,1776955200000
1776955202.216,2.216,0.49,0.5,0.5,0.51,0.01,0.01,77854.64,1776955201000
1776955202.584,2.584,0.49,0.5,0.5,0.51,0.01,0.01,77854.64,1776955201000
1776955203.051,3.051,0.49,0.5,0.5,0.51,0.01,0.01,77854.64,1776955201000
1776955203.447,3.447,0.49,0.5,0.5,0.51,0.01,0.01,77854.64,1776955201000
1776955203.839,3.839,0.49,0.5,0.5,0.51,0.01,0.01,77855.36,1776955202000
1776955204.276,4.276,0.49,0.5,0.5,0.51,0.01,0.01,77856.74,1776955203000
1776955204.714,4.714,0.49,0.5,0.5,0.51,0.01,0.01,77856.74,1776955203000
1776955205.094,5.094,0.47,0.49,0.51,0.52,0.02,0.01,77856.74,1776955203000
1776955205.533,5.533,0.47,0.48,0.52,0.53,0.01,0.01,77862.81,1776955204000
1776955206.291,6.291,0.47,0.48,0.52,0.53,0.01,0.01,77864.09,1776955205000
1776955207.913,7.913,0.47,0.48,0.52,0.53,0.01,0.01,77850.67,1776955206000
1776955208.269,8.269,0.47,0.48,0.52,0.53,0.01,0.01,77850.67,1776955206000
1776955208.651,8.651,0.47,0.48,0.52,0.53,0.01,0.01,77853.11,1776955207000
1776955209.05,9.05,0.47,0.48,0.52,0.53,0.01,0.01,77853.11,1776955207000
1776955209.393,9.393,0.47,0.48,0.52,0.53,0.01,0.01,77858.21,1776955208000
1776955209.813,9.813,0.47,0.48,0.52,0.53,0.01,0.01,77858.21,1776955208000
1776955210.181,10.181,0.47,0.48,0.52,0.53,0.01,0.01,77858.21,1776955208000
1776955210.626,10.626,0.47,0.48,0.5,0.53,0.01,0.03,77858.21,1776955208000
1776955210.962,10.962,0.48,0.5,0.5,0.52,0.02,0.02,77863.62,1776955209000
1776955211.429,11.429,0.47,0.5,0.5,0.52,0.03,0.02,77863.62,1776955209000
1776955211.763,11.763,0.53,0.55,0.46,0.47,0.02,0.01,77863.62,1776955210000
1776955212.243,12.243,0.51,0.55,0.45,0.49,0.04,0.04,77865.71,1776955211000
1776955212.589,12.589,0.51,0.55,0.45,0.49,0.04,0.04,77865.71,1776955211000
1776955212.932,12.932,0.52,0.54,0.48,0.49,0.02,0.01,77865.71,1776955211000
1776955213.285,13.285,0.53,0.54,0.46,0.47,0.01,0.01,77865.71,1776955211000
1776955213.656,13.656,0.53,0.54,0.46,0.47,0.01,0.01,77865.71,1776955211000
1776955213.99,13.99,0.53,0.54,0.46,0.47,0.01,0.01,77877.46,1776955212000
1776955214.368,14.368,0.53,0.54,0.46,0.47,0.01,0.01,77878.26,1776955213000
1776955215.072,15.072,0.53,0.54,0.46,0.47,0.01,0.01,77877.66,1776955214000
1776955215.439,15.439,0.53,0.54,0.46,0.47,0.01,0.01,77877.66,1776955214000
1776955215.775,15.775,0.52,0.54,0.46,0.48,0.02,0.02,77877.66,1776955214000
1776955216.622,16.622,0.52,0.54,0.46,0.48,0.02,0.02,77877.66,1776955214000
1776955217.078,17.078,0.52,0.54,0.46,0.48,0.02,0.02,77867.8,1776955215000
1776955217.482,17.482,0.51,0.52,0.48,0.49,0.01,0.01,77865.04,1776955216000
1776955217.872,17.872,0.5,0.51,0.49,0.5,0.01,0.01,77865.04,1776955216000
1776955218.212,18.212,0.5,0.53,0.47,0.5,0.03,0.03,77865.04,1776955216000
1776955218.566,18.566,0.51,0.52,0.48,0.49,0.01,0.01,77862.19,1776955217000
1776955219.061,19.061,0.51,0.52,0.48,0.49,0.01,0.01,77862.19,1776955217000
1776955219.403,19.403,0.51,0.52,0.48,0.49,0.01,0.01,77862.19,1776955217000
1776955219.876,19.876,0.51,0.52,0.48,0.49,0.01,0.01,77863.95,1776955218000
1776955220.464,20.464,0.51,0.52,0.48,0.49,0.01,0.01,77863.25,1776955219000
1776955220.937,20.937,0.51,0.52,0.48,0.49,0.01,0.01,77863.25,1776955219000
1776955221.35,21.35,0.51,0.52,0.48,0.49,0.01,0.01,77864.11,1776955220000
1776955221.935,21.935,0.51,0.52,0.48,0.49,0.01,0.01,77864.11,1776955220000
1776955222.364,22.364,0.53,0.54,0.46,0.48,0.01,0.02,77864.11,1776955221000
1776955222.771,22.771,0.53,0.54,0.46,0.47,0.01,0.01,77864.11,1776955221000
1776955223.109,23.109,0.53,0.54,0.46,0.47,0.01,0.01,77864.11,1776955221000
1776955223.654,23.654,0.52,0.54,0.46,0.47,0.02,0.01,77864.14,1776955222000
1776955224.102,24.102,0.52,0.53,0.47,0.48,0.01,0.01,77865.95,1776955223000
1776955225.06,25.06,0.52,0.53,0.47,0.48,0.01,0.01,77866.73,1776955224000
1776955226.198,26.198,0.52,0.53,0.47,0.48,0.01,0.01,77862.91,1776955225000
1776955226.736,26.736,0.52,0.53,0.47,0.48,0.01,0.01,77862.91,1776955225000
1776955227.11,27.11,0.51,0.52,0.48,0.49,0.01,0.01,77862.91,1776955225000
1776955227.45,27.45,0.45,0.52,0.48,0.5,0.07,0.02,77862.91,1776955225000
1776955227.987,27.987,0.45,0.51,0.48,0.55,0.06,0.07,77855.13,1776955226000
1776955228.487,28.487,0.45,0.51,0.49,0.55,0.06,0.06,77852.85,1776955227000
1776955229.046,29.046,0.45,0.49,0.51,0.55,0.04,0.04,77852.85,1776955227000
1776955229.424,29.424,0.45,0.49,0.53,0.55,0.04,0.02,77852.85,1776955227000
1776955229.908,29.908,0.46,0.47,0.52,0.54,0.01,0.02,77852.27,1776955228000
1776955230.254,30.254,0.45,0.47,0.53,0.54,0.02,0.01,77852.27,1776955228000
1776955230.597,30.597,0.46,0.47,0.53,0.54,0.01,0.01,77851.66,1776955229000
1776955231.034,31.034,0.45,0.46,0.53,0.55,0.01,0.02,77851.66,1776955229000
1776955231.459,31.459,0.45,0.46,0.54,0.55,0.01,0.01,77851.24,1776955230000
1776955231.819,31.819,0.44,0.46,0.54,0.55,0.02,0.01,77851.24,1776955230000
1776955232.249,32.249,0.45,0.46,0.54,0.55,0.01,0.01,77843.4,1776955231000
1776955232.896,32.896,0.45,0.46,0.54,0.55,0.01,0.01,77843.4,1776955231000
1776955233.241,33.241,0.45,0.46,0.54,0.55,0.01,0.01,77842.09,1776955232000
1776955234.009,34.009,0.45,0.46,0.54,0.55,0.01,0.01,77842.09,1776955232000
1776955234.484,34.484,0.45,0.46,0.54,0.55,0.01,0.01,77842.83,1776955233000
1776955234.828,34.828,0.45,0.47,0.53,0.55,0.02,0.02,77842.83,1776955233000
1776955235.181,35.181,0.45,0.47,0.53,0.55,0.02,0.02,77842.83,1776955233000
1776955235.546,35.546,0.45,0.46,0.54,0.55,0.01,0.01,77847.02,1776955234000
1776955235.995,35.995,0.45,0.46,0.54,0.55,0.01,0.01,77848.71,1776955235000
1776955236.347,36.347,0.46,0.47,0.53,0.54,0.01,0.01,77848.71,1776955235000
1776955236.711,36.711,0.47,0.49,0.51,0.53,0.02,0.02,77848.71,1776955235000
1776955237.076,37.076,0.46,0.47,0.53,0.54,0.01,0.01,77848.71,1776955235000
1776955237.412,37.412,0.46,0.47,0.53,0.54,0.01,0.01,77850.39,1776955236000
1776955237.794,37.794,0.46,0.47,0.53,0.54,0.01,0.01,77850.39,1776955236000
1776955238.173,38.173,0.46,0.47,0.53,0.54,0.01,0.01,77850.39,1776955236000
1776955238.541,38.541,0.42,0.46,0.54,0.58,0.04,0.04,77851.7,1776955237000
1776955238.882,38.882,0.41,0.43,0.57,0.59,0.02,0.02,77851.7,1776955237000
1776955239.258,39.258,0.4,0.42,0.58,0.6,0.02,0.02,77851.7,1776955237000
1776955239.648,39.648,0.41,0.42,0.58,0.59,0.01,0.01,77848.85,1776955238000
1776955239.983,39.983,0.41,0.42,0.58,0.59,0.01,0.01,77840.7,1776955239000
1776955240.339,40.339,0.4,0.42,0.58,0.59,0.02,0.01,77840.7,1776955239000
1776955240.727,40.727,0.4,0.41,0.58,0.6,0.01,0.02,77840.7,1776955239000
1776955241.21,41.21,0.4,0.41,0.59,0.6,0.01,0.01,77834.2,1776955240000
1776955241.9,41.9,0.4,0.41,0.59,0.6,0.01,0.01,77834.2,1776955240000
1776955242.359,42.359,0.4,0.41,0.59,0.6,0.01,0.01,77831.5,1776955241000
1776955242.861,42.861,0.4,0.41,0.59,0.6,0.01,0.01,77831.79,1776955242000
1776955243.32,43.32,0.4,0.41,0.59,0.6,0.01,0.01,77831.79,1776955242000
1776955243.738,43.738,0.4,0.41,0.59,0.6,0.01,0.01,77831.79,1776955242000
1776955244.376,44.376,0.4,0.41,0.59,0.6,0.01,0.01,77832.44,1776955243000
1776955244.886,44.886,0.4,0.42,0.58,0.6,0.02,0.02,77832.44,1776955243000
1776955245.223,45.223,0.4,0.42,0.58,0.6,0.02,0.02,77832.81,1776955244000
1776955245.934,45.934,0.4,0.41,0.59,0.6,0.01,0.01,77832.81,1776955244000
1776955246.286,46.286,0.4,0.41,0.59,0.6,0.01,0.01,77843.39,1776955245000
1776955246.818,46.818,0.4,0.41,0.59,0.6,0.01,0.01,77843.39,1776955245000
1776955247.223,47.223,0.4,0.41,0.59,0.6,0.01,0.01,77843.39,1776955245000
1776955247.561,47.561,0.42,0.45,0.55,0.58,0.03,0.03,77843.39,1776955245000
1776955247.909,47.909,0.44,0.46,0.54,0.56,0.02,0.02,77851.38,1776955247000
1776955248.425,48.425,0.47,0.48,0.53,0.54,0.01,0.01,77851.38,1776955247000
1776955248.847,48.847,0.47,0.48,0.52,0.53,0.01,0.01,77851.38,1776955247000
1776955249.684,49.684,0.47,0.48,0.52,0.53,0.01,0.01,77851.77,1776955248000
1776955250.258,50.258,0.47,0.48,0.52,0.53,0.01,0.01,77851.71,1776955249000
1776955250.734,50.734,0.48,0.49,0.51,0.52,0.01,0.01,77851.71,1776955249000
1776955251.567,51.567,0.48,0.49,0.51,0.52,0.01,0.01,77851.71,1776955249000
1776955251.9,51.9,0.48,0.49,0.51,0.52,0.01,0.01,77851.71,1776955249000
1776955252.316,52.316,0.48,0.49,0.51,0.52,0.01,0.01,77853.61,1776955251000
1776955252.838,52.838,0.48,0.49,0.51,0.52,0.01,0.01,77853.61,1776955251000
1776955253.252,53.252,0.48,0.49,0.51,0.52,0.01,0.01,77855.17,1776955252000
1776955253.627,53.627,0.47,0.49,0.51,0.52,0.02,0.01,77855.17,1776955252000
1776955253.983,53.983,0.47,0.49,0.51,0.53,0.02,0.02,77850.95,1776955253000
1776955254.318,54.318,0.47,0.49,0.51,0.53,0.02,0.02,77850.95,1776955253000
1776955254.748,54.748,0.46,0.47,0.52,0.53,0.01,0.01,77850.95,1776955253000
1776955255.137,55.137,0.46,0.47,0.53,0.54,0.01,0.01,77848.53,1776955254000
1776955255.495,55.495,0.44,0.46,0.54,0.56,0.02,0.02,77848.53,1776955254000
1776955255.936,55.936,0.44,0.45,0.55,0.57,0.01,0.02,77848.53,1776955254000
1776955256.297,56.297,0.44,0.45,0.55,0.56,0.01,0.01,77841.96,1776955255000
1776955256.723,56.723,0.44,0.45,0.55,0.56,0.01,0.01,77841.96,1776955255000
1776955257.114,57.114,0.44,0.45,0.55,0.56,0.01,0.01,77841.96,1776955255000
1776955257.872,57.872,0.45,0.46,0.55,0.56,0.01,0.01,77839.62,1776955256000
1776955258.216,58.216,0.45,0.46,0.54,0.55,0.01,0.01,77839.62,1776955256000
1776955258.629,58.629,0.45,0.47,0.53,0.55,0.02,0.02,77842.05,1776955257000
1776955259.249,59.249,0.46,0.47,0.53,0.54,0.01,0.01,77845.56,1776955258000
1776955259.954,59.954,0.46,0.47,0.53,0.54,0.01,0.01,77845.56,1776955258000
1776955260.368,60.368,0.46,0.47,0.53,0.54,0.01,0.01,77846.89,1776955259000
1776955261.042,61.042,0.46,0.47,0.53,0.54,0.01,0.01,77847.4,1776955260000
1776955261.545,61.545,0.46,0.47,0.53,0.54,0.01,0.01,77847.4,1776955260000
1776955261.881,61.881,0.46,0.47,0.53,0.54,0.01,0.01,77847.4,1776955260000
1776955262.43,62.43,0.46,0.47,0.53,0.54,0.01,0.01,77846.31,1776955261000
1776955262.768,62.768,0.46,0.47,0.53,0.54,0.01,0.01,77846.31,1776955261000
1776955263.109,63.109,0.46,0.47,0.53,0.54,0.01,0.01,77846.18,1776955262000
1776955263.611,63.611,0.46,0.47,0.53,0.54,0.01,0.01,77846.18,1776955262000
1776955263.959,63.959,0.46,0.47,0.53,0.54,0.01,0.01,77846.18,1776955262000
1776955264.306,64.306,0.45,0.46,0.54,0.55,0.01,0.01,77846.18,1776955262000
1776955264.64,64.64,0.45,0.46,0.54,0.55,0.01,0.01,77847.17,1776955263000
1776955265.055,65.055,0.45,0.46,0.54,0.55,0.01,0.01,77847.17,1776955264000
1776955265.465,65.465,0.45,0.46,0.54,0.55,0.01,0.01,77847.17,1776955264000
1776955266.097,66.097,0.45,0.46,0.54,0.55,0.01,0.01,77847.17,1776955264000
1776955266.446,66.446,0.45,0.46,0.54,0.55,0.01,0.01,77847.17,1776955264000
1776955266.856,66.856,0.44,0.45,0.55,0.56,0.01,0.01,77847.74,1776955265000
1776955267.307,67.307,0.43,0.44,0.55,0.57,0.01,0.02,77848.39,1776955266000
1776955267.68,67.68,0.43,0.44,0.56,0.57,0.01,0.01,77848.39,1776955266000
1776955268.192,68.192,0.43,0.44,0.56,0.57,0.01,0.01,77848.39,1776955266000
1776955268.727,68.727,0.43,0.44,0.56,0.57,0.01,0.01,77847.2,1776955267000
1776955269.135,69.135,0.43,0.44,0.56,0.57,0.01,0.01,77847.2,1776955267000
1776955269.945,69.945,0.43,0.44,0.56,0.57,0.01,0.01,77845.97,1776955269000
1776955271.104,71.104,0.43,0.44,0.56,0.57,0.01,0.01,77842.74,1776955270000
1776955271.59,71.59,0.43,0.44,0.56,0.57,0.01,0.01,77842.74,1776955270000
1776955271.927,71.927,0.42,0.44,0.56,0.58,0.02,0.02,77842.74,1776955270000
1776955272.273,72.273,0.41,0.42,0.58,0.59,0.01,0.01,77843.45,1776955271000
1776955273.029,73.029,0.41,0.42,0.58,0.59,0.01,0.01,77843.45,1776955271000
1776955273.385,73.385,0.41,0.42,0.57,0.59,0.01,0.02,77843.45,1776955271000
1776955273.733,73.733,0.41,0.42,0.58,0.59,0.01,0.01,77846.74,1776955272000
1776955274.222,74.222,0.41,0.42,0.58,0.59,0.01,0.01,77846.74,1776955272000
1776955274.669,74.669,0.41,0.42,0.58,0.59,0.01,0.01,77845.36,1776955273000
1776955275.081,75.081,0.41,0.42,0.58,0.59,0.01,0.01,77843.98,1776955274000
1776955275.425,75.425,0.41,0.42,0.58,0.59,0.01,0.01,77843.98,1776955274000
1776955275.758,75.758,0.4,0.42,0.58,0.59,0.02,0.01,77843.98,1776955274000
1776955276.206,76.206,0.4,0.41,0.59,0.6,0.01,0.01,77843.98,1776955274000
1776955276.563,76.563,0.4,0.41,0.59,0.6,0.01,0.01,77843.98,1776955275000
1776955276.955,76.955,0.4,0.41,0.59,0.6,0.01,0.01,77843.98,1776955275000
1776955277.496,77.496,0.4,0.41,0.59,0.6,0.01,0.01,77843.93,1776955276000
1776955277.919,77.919,0.4,0.41,0.59,0.6,0.01,0.01,77843.93,1776955276000
1776955278.289,78.289,0.4,0.41,0.59,0.6,0.01,0.01,77844.19,1776955277000
1776955279.429,79.429,0.4,0.41,0.59,0.6,0.01,0.01,77844.19,1776955277000
1776955280.089,80.089,0.4,0.41,0.59,0.6,0.01,0.01,77845.79,1776955279000
1776955280.605,80.605,0.4,0.41,0.59,0.6,0.01,0.01,77845.79,1776955279000
1776955281.22,81.22,0.4,0.41,0.59,0.6,0.01,0.01,77845.79,1776955279000
1776955281.838,81.838,0.4,0.41,0.59,0.6,0.01,0.01,77845.42,1776955280000
1776955282.189,82.189,0.4,0.41,0.59,0.6,0.01,0.01,77845.33,1776955281000
1776955282.948,82.948,0.4,0.41,0.59,0.6,0.01,0.01,77845.33,1776955281000
1776955283.404,83.404,0.4,0.41,0.59,0.6,0.01,0.01,77845.33,1776955281000
1776955283.748,83.748,0.4,0.43,0.57,0.6,0.03,0.03,77848.44,1776955282000
1776955284.188,84.188,0.42,0.43,0.57,0.58,0.01,0.01,77848.44,1776955282000
1776955284.53,84.53,0.42,0.43,0.57,0.58,0.01,0.01,77848.57,1776955283000
1776955284.983,84.983,0.42,0.43,0.57,0.58,0.01,0.01,77848.57,1776955283000
1776955285.32,85.32,0.42,0.43,0.57,0.58,0.01,0.01,77848.57,1776955283000
1776955285.731,85.731,0.42,0.43,0.57,0.58,0.01,0.01,77850.22,1776955284000
1776955286.138,86.138,0.42,0.43,0.57,0.58,0.01,0.01,77852.37,1776955285000
1776955286.475,86.475,0.42,0.43,0.57,0.58,0.01,0.01,77852.37,1776955285000
1776955286.829,86.829,0.42,0.43,0.57,0.58,0.01,0.01,77852.37,1776955285000
1776955287.595,87.595,0.42,0.43,0.57,0.58,0.01,0.01,77853.37,1776955286000
1776955288.234,88.234,0.42,0.43,0.57,0.58,0.01,0.01,77853.6,1776955287000
1776955288.613,88.613,0.42,0.43,0.57,0.58,0.01,0.01,77853.6,1776955287000
1776955289.272,89.272,0.42,0.43,0.57,0.58,0.01,0.01,77853.6,1776955287000
1776955289.627,89.627,0.42,0.44,0.56,0.58,0.02,0.02,77854.94,1776955288000
1776955289.978,89.978,0.42,0.43,0.57,0.58,0.01,0.01,77854.94,1776955288000
1776955290.347,90.347,0.42,0.43,0.57,0.58,0.01,0.01,77855.48,1776955289000
1776955290.859,90.859,0.43,0.45,0.55,0.57,0.02,0.02,77855.48,1776955289000
1776955291.198,91.198,0.48,0.49,0.51,0.52,0.01,0.01,77855.48,1776955289000
1776955291.55,91.55,0.48,0.49,0.5,0.52,0.01,0.02,77855.48,1776955289000
1776955291.905,91.905,0.48,0.49,0.51,0.52,0.01,0.01,77855.48,1776955289000
1776955292.24,92.24,0.46,0.49,0.51,0.54,0.03,0.03,77865.41,1776955290000
1776955292.574,92.574,0.44,0.46,0.54,0.56,0.02,0.02,77870.23,1776955291000
1776955292.969,92.969,0.43,0.44,0.56,0.57,0.01,0.01,77870.23,1776955291000
1776955293.306,93.306,0.42,0.44,0.56,0.58,0.02,0.02,77870.26,1776955292000
1776955293.657,93.657,0.42,0.43,0.57,0.58,0.01,0.01,77870.26,1776955292000
1776955294.066,94.066,0.42,0.43,0.57,0.58,0.01,0.01,77870.26,1776955292000
1776955294.674,94.674,0.42,0.43,0.57,0.58,0.01,0.01,77855.89,1776955293000
1776955295.378,95.378,0.42,0.43,0.57,0.58,0.01,0.01,77852.25,1776955294000
1776955295.99,95.99,0.42,0.43,0.57,0.58,0.01,0.01,77851.01,1776955295000
1776955296.423,96.423,0.42,0.44,0.56,0.58,0.02,0.02,77851.01,1776955295000
1776955296.774,96.774,0.42,0.47,0.54,0.58,0.05,0.04,77851.01,1776955295000
1776955297.11,97.11,0.42,0.47,0.53,0.58,0.05,0.05,77853.91,1776955296000
1776955298.249,98.249,0.43,0.47,0.53,0.57,0.04,0.04,77853.91,1776955296000
1776955298.614,98.614,0.42,0.45,0.55,0.58,0.03,0.03,77854.68,1776955297000
1776955298.982,98.982,0.42,0.43,0.57,0.58,0.01,0.01,77855.85,1776955298000
1776955299.502,99.502,0.43,0.45,0.55,0.57,0.02,0.02,77855.85,1776955298000
1776955299.894,99.894,0.44,0.46,0.55,0.56,0.02,0.01,77855.85,1776955298000
1776955300.635,100.635,0.45,0.47,0.51,0.56,0.02,0.05,77861.8,1776955299000
1776955300.99,100.99,0.45,0.47,0.54,0.56,0.02,0.02,77861.8,1776955299000
1776955301.324,101.324,0.44,0.46,0.54,0.56,0.02,0.02,77862.57,1776955300000
1776955301.663,101.663,0.44,0.45,0.55,0.57,0.01,0.02,77862.57,1776955300000
1776955302.005,102.005,0.44,0.45,0.55,0.56,0.01,0.01,77862.57,1776955300000
1776955302.451,102.451,0.44,0.45,0.55,0.56,0.01,0.01,77862.0,1776955301000
1776955302.906,102.906,0.44,0.45,0.55,0.56,0.01,0.01,77862.0,1776955301000
1776955303.364,103.364,0.42,0.43,0.57,0.58,0.01,0.01,77855.18,1776955302000
1776955303.842,103.842,0.42,0.43,0.57,0.58,0.01,0.01,77854.44,1776955303000
1776955304.583,104.583,0.42,0.43,0.57,0.58,0.01,0.01,77854.44,1776955303000
1776955304.96,104.96,0.42,0.43,0.57,0.58,0.01,0.01,77849.81,1776955304000
1776955305.356,105.356,0.42,0.43,0.57,0.58,0.01,0.01,77849.81,1776955304000
1776955306.035,106.035,0.42,0.43,0.57,0.58,0.01,0.01,77849.58,1776955305000
1776955306.441,106.441,0.42,0.43,0.57,0.58,0.01,0.01,77849.58,1776955305000
1776955306.893,106.893,0.42,0.43,0.57,0.58,0.01,0.01,77849.58,1776955305000
1776955307.389,107.389,0.42,0.43,0.57,0.58,0.01,0.01,77849.89,1776955306000
1776955307.878,107.878,0.42,0.43,0.57,0.58,0.01,0.01,77849.89,1776955306000
1776955308.276,108.276,0.42,0.43,0.57,0.58,0.01,0.01,77849.17,1776955307000
1776955308.64,108.64,0.42,0.43,0.57,0.58,0.01,0.01,77849.17,1776955307000
1776955309.042,109.042,0.44,0.45,0.55,0.57,0.01,0.02,77849.17,1776955307000
1776955309.453,109.453,0.45,0.46,0.54,0.56,0.01,0.02,77849.17,1776955308000
1776955309.817,109.817,0.45,0.47,0.54,0.55,0.02,0.01,77849.17,1776955308000
1776955310.173,110.173,0.46,0.47,0.53,0.54,0.01,0.01,77849.85,1776955309000
1776955310.529,110.529,0.46,0.47,0.53,0.54,0.01,0.01,77849.85,1776955309000
1776955311.141,111.141,0.46,0.47,0.53,0.54,0.01,0.01,77849.85,1776955309000
1776955311.606,111.606,0.46,0.47,0.53,0.54,0.01,0.01,77852.62,1776955310000
1776955312.368,112.368,0.46,0.47,0.53,0.54,0.01,0.01,77854.53,1776955311000
1776955312.826,112.826,0.46,0.48,0.53,0.54,0.02,0.01,77854.53,1776955311000
1776955313.322,113.322,0.47,0.48,0.52,0.53,0.01,0.01,77855.26,1776955312000
1776955313.861,113.861,0.47,0.48,0.52,0.53,0.01,0.01,77855.26,1776955313000
1776955314.4,114.4,0.47,0.48,0.52,0.53,0.01,0.01,77855.26,1776955313000
1776955314.811,114.811,0.47,0.48,0.52,0.53,0.01,0.01,77855.26,1776955313000
1776955315.313,115.313,0.47,0.48,0.52,0.53,0.01,0.01,77856.69,1776955314000
1776955315.971,115.971,0.47,0.48,0.52,0.53,0.01,0.01,77856.69,1776955314000
1776955317.121,117.121,0.47,0.48,0.52,0.53,0.01,0.01,77847.42,1776955316000
1776955317.613,117.613,0.46,0.48,0.52,0.54,0.02,0.02,77847.42,1776955316000
1776955318.009,118.009,0.42,0.47,0.53,0.57,0.05,0.04,77847.42,1776955316000
1776955318.407,118.407,0.42,0.45,0.55,0.58,0.03,0.03,77845.2,1776955317000
1776955318.934,118.934,0.41,0.42,0.57,0.59,0.01,0.02,77845.2,1776955317000
1776955319.308,119.308,0.41,0.42,0.58,0.59,0.01,0.01,77845.5,1776955318000
1776955319.686,119.686,0.41,0.42,0.58,0.59,0.01,0.01,77845.5,1776955318000
1776955320.035,120.035,0.41,0.42,0.58,0.59,0.01,0.01,77845.5,1776955318000
1776955320.4,120.4,0.41,0.42,0.58,0.59,0.01,0.01,77845.93,1776955319000
1776955320.75,120.75,0.41,0.42,0.58,0.59,0.01,0.01,77845.93,1776955319000
1776955321.125,121.125,0.33,0.34,0.66,0.67,0.01,0.01,77845.93,1776955319000
1776955321.5,121.5,0.3,0.32,0.67,0.7,0.02,0.03,77827.67,1776955320000
1776955321.997,121.997,0.3,0.33,0.67,0.7,0.03,0.03,77827.67,1776955320000
1776955322.39,122.39,0.31,0.32,0.67,0.69,0.01,0.02,77819.67,1776955321000
1776955322.803,122.803,0.3,0.32,0.68,0.7,0.02,0.02,77819.67,1776955321000
1776955323.28,123.28,0.31,0.32,0.68,0.69,0.01,0.01,77815.83,1776955322000
1776955323.713,123.713,0.28,0.32,0.68,0.69,0.04,0.01,77815.83,1776955322000
1776955324.048,124.048,0.31,0.32,0.68,0.69,0.01,0.01,77815.83,1776955322000
1776955324.409,124.409,0.31,0.32,0.68,0.71,0.01,0.03,77815.83,1776955322000
1776955324.968,124.968,0.31,0.32,0.68,0.69,0.01,0.01,77815.83,1776955322000
1776955325.326,125.326,0.29,0.31,0.69,0.71,0.02,0.02,77814.93,1776955324000
1776955325.71,125.71,0.28,0.29,0.71,0.72,0.01,0.01,77814.93,1776955324000
1776955326.093,126.093,0.28,0.3,0.71,0.72,0.02,0.01,77814.93,1776955324000
1776955326.5,126.5,0.28,0.29,0.71,0.72,0.01,0.01,77814.93,1776955324000
1776955326.834,126.834,0.28,0.29,0.71,0.72,0.01,0.01,77814.93,1776955324000
1776955327.301,127.301,0.28,0.29,0.71,0.72,0.01,0.01,77814.07,1776955326000
1776955327.705,127.705,0.28,0.29,0.71,0.72,0.01,0.01,77814.07,1776955326000
1776955328.094,128.094,0.29,0.3,0.7,0.71,0.01,0.01,77814.07,1776955326000
1776955328.448,128.448,0.3,0.31,0.69,0.7,0.01,0.01,77814.07,1776955326000
1776955328.827,128.827,0.3,0.31,0.69,0.7,0.01,0.01,77814.07,1776955326000
1776955329.191,129.191,0.3,0.31,0.69,0.72,0.01,0.03,77814.14,1776955327000
1776955329.619,129.619,0.3,0.31,0.69,0.7,0.01,0.01,77814.14,1776955327000
1776955330.127,130.127,0.29,0.3,0.7,0.71,0.01,0.01,77815.42,1776955328000
1776955330.688,130.688,0.29,0.3,0.7,0.71,0.01,0.01,77816.6,1776955329000
1776955331.196,131.196,0.28,0.3,0.7,0.71,0.02,0.01,77816.6,1776955329000
1776955331.671,131.671,0.28,0.3,0.7,0.72,0.02,0.02,77817.33,1776955330000
1776955332.205,132.205,0.28,0.29,0.7,0.72,0.01,0.02,77817.33,1776955330000
1776955332.744,132.744,0.28,0.3,0.7,0.72,0.02,0.02,77817.24,1776955331000
1776955333.467,133.467,0.28,0.3,0.7,0.72,0.02,0.02,77817.24,1776955332000
1776955333.84,133.84,0.29,0.3,0.7,0.71,0.01,0.01,77817.24,1776955332000
1776955334.294,134.294,0.29,0.3,0.7,0.71,0.01,0.01,77817.24,1776955332000
1776955334.868,134.868,0.29,0.3,0.7,0.71,0.01,0.01,77817.55,1776955333000
1776955335.577,135.577,0.3,0.31,0.69,0.7,0.01,0.01,77817.55,1776955333000
1776955335.919,135.919,0.3,0.31,0.69,0.7,0.01,0.01,77821.45,1776955334000
1776955336.255,136.255,0.3,0.31,0.69,0.7,0.01,0.01,77822.99,1776955335000
1776955336.596,136.596,0.3,0.31,0.69,0.7,0.01,0.01,77822.99,1776955335000
1776955337.0,137.0,0.3,0.31,0.69,0.7,0.01,0.01,77822.99,1776955335000
1776955337.407,137.407,0.25,0.26,0.71,0.72,0.01,0.01,77822.99,1776955335000
1776955337.778,137.778,0.25,0.26,0.72,0.75,0.01,0.03,77822.99,1776955335000
1776955338.427,138.427,0.26,0.27,0.73,0.75,0.01,0.02,77823.78,1776955336000
1776955338.764,138.764,0.26,0.27,0.73,0.74,0.01,0.01,77814.34,1776955337000
1776955339.105,139.105,0.26,0.27,0.73,0.74,0.01,0.01,77814.34,1776955337000
1776955340.156,140.156,0.26,0.27,0.73,0.74,0.01,0.01,77813.3,1776955338000
1776955340.559,140.559,0.26,0.27,0.73,0.74,0.01,0.01,77814.75,1776955339000
1776955341.408,141.408,0.26,0.27,0.73,0.74,0.01,0.01,77814.75,1776955340000
1776955341.766,141.766,0.26,0.27,0.73,0.74,0.01,0.01,77814.75,1776955340000
1776955342.12,142.12,0.26,0.27,0.73,0.74,0.01,0.01,77814.75,1776955340000
1776955342.51,142.51,0.26,0.27,0.73,0.74,0.01,0.01,77814.75,1776955340000
1776955342.936,142.936,0.26,0.27,0.73,0.74,0.01,0.01,77814.75,1776955340000
1776955343.29,143.29,0.26,0.27,0.73,0.74,0.01,0.01,77814.17,1776955341000
1776955343.68,143.68,0.26,0.27,0.73,0.74,0.01,0.01,77813.51,1776955342000
1776955344.141,144.141,0.26,0.27,0.73,0.74,0.01,0.01,77813.51,1776955342000
1776955344.481,144.481,0.23,0.26,0.74,0.76,0.03,0.02,77813.2,1776955343000
1776955344.964,144.964,0.22,0.24,0.76,0.78,0.02,0.02,77813.2,1776955343000
1776955345.336,145.336,0.22,0.23,0.77,0.78,0.01,0.01,77803.78,1776955344000
1776955345.708,145.708,0.22,0.23,0.77,0.78,0.01,0.01,77803.78,1776955344000
1776955346.045,146.045,0.22,0.23,0.77,0.78,0.01,0.01,77800.7,1776955345000
1776955346.477,146.477,0.21,0.22,0.78,0.79,0.01,0.01,77800.7,1776955345000
1776955346.924,146.924,0.21,0.22,0.78,0.79,0.01,0.01,77800.7,1776955345000
1776955347.418,147.418,0.21,0.22,0.78,0.79,0.01,0.01,77800.7,1776955346000
1776955347.764,147.764,0.21,0.22,0.78,0.79,0.01,0.01,77800.7,1776955346000
1776955348.332,148.332,0.21,0.22,0.78,0.79,0.01,0.01,77800.37,1776955347000
1776955348.771,148.771,0.21,0.22,0.78,0.79,0.01,0.01,77800.37,1776955347000
1776955349.822,149.822,0.21,0.22,0.78,0.79,0.01,0.01,77799.97,1776955349000
1776955350.751,150.751,0.21,0.22,0.78,0.79,0.01,0.01,77799.97,1776955349000
1776955351.297,151.297,0.21,0.22,0.78,0.79,0.01,0.01,77799.96,1776955350000
1776955351.809,151.809,0.21,0.22,0.78,0.79,0.01,0.01,77799.96,1776955350000
1776955352.188,152.188,0.2,0.22,0.78,0.8,0.02,0.02,77799.96,1776955350000
1776955352.747,152.747,0.21,0.22,0.78,0.8,0.01,0.02,77797.21,1776955351000
1776955353.08,153.08,0.28,0.29,0.71,0.72,0.01,0.01,77797.21,1776955351000
1776955353.427,153.427,0.28,0.29,0.71,0.72,0.01,0.01,77807.48,1776955352000
1776955353.767,153.767,0.32,0.33,0.67,0.68,0.01,0.01,77807.48,1776955352000
1776955354.196,154.196,0.32,0.33,0.67,0.68,0.01,0.01,77807.48,1776955352000
1776955354.543,154.543,0.32,0.33,0.67,0.68,0.01,0.01,77819.89,1776955353000
1776955354.999,154.999,0.32,0.33,0.67,0.68,0.01,0.01,77819.89,1776955353000
1776955355.391,155.391,0.32,0.33,0.67,0.68,0.01,0.01,77825.4,1776955354000
1776955355.816,155.816,0.28,0.29,0.67,0.72,0.01,0.05,77825.4,1776955354000
1776955356.186,156.186,0.28,0.29,0.71,0.72,0.01,0.01,77825.4,1776955354000
1776955356.718,156.718,0.28,0.3,0.71,0.72,0.02,0.01,77827.68,1776955355000
1776955357.108,157.108,0.28,0.3,0.7,0.72,0.02,0.02,77827.68,1776955355000
1776955357.508,157.508,0.28,0.29,0.7,0.72,0.01,0.02,77825.51,1776955356000
1776955358.042,158.042,0.28,0.29,0.71,0.72,0.01,0.01,77825.51,1776955356000
1776955358.408,158.408,0.28,0.29,0.71,0.72,0.01,0.01,77825.51,1776955356000
1776955358.784,158.784,0.28,0.29,0.71,0.73,0.01,0.02,77822.29,1776955357000
1776955359.225,159.225,0.27,0.28,0.72,0.73,0.01,0.01,77817.71,1776955358000
1776955359.759,159.759,0.25,0.29,0.7,0.75,0.04,0.05,77817.71,1776955358000
1776955360.505,160.505,0.27,0.28,0.71,0.72,0.01,0.01,77813.2,1776955359000
1776955360.852,160.852,0.26,0.27,0.73,0.74,0.01,0.01,77813.2,1776955359000
1776955361.357,161.357,0.26,0.27,0.74,0.75,0.01,0.01,77811.82,1776955360000
1776955361.697,161.697,0.26,0.28,0.72,0.74,0.02,0.02,77811.82,1776955360000
1776955362.219,162.219,0.26,0.28,0.72,0.74,0.02,0.02,77817.0,1776955361000
1776955362.681,162.681,0.27,0.28,0.72,0.73,0.01,0.01,77817.0,1776955361000
1776955363.018,163.018,0.27,0.29,0.71,0.73,0.02,0.02,77817.0,1776955361000
1776955363.352,163.352,0.28,0.3,0.7,0.72,0.02,0.02,77822.32,1776955362000
1776955363.729,163.729,0.29,0.3,0.7,0.71,0.01,0.01,77822.32,1776955362000
1776955364.097,164.097,0.33,0.34,0.66,0.67,0.01,0.01,77822.32,1776955362000
1776955364.445,164.445,0.33,0.35,0.66,0.67,0.02,0.01,77828.19,1776955363000
1776955364.827,164.827,0.34,0.35,0.65,0.66,0.01,0.01,77828.19,1776955363000
1776955365.233,165.233,0.34,0.35,0.65,0.66,0.01,0.01,77828.19,1776955363000
1776955365.567,165.567,0.34,0.36,0.64,0.66,0.02,0.02,77829.73,1776955364000
1776955366.394,166.394,0.35,0.36,0.65,0.66,0.01,0.01,77830.8,1776955365000
1776955366.92,166.92,0.35,0.36,0.64,0.65,0.01,0.01,77833.57,1776955366000
1776955367.638,167.638,0.35,0.36,0.64,0.65,0.01,0.01,77833.57,1776955366000
1776955368.043,168.043,0.35,0.36,0.64,0.65,0.01,0.01,77833.7,1776955367000
1776955369.056,169.056,0.35,0.36,0.64,0.65,0.01,0.01,77837.67,1776955368000
1776955369.403,169.403,0.35,0.37,0.63,0.65,0.02,0.02,77837.67,1776955368000
1776955369.795,169.795,0.35,0.38,0.62,0.65,0.03,0.03,77837.67,1776955368000
1776955370.151,170.151,0.45,0.46,0.54,0.55,0.01,0.01,77837.67,1776955368000
1776955370.501,170.501,0.45,0.48,0.53,0.55,0.03,0.02,77848.56,1776955369000
1776955370.875,170.875,0.45,0.49,0.51,0.55,0.04,0.04,77848.56,1776955369000
1776955371.231,171.231,0.45,0.46,0.54,0.55,0.01,0.01,77849.31,1776955370000
1776955371.626,171.626,0.43,0.44,0.56,0.57,0.01,0.01,77849.31,1776955370000
1776955372.001,172.001,0.42,0.43,0.56,0.58,0.01,0.02,77849.31,1776955370000
1776955372.356,172.356,0.42,0.43,0.57,0.58,0.01,0.01,77849.31,1776955370000
1776955372.914,172.914,0.42,0.43,0.57,0.58,0.01,0.01,77849.48,1776955371000
1776955373.426,173.426,0.42,0.43,0.57,0.58,0.01,0.01,77849.48,1776955372000
1776955373.846,173.846,0.42,0.43,0.57,0.58,0.01,0.01,77845.21,1776955373000
1776955374.863,174.863,0.42,0.43,0.57,0.58,0.01,0.01,77845.21,1776955373000
1776955375.241,175.241,0.42,0.44,0.57,0.58,0.02,0.01,77845.16,1776955374000
1776955375.681,175.681,0.44,0.47,0.54,0.56,0.03,0.02,77845.16,1776955374000
1776955376.172,176.172,0.44,0.47,0.53,0.56,0.03,0.03,77845.16,1776955374000
1776955376.779,176.779,0.44,0.48,0.53,0.56,0.04,0.03,77848.25,1776955375000
1776955377.165,177.165,0.45,0.46,0.54,0.55,0.01,0.01,77848.25,1776955375000
1776955377.545,177.545,0.45,0.47,0.54,0.55,0.02,0.01,77849.02,1776955376000
1776955377.937,177.937,0.46,0.47,0.53,0.54,0.01,0.01,77849.02,1776955376000
1776955378.299,178.299,0.46,0.47,0.53,0.54,0.01,0.01,77849.55,1776955377000
1776955379.111,179.111,0.46,0.47,0.53,0.54,0.01,0.01,77849.55,1776955377000
1776955379.456,179.456,0.46,0.48,0.52,0.54,0.02,0.02,77849.55,1776955378000
1776955379.884,179.884,0.47,0.48,0.52,0.53,0.01,0.01,77849.55,1776955378000
1776955380.337,180.337,0.47,0.48,0.52,0.53,0.01,0.01,77848.79,1776955379000
1776955380.822,180.822,0.48,0.49,0.51,0.52,0.01,0.01,77848.79,1776955379000
1776955381.186,181.186,0.48,0.49,0.51,0.52,0.01,0.01,77849.77,1776955380000
1776955381.522,181.522,0.48,0.49,0.51,0.52,0.01,0.01,77849.77,1776955380000
1776955381.874,181.874,0.48,0.49,0.51,0.52,0.01,0.01,77849.77,1776955380000
1776955382.294,182.294,0.49,0.5,0.5,0.52,0.01,0.02,77850.73,1776955381000
1776955382.648,182.648,0.49,0.5,0.5,0.51,0.01,0.01,77850.73,1776955381000
1776955382.995,182.995,0.39,0.45,0.55,0.6,0.06,0.05,77850.73,1776955381000
1776955383.457,183.457,0.37,0.4,0.6,0.63,0.03,0.03,77853.38,1776955382000
1776955383.811,183.811,0.38,0.39,0.6,0.64,0.01,0.04,77853.38,1776955382000
1776955384.157,184.157,0.38,0.39,0.61,0.62,0.01,0.01,77853.38,1776955382000
1776955384.535,184.535,0.38,0.39,0.61,0.62,0.01,0.01,77845.13,1776955383000
1776955385.09,185.09,0.39,0.4,0.6,0.62,0.01,0.02,77845.13,1776955383000
1776955385.552,185.552,0.39,0.4,0.6,0.61,0.01,0.01,77842.33,1776955384000
1776955385.916,185.916,0.41,0.48,0.52,0.59,0.07,0.07,77842.33,1776955384000
1776955386.301,186.301,0.44,0.46,0.52,0.57,0.02,0.05,77842.33,1776955384000
1776955386.655,186.655,0.44,0.45,0.55,0.56,0.01,0.01,77848.18,1776955385000
1776955387.006,187.006,0.44,0.45,0.55,0.56,0.01,0.01,77850.29,1776955386000
1776955387.362,187.362,0.44,0.45,0.55,0.56,0.01,0.01,77850.29,1776955386000
1776955387.709,187.709,0.44,0.45,0.55,0.56,0.01,0.01,77850.29,1776955386000
1776955388.152,188.152,0.43,0.44,0.56,0.57,0.01,0.01,77851.37,1776955387000
1776955388.531,188.531,0.39,0.4,0.59,0.61,0.01,0.02,77851.37,1776955387000
1776955388.875,188.875,0.37,0.4,0.6,0.63,0.03,0.03,77851.37,1776955387000
1776955389.223,189.223,0.35,0.36,0.64,0.67,0.01,0.03,77850.21,1776955388000
1776955389.572,189.572,0.35,0.36,0.64,0.65,0.01,0.01,77850.21,1776955388000
1776955389.925,189.925,0.35,0.36,0.64,0.65,0.01,0.01,77850.21,1776955388000
1776955390.263,190.263,0.36,0.38,0.63,0.64,0.02,0.01,77849.84,1776955389000
1776955390.76,190.76,0.37,0.38,0.62,0.63,0.01,0.01,77849.84,1776955389000
1776955391.272,191.272,0.37,0.38,0.62,0.63,0.01,0.01,77838.32,1776955390000
1776955391.998,191.998,0.37,0.38,0.62,0.63,0.01,0.01,77838.65,1776955391000
1776955392.45,192.45,0.37,0.38,0.62,0.63,0.01,0.01,77838.65,1776955391000
1776955393.027,193.027,0.37,0.38,0.62,0.63,0.01,0.01,77839.97,1776955392000
1776955393.383,193.383,0.37,0.38,0.62,0.63,0.01,0.01,77839.97,1776955392000
1776955393.993,193.993,0.37,0.38,0.62,0.63,0.01,0.01,77840.8,1776955393000
1776955394.983,194.983,0.37,0.38,0.62,0.63,0.01,0.01,77843.43,1776955394000
1776955395.46,195.46,0.37,0.38,0.62,0.63,0.01,0.01,77843.43,1776955394000
1776955395.942,195.942,0.39,0.4,0.6,0.61,0.01,0.01,77843.82,1776955395000
1776955396.296,196.296,0.39,0.4,0.6,0.61,0.01,0.01,77843.82,1776955395000
1776955396.686,196.686,0.39,0.4,0.6,0.61,0.01,0.01,77843.82,1776955395000
1776955397.123,197.123,0.39,0.4,0.6,0.61,0.01,0.01,77843.82,1776955395000
1776955397.722,197.722,0.39,0.4,0.6,0.61,0.01,0.01,77842.89,1776955396000
1776955398.291,198.291,0.39,0.4,0.6,0.61,0.01,0.01,77842.89,1776955396000
1776955398.799,198.799,0.44,0.47,0.57,0.58,0.03,0.01,77842.88,1776955397000
1776955399.262,199.262,0.47,0.49,0.51,0.53,0.02,0.02,77842.88,1776955397000
1776955399.596,199.596,0.47,0.49,0.51,0.53,0.02,0.02,77842.23,1776955398000
1776955400.047,200.047,0.47,0.49,0.51,0.53,0.02,0.02,77842.23,1776955398000
1776955400.417,200.417,0.47,0.49,0.51,0.53,0.02,0.02,77851.57,1776955399000
1776955400.762,200.762,0.47,0.5,0.51,0.53,0.03,0.02,77851.57,1776955399000
1776955401.313,201.313,0.48,0.5,0.5,0.52,0.02,0.02,77861.28,1776955400000
1776955401.732,201.732,0.49,0.5,0.5,0.52,0.01,0.02,77861.28,1776955400000
1776955402.154,202.154,0.49,0.5,0.5,0.51,0.01,0.01,77861.28,1776955400000
1776955402.488,202.488,0.49,0.5,0.5,0.51,0.01,0.01,77866.53,1776955401000
1776955402.881,202.881,0.5,0.51,0.49,0.5,0.01,0.01,77866.53,1776955401000
1776955403.252,203.252,0.5,0.51,0.49,0.5,0.01,0.01,77866.53,1776955402000
1776955403.688,203.688,0.5,0.53,0.47,0.5,0.03,0.03,77866.53,1776955402000
1776955404.034,204.034,0.5,0.53,0.47,0.5,0.03,0.03,77866.53,1776955402000
1776955404.55,204.55,0.52,0.57,0.44,0.48,0.05,0.04,77870.39,1776955403000
1776955404.897,204.897,0.5,0.57,0.43,0.5,0.07,0.07,77870.39,1776955403000
1776955405.322,205.322,0.51,0.55,0.45,0.49,0.04,0.04,77872.13,1776955404000
1776955405.869,205.869,0.52,0.53,0.47,0.49,0.01,0.02,77872.13,1776955404000
1776955406.227,206.227,0.53,0.54,0.44,0.47,0.01,0.03,77872.13,1776955404000
1776955406.576,206.576,0.53,0.55,0.45,0.47,0.02,0.02,77872.13,1776955404000
1776955406.922,206.922,0.55,0.57,0.44,0.45,0.02,0.01,77873.9,1776955405000
1776955407.267,207.267,0.56,0.57,0.43,0.44,0.01,0.01,77874.37,1776955406000
1776955407.631,207.631,0.56,0.57,0.43,0.44,0.01,0.01,77874.37,1776955406000
1776955408.047,208.047,0.56,0.57,0.43,0.44,0.01,0.01,77874.37,1776955406000
1776955408.502,208.502,0.56,0.57,0.43,0.44,0.01,0.01,77874.37,1776955406000
1776955408.838,208.838,0.56,0.57,0.43,0.44,0.01,0.01,77874.41,1776955407000
1776955409.433,209.433,0.56,0.57,0.43,0.44,0.01,0.01,77874.41,1776955407000
1776955409.823,209.823,0.55,0.56,0.44,0.45,0.01,0.01,77873.1,1776955408000
1776955410.352,210.352,0.54,0.55,0.45,0.46,0.01,0.01,77872.39,1776955409000
1776955410.778,210.778,0.52,0.55,0.45,0.46,0.03,0.01,77872.39,1776955409000
1776955411.115,211.115,0.52,0.55,0.45,0.48,0.03,0.03,77872.39,1776955409000
1776955411.72,211.72,0.54,0.56,0.44,0.47,0.02,0.03,77872.39,1776955409000
1776955412.076,212.076,0.54,0.56,0.44,0.46,0.02,0.02,77869.41,1776955410000
1776955412.508,212.508,0.55,0.56,0.44,0.45,0.01,0.01,77869.41,1776955410000
1776955413.152,213.152,0.56,0.57,0.43,0.44,0.01,0.01,77870.31,1776955411000
1776955413.56,213.56,0.56,0.57,0.43,0.44,0.01,0.01,77872.19,1776955412000
1776955413.961,213.961,0.57,0.58,0.43,0.44,0.01,0.01,77872.19,1776955412000
1776955414.38,214.38,0.57,0.58,0.42,0.43,0.01,0.01,77872.19,1776955412000
1776955414.725,214.725,0.57,0.58,0.42,0.43,0.01,0.01,77872.19,1776955412000
1776955415.147,215.147,0.57,0.58,0.42,0.43,0.01,0.01,77872.19,1776955412000
1776955415.498,215.498,0.61,0.62,0.38,0.39,0.01,0.01,77872.19,1776955412000
1776955415.877,215.877,0.61,0.62,0.38,0.39,0.01,0.01,77872.19,1776955412000
1776955416.38,216.38,0.61,0.63,0.38,0.39,0.02,0.01,77870.97,1776955414000
1776955416.998,216.998,0.61,0.63,0.37,0.39,0.02,0.02,77876.93,1776955416000
1776955418.13,218.13,0.61,0.63,0.37,0.39,0.02,0.02,77880.54,1776955417000
1776955419.192,219.192,0.61,0.63,0.37,0.39,0.02,0.02,77885.9,1776955418000
1776955419.535,219.535,0.62,0.63,0.37,0.38,0.01,0.01,77885.9,1776955418000
1776955420.087,220.087,0.64,0.67,0.33,0.36,0.03,0.03,77885.9,1776955418000
1776955420.471,220.471,0.64,0.67,0.33,0.36,0.03,0.03,77890.28,1776955419000
1776955421.0,221.0,0.64,0.67,0.33,0.36,0.03,0.03,77890.28,1776955419000
1776955421.873,221.873,0.62,0.67,0.33,0.38,0.05,0.05,77891.22,1776955420000
1776955422.266,222.266,0.63,0.67,0.33,0.37,0.04,0.04,77891.22,1776955420000
1776955422.651,222.651,0.64,0.7,0.3,0.35,0.06,0.05,77882.51,1776955421000
1776955423.036,223.036,0.64,0.67,0.33,0.34,0.03,0.01,77882.51,1776955421000
1776955423.373,223.373,0.63,0.64,0.35,0.37,0.01,0.02,77882.51,1776955421000
1776955423.732,223.732,0.63,0.64,0.36,0.37,0.01,0.01,77880.24,1776955422000
1776955424.067,224.067,0.62,0.64,0.36,0.38,0.02,0.02,77880.24,1776955423000
1776955424.431,224.431,0.61,0.62,0.38,0.39,0.01,0.01,77880.24,1776955423000
1776955424.835,224.835,0.61,0.62,0.38,0.39,0.01,0.01,77880.24,1776955423000
1776955425.324,225.324,0.61,0.62,0.38,0.39,0.01,0.01,77880.24,1776955423000
1776955425.719,225.719,0.64,0.65,0.35,0.36,0.01,0.01,77881.89,1776955424000
1776955426.168,226.168,0.64,0.65,0.35,0.36,0.01,0.01,77881.89,1776955424000
1776955426.545,226.545,0.64,0.65,0.35,0.36,0.01,0.01,77880.99,1776955425000
1776955426.926,226.926,0.64,0.65,0.35,0.36,0.01,0.01,77882.56,1776955426000
1776955428.208,228.208,0.64,0.65,0.35,0.36,0.01,0.01,77882.9,1776955427000
1776955429.032,229.032,0.64,0.65,0.35,0.36,0.01,0.01,77882.9,1776955427000
1776955429.437,229.437,0.64,0.65,0.35,0.36,0.01,0.01,77885.6,1776955428000
1776955429.842,229.842,0.64,0.65,0.35,0.36,0.01,0.01,77885.6,1776955428000
1776955430.186,230.186,0.64,0.65,0.35,0.36,0.01,0.01,77886.11,1776955429000
1776955430.538,230.538,0.64,0.65,0.35,0.36,0.01,0.01,77886.11,1776955429000
1776955430.906,230.906,0.64,0.65,0.35,0.36,0.01,0.01,77886.11,1776955429000
1776955431.401,231.401,0.64,0.67,0.33,0.36,0.03,0.03,77886.11,1776955429000
1776955431.838,231.838,0.64,0.65,0.33,0.36,0.01,0.03,77886.61,1776955430000
1776955432.184,232.184,0.64,0.65,0.35,0.36,0.01,0.01,77887.67,1776955431000
1776955432.559,232.559,0.64,0.65,0.35,0.36,0.01,0.01,77887.67,1776955431000
1776955432.902,232.902,0.67,0.68,0.3,0.34,0.01,0.04,77887.67,1776955431000
1776955433.243,233.243,0.68,0.69,0.31,0.33,0.01,0.02,77888.23,1776955432000
1776955433.581,233.581,0.68,0.69,0.31,0.32,0.01,0.01,77888.23,1776955432000
1776955433.98,233.98,0.68,0.69,0.31,0.32,0.01,0.01,77888.23,1776955432000
1776955435.337,235.337,0.68,0.69,0.31,0.32,0.01,0.01,77888.63,1776955434000
1776955435.856,235.856,0.68,0.69,0.31,0.32,0.01,0.01,77888.63,1776955435000
1776955436.257,236.257,0.67,0.69,0.31,0.32,0.02,0.01,77888.63,1776955435000
1776955436.622,236.622,0.67,0.68,0.32,0.33,0.01,0.01,77888.63,1776955435000
1776955437.03,237.03,0.67,0.68,0.32,0.33,0.01,0.01,77888.63,1776955435000
1776955437.447,237.447,0.67,0.68,0.32,0.33,0.01,0.01,77888.53,1776955436000
1776955437.89,237.89,0.66,0.68,0.31,0.34,0.02,0.03,77888.53,1776955436000
1776955438.267,238.267,0.65,0.68,0.33,0.35,0.03,0.02,77887.98,1776955437000
1776955438.691,238.691,0.66,0.67,0.33,0.35,0.01,0.02,77887.98,1776955437000
1776955439.167,239.167,0.63,0.68,0.33,0.37,0.05,0.04,77886.72,1776955438000
1776955439.667,239.667,0.63,0.68,0.32,0.37,0.05,0.05,77886.72,1776955438000
1776955440.011,240.011,0.66,0.68,0.32,0.37,0.02,0.05,77886.63,1776955439000
1776955440.483,240.483,0.64,0.66,0.34,0.35,0.02,0.01,77886.63,1776955439000
1776955440.839,240.839,0.66,0.67,0.32,0.34,0.01,0.02,77886.63,1776955439000
1776955441.246,241.246,0.65,0.66,0.34,0.35,0.01,0.01,77885.87,1776955440000
1776955441.6,241.6,0.66,0.67,0.33,0.35,0.01,0.02,77885.87,1776955440000
1776955441.942,241.942,0.68,0.74,0.26,0.32,0.06,0.06,77885.87,1776955440000
1776955442.345,242.345,0.74,0.76,0.24,0.27,0.02,0.03,77885.88,1776955441000
1776955442.696,242.696,0.75,0.77,0.23,0.26,0.02,0.03,77885.88,1776955441000
1776955443.043,243.043,0.76,0.78,0.23,0.24,0.02,0.01,77885.88,1776955441000
1776955443.466,243.466,0.76,0.77,0.23,0.25,0.01,0.02,77891.66,1776955442000
1776955444.316,244.316,0.76,0.78,0.22,0.24,0.02,0.02,77896.99,1776955443000
1776955444.913,244.913,0.76,0.77,0.22,0.24,0.01,0.02,77896.99,1776955443000
1776955445.391,245.391,0.77,0.78,0.22,0.23,0.01,0.01,77896.99,1776955443000
1776955446.425,246.425,0.77,0.78,0.22,0.23,0.01,0.01,77903.65,1776955445000
1776955446.85,246.85,0.77,0.78,0.22,0.23,0.01,0.01,77903.65,1776955445000
1776955448.033,248.033,0.77,0.79,0.22,0.23,0.02,0.01,77905.74,1776955446000
1776955448.393,248.393,0.77,0.79,0.21,0.23,0.02,0.02,77906.81,1776955447000
1776955448.842,248.842,0.77,0.8,0.2,0.23,0.03,0.03,77906.81,1776955447000
1776955449.191,249.191,0.79,0.8,0.2,0.24,0.01,0.04,77906.81,1776955447000
1776955449.649,249.649,0.77,0.8,0.2,0.23,0.03,0.03,77906.81,1776955447000
1776955449.983,249.983,0.77,0.8,0.2,0.23,0.03,0.03,77904.67,1776955448000
1776955450.316,250.316,0.77,0.78,0.18,0.34,0.01,0.16,77904.67,1776955448000
1776955450.663,250.663,0.71,0.73,0.27,0.29,0.02,0.02,77898.78,1776955449000
1776955451.014,251.014,0.71,0.72,0.28,0.29,0.01,0.01,77896.47,1776955450000
1776955451.382,251.382,0.7,0.71,0.29,0.3,0.01,0.01,77896.47,1776955450000
1776955451.812,251.812,0.7,0.71,0.29,0.3,0.01,0.01,77896.47,1776955450000
1776955452.289,252.289,0.7,0.71,0.27,0.3,0.01,0.03,77896.47,1776955450000
1776955452.725,252.725,0.74,0.75,0.25,0.26,0.01,0.01,77890.31,1776955451000
1776955453.181,253.181,0.73,0.75,0.25,0.27,0.02,0.02,77890.31,1776955452000
1776955453.7,253.7,0.74,0.75,0.25,0.26,0.01,0.01,77890.31,1776955452000
1776955454.122,254.122,0.71,0.75,0.24,0.26,0.04,0.02,77890.31,1776955452000
1776955454.533,254.533,0.75,0.76,0.24,0.25,0.01,0.01,77896.03,1776955453000
1776955455.612,255.612,0.74,0.76,0.24,0.25,0.02,0.01,77896.03,1776955453000
1776955455.959,255.959,0.74,0.76,0.24,0.26,0.02,0.02,77896.03,1776955453000
1776955456.346,256.346,0.74,0.76,0.24,0.26,0.02,0.02,77902.42,1776955454000
1776955456.765,256.765,0.74,0.75,0.24,0.26,0.01,0.02,77902.42,1776955454000
1776955457.412,257.412,0.74,0.76,0.24,0.26,0.02,0.02,77907.39,1776955455000
1776955457.836,257.836,0.74,0.76,0.24,0.26,0.02,0.02,77911.67,1776955456000
1776955458.308,258.308,0.74,0.76,0.24,0.26,0.02,0.02,77911.67,1776955456000
1776955458.788,258.788,0.74,0.77,0.23,0.26,0.03,0.03,77912.37,1776955457000
1776955459.199,259.199,0.75,0.77,0.23,0.25,0.02,0.02,77912.37,1776955457000
1776955460.001,260.001,0.75,0.77,0.23,0.25,0.02,0.02,77913.4,1776955458000
1776955460.368,260.368,0.75,0.77,0.23,0.25,0.02,0.02,77913.4,1776955458000
1776955460.705,260.705,0.78,0.86,0.14,0.19,0.08,0.05,77913.4,1776955458000
1776955461.41,261.41,0.7,0.73,0.27,0.3,0.03,0.03,77920.52,1776955460000
1776955461.836,261.836,0.72,0.74,0.26,0.28,0.02,0.02,77920.52,1776955460000
1776955462.181,262.181,0.75,0.76,0.24,0.25,0.01,0.01,77921.21,1776955461000
1776955462.572,262.572,0.75,0.85,0.15,0.25,0.1,0.1,77921.21,1776955461000
1776955462.931,262.931,0.74,0.75,0.15,0.26,0.01,0.11,77921.21,1776955461000
1776955463.267,263.267,0.75,0.77,0.23,0.28,0.02,0.05,77921.21,1776955461000
1776955463.62,263.62,0.83,0.88,0.12,0.17,0.05,0.05,77921.21,1776955461000
1776955463.969,263.969,0.78,0.8,0.2,0.21,0.02,0.01,77921.57,1776955462000
1776955464.507,264.507,0.78,0.8,0.2,0.22,0.02,0.02,77921.57,1776955462000
1776955464.842,264.842,0.81,0.84,0.16,0.19,0.03,0.03,77920.79,1776955463000
1776955465.479,265.479,0.82,0.83,0.14,0.18,0.01,0.04,77922.99,1776955464000
1776955465.941,265.941,0.79,0.86,0.14,0.18,0.07,0.04,77922.99,1776955464000
1776955466.289,266.289,0.85,0.86,0.14,0.15,0.01,0.01,77922.73,1776955465000
1776955466.694,266.694,0.85,0.87,0.13,0.15,0.02,0.02,77922.73,1776955465000
1776955467.187,267.187,0.81,0.82,0.1,0.19,0.01,0.09,77922.73,1776955465000
1776955467.525,267.525,0.81,0.82,0.18,0.19,0.01,0.01,77924.01,1776955466000
1776955467.92,267.92,0.81,0.87,0.13,0.19,0.06,0.06,77924.01,1776955466000
1776955468.264,268.264,0.82,0.85,0.15,0.17,0.03,0.02,77924.01,1776955467000
1776955468.687,268.687,0.82,0.83,0.13,0.2,0.01,0.07,77924.01,1776955467000
1776955469.023,269.023,0.82,0.83,0.17,0.18,0.01,0.01,77924.01,1776955467000
1776955469.373,269.373,0.82,0.83,0.17,0.18,0.01,0.01,77922.48,1776955468000
1776955469.781,269.781,0.82,0.83,0.17,0.18,0.01,0.01,77922.48,1776955468000
1776955470.334,270.334,0.82,0.83,0.17,0.18,0.01,0.01,77922.47,1776955469000
1776955470.667,270.667,0.82,0.89,0.11,0.18,0.07,0.07,77922.47,1776955469000
1776955471.017,271.017,0.82,0.9,0.1,0.18,0.08,0.08,77922.15,1776955470000
1776955471.351,271.351,0.85,0.87,0.13,0.14,0.02,0.01,77922.15,1776955470000
1776955471.751,271.751,0.82,0.83,0.15,0.16,0.01,0.01,77922.15,1776955470000
1776955472.086,272.086,0.82,0.85,0.17,0.18,0.03,0.01,77922.77,1776955471000
1776955472.448,272.448,0.86,0.9,0.12,0.14,0.04,0.02,77922.77,1776955471000
1776955472.833,272.833,0.88,0.89,0.11,0.12,0.01,0.01,77922.77,1776955471000
1776955473.184,273.184,0.87,0.88,0.12,0.13,0.01,0.01,77922.77,1776955471000
1776955473.534,273.534,0.87,0.88,0.12,0.13,0.01,0.01,77923.0,1776955472000
1776955473.91,273.91,0.87,0.88,0.12,0.13,0.01,0.01,77922.97,1776955473000
1776955474.376,274.376,0.87,0.88,0.12,0.13,0.01,0.01,77922.97,1776955473000
1776955475.31,275.31,0.87,0.88,0.12,0.13,0.01,0.01,77925.37,1776955474000
1776955475.996,275.996,0.87,0.88,0.12,0.13,0.01,0.01,77925.37,1776955474000
1776955476.409,276.409,0.87,0.88,0.12,0.13,0.01,0.01,77929.11,1776955475000
1776955476.825,276.825,0.87,0.88,0.12,0.13,0.01,0.01,77929.11,1776955475000
1776955477.426,277.426,0.87,0.88,0.12,0.13,0.01,0.01,77934.53,1776955476000
1776955477.791,277.791,0.87,0.88,0.12,0.13,0.01,0.01,77934.53,1776955476000
1776955478.145,278.145,0.87,0.88,0.12,0.13,0.01,0.01,77937.34,1776955477000
1776955478.481,278.481,0.88,0.9,0.1,0.12,0.02,0.02,77937.34,1776955477000
1776955478.893,278.893,0.87,0.88,0.12,0.13,0.01,0.01,77937.34,1776955477000
1776955479.271,279.271,0.87,0.88,0.12,0.13,0.01,0.01,77933.79,1776955478000
1776955479.608,279.608,0.87,0.88,0.12,0.13,0.01,0.01,77933.79,1776955478000
1776955480.043,280.043,0.88,0.9,0.1,0.12,0.02,0.02,77933.79,1776955478000
1776955480.46,280.46,0.89,0.9,0.1,0.12,0.01,0.02,77933.25,1776955479000
1776955480.798,280.798,0.89,0.9,0.1,0.11,0.01,0.01,77933.25,1776955479000
1776955481.151,281.151,0.89,0.9,0.1,0.11,0.01,0.01,77933.25,1776955479000
1776955481.49,281.49,0.89,0.9,0.1,0.11,0.01,0.01,77933.25,1776955479000
1776955481.946,281.946,0.89,0.9,0.1,0.11,0.01,0.01,77937.65,1776955480000
1776955482.397,282.397,0.92,0.94,0.07,0.08,0.02,0.01,77937.97,1776955481000
1776955482.743,282.743,0.93,0.94,0.06,0.07,0.01,0.01,77937.97,1776955481000
1776955483.077,283.077,0.93,0.94,0.06,0.07,0.01,0.01,77937.97,1776955482000
1776955483.489,283.489,0.93,0.94,0.06,0.07,0.01,0.01,77937.97,1776955482000
1776955483.832,283.832,0.93,0.94,0.06,0.07,0.01,0.01,77937.97,1776955482000
1776955484.17,284.17,0.98,0.99,0.01,0.02,0.01,0.01,77937.97,1776955482000
1776955484.595,284.595,0.98,0.99,0.01,0.02,0.01,0.01,77938.43,1776955483000
1776955484.95,284.95,0.98,0.99,0.01,0.02,0.01,0.01,77938.43,1776955483000
1776955485.287,285.287,0.98,0.99,0.01,0.02,0.01,0.01,77938.43,1776955483000
1776955485.695,285.695,0.99,0.99,0.01,0.01,0.0,0.0,77936.9,1776955484000
1776955486.097,286.097,0.99,0.99,0.01,0.01,0.0,0.0,77936.9,1776955484000
1776955486.436,286.436,0.99,0.99,0.01,0.01,0.0,0.0,77937.45,1776955485000
1776955486.784,286.784,0.99,0.99,0.01,0.01,0.0,0.0,77937.45,1776955485000
1776955487.235,287.235,0.99,0.99,0.01,0.01,0.0,0.0,77938.64,1776955486000
1776955487.592,287.592,0.99,0.99,0.01,0.01,0.0,0.0,77938.64,1776955486000
1776955488.057,288.057,0.99,0.99,0.01,0.01,0.0,0.0,77938.64,1776955486000
1776955488.482,288.482,0.99,0.99,0.01,0.01,0.0,0.0,77940.51,1776955487000
1776955489.009,289.009,0.99,0.99,0.01,0.01,0.0,0.0,77940.51,1776955487000
1776955489.757,289.757,0.99,0.99,0.01,0.01,0.0,0.0,77943.49,1776955488000
1776955490.345,290.345,0.99,0.99,0.01,0.01,0.0,0.0,77943.49,1776955488000
1776955491.008,291.008,0.99,0.99,0.01,0.01,0.0,0.0,77943.61,1776955490000
1776955491.387,291.387,0.99,0.99,0.01,0.01,0.0,0.0,77943.61,1776955490000
1776955491.728,291.728,0.99,0.99,0.01,0.01,0.0,0.0,77943.61,1776955490000
1776955492.11,292.11,0.99,0.99,0.01,0.01,0.0,0.0,77941.87,1776955491000
1776955492.71,292.71,0.99,0.99,0.01,0.01,0.0,0.0,77941.87,1776955491000
1776955493.245,293.245,0.99,0.99,0.01,0.01,0.0,0.0,77941.87,1776955491000
1776955493.624,293.624,0.99,0.99,0.01,0.01,0.0,0.0,77941.87,1776955491000
1776955494.076,294.076,0.99,0.99,0.01,0.01,0.0,0.0,77937.15,1776955492000
1776955494.468,294.468,0.99,0.99,0.01,0.01,0.0,0.0,77937.24,1776955493000
1776955494.846,294.846,0.99,0.99,0.01,0.01,0.0,0.0,77937.24,1776955493000
1776955495.238,295.238,0.99,0.99,0.01,0.01,0.0,0.0,77937.06,1776955494000
1776955496.138,296.138,0.99,0.99,0.01,0.01,0.0,0.0,77926.86,1776955495000
1776955496.776,296.776,0.99,0.99,0.01,0.01,0.0,0.0,77926.86,1776955495000
1776955497.214,297.214,0.99,0.99,0.01,0.01,0.0,0.0,77926.86,1776955495000
1776955497.977,297.977,0.99,0.99,0.01,0.01,0.0,0.0,77922.22,1776955497000
1776955498.985,298.985,0.99,0.99,0.01,0.01,0.0,0.0,77922.25,1776955498000
1776955500.17,300.17,0.99,0.99,0.01,0.01,0.0,0.0,77922.56,1776955499000
1776955500.571,300.571,0.99,0.99,0.01,0.01,0.0,0.0,77922.56,1776955499000
1776955501.291,301.291,0.99,0.99,0.01,0.01,0.0,0.0,77922.09,1776955500000
1776955502.392,302.392,0.99,0.99,0.01,0.01,0.0,0.0,77924.48,1776955501000

# RESULT,winner=Up,slug=btc-updown-5m-1776955200,ticks=655
