timestamp,elapsed_sec,up_bid,up_ask,down_bid,down_ask,up_spread,down_spread,btc_price,btc_oracle_ts
1776111300.531,0.531,0.43,0.44,0.55,0.56,0.01,0.01,73119.67,1776111299000
1776111300.897,0.897,0.44,0.45,0.55,0.56,0.01,0.01,73112.88,1776111300000
1776111301.239,1.239,0.45,0.52,0.49,0.56,0.07,0.07,73112.88,1776111300000
1776111301.848,1.848,0.53,0.55,0.45,0.47,0.02,0.02,73112.88,1776111300000
1776111302.225,2.225,0.53,0.54,0.46,0.47,0.01,0.01,73107.52,1776111301000
1776111302.559,2.559,0.53,0.54,0.46,0.47,0.01,0.01,73107.52,1776111301000
1776111302.893,2.893,0.53,0.54,0.46,0.47,0.01,0.01,73107.52,1776111301000
1776111303.412,3.412,0.53,0.54,0.46,0.47,0.01,0.01,73119.3,1776111302000
1776111303.761,3.761,0.53,0.54,0.46,0.47,0.01,0.01,73119.3,1776111302000
1776111304.145,4.145,0.57,0.58,0.39,0.43,0.01,0.04,73122.06,1776111303000
1776111304.519,4.519,0.58,0.59,0.41,0.42,0.01,0.01,73122.06,1776111303000
1776111304.856,4.856,0.55,0.58,0.43,0.45,0.03,0.02,73122.06,1776111303000
1776111305.277,5.277,0.56,0.57,0.43,0.44,0.01,0.01,73124.02,1776111304000
1776111305.664,5.664,0.55,0.57,0.43,0.46,0.02,0.03,73124.02,1776111304000
1776111306.282,6.282,0.55,0.56,0.44,0.45,0.01,0.01,73124.02,1776111304000
1776111306.636,6.636,0.55,0.56,0.44,0.45,0.01,0.01,73124.02,1776111304000
1776111307.048,7.048,0.55,0.56,0.44,0.45,0.01,0.01,73130.85,1776111305000
1776111307.449,7.449,0.55,0.56,0.44,0.45,0.01,0.01,73128.03,1776111306000
1776111307.8,7.8,0.55,0.56,0.44,0.45,0.01,0.01,73128.03,1776111306000
1776111308.159,8.159,0.56,0.57,0.44,0.45,0.01,0.01,73128.03,1776111306000
1776111308.494,8.494,0.56,0.57,0.43,0.44,0.01,0.01,73128.03,1776111306000
1776111308.868,8.868,0.56,0.57,0.43,0.44,0.01,0.01,73124.71,1776111307000
1776111309.229,9.229,0.56,0.57,0.43,0.44,0.01,0.01,73124.71,1776111307000
1776111309.658,9.658,0.56,0.57,0.43,0.44,0.01,0.01,73126.69,1776111308000
1776111309.996,9.996,0.56,0.57,0.43,0.44,0.01,0.01,73126.69,1776111308000
1776111310.344,10.344,0.57,0.58,0.42,0.43,0.01,0.01,73126.69,1776111308000
1776111310.698,10.698,0.57,0.58,0.42,0.43,0.01,0.01,73126.69,1776111308000
1776111311.069,11.069,0.56,0.57,0.43,0.44,0.01,0.01,73124.57,1776111309000
1776111311.427,11.427,0.57,0.58,0.42,0.43,0.01,0.01,73126.68,1776111310000
1776111311.775,11.775,0.57,0.59,0.41,0.43,0.02,0.02,73126.68,1776111310000
1776111312.131,12.131,0.58,0.6,0.41,0.42,0.02,0.01,73126.68,1776111310000
1776111312.537,12.537,0.59,0.6,0.4,0.41,0.01,0.01,73126.68,1776111310000
1776111312.947,12.947,0.6,0.61,0.39,0.4,0.01,0.01,73129.3,1776111311000
1776111313.294,13.294,0.6,0.61,0.39,0.4,0.01,0.01,73129.3,1776111311000
1776111313.634,13.634,0.61,0.62,0.38,0.4,0.01,0.02,73132.64,1776111312000
1776111314.032,14.032,0.61,0.63,0.37,0.39,0.02,0.02,73135.0,1776111313000
1776111314.373,14.373,0.62,0.63,0.37,0.38,0.01,0.01,73135.0,1776111313000
1776111314.709,14.709,0.64,0.65,0.37,0.38,0.01,0.01,73135.0,1776111313000
1776111315.134,15.134,0.64,0.65,0.35,0.36,0.01,0.01,73135.0,1776111313000
1776111315.592,15.592,0.64,0.65,0.35,0.36,0.01,0.01,73143.1,1776111314000
1776111315.978,15.978,0.64,0.65,0.35,0.36,0.01,0.01,73143.1,1776111314000
1776111316.44,16.44,0.64,0.65,0.35,0.36,0.01,0.01,73143.1,1776111314000
1776111316.833,16.833,0.63,0.65,0.35,0.37,0.02,0.02,73150.58,1776111315000
1776111317.199,17.199,0.62,0.63,0.37,0.38,0.01,0.01,73150.19,1776111316000
1776111317.583,17.583,0.62,0.63,0.37,0.38,0.01,0.01,73150.19,1776111316000
1776111318.063,18.063,0.62,0.63,0.37,0.38,0.01,0.01,73150.19,1776111316000
1776111318.612,18.612,0.62,0.63,0.37,0.38,0.01,0.01,73150.19,1776111316000
1776111319.296,19.296,0.62,0.63,0.37,0.38,0.01,0.01,73141.26,1776111317000
1776111319.737,19.737,0.62,0.63,0.37,0.38,0.01,0.01,73140.8,1776111318000
1776111320.135,20.135,0.62,0.63,0.37,0.38,0.01,0.01,73140.66,1776111319000
1776111320.499,20.499,0.62,0.63,0.37,0.38,0.01,0.01,73140.66,1776111319000
1776111320.846,20.846,0.62,0.63,0.37,0.38,0.01,0.01,73140.66,1776111319000
1776111321.279,21.279,0.62,0.63,0.37,0.38,0.01,0.01,73140.66,1776111319000
1776111321.662,21.662,0.62,0.63,0.37,0.38,0.01,0.01,73140.72,1776111320000
1776111322.064,22.064,0.64,0.65,0.35,0.36,0.01,0.01,73140.72,1776111320000
1776111322.413,22.413,0.64,0.65,0.35,0.36,0.01,0.01,73140.8,1776111321000
1776111322.812,22.812,0.64,0.65,0.35,0.36,0.01,0.01,73140.8,1776111321000
1776111323.227,23.227,0.65,0.66,0.34,0.36,0.01,0.02,73140.8,1776111321000
1776111323.591,23.591,0.65,0.66,0.34,0.35,0.01,0.01,73140.8,1776111321000
1776111323.993,23.993,0.65,0.66,0.34,0.35,0.01,0.01,73147.7,1776111323000
1776111324.349,24.349,0.65,0.66,0.34,0.35,0.01,0.01,73147.7,1776111323000
1776111324.686,24.686,0.64,0.66,0.34,0.35,0.02,0.01,73147.7,1776111323000
1776111325.086,25.086,0.64,0.65,0.35,0.36,0.01,0.01,73147.7,1776111323000
1776111325.469,25.469,0.64,0.65,0.35,0.36,0.01,0.01,73150.48,1776111324000
1776111325.837,25.837,0.64,0.65,0.35,0.36,0.01,0.01,73150.48,1776111324000
1776111326.666,26.666,0.64,0.65,0.35,0.36,0.01,0.01,73150.74,1776111325000
1776111327.003,27.003,0.64,0.65,0.35,0.36,0.01,0.01,73150.74,1776111325000
1776111327.425,27.425,0.62,0.63,0.37,0.38,0.01,0.01,73150.51,1776111326000
1776111327.806,27.806,0.62,0.63,0.37,0.38,0.01,0.01,73150.51,1776111326000
1776111328.202,28.202,0.62,0.63,0.37,0.38,0.01,0.01,73150.51,1776111326000
1776111328.575,28.575,0.62,0.63,0.37,0.38,0.01,0.01,73148.91,1776111327000
1776111329.037,29.037,0.62,0.63,0.37,0.38,0.01,0.01,73148.91,1776111328000
1776111329.383,29.383,0.62,0.63,0.37,0.38,0.01,0.01,73148.91,1776111328000
1776111329.754,29.754,0.62,0.63,0.37,0.38,0.01,0.01,73148.91,1776111328000
1776111330.393,30.393,0.63,0.64,0.37,0.38,0.01,0.01,73148.91,1776111328000
1776111330.73,30.73,0.63,0.64,0.36,0.37,0.01,0.01,73148.5,1776111329000
1776111331.199,31.199,0.63,0.64,0.36,0.37,0.01,0.01,73148.5,1776111330000
1776111331.55,31.55,0.63,0.64,0.36,0.37,0.01,0.01,73148.5,1776111330000
1776111331.904,31.904,0.63,0.64,0.36,0.37,0.01,0.01,73148.5,1776111330000
1776111332.378,32.378,0.63,0.64,0.36,0.37,0.01,0.01,73149.74,1776111331000
1776111332.993,32.993,0.63,0.65,0.36,0.37,0.02,0.01,73149.74,1776111331000
1776111333.42,33.42,0.65,0.66,0.34,0.35,0.01,0.01,73149.74,1776111331000
1776111333.756,33.756,0.66,0.68,0.32,0.34,0.02,0.02,73151.52,1776111332000
1776111334.113,34.113,0.67,0.68,0.32,0.33,0.01,0.01,73151.52,1776111333000
1776111334.456,34.456,0.68,0.7,0.3,0.32,0.02,0.02,73151.52,1776111333000
1776111334.8,34.8,0.66,0.7,0.3,0.31,0.04,0.01,73151.52,1776111333000
1776111335.141,35.141,0.69,0.7,0.3,0.31,0.01,0.01,73151.52,1776111333000
1776111335.5,35.5,0.69,0.7,0.3,0.32,0.01,0.02,73168.03,1776111334000
1776111335.834,35.834,0.65,0.67,0.33,0.35,0.02,0.02,73168.03,1776111334000
1776111336.178,36.178,0.65,0.66,0.33,0.34,0.01,0.01,73168.03,1776111334000
1776111336.513,36.513,0.65,0.66,0.34,0.35,0.01,0.01,73168.03,1776111334000
1776111336.873,36.873,0.65,0.66,0.34,0.35,0.01,0.01,73171.01,1776111335000
1776111337.243,37.243,0.65,0.66,0.34,0.35,0.01,0.01,73171.01,1776111335000
1776111337.617,37.617,0.65,0.66,0.34,0.35,0.01,0.01,73168.87,1776111336000
1776111338.23,38.23,0.65,0.66,0.34,0.35,0.01,0.01,73168.87,1776111336000
1776111338.687,38.687,0.65,0.66,0.34,0.35,0.01,0.01,73168.87,1776111336000
1776111339.024,39.024,0.65,0.67,0.33,0.35,0.02,0.02,73159.68,1776111337000
1776111339.421,39.421,0.67,0.68,0.32,0.33,0.01,0.01,73160.52,1776111338000
1776111339.898,39.898,0.68,0.69,0.31,0.32,0.01,0.01,73160.52,1776111338000
1776111340.269,40.269,0.68,0.69,0.31,0.32,0.01,0.01,73160.52,1776111338000
1776111340.644,40.644,0.68,0.69,0.31,0.32,0.01,0.01,73164.36,1776111339000
1776111341.064,41.064,0.68,0.69,0.31,0.32,0.01,0.01,73165.04,1776111340000
1776111341.408,41.408,0.68,0.69,0.31,0.32,0.01,0.01,73165.04,1776111340000
1776111341.768,41.768,0.68,0.69,0.31,0.32,0.01,0.01,73165.04,1776111340000
1776111342.101,42.101,0.68,0.69,0.31,0.32,0.01,0.01,73168.3,1776111341000
1776111342.498,42.498,0.68,0.69,0.31,0.32,0.01,0.01,73168.3,1776111341000
1776111342.866,42.866,0.68,0.69,0.31,0.32,0.01,0.01,73168.3,1776111341000
1776111343.459,43.459,0.69,0.7,0.3,0.31,0.01,0.01,73168.44,1776111342000
1776111343.813,43.813,0.69,0.7,0.3,0.31,0.01,0.01,73168.44,1776111342000
1776111344.228,44.228,0.69,0.7,0.3,0.31,0.01,0.01,73167.87,1776111343000
1776111344.568,44.568,0.69,0.7,0.3,0.31,0.01,0.01,73167.87,1776111343000
1776111344.957,44.957,0.68,0.69,0.31,0.32,0.01,0.01,73167.87,1776111343000
1776111345.393,45.393,0.68,0.69,0.31,0.32,0.01,0.01,73167.87,1776111343000
1776111345.908,45.908,0.68,0.69,0.31,0.32,0.01,0.01,73167.87,1776111344000
1776111346.494,46.494,0.68,0.69,0.31,0.32,0.01,0.01,73168.99,1776111345000
1776111346.827,46.827,0.68,0.7,0.31,0.32,0.02,0.01,73168.99,1776111345000
1776111347.165,47.165,0.69,0.7,0.3,0.31,0.01,0.01,73168.99,1776111345000
1776111347.511,47.511,0.69,0.7,0.3,0.31,0.01,0.01,73168.99,1776111346000
1776111347.847,47.847,0.69,0.7,0.3,0.31,0.01,0.01,73168.99,1776111347000
1776111348.195,48.195,0.69,0.71,0.29,0.31,0.02,0.02,73168.99,1776111347000
1776111348.666,48.666,0.7,0.71,0.29,0.3,0.01,0.01,73168.99,1776111347000
1776111349.041,49.041,0.7,0.71,0.29,0.3,0.01,0.01,73168.99,1776111347000
1776111349.411,49.411,0.7,0.71,0.29,0.3,0.01,0.01,73170.95,1776111348000
1776111349.887,49.887,0.7,0.71,0.29,0.3,0.01,0.01,73170.95,1776111348000
1776111350.254,50.254,0.7,0.71,0.29,0.3,0.01,0.01,73171.97,1776111349000
1776111350.588,50.588,0.7,0.71,0.29,0.3,0.01,0.01,73171.97,1776111349000
1776111351.007,51.007,0.7,0.71,0.29,0.3,0.01,0.01,73171.97,1776111349000
1776111351.546,51.546,0.7,0.71,0.29,0.3,0.01,0.01,73171.97,1776111349000
1776111352.06,52.06,0.7,0.71,0.29,0.3,0.01,0.01,73171.97,1776111350000
1776111352.777,52.777,0.7,0.71,0.29,0.3,0.01,0.01,73173.23,1776111351000
1776111353.214,53.214,0.7,0.71,0.29,0.3,0.01,0.01,73173.23,1776111351000
1776111353.779,53.779,0.7,0.71,0.29,0.3,0.01,0.01,73170.91,1776111352000
1776111354.289,54.289,0.7,0.71,0.29,0.3,0.01,0.01,73170.91,1776111353000
1776111354.647,54.647,0.7,0.71,0.29,0.3,0.01,0.01,73170.91,1776111353000
1776111355.176,55.176,0.7,0.71,0.29,0.3,0.01,0.01,73170.91,1776111353000
1776111355.61,55.61,0.7,0.71,0.29,0.3,0.01,0.01,73170.91,1776111353000
1776111356.08,56.08,0.7,0.71,0.29,0.3,0.01,0.01,73170.78,1776111354000
1776111356.542,56.542,0.7,0.71,0.29,0.3,0.01,0.01,73170.78,1776111355000
1776111357.125,57.125,0.7,0.71,0.29,0.3,0.01,0.01,73170.78,1776111356000
1776111357.766,57.766,0.7,0.71,0.29,0.3,0.01,0.01,73170.78,1776111356000
1776111358.129,58.129,0.7,0.71,0.29,0.3,0.01,0.01,73170.78,1776111356000
1776111358.692,58.692,0.7,0.71,0.29,0.3,0.01,0.01,73170.84,1776111357000
1776111359.129,59.129,0.7,0.71,0.29,0.3,0.01,0.01,73170.84,1776111357000
1776111359.487,59.487,0.7,0.71,0.29,0.3,0.01,0.01,73171.58,1776111358000
1776111359.883,59.883,0.7,0.71,0.29,0.3,0.01,0.01,73171.58,1776111358000
1776111360.296,60.296,0.7,0.71,0.29,0.3,0.01,0.01,73172.85,1776111359000
1776111360.665,60.665,0.71,0.72,0.28,0.29,0.01,0.01,73172.85,1776111359000
1776111361.001,61.001,0.71,0.72,0.28,0.29,0.01,0.01,73172.85,1776111359000
1776111361.427,61.427,0.71,0.72,0.28,0.29,0.01,0.01,73172.85,1776111360000
1776111361.763,61.763,0.71,0.72,0.28,0.29,0.01,0.01,73172.85,1776111360000
1776111362.099,62.099,0.71,0.72,0.28,0.29,0.01,0.01,73172.85,1776111360000
1776111362.437,62.437,0.71,0.72,0.28,0.29,0.01,0.01,73172.85,1776111360000
1776111362.77,62.77,0.71,0.73,0.27,0.29,0.02,0.02,73172.69,1776111361000
1776111363.153,63.153,0.72,0.73,0.25,0.28,0.01,0.03,73172.69,1776111362000
1776111363.516,63.516,0.73,0.74,0.26,0.27,0.01,0.01,73172.69,1776111362000
1776111364.014,64.014,0.73,0.74,0.26,0.27,0.01,0.01,73172.69,1776111362000
1776111364.392,64.392,0.73,0.74,0.26,0.27,0.01,0.01,73176.29,1776111363000
1776111364.736,64.736,0.73,0.74,0.26,0.27,0.01,0.01,73176.29,1776111363000
1776111365.122,65.122,0.74,0.75,0.25,0.26,0.01,0.01,73176.29,1776111363000
1776111365.503,65.503,0.74,0.75,0.25,0.26,0.01,0.01,73176.29,1776111363000
1776111365.907,65.907,0.74,0.75,0.25,0.26,0.01,0.01,73176.88,1776111364000
1776111367.181,67.181,0.74,0.75,0.25,0.26,0.01,0.01,73178.83,1776111366000
1776111367.758,67.758,0.74,0.75,0.25,0.26,0.01,0.01,73178.83,1776111366000
1776111368.257,68.257,0.74,0.75,0.25,0.26,0.01,0.01,73178.83,1776111366000
1776111368.704,68.704,0.74,0.75,0.25,0.26,0.01,0.01,73178.12,1776111367000
1776111369.051,69.051,0.67,0.68,0.32,0.33,0.01,0.01,73178.12,1776111368000
1776111369.411,69.411,0.67,0.68,0.32,0.33,0.01,0.01,73178.12,1776111368000
1776111369.757,69.757,0.67,0.68,0.32,0.33,0.01,0.01,73178.12,1776111368000
1776111370.123,70.123,0.69,0.7,0.3,0.31,0.01,0.01,73178.12,1776111368000
1776111370.617,70.617,0.68,0.7,0.3,0.31,0.02,0.01,73176.62,1776111369000
1776111371.011,71.011,0.69,0.7,0.3,0.31,0.01,0.01,73176.62,1776111369000
1776111371.626,71.626,0.69,0.7,0.3,0.31,0.01,0.01,73172.18,1776111370000
1776111372.34,72.34,0.69,0.7,0.3,0.31,0.01,0.01,73172.18,1776111370000
1776111372.831,72.831,0.69,0.7,0.3,0.31,0.01,0.01,73172.18,1776111370000
1776111373.534,73.534,0.69,0.7,0.3,0.31,0.01,0.01,73170.63,1776111371000
1776111373.895,73.895,0.69,0.7,0.3,0.31,0.01,0.01,73170.63,1776111372000
1776111374.584,74.584,0.69,0.7,0.3,0.31,0.01,0.01,73170.57,1776111373000
1776111375.357,75.357,0.69,0.7,0.3,0.31,0.01,0.01,73170.57,1776111373000
1776111375.83,75.83,0.69,0.7,0.3,0.31,0.01,0.01,73169.98,1776111374000
1776111376.186,76.186,0.69,0.7,0.3,0.31,0.01,0.01,73169.98,1776111374000
1776111376.574,76.574,0.69,0.7,0.3,0.31,0.01,0.01,73169.98,1776111375000
1776111376.956,76.956,0.69,0.7,0.3,0.31,0.01,0.01,73169.98,1776111375000
1776111377.564,77.564,0.69,0.7,0.3,0.31,0.01,0.01,73170.56,1776111376000
1776111377.924,77.924,0.7,0.71,0.29,0.31,0.01,0.02,73170.56,1776111376000
1776111378.268,78.268,0.7,0.71,0.29,0.3,0.01,0.01,73170.56,1776111376000
1776111378.603,78.603,0.7,0.71,0.29,0.3,0.01,0.01,73170.56,1776111377000
1776111379.142,79.142,0.7,0.71,0.29,0.3,0.01,0.01,73170.56,1776111377000
1776111379.75,79.75,0.7,0.71,0.29,0.3,0.01,0.01,73170.56,1776111378000
1776111380.231,80.231,0.7,0.71,0.29,0.3,0.01,0.01,73170.56,1776111379000
1776111380.759,80.759,0.69,0.71,0.29,0.3,0.02,0.01,73170.56,1776111379000
1776111381.188,81.188,0.7,0.71,0.29,0.3,0.01,0.01,73170.56,1776111379000
1776111381.691,81.691,0.69,0.7,0.29,0.31,0.01,0.02,73170.56,1776111380000
1776111382.05,82.05,0.69,0.7,0.3,0.31,0.01,0.01,73170.56,1776111380000
1776111382.388,82.388,0.69,0.7,0.3,0.31,0.01,0.01,73170.56,1776111380000
1776111382.815,82.815,0.69,0.7,0.3,0.31,0.01,0.01,73170.56,1776111381000
1776111383.227,83.227,0.69,0.7,0.3,0.31,0.01,0.01,73170.56,1776111382000
1776111383.606,83.606,0.69,0.7,0.3,0.31,0.01,0.01,73170.56,1776111382000
1776111384.137,84.137,0.69,0.7,0.3,0.31,0.01,0.01,73170.56,1776111382000
1776111384.481,84.481,0.69,0.7,0.3,0.31,0.01,0.01,73170.6,1776111383000
1776111384.83,84.83,0.69,0.7,0.3,0.31,0.01,0.01,73170.6,1776111383000
1776111385.166,85.166,0.69,0.7,0.3,0.31,0.01,0.01,73170.6,1776111383000
1776111385.743,85.743,0.69,0.7,0.3,0.31,0.01,0.01,73172.49,1776111384000
1776111386.205,86.205,0.69,0.7,0.3,0.31,0.01,0.01,73172.49,1776111384000
1776111386.597,86.597,0.68,0.7,0.3,0.31,0.02,0.01,73170.56,1776111385000
1776111386.986,86.986,0.66,0.67,0.33,0.34,0.01,0.01,73170.56,1776111385000
1776111387.354,87.354,0.66,0.67,0.33,0.34,0.01,0.01,73170.56,1776111385000
1776111387.723,87.723,0.66,0.67,0.33,0.34,0.01,0.01,73169.29,1776111386000
1776111388.086,88.086,0.66,0.67,0.33,0.34,0.01,0.01,73169.29,1776111386000
1776111388.501,88.501,0.66,0.67,0.33,0.34,0.01,0.01,73167.8,1776111387000
1776111388.88,88.88,0.66,0.67,0.33,0.34,0.01,0.01,73167.8,1776111387000
1776111389.278,89.278,0.66,0.68,0.32,0.34,0.02,0.02,73163.72,1776111388000
1776111389.613,89.613,0.68,0.7,0.3,0.32,0.02,0.02,73163.72,1776111388000
1776111389.991,89.991,0.69,0.7,0.3,0.31,0.01,0.01,73163.72,1776111388000
1776111390.448,90.448,0.7,0.71,0.28,0.3,0.01,0.02,73164.45,1776111389000
1776111390.814,90.814,0.71,0.72,0.28,0.3,0.01,0.02,73164.45,1776111389000
1776111391.175,91.175,0.71,0.72,0.28,0.29,0.01,0.01,73164.45,1776111389000
1776111391.611,91.611,0.71,0.72,0.28,0.29,0.01,0.01,73169.74,1776111390000
1776111391.994,91.994,0.71,0.72,0.28,0.29,0.01,0.01,73170.9,1776111391000
1776111392.381,92.381,0.71,0.72,0.28,0.29,0.01,0.01,73170.9,1776111391000
1776111392.776,92.776,0.72,0.73,0.27,0.28,0.01,0.01,73170.9,1776111391000
1776111393.189,93.189,0.72,0.73,0.27,0.28,0.01,0.01,73170.9,1776111392000
1776111393.587,93.587,0.72,0.73,0.27,0.28,0.01,0.01,73170.9,1776111392000
1776111393.93,93.93,0.72,0.73,0.27,0.28,0.01,0.01,73170.9,1776111392000
1776111394.266,94.266,0.72,0.73,0.27,0.28,0.01,0.01,73170.9,1776111393000
1776111394.735,94.735,0.72,0.73,0.27,0.28,0.01,0.01,73170.9,1776111393000
1776111395.141,95.141,0.72,0.73,0.27,0.28,0.01,0.01,73170.96,1776111394000
1776111395.521,95.521,0.72,0.73,0.27,0.28,0.01,0.01,73170.96,1776111394000
1776111396.003,96.003,0.72,0.74,0.26,0.28,0.02,0.02,73170.96,1776111395000
1776111396.665,96.665,0.73,0.74,0.26,0.27,0.01,0.01,73170.96,1776111395000
1776111397.017,97.017,0.74,0.75,0.25,0.26,0.01,0.01,73170.96,1776111395000
1776111397.505,97.505,0.74,0.75,0.25,0.26,0.01,0.01,73173.55,1776111396000
1776111397.902,97.902,0.74,0.75,0.25,0.26,0.01,0.01,73173.55,1776111396000
1776111398.348,98.348,0.74,0.75,0.25,0.26,0.01,0.01,73177.34,1776111397000
1776111398.702,98.702,0.74,0.75,0.25,0.26,0.01,0.01,73177.34,1776111397000
1776111399.043,99.043,0.74,0.75,0.25,0.26,0.01,0.01,73177.34,1776111398000
1776111399.4,99.4,0.74,0.75,0.25,0.26,0.01,0.01,73177.34,1776111398000
1776111399.817,99.817,0.74,0.75,0.25,0.26,0.01,0.01,73177.34,1776111398000
1776111400.158,100.158,0.74,0.75,0.25,0.26,0.01,0.01,73177.34,1776111399000
1776111400.629,100.629,0.74,0.75,0.25,0.26,0.01,0.01,73177.34,1776111399000
1776111400.969,100.969,0.74,0.75,0.25,0.26,0.01,0.01,73177.34,1776111400000
1776111401.326,101.326,0.74,0.75,0.25,0.26,0.01,0.01,73177.34,1776111400000
1776111401.808,101.808,0.74,0.75,0.25,0.26,0.01,0.01,73177.34,1776111400000
1776111402.156,102.156,0.74,0.75,0.25,0.26,0.01,0.01,73177.34,1776111401000
1776111402.555,102.555,0.75,0.76,0.24,0.26,0.01,0.02,73177.34,1776111401000
1776111402.928,102.928,0.75,0.76,0.24,0.25,0.01,0.01,73177.34,1776111402000
1776111403.744,103.744,0.75,0.76,0.24,0.25,0.01,0.01,73177.34,1776111402000
1776111404.133,104.133,0.73,0.74,0.26,0.27,0.01,0.01,73177.34,1776111403000
1776111404.478,104.478,0.66,0.69,0.31,0.34,0.03,0.03,73177.34,1776111403000
1776111404.814,104.814,0.67,0.68,0.32,0.33,0.01,0.01,73177.34,1776111403000
1776111405.171,105.171,0.65,0.66,0.34,0.35,0.01,0.01,73177.34,1776111404000
1776111405.638,105.638,0.65,0.66,0.34,0.35,0.01,0.01,73177.34,1776111404000
1776111405.972,105.972,0.64,0.66,0.34,0.36,0.02,0.02,73167.22,1776111405000
1776111406.373,106.373,0.64,0.65,0.35,0.36,0.01,0.01,73167.22,1776111405000
1776111406.962,106.962,0.64,0.65,0.35,0.36,0.01,0.01,73167.22,1776111405000
1776111407.299,107.299,0.64,0.65,0.35,0.36,0.01,0.01,73149.22,1776111406000
1776111407.791,107.791,0.64,0.65,0.35,0.36,0.01,0.01,73149.22,1776111406000
1776111408.354,108.354,0.64,0.65,0.35,0.36,0.01,0.01,73149.22,1776111406000
1776111408.799,108.799,0.64,0.65,0.35,0.36,0.01,0.01,73149.28,1776111407000
1776111409.197,109.197,0.63,0.64,0.35,0.37,0.01,0.02,73149.28,1776111408000
1776111409.581,109.581,0.63,0.64,0.36,0.37,0.01,0.01,73149.28,1776111408000
1776111410.401,110.401,0.63,0.64,0.36,0.37,0.01,0.01,73149.05,1776111409000
1776111410.79,110.79,0.63,0.64,0.36,0.37,0.01,0.01,73149.05,1776111409000
1776111411.148,111.148,0.63,0.64,0.36,0.37,0.01,0.01,73149.05,1776111409000
1776111411.597,111.597,0.63,0.64,0.36,0.37,0.01,0.01,73148.53,1776111410000
1776111411.94,111.94,0.63,0.64,0.36,0.37,0.01,0.01,73148.53,1776111411000
1776111412.435,112.435,0.63,0.64,0.36,0.37,0.01,0.01,73148.53,1776111411000
1776111412.943,112.943,0.63,0.64,0.36,0.37,0.01,0.01,73148.53,1776111411000
1776111413.457,113.457,0.63,0.64,0.36,0.37,0.01,0.01,73148.41,1776111412000
1776111413.857,113.857,0.63,0.64,0.36,0.37,0.01,0.01,73148.41,1776111412000
1776111414.277,114.277,0.63,0.64,0.36,0.37,0.01,0.01,73148.41,1776111412000
1776111414.613,114.613,0.63,0.64,0.36,0.37,0.01,0.01,73148.41,1776111413000
1776111415.033,115.033,0.63,0.64,0.36,0.37,0.01,0.01,73148.41,1776111413000
1776111415.373,115.373,0.63,0.64,0.36,0.37,0.01,0.01,73147.97,1776111414000
1776111415.853,115.853,0.63,0.64,0.36,0.38,0.01,0.02,73147.97,1776111414000
1776111416.43,116.43,0.63,0.64,0.36,0.37,0.01,0.01,73147.97,1776111414000
1776111416.965,116.965,0.63,0.64,0.36,0.37,0.01,0.01,73148.41,1776111415000
1776111417.449,117.449,0.62,0.64,0.36,0.37,0.02,0.01,73148.41,1776111416000
1776111417.987,117.987,0.62,0.63,0.37,0.38,0.01,0.01,73148.41,1776111416000
1776111418.326,118.326,0.62,0.63,0.37,0.38,0.01,0.01,73148.41,1776111416000
1776111418.71,118.71,0.62,0.63,0.37,0.38,0.01,0.01,73147.75,1776111417000
1776111419.139,119.139,0.62,0.63,0.37,0.38,0.01,0.01,73147.43,1776111418000
1776111419.492,119.492,0.62,0.63,0.37,0.39,0.01,0.02,73147.43,1776111418000
1776111419.842,119.842,0.62,0.63,0.37,0.38,0.01,0.01,73147.43,1776111418000
1776111420.237,120.237,0.62,0.63,0.37,0.38,0.01,0.01,73147.43,1776111418000
1776111420.724,120.724,0.62,0.63,0.37,0.38,0.01,0.01,73147.12,1776111419000
1776111421.16,121.16,0.62,0.63,0.37,0.38,0.01,0.01,73147.11,1776111420000
1776111421.532,121.532,0.64,0.66,0.34,0.36,0.02,0.02,73147.11,1776111420000
1776111421.873,121.873,0.68,0.69,0.31,0.32,0.01,0.01,73147.11,1776111420000
1776111422.21,122.21,0.73,0.74,0.26,0.27,0.01,0.01,73147.11,1776111420000
1776111422.592,122.592,0.73,0.74,0.26,0.27,0.01,0.01,73147.11,1776111420000
1776111422.941,122.941,0.73,0.74,0.26,0.27,0.01,0.01,73147.24,1776111421000
1776111423.298,123.298,0.73,0.74,0.26,0.27,0.01,0.01,73160.9,1776111422000
1776111423.634,123.634,0.72,0.74,0.26,0.28,0.02,0.02,73160.9,1776111422000
1776111424.064,124.064,0.72,0.73,0.27,0.28,0.01,0.01,73160.9,1776111422000
1776111424.444,124.444,0.72,0.73,0.27,0.28,0.01,0.01,73160.9,1776111422000
1776111424.782,124.782,0.72,0.73,0.27,0.28,0.01,0.01,73175.69,1776111423000
1776111425.155,125.155,0.71,0.73,0.27,0.29,0.02,0.02,73175.69,1776111423000
1776111425.521,125.521,0.71,0.72,0.28,0.29,0.01,0.01,73175.69,1776111423000
1776111425.972,125.972,0.71,0.72,0.28,0.29,0.01,0.01,73172.45,1776111424000
1776111426.427,126.427,0.71,0.72,0.28,0.29,0.01,0.01,73166.45,1776111425000
1776111427.034,127.034,0.71,0.72,0.28,0.29,0.01,0.01,73166.45,1776111425000
1776111427.417,127.417,0.71,0.72,0.28,0.29,0.01,0.01,73166.45,1776111425000
1776111427.979,127.979,0.71,0.72,0.28,0.29,0.01,0.01,73165.82,1776111426000
1776111428.362,128.362,0.71,0.72,0.28,0.29,0.01,0.01,73165.24,1776111427000
1776111428.916,128.916,0.71,0.72,0.28,0.29,0.01,0.01,73165.24,1776111427000
1776111429.308,129.308,0.71,0.72,0.28,0.29,0.01,0.01,73165.24,1776111427000
1776111430.176,130.176,0.71,0.72,0.28,0.29,0.01,0.01,73165.89,1776111428000
1776111430.567,130.567,0.71,0.72,0.28,0.29,0.01,0.01,73164.54,1776111429000
1776111430.925,130.925,0.71,0.72,0.28,0.29,0.01,0.01,73164.54,1776111429000
1776111431.434,131.434,0.71,0.72,0.28,0.29,0.01,0.01,73164.54,1776111429000
1776111431.908,131.908,0.71,0.72,0.28,0.29,0.01,0.01,73164.2,1776111430000
1776111432.391,132.391,0.71,0.72,0.28,0.29,0.01,0.01,73164.2,1776111430000
1776111433.027,133.027,0.71,0.72,0.28,0.29,0.01,0.01,73164.2,1776111432000
1776111433.906,133.906,0.71,0.72,0.28,0.29,0.01,0.01,73164.2,1776111432000
1776111434.539,134.539,0.71,0.73,0.28,0.29,0.02,0.01,73164.2,1776111433000
1776111434.907,134.907,0.74,0.75,0.25,0.26,0.01,0.01,73164.2,1776111433000
1776111435.288,135.288,0.74,0.75,0.25,0.26,0.01,0.01,73164.2,1776111434000
1776111435.759,135.759,0.74,0.75,0.25,0.26,0.01,0.01,73164.2,1776111434000
1776111436.184,136.184,0.74,0.75,0.25,0.26,0.01,0.01,73169.7,1776111435000
1776111436.763,136.763,0.74,0.75,0.25,0.26,0.01,0.01,73169.7,1776111435000
1776111437.205,137.205,0.74,0.75,0.25,0.26,0.01,0.01,73174.35,1776111436000
1776111437.631,137.631,0.74,0.75,0.25,0.26,0.01,0.01,73174.35,1776111436000
1776111438.076,138.076,0.74,0.75,0.25,0.26,0.01,0.01,73174.63,1776111437000
1776111438.475,138.475,0.74,0.75,0.25,0.26,0.01,0.01,73174.63,1776111437000
1776111439.026,139.026,0.74,0.75,0.25,0.26,0.01,0.01,73174.63,1776111437000
1776111439.37,139.37,0.74,0.75,0.25,0.26,0.01,0.01,73174.57,1776111438000
1776111439.715,139.715,0.74,0.75,0.25,0.26,0.01,0.01,73174.57,1776111438000
1776111440.225,140.225,0.75,0.76,0.24,0.25,0.01,0.01,73174.58,1776111439000
1776111440.695,140.695,0.75,0.76,0.24,0.25,0.01,0.01,73174.58,1776111439000
1776111441.313,141.313,0.75,0.76,0.24,0.25,0.01,0.01,73174.58,1776111440000
1776111441.652,141.652,0.75,0.76,0.24,0.25,0.01,0.01,73174.58,1776111440000
1776111442.013,142.013,0.75,0.76,0.24,0.25,0.01,0.01,73174.58,1776111440000
1776111442.531,142.531,0.75,0.76,0.24,0.25,0.01,0.01,73174.58,1776111441000
1776111443.031,143.031,0.75,0.76,0.24,0.25,0.01,0.01,73174.58,1776111441000
1776111443.535,143.535,0.75,0.76,0.24,0.25,0.01,0.01,73174.68,1776111442000
1776111443.875,143.875,0.75,0.76,0.24,0.25,0.01,0.01,73174.68,1776111442000
1776111444.417,144.417,0.75,0.76,0.24,0.25,0.01,0.01,73174.17,1776111443000
1776111444.874,144.874,0.75,0.76,0.24,0.25,0.01,0.01,73175.28,1776111444000
1776111445.266,145.266,0.75,0.76,0.24,0.25,0.01,0.01,73175.28,1776111444000
1776111445.871,145.871,0.75,0.76,0.24,0.25,0.01,0.01,73175.28,1776111444000
1776111446.208,146.208,0.75,0.76,0.24,0.25,0.01,0.01,73178.1,1776111445000
1776111446.655,146.655,0.75,0.76,0.24,0.25,0.01,0.01,73178.1,1776111445000
1776111447.04,147.04,0.75,0.76,0.24,0.25,0.01,0.01,73176.44,1776111446000
1776111447.619,147.619,0.75,0.76,0.24,0.25,0.01,0.01,73176.44,1776111446000
1776111447.967,147.967,0.75,0.76,0.24,0.25,0.01,0.01,73176.44,1776111446000
1776111448.345,148.345,0.75,0.76,0.24,0.25,0.01,0.01,73175.49,1776111447000
1776111448.974,148.974,0.75,0.76,0.24,0.25,0.01,0.01,73175.49,1776111447000
1776111449.408,149.408,0.75,0.77,0.24,0.25,0.02,0.01,73173.96,1776111448000
1776111450.257,150.257,0.76,0.77,0.23,0.24,0.01,0.01,73173.96,1776111448000
1776111450.775,150.775,0.76,0.77,0.23,0.24,0.01,0.01,73176.03,1776111449000
1776111451.269,151.269,0.76,0.77,0.23,0.24,0.01,0.01,73176.03,1776111449000
1776111451.831,151.831,0.76,0.77,0.23,0.24,0.01,0.01,73176.05,1776111450000
1776111452.185,152.185,0.76,0.77,0.23,0.24,0.01,0.01,73176.05,1776111450000
1776111452.673,152.673,0.76,0.77,0.23,0.24,0.01,0.01,73173.96,1776111451000
1776111453.218,153.218,0.76,0.77,0.23,0.24,0.01,0.01,73173.96,1776111451000
1776111453.638,153.638,0.76,0.77,0.23,0.24,0.01,0.01,73173.6,1776111452000
1776111454.419,154.419,0.76,0.77,0.23,0.24,0.01,0.01,73173.96,1776111453000
1776111454.97,154.97,0.76,0.77,0.23,0.24,0.01,0.01,73173.96,1776111453000
1776111455.309,155.309,0.76,0.78,0.23,0.24,0.02,0.01,73173.96,1776111453000
1776111455.665,155.665,0.76,0.77,0.22,0.24,0.01,0.02,73173.96,1776111454000
1776111456.45,156.45,0.76,0.77,0.22,0.24,0.01,0.02,73173.96,1776111455000
1776111456.836,156.836,0.76,0.77,0.23,0.24,0.01,0.01,73173.96,1776111455000
1776111457.299,157.299,0.76,0.77,0.23,0.24,0.01,0.01,73174.77,1776111456000
1776111457.632,157.632,0.76,0.78,0.23,0.24,0.02,0.01,73174.77,1776111456000
1776111458.575,158.575,0.76,0.78,0.22,0.24,0.02,0.02,73180.8,1776111457000
1776111459.018,159.018,0.77,0.78,0.22,0.23,0.01,0.01,73180.8,1776111457000
1776111459.669,159.669,0.77,0.78,0.22,0.23,0.01,0.01,73176.16,1776111458000
1776111460.018,160.018,0.79,0.8,0.2,0.22,0.01,0.02,73176.16,1776111458000
1776111460.643,160.643,0.79,0.8,0.2,0.21,0.01,0.01,73174.34,1776111459000
1776111461.005,161.005,0.79,0.8,0.2,0.21,0.01,0.01,73174.34,1776111459000
1776111461.356,161.356,0.79,0.8,0.2,0.21,0.01,0.01,73177.55,1776111460000
1776111461.736,161.736,0.79,0.8,0.2,0.21,0.01,0.01,73177.55,1776111460000
1776111462.097,162.097,0.79,0.8,0.2,0.21,0.01,0.01,73177.55,1776111460000
1776111462.464,162.464,0.79,0.8,0.2,0.21,0.01,0.01,73186.35,1776111461000
1776111462.861,162.861,0.78,0.8,0.2,0.22,0.02,0.02,73186.35,1776111461000
1776111463.23,163.23,0.79,0.8,0.2,0.21,0.01,0.01,73180.09,1776111462000
1776111463.698,163.698,0.79,0.8,0.2,0.21,0.01,0.01,73180.09,1776111462000
1776111464.135,164.135,0.79,0.8,0.2,0.21,0.01,0.01,73180.09,1776111462000
1776111464.603,164.603,0.79,0.8,0.2,0.21,0.01,0.01,73177.52,1776111463000
1776111465.425,165.425,0.79,0.8,0.2,0.21,0.01,0.01,73177.52,1776111464000
1776111465.867,165.867,0.79,0.8,0.2,0.21,0.01,0.01,73177.52,1776111464000
1776111466.311,166.311,0.79,0.8,0.2,0.21,0.01,0.01,73177.52,1776111464000
1776111466.732,166.732,0.8,0.81,0.19,0.2,0.01,0.01,73177.52,1776111465000
1776111467.272,167.272,0.8,0.81,0.19,0.2,0.01,0.01,73177.52,1776111465000
1776111467.784,167.784,0.8,0.81,0.19,0.2,0.01,0.01,73179.27,1776111466000
1776111468.489,168.489,0.81,0.82,0.18,0.2,0.01,0.02,73180.39,1776111467000
1776111468.926,168.926,0.81,0.83,0.18,0.19,0.02,0.01,73180.39,1776111467000
1776111469.797,169.797,0.82,0.83,0.17,0.19,0.01,0.02,73184.26,1776111468000
1776111470.149,170.149,0.82,0.83,0.17,0.18,0.01,0.01,73184.89,1776111469000
1776111470.514,170.514,0.82,0.83,0.17,0.18,0.01,0.01,73184.89,1776111469000
1776111470.856,170.856,0.83,0.84,0.16,0.17,0.01,0.01,73184.89,1776111469000
1776111471.818,171.818,0.83,0.84,0.16,0.17,0.01,0.01,73186.46,1776111470000
1776111472.191,172.191,0.84,0.86,0.14,0.16,0.02,0.02,73187.81,1776111471000
1776111472.526,172.526,0.85,0.86,0.14,0.15,0.01,0.01,73187.81,1776111471000
1776111472.874,172.874,0.85,0.86,0.14,0.15,0.01,0.01,73187.81,1776111471000
1776111473.217,173.217,0.85,0.86,0.14,0.15,0.01,0.01,73193.42,1776111472000
1776111473.716,173.716,0.85,0.86,0.14,0.15,0.01,0.01,73193.42,1776111472000
1776111474.134,174.134,0.85,0.86,0.14,0.15,0.01,0.01,73195.45,1776111473000
1776111474.552,174.552,0.85,0.86,0.14,0.15,0.01,0.01,73195.45,1776111473000
1776111474.917,174.917,0.85,0.86,0.14,0.15,0.01,0.01,73195.45,1776111473000
1776111475.473,175.473,0.85,0.86,0.14,0.15,0.01,0.01,73198.0,1776111474000
1776111475.852,175.852,0.85,0.86,0.14,0.15,0.01,0.01,73198.0,1776111474000
1776111476.186,176.186,0.85,0.86,0.14,0.15,0.01,0.01,73197.3,1776111475000
1776111476.677,176.677,0.85,0.86,0.14,0.15,0.01,0.01,73197.3,1776111475000
1776111477.107,177.107,0.85,0.86,0.14,0.15,0.01,0.01,73194.76,1776111476000
1776111477.531,177.531,0.86,0.87,0.13,0.14,0.01,0.01,73194.76,1776111476000
1776111477.893,177.893,0.86,0.87,0.13,0.14,0.01,0.01,73193.24,1776111477000
1776111478.244,178.244,0.87,0.88,0.12,0.13,0.01,0.01,73193.24,1776111477000
1776111478.585,178.585,0.87,0.88,0.12,0.13,0.01,0.01,73193.24,1776111477000
1776111478.974,178.974,0.87,0.88,0.12,0.13,0.01,0.01,73192.56,1776111478000
1776111479.402,179.402,0.87,0.88,0.12,0.13,0.01,0.01,73192.56,1776111478000
1776111479.752,179.752,0.87,0.88,0.12,0.13,0.01,0.01,73192.56,1776111478000
1776111480.17,180.17,0.88,0.89,0.11,0.12,0.01,0.01,73192.56,1776111479000
1776111480.595,180.595,0.87,0.88,0.12,0.13,0.01,0.01,73192.56,1776111479000
1776111480.937,180.937,0.87,0.88,0.12,0.13,0.01,0.01,73192.56,1776111479000
1776111481.278,181.278,0.87,0.88,0.12,0.13,0.01,0.01,73192.34,1776111480000
1776111481.62,181.62,0.84,0.86,0.14,0.16,0.02,0.02,73192.34,1776111480000
1776111481.965,181.965,0.83,0.85,0.15,0.17,0.02,0.02,73192.34,1776111480000
1776111482.354,182.354,0.83,0.84,0.16,0.17,0.01,0.01,73192.34,1776111480000
1776111482.703,182.703,0.83,0.84,0.16,0.17,0.01,0.01,73192.34,1776111481000
1776111483.044,183.044,0.82,0.84,0.16,0.17,0.02,0.01,73192.34,1776111481000
1776111483.599,183.599,0.82,0.84,0.16,0.18,0.02,0.02,73187.71,1776111482000
1776111483.938,183.938,0.8,0.83,0.17,0.2,0.03,0.03,73187.71,1776111482000
1776111484.296,184.296,0.8,0.82,0.18,0.2,0.02,0.02,73175.35,1776111483000
1776111485.151,185.151,0.81,0.82,0.18,0.19,0.01,0.01,73175.35,1776111483000
1776111485.765,185.765,0.81,0.82,0.18,0.19,0.01,0.01,73168.79,1776111484000
1776111486.15,186.15,0.81,0.82,0.18,0.19,0.01,0.01,73168.79,1776111484000
1776111486.483,186.483,0.81,0.82,0.18,0.19,0.01,0.01,73168.08,1776111485000
1776111487.211,187.211,0.81,0.82,0.17,0.19,0.01,0.02,73168.08,1776111485000
1776111487.803,187.803,0.71,0.79,0.22,0.29,0.08,0.07,73155.3,1776111486000
1776111488.158,188.158,0.74,0.75,0.21,0.29,0.01,0.08,73147.47,1776111487000
1776111488.502,188.502,0.73,0.75,0.25,0.29,0.02,0.04,73147.47,1776111487000
1776111488.84,188.84,0.73,0.78,0.26,0.27,0.05,0.01,73147.47,1776111487000
1776111489.18,189.18,0.73,0.74,0.26,0.27,0.01,0.01,73143.76,1776111488000
1776111489.517,189.517,0.73,0.74,0.26,0.27,0.01,0.01,73143.76,1776111488000
1776111489.855,189.855,0.72,0.74,0.26,0.27,0.02,0.01,73143.76,1776111488000
1776111490.193,190.193,0.71,0.73,0.27,0.29,0.02,0.02,73139.84,1776111489000
1776111491.299,191.299,0.72,0.73,0.27,0.28,0.01,0.01,73139.21,1776111490000
1776111492.386,192.386,0.72,0.73,0.27,0.28,0.01,0.01,73139.21,1776111490000
1776111492.973,192.973,0.71,0.73,0.27,0.29,0.02,0.02,73139.84,1776111491000
1776111493.634,193.634,0.71,0.72,0.27,0.29,0.01,0.02,73139.8,1776111492000
1776111494.095,194.095,0.72,0.73,0.27,0.29,0.01,0.02,73139.8,1776111492000
1776111494.438,194.438,0.71,0.73,0.27,0.28,0.02,0.01,73137.49,1776111493000
1776111494.781,194.781,0.71,0.72,0.28,0.29,0.01,0.01,73137.49,1776111493000
1776111495.187,195.187,0.69,0.7,0.3,0.31,0.01,0.01,73137.49,1776111493000
1776111495.532,195.532,0.67,0.69,0.31,0.34,0.02,0.03,73135.45,1776111494000
1776111495.951,195.951,0.68,0.69,0.31,0.32,0.01,0.01,73135.45,1776111494000
1776111496.304,196.304,0.68,0.69,0.31,0.32,0.01,0.01,73135.45,1776111494000
1776111496.689,196.689,0.68,0.69,0.31,0.32,0.01,0.01,73135.28,1776111495000
1776111497.058,197.058,0.68,0.69,0.31,0.32,0.01,0.01,73135.28,1776111495000
1776111497.45,197.45,0.68,0.69,0.31,0.32,0.01,0.01,73135.38,1776111496000
1776111497.786,197.786,0.72,0.73,0.27,0.29,0.01,0.02,73135.38,1776111496000
1776111498.158,198.158,0.71,0.72,0.28,0.29,0.01,0.01,73138.42,1776111497000
1776111498.504,198.504,0.71,0.72,0.28,0.29,0.01,0.01,73138.42,1776111497000
1776111498.844,198.844,0.73,0.74,0.25,0.27,0.01,0.02,73138.42,1776111497000
1776111499.193,199.193,0.74,0.75,0.25,0.26,0.01,0.01,73141.91,1776111498000
1776111499.549,199.549,0.74,0.75,0.24,0.26,0.01,0.02,73141.91,1776111498000
1776111499.886,199.886,0.74,0.75,0.25,0.26,0.01,0.01,73141.91,1776111498000
1776111500.248,200.248,0.74,0.75,0.25,0.26,0.01,0.01,73153.97,1776111499000
1776111500.62,200.62,0.75,0.76,0.24,0.26,0.01,0.02,73153.97,1776111499000
1776111500.981,200.981,0.75,0.76,0.24,0.25,0.01,0.01,73153.97,1776111499000
1776111501.349,201.349,0.76,0.77,0.23,0.24,0.01,0.01,73154.88,1776111500000
1776111501.781,201.781,0.77,0.78,0.22,0.23,0.01,0.01,73154.88,1776111500000
1776111502.131,202.131,0.77,0.79,0.22,0.23,0.02,0.01,73154.88,1776111500000
1776111502.511,202.511,0.78,0.79,0.21,0.22,0.01,0.01,73156.23,1776111501000
1776111502.865,202.865,0.78,0.79,0.21,0.22,0.01,0.01,73156.23,1776111501000
1776111503.242,203.242,0.78,0.79,0.21,0.22,0.01,0.01,73156.24,1776111502000
1776111503.673,203.673,0.77,0.78,0.22,0.23,0.01,0.01,73156.24,1776111502000
1776111504.095,204.095,0.78,0.79,0.21,0.22,0.01,0.01,73156.24,1776111502000
1776111504.519,204.519,0.78,0.79,0.2,0.22,0.01,0.02,73156.24,1776111503000
1776111504.859,204.859,0.78,0.79,0.21,0.22,0.01,0.01,73156.24,1776111503000
1776111505.32,205.32,0.78,0.79,0.21,0.22,0.01,0.01,73156.25,1776111504000
1776111505.878,205.878,0.78,0.79,0.21,0.22,0.01,0.01,73156.25,1776111504000
1776111506.223,206.223,0.78,0.79,0.21,0.22,0.01,0.01,73156.15,1776111505000
1776111506.604,206.604,0.78,0.79,0.21,0.22,0.01,0.01,73156.15,1776111505000
1776111507.139,207.139,0.78,0.79,0.21,0.22,0.01,0.01,73156.15,1776111506000
1776111507.556,207.556,0.78,0.8,0.21,0.22,0.02,0.01,73156.15,1776111506000
1776111508.089,208.089,0.8,0.81,0.19,0.2,0.01,0.01,73156.15,1776111506000
1776111508.653,208.653,0.8,0.81,0.19,0.2,0.01,0.01,73156.15,1776111507000
1776111508.987,208.987,0.77,0.79,0.21,0.22,0.02,0.01,73156.15,1776111507000
1776111509.411,209.411,0.75,0.78,0.24,0.27,0.03,0.03,73162.99,1776111508000
1776111509.756,209.756,0.71,0.74,0.26,0.29,0.03,0.03,73162.99,1776111508000
1776111510.116,210.116,0.72,0.73,0.27,0.28,0.01,0.01,73164.61,1776111509000
1776111510.478,210.478,0.72,0.73,0.27,0.28,0.01,0.01,73164.61,1776111509000
1776111510.818,210.818,0.71,0.72,0.28,0.29,0.01,0.01,73164.61,1776111509000
1776111511.189,211.189,0.7,0.71,0.28,0.29,0.01,0.01,73164.61,1776111509000
1776111511.759,211.759,0.69,0.7,0.3,0.31,0.01,0.01,73159.46,1776111510000
1776111512.184,212.184,0.64,0.68,0.3,0.36,0.04,0.06,73149.49,1776111511000
1776111512.577,212.577,0.61,0.67,0.33,0.39,0.06,0.06,73149.49,1776111511000
1776111512.919,212.919,0.62,0.65,0.35,0.4,0.03,0.05,73149.49,1776111511000
1776111513.257,213.257,0.62,0.63,0.37,0.39,0.01,0.02,73149.49,1776111511000
1776111513.601,213.601,0.62,0.63,0.37,0.38,0.01,0.01,73143.5,1776111512000
1776111514.104,214.104,0.61,0.62,0.38,0.39,0.01,0.01,73137.92,1776111513000
1776111514.482,214.482,0.58,0.6,0.4,0.42,0.02,0.02,73137.92,1776111513000
1776111514.861,214.861,0.57,0.58,0.42,0.43,0.01,0.01,73137.92,1776111513000
1776111515.194,215.194,0.57,0.58,0.42,0.43,0.01,0.01,73129.53,1776111514000
1776111515.536,215.536,0.57,0.58,0.42,0.44,0.01,0.02,73129.53,1776111514000
1776111515.886,215.886,0.57,0.58,0.42,0.44,0.01,0.02,73129.53,1776111514000
1776111516.243,216.243,0.57,0.58,0.42,0.43,0.01,0.01,73119.85,1776111515000
1776111516.605,216.605,0.56,0.57,0.42,0.44,0.01,0.02,73119.85,1776111515000
1776111517.073,217.073,0.56,0.57,0.43,0.44,0.01,0.01,73119.85,1776111515000
1776111517.468,217.468,0.57,0.59,0.41,0.43,0.02,0.02,73117.04,1776111516000
1776111517.861,217.861,0.57,0.58,0.42,0.43,0.01,0.01,73117.04,1776111516000
1776111518.283,218.283,0.56,0.58,0.42,0.44,0.02,0.02,73117.39,1776111517000
1776111518.617,218.617,0.56,0.57,0.43,0.44,0.01,0.01,73117.39,1776111517000
1776111518.979,218.979,0.56,0.57,0.43,0.44,0.01,0.01,73117.39,1776111517000
1776111519.35,219.35,0.55,0.57,0.43,0.45,0.02,0.02,73119.14,1776111518000
1776111519.738,219.738,0.54,0.56,0.44,0.47,0.02,0.03,73119.14,1776111518000
1776111520.09,220.09,0.52,0.53,0.46,0.47,0.01,0.01,73119.14,1776111518000
1776111520.452,220.452,0.52,0.53,0.47,0.5,0.01,0.03,73117.27,1776111519000
1776111520.794,220.794,0.52,0.53,0.47,0.48,0.01,0.01,73117.27,1776111519000
1776111521.13,221.13,0.51,0.53,0.47,0.48,0.02,0.01,73117.27,1776111519000
1776111521.5,221.5,0.52,0.53,0.47,0.48,0.01,0.01,73114,1776111520000
1776111521.843,221.843,0.56,0.57,0.43,0.48,0.01,0.05,73114,1776111520000
1776111522.2,222.2,0.55,0.57,0.44,0.45,0.02,0.01,73114,1776111520000
1776111522.545,222.545,0.55,0.56,0.44,0.45,0.01,0.01,73114,1776111521000
1776111522.92,222.92,0.56,0.57,0.43,0.45,0.01,0.02,73114,1776111521000
1776111523.279,223.279,0.56,0.57,0.43,0.44,0.01,0.01,73117.8,1776111522000
1776111523.66,223.66,0.56,0.57,0.43,0.44,0.01,0.01,73117.8,1776111522000
1776111524.073,224.073,0.56,0.57,0.43,0.44,0.01,0.01,73117.8,1776111522000
1776111524.507,224.507,0.55,0.56,0.43,0.45,0.01,0.02,73124.83,1776111523000
1776111524.913,224.913,0.55,0.56,0.44,0.45,0.01,0.01,73124.83,1776111523000
1776111525.304,225.304,0.55,0.56,0.44,0.45,0.01,0.01,73124.83,1776111523000
1776111525.762,225.762,0.55,0.56,0.44,0.45,0.01,0.01,73124.22,1776111524000
1776111526.134,226.134,0.55,0.56,0.44,0.45,0.01,0.01,73124.22,1776111524000
1776111526.572,226.572,0.55,0.56,0.44,0.45,0.01,0.01,73124.22,1776111524000
1776111526.936,226.936,0.55,0.56,0.44,0.45,0.01,0.01,73124.22,1776111524000
1776111527.281,227.281,0.55,0.56,0.44,0.45,0.01,0.01,73124.79,1776111526000
1776111527.686,227.686,0.55,0.56,0.44,0.45,0.01,0.01,73124.79,1776111526000
1776111528.033,228.033,0.53,0.55,0.45,0.47,0.02,0.02,73124.79,1776111526000
1776111528.404,228.404,0.53,0.54,0.46,0.47,0.01,0.01,73124.79,1776111527000
1776111528.944,228.944,0.53,0.54,0.46,0.47,0.01,0.01,73124.79,1776111527000
1776111529.312,229.312,0.53,0.54,0.46,0.47,0.01,0.01,73124.79,1776111528000
1776111529.7,229.7,0.53,0.54,0.46,0.47,0.01,0.01,73124.79,1776111528000
1776111530.098,230.098,0.53,0.54,0.46,0.47,0.01,0.01,73124.79,1776111528000
1776111530.451,230.451,0.53,0.54,0.46,0.47,0.01,0.01,73124.45,1776111529000
1776111530.803,230.803,0.53,0.54,0.45,0.47,0.01,0.02,73124.45,1776111529000
1776111531.263,231.263,0.53,0.54,0.46,0.47,0.01,0.01,73124.45,1776111529000
1776111531.825,231.825,0.53,0.54,0.46,0.47,0.01,0.01,73123.71,1776111530000
1776111532.261,232.261,0.54,0.55,0.45,0.46,0.01,0.01,73123.71,1776111530000
1776111532.702,232.702,0.55,0.56,0.45,0.46,0.01,0.01,73123.68,1776111531000
1776111533.036,233.036,0.55,0.56,0.44,0.45,0.01,0.01,73122.98,1776111532000
1776111533.535,233.535,0.55,0.56,0.44,0.45,0.01,0.01,73122.98,1776111532000
1776111533.888,233.888,0.55,0.56,0.44,0.45,0.01,0.01,73122.98,1776111532000
1776111534.287,234.287,0.55,0.56,0.44,0.45,0.01,0.01,73122.98,1776111533000
1776111534.769,234.769,0.55,0.56,0.44,0.45,0.01,0.01,73122.98,1776111533000
1776111535.152,235.152,0.56,0.57,0.44,0.45,0.01,0.01,73123.68,1776111534000
1776111535.688,235.688,0.56,0.57,0.43,0.44,0.01,0.01,73123.68,1776111534000
1776111536.054,236.054,0.56,0.57,0.43,0.44,0.01,0.01,73123.68,1776111535000
1776111536.395,236.395,0.56,0.57,0.43,0.44,0.01,0.01,73123.68,1776111535000
1776111536.797,236.797,0.56,0.57,0.43,0.44,0.01,0.01,73123.68,1776111535000
1776111537.566,237.566,0.56,0.57,0.43,0.44,0.01,0.01,73123.18,1776111536000
1776111537.913,237.913,0.56,0.57,0.43,0.44,0.01,0.01,73123.18,1776111536000
1776111538.276,238.276,0.56,0.57,0.43,0.44,0.01,0.01,73123.68,1776111537000
1776111538.684,238.684,0.56,0.57,0.43,0.44,0.01,0.01,73123.68,1776111537000
1776111539.049,239.049,0.56,0.57,0.43,0.44,0.01,0.01,73123.52,1776111538000
1776111540.206,240.206,0.56,0.57,0.43,0.44,0.01,0.01,73123.52,1776111538000
1776111540.562,240.562,0.56,0.57,0.43,0.44,0.01,0.01,73123.68,1776111539000
1776111540.92,240.92,0.56,0.57,0.43,0.44,0.01,0.01,73123.68,1776111539000
1776111541.253,241.253,0.56,0.57,0.43,0.44,0.01,0.01,73123.68,1776111540000
1776111541.662,241.662,0.56,0.58,0.43,0.44,0.02,0.01,73123.68,1776111540000
1776111542.04,242.04,0.57,0.58,0.42,0.43,0.01,0.01,73123.68,1776111541000
1776111542.597,242.597,0.57,0.58,0.42,0.43,0.01,0.01,73123.68,1776111541000
1776111543.103,243.103,0.57,0.58,0.42,0.43,0.01,0.01,73125.14,1776111542000
1776111543.477,243.477,0.57,0.58,0.42,0.43,0.01,0.01,73125.14,1776111542000
1776111543.895,243.895,0.57,0.58,0.42,0.43,0.01,0.01,73125.14,1776111542000
1776111544.255,244.255,0.55,0.56,0.43,0.45,0.01,0.02,73125.14,1776111543000
1776111544.591,244.591,0.54,0.56,0.44,0.45,0.02,0.01,73125.14,1776111543000
1776111545.084,245.084,0.54,0.55,0.45,0.46,0.01,0.01,73125.14,1776111543000
1776111545.506,245.506,0.54,0.55,0.45,0.46,0.01,0.01,73124.89,1776111544000
1776111546.11,246.11,0.54,0.55,0.45,0.46,0.01,0.01,73124.02,1776111545000
1776111546.443,246.443,0.52,0.53,0.47,0.48,0.01,0.01,73124.02,1776111545000
1776111546.849,246.849,0.52,0.53,0.47,0.48,0.01,0.01,73124.02,1776111545000
1776111547.215,247.215,0.52,0.53,0.47,0.48,0.01,0.01,73120.73,1776111546000
1776111547.934,247.934,0.52,0.53,0.47,0.48,0.01,0.01,73120.73,1776111546000
1776111548.292,248.292,0.52,0.53,0.47,0.48,0.01,0.01,73119.9,1776111547000
1776111548.684,248.684,0.52,0.53,0.47,0.48,0.01,0.01,73119.9,1776111547000
1776111549.043,249.043,0.52,0.53,0.47,0.48,0.01,0.01,73119.9,1776111547000
1776111549.412,249.412,0.52,0.53,0.47,0.48,0.01,0.01,73119.72,1776111548000
1776111549.808,249.808,0.52,0.53,0.47,0.48,0.01,0.01,73119.72,1776111548000
1776111550.261,250.261,0.52,0.53,0.47,0.48,0.01,0.01,73119.72,1776111548000
1776111550.685,250.685,0.52,0.53,0.47,0.48,0.01,0.01,73119.42,1776111549000
1776111551.069,251.069,0.52,0.53,0.47,0.48,0.01,0.01,73119.42,1776111549000
1776111551.471,251.471,0.52,0.53,0.47,0.48,0.01,0.01,73121.45,1776111550000
1776111551.939,251.939,0.52,0.53,0.47,0.48,0.01,0.01,73121.45,1776111550000
1776111552.454,252.454,0.52,0.53,0.47,0.48,0.01,0.01,73121.45,1776111551000
1776111552.921,252.921,0.52,0.53,0.47,0.48,0.01,0.01,73121.45,1776111551000
1776111553.348,253.348,0.52,0.53,0.47,0.48,0.01,0.01,73121.45,1776111552000
1776111553.694,253.694,0.52,0.53,0.47,0.48,0.01,0.01,73121.45,1776111552000
1776111554.117,254.117,0.52,0.53,0.47,0.48,0.01,0.01,73121.45,1776111552000
1776111554.476,254.476,0.56,0.57,0.43,0.45,0.01,0.02,73121.45,1776111552000
1776111554.812,254.812,0.57,0.58,0.42,0.44,0.01,0.02,73121.45,1776111553000
1776111555.278,255.278,0.57,0.58,0.41,0.43,0.01,0.02,73121.38,1776111554000
1776111555.685,255.685,0.58,0.59,0.41,0.42,0.01,0.01,73121.38,1776111554000
1776111556.172,256.172,0.58,0.59,0.41,0.42,0.01,0.01,73121.38,1776111554000
1776111556.512,256.512,0.58,0.59,0.41,0.42,0.01,0.01,73121.38,1776111554000
1776111556.894,256.894,0.58,0.59,0.41,0.42,0.01,0.01,73121.38,1776111555000
1776111557.29,257.29,0.58,0.59,0.41,0.42,0.01,0.01,73121.76,1776111556000
1776111557.632,257.632,0.58,0.59,0.41,0.42,0.01,0.01,73121.76,1776111556000
1776111558.141,258.141,0.56,0.57,0.41,0.43,0.01,0.02,73121.76,1776111556000
1776111558.501,258.501,0.54,0.55,0.45,0.46,0.01,0.01,73122.07,1776111557000
1776111559.083,259.083,0.54,0.55,0.45,0.46,0.01,0.01,73122.07,1776111557000
1776111559.514,259.514,0.54,0.55,0.45,0.46,0.01,0.01,73121.23,1776111558000
1776111559.883,259.883,0.52,0.53,0.45,0.49,0.01,0.04,73121.23,1776111558000
1776111560.313,260.313,0.51,0.52,0.48,0.49,0.01,0.01,73121.23,1776111558000
1776111560.69,260.69,0.47,0.5,0.5,0.53,0.03,0.03,73121.45,1776111559000
1776111561.024,261.024,0.49,0.51,0.5,0.51,0.02,0.01,73121.45,1776111559000
1776111561.364,261.364,0.46,0.49,0.51,0.54,0.03,0.03,73121.45,1776111560000
1776111561.708,261.708,0.47,0.48,0.52,0.54,0.01,0.02,73121.45,1776111560000
1776111562.094,262.094,0.45,0.46,0.53,0.55,0.01,0.02,73117.46,1776111561000
1776111562.614,262.614,0.43,0.45,0.54,0.56,0.02,0.02,73117.46,1776111561000
1776111562.963,262.963,0.44,0.45,0.55,0.57,0.01,0.02,73117.46,1776111561000
1776111563.321,263.321,0.43,0.44,0.56,0.57,0.01,0.01,73117.46,1776111561000
1776111563.677,263.677,0.43,0.44,0.56,0.57,0.01,0.01,73109.63,1776111562000
1776111564.02,264.02,0.43,0.44,0.56,0.57,0.01,0.01,73107.87,1776111563000
1776111564.372,264.372,0.43,0.44,0.56,0.57,0.01,0.01,73107.87,1776111563000
1776111564.785,264.785,0.43,0.44,0.56,0.57,0.01,0.01,73107.87,1776111563000
1776111565.15,265.15,0.43,0.44,0.56,0.57,0.01,0.01,73107.87,1776111563000
1776111565.505,265.505,0.43,0.44,0.56,0.57,0.01,0.01,73108.89,1776111564000
1776111565.847,265.847,0.43,0.44,0.56,0.57,0.01,0.01,73108.89,1776111564000
1776111566.234,266.234,0.43,0.44,0.56,0.57,0.01,0.01,73108.89,1776111564000
1776111566.656,266.656,0.43,0.44,0.56,0.57,0.01,0.01,73110.99,1776111565000
1776111567.2,267.2,0.43,0.44,0.56,0.57,0.01,0.01,73110.99,1776111565000
1776111567.594,267.594,0.43,0.44,0.56,0.57,0.01,0.01,73107.75,1776111566000
1776111568.029,268.029,0.43,0.44,0.56,0.57,0.01,0.01,73107.75,1776111566000
1776111568.487,268.487,0.42,0.43,0.56,0.57,0.01,0.01,73107.75,1776111566000
1776111568.848,268.848,0.42,0.44,0.57,0.58,0.02,0.01,73112.5,1776111567000
1776111569.195,269.195,0.43,0.44,0.56,0.57,0.01,0.01,73112.5,1776111567000
1776111569.556,269.556,0.43,0.44,0.56,0.57,0.01,0.01,73114.15,1776111568000
1776111569.9,269.9,0.42,0.44,0.56,0.57,0.02,0.01,73114.15,1776111568000
1776111570.345,270.345,0.42,0.43,0.57,0.58,0.01,0.01,73106.8,1776111569000
1776111570.68,270.68,0.42,0.43,0.57,0.58,0.01,0.01,73106.8,1776111569000
1776111571.014,271.014,0.39,0.41,0.59,0.61,0.02,0.02,73106.8,1776111569000
1776111571.365,271.365,0.35,0.37,0.6,0.65,0.02,0.05,73106.57,1776111570000
1776111571.701,271.701,0.28,0.31,0.69,0.71,0.03,0.02,73106.57,1776111570000
1776111572.041,272.041,0.27,0.3,0.7,0.71,0.03,0.01,73106.57,1776111570000
1776111572.394,272.394,0.29,0.31,0.69,0.71,0.02,0.02,73106.51,1776111571000
1776111572.727,272.727,0.24,0.3,0.7,0.71,0.06,0.01,73106.51,1776111571000
1776111573.083,273.083,0.26,0.27,0.72,0.75,0.01,0.03,73106.51,1776111571000
1776111573.418,273.418,0.26,0.27,0.73,0.74,0.01,0.01,73101.33,1776111572000
1776111573.785,273.785,0.26,0.27,0.73,0.74,0.01,0.01,73101.33,1776111572000
1776111574.123,274.123,0.24,0.25,0.75,0.76,0.01,0.01,73101.33,1776111572000
1776111574.463,274.463,0.24,0.25,0.75,0.76,0.01,0.01,73092.53,1776111573000
1776111574.839,274.839,0.22,0.23,0.77,0.78,0.01,0.01,73092.53,1776111573000
1776111575.205,275.205,0.22,0.23,0.77,0.79,0.01,0.02,73092.53,1776111573000
1776111575.546,275.546,0.21,0.22,0.77,0.79,0.01,0.02,73091.88,1776111574000
1776111575.893,275.893,0.21,0.22,0.78,0.79,0.01,0.01,73091.88,1776111574000
1776111576.229,276.229,0.21,0.22,0.78,0.79,0.01,0.01,73091.88,1776111574000
1776111576.576,276.576,0.21,0.22,0.78,0.79,0.01,0.01,73090.87,1776111575000
1776111576.968,276.968,0.26,0.27,0.73,0.74,0.01,0.01,73090.87,1776111575000
1776111577.344,277.344,0.26,0.27,0.73,0.74,0.01,0.01,73091.38,1776111576000
1776111577.776,277.776,0.25,0.26,0.74,0.75,0.01,0.01,73091.38,1776111576000
1776111578.12,278.12,0.24,0.25,0.72,0.79,0.01,0.07,73091.38,1776111576000
1776111578.492,278.492,0.23,0.24,0.76,0.77,0.01,0.01,73092.27,1776111577000
1776111578.842,278.842,0.22,0.23,0.77,0.78,0.01,0.01,73092.27,1776111577000
1776111579.246,279.246,0.2,0.21,0.77,0.8,0.01,0.03,73092.27,1776111577000
1776111579.58,279.58,0.16,0.18,0.82,0.84,0.02,0.02,73092.27,1776111577000
1776111579.935,279.935,0.15,0.16,0.84,0.85,0.01,0.01,73093.61,1776111578000
1776111580.333,280.333,0.14,0.15,0.85,0.86,0.01,0.01,73093.61,1776111579000
1776111580.674,280.674,0.14,0.15,0.85,0.86,0.01,0.01,73093.61,1776111579000
1776111581.059,281.059,0.13,0.14,0.86,0.87,0.01,0.01,73093.61,1776111579000
1776111581.418,281.418,0.13,0.14,0.86,0.87,0.01,0.01,73090.39,1776111580000
1776111581.756,281.756,0.13,0.14,0.86,0.87,0.01,0.01,73090.39,1776111580000
1776111582.139,282.139,0.12,0.13,0.87,0.88,0.01,0.01,73090.39,1776111580000
1776111582.515,282.515,0.11,0.12,0.88,0.89,0.01,0.01,73085.63,1776111581000
1776111582.856,282.856,0.11,0.12,0.88,0.9,0.01,0.02,73085.63,1776111581000
1776111583.191,283.191,0.22,0.25,0.82,0.87,0.03,0.05,73085.63,1776111581000
1776111583.545,283.545,0.31,0.32,0.68,0.69,0.01,0.01,73085.63,1776111581000
1776111583.884,283.884,0.36,0.37,0.63,0.64,0.01,0.01,73085.08,1776111582000
1776111584.242,284.242,0.36,0.37,0.63,0.64,0.01,0.01,73085.08,1776111583000
1776111584.582,284.582,0.35,0.36,0.64,0.65,0.01,0.01,73085.08,1776111583000
1776111584.923,284.923,0.33,0.35,0.65,0.67,0.02,0.02,73085.08,1776111583000
1776111585.274,285.274,0.31,0.33,0.66,0.68,0.02,0.02,73085.08,1776111583000
1776111585.617,285.617,0.32,0.33,0.67,0.68,0.01,0.01,73099.89,1776111584000
1776111585.97,285.97,0.31,0.32,0.68,0.69,0.01,0.01,73099.89,1776111584000
1776111586.373,286.373,0.29,0.3,0.69,0.7,0.01,0.01,73099.89,1776111585000
1776111586.717,286.717,0.28,0.29,0.7,0.72,0.01,0.02,73099.89,1776111585000
1776111587.097,287.097,0.27,0.28,0.72,0.73,0.01,0.01,73099.89,1776111585000
1776111587.489,287.489,0.27,0.28,0.72,0.73,0.01,0.01,73100.29,1776111586000
1776111588.052,288.052,0.24,0.25,0.74,0.76,0.01,0.02,73100.29,1776111586000
1776111588.42,288.42,0.24,0.25,0.75,0.76,0.01,0.01,73100.29,1776111586000
1776111588.787,288.787,0.23,0.24,0.76,0.77,0.01,0.01,73100.29,1776111587000
1776111589.133,289.133,0.23,0.24,0.76,0.77,0.01,0.01,73100.29,1776111588000
1776111589.59,289.59,0.22,0.23,0.77,0.78,0.01,0.01,73100.29,1776111588000
1776111589.929,289.929,0.22,0.23,0.77,0.78,0.01,0.01,73100.29,1776111588000
1776111590.914,290.914,0.21,0.23,0.77,0.79,0.02,0.02,73100.28,1776111589000
1776111591.325,291.325,0.19,0.2,0.8,0.81,0.01,0.01,73100.28,1776111589000
1776111591.717,291.717,0.17,0.18,0.81,0.86,0.01,0.05,73100.28,1776111589000
1776111592.085,292.085,0.15,0.16,0.84,0.85,0.01,0.01,73100.05,1776111590000
1776111592.46,292.46,0.15,0.16,0.84,0.85,0.01,0.01,73100.05,1776111591000
1776111592.811,292.811,0.15,0.16,0.84,0.85,0.01,0.01,73100.05,1776111591000
1776111593.245,293.245,0.15,0.16,0.84,0.85,0.01,0.01,73100.05,1776111591000
1776111593.598,293.598,0.15,0.16,0.84,0.85,0.01,0.01,73100.05,1776111592000
1776111593.98,293.98,0.15,0.16,0.84,0.85,0.01,0.01,73100.05,1776111593000
1776111594.404,294.404,0.1,0.11,0.89,0.9,0.01,0.01,73100.05,1776111593000
1776111594.812,294.812,0.1,0.11,0.89,0.9,0.01,0.01,73100.05,1776111593000
1776111595.158,295.158,0.09,0.1,0.9,0.91,0.01,0.01,73100.05,1776111593000
1776111595.496,295.496,0.12,0.15,0.83,0.88,0.03,0.05,73100.73,1776111594000
1776111595.848,295.848,0.1,0.14,0.88,0.9,0.04,0.02,73100.73,1776111594000
1776111596.209,296.209,0.1,0.11,0.89,0.9,0.01,0.01,73100.73,1776111594000
1776111596.554,296.554,0.07,0.08,0.92,0.93,0.01,0.01,73100.4,1776111595000
1776111596.914,296.914,0.04,0.05,0.93,0.95,0.01,0.02,73100.4,1776111595000
1776111597.25,297.25,0.06,0.09,0.93,0.94,0.03,0.01,73100.4,1776111595000
1776111597.631,297.631,0.05,0.06,0.94,0.95,0.01,0.01,73101.05,1776111596000
1776111597.989,297.989,0.02,0.04,0.96,0.97,0.02,0.01,73101.05,1776111596000
1776111598.324,298.324,0.02,0.03,0.97,0.98,0.01,0.01,73101.05,1776111597000
1776111598.713,298.713,0.01,0.02,0.96,0.99,0.01,0.03,73101.05,1776111597000
1776111599.058,299.058,0.01,0.02,0.98,0.99,0.01,0.01,73101.05,1776111597000
1776111599.478,299.478,0.01,0.01,0.99,0.99,0.0,0.0,73101.14,1776111598000
1776111599.821,299.821,0.01,0.01,0.99,0.99,0.0,0.0,73101.14,1776111598000
1776111600.283,300.283,0.01,0.01,0.99,0.99,0.0,0.0,73101.14,1776111598000
1776111600.694,300.694,0.01,0.01,0.99,0.99,0.0,0.0,73100.9,1776111599000

# RESULT,winner=Down,slug=btc-updown-5m-1776111300,ticks=712
