timestamp,elapsed_sec,up_bid,up_ask,down_bid,down_ask,up_spread,down_spread,btc_price,btc_oracle_ts
1776789600.503,0.503,0.5,0.51,0.49,0.5,0.01,0.01,76047.37,1776789599000
1776789600.88,0.88,0.54,0.57,0.44,0.48,0.03,0.04,76047.37,1776789599000
1776789601.576,1.576,0.57,0.58,0.42,0.44,0.01,0.02,76047.37,1776789600000
1776789601.909,1.909,0.59,0.61,0.39,0.41,0.02,0.02,76047.37,1776789600000
1776789602.303,2.303,0.6,0.61,0.39,0.41,0.01,0.02,76047.61,1776789601000
1776789602.739,2.739,0.62,0.64,0.37,0.39,0.02,0.02,76047.61,1776789601000
1776789603.093,3.093,0.64,0.65,0.35,0.37,0.01,0.02,76047.61,1776789601000
1776789603.465,3.465,0.67,0.68,0.32,0.36,0.01,0.04,76057.07,1776789602000
1776789603.812,3.812,0.68,0.69,0.31,0.32,0.01,0.01,76057.07,1776789602000
1776789604.153,4.153,0.68,0.69,0.31,0.32,0.01,0.01,76057.07,1776789602000
1776789604.509,4.509,0.68,0.69,0.31,0.32,0.01,0.01,76075.6,1776789603000
1776789604.846,4.846,0.69,0.7,0.3,0.32,0.01,0.02,76075.6,1776789603000
1776789605.197,5.197,0.71,0.72,0.28,0.29,0.01,0.01,76087.22,1776789604000
1776789605.57,5.57,0.71,0.72,0.28,0.29,0.01,0.01,76087.22,1776789604000
1776789605.903,5.903,0.71,0.72,0.28,0.29,0.01,0.01,76087.22,1776789604000
1776789606.249,6.249,0.71,0.72,0.28,0.29,0.01,0.01,76089.15,1776789605000
1776789606.603,6.603,0.71,0.72,0.28,0.29,0.01,0.01,76089.15,1776789605000
1776789606.982,6.982,0.71,0.72,0.28,0.29,0.01,0.01,76089.15,1776789605000
1776789607.491,7.491,0.71,0.72,0.28,0.29,0.01,0.01,76101.6,1776789606000
1776789607.824,7.824,0.71,0.72,0.28,0.29,0.01,0.01,76101.6,1776789606000
1776789608.257,8.257,0.71,0.72,0.28,0.29,0.01,0.01,76101.6,1776789606000
1776789608.649,8.649,0.71,0.72,0.28,0.29,0.01,0.01,76101.81,1776789607000
1776789608.989,8.989,0.72,0.73,0.27,0.29,0.01,0.02,76101.81,1776789607000
1776789609.43,9.43,0.72,0.73,0.27,0.28,0.01,0.01,76099.36,1776789608000
1776789609.848,9.848,0.72,0.73,0.27,0.28,0.01,0.01,76099.36,1776789608000
1776789610.342,10.342,0.68,0.73,0.27,0.32,0.05,0.05,76099.83,1776789609000
1776789610.688,10.688,0.68,0.69,0.31,0.32,0.01,0.01,76099.83,1776789609000
1776789611.041,11.041,0.68,0.69,0.31,0.32,0.01,0.01,76099.83,1776789609000
1776789611.413,11.413,0.68,0.69,0.31,0.33,0.01,0.02,76099.99,1776789610000
1776789612.036,12.036,0.67,0.68,0.32,0.33,0.01,0.01,76099.14,1776789611000
1776789612.574,12.574,0.67,0.68,0.32,0.33,0.01,0.01,76099.14,1776789611000
1776789613.034,13.034,0.66,0.68,0.32,0.33,0.02,0.01,76099.14,1776789611000
1776789613.479,13.479,0.66,0.68,0.32,0.34,0.02,0.02,76096.31,1776789612000
1776789613.892,13.892,0.67,0.68,0.32,0.34,0.01,0.02,76096.31,1776789612000
1776789614.528,14.528,0.66,0.67,0.32,0.34,0.01,0.02,76095.38,1776789613000
1776789614.928,14.928,0.66,0.67,0.33,0.34,0.01,0.01,76095.38,1776789613000
1776789615.277,15.277,0.66,0.67,0.33,0.34,0.01,0.01,76094.25,1776789614000
1776789615.722,15.722,0.66,0.67,0.33,0.34,0.01,0.01,76094.25,1776789614000
1776789616.062,16.062,0.66,0.67,0.33,0.34,0.01,0.01,76092.59,1776789615000
1776789616.403,16.403,0.66,0.68,0.32,0.34,0.02,0.02,76092.59,1776789615000
1776789616.917,16.917,0.66,0.67,0.33,0.34,0.01,0.01,76095.59,1776789616000
1776789617.307,17.307,0.66,0.67,0.31,0.34,0.01,0.03,76095.59,1776789616000
1776789617.886,17.886,0.68,0.69,0.31,0.33,0.01,0.02,76095.59,1776789616000
1776789618.24,18.24,0.69,0.7,0.3,0.31,0.01,0.01,76096.76,1776789617000
1776789618.614,18.614,0.69,0.7,0.3,0.31,0.01,0.01,76096.76,1776789617000
1776789618.973,18.973,0.69,0.7,0.3,0.31,0.01,0.01,76096.76,1776789617000
1776789619.456,19.456,0.69,0.7,0.3,0.31,0.01,0.01,76096.76,1776789617000
1776789619.879,19.879,0.66,0.67,0.3,0.34,0.01,0.04,76097.26,1776789618000
1776789620.31,20.31,0.66,0.67,0.33,0.34,0.01,0.01,76097.29,1776789619000
1776789620.658,20.658,0.66,0.67,0.33,0.34,0.01,0.01,76097.29,1776789619000
1776789620.991,20.991,0.66,0.67,0.33,0.34,0.01,0.01,76095.58,1776789620000
1776789621.652,21.652,0.66,0.67,0.33,0.34,0.01,0.01,76095.58,1776789620000
1776789621.995,21.995,0.66,0.67,0.33,0.34,0.01,0.01,76095.58,1776789620000
1776789622.461,22.461,0.66,0.67,0.33,0.34,0.01,0.01,76092.74,1776789621000
1776789622.829,22.829,0.66,0.67,0.33,0.34,0.01,0.01,76092.74,1776789621000
1776789623.654,23.654,0.66,0.67,0.33,0.34,0.01,0.01,76093.12,1776789622000
1776789624.049,24.049,0.66,0.67,0.33,0.34,0.01,0.01,76092.61,1776789623000
1776789624.456,24.456,0.65,0.67,0.33,0.34,0.02,0.01,76092.61,1776789623000
1776789624.836,24.836,0.64,0.65,0.35,0.36,0.01,0.01,76092.61,1776789623000
1776789625.184,25.184,0.66,0.69,0.33,0.34,0.03,0.01,76091.39,1776789624000
1776789625.707,25.707,0.68,0.69,0.31,0.32,0.01,0.01,76091.39,1776789624000
1776789626.074,26.074,0.68,0.71,0.31,0.32,0.03,0.01,76091.39,1776789624000
1776789626.45,26.45,0.7,0.72,0.29,0.3,0.02,0.01,76089.73,1776789625000
1776789626.817,26.817,0.71,0.72,0.28,0.29,0.01,0.01,76089.73,1776789625000
1776789627.202,27.202,0.7,0.71,0.29,0.3,0.01,0.01,76090.66,1776789626000
1776789627.554,27.554,0.7,0.71,0.29,0.3,0.01,0.01,76090.66,1776789626000
1776789628.074,28.074,0.7,0.71,0.29,0.3,0.01,0.01,76090.66,1776789626000
1776789628.629,28.629,0.7,0.71,0.29,0.3,0.01,0.01,76099.37,1776789627000
1776789629.094,29.094,0.69,0.7,0.3,0.31,0.01,0.01,76099.37,1776789627000
1776789629.429,29.429,0.69,0.7,0.3,0.31,0.01,0.01,76098.56,1776789628000
1776789630.302,30.302,0.69,0.7,0.3,0.31,0.01,0.01,76098.56,1776789629000
1776789630.758,30.758,0.69,0.7,0.3,0.31,0.01,0.01,76098.56,1776789629000
1776789631.209,31.209,0.68,0.69,0.31,0.32,0.01,0.01,76098.56,1776789629000
1776789631.597,31.597,0.68,0.69,0.31,0.32,0.01,0.01,76099.19,1776789630000
1776789632.094,32.094,0.68,0.69,0.31,0.32,0.01,0.01,76099.19,1776789630000
1776789632.517,32.517,0.68,0.69,0.31,0.32,0.01,0.01,76099.68,1776789631000
1776789632.915,32.915,0.68,0.69,0.31,0.32,0.01,0.01,76099.68,1776789631000
1776789633.3,33.3,0.68,0.69,0.31,0.32,0.01,0.01,76099.68,1776789631000
1776789633.709,33.709,0.68,0.69,0.31,0.32,0.01,0.01,76095.95,1776789632000
1776789634.126,34.126,0.68,0.69,0.31,0.32,0.01,0.01,76095.95,1776789632000
1776789634.692,34.692,0.68,0.69,0.31,0.32,0.01,0.01,76093.97,1776789633000
1776789635.036,35.036,0.67,0.69,0.31,0.32,0.02,0.01,76093.97,1776789633000
1776789635.555,35.555,0.67,0.68,0.32,0.33,0.01,0.01,76093.97,1776789633000
1776789636.025,36.025,0.67,0.68,0.32,0.33,0.01,0.01,76093.5,1776789634000
1776789636.406,36.406,0.66,0.68,0.32,0.33,0.02,0.01,76093.5,1776789635000
1776789636.78,36.78,0.66,0.67,0.33,0.34,0.01,0.01,76093.5,1776789635000
1776789637.276,37.276,0.66,0.67,0.33,0.34,0.01,0.01,76091.42,1776789636000
1776789637.693,37.693,0.66,0.67,0.33,0.34,0.01,0.01,76091.42,1776789636000
1776789638.114,38.114,0.66,0.67,0.33,0.34,0.01,0.01,76091.42,1776789636000
1776789638.505,38.505,0.66,0.67,0.33,0.34,0.01,0.01,76091.09,1776789637000
1776789638.858,38.858,0.66,0.67,0.33,0.34,0.01,0.01,76091.09,1776789637000
1776789639.405,39.405,0.66,0.67,0.33,0.34,0.01,0.01,76090.96,1776789638000
1776789639.743,39.743,0.69,0.7,0.3,0.31,0.01,0.01,76090.96,1776789638000
1776789640.191,40.191,0.73,0.74,0.26,0.3,0.01,0.04,76090.96,1776789638000
1776789640.553,40.553,0.73,0.74,0.26,0.28,0.01,0.02,76090.49,1776789639000
1776789640.975,40.975,0.73,0.74,0.26,0.27,0.01,0.01,76090.49,1776789639000
1776789641.313,41.313,0.73,0.76,0.24,0.27,0.03,0.03,76097.3,1776789640000
1776789641.692,41.692,0.77,0.78,0.22,0.23,0.01,0.01,76097.3,1776789640000
1776789642.102,42.102,0.77,0.8,0.2,0.23,0.03,0.03,76097.3,1776789640000
1776789642.472,42.472,0.77,0.78,0.22,0.23,0.01,0.01,76097.3,1776789640000
1776789642.943,42.943,0.77,0.78,0.22,0.23,0.01,0.01,76108.87,1776789641000
1776789643.552,43.552,0.77,0.78,0.22,0.23,0.01,0.01,76118.21,1776789642000
1776789643.909,43.909,0.77,0.78,0.22,0.23,0.01,0.01,76118.21,1776789642000
1776789644.298,44.298,0.71,0.72,0.28,0.29,0.01,0.01,76118.21,1776789642000
1776789644.849,44.849,0.74,0.75,0.25,0.26,0.01,0.01,76117.26,1776789643000
1776789645.202,45.202,0.74,0.75,0.25,0.26,0.01,0.01,76117.26,1776789643000
1776789645.537,45.537,0.71,0.72,0.28,0.29,0.01,0.01,76117.26,1776789643000
1776789645.891,45.891,0.71,0.72,0.28,0.29,0.01,0.01,76118.37,1776789644000
1776789646.304,46.304,0.7,0.71,0.29,0.3,0.01,0.01,76117.75,1776789645000
1776789646.698,46.698,0.68,0.69,0.31,0.32,0.01,0.01,76117.75,1776789645000
1776789647.123,47.123,0.68,0.69,0.31,0.32,0.01,0.01,76117.75,1776789645000
1776789647.487,47.487,0.66,0.67,0.33,0.34,0.01,0.01,76117.75,1776789645000
1776789647.823,47.823,0.68,0.69,0.31,0.32,0.01,0.01,76117.75,1776789645000
1776789648.207,48.207,0.7,0.71,0.29,0.3,0.01,0.01,76110.99,1776789646000
1776789648.558,48.558,0.7,0.71,0.29,0.3,0.01,0.01,76106.37,1776789647000
1776789648.956,48.956,0.7,0.73,0.29,0.3,0.03,0.01,76106.37,1776789647000
1776789649.323,49.323,0.73,0.74,0.26,0.27,0.01,0.01,76100.61,1776789648000
1776789649.753,49.753,0.73,0.74,0.26,0.27,0.01,0.01,76100.61,1776789648000
1776789650.161,50.161,0.73,0.74,0.26,0.27,0.01,0.01,76100.61,1776789648000
1776789650.545,50.545,0.73,0.74,0.26,0.27,0.01,0.01,76100.61,1776789648000
1776789651.078,51.078,0.72,0.74,0.27,0.28,0.02,0.01,76106.03,1776789649000
1776789651.471,51.471,0.72,0.73,0.27,0.28,0.01,0.01,76109.75,1776789650000
1776789651.994,51.994,0.72,0.73,0.27,0.28,0.01,0.01,76109.75,1776789650000
1776789652.351,52.351,0.72,0.73,0.27,0.28,0.01,0.01,76109.75,1776789650000
1776789652.787,52.787,0.72,0.73,0.27,0.28,0.01,0.01,76109.75,1776789650000
1776789653.195,53.195,0.72,0.73,0.27,0.28,0.01,0.01,76113.69,1776789651000
1776789653.568,53.568,0.72,0.73,0.27,0.28,0.01,0.01,76113.69,1776789651000
1776789653.959,53.959,0.71,0.72,0.27,0.29,0.01,0.02,76109.2,1776789652000
1776789654.371,54.371,0.7,0.71,0.29,0.3,0.01,0.01,76108.07,1776789653000
1776789654.736,54.736,0.7,0.71,0.29,0.3,0.01,0.01,76108.07,1776789653000
1776789655.109,55.109,0.73,0.74,0.26,0.28,0.01,0.02,76108.07,1776789653000
1776789655.548,55.548,0.74,0.75,0.25,0.26,0.01,0.01,76107.44,1776789654000
1776789655.89,55.89,0.75,0.76,0.24,0.26,0.01,0.02,76107.44,1776789654000
1776789656.322,56.322,0.75,0.76,0.24,0.25,0.01,0.01,76106.49,1776789655000
1776789656.661,56.661,0.75,0.76,0.24,0.25,0.01,0.01,76106.49,1776789655000
1776789657.141,57.141,0.75,0.76,0.24,0.25,0.01,0.01,76106.49,1776789655000
1776789657.527,57.527,0.75,0.76,0.24,0.25,0.01,0.01,76106.49,1776789655000
1776789657.937,57.937,0.75,0.76,0.24,0.25,0.01,0.01,76113.28,1776789656000
1776789658.357,58.357,0.73,0.74,0.24,0.27,0.01,0.03,76113.5,1776789657000
1776789658.737,58.737,0.72,0.73,0.27,0.28,0.01,0.01,76113.5,1776789657000
1776789659.086,59.086,0.71,0.72,0.27,0.29,0.01,0.02,76113.5,1776789657000
1776789659.42,59.42,0.71,0.72,0.28,0.29,0.01,0.01,76114.21,1776789658000
1776789659.922,59.922,0.69,0.7,0.28,0.31,0.01,0.03,76114.21,1776789658000
1776789660.255,60.255,0.69,0.7,0.3,0.31,0.01,0.01,76112.68,1776789659000
1776789660.596,60.596,0.69,0.7,0.3,0.31,0.01,0.01,76112.68,1776789659000
1776789660.95,60.95,0.68,0.7,0.3,0.31,0.02,0.01,76112.68,1776789659000
1776789661.291,61.291,0.68,0.69,0.31,0.32,0.01,0.01,76112.68,1776789659000
1776789661.657,61.657,0.67,0.68,0.32,0.33,0.01,0.01,76105.35,1776789660000
1776789662.081,62.081,0.67,0.68,0.32,0.33,0.01,0.01,76105.35,1776789660000
1776789662.509,62.509,0.67,0.68,0.32,0.33,0.01,0.01,76105.35,1776789660000
1776789662.848,62.848,0.67,0.68,0.32,0.33,0.01,0.01,76101.77,1776789661000
1776789663.186,63.186,0.67,0.68,0.32,0.33,0.01,0.01,76101.77,1776789661000
1776789663.547,63.547,0.67,0.68,0.32,0.33,0.01,0.01,76097.09,1776789662000
1776789663.897,63.897,0.68,0.69,0.31,0.33,0.01,0.02,76097.09,1776789662000
1776789664.376,64.376,0.68,0.69,0.31,0.32,0.01,0.01,76095.39,1776789663000
1776789664.748,64.748,0.68,0.69,0.31,0.32,0.01,0.01,76095.39,1776789663000
1776789665.159,65.159,0.68,0.69,0.31,0.32,0.01,0.01,76095.39,1776789664000
1776789665.709,65.709,0.68,0.69,0.31,0.32,0.01,0.01,76095.39,1776789664000
1776789666.222,66.222,0.68,0.69,0.31,0.32,0.01,0.01,76095.39,1776789664000
1776789666.703,66.703,0.69,0.7,0.3,0.32,0.01,0.02,76097.37,1776789665000
1776789667.059,67.059,0.69,0.7,0.3,0.31,0.01,0.01,76097.37,1776789665000
1776789667.483,67.483,0.69,0.7,0.3,0.31,0.01,0.01,76097.3,1776789666000
1776789667.852,67.852,0.68,0.69,0.3,0.32,0.01,0.02,76097.3,1776789666000
1776789668.266,68.266,0.68,0.69,0.31,0.32,0.01,0.01,76097.3,1776789666000
1776789668.642,68.642,0.67,0.68,0.32,0.33,0.01,0.01,76096.73,1776789667000
1776789668.987,68.987,0.67,0.69,0.32,0.33,0.02,0.01,76096.73,1776789667000
1776789669.347,69.347,0.68,0.69,0.31,0.32,0.01,0.01,76096.92,1776789668000
1776789669.913,69.913,0.69,0.7,0.3,0.31,0.01,0.01,76096.92,1776789668000
1776789670.271,70.271,0.69,0.7,0.3,0.31,0.01,0.01,76095.5,1776789669000
1776789670.638,70.638,0.69,0.7,0.3,0.31,0.01,0.01,76095.5,1776789669000
1776789670.99,70.99,0.69,0.7,0.3,0.31,0.01,0.01,76095.5,1776789669000
1776789671.453,71.453,0.69,0.7,0.3,0.31,0.01,0.01,76096.53,1776789670000
1776789671.838,71.838,0.65,0.67,0.33,0.34,0.02,0.01,76096.53,1776789670000
1776789672.305,72.305,0.65,0.66,0.34,0.35,0.01,0.01,76095.74,1776789671000
1776789672.71,72.71,0.65,0.66,0.34,0.35,0.01,0.01,76095.74,1776789671000
1776789673.16,73.16,0.65,0.66,0.34,0.35,0.01,0.01,76095.74,1776789671000
1776789673.694,73.694,0.65,0.66,0.34,0.35,0.01,0.01,76096.03,1776789672000
1776789674.189,74.189,0.65,0.66,0.34,0.35,0.01,0.01,76095.53,1776789673000
1776789674.524,74.524,0.61,0.65,0.34,0.39,0.04,0.05,76095.53,1776789673000
1776789674.922,74.922,0.59,0.61,0.39,0.41,0.02,0.02,76095.53,1776789673000
1776789675.255,75.255,0.57,0.58,0.41,0.45,0.01,0.04,76091.9,1776789674000
1776789675.609,75.609,0.56,0.57,0.43,0.45,0.01,0.02,76091.9,1776789674000
1776789675.967,75.967,0.56,0.57,0.43,0.44,0.01,0.01,76091.9,1776789674000
1776789676.36,76.36,0.56,0.57,0.43,0.44,0.01,0.01,76082.93,1776789675000
1776789676.693,76.693,0.56,0.57,0.43,0.44,0.01,0.01,76082.93,1776789675000
1776789677.026,77.026,0.52,0.54,0.46,0.48,0.02,0.02,76082.93,1776789675000
1776789677.382,77.382,0.5,0.51,0.49,0.5,0.01,0.01,76082.93,1776789675000
1776789677.73,77.73,0.5,0.51,0.49,0.5,0.01,0.01,76076.79,1776789676000
1776789678.093,78.093,0.5,0.51,0.49,0.5,0.01,0.01,76076.79,1776789676000
1776789678.439,78.439,0.58,0.61,0.39,0.42,0.03,0.03,76073.95,1776789677000
1776789678.802,78.802,0.6,0.61,0.39,0.4,0.01,0.01,76073.95,1776789677000
1776789679.219,79.219,0.6,0.61,0.39,0.4,0.01,0.01,76073.95,1776789677000
1776789679.571,79.571,0.6,0.61,0.39,0.4,0.01,0.01,76062.47,1776789678000
1776789680.02,80.02,0.6,0.62,0.39,0.4,0.02,0.01,76062.47,1776789678000
1776789680.394,80.394,0.6,0.61,0.38,0.4,0.01,0.02,76062.47,1776789678000
1776789680.739,80.739,0.6,0.61,0.39,0.4,0.01,0.01,76073.14,1776789679000
1776789681.338,81.338,0.6,0.61,0.39,0.4,0.01,0.01,76075.08,1776789680000
1776789681.676,81.676,0.6,0.61,0.39,0.4,0.01,0.01,76075.08,1776789680000
1776789682.032,82.032,0.6,0.61,0.38,0.4,0.01,0.02,76075.08,1776789680000
1776789682.509,82.509,0.6,0.61,0.39,0.4,0.01,0.01,76076.9,1776789681000
1776789682.958,82.958,0.6,0.61,0.39,0.4,0.01,0.01,76076.9,1776789681000
1776789683.356,83.356,0.6,0.61,0.39,0.4,0.01,0.01,76076.58,1776789682000
1776789683.822,83.822,0.6,0.61,0.39,0.4,0.01,0.01,76076.58,1776789682000
1776789684.353,84.353,0.6,0.61,0.39,0.4,0.01,0.01,76076.58,1776789682000
1776789684.813,84.813,0.6,0.61,0.39,0.4,0.01,0.01,76076.45,1776789683000
1776789685.257,85.257,0.6,0.61,0.39,0.4,0.01,0.01,76076.45,1776789684000
1776789685.621,85.621,0.6,0.61,0.39,0.4,0.01,0.01,76076.45,1776789684000
1776789686.095,86.095,0.6,0.61,0.39,0.41,0.01,0.02,76076.45,1776789684000
1776789686.453,86.453,0.6,0.61,0.39,0.4,0.01,0.01,76076.45,1776789685000
1776789686.888,86.888,0.6,0.61,0.39,0.4,0.01,0.01,76076.45,1776789685000
1776789687.268,87.268,0.6,0.61,0.39,0.4,0.01,0.01,76075.45,1776789686000
1776789687.644,87.644,0.63,0.64,0.38,0.39,0.01,0.01,76075.45,1776789686000
1776789687.993,87.993,0.66,0.67,0.33,0.34,0.01,0.01,76075.45,1776789687000
1776789688.336,88.336,0.68,0.69,0.3,0.32,0.01,0.02,76075.45,1776789687000
1776789688.694,88.694,0.68,0.69,0.3,0.32,0.01,0.02,76075.45,1776789687000
1776789689.036,89.036,0.69,0.7,0.3,0.31,0.01,0.01,76075.87,1776789688000
1776789689.408,89.408,0.69,0.7,0.3,0.31,0.01,0.01,76075.87,1776789688000
1776789689.753,89.753,0.68,0.69,0.31,0.32,0.01,0.01,76075.87,1776789688000
1776789690.109,90.109,0.68,0.69,0.31,0.32,0.01,0.01,76091.63,1776789689000
1776789690.453,90.453,0.65,0.66,0.34,0.35,0.01,0.01,76091.63,1776789689000
1776789690.8,90.8,0.65,0.66,0.34,0.35,0.01,0.01,76091.63,1776789689000
1776789691.148,91.148,0.65,0.66,0.34,0.35,0.01,0.01,76091.63,1776789689000
1776789691.485,91.485,0.65,0.66,0.34,0.35,0.01,0.01,76091.43,1776789690000
1776789691.874,91.874,0.65,0.66,0.34,0.35,0.01,0.01,76091.43,1776789690000
1776789692.234,92.234,0.65,0.66,0.34,0.35,0.01,0.01,76091.43,1776789690000
1776789692.675,92.675,0.63,0.64,0.36,0.37,0.01,0.01,76091.43,1776789690000
1776789693.035,93.035,0.61,0.62,0.38,0.39,0.01,0.01,76090.12,1776789691000
1776789693.437,93.437,0.6,0.62,0.38,0.39,0.02,0.01,76090.12,1776789691000
1776789693.793,93.793,0.59,0.6,0.4,0.41,0.01,0.01,76090.12,1776789691000
1776789694.249,94.249,0.59,0.6,0.4,0.41,0.01,0.01,76087.77,1776789692000
1776789694.679,94.679,0.58,0.59,0.41,0.42,0.01,0.01,76087.77,1776789692000
1776789695.271,95.271,0.58,0.59,0.41,0.42,0.01,0.01,76085.57,1776789693000
1776789695.633,95.633,0.55,0.59,0.41,0.42,0.04,0.01,76077.06,1776789694000
1776789696.029,96.029,0.55,0.56,0.44,0.45,0.01,0.01,76077.06,1776789694000
1776789696.427,96.427,0.55,0.56,0.44,0.45,0.01,0.01,76075.62,1776789695000
1776789696.834,96.834,0.55,0.57,0.43,0.45,0.02,0.02,76075.62,1776789695000
1776789697.191,97.191,0.57,0.58,0.42,0.43,0.01,0.01,76075.62,1776789695000
1776789697.773,97.773,0.6,0.61,0.39,0.41,0.01,0.02,76075.62,1776789695000
1776789698.128,98.128,0.6,0.62,0.38,0.4,0.02,0.02,76070.83,1776789696000
1776789698.605,98.605,0.61,0.63,0.38,0.39,0.02,0.01,76069.91,1776789697000
1776789698.942,98.942,0.62,0.63,0.37,0.38,0.01,0.01,76069.91,1776789697000
1776789699.359,99.359,0.62,0.63,0.37,0.38,0.01,0.01,76073.82,1776789698000
1776789699.713,99.713,0.62,0.63,0.37,0.38,0.01,0.01,76073.82,1776789698000
1776789700.182,100.182,0.62,0.63,0.37,0.38,0.01,0.01,76073.82,1776789698000
1776789700.538,100.538,0.63,0.64,0.36,0.38,0.01,0.02,76073.82,1776789698000
1776789700.903,100.903,0.67,0.68,0.32,0.34,0.01,0.02,76078.95,1776789699000
1776789701.241,101.241,0.67,0.68,0.32,0.33,0.01,0.01,76078.95,1776789699000
1776789701.613,101.613,0.67,0.68,0.32,0.33,0.01,0.01,76079.26,1776789700000
1776789702.1,102.1,0.67,0.68,0.32,0.33,0.01,0.01,76079.26,1776789700000
1776789702.501,102.501,0.66,0.68,0.32,0.34,0.02,0.02,76081.08,1776789701000
1776789702.904,102.904,0.66,0.67,0.33,0.34,0.01,0.01,76081.08,1776789701000
1776789703.274,103.274,0.66,0.67,0.33,0.34,0.01,0.01,76087.6,1776789702000
1776789703.716,103.716,0.69,0.7,0.3,0.31,0.01,0.01,76087.6,1776789702000
1776789704.385,104.385,0.69,0.7,0.3,0.31,0.01,0.01,76087.6,1776789702000
1776789704.858,104.858,0.69,0.7,0.3,0.31,0.01,0.01,76089.38,1776789703000
1776789705.436,105.436,0.69,0.7,0.3,0.31,0.01,0.01,76089.38,1776789704000
1776789705.804,105.804,0.69,0.7,0.3,0.31,0.01,0.01,76089.38,1776789704000
1776789706.267,106.267,0.69,0.7,0.3,0.31,0.01,0.01,76089.85,1776789705000
1776789706.614,106.614,0.69,0.7,0.3,0.31,0.01,0.01,76089.85,1776789705000
1776789707.146,107.146,0.66,0.67,0.33,0.34,0.01,0.01,76089.85,1776789705000
1776789707.686,107.686,0.66,0.67,0.33,0.34,0.01,0.01,76089.85,1776789705000
1776789708.126,108.126,0.66,0.67,0.33,0.34,0.01,0.01,76091.54,1776789706000
1776789708.605,108.605,0.66,0.67,0.33,0.34,0.01,0.01,76091.54,1776789706000
1776789709.116,109.116,0.66,0.67,0.33,0.34,0.01,0.01,76089.73,1776789707000
1776789709.55,109.55,0.66,0.67,0.33,0.34,0.01,0.01,76088.61,1776789708000
1776789709.95,109.95,0.63,0.66,0.34,0.37,0.03,0.03,76088.61,1776789708000
1776789710.536,110.536,0.63,0.64,0.36,0.38,0.01,0.02,76088.1,1776789709000
1776789710.95,110.95,0.63,0.64,0.36,0.37,0.01,0.01,76088.1,1776789709000
1776789711.307,111.307,0.62,0.63,0.37,0.38,0.01,0.01,76088.1,1776789709000
1776789711.648,111.648,0.61,0.62,0.38,0.39,0.01,0.01,76088.1,1776789709000
1776789712.136,112.136,0.61,0.62,0.38,0.39,0.01,0.01,76087.61,1776789710000
1776789712.564,112.564,0.61,0.62,0.38,0.39,0.01,0.01,76087.61,1776789710000
1776789712.99,112.99,0.61,0.62,0.38,0.39,0.01,0.01,76087.61,1776789710000
1776789713.495,113.495,0.61,0.62,0.38,0.39,0.01,0.01,76082.69,1776789712000
1776789713.861,113.861,0.61,0.62,0.38,0.39,0.01,0.01,76082.69,1776789712000
1776789714.228,114.228,0.61,0.62,0.38,0.39,0.01,0.01,76082.69,1776789712000
1776789714.585,114.585,0.62,0.63,0.37,0.38,0.01,0.01,76080.59,1776789713000
1776789714.941,114.941,0.62,0.63,0.37,0.38,0.01,0.01,76080.59,1776789713000
1776789715.348,115.348,0.62,0.63,0.37,0.38,0.01,0.01,76079.8,1776789714000
1776789715.874,115.874,0.62,0.63,0.37,0.38,0.01,0.01,76079.8,1776789714000
1776789716.377,116.377,0.62,0.63,0.37,0.38,0.01,0.01,76079.8,1776789715000
1776789716.747,116.747,0.62,0.63,0.37,0.38,0.01,0.01,76079.8,1776789715000
1776789717.362,117.362,0.62,0.63,0.37,0.38,0.01,0.01,76077.77,1776789716000
1776789717.877,117.877,0.62,0.63,0.37,0.38,0.01,0.01,76077.77,1776789716000
1776789718.329,118.329,0.62,0.63,0.37,0.38,0.01,0.01,76078.01,1776789717000
1776789718.664,118.664,0.62,0.63,0.37,0.38,0.01,0.01,76078.01,1776789717000
1776789719.073,119.073,0.62,0.63,0.37,0.38,0.01,0.01,76077.17,1776789718000
1776789719.436,119.436,0.62,0.63,0.37,0.38,0.01,0.01,76077.17,1776789718000
1776789719.799,119.799,0.62,0.63,0.37,0.38,0.01,0.01,76077.17,1776789718000
1776789720.136,120.136,0.62,0.63,0.37,0.38,0.01,0.01,76076.99,1776789719000
1776789720.545,120.545,0.62,0.63,0.37,0.38,0.01,0.01,76076.99,1776789719000
1776789720.924,120.924,0.63,0.64,0.36,0.37,0.01,0.01,76076.99,1776789719000
1776789721.275,121.275,0.63,0.64,0.36,0.37,0.01,0.01,76077.0,1776789720000
1776789721.69,121.69,0.6,0.61,0.39,0.4,0.01,0.01,76077.0,1776789720000
1776789722.058,122.058,0.54,0.57,0.41,0.46,0.03,0.05,76077.0,1776789720000
1776789722.43,122.43,0.56,0.57,0.41,0.45,0.01,0.04,76077.67,1776789721000
1776789722.767,122.767,0.6,0.61,0.39,0.4,0.01,0.01,76077.67,1776789721000
1776789723.19,123.19,0.6,0.61,0.39,0.4,0.01,0.01,76077.67,1776789721000
1776789723.556,123.556,0.6,0.62,0.39,0.4,0.02,0.01,76073.0,1776789722000
1776789723.942,123.942,0.61,0.62,0.38,0.39,0.01,0.01,76070.4,1776789723000
1776789724.292,124.292,0.6,0.61,0.39,0.4,0.01,0.01,76070.4,1776789723000
1776789724.635,124.635,0.6,0.62,0.38,0.4,0.02,0.02,76070.4,1776789723000
1776789725.029,125.029,0.62,0.63,0.37,0.38,0.01,0.01,76073.22,1776789724000
1776789725.427,125.427,0.67,0.68,0.34,0.36,0.01,0.02,76073.22,1776789724000
1776789725.914,125.914,0.67,0.68,0.32,0.33,0.01,0.01,76073.22,1776789724000
1776789726.258,126.258,0.67,0.68,0.32,0.33,0.01,0.01,76075.4,1776789725000
1776789726.684,126.684,0.67,0.68,0.32,0.33,0.01,0.01,76075.4,1776789725000
1776789727.034,127.034,0.67,0.68,0.32,0.33,0.01,0.01,76075.4,1776789725000
1776789727.382,127.382,0.67,0.68,0.32,0.33,0.01,0.01,76075.4,1776789725000
1776789727.717,127.717,0.65,0.66,0.34,0.35,0.01,0.01,76085.44,1776789726000
1776789728.17,128.17,0.65,0.66,0.34,0.35,0.01,0.01,76085.44,1776789726000
1776789728.578,128.578,0.63,0.64,0.35,0.37,0.01,0.02,76085.44,1776789727000
1776789728.935,128.935,0.63,0.64,0.36,0.37,0.01,0.01,76085.44,1776789727000
1776789729.354,129.354,0.64,0.66,0.34,0.36,0.02,0.02,76086.36,1776789728000
1776789729.779,129.779,0.66,0.67,0.33,0.34,0.01,0.01,76086.36,1776789728000
1776789730.238,130.238,0.66,0.67,0.33,0.34,0.01,0.01,76083.04,1776789729000
1776789730.773,130.773,0.66,0.67,0.33,0.34,0.01,0.01,76083.04,1776789729000
1776789731.152,131.152,0.64,0.65,0.35,0.36,0.01,0.01,76083.04,1776789729000
1776789731.549,131.549,0.61,0.62,0.38,0.39,0.01,0.01,76081.85,1776789730000
1776789732.044,132.044,0.61,0.62,0.38,0.39,0.01,0.01,76081.85,1776789730000
1776789732.409,132.409,0.61,0.62,0.38,0.39,0.01,0.01,76081.85,1776789730000
1776789732.907,132.907,0.61,0.62,0.38,0.39,0.01,0.01,76080.46,1776789732000
1776789733.531,133.531,0.61,0.62,0.38,0.39,0.01,0.01,76080.46,1776789732000
1776789734.023,134.023,0.61,0.62,0.38,0.39,0.01,0.01,76077.12,1776789733000
1776789734.623,134.623,0.62,0.63,0.37,0.39,0.01,0.02,76077.12,1776789733000
1776789735.159,135.159,0.62,0.63,0.37,0.38,0.01,0.01,76077.12,1776789733000
1776789735.731,135.731,0.62,0.63,0.37,0.38,0.01,0.01,76076.78,1776789734000
1776789736.272,136.272,0.61,0.62,0.37,0.39,0.01,0.02,76076.78,1776789734000
1776789736.61,136.61,0.61,0.62,0.38,0.39,0.01,0.01,76077.56,1776789735000
1776789736.947,136.947,0.61,0.62,0.38,0.39,0.01,0.01,76077.03,1776789736000
1776789737.317,137.317,0.58,0.59,0.39,0.43,0.01,0.04,76077.03,1776789736000
1776789737.66,137.66,0.55,0.56,0.43,0.45,0.01,0.02,76077.03,1776789736000
1776789738.129,138.129,0.54,0.56,0.44,0.46,0.02,0.02,76076.72,1776789737000
1776789738.55,138.55,0.55,0.56,0.44,0.46,0.01,0.02,76076.72,1776789737000
1776789739.006,139.006,0.55,0.56,0.44,0.45,0.01,0.01,76076.72,1776789737000
1776789739.703,139.703,0.55,0.56,0.44,0.45,0.01,0.01,76072.07,1776789738000
1776789740.171,140.171,0.55,0.56,0.44,0.45,0.01,0.01,76072.07,1776789738000
1776789740.527,140.527,0.55,0.56,0.44,0.45,0.01,0.01,76065.47,1776789739000
1776789740.923,140.923,0.55,0.56,0.44,0.45,0.01,0.01,76065.47,1776789739000
1776789741.347,141.347,0.54,0.55,0.45,0.46,0.01,0.01,76065.47,1776789739000
1776789741.779,141.779,0.54,0.56,0.45,0.46,0.02,0.01,76063.54,1776789740000
1776789742.398,142.398,0.53,0.56,0.44,0.46,0.03,0.02,76062.07,1776789741000
1776789742.754,142.754,0.53,0.56,0.44,0.47,0.03,0.03,76062.07,1776789741000
1776789743.14,143.14,0.53,0.56,0.44,0.47,0.03,0.03,76062.07,1776789741000
1776789743.549,143.549,0.54,0.56,0.44,0.46,0.02,0.02,76062.07,1776789741000
1776789744.091,144.091,0.54,0.56,0.44,0.46,0.02,0.02,76061.14,1776789743000
1776789744.467,144.467,0.54,0.56,0.44,0.46,0.02,0.02,76061.14,1776789743000
1776789744.851,144.851,0.52,0.54,0.46,0.48,0.02,0.02,76061.14,1776789743000
1776789745.205,145.205,0.54,0.55,0.45,0.46,0.01,0.01,76061.14,1776789743000
1776789745.665,145.665,0.54,0.55,0.45,0.46,0.01,0.01,76061.14,1776789743000
1776789745.999,145.999,0.48,0.55,0.45,0.52,0.07,0.07,76050.43,1776789744000
1776789746.392,146.392,0.45,0.49,0.51,0.55,0.04,0.04,76047.39,1776789745000
1776789746.736,146.736,0.45,0.46,0.54,0.55,0.01,0.01,76047.39,1776789745000
1776789747.073,147.073,0.4,0.43,0.57,0.6,0.03,0.03,76047.39,1776789745000
1776789747.416,147.416,0.36,0.37,0.57,0.63,0.01,0.06,76047.39,1776789745000
1776789747.837,147.837,0.35,0.37,0.63,0.65,0.02,0.02,76036.61,1776789746000
1776789748.287,148.287,0.35,0.37,0.63,0.65,0.02,0.02,76033.94,1776789747000
1776789748.865,148.865,0.35,0.41,0.63,0.65,0.06,0.02,76033.94,1776789747000
1776789749.227,149.227,0.34,0.41,0.59,0.66,0.07,0.07,76033.94,1776789747000
1776789749.674,149.674,0.34,0.36,0.59,0.66,0.02,0.07,76028.36,1776789748000
1776789750.203,150.203,0.34,0.36,0.64,0.66,0.02,0.02,76028.36,1776789748000
1776789750.554,150.554,0.34,0.36,0.64,0.66,0.02,0.02,76024.3,1776789749000
1776789750.989,150.989,0.35,0.36,0.64,0.65,0.01,0.01,76024.3,1776789749000
1776789751.409,151.409,0.34,0.36,0.64,0.66,0.02,0.02,76024.3,1776789749000
1776789751.748,151.748,0.33,0.36,0.64,0.67,0.03,0.03,76026.25,1776789750000
1776789752.146,152.146,0.32,0.36,0.64,0.67,0.04,0.03,76026.25,1776789750000
1776789752.484,152.484,0.35,0.36,0.64,0.67,0.01,0.03,76023.23,1776789751000
1776789752.82,152.82,0.35,0.36,0.64,0.65,0.01,0.01,76023.23,1776789751000
1776789753.189,153.189,0.34,0.36,0.64,0.66,0.02,0.02,76023.23,1776789751000
1776789753.55,153.55,0.35,0.36,0.64,0.65,0.01,0.01,76023.23,1776789751000
1776789753.911,153.911,0.31,0.34,0.66,0.67,0.03,0.01,76021.61,1776789752000
1776789754.264,154.264,0.33,0.34,0.65,0.68,0.01,0.03,76021.61,1776789752000
1776789754.701,154.701,0.33,0.34,0.66,0.67,0.01,0.01,76018.32,1776789753000
1776789755.128,155.128,0.33,0.34,0.66,0.67,0.01,0.01,76018.32,1776789753000
1776789755.464,155.464,0.32,0.33,0.66,0.68,0.01,0.02,76018.32,1776789753000
1776789756.07,156.07,0.31,0.32,0.67,0.69,0.01,0.02,76021.79,1776789754000
1776789756.457,156.457,0.3,0.31,0.69,0.7,0.01,0.01,76021.79,1776789754000
1776789756.898,156.898,0.29,0.31,0.69,0.71,0.02,0.02,76019.7,1776789755000
1776789757.237,157.237,0.28,0.3,0.7,0.72,0.02,0.02,76019.7,1776789755000
1776789757.987,157.987,0.27,0.3,0.7,0.73,0.03,0.03,76020.49,1776789756000
1776789758.654,158.654,0.27,0.3,0.7,0.73,0.03,0.03,76018.07,1776789757000
1776789759.029,159.029,0.28,0.3,0.7,0.72,0.02,0.02,76018.07,1776789757000
1776789759.396,159.396,0.28,0.3,0.7,0.72,0.02,0.02,76014.82,1776789758000
1776789760.13,160.13,0.28,0.29,0.71,0.72,0.01,0.01,76014.82,1776789758000
1776789760.474,160.474,0.28,0.29,0.71,0.72,0.01,0.01,76017.27,1776789759000
1776789761.01,161.01,0.27,0.28,0.72,0.73,0.01,0.01,76017.27,1776789759000
1776789761.349,161.349,0.27,0.28,0.72,0.73,0.01,0.01,76015.4,1776789760000
1776789761.752,161.752,0.27,0.28,0.72,0.73,0.01,0.01,76015.4,1776789760000
1776789762.249,162.249,0.26,0.27,0.73,0.74,0.01,0.01,76015.4,1776789760000
1776789762.624,162.624,0.26,0.27,0.73,0.74,0.01,0.01,76016.15,1776789761000
1776789762.985,162.985,0.26,0.27,0.73,0.74,0.01,0.01,76016.15,1776789762000
1776789763.453,163.453,0.25,0.26,0.74,0.75,0.01,0.01,76016.15,1776789762000
1776789763.791,163.791,0.25,0.26,0.74,0.75,0.01,0.01,76016.15,1776789762000
1776789764.146,164.146,0.24,0.25,0.75,0.76,0.01,0.01,76016.15,1776789762000
1776789764.48,164.48,0.23,0.24,0.76,0.77,0.01,0.01,76013.0,1776789763000
1776789764.816,164.816,0.22,0.23,0.77,0.78,0.01,0.01,76013.0,1776789763000
1776789767.855,167.855,0.21,0.22,0.78,0.79,0.01,0.01,76015.89,1776789764000
1776789768.236,168.236,0.21,0.22,0.78,0.79,0.01,0.01,76008.74,1776789766000
1776789768.791,168.791,0.21,0.23,0.78,0.79,0.02,0.01,76006.69,1776789767000
1776789769.138,169.138,0.21,0.23,0.78,0.79,0.02,0.01,76006.69,1776789767000
1776789769.576,169.576,0.21,0.22,0.77,0.78,0.01,0.01,76008.8,1776789768000
1776789770.02,170.02,0.21,0.22,0.78,0.79,0.01,0.01,76008.8,1776789768000
1776789770.381,170.381,0.19,0.2,0.79,0.81,0.01,0.02,76008.82,1776789769000
1776789770.724,170.724,0.16,0.17,0.81,0.82,0.01,0.01,76008.82,1776789769000
1776789771.197,171.197,0.16,0.17,0.83,0.84,0.01,0.01,76008.82,1776789769000
1776789771.664,171.664,0.16,0.17,0.83,0.84,0.01,0.01,76008.63,1776789770000
1776789772.154,172.154,0.16,0.17,0.83,0.84,0.01,0.01,76008.63,1776789770000
1776789772.729,172.729,0.16,0.17,0.83,0.84,0.01,0.01,76000.11,1776789771000
1776789773.065,173.065,0.16,0.17,0.83,0.84,0.01,0.01,76000.11,1776789771000
1776789773.427,173.427,0.16,0.17,0.83,0.84,0.01,0.01,76000.14,1776789772000
1776789773.991,173.991,0.16,0.17,0.83,0.84,0.01,0.01,76000.14,1776789772000
1776789774.42,174.42,0.16,0.17,0.83,0.84,0.01,0.01,76000.14,1776789772000
1776789774.832,174.832,0.16,0.17,0.83,0.84,0.01,0.01,75998.05,1776789773000
1776789775.315,175.315,0.16,0.17,0.83,0.84,0.01,0.01,75998.05,1776789773000
1776789775.766,175.766,0.16,0.19,0.81,0.84,0.03,0.03,75997.13,1776789774000
1776789776.107,176.107,0.17,0.18,0.82,0.83,0.01,0.01,75997.13,1776789774000
1776789776.584,176.584,0.17,0.18,0.82,0.83,0.01,0.01,75996.94,1776789775000
1776789776.974,176.974,0.17,0.18,0.82,0.83,0.01,0.01,75996.94,1776789775000
1776789777.376,177.376,0.17,0.18,0.82,0.83,0.01,0.01,75996.94,1776789775000
1776789777.819,177.819,0.17,0.18,0.82,0.83,0.01,0.01,75997.05,1776789776000
1776789778.163,178.163,0.17,0.18,0.82,0.83,0.01,0.01,75997.05,1776789776000
1776789778.531,178.531,0.17,0.19,0.82,0.83,0.02,0.01,75997.02,1776789777000
1776789778.908,178.908,0.17,0.18,0.82,0.83,0.01,0.01,75997.02,1776789777000
1776789779.388,179.388,0.17,0.18,0.82,0.83,0.01,0.01,75996.41,1776789778000
1776789779.762,179.762,0.17,0.2,0.8,0.83,0.03,0.03,75996.41,1776789778000
1776789780.098,180.098,0.19,0.2,0.8,0.81,0.01,0.01,75996.41,1776789778000
1776789780.535,180.535,0.2,0.24,0.76,0.8,0.04,0.04,75996.13,1776789779000
1776789780.934,180.934,0.23,0.24,0.76,0.77,0.01,0.01,75996.13,1776789779000
1776789781.39,181.39,0.19,0.21,0.78,0.79,0.02,0.01,75997.1,1776789780000
1776789781.802,181.802,0.17,0.18,0.82,0.83,0.01,0.01,75997.1,1776789780000
1776789782.331,182.331,0.16,0.17,0.83,0.84,0.01,0.01,75997.1,1776789780000
1776789782.682,182.682,0.15,0.16,0.84,0.85,0.01,0.01,75997.1,1776789780000
1776789783.021,183.021,0.15,0.16,0.84,0.85,0.01,0.01,76003.46,1776789781000
1776789783.398,183.398,0.11,0.12,0.84,0.88,0.01,0.04,76003.46,1776789781000
1776789783.848,183.848,0.11,0.12,0.88,0.89,0.01,0.01,76003.46,1776789781000
1776789784.209,184.209,0.1,0.11,0.88,0.9,0.01,0.02,75996.88,1776789782000
1776789784.563,184.563,0.1,0.11,0.89,0.9,0.01,0.01,75996.88,1776789782000
1776789784.914,184.914,0.08,0.09,0.91,0.92,0.01,0.01,75982.71,1776789783000
1776789785.265,185.265,0.07,0.08,0.92,0.93,0.01,0.01,75982.71,1776789783000
1776789785.623,185.623,0.07,0.08,0.92,0.93,0.01,0.01,75982.71,1776789783000
1776789785.957,185.957,0.07,0.08,0.92,0.93,0.01,0.01,75979.65,1776789784000
1776789786.315,186.315,0.07,0.08,0.92,0.93,0.01,0.01,75979.65,1776789784000
1776789786.681,186.681,0.06,0.07,0.93,0.94,0.01,0.01,75977.22,1776789785000
1776789787.049,187.049,0.05,0.06,0.94,0.95,0.01,0.01,75977.22,1776789785000
1776789787.481,187.481,0.05,0.06,0.94,0.95,0.01,0.01,75977.22,1776789785000
1776789787.834,187.834,0.05,0.06,0.94,0.95,0.01,0.01,75967.45,1776789786000
1776789788.263,188.263,0.05,0.06,0.94,0.95,0.01,0.01,75967.45,1776789786000
1776789788.672,188.672,0.05,0.06,0.94,0.95,0.01,0.01,75963.1,1776789787000
1776789789.153,189.153,0.05,0.06,0.94,0.95,0.01,0.01,75963.1,1776789787000
1776789789.647,189.647,0.05,0.06,0.94,0.95,0.01,0.01,75963.1,1776789787000
1776789790.119,190.119,0.04,0.06,0.95,0.96,0.02,0.01,75963.1,1776789787000
1776789790.669,190.669,0.04,0.05,0.95,0.96,0.01,0.01,75953.14,1776789788000
1776789791.01,191.01,0.04,0.05,0.95,0.96,0.01,0.01,75953.14,1776789788000
1776789791.36,191.36,0.04,0.05,0.95,0.96,0.01,0.01,75953.31,1776789789000
1776789791.708,191.708,0.04,0.05,0.95,0.96,0.01,0.01,75953.31,1776789789000
1776789792.087,192.087,0.04,0.05,0.95,0.96,0.01,0.01,75952.13,1776789790000
1776789792.481,192.481,0.04,0.05,0.95,0.96,0.01,0.01,75951.21,1776789791000
1776789792.913,192.913,0.04,0.05,0.95,0.96,0.01,0.01,75951.21,1776789791000
1776789793.324,193.324,0.04,0.05,0.95,0.96,0.01,0.01,75949.43,1776789792000
1776789793.774,193.774,0.05,0.06,0.94,0.95,0.01,0.01,75949.43,1776789792000
1776789794.249,194.249,0.06,0.07,0.93,0.94,0.01,0.01,75949.43,1776789792000
1776789794.592,194.592,0.06,0.07,0.93,0.94,0.01,0.01,75946.43,1776789793000
1776789795.059,195.059,0.04,0.07,0.93,0.96,0.03,0.03,75946.34,1776789794000
1776789795.996,195.996,0.04,0.07,0.93,0.96,0.03,0.03,75948.88,1776789795000
1776789796.504,196.504,0.05,0.06,0.94,0.96,0.01,0.02,75948.88,1776789795000
1776789796.848,196.848,0.05,0.06,0.94,0.95,0.01,0.01,75948.88,1776789795000
1776789797.265,197.265,0.05,0.06,0.94,0.95,0.01,0.01,75948.9,1776789796000
1776789797.66,197.66,0.05,0.06,0.92,0.96,0.01,0.04,75948.9,1776789796000
1776789797.995,197.995,0.05,0.06,0.94,0.95,0.01,0.01,75948.9,1776789796000
1776789798.349,198.349,0.05,0.06,0.94,0.95,0.01,0.01,75948.03,1776789797000
1776789798.698,198.698,0.05,0.06,0.94,0.95,0.01,0.01,75948.03,1776789797000
1776789799.08,199.08,0.05,0.06,0.94,0.95,0.01,0.01,75947.02,1776789798000
1776789799.458,199.458,0.05,0.06,0.94,0.95,0.01,0.01,75947.02,1776789798000
1776789799.856,199.856,0.05,0.06,0.94,0.95,0.01,0.01,75947.02,1776789798000
1776789800.232,200.232,0.05,0.06,0.94,0.95,0.01,0.01,75945.52,1776789799000
1776789800.568,200.568,0.05,0.06,0.94,0.95,0.01,0.01,75945.52,1776789799000
1776789800.932,200.932,0.05,0.06,0.94,0.95,0.01,0.01,75945.52,1776789799000
1776789801.39,201.39,0.05,0.06,0.94,0.95,0.01,0.01,75941.52,1776789800000
1776789801.957,201.957,0.04,0.05,0.94,0.96,0.01,0.02,75941.52,1776789800000
1776789802.309,202.309,0.04,0.05,0.95,0.96,0.01,0.01,75940.56,1776789801000
1776789802.993,202.993,0.04,0.05,0.95,0.96,0.01,0.01,75945.55,1776789802000
1776789803.821,203.821,0.04,0.05,0.95,0.96,0.01,0.01,75945.55,1776789802000
1776789804.163,204.163,0.04,0.05,0.95,0.96,0.01,0.01,75946.42,1776789803000
1776789804.518,204.518,0.04,0.05,0.95,0.96,0.01,0.01,75946.42,1776789803000
1776789804.96,204.96,0.04,0.05,0.95,0.96,0.01,0.01,75946.42,1776789803000
1776789805.504,205.504,0.04,0.05,0.95,0.96,0.01,0.01,75942.57,1776789804000
1776789805.876,205.876,0.04,0.05,0.95,0.96,0.01,0.01,75939.32,1776789805000
1776789806.219,206.219,0.04,0.05,0.95,0.96,0.01,0.01,75939.32,1776789805000
1776789806.575,206.575,0.03,0.04,0.95,0.97,0.01,0.02,75939.32,1776789805000
1776789807.035,207.035,0.02,0.03,0.97,0.98,0.01,0.01,75939.32,1776789805000
1776789807.389,207.389,0.02,0.03,0.97,0.98,0.01,0.01,75928.86,1776789806000
1776789807.724,207.724,0.02,0.03,0.97,0.98,0.01,0.01,75928.86,1776789806000
1776789808.096,208.096,0.02,0.03,0.97,0.98,0.01,0.01,75928.86,1776789806000
1776789808.515,208.515,0.02,0.03,0.97,0.98,0.01,0.01,75924.78,1776789807000
1776789808.882,208.882,0.02,0.03,0.97,0.98,0.01,0.01,75924.78,1776789807000
1776789809.236,209.236,0.02,0.03,0.97,0.98,0.01,0.01,75924.78,1776789807000
1776789809.592,209.592,0.02,0.03,0.97,0.98,0.01,0.01,75924.78,1776789807000
1776789810.029,210.029,0.02,0.03,0.97,0.98,0.01,0.01,75924.59,1776789808000
1776789810.369,210.369,0.02,0.03,0.97,0.98,0.01,0.01,75926.0,1776789809000
1776789810.713,210.713,0.02,0.03,0.97,0.98,0.01,0.01,75926.0,1776789809000
1776789811.241,211.241,0.02,0.03,0.97,0.98,0.01,0.01,75926.0,1776789809000
1776789812.226,212.226,0.02,0.03,0.97,0.98,0.01,0.01,75927.69,1776789810000
1776789812.579,212.579,0.02,0.03,0.97,0.98,0.01,0.01,75927.69,1776789810000
1776789813.169,213.169,0.02,0.03,0.97,0.98,0.01,0.01,75931.17,1776789811000
1776789813.502,213.502,0.02,0.03,0.97,0.98,0.01,0.01,75944.33,1776789812000
1776789813.882,213.882,0.04,0.05,0.95,0.96,0.01,0.01,75944.33,1776789812000
1776789814.276,214.276,0.04,0.05,0.95,0.96,0.01,0.01,75944.33,1776789812000
1776789814.617,214.617,0.04,0.06,0.94,0.96,0.02,0.02,75944.33,1776789812000
1776789814.965,214.965,0.05,0.06,0.94,0.95,0.01,0.01,75957.12,1776789813000
1776789815.454,215.454,0.06,0.07,0.93,0.94,0.01,0.01,75957.57,1776789814000
1776789815.914,215.914,0.06,0.07,0.93,0.94,0.01,0.01,75957.57,1776789814000
1776789816.306,216.306,0.05,0.07,0.93,0.94,0.02,0.01,75957.57,1776789814000
1776789816.653,216.653,0.05,0.06,0.94,0.95,0.01,0.01,75957.57,1776789814000
1776789817.007,217.007,0.06,0.07,0.93,0.94,0.01,0.01,75957.41,1776789816000
1776789817.382,217.382,0.07,0.08,0.92,0.93,0.01,0.01,75957.41,1776789816000
1776789817.809,217.809,0.07,0.08,0.92,0.93,0.01,0.01,75957.41,1776789816000
1776789818.18,218.18,0.06,0.07,0.92,0.94,0.01,0.02,75957.41,1776789816000
1776789818.528,218.528,0.06,0.07,0.93,0.94,0.01,0.01,75956.88,1776789817000
1776789819.121,219.121,0.06,0.07,0.93,0.94,0.01,0.01,75956.88,1776789817000
1776789819.586,219.586,0.06,0.07,0.93,0.94,0.01,0.01,75957.6,1776789818000
1776789820.013,220.013,0.06,0.07,0.93,0.94,0.01,0.01,75957.6,1776789818000
1776789820.449,220.449,0.09,0.1,0.9,0.91,0.01,0.01,75960.38,1776789819000
1776789820.833,220.833,0.09,0.1,0.9,0.91,0.01,0.01,75960.38,1776789819000
1776789821.312,221.312,0.05,0.06,0.94,0.95,0.01,0.01,75960.38,1776789819000
1776789821.734,221.734,0.04,0.05,0.94,0.95,0.01,0.01,75961.37,1776789820000
1776789822.071,222.071,0.04,0.05,0.95,0.96,0.01,0.01,75961.82,1776789821000
1776789822.79,222.79,0.04,0.05,0.95,0.96,0.01,0.01,75961.82,1776789821000
1776789823.19,223.19,0.04,0.05,0.95,0.96,0.01,0.01,75965.06,1776789822000
1776789823.554,223.554,0.04,0.05,0.95,0.96,0.01,0.01,75965.06,1776789822000
1776789823.947,223.947,0.04,0.05,0.95,0.96,0.01,0.01,75965.06,1776789822000
1776789824.581,224.581,0.04,0.06,0.95,0.96,0.02,0.01,75959.73,1776789823000
1776789824.986,224.986,0.04,0.05,0.95,0.96,0.01,0.01,75959.73,1776789823000
1776789825.455,225.455,0.04,0.05,0.94,0.96,0.01,0.02,75957.02,1776789824000
1776789825.807,225.807,0.04,0.05,0.95,0.96,0.01,0.01,75957.02,1776789824000
1776789826.28,226.28,0.03,0.04,0.96,0.97,0.01,0.01,75957.02,1776789824000
1776789827.084,227.084,0.03,0.04,0.96,0.97,0.01,0.01,75956.97,1776789825000
1776789827.445,227.445,0.03,0.04,0.96,0.97,0.01,0.01,75955.95,1776789826000
1776789827.968,227.968,0.03,0.05,0.96,0.97,0.02,0.01,75955.95,1776789826000
1776789828.311,228.311,0.04,0.05,0.95,0.96,0.01,0.01,75953.13,1776789827000
1776789829.244,229.244,0.02,0.05,0.95,0.96,0.03,0.01,75953.13,1776789827000
1776789829.644,229.644,0.01,0.02,0.96,0.99,0.01,0.03,75948.9,1776789828000
1776789830.078,230.078,0.01,0.02,0.98,0.99,0.01,0.01,75948.9,1776789828000
1776789830.442,230.442,0.02,0.03,0.97,0.98,0.01,0.01,75948.9,1776789828000
1776789830.799,230.799,0.02,0.03,0.97,0.98,0.01,0.01,75947.3,1776789829000
1776789831.369,231.369,0.02,0.03,0.97,0.98,0.01,0.01,75947.3,1776789829000
1776789831.796,231.796,0.01,0.02,0.98,0.99,0.01,0.01,75931.36,1776789830000
1776789832.136,232.136,0.01,0.02,0.98,0.99,0.01,0.01,75931.36,1776789830000
1776789832.576,232.576,0.01,0.02,0.98,0.99,0.01,0.01,75929.74,1776789831000
1776789832.92,232.92,0.01,0.02,0.98,0.99,0.01,0.01,75929.74,1776789831000
1776789833.255,233.255,0.01,0.02,0.98,0.99,0.01,0.01,75929.74,1776789831000
1776789833.659,233.659,0.01,0.02,0.98,0.99,0.01,0.01,75929.74,1776789831000
1776789834.058,234.058,0.01,0.02,0.98,0.99,0.01,0.01,75929.68,1776789832000
1776789834.437,234.437,0.01,0.02,0.98,0.99,0.01,0.01,75925.35,1776789833000
1776789834.864,234.864,0.01,0.02,0.98,0.99,0.01,0.01,75925.35,1776789833000
1776789835.339,235.339,0.01,0.02,0.98,0.99,0.01,0.01,75922.6,1776789834000
1776789835.739,235.739,0.01,0.02,0.98,0.99,0.01,0.01,75922.6,1776789834000
1776789836.209,236.209,0.01,0.02,0.98,0.99,0.01,0.01,75922.6,1776789834000
1776789836.63,236.63,0.01,0.02,0.98,0.99,0.01,0.01,75922.61,1776789835000
1776789837.169,237.169,0.01,0.02,0.98,0.99,0.01,0.01,75922.61,1776789835000
1776789837.516,237.516,0.01,0.02,0.98,0.99,0.01,0.01,75920.13,1776789836000
1776789837.901,237.901,0.01,0.02,0.98,0.99,0.01,0.01,75920.13,1776789836000
1776789838.316,238.316,0.01,0.02,0.98,0.99,0.01,0.01,75920.13,1776789836000
1776789839.066,239.066,0.01,0.02,0.98,0.99,0.01,0.01,75923.33,1776789837000
1776789839.444,239.444,0.01,0.02,0.98,0.99,0.01,0.01,75923.4,1776789838000
1776789839.783,239.783,0.01,0.02,0.98,0.99,0.01,0.01,75923.4,1776789838000
1776789840.303,240.303,0.01,0.02,0.98,0.99,0.01,0.01,75918.32,1776789839000
1776789840.68,240.68,0.01,0.02,0.98,0.99,0.01,0.01,75918.32,1776789839000
1776789841.018,241.018,0.01,0.02,0.98,0.99,0.01,0.01,75918.32,1776789839000
1776789842.082,242.082,0.01,0.02,0.98,0.99,0.01,0.01,75916.67,1776789840000
1776789842.416,242.416,0.01,0.01,0.99,0.99,0.0,0.0,75919.05,1776789841000
1776789842.814,242.814,0.01,0.01,0.99,0.99,0.0,0.0,75919.05,1776789841000
1776789843.151,243.151,0.01,0.01,0.99,0.99,0.0,0.0,75919.05,1776789841000
1776789843.499,243.499,0.01,0.01,0.99,0.99,0.0,0.0,75919.05,1776789841000
1776789843.937,243.937,0.01,0.01,0.99,0.99,0.0,0.0,75917.25,1776789842000
1776789844.356,244.356,0.01,0.01,0.99,0.99,0.0,0.0,75917.23,1776789843000
1776789845.114,245.114,0.01,0.01,0.99,0.99,0.0,0.0,75912.69,1776789844000
1776789845.796,245.796,0.01,0.01,0.99,0.99,0.0,0.0,75912.69,1776789844000
1776789846.393,246.393,0.01,0.01,0.99,0.99,0.0,0.0,75912.69,1776789844000
1776789846.778,246.778,0.01,0.01,0.99,0.99,0.0,0.0,75899.52,1776789845000
1776789847.215,247.215,0.01,0.01,0.99,0.99,0.0,0.0,75899.52,1776789845000
1776789848.177,248.177,0.01,0.01,0.99,0.99,0.0,0.0,75899.52,1776789845000
1776789848.554,248.554,0.01,0.01,0.99,0.99,0.0,0.0,75893.24,1776789847000
1776789849.247,249.247,0.01,0.01,0.99,0.99,0.0,0.0,75893.24,1776789847000
1776789850.287,250.287,0.01,0.01,0.99,0.99,0.0,0.0,75893.16,1776789849000
1776789850.903,250.903,0.01,0.01,0.99,0.99,0.0,0.0,75892.92,1776789850000
1776789851.55,251.55,0.01,0.01,0.99,0.99,0.0,0.0,75892.92,1776789850000
1776789851.909,251.909,0.01,0.01,0.99,0.99,0.0,0.0,75892.92,1776789850000
1776789853.42,253.42,0.01,0.01,0.99,0.99,0.0,0.0,75893.05,1776789852000
1776789854.545,254.545,0.01,0.01,0.99,0.99,0.0,0.0,75893.01,1776789853000
1776789854.927,254.927,0.01,0.01,0.99,0.99,0.0,0.0,75893.01,1776789853000
1776789856.499,256.499,0.01,0.01,0.99,0.99,0.0,0.0,75891.79,1776789855000
1776789857.075,257.075,0.01,0.01,0.99,0.99,0.0,0.0,75893.16,1776789856000
1776789857.666,257.666,0.01,0.01,0.99,0.99,0.0,0.0,75893.16,1776789856000
1776789858.202,258.202,0.01,0.01,0.99,0.99,0.0,0.0,75892.77,1776789857000
1776789859.37,259.37,0.01,0.01,0.99,0.99,0.0,0.0,75892.17,1776789858000
1776789860.37,260.37,0.01,0.01,0.99,0.99,0.0,0.0,75892.17,1776789858000
1776789861.023,261.023,0.01,0.01,0.99,0.99,0.0,0.0,75892.17,1776789859000
1776789862.214,262.214,0.01,0.01,0.99,0.99,0.0,0.0,75888.62,1776789861000
1776789863.418,263.418,0.01,0.01,0.99,0.99,0.0,0.0,75886.81,1776789862000
1776789863.877,263.877,0.01,0.01,0.99,0.99,0.0,0.0,75886.81,1776789863000
1776789864.493,264.493,0.01,0.01,0.99,0.99,0.0,0.0,75886.81,1776789863000
1776789865.048,265.048,0.01,0.01,0.99,0.99,0.0,0.0,75891.87,1776789864000
1776789866.014,266.014,0.01,0.01,0.99,0.99,0.0,0.0,75891.87,1776789864000
1776789867.102,267.102,0.01,0.01,0.99,0.99,0.0,0.0,75890.1,1776789866000
1776789868.201,268.201,0.01,0.01,0.99,0.99,0.0,0.0,75890.1,1776789866000
1776789869.374,269.374,0.01,0.01,0.99,0.99,0.0,0.0,75893.57,1776789868000
1776789869.959,269.959,0.01,0.01,0.99,0.99,0.0,0.0,75903.6,1776789869000
1776789870.511,270.511,0.01,0.01,0.99,0.99,0.0,0.0,75903.6,1776789869000
1776789870.923,270.923,0.01,0.01,0.99,0.99,0.0,0.0,75903.6,1776789869000
1776789871.456,271.456,0.01,0.01,0.99,0.99,0.0,0.0,75913.44,1776789870000
1776789872.224,272.224,0.01,0.01,0.99,0.99,0.0,0.0,75918.28,1776789871000
1776789873.105,273.105,0.01,0.01,0.99,0.99,0.0,0.0,75926.75,1776789872000
1776789874.12,274.12,0.01,0.01,0.99,0.99,0.0,0.0,75926.75,1776789872000
1776789875.416,275.416,0.01,0.01,0.99,0.99,0.0,0.0,75918.45,1776789874000
1776789876.394,276.394,0.01,0.01,0.99,0.99,0.0,0.0,75920.71,1776789875000
1776789877.311,277.311,0.01,0.01,0.99,0.99,0.0,0.0,75915.42,1776789876000
1776789878.02,278.02,0.01,0.01,0.99,0.99,0.0,0.0,75914.7,1776789877000
1776789879.238,279.238,0.01,0.01,0.99,0.99,0.0,0.0,75911.48,1776789878000
1776789879.622,279.622,0.01,0.01,0.99,0.99,0.0,0.0,75911.48,1776789878000
1776789880.768,280.768,0.01,0.01,0.99,0.99,0.0,0.0,75917.56,1776789879000
1776789881.189,281.189,0.01,0.01,0.99,0.99,0.0,0.0,75917.56,1776789879000
1776789882.609,282.609,0.01,0.01,0.99,0.99,0.0,0.0,75917.63,1776789880000
1776789883.253,283.253,0.01,0.01,0.99,0.99,0.0,0.0,75906.72,1776789882000
1776789884.732,284.732,0.01,0.01,0.99,0.99,0.0,0.0,75908.46,1776789883000
1776789885.421,285.421,0.01,0.01,0.99,0.99,0.0,0.0,75908.46,1776789883000
1776789886.049,286.049,0.01,0.01,0.99,0.99,0.0,0.0,75908.46,1776789884000
1776789887.374,287.374,0.01,0.01,0.99,0.99,0.0,0.0,75904.42,1776789886000
1776789888.084,288.084,0.01,0.01,0.99,0.99,0.0,0.0,75904.58,1776789887000
1776789889.394,289.394,0.01,0.01,0.99,0.99,0.0,0.0,75910.35,1776789888000
1776789890.995,290.995,0.01,0.01,0.99,0.99,0.0,0.0,75906.84,1776789889000
1776789891.412,291.412,0.01,0.01,0.99,0.99,0.0,0.0,75906.84,1776789889000
1776789892.57,292.57,0.01,0.01,0.99,0.99,0.0,0.0,75908.45,1776789890000
1776789893.784,293.784,0.01,0.01,0.99,0.99,0.0,0.0,75905.85,1776789892000
1776789894.611,294.611,0.01,0.01,0.99,0.99,0.0,0.0,75905.63,1776789893000
1776789895.94,295.94,0.01,0.01,0.99,0.99,0.0,0.0,75902.14,1776789894000
1776789896.501,296.501,0.01,0.01,0.99,0.99,0.0,0.0,75900.82,1776789895000
1776789897.181,297.181,0.01,0.01,0.99,0.99,0.0,0.0,75897.56,1776789896000
1776789898.36,298.36,0.01,0.01,0.99,0.99,0.0,0.0,75897.69,1776789897000
1776789899.008,299.008,0.01,0.01,0.99,0.99,0.0,0.0,75899.21,1776789898000
1776789900.136,300.136,0.01,0.01,0.99,0.99,0.0,0.0,75908.15,1776789899000
1776789900.558,300.558,0.01,0.01,0.99,0.99,0.0,0.0,75908.15,1776789899000
1776789901.219,301.219,0.01,0.01,0.99,0.99,0.0,0.0,75907.46,1776789900000
1776789902.678,302.678,0.01,0.01,0.99,0.99,0.0,0.0,75907.55,1776789901000

# RESULT,winner=Down,slug=btc-updown-5m-1776789600,ticks=643
