timestamp,elapsed_sec,up_bid,up_ask,down_bid,down_ask,up_spread,down_spread,btc_price,btc_oracle_ts
1776739200.536,0.536,0.52,0.53,0.47,0.48,0.01,0.01,75681.93,1776739198000
1776739201.103,1.103,0.52,0.53,0.47,0.48,0.01,0.01,75679.48,1776739200000
1776739201.47,1.47,0.52,0.57,0.44,0.48,0.05,0.04,75679.48,1776739200000
1776739201.86,1.86,0.54,0.55,0.45,0.46,0.01,0.01,75679.48,1776739200000
1776739202.273,2.273,0.54,0.55,0.45,0.46,0.01,0.01,75679.6,1776739201000
1776739203.003,3.003,0.54,0.55,0.45,0.46,0.01,0.01,75679.6,1776739201000
1776739203.489,3.489,0.54,0.55,0.45,0.46,0.01,0.01,75681.6,1776739202000
1776739203.83,3.83,0.55,0.57,0.43,0.45,0.02,0.02,75681.6,1776739202000
1776739204.4,4.4,0.55,0.56,0.44,0.45,0.01,0.01,75681.6,1776739202000
1776739204.839,4.839,0.55,0.56,0.44,0.45,0.01,0.01,75682.98,1776739203000
1776739205.178,5.178,0.58,0.6,0.4,0.44,0.02,0.04,75682.97,1776739204000
1776739205.512,5.512,0.6,0.61,0.37,0.4,0.01,0.03,75682.97,1776739204000
1776739205.867,5.867,0.61,0.62,0.38,0.39,0.01,0.01,75682.97,1776739204000
1776739206.254,6.254,0.62,0.63,0.36,0.38,0.01,0.02,75685.19,1776739205000
1776739206.761,6.761,0.62,0.63,0.37,0.38,0.01,0.01,75685.19,1776739205000
1776739207.273,7.273,0.62,0.63,0.37,0.38,0.01,0.01,75685.19,1776739205000
1776739207.785,7.785,0.62,0.63,0.37,0.38,0.01,0.01,75690.96,1776739206000
1776739208.214,8.214,0.62,0.63,0.37,0.38,0.01,0.01,75690.96,1776739206000
1776739209.405,9.405,0.62,0.63,0.37,0.38,0.01,0.01,75690.88,1776739207000
1776739209.852,9.852,0.62,0.63,0.37,0.38,0.01,0.01,75691.28,1776739208000
1776739210.682,10.682,0.6,0.63,0.37,0.38,0.03,0.01,75691.28,1776739208000
1776739211.752,11.752,0.62,0.64,0.36,0.38,0.02,0.02,75691.29,1776739210000
1776739212.319,12.319,0.62,0.63,0.37,0.38,0.01,0.01,75691.29,1776739210000
1776739212.665,12.665,0.63,0.64,0.35,0.38,0.01,0.03,75691.29,1776739211000
1776739213.092,13.092,0.63,0.64,0.36,0.37,0.01,0.01,75691.29,1776739211000
1776739213.557,13.557,0.63,0.64,0.36,0.37,0.01,0.01,75691.29,1776739212000
1776739213.976,13.976,0.63,0.64,0.36,0.37,0.01,0.01,75691.29,1776739212000
1776739214.584,14.584,0.63,0.64,0.36,0.37,0.01,0.01,75691.28,1776739213000
1776739215.053,15.053,0.64,0.65,0.36,0.37,0.01,0.01,75691.28,1776739213000
1776739215.554,15.554,0.64,0.65,0.35,0.36,0.01,0.01,75691.51,1776739214000
1776739216.498,16.498,0.64,0.65,0.35,0.36,0.01,0.01,75692.91,1776739215000
1776739217.049,17.049,0.64,0.65,0.35,0.36,0.01,0.01,75692.91,1776739215000
1776739217.387,17.387,0.64,0.65,0.35,0.36,0.01,0.01,75692.91,1776739215000
1776739217.759,17.759,0.64,0.65,0.35,0.36,0.01,0.01,75692.91,1776739216000
1776739218.11,18.11,0.64,0.65,0.35,0.36,0.01,0.01,75692.91,1776739216000
1776739218.448,18.448,0.64,0.65,0.35,0.36,0.01,0.01,75692.91,1776739216000
1776739218.89,18.89,0.64,0.65,0.35,0.36,0.01,0.01,75692.91,1776739217000
1776739219.238,19.238,0.64,0.65,0.35,0.36,0.01,0.01,75692.91,1776739217000
1776739219.742,19.742,0.64,0.65,0.35,0.36,0.01,0.01,75695.09,1776739218000
1776739220.142,20.142,0.64,0.65,0.35,0.36,0.01,0.01,75695.09,1776739218000
1776739220.608,20.608,0.64,0.65,0.35,0.36,0.01,0.01,75697.64,1776739219000
1776739221.138,21.138,0.64,0.65,0.35,0.36,0.01,0.01,75697.64,1776739219000
1776739221.499,21.499,0.63,0.65,0.35,0.36,0.02,0.01,75697.64,1776739219000
1776739222.357,22.357,0.63,0.65,0.35,0.37,0.02,0.02,75697.72,1776739221000
1776739223.789,23.789,0.63,0.65,0.35,0.37,0.02,0.02,75695.58,1776739222000
1776739224.579,24.579,0.6,0.63,0.37,0.38,0.03,0.01,75695.58,1776739222000
1776739225.344,25.344,0.58,0.59,0.41,0.42,0.01,0.01,75692.04,1776739224000
1776739225.718,25.718,0.58,0.59,0.41,0.45,0.01,0.04,75692.04,1776739224000
1776739226.202,26.202,0.55,0.6,0.4,0.42,0.05,0.02,75692.04,1776739224000
1776739226.545,26.545,0.53,0.57,0.43,0.47,0.04,0.04,75692.04,1776739224000
1776739226.973,26.973,0.5,0.54,0.43,0.5,0.04,0.07,75678.21,1776739225000
1776739227.307,27.307,0.5,0.53,0.47,0.5,0.03,0.03,75678.21,1776739225000
1776739227.668,27.668,0.44,0.46,0.54,0.56,0.02,0.02,75678.21,1776739226000
1776739228.335,28.335,0.45,0.46,0.54,0.56,0.01,0.02,75678.21,1776739226000
1776739228.691,28.691,0.44,0.46,0.54,0.55,0.02,0.01,75678.21,1776739226000
1776739229.048,29.048,0.44,0.46,0.54,0.56,0.02,0.02,75673.47,1776739227000
1776739229.426,29.426,0.44,0.46,0.54,0.56,0.02,0.02,75669.32,1776739228000
1776739229.83,29.83,0.44,0.46,0.54,0.56,0.02,0.02,75669.32,1776739228000
1776739230.181,30.181,0.44,0.45,0.55,0.56,0.01,0.01,75669.35,1776739229000
1776739230.702,30.702,0.44,0.46,0.55,0.56,0.02,0.01,75669.35,1776739229000
1776739231.368,31.368,0.44,0.45,0.54,0.56,0.01,0.02,75669.35,1776739229000
1776739231.706,31.706,0.44,0.45,0.55,0.56,0.01,0.01,75669.35,1776739229000
1776739232.04,32.04,0.44,0.45,0.55,0.56,0.01,0.01,75669.35,1776739229000
1776739232.396,32.396,0.44,0.45,0.55,0.56,0.01,0.01,75669.46,1776739230000
1776739232.917,32.917,0.44,0.45,0.55,0.56,0.01,0.01,75669.46,1776739230000
1776739233.369,33.369,0.44,0.46,0.55,0.56,0.02,0.01,75670.7,1776739231000
1776739233.81,33.81,0.45,0.46,0.53,0.55,0.01,0.02,75670.7,1776739231000
1776739234.155,34.155,0.45,0.46,0.54,0.55,0.01,0.01,75670.76,1776739232000
1776739234.508,34.508,0.45,0.46,0.54,0.55,0.01,0.01,75670.59,1776739233000
1776739234.865,34.865,0.45,0.46,0.54,0.55,0.01,0.01,75670.59,1776739233000
1776739235.212,35.212,0.45,0.46,0.54,0.55,0.01,0.01,75670.69,1776739234000
1776739235.607,35.607,0.46,0.47,0.53,0.55,0.01,0.02,75670.69,1776739234000
1776739236.182,36.182,0.46,0.47,0.53,0.54,0.01,0.01,75670.69,1776739234000
1776739236.909,36.909,0.46,0.47,0.53,0.54,0.01,0.01,75673.33,1776739235000
1776739237.338,37.338,0.46,0.47,0.53,0.54,0.01,0.01,75673.33,1776739236000
1776739238.439,38.439,0.46,0.47,0.53,0.54,0.01,0.01,75673.33,1776739236000
1776739239.031,39.031,0.46,0.47,0.53,0.54,0.01,0.01,75673.32,1776739237000
1776739239.366,39.366,0.46,0.47,0.53,0.54,0.01,0.01,75673.32,1776739238000
1776739239.701,39.701,0.45,0.47,0.53,0.55,0.02,0.02,75673.32,1776739238000
1776739240.144,40.144,0.45,0.46,0.54,0.55,0.01,0.01,75672.58,1776739239000
1776739240.532,40.532,0.45,0.46,0.54,0.55,0.01,0.01,75672.58,1776739239000
1776739241.113,41.113,0.45,0.46,0.54,0.55,0.01,0.01,75672.58,1776739239000
1776739241.467,41.467,0.45,0.46,0.54,0.55,0.01,0.01,75672.52,1776739240000
1776739241.877,41.877,0.45,0.46,0.54,0.55,0.01,0.01,75672.52,1776739240000
1776739242.269,42.269,0.45,0.46,0.54,0.55,0.01,0.01,75672.51,1776739241000
1776739242.816,42.816,0.45,0.46,0.54,0.55,0.01,0.01,75672.51,1776739241000
1776739243.252,43.252,0.45,0.46,0.54,0.55,0.01,0.01,75672.51,1776739241000
1776739243.92,43.92,0.45,0.46,0.54,0.55,0.01,0.01,75671.43,1776739242000
1776739244.301,44.301,0.45,0.46,0.54,0.55,0.01,0.01,75667.37,1776739243000
1776739244.762,44.762,0.45,0.46,0.54,0.55,0.01,0.01,75667.37,1776739243000
1776739245.11,45.11,0.45,0.46,0.54,0.55,0.01,0.01,75667.37,1776739243000
1776739245.686,45.686,0.45,0.46,0.54,0.55,0.01,0.01,75666.51,1776739244000
1776739246.193,46.193,0.45,0.46,0.54,0.55,0.01,0.01,75666.51,1776739244000
1776739246.582,46.582,0.45,0.46,0.54,0.55,0.01,0.01,75666.21,1776739245000
1776739247.069,47.069,0.47,0.48,0.52,0.55,0.01,0.03,75666.21,1776739245000
1776739247.402,47.402,0.47,0.48,0.52,0.53,0.01,0.01,75668.16,1776739246000
1776739248.146,48.146,0.47,0.48,0.52,0.53,0.01,0.01,75668.16,1776739246000
1776739248.566,48.566,0.47,0.48,0.52,0.53,0.01,0.01,75668.16,1776739246000
1776739248.912,48.912,0.47,0.48,0.52,0.53,0.01,0.01,75669.65,1776739247000
1776739249.447,49.447,0.47,0.48,0.52,0.53,0.01,0.01,75669.65,1776739248000
1776739249.998,49.998,0.47,0.48,0.52,0.53,0.01,0.01,75669.65,1776739248000
1776739250.368,50.368,0.47,0.48,0.52,0.53,0.01,0.01,75669.8,1776739249000
1776739250.838,50.838,0.47,0.48,0.52,0.53,0.01,0.01,75670.0,1776739250000
1776739251.77,51.77,0.47,0.48,0.52,0.53,0.01,0.01,75670.0,1776739250000
1776739252.108,52.108,0.47,0.48,0.52,0.53,0.01,0.01,75669.13,1776739251000
1776739253.15,53.15,0.47,0.48,0.52,0.53,0.01,0.01,75669.26,1776739252000
1776739253.718,53.718,0.47,0.48,0.52,0.53,0.01,0.01,75669.26,1776739252000
1776739254.14,54.14,0.47,0.48,0.52,0.53,0.01,0.01,75669.26,1776739253000
1776739254.665,54.665,0.47,0.48,0.52,0.53,0.01,0.01,75669.26,1776739253000
1776739255.178,55.178,0.47,0.48,0.52,0.53,0.01,0.01,75669.51,1776739254000
1776739255.654,55.654,0.47,0.48,0.52,0.53,0.01,0.01,75669.51,1776739254000
1776739256.177,56.177,0.47,0.48,0.52,0.53,0.01,0.01,75669.51,1776739254000
1776739256.832,56.832,0.47,0.48,0.52,0.53,0.01,0.01,75669.75,1776739255000
1776739257.456,57.456,0.47,0.48,0.52,0.53,0.01,0.01,75669.75,1776739255000
1776739258.064,58.064,0.47,0.48,0.52,0.53,0.01,0.01,75665.92,1776739257000
1776739258.738,58.738,0.47,0.48,0.52,0.53,0.01,0.01,75665.92,1776739257000
1776739259.124,59.124,0.47,0.48,0.52,0.53,0.01,0.01,75665.92,1776739257000
1776739260.044,60.044,0.47,0.48,0.52,0.53,0.01,0.01,75666.86,1776739258000
1776739260.452,60.452,0.47,0.48,0.52,0.53,0.01,0.01,75666.8,1776739259000
1776739260.809,60.809,0.47,0.48,0.52,0.53,0.01,0.01,75666.8,1776739259000
1776739261.246,61.246,0.4,0.42,0.58,0.6,0.02,0.02,75665.65,1776739260000
1776739261.641,61.641,0.41,0.42,0.58,0.6,0.01,0.02,75665.65,1776739260000
1776739261.979,61.979,0.4,0.41,0.59,0.6,0.01,0.01,75658.7,1776739261000
1776739262.319,62.319,0.41,0.42,0.58,0.59,0.01,0.01,75658.7,1776739261000
1776739262.652,62.652,0.41,0.42,0.58,0.59,0.01,0.01,75658.7,1776739261000
1776739263.024,63.024,0.41,0.47,0.53,0.59,0.06,0.06,75658.41,1776739262000
1776739263.358,63.358,0.43,0.48,0.52,0.57,0.05,0.05,75658.41,1776739262000
1776739263.945,63.945,0.47,0.48,0.52,0.53,0.01,0.01,75657.57,1776739263000
1776739264.376,64.376,0.47,0.48,0.52,0.53,0.01,0.01,75657.57,1776739263000
1776739264.922,64.922,0.47,0.48,0.52,0.53,0.01,0.01,75657.57,1776739263000
1776739265.374,65.374,0.47,0.48,0.52,0.53,0.01,0.01,75663.75,1776739264000
1776739265.724,65.724,0.47,0.48,0.52,0.53,0.01,0.01,75663.75,1776739264000
1776739266.086,66.086,0.47,0.48,0.52,0.53,0.01,0.01,75663.75,1776739264000
1776739266.571,66.571,0.47,0.48,0.52,0.53,0.01,0.01,75668.62,1776739265000
1776739266.936,66.936,0.47,0.48,0.52,0.53,0.01,0.01,75668.62,1776739265000
1776739267.407,67.407,0.47,0.48,0.52,0.53,0.01,0.01,75670.0,1776739266000
1776739267.787,67.787,0.47,0.48,0.52,0.53,0.01,0.01,75670.0,1776739266000
1776739268.177,68.177,0.47,0.48,0.52,0.53,0.01,0.01,75670.0,1776739266000
1776739268.516,68.516,0.47,0.48,0.52,0.53,0.01,0.01,75669.3,1776739267000
1776739268.935,68.935,0.47,0.48,0.52,0.53,0.01,0.01,75669.3,1776739267000
1776739269.28,69.28,0.47,0.48,0.52,0.53,0.01,0.01,75669.3,1776739267000
1776739270.001,70.001,0.47,0.48,0.52,0.53,0.01,0.01,75671.68,1776739269000
1776739270.38,70.38,0.47,0.48,0.52,0.53,0.01,0.01,75671.68,1776739269000
1776739270.925,70.925,0.47,0.48,0.52,0.53,0.01,0.01,75671.68,1776739269000
1776739271.653,71.653,0.47,0.48,0.52,0.53,0.01,0.01,75671.96,1776739270000
1776739272.058,72.058,0.47,0.48,0.52,0.53,0.01,0.01,75671.97,1776739271000
1776739272.662,72.662,0.47,0.48,0.52,0.53,0.01,0.01,75671.97,1776739271000
1776739273.185,73.185,0.47,0.48,0.52,0.53,0.01,0.01,75671.97,1776739271000
1776739273.563,73.563,0.45,0.46,0.53,0.55,0.01,0.02,75671.9,1776739272000
1776739273.947,73.947,0.45,0.46,0.54,0.55,0.01,0.01,75671.9,1776739272000
1776739274.941,74.941,0.45,0.46,0.54,0.55,0.01,0.01,75672.11,1776739273000
1776739275.513,75.513,0.45,0.46,0.54,0.55,0.01,0.01,75669.41,1776739274000
1776739276.434,76.434,0.45,0.46,0.54,0.55,0.01,0.01,75669.42,1776739275000
1776739276.896,76.896,0.45,0.46,0.54,0.55,0.01,0.01,75669.42,1776739275000
1776739277.97,77.97,0.45,0.46,0.54,0.55,0.01,0.01,75669.72,1776739277000
1776739278.33,78.33,0.45,0.46,0.54,0.55,0.01,0.01,75669.72,1776739277000
1776739279.014,79.014,0.45,0.46,0.54,0.55,0.01,0.01,75669.72,1776739277000
1776739279.504,79.504,0.45,0.46,0.54,0.55,0.01,0.01,75669.92,1776739278000
1776739279.932,79.932,0.45,0.46,0.54,0.55,0.01,0.01,75669.92,1776739278000
1776739280.676,80.676,0.45,0.47,0.54,0.56,0.02,0.02,75669.95,1776739279000
1776739281.265,81.265,0.45,0.46,0.54,0.55,0.01,0.01,75669.95,1776739279000
1776739281.781,81.781,0.45,0.46,0.54,0.55,0.01,0.01,75670.05,1776739280000
1776739282.195,82.195,0.45,0.46,0.54,0.55,0.01,0.01,75670.05,1776739280000
1776739282.684,82.684,0.45,0.46,0.54,0.55,0.01,0.01,75670.06,1776739281000
1776739283.39,83.39,0.45,0.46,0.54,0.55,0.01,0.01,75670.06,1776739281000
1776739283.763,83.763,0.45,0.46,0.54,0.55,0.01,0.01,75669.72,1776739282000
1776739284.915,84.915,0.45,0.46,0.54,0.55,0.01,0.01,75670.05,1776739284000
1776739285.948,85.948,0.45,0.46,0.54,0.55,0.01,0.01,75670.43,1776739285000
1776739286.747,86.747,0.45,0.46,0.54,0.55,0.01,0.01,75670.43,1776739285000
1776739287.449,87.449,0.45,0.46,0.54,0.55,0.01,0.01,75670.78,1776739286000
1776739287.861,87.861,0.45,0.46,0.54,0.55,0.01,0.01,75670.78,1776739286000
1776739288.196,88.196,0.53,0.54,0.47,0.48,0.01,0.01,75674.42,1776739287000
1776739288.592,88.592,0.53,0.55,0.45,0.47,0.02,0.02,75674.42,1776739287000
1776739288.962,88.962,0.54,0.55,0.45,0.46,0.01,0.01,75674.42,1776739287000
1776739289.321,89.321,0.54,0.55,0.45,0.46,0.01,0.01,75674.42,1776739287000
1776739289.672,89.672,0.54,0.56,0.44,0.46,0.02,0.02,75681.6,1776739288000
1776739290.219,90.219,0.54,0.58,0.42,0.46,0.04,0.04,75684.56,1776739289000
1776739290.563,90.563,0.55,0.58,0.42,0.45,0.03,0.03,75684.56,1776739289000
1776739290.908,90.908,0.55,0.58,0.42,0.45,0.03,0.03,75684.56,1776739289000
1776739291.249,91.249,0.57,0.58,0.42,0.43,0.01,0.01,75684.6,1776739290000
1776739291.615,91.615,0.57,0.58,0.42,0.43,0.01,0.01,75684.6,1776739290000
1776739292.325,92.325,0.57,0.58,0.42,0.43,0.01,0.01,75684.6,1776739290000
1776739292.857,92.857,0.57,0.59,0.41,0.43,0.02,0.02,75685.55,1776739291000
1776739293.494,93.494,0.57,0.59,0.41,0.43,0.02,0.02,75685.79,1776739292000
1776739293.905,93.905,0.57,0.59,0.41,0.43,0.02,0.02,75685.79,1776739292000
1776739294.352,94.352,0.58,0.6,0.4,0.43,0.02,0.03,75686.03,1776739293000
1776739294.735,94.735,0.58,0.59,0.41,0.43,0.01,0.02,75686.03,1776739293000
1776739295.069,95.069,0.58,0.59,0.41,0.42,0.01,0.01,75686.03,1776739293000
1776739295.665,95.665,0.58,0.59,0.41,0.42,0.01,0.01,75686.03,1776739293000
1776739296.021,96.021,0.58,0.59,0.41,0.42,0.01,0.01,75684.28,1776739294000
1776739296.584,96.584,0.58,0.59,0.41,0.42,0.01,0.01,75684.66,1776739295000
1776739297.006,97.006,0.58,0.59,0.41,0.42,0.01,0.01,75684.66,1776739295000
1776739297.373,97.373,0.58,0.59,0.41,0.42,0.01,0.01,75686.26,1776739296000
1776739297.949,97.949,0.57,0.58,0.41,0.42,0.01,0.01,75686.26,1776739296000
1776739298.43,98.43,0.57,0.58,0.42,0.43,0.01,0.01,75684.88,1776739297000
1776739298.944,98.944,0.57,0.58,0.42,0.43,0.01,0.01,75684.88,1776739297000
1776739300.251,100.251,0.57,0.58,0.42,0.43,0.01,0.01,75684.84,1776739299000
1776739301.346,101.346,0.57,0.58,0.42,0.43,0.01,0.01,75684.84,1776739299000
1776739301.986,101.986,0.57,0.58,0.42,0.43,0.01,0.01,75684.98,1776739300000
1776739302.392,102.392,0.57,0.58,0.42,0.43,0.01,0.01,75684.97,1776739301000
1776739303.245,103.245,0.57,0.58,0.42,0.43,0.01,0.01,75685.28,1776739302000
1776739303.899,103.899,0.57,0.58,0.42,0.43,0.01,0.01,75685.28,1776739302000
1776739304.424,104.424,0.57,0.58,0.42,0.43,0.01,0.01,75685.33,1776739303000
1776739304.921,104.921,0.57,0.58,0.42,0.43,0.01,0.01,75685.59,1776739304000
1776739305.537,105.537,0.57,0.58,0.42,0.43,0.01,0.01,75685.59,1776739304000
1776739306.014,106.014,0.57,0.58,0.42,0.43,0.01,0.01,75685.59,1776739304000
1776739306.659,106.659,0.56,0.58,0.42,0.43,0.02,0.01,75685.44,1776739305000
1776739307.209,107.209,0.56,0.58,0.42,0.44,0.02,0.02,75685.4,1776739306000
1776739308.798,108.798,0.56,0.58,0.42,0.44,0.02,0.02,75684.79,1776739307000
1776739309.217,109.217,0.56,0.57,0.42,0.44,0.01,0.02,75684.79,1776739307000
1776739309.677,109.677,0.54,0.57,0.43,0.46,0.03,0.03,75684.82,1776739308000
1776739310.825,110.825,0.56,0.57,0.43,0.44,0.01,0.01,75684.82,1776739308000
1776739311.371,111.371,0.56,0.57,0.43,0.44,0.01,0.01,75685.57,1776739310000
1776739311.71,111.71,0.57,0.58,0.42,0.43,0.01,0.01,75685.57,1776739310000
1776739312.074,112.074,0.56,0.61,0.39,0.44,0.05,0.05,75685.57,1776739310000
1776739312.459,112.459,0.62,0.64,0.35,0.39,0.02,0.04,75689.96,1776739311000
1776739312.805,112.805,0.64,0.65,0.34,0.36,0.01,0.02,75689.96,1776739311000
1776739313.14,113.14,0.64,0.65,0.34,0.36,0.01,0.02,75689.96,1776739311000
1776739313.863,113.863,0.64,0.65,0.35,0.36,0.01,0.01,75693.77,1776739312000
1776739314.587,114.587,0.64,0.65,0.35,0.36,0.01,0.01,75696.1,1776739313000
1776739315.098,115.098,0.64,0.65,0.35,0.36,0.01,0.01,75696.1,1776739313000
1776739315.643,115.643,0.64,0.65,0.35,0.36,0.01,0.01,75696.29,1776739314000
1776739316.25,116.25,0.64,0.65,0.35,0.36,0.01,0.01,75696.29,1776739314000
1776739316.79,116.79,0.64,0.66,0.35,0.36,0.02,0.01,75696.92,1776739315000
1776739317.172,117.172,0.64,0.65,0.35,0.36,0.01,0.01,75696.92,1776739315000
1776739317.536,117.536,0.64,0.65,0.35,0.36,0.01,0.01,75697.61,1776739316000
1776739318.018,118.018,0.64,0.65,0.35,0.36,0.01,0.01,75697.61,1776739316000
1776739318.376,118.376,0.62,0.64,0.35,0.37,0.02,0.02,75697.42,1776739317000
1776739318.767,118.767,0.6,0.61,0.39,0.4,0.01,0.01,75697.42,1776739317000
1776739319.31,119.31,0.59,0.6,0.4,0.41,0.01,0.01,75697.42,1776739317000
1776739319.651,119.651,0.59,0.6,0.4,0.41,0.01,0.01,75697.3,1776739318000
1776739320.03,120.03,0.6,0.61,0.39,0.41,0.01,0.02,75697.3,1776739318000
1776739320.379,120.379,0.61,0.62,0.38,0.39,0.01,0.01,75697.3,1776739318000
1776739320.856,120.856,0.61,0.62,0.38,0.39,0.01,0.01,75695.88,1776739319000
1776739321.331,121.331,0.61,0.63,0.37,0.39,0.02,0.02,75695.88,1776739319000
1776739321.674,121.674,0.62,0.63,0.37,0.38,0.01,0.01,75695.32,1776739320000
1776739322.098,122.098,0.62,0.63,0.37,0.38,0.01,0.01,75695.32,1776739320000
1776739322.515,122.515,0.62,0.63,0.37,0.38,0.01,0.01,75695.16,1776739321000
1776739323.407,123.407,0.62,0.63,0.37,0.38,0.01,0.01,75695.16,1776739321000
1776739324.287,124.287,0.63,0.64,0.37,0.38,0.01,0.01,75695.01,1776739322000
1776739324.672,124.672,0.63,0.64,0.36,0.37,0.01,0.01,75695.01,1776739322000
1776739325.122,125.122,0.67,0.68,0.32,0.33,0.01,0.01,75694.98,1776739324000
1776739325.493,125.493,0.67,0.68,0.32,0.33,0.01,0.01,75694.98,1776739324000
1776739325.861,125.861,0.67,0.68,0.32,0.33,0.01,0.01,75694.98,1776739324000
1776739326.197,126.197,0.67,0.68,0.32,0.33,0.01,0.01,75695.67,1776739325000
1776739326.713,126.713,0.67,0.68,0.32,0.33,0.01,0.01,75695.67,1776739325000
1776739327.077,127.077,0.66,0.68,0.32,0.33,0.02,0.01,75696.14,1776739326000
1776739327.45,127.45,0.65,0.66,0.34,0.35,0.01,0.01,75696.14,1776739326000
1776739327.792,127.792,0.65,0.66,0.34,0.35,0.01,0.01,75696.14,1776739326000
1776739328.172,128.172,0.65,0.66,0.34,0.35,0.01,0.01,75696.98,1776739327000
1776739328.639,128.639,0.65,0.66,0.34,0.35,0.01,0.01,75696.98,1776739327000
1776739329.63,129.63,0.64,0.66,0.34,0.36,0.02,0.02,75697.33,1776739328000
1776739330.004,130.004,0.65,0.66,0.34,0.35,0.01,0.01,75697.53,1776739329000
1776739330.486,130.486,0.65,0.66,0.34,0.35,0.01,0.01,75697.53,1776739329000
1776739330.875,130.875,0.65,0.66,0.34,0.35,0.01,0.01,75697.53,1776739329000
1776739331.212,131.212,0.61,0.63,0.37,0.38,0.02,0.01,75697.53,1776739329000
1776739331.629,131.629,0.59,0.61,0.39,0.4,0.02,0.01,75697.6,1776739330000
1776739331.992,131.992,0.57,0.6,0.4,0.41,0.03,0.01,75697.6,1776739330000
1776739332.481,132.481,0.54,0.55,0.45,0.46,0.01,0.01,75697.62,1776739331000
1776739332.906,132.906,0.54,0.55,0.45,0.46,0.01,0.01,75697.62,1776739331000
1776739333.251,133.251,0.52,0.53,0.47,0.48,0.01,0.01,75697.62,1776739331000
1776739333.598,133.598,0.47,0.49,0.47,0.53,0.02,0.06,75695.66,1776739332000
1776739333.957,133.957,0.47,0.48,0.52,0.53,0.01,0.01,75695.66,1776739332000
1776739334.333,134.333,0.47,0.48,0.52,0.53,0.01,0.01,75695.66,1776739332000
1776739334.9,134.9,0.47,0.48,0.52,0.53,0.01,0.01,75689.35,1776739333000
1776739335.304,135.304,0.47,0.48,0.52,0.53,0.01,0.01,75686.05,1776739334000
1776739335.666,135.666,0.47,0.48,0.52,0.53,0.01,0.01,75686.05,1776739334000
1776739336.122,136.122,0.48,0.49,0.51,0.52,0.01,0.01,75686.05,1776739334000
1776739336.477,136.477,0.49,0.5,0.5,0.51,0.01,0.01,75684.7,1776739335000
1776739336.847,136.847,0.49,0.5,0.5,0.51,0.01,0.01,75684.7,1776739335000
1776739337.214,137.214,0.49,0.5,0.5,0.51,0.01,0.01,75684.14,1776739336000
1776739337.697,137.697,0.5,0.51,0.49,0.51,0.01,0.02,75684.14,1776739336000
1776739338.218,138.218,0.51,0.52,0.48,0.49,0.01,0.01,75684.14,1776739336000
1776739338.628,138.628,0.53,0.54,0.46,0.47,0.01,0.01,75684.12,1776739337000
1776739339.023,139.023,0.53,0.54,0.46,0.47,0.01,0.01,75684.12,1776739337000
1776739339.394,139.394,0.53,0.55,0.46,0.47,0.02,0.01,75684.12,1776739337000
1776739339.846,139.846,0.54,0.55,0.45,0.46,0.01,0.01,75684.13,1776739338000
1776739340.271,140.271,0.54,0.55,0.45,0.46,0.01,0.01,75684.26,1776739339000
1776739340.696,140.696,0.54,0.56,0.45,0.46,0.02,0.01,75684.26,1776739339000
1776739341.042,141.042,0.55,0.56,0.44,0.45,0.01,0.01,75684.71,1776739340000
1776739341.44,141.44,0.56,0.57,0.44,0.45,0.01,0.01,75684.71,1776739340000
1776739341.787,141.787,0.56,0.57,0.43,0.44,0.01,0.01,75684.71,1776739340000
1776739342.203,142.203,0.56,0.57,0.43,0.44,0.01,0.01,75684.69,1776739341000
1776739342.679,142.679,0.56,0.57,0.43,0.44,0.01,0.01,75684.69,1776739341000
1776739343.14,143.14,0.56,0.57,0.43,0.44,0.01,0.01,75684.69,1776739341000
1776739343.587,143.587,0.56,0.57,0.43,0.44,0.01,0.01,75684.59,1776739342000
1776739343.932,143.932,0.56,0.57,0.43,0.44,0.01,0.01,75684.59,1776739342000
1776739344.301,144.301,0.56,0.57,0.43,0.44,0.01,0.01,75684.59,1776739342000
1776739344.831,144.831,0.56,0.57,0.43,0.44,0.01,0.01,75684.11,1776739343000
1776739345.232,145.232,0.56,0.57,0.43,0.44,0.01,0.01,75684.12,1776739344000
1776739345.571,145.571,0.58,0.59,0.41,0.42,0.01,0.01,75684.12,1776739344000
1776739345.936,145.936,0.58,0.59,0.41,0.42,0.01,0.01,75684.12,1776739344000
1776739346.904,146.904,0.58,0.59,0.41,0.42,0.01,0.01,75684.54,1776739345000
1776739347.256,147.256,0.58,0.59,0.41,0.42,0.01,0.01,75684.6,1776739346000
1776739347.688,147.688,0.58,0.59,0.41,0.42,0.01,0.01,75684.6,1776739346000
1776739348.116,148.116,0.58,0.59,0.41,0.42,0.01,0.01,75684.6,1776739346000
1776739348.539,148.539,0.59,0.6,0.4,0.42,0.01,0.02,75685.12,1776739347000
1776739349.082,149.082,0.6,0.61,0.39,0.4,0.01,0.01,75685.12,1776739347000
1776739349.416,149.416,0.6,0.61,0.39,0.4,0.01,0.01,75685.12,1776739347000
1776739349.822,149.822,0.6,0.61,0.39,0.4,0.01,0.01,75685.12,1776739348000
1776739350.36,150.36,0.6,0.62,0.38,0.4,0.02,0.02,75685.46,1776739349000
1776739350.716,150.716,0.62,0.63,0.37,0.38,0.01,0.01,75685.46,1776739349000
1776739351.059,151.059,0.62,0.63,0.37,0.38,0.01,0.01,75685.46,1776739349000
1776739351.404,151.404,0.61,0.62,0.38,0.39,0.01,0.01,75685.46,1776739349000
1776739351.827,151.827,0.6,0.61,0.38,0.39,0.01,0.01,75686.08,1776739350000
1776739352.186,152.186,0.6,0.61,0.39,0.4,0.01,0.01,75686.09,1776739351000
1776739352.818,152.818,0.6,0.61,0.39,0.4,0.01,0.01,75686.09,1776739351000
1776739353.153,153.153,0.61,0.62,0.38,0.39,0.01,0.01,75686.09,1776739352000
1776739353.518,153.518,0.66,0.67,0.33,0.35,0.01,0.02,75686.09,1776739352000
1776739354.049,154.049,0.66,0.68,0.32,0.34,0.02,0.02,75686.09,1776739352000
1776739354.393,154.393,0.67,0.68,0.32,0.33,0.01,0.01,75686.18,1776739353000
1776739354.876,154.876,0.67,0.68,0.32,0.33,0.01,0.01,75687.16,1776739354000
1776739355.213,155.213,0.73,0.74,0.26,0.27,0.01,0.01,75687.16,1776739354000
1776739355.556,155.556,0.72,0.73,0.27,0.28,0.01,0.01,75687.16,1776739354000
1776739355.978,155.978,0.72,0.73,0.27,0.28,0.01,0.01,75692.9,1776739355000
1776739356.369,156.369,0.72,0.73,0.27,0.28,0.01,0.01,75692.9,1776739355000
1776739356.71,156.71,0.72,0.73,0.27,0.28,0.01,0.01,75692.9,1776739355000
1776739357.214,157.214,0.72,0.73,0.27,0.28,0.01,0.01,75696.8,1776739356000
1776739357.552,157.552,0.71,0.72,0.28,0.29,0.01,0.01,75696.8,1776739356000
1776739357.975,157.975,0.71,0.72,0.28,0.29,0.01,0.01,75696.8,1776739356000
1776739358.31,158.31,0.7,0.71,0.29,0.3,0.01,0.01,75701.48,1776739357000
1776739358.667,158.667,0.7,0.71,0.29,0.3,0.01,0.01,75701.48,1776739357000
1776739359.01,159.01,0.7,0.71,0.29,0.3,0.01,0.01,75701.48,1776739357000
1776739359.386,159.386,0.7,0.71,0.28,0.3,0.01,0.02,75702.48,1776739358000
1776739359.759,159.759,0.71,0.72,0.28,0.29,0.01,0.01,75702.48,1776739358000
1776739360.155,160.155,0.71,0.72,0.28,0.29,0.01,0.01,75702.48,1776739358000
1776739360.515,160.515,0.74,0.75,0.25,0.26,0.01,0.01,75702.48,1776739359000
1776739360.86,160.86,0.74,0.75,0.25,0.26,0.01,0.01,75701.19,1776739360000
1776739361.193,161.193,0.74,0.75,0.25,0.26,0.01,0.01,75701.19,1776739360000
1776739361.546,161.546,0.74,0.75,0.25,0.26,0.01,0.01,75701.19,1776739360000
1776739361.976,161.976,0.74,0.75,0.25,0.26,0.01,0.01,75702.08,1776739361000
1776739362.45,162.45,0.74,0.75,0.25,0.26,0.01,0.01,75702.08,1776739361000
1776739362.788,162.788,0.73,0.75,0.25,0.27,0.02,0.02,75702.08,1776739361000
1776739363.243,163.243,0.72,0.73,0.27,0.28,0.01,0.01,75702.08,1776739361000
1776739363.645,163.645,0.71,0.72,0.28,0.29,0.01,0.01,75708.23,1776739362000
1776739364.14,164.14,0.71,0.72,0.28,0.29,0.01,0.01,75708.23,1776739362000
1776739364.682,164.682,0.71,0.72,0.28,0.29,0.01,0.01,75708.23,1776739362000
1776739365.058,165.058,0.71,0.72,0.28,0.29,0.01,0.01,75706.53,1776739364000
1776739365.409,165.409,0.69,0.72,0.28,0.29,0.03,0.01,75706.53,1776739364000
1776739365.755,165.755,0.69,0.7,0.28,0.31,0.01,0.03,75706.53,1776739364000
1776739366.105,166.105,0.69,0.7,0.3,0.31,0.01,0.01,75703.86,1776739365000
1776739366.455,166.455,0.69,0.7,0.3,0.31,0.01,0.01,75703.86,1776739365000
1776739366.797,166.797,0.69,0.7,0.29,0.31,0.01,0.02,75703.86,1776739365000
1776739367.159,167.159,0.69,0.7,0.3,0.31,0.01,0.01,75704.22,1776739366000
1776739367.496,167.496,0.55,0.59,0.41,0.45,0.04,0.04,75704.22,1776739366000
1776739367.832,167.832,0.56,0.57,0.43,0.45,0.01,0.02,75704.22,1776739366000
1776739368.268,168.268,0.53,0.54,0.46,0.47,0.01,0.01,75703.25,1776739367000
1776739368.642,168.642,0.53,0.54,0.46,0.47,0.01,0.01,75703.25,1776739367000
1776739368.992,168.992,0.53,0.54,0.46,0.47,0.01,0.01,75703.25,1776739367000
1776739369.412,169.412,0.53,0.54,0.46,0.47,0.01,0.01,75698.95,1776739368000
1776739369.786,169.786,0.53,0.54,0.46,0.47,0.01,0.01,75698.95,1776739368000
1776739370.144,170.144,0.54,0.55,0.45,0.47,0.01,0.02,75688.43,1776739369000
1776739370.75,170.75,0.55,0.56,0.45,0.46,0.01,0.01,75688.43,1776739369000
1776739371.175,171.175,0.55,0.56,0.44,0.45,0.01,0.01,75688.42,1776739370000
1776739371.593,171.593,0.55,0.56,0.44,0.45,0.01,0.01,75688.42,1776739370000
1776739371.975,171.975,0.55,0.56,0.44,0.45,0.01,0.01,75688.42,1776739370000
1776739372.315,172.315,0.55,0.56,0.44,0.45,0.01,0.01,75687.67,1776739371000
1776739373.128,173.128,0.55,0.57,0.44,0.45,0.02,0.01,75687.67,1776739371000
1776739373.51,173.51,0.57,0.58,0.42,0.43,0.01,0.01,75686.86,1776739372000
1776739373.887,173.887,0.57,0.58,0.41,0.43,0.01,0.02,75686.86,1776739372000
1776739374.263,174.263,0.57,0.58,0.42,0.43,0.01,0.01,75686.23,1776739373000
1776739374.675,174.675,0.57,0.58,0.42,0.43,0.01,0.01,75686.23,1776739373000
1776739375.04,175.04,0.57,0.58,0.42,0.43,0.01,0.01,75686.15,1776739374000
1776739375.442,175.442,0.58,0.59,0.41,0.42,0.01,0.01,75686.15,1776739374000
1776739375.933,175.933,0.59,0.6,0.4,0.42,0.01,0.02,75686.15,1776739374000
1776739376.871,176.871,0.59,0.6,0.4,0.41,0.01,0.01,75687.25,1776739375000
1776739378.525,178.525,0.59,0.6,0.4,0.41,0.01,0.01,75686.18,1776739377000
1776739379.137,179.137,0.59,0.6,0.4,0.41,0.01,0.01,75686.18,1776739378000
1776739379.631,179.631,0.59,0.6,0.4,0.41,0.01,0.01,75686.18,1776739378000
1776739379.987,179.987,0.59,0.6,0.4,0.41,0.01,0.01,75686.18,1776739378000
1776739380.439,180.439,0.59,0.6,0.4,0.41,0.01,0.01,75686.11,1776739379000
1776739380.916,180.916,0.59,0.6,0.4,0.41,0.01,0.01,75686.11,1776739379000
1776739381.295,181.295,0.59,0.6,0.4,0.41,0.01,0.01,75686.11,1776739379000
1776739381.67,181.67,0.59,0.6,0.4,0.41,0.01,0.01,75686.11,1776739380000
1776739382.036,182.036,0.59,0.6,0.4,0.41,0.01,0.01,75686.11,1776739381000
1776739382.498,182.498,0.59,0.6,0.4,0.41,0.01,0.01,75686.11,1776739381000
1776739382.96,182.96,0.59,0.6,0.4,0.41,0.01,0.01,75686.11,1776739381000
1776739383.298,183.298,0.57,0.6,0.4,0.41,0.03,0.01,75686.1,1776739382000
1776739384.034,184.034,0.51,0.52,0.48,0.49,0.01,0.01,75686.1,1776739382000
1776739384.5,184.5,0.51,0.52,0.48,0.49,0.01,0.01,75686.11,1776739383000
1776739384.936,184.936,0.51,0.52,0.48,0.49,0.01,0.01,75686.11,1776739383000
1776739385.461,185.461,0.51,0.52,0.48,0.49,0.01,0.01,75685.01,1776739384000
1776739385.929,185.929,0.51,0.52,0.48,0.49,0.01,0.01,75685.01,1776739384000
1776739386.282,186.282,0.51,0.52,0.48,0.49,0.01,0.01,75678.26,1776739385000
1776739386.626,186.626,0.38,0.47,0.53,0.62,0.09,0.09,75678.26,1776739385000
1776739387.084,187.084,0.45,0.47,0.53,0.56,0.02,0.03,75678.26,1776739385000
1776739387.422,187.422,0.46,0.47,0.53,0.54,0.01,0.01,75676.57,1776739386000
1776739387.766,187.766,0.5,0.51,0.49,0.5,0.01,0.01,75676.57,1776739386000
1776739388.154,188.154,0.5,0.51,0.49,0.5,0.01,0.01,75676.57,1776739386000
1776739388.537,188.537,0.5,0.51,0.49,0.5,0.01,0.01,75676.34,1776739387000
1776739388.973,188.973,0.52,0.53,0.47,0.48,0.01,0.01,75676.34,1776739387000
1776739389.412,189.412,0.52,0.53,0.47,0.48,0.01,0.01,75676.34,1776739387000
1776739389.914,189.914,0.52,0.53,0.47,0.48,0.01,0.01,75678.94,1776739388000
1776739390.35,190.35,0.52,0.55,0.47,0.48,0.03,0.01,75679.42,1776739389000
1776739390.732,190.732,0.54,0.55,0.45,0.46,0.01,0.01,75679.42,1776739389000
1776739391.124,191.124,0.55,0.56,0.44,0.46,0.01,0.02,75679.42,1776739389000
1776739391.646,191.646,0.55,0.56,0.44,0.45,0.01,0.01,75679.52,1776739390000
1776739392.138,192.138,0.55,0.56,0.44,0.45,0.01,0.01,75679.52,1776739390000
1776739392.913,192.913,0.55,0.58,0.42,0.45,0.03,0.03,75679.97,1776739391000
1776739393.585,193.585,0.57,0.58,0.42,0.43,0.01,0.01,75680.3,1776739392000
1776739393.98,193.98,0.57,0.58,0.42,0.43,0.01,0.01,75680.3,1776739392000
1776739394.595,194.595,0.57,0.58,0.42,0.43,0.01,0.01,75680.61,1776739393000
1776739395.13,195.13,0.57,0.58,0.42,0.43,0.01,0.01,75682.3,1776739394000
1776739395.565,195.565,0.57,0.58,0.42,0.43,0.01,0.01,75682.3,1776739394000
1776739395.962,195.962,0.56,0.58,0.42,0.45,0.02,0.03,75682.3,1776739394000
1776739396.306,196.306,0.54,0.55,0.45,0.46,0.01,0.01,75681.53,1776739395000
1776739396.782,196.782,0.54,0.55,0.45,0.46,0.01,0.01,75681.53,1776739395000
1776739397.169,197.169,0.54,0.55,0.45,0.46,0.01,0.01,75681.53,1776739395000
1776739397.889,197.889,0.54,0.55,0.45,0.46,0.01,0.01,75680.63,1776739396000
1776739398.516,198.516,0.54,0.55,0.45,0.46,0.01,0.01,75680.63,1776739397000
1776739398.969,198.969,0.54,0.55,0.45,0.46,0.01,0.01,75680.86,1776739398000
1776739399.607,199.607,0.54,0.55,0.45,0.46,0.01,0.01,75680.86,1776739398000
1776739400.038,200.038,0.53,0.54,0.46,0.47,0.01,0.01,75681.37,1776739399000
1776739400.646,200.646,0.53,0.54,0.46,0.47,0.01,0.01,75681.37,1776739399000
1776739401.151,201.151,0.53,0.54,0.46,0.47,0.01,0.01,75681.65,1776739400000
1776739401.583,201.583,0.53,0.54,0.46,0.47,0.01,0.01,75681.65,1776739400000
1776739402.176,202.176,0.53,0.54,0.46,0.47,0.01,0.01,75681.65,1776739400000
1776739402.669,202.669,0.53,0.54,0.46,0.47,0.01,0.01,75681.64,1776739401000
1776739403.238,203.238,0.53,0.54,0.46,0.47,0.01,0.01,75681.64,1776739401000
1776739404.152,204.152,0.53,0.54,0.46,0.47,0.01,0.01,75681.52,1776739402000
1776739404.538,204.538,0.53,0.54,0.46,0.47,0.01,0.01,75681.64,1776739403000
1776739404.937,204.937,0.53,0.54,0.46,0.47,0.01,0.01,75681.64,1776739403000
1776739405.523,205.523,0.53,0.54,0.46,0.47,0.01,0.01,75681.64,1776739404000
1776739405.976,205.976,0.53,0.54,0.46,0.47,0.01,0.01,75681.76,1776739405000
1776739407.148,207.148,0.53,0.54,0.46,0.47,0.01,0.01,75681.76,1776739406000
1776739408.341,208.341,0.53,0.54,0.46,0.47,0.01,0.01,75687.54,1776739407000
1776739408.694,208.694,0.53,0.54,0.46,0.47,0.01,0.01,75687.54,1776739407000
1776739409.053,209.053,0.64,0.67,0.33,0.36,0.03,0.03,75690.02,1776739408000
1776739409.457,209.457,0.67,0.72,0.28,0.33,0.05,0.05,75690.02,1776739408000
1776739409.872,209.872,0.68,0.69,0.3,0.32,0.01,0.02,75690.02,1776739408000
1776739410.306,210.306,0.68,0.69,0.31,0.32,0.01,0.01,75691.45,1776739409000
1776739410.79,210.79,0.68,0.69,0.31,0.32,0.01,0.01,75691.45,1776739409000
1776739411.197,211.197,0.68,0.69,0.31,0.32,0.01,0.01,75691.98,1776739410000
1776739411.763,211.763,0.68,0.69,0.31,0.32,0.01,0.01,75691.98,1776739410000
1776739412.332,212.332,0.68,0.69,0.31,0.32,0.01,0.01,75691.08,1776739411000
1776739412.906,212.906,0.68,0.69,0.31,0.32,0.01,0.01,75691.08,1776739411000
1776739413.336,213.336,0.68,0.69,0.31,0.32,0.01,0.01,75691.08,1776739411000
1776739413.683,213.683,0.68,0.69,0.31,0.32,0.01,0.01,75691.4,1776739412000
1776739414.139,214.139,0.67,0.68,0.32,0.33,0.01,0.01,75691.06,1776739413000
1776739414.645,214.645,0.67,0.68,0.32,0.33,0.01,0.01,75691.06,1776739413000
1776739415.075,215.075,0.67,0.68,0.32,0.33,0.01,0.01,75691.06,1776739413000
1776739415.422,215.422,0.66,0.67,0.32,0.34,0.01,0.02,75690.94,1776739414000
1776739416.477,216.477,0.66,0.67,0.33,0.34,0.01,0.01,75690.85,1776739415000
1776739417.006,217.006,0.66,0.67,0.33,0.34,0.01,0.01,75690.94,1776739416000
1776739417.507,217.507,0.66,0.67,0.33,0.34,0.01,0.01,75690.94,1776739416000
1776739418.304,218.304,0.66,0.67,0.33,0.34,0.01,0.01,75691.22,1776739417000
1776739418.653,218.653,0.66,0.67,0.33,0.34,0.01,0.01,75691.22,1776739417000
1776739419.015,219.015,0.66,0.67,0.33,0.34,0.01,0.01,75691.22,1776739417000
1776739419.478,219.478,0.66,0.67,0.33,0.34,0.01,0.01,75691.63,1776739418000
1776739419.932,219.932,0.66,0.67,0.33,0.34,0.01,0.01,75691.63,1776739418000
1776739420.49,220.49,0.66,0.67,0.33,0.34,0.01,0.01,75691.78,1776739419000
1776739420.915,220.915,0.66,0.67,0.33,0.34,0.01,0.01,75691.78,1776739419000
1776739421.282,221.282,0.66,0.67,0.33,0.34,0.01,0.01,75692.98,1776739420000
1776739422.128,222.128,0.66,0.67,0.33,0.34,0.01,0.01,75694.82,1776739421000
1776739422.609,222.609,0.66,0.67,0.33,0.34,0.01,0.01,75694.82,1776739421000
1776739422.967,222.967,0.67,0.68,0.32,0.33,0.01,0.01,75694.82,1776739421000
1776739423.53,223.53,0.69,0.7,0.3,0.31,0.01,0.01,75694.82,1776739421000
1776739423.868,223.868,0.69,0.7,0.3,0.31,0.01,0.01,75694.82,1776739422000
1776739424.249,224.249,0.69,0.7,0.3,0.31,0.01,0.01,75694.82,1776739422000
1776739424.588,224.588,0.69,0.7,0.3,0.31,0.01,0.01,75694.82,1776739423000
1776739424.96,224.96,0.69,0.7,0.3,0.31,0.01,0.01,75694.82,1776739423000
1776739425.306,225.306,0.69,0.7,0.3,0.31,0.01,0.01,75694.82,1776739423000
1776739425.66,225.66,0.69,0.7,0.3,0.31,0.01,0.01,75695.96,1776739424000
1776739426.083,226.083,0.69,0.7,0.3,0.31,0.01,0.01,75696.62,1776739425000
1776739426.44,226.44,0.69,0.7,0.3,0.31,0.01,0.01,75696.62,1776739425000
1776739426.804,226.804,0.69,0.7,0.3,0.31,0.01,0.01,75696.62,1776739425000
1776739427.2,227.2,0.69,0.7,0.3,0.31,0.01,0.01,75696.62,1776739425000
1776739427.546,227.546,0.69,0.7,0.3,0.31,0.01,0.01,75696.91,1776739426000
1776739427.923,227.923,0.69,0.7,0.3,0.31,0.01,0.01,75696.91,1776739426000
1776739428.515,228.515,0.69,0.7,0.3,0.31,0.01,0.01,75696.91,1776739426000
1776739428.851,228.851,0.69,0.7,0.3,0.31,0.01,0.01,75697.16,1776739427000
1776739429.218,229.218,0.69,0.7,0.3,0.31,0.01,0.01,75697.16,1776739427000
1776739429.626,229.626,0.69,0.7,0.3,0.31,0.01,0.01,75697.63,1776739428000
1776739429.962,229.962,0.69,0.7,0.3,0.31,0.01,0.01,75697.63,1776739428000
1776739430.323,230.323,0.69,0.7,0.3,0.31,0.01,0.01,75698.1,1776739429000
1776739430.658,230.658,0.69,0.7,0.3,0.31,0.01,0.01,75698.1,1776739429000
1776739431.07,231.07,0.69,0.7,0.3,0.31,0.01,0.01,75698.1,1776739429000
1776739431.415,231.415,0.69,0.7,0.3,0.31,0.01,0.01,75698.1,1776739429000
1776739431.778,231.778,0.68,0.69,0.3,0.32,0.01,0.02,75698.1,1776739430000
1776739432.129,232.129,0.68,0.7,0.3,0.32,0.02,0.02,75697.67,1776739431000
1776739432.545,232.545,0.69,0.7,0.3,0.31,0.01,0.01,75697.67,1776739431000
1776739432.881,232.881,0.68,0.7,0.3,0.31,0.02,0.01,75697.67,1776739431000
1776739433.223,233.223,0.68,0.7,0.3,0.32,0.02,0.02,75697.59,1776739432000
1776739433.557,233.557,0.68,0.69,0.31,0.32,0.01,0.01,75697.59,1776739432000
1776739433.915,233.915,0.68,0.69,0.31,0.32,0.01,0.01,75697.59,1776739432000
1776739434.252,234.252,0.68,0.69,0.31,0.32,0.01,0.01,75697.59,1776739432000
1776739434.669,234.669,0.67,0.68,0.32,0.33,0.01,0.01,75697.8,1776739433000
1776739435.024,235.024,0.67,0.68,0.32,0.33,0.01,0.01,75697.8,1776739433000
1776739435.374,235.374,0.67,0.68,0.32,0.33,0.01,0.01,75697.8,1776739433000
1776739435.709,235.709,0.67,0.68,0.32,0.33,0.01,0.01,75697.97,1776739434000
1776739436.06,236.06,0.67,0.68,0.32,0.33,0.01,0.01,75697.97,1776739434000
1776739436.538,236.538,0.67,0.68,0.32,0.33,0.01,0.01,75698.27,1776739435000
1776739436.879,236.879,0.67,0.69,0.32,0.33,0.02,0.01,75698.27,1776739435000
1776739437.291,237.291,0.67,0.68,0.32,0.33,0.01,0.01,75698.27,1776739435000
1776739437.641,237.641,0.66,0.68,0.32,0.33,0.02,0.01,75698.27,1776739435000
1776739437.988,237.988,0.68,0.69,0.31,0.32,0.01,0.01,75698.27,1776739435000
1776739438.359,238.359,0.68,0.69,0.31,0.32,0.01,0.01,75698.28,1776739436000
1776739438.822,238.822,0.68,0.69,0.31,0.32,0.01,0.01,75698.28,1776739437000
1776739439.156,239.156,0.68,0.69,0.31,0.32,0.01,0.01,75698.28,1776739437000
1776739439.84,239.84,0.68,0.69,0.31,0.32,0.01,0.01,75698.37,1776739438000
1776739440.18,240.18,0.68,0.69,0.31,0.32,0.01,0.01,75698.37,1776739438000
1776739441.035,241.035,0.68,0.69,0.31,0.32,0.01,0.01,75698.37,1776739438000
1776739441.383,241.383,0.69,0.7,0.3,0.31,0.01,0.01,75698.36,1776739439000
1776739441.736,241.736,0.69,0.7,0.3,0.31,0.01,0.01,75698.36,1776739440000
1776739442.111,242.111,0.69,0.7,0.3,0.31,0.01,0.01,75698.36,1776739440000
1776739442.514,242.514,0.7,0.71,0.29,0.31,0.01,0.02,75698.36,1776739441000
1776739442.865,242.865,0.79,0.8,0.2,0.21,0.01,0.01,75698.36,1776739441000
1776739443.2,243.2,0.79,0.8,0.2,0.21,0.01,0.01,75698.36,1776739441000
1776739443.544,243.544,0.78,0.81,0.19,0.2,0.03,0.01,75697.75,1776739442000
1776739443.887,243.887,0.74,0.78,0.21,0.26,0.04,0.05,75697.75,1776739442000
1776739444.224,244.224,0.73,0.74,0.25,0.27,0.01,0.02,75697.75,1776739442000
1776739444.578,244.578,0.73,0.74,0.26,0.27,0.01,0.01,75697.75,1776739442000
1776739444.93,244.93,0.73,0.74,0.26,0.27,0.01,0.01,75701.76,1776739443000
1776739445.546,245.546,0.73,0.74,0.26,0.27,0.01,0.01,75706.41,1776739444000
1776739445.931,245.931,0.72,0.74,0.26,0.28,0.02,0.02,75706.41,1776739444000
1776739446.349,246.349,0.73,0.74,0.26,0.27,0.01,0.01,75708.57,1776739445000
1776739447.116,247.116,0.69,0.7,0.26,0.29,0.01,0.03,75708.57,1776739445000
1776739447.545,247.545,0.69,0.7,0.3,0.31,0.01,0.01,75708.57,1776739445000
1776739448.155,248.155,0.69,0.7,0.3,0.31,0.01,0.01,75707.46,1776739446000
1776739448.652,248.652,0.69,0.7,0.3,0.31,0.01,0.01,75707.69,1776739447000
1776739448.988,248.988,0.69,0.7,0.3,0.31,0.01,0.01,75707.69,1776739447000
1776739449.328,249.328,0.59,0.61,0.32,0.41,0.02,0.09,75707.69,1776739447000
1776739449.679,249.679,0.59,0.61,0.39,0.41,0.02,0.02,75706.07,1776739448000
1776739450.033,250.033,0.59,0.6,0.4,0.41,0.01,0.01,75706.07,1776739448000
1776739450.466,250.466,0.6,0.61,0.39,0.4,0.01,0.01,75703.94,1776739449000
1776739450.829,250.829,0.6,0.61,0.39,0.4,0.01,0.01,75703.94,1776739449000
1776739451.163,251.163,0.55,0.56,0.44,0.46,0.01,0.02,75703.94,1776739449000
1776739451.719,251.719,0.55,0.56,0.44,0.45,0.01,0.01,75702.29,1776739450000
1776739452.071,252.071,0.55,0.56,0.44,0.46,0.01,0.02,75702.29,1776739450000
1776739452.513,252.513,0.55,0.56,0.44,0.45,0.01,0.01,75702.17,1776739451000
1776739452.939,252.939,0.53,0.56,0.44,0.45,0.03,0.01,75702.17,1776739451000
1776739453.487,253.487,0.53,0.54,0.46,0.47,0.01,0.01,75702.17,1776739451000
1776739453.84,253.84,0.54,0.55,0.45,0.46,0.01,0.01,75698.3,1776739452000
1776739454.202,254.202,0.54,0.55,0.45,0.46,0.01,0.01,75698.3,1776739452000
1776739454.574,254.574,0.57,0.59,0.4,0.44,0.02,0.04,75698.3,1776739452000
1776739454.913,254.913,0.63,0.64,0.36,0.37,0.01,0.01,75697.59,1776739453000
1776739455.371,255.371,0.51,0.64,0.36,0.48,0.13,0.12,75697.59,1776739453000
1776739455.749,255.749,0.51,0.52,0.44,0.48,0.01,0.04,75697.59,1776739453000
1776739456.111,256.111,0.44,0.45,0.55,0.56,0.01,0.01,75697.64,1776739454000
1776739456.539,256.539,0.45,0.46,0.54,0.55,0.01,0.01,75697.64,1776739455000
1776739456.873,256.873,0.63,0.64,0.31,0.37,0.01,0.06,75697.64,1776739455000
1776739457.218,257.218,0.66,0.67,0.33,0.34,0.01,0.01,75697.07,1776739456000
1776739457.577,257.577,0.66,0.67,0.33,0.34,0.01,0.01,75697.07,1776739456000
1776739458.293,258.293,0.51,0.68,0.32,0.49,0.17,0.17,75696.76,1776739457000
1776739459.289,259.289,0.66,0.69,0.32,0.49,0.03,0.17,75696.76,1776739457000
1776739460.051,260.051,0.66,0.68,0.31,0.34,0.02,0.03,75696.76,1776739458000
1776739460.868,260.868,0.66,0.67,0.29,0.34,0.01,0.05,75697.53,1776739459000
1776739461.374,261.374,0.66,0.67,0.33,0.34,0.01,0.01,75698.41,1776739460000
1776739461.72,261.72,0.66,0.67,0.33,0.34,0.01,0.01,75698.41,1776739460000
1776739462.097,262.097,0.66,0.67,0.33,0.34,0.01,0.01,75697.61,1776739461000
1776739462.471,262.471,0.66,0.67,0.33,0.34,0.01,0.01,75697.61,1776739461000
1776739462.854,262.854,0.66,0.67,0.33,0.34,0.01,0.01,75697.61,1776739461000
1776739463.217,263.217,0.64,0.66,0.34,0.36,0.02,0.02,75698.42,1776739462000
1776739463.557,263.557,0.66,0.7,0.3,0.36,0.04,0.06,75698.42,1776739462000
1776739464.08,264.08,0.66,0.67,0.33,0.36,0.01,0.03,75698.42,1776739462000
1776739464.435,264.435,0.65,0.67,0.33,0.37,0.02,0.04,75698.61,1776739463000
1776739464.785,264.785,0.54,0.55,0.45,0.48,0.01,0.03,75698.61,1776739463000
1776739465.122,265.122,0.54,0.56,0.44,0.46,0.02,0.02,75698.61,1776739463000
1776739465.568,265.568,0.52,0.53,0.47,0.48,0.01,0.01,75697.87,1776739464000
1776739465.93,265.93,0.52,0.53,0.47,0.48,0.01,0.01,75697.87,1776739464000
1776739466.339,266.339,0.5,0.51,0.49,0.5,0.01,0.01,75697.5,1776739465000
1776739466.701,266.701,0.62,0.65,0.35,0.49,0.03,0.14,75697.5,1776739465000
1776739467.137,267.137,0.53,0.54,0.46,0.47,0.01,0.01,75697.5,1776739465000
1776739467.525,267.525,0.58,0.59,0.41,0.42,0.01,0.01,75697.17,1776739466000
1776739467.881,267.881,0.58,0.59,0.41,0.42,0.01,0.01,75697.17,1776739466000
1776739468.219,268.219,0.56,0.57,0.43,0.44,0.01,0.01,75696.15,1776739467000
1776739468.606,268.606,0.51,0.54,0.46,0.47,0.03,0.01,75696.15,1776739467000
1776739469.104,269.104,0.48,0.49,0.5,0.54,0.01,0.04,75696.15,1776739467000
1776739469.547,269.547,0.5,0.51,0.49,0.5,0.01,0.01,75696.15,1776739467000
1776739469.884,269.884,0.5,0.51,0.49,0.5,0.01,0.01,75696.15,1776739467000
1776739470.387,270.387,0.46,0.47,0.51,0.54,0.01,0.03,75696.15,1776739467000
1776739470.721,270.721,0.49,0.52,0.48,0.51,0.03,0.03,75696.15,1776739467000
1776739471.111,271.111,0.51,0.52,0.49,0.5,0.01,0.01,75696.15,1776739467000
1776739471.545,271.545,0.51,0.52,0.48,0.49,0.01,0.01,75696.15,1776739467000
1776739471.926,271.926,0.57,0.58,0.42,0.44,0.01,0.02,75696.15,1776739467000
1776739472.264,272.264,0.51,0.56,0.42,0.51,0.05,0.09,75696.15,1776739467000
1776739472.783,272.783,0.56,0.58,0.43,0.44,0.02,0.01,75696.15,1776739467000
1776739473.158,273.158,0.57,0.58,0.42,0.43,0.01,0.01,75696.15,1776739467000
1776739473.504,273.504,0.57,0.58,0.42,0.43,0.01,0.01,75696.15,1776739467000
1776739473.845,273.845,0.57,0.58,0.42,0.43,0.01,0.01,75696.15,1776739467000
1776739474.303,274.303,0.57,0.58,0.42,0.43,0.01,0.01,75696.15,1776739467000
1776739474.693,274.693,0.1,0.3,0.64,0.9,0.2,0.26,75696.15,1776739467000
1776739475.03,275.03,0.12,0.16,0.84,0.88,0.04,0.04,75696.15,1776739467000
1776739475.364,275.364,0.1,0.11,0.89,0.9,0.01,0.01,75696.15,1776739467000
1776739475.704,275.704,0.1,0.12,0.88,0.9,0.02,0.02,75696.15,1776739467000
1776739476.054,276.054,0.08,0.09,0.91,0.92,0.01,0.01,75696.15,1776739467000
1776739476.454,276.454,0.08,0.09,0.91,0.92,0.01,0.01,75696.15,1776739467000
1776739476.797,276.797,0.07,0.08,0.92,0.93,0.01,0.01,75696.15,1776739467000
1776739477.136,277.136,0.06,0.07,0.92,0.94,0.01,0.02,75653.97,1776739476000
1776739477.49,277.49,0.06,0.07,0.93,0.94,0.01,0.01,75653.97,1776739476000
1776739477.848,277.848,0.05,0.06,0.94,0.95,0.01,0.01,75653.97,1776739476000
1776739478.182,278.182,0.05,0.06,0.94,0.95,0.01,0.01,75651.01,1776739477000
1776739478.58,278.58,0.05,0.06,0.94,0.95,0.01,0.01,75651.01,1776739477000
1776739478.942,278.942,0.05,0.06,0.94,0.95,0.01,0.01,75651.01,1776739477000
1776739479.319,279.319,0.05,0.06,0.94,0.95,0.01,0.01,75649.53,1776739478000
1776739479.652,279.652,0.06,0.07,0.93,0.94,0.01,0.01,75649.53,1776739478000
1776739480.0,280.0,0.06,0.07,0.93,0.94,0.01,0.01,75649.53,1776739478000
1776739480.407,280.407,0.06,0.07,0.93,0.94,0.01,0.01,75649.49,1776739479000
1776739480.892,280.892,0.06,0.08,0.92,0.94,0.02,0.02,75649.49,1776739479000
1776739481.274,281.274,0.07,0.08,0.93,0.94,0.01,0.01,75649.49,1776739479000
1776739481.613,281.613,0.07,0.08,0.92,0.93,0.01,0.01,75649.26,1776739480000
1776739481.987,281.987,0.07,0.08,0.92,0.93,0.01,0.01,75649.26,1776739480000
1776739482.328,282.328,0.04,0.05,0.95,0.96,0.01,0.01,75649.26,1776739480000
1776739482.74,282.74,0.02,0.03,0.97,0.98,0.01,0.01,75650.24,1776739481000
1776739483.074,283.074,0.02,0.03,0.97,0.98,0.01,0.01,75650.24,1776739481000
1776739483.459,283.459,0.02,0.03,0.97,0.98,0.01,0.01,75650.24,1776739481000
1776739483.825,283.825,0.02,0.03,0.97,0.98,0.01,0.01,75651.33,1776739482000
1776739484.267,284.267,0.02,0.03,0.97,0.98,0.01,0.01,75651.33,1776739482000
1776739484.65,284.65,0.02,0.03,0.97,0.98,0.01,0.01,75651.33,1776739482000
1776739484.985,284.985,0.02,0.03,0.97,0.98,0.01,0.01,75629.97,1776739483000
1776739485.323,285.323,0.02,0.03,0.97,0.98,0.01,0.01,75629.97,1776739483000
1776739485.665,285.665,0.02,0.03,0.97,0.98,0.01,0.01,75629.97,1776739483000
1776739486.022,286.022,0.02,0.03,0.97,0.98,0.01,0.01,75626.48,1776739484000
1776739486.419,286.419,0.02,0.03,0.97,0.98,0.01,0.01,75626.48,1776739484000
1776739486.753,286.753,0.02,0.03,0.97,0.98,0.01,0.01,75626.48,1776739484000
1776739487.296,287.296,0.01,0.02,0.98,0.99,0.01,0.01,75625.71,1776739485000
1776739487.635,287.635,0.01,0.02,0.98,0.99,0.01,0.01,75625.71,1776739485000
1776739488.019,288.019,0.01,0.02,0.98,0.99,0.01,0.01,75625.71,1776739485000
1776739488.367,288.367,0.01,0.02,0.98,0.99,0.01,0.01,75625.44,1776739486000
1776739488.722,288.722,0.01,0.02,0.98,0.99,0.01,0.01,75625.44,1776739486000
1776739489.079,289.079,0.01,0.02,0.98,0.99,0.01,0.01,75625.34,1776739487000
1776739489.586,289.586,0.01,0.02,0.98,0.99,0.01,0.01,75625.34,1776739487000
1776739489.945,289.945,0.01,0.02,0.98,0.99,0.01,0.01,75625.34,1776739487000
1776739490.416,290.416,0.01,0.02,0.98,0.99,0.01,0.01,75625.34,1776739487000
1776739490.812,290.812,0.01,0.02,0.98,0.99,0.01,0.01,75627.41,1776739488000
1776739491.187,291.187,0.01,0.01,0.99,0.99,0.0,0.0,75628.69,1776739489000
1776739491.777,291.777,0.01,0.01,0.99,0.99,0.0,0.0,75628.69,1776739489000
1776739492.477,292.477,0.01,0.01,0.99,0.99,0.0,0.0,75627.31,1776739490000
1776739493.013,293.013,0.01,0.01,0.99,0.99,0.0,0.0,75627.31,1776739490000
1776739493.56,293.56,0.01,0.01,0.99,0.99,0.0,0.0,75627.27,1776739491000
1776739493.996,293.996,0.01,0.01,0.99,0.99,0.0,0.0,75627.25,1776739492000
1776739494.784,294.784,0.01,0.01,0.99,0.99,0.0,0.0,75627.25,1776739492000
1776739495.484,295.484,0.01,0.01,0.99,0.99,0.0,0.0,75627.15,1776739493000
1776739495.977,295.977,0.01,0.01,0.99,0.99,0.0,0.0,75627.02,1776739494000
1776739496.319,296.319,0.01,0.01,0.99,0.99,0.0,0.0,75627.02,1776739494000
1776739496.967,296.967,0.01,0.01,0.99,0.99,0.0,0.0,75627.02,1776739494000
1776739497.414,297.414,0.01,0.01,0.99,0.99,0.0,0.0,75626.96,1776739495000
1776739497.781,297.781,0.01,0.01,0.99,0.99,0.0,0.0,75626.96,1776739496000
1776739498.688,298.688,0.01,0.01,0.99,0.99,0.0,0.0,75626.9,1776739497000
1776739499.9,299.9,0.01,0.01,0.99,0.99,0.0,0.0,75626.9,1776739497000
1776739500.35,300.35,0.01,0.01,0.99,0.99,0.0,0.0,75630.03,1776739498000
1776739500.695,300.695,0.01,0.01,0.99,0.99,0.0,0.0,75629.82,1776739499000

# RESULT,winner=Down,slug=btc-updown-5m-1776739200,ticks=642
