timestamp,elapsed_sec,up_bid,up_ask,down_bid,down_ask,up_spread,down_spread,btc_price,btc_oracle_ts
1777046100.598,0.598,0.52,0.53,0.48,0.5,0.01,0.02,78018.44,1777046099000
1777046101.053,1.053,0.51,0.52,0.48,0.5,0.01,0.02,78018.44,1777046099000
1777046102.294,2.294,0.51,0.52,0.48,0.49,0.01,0.01,78018.93,1777046101000
1777046103.409,3.409,0.52,0.53,0.48,0.49,0.01,0.01,78018.93,1777046101000
1777046103.833,3.833,0.53,0.56,0.45,0.47,0.03,0.02,78027.55,1777046102000
1777046104.181,4.181,0.54,0.55,0.45,0.46,0.01,0.01,78027.55,1777046102000
1777046104.581,4.581,0.56,0.58,0.43,0.44,0.02,0.01,78034.76,1777046103000
1777046104.942,4.942,0.57,0.58,0.42,0.44,0.01,0.02,78034.76,1777046103000
1777046105.289,5.289,0.57,0.58,0.42,0.43,0.01,0.01,78035.44,1777046104000
1777046105.773,5.773,0.57,0.58,0.42,0.43,0.01,0.01,78035.44,1777046104000
1777046106.169,6.169,0.57,0.58,0.42,0.43,0.01,0.01,78035.32,1777046105000
1777046106.928,6.928,0.57,0.58,0.42,0.43,0.01,0.01,78035.32,1777046105000
1777046107.412,7.412,0.57,0.58,0.42,0.43,0.01,0.01,78035.35,1777046106000
1777046107.817,7.817,0.57,0.58,0.42,0.43,0.01,0.01,78035.35,1777046106000
1777046108.193,8.193,0.57,0.58,0.42,0.43,0.01,0.01,78035.38,1777046107000
1777046108.539,8.539,0.57,0.58,0.42,0.43,0.01,0.01,78035.38,1777046107000
1777046109.006,9.006,0.57,0.58,0.42,0.43,0.01,0.01,78035.38,1777046107000
1777046109.444,9.444,0.57,0.58,0.42,0.43,0.01,0.01,78034.83,1777046108000
1777046109.877,9.877,0.57,0.58,0.42,0.43,0.01,0.01,78034.83,1777046108000
1777046110.212,10.212,0.57,0.58,0.42,0.43,0.01,0.01,78034.83,1777046108000
1777046110.703,10.703,0.57,0.58,0.42,0.43,0.01,0.01,78035.55,1777046109000
1777046111.152,11.152,0.57,0.58,0.42,0.43,0.01,0.01,78035.55,1777046109000
1777046111.521,11.521,0.57,0.58,0.42,0.43,0.01,0.01,78034.55,1777046110000
1777046111.927,11.927,0.55,0.56,0.43,0.45,0.01,0.02,78034.55,1777046110000
1777046112.295,12.295,0.55,0.56,0.44,0.45,0.01,0.01,78034.55,1777046110000
1777046112.714,12.714,0.55,0.56,0.44,0.45,0.01,0.01,78033.18,1777046111000
1777046113.213,13.213,0.55,0.56,0.44,0.45,0.01,0.01,78033.18,1777046111000
1777046113.546,13.546,0.55,0.56,0.44,0.45,0.01,0.01,78031.28,1777046112000
1777046114.056,14.056,0.54,0.55,0.45,0.46,0.01,0.01,78031.28,1777046112000
1777046115.122,15.122,0.54,0.55,0.45,0.46,0.01,0.01,78031.33,1777046114000
1777046115.539,15.539,0.53,0.55,0.45,0.46,0.02,0.01,78031.33,1777046114000
1777046115.927,15.927,0.5,0.54,0.46,0.49,0.04,0.03,78031.33,1777046114000
1777046116.414,16.414,0.51,0.52,0.48,0.49,0.01,0.01,78031.33,1777046114000
1777046116.747,16.747,0.51,0.52,0.48,0.49,0.01,0.01,78023.34,1777046115000
1777046117.274,17.274,0.51,0.52,0.48,0.49,0.01,0.01,78022.94,1777046116000
1777046118.02,18.02,0.5,0.52,0.48,0.49,0.02,0.01,78022.94,1777046116000
1777046118.376,18.376,0.49,0.51,0.49,0.51,0.02,0.02,78021.63,1777046117000
1777046118.712,18.712,0.49,0.5,0.5,0.51,0.01,0.01,78021.63,1777046117000
1777046119.176,19.176,0.49,0.5,0.5,0.51,0.01,0.01,78021.47,1777046118000
1777046119.59,19.59,0.49,0.5,0.5,0.51,0.01,0.01,78021.47,1777046118000
1777046119.987,19.987,0.49,0.5,0.5,0.51,0.01,0.01,78021.47,1777046118000
1777046120.332,20.332,0.49,0.5,0.5,0.51,0.01,0.01,78015.21,1777046119000
1777046120.743,20.743,0.49,0.5,0.5,0.51,0.01,0.01,78015.21,1777046119000
1777046121.113,21.113,0.49,0.5,0.5,0.51,0.01,0.01,78016.14,1777046120000
1777046122.086,22.086,0.5,0.51,0.5,0.51,0.01,0.01,78016.14,1777046120000
1777046122.57,22.57,0.53,0.54,0.44,0.47,0.01,0.03,78016.34,1777046121000
1777046123.004,23.004,0.54,0.55,0.45,0.46,0.01,0.01,78016.34,1777046121000
1777046123.413,23.413,0.54,0.55,0.45,0.46,0.01,0.01,78020.82,1777046122000
1777046124.222,24.222,0.54,0.55,0.45,0.46,0.01,0.01,78028.03,1777046123000
1777046124.983,24.983,0.54,0.55,0.45,0.46,0.01,0.01,78028.03,1777046123000
1777046125.359,25.359,0.54,0.55,0.45,0.46,0.01,0.01,78028.03,1777046123000
1777046125.958,25.958,0.54,0.55,0.45,0.46,0.01,0.01,78028.94,1777046124000
1777046126.455,26.455,0.54,0.55,0.45,0.46,0.01,0.01,78028.94,1777046124000
1777046127.038,27.038,0.54,0.55,0.45,0.46,0.01,0.01,78028.31,1777046126000
1777046127.966,27.966,0.54,0.56,0.45,0.46,0.02,0.01,78028.31,1777046126000
1777046128.321,28.321,0.56,0.57,0.41,0.44,0.01,0.03,78028.22,1777046127000
1777046128.901,28.901,0.57,0.59,0.43,0.44,0.02,0.01,78028.22,1777046127000
1777046129.236,29.236,0.58,0.6,0.4,0.42,0.02,0.02,78028.22,1777046127000
1777046129.588,29.588,0.58,0.6,0.41,0.42,0.02,0.01,78035.34,1777046128000
1777046130.035,30.035,0.59,0.6,0.4,0.41,0.01,0.01,78035.34,1777046128000
1777046130.374,30.374,0.59,0.61,0.39,0.41,0.02,0.02,78035.34,1777046128000
1777046130.71,30.71,0.61,0.62,0.38,0.4,0.01,0.02,78037.87,1777046129000
1777046131.129,31.129,0.61,0.62,0.38,0.39,0.01,0.01,78037.87,1777046129000
1777046131.728,31.728,0.61,0.62,0.38,0.39,0.01,0.01,78040.17,1777046130000
1777046132.149,32.149,0.61,0.63,0.38,0.39,0.02,0.01,78040.17,1777046130000
1777046132.957,32.957,0.61,0.62,0.38,0.39,0.01,0.01,78040.82,1777046131000
1777046133.314,33.314,0.61,0.62,0.38,0.39,0.01,0.01,78040.82,1777046131000
1777046134.154,34.154,0.61,0.63,0.38,0.39,0.02,0.01,78041.73,1777046132000
1777046134.488,34.488,0.65,0.66,0.34,0.35,0.01,0.01,78043.16,1777046133000
1777046134.852,34.852,0.64,0.68,0.32,0.36,0.04,0.04,78043.16,1777046133000
1777046135.209,35.209,0.71,0.74,0.26,0.28,0.03,0.02,78052.5,1777046134000
1777046135.547,35.547,0.72,0.73,0.27,0.28,0.01,0.01,78052.5,1777046134000
1777046135.935,35.935,0.73,0.74,0.26,0.27,0.01,0.01,78052.5,1777046134000
1777046136.271,36.271,0.73,0.74,0.26,0.27,0.01,0.01,78068.24,1777046135000
1777046136.636,36.636,0.73,0.74,0.26,0.27,0.01,0.01,78068.24,1777046135000
1777046137.095,37.095,0.73,0.74,0.26,0.27,0.01,0.01,78080.04,1777046136000
1777046137.59,37.59,0.73,0.74,0.26,0.27,0.01,0.01,78080.04,1777046136000
1777046138.158,38.158,0.73,0.74,0.26,0.27,0.01,0.01,78081.48,1777046137000
1777046138.527,38.527,0.73,0.74,0.26,0.27,0.01,0.01,78081.48,1777046137000
1777046138.897,38.897,0.72,0.73,0.27,0.3,0.01,0.03,78081.48,1777046137000
1777046139.247,39.247,0.7,0.73,0.27,0.3,0.03,0.03,78076.99,1777046138000
1777046139.614,39.614,0.71,0.72,0.28,0.29,0.01,0.01,78076.99,1777046138000
1777046140.011,40.011,0.71,0.72,0.28,0.29,0.01,0.01,78076.99,1777046138000
1777046140.353,40.353,0.71,0.72,0.28,0.29,0.01,0.01,78076.99,1777046138000
1777046140.753,40.753,0.7,0.71,0.29,0.3,0.01,0.01,78071.44,1777046139000
1777046141.292,41.292,0.69,0.71,0.29,0.3,0.02,0.01,78070.58,1777046140000
1777046141.644,41.644,0.69,0.7,0.3,0.31,0.01,0.01,78070.58,1777046140000
1777046141.984,41.984,0.69,0.7,0.3,0.31,0.01,0.01,78070.56,1777046141000
1777046143.078,43.078,0.69,0.7,0.3,0.31,0.01,0.01,78068.92,1777046142000
1777046143.681,43.681,0.69,0.7,0.3,0.31,0.01,0.01,78068.92,1777046142000
1777046144.057,44.057,0.69,0.7,0.3,0.31,0.01,0.01,78068.92,1777046142000
1777046144.594,44.594,0.69,0.7,0.3,0.31,0.01,0.01,78068.92,1777046142000
1777046145.159,45.159,0.69,0.7,0.3,0.31,0.01,0.01,78067.33,1777046143000
1777046145.529,45.529,0.69,0.7,0.3,0.31,0.01,0.01,78067.33,1777046144000
1777046145.892,45.892,0.66,0.69,0.3,0.34,0.03,0.04,78067.33,1777046144000
1777046146.251,46.251,0.66,0.67,0.33,0.34,0.01,0.01,78067.74,1777046145000
1777046146.629,46.629,0.66,0.67,0.33,0.34,0.01,0.01,78067.74,1777046145000
1777046147.016,47.016,0.66,0.67,0.33,0.35,0.01,0.02,78067.74,1777046145000
1777046147.367,47.367,0.65,0.66,0.33,0.35,0.01,0.02,78057.3,1777046146000
1777046147.92,47.92,0.65,0.66,0.34,0.35,0.01,0.01,78057.3,1777046146000
1777046148.263,48.263,0.64,0.66,0.34,0.35,0.02,0.01,78055.29,1777046147000
1777046148.773,48.773,0.64,0.65,0.34,0.36,0.01,0.02,78055.29,1777046147000
1777046149.282,49.282,0.64,0.65,0.35,0.36,0.01,0.01,78054.74,1777046148000
1777046149.69,49.69,0.64,0.65,0.35,0.36,0.01,0.01,78054.74,1777046148000
1777046150.061,50.061,0.64,0.65,0.35,0.36,0.01,0.01,78054.74,1777046148000
1777046150.487,50.487,0.64,0.65,0.35,0.36,0.01,0.01,78053.53,1777046149000
1777046151.312,51.312,0.64,0.65,0.35,0.36,0.01,0.01,78053.52,1777046150000
1777046151.662,51.662,0.64,0.65,0.35,0.36,0.01,0.01,78053.52,1777046150000
1777046152.0,52.0,0.63,0.64,0.36,0.37,0.01,0.01,78053.52,1777046150000
1777046152.821,52.821,0.63,0.64,0.36,0.37,0.01,0.01,78053.04,1777046151000
1777046153.261,53.261,0.63,0.64,0.36,0.37,0.01,0.01,78049.37,1777046152000
1777046154.312,54.312,0.63,0.64,0.36,0.37,0.01,0.01,78049.34,1777046153000
1777046154.852,54.852,0.63,0.64,0.36,0.37,0.01,0.01,78049.34,1777046153000
1777046155.217,55.217,0.63,0.64,0.36,0.37,0.01,0.01,78049.34,1777046153000
1777046155.75,55.75,0.63,0.64,0.36,0.37,0.01,0.01,78049.64,1777046154000
1777046156.237,56.237,0.63,0.64,0.36,0.37,0.01,0.01,78049.64,1777046155000
1777046156.702,56.702,0.63,0.64,0.36,0.37,0.01,0.01,78049.64,1777046155000
1777046157.04,57.04,0.61,0.62,0.37,0.39,0.01,0.02,78049.64,1777046155000
1777046157.378,57.378,0.59,0.6,0.38,0.41,0.01,0.03,78049.64,1777046155000
1777046157.723,57.723,0.59,0.6,0.4,0.41,0.01,0.01,78049.49,1777046156000
1777046158.234,58.234,0.59,0.6,0.4,0.41,0.01,0.01,78049.49,1777046156000
1777046158.585,58.585,0.59,0.6,0.4,0.41,0.01,0.01,78049.14,1777046157000
1777046159.106,59.106,0.59,0.6,0.4,0.41,0.01,0.01,78042.1,1777046158000
1777046159.59,59.59,0.59,0.6,0.4,0.41,0.01,0.01,78042.1,1777046158000
1777046160.188,60.188,0.58,0.6,0.4,0.42,0.02,0.02,78041.95,1777046159000
1777046161.131,61.131,0.58,0.6,0.4,0.42,0.02,0.02,78042.07,1777046160000
1777046162.206,62.206,0.58,0.6,0.4,0.42,0.02,0.02,78039.27,1777046161000
1777046162.577,62.577,0.58,0.59,0.4,0.42,0.01,0.02,78039.27,1777046161000
1777046162.916,62.916,0.52,0.59,0.41,0.48,0.07,0.07,78039.27,1777046161000
1777046163.263,63.263,0.57,0.58,0.42,0.43,0.01,0.01,78028.64,1777046162000
1777046163.727,63.727,0.52,0.53,0.44,0.48,0.01,0.04,78028.64,1777046162000
1777046164.067,64.067,0.52,0.53,0.47,0.48,0.01,0.01,78028.64,1777046162000
1777046164.415,64.415,0.52,0.53,0.47,0.48,0.01,0.01,78027.89,1777046163000
1777046164.922,64.922,0.53,0.54,0.46,0.47,0.01,0.01,78027.89,1777046163000
1777046165.274,65.274,0.53,0.54,0.46,0.47,0.01,0.01,78027.89,1777046163000
1777046165.722,65.722,0.53,0.54,0.46,0.47,0.01,0.01,78029.74,1777046164000
1777046166.275,66.275,0.53,0.54,0.46,0.47,0.01,0.01,78029.55,1777046165000
1777046167.28,67.28,0.53,0.54,0.46,0.47,0.01,0.01,78029.15,1777046166000
1777046167.675,67.675,0.53,0.54,0.46,0.47,0.01,0.01,78029.15,1777046166000
1777046168.042,68.042,0.53,0.54,0.46,0.47,0.01,0.01,78029.15,1777046166000
1777046168.497,68.497,0.53,0.54,0.46,0.47,0.01,0.01,78028.58,1777046167000
1777046168.954,68.954,0.53,0.54,0.46,0.47,0.01,0.01,78028.58,1777046167000
1777046169.47,69.47,0.53,0.54,0.46,0.47,0.01,0.01,78028.18,1777046168000
1777046169.904,69.904,0.53,0.54,0.46,0.47,0.01,0.01,78028.18,1777046168000
1777046170.636,70.636,0.53,0.54,0.46,0.47,0.01,0.01,78028.18,1777046168000
1777046170.994,70.994,0.56,0.58,0.43,0.44,0.02,0.01,78026.64,1777046169000
1777046171.462,71.462,0.57,0.58,0.42,0.43,0.01,0.01,78026.45,1777046170000
1777046171.81,71.81,0.57,0.58,0.42,0.43,0.01,0.01,78026.45,1777046170000
1777046172.145,72.145,0.57,0.59,0.42,0.43,0.02,0.01,78029.52,1777046171000
1777046173.289,73.289,0.57,0.59,0.41,0.43,0.02,0.02,78033.9,1777046172000
1777046173.764,73.764,0.58,0.59,0.41,0.42,0.01,0.01,78033.9,1777046172000
1777046174.194,74.194,0.56,0.57,0.42,0.43,0.01,0.01,78033.9,1777046172000
1777046174.611,74.611,0.56,0.57,0.43,0.44,0.01,0.01,78033.62,1777046173000
1777046175.017,75.017,0.56,0.57,0.43,0.44,0.01,0.01,78033.62,1777046174000
1777046175.52,75.52,0.56,0.57,0.43,0.44,0.01,0.01,78033.62,1777046174000
1777046175.934,75.934,0.55,0.56,0.44,0.45,0.01,0.01,78033.62,1777046174000
1777046176.287,76.287,0.55,0.56,0.44,0.45,0.01,0.01,78030.48,1777046175000
1777046176.952,76.952,0.55,0.56,0.44,0.45,0.01,0.01,78030.48,1777046175000
1777046177.422,77.422,0.55,0.56,0.44,0.45,0.01,0.01,78029.3,1777046176000
1777046177.892,77.892,0.55,0.56,0.44,0.45,0.01,0.01,78029.41,1777046177000
1777046178.231,78.231,0.55,0.56,0.44,0.45,0.01,0.01,78029.41,1777046177000
1777046179.038,79.038,0.55,0.56,0.44,0.45,0.01,0.01,78029.41,1777046177000
1777046179.432,79.432,0.55,0.56,0.44,0.45,0.01,0.01,78029.63,1777046178000
1777046180.057,80.057,0.54,0.55,0.44,0.45,0.01,0.01,78029.63,1777046178000
1777046180.477,80.477,0.53,0.55,0.45,0.46,0.02,0.01,78027.87,1777046179000
1777046181.391,81.391,0.51,0.53,0.47,0.48,0.02,0.01,78027.87,1777046179000
1777046181.734,81.734,0.5,0.51,0.49,0.5,0.01,0.01,78027.04,1777046180000
1777046182.086,82.086,0.46,0.48,0.52,0.54,0.02,0.02,78027.04,1777046181000
1777046182.62,82.62,0.46,0.48,0.52,0.54,0.02,0.02,78027.04,1777046181000
1777046182.996,82.996,0.46,0.47,0.53,0.54,0.01,0.01,78020.15,1777046182000
1777046183.357,83.357,0.46,0.47,0.53,0.54,0.01,0.01,78020.15,1777046182000
1777046183.699,83.699,0.46,0.47,0.53,0.54,0.01,0.01,78020.15,1777046182000
1777046184.279,84.279,0.46,0.47,0.53,0.54,0.01,0.01,78020.15,1777046182000
1777046184.84,84.84,0.46,0.47,0.53,0.54,0.01,0.01,78009.58,1777046183000
1777046185.18,85.18,0.47,0.48,0.52,0.53,0.01,0.01,78007.66,1777046184000
1777046185.654,85.654,0.47,0.48,0.52,0.53,0.01,0.01,78007.66,1777046184000
1777046186.163,86.163,0.47,0.48,0.52,0.53,0.01,0.01,78007.66,1777046184000
1777046186.702,86.702,0.47,0.48,0.52,0.53,0.01,0.01,78011.43,1777046185000
1777046187.13,87.13,0.47,0.48,0.52,0.53,0.01,0.01,78011.43,1777046185000
1777046187.978,87.978,0.47,0.48,0.52,0.53,0.01,0.01,78011.07,1777046186000
1777046188.374,88.374,0.47,0.48,0.52,0.53,0.01,0.01,78011.07,1777046187000
1777046188.93,88.93,0.47,0.48,0.52,0.53,0.01,0.01,78011.13,1777046188000
1777046189.306,89.306,0.47,0.48,0.52,0.53,0.01,0.01,78011.13,1777046188000
1777046189.685,89.685,0.47,0.48,0.52,0.53,0.01,0.01,78011.13,1777046188000
1777046191.022,91.022,0.47,0.48,0.52,0.53,0.01,0.01,78010.99,1777046190000
1777046191.669,91.669,0.47,0.48,0.52,0.53,0.01,0.01,78010.99,1777046190000
1777046192.047,92.047,0.45,0.48,0.52,0.54,0.03,0.02,78010.99,1777046190000
1777046192.401,92.401,0.45,0.46,0.54,0.55,0.01,0.01,78007.0,1777046191000
1777046192.897,92.897,0.45,0.46,0.54,0.55,0.01,0.01,78007.0,1777046191000
1777046193.256,93.256,0.47,0.48,0.52,0.53,0.01,0.01,78008.3,1777046192000
1777046193.62,93.62,0.47,0.48,0.51,0.53,0.01,0.02,78008.3,1777046192000
1777046194.047,94.047,0.47,0.48,0.52,0.53,0.01,0.01,78008.3,1777046192000
1777046194.409,94.409,0.47,0.48,0.52,0.53,0.01,0.01,78010.78,1777046193000
1777046194.778,94.778,0.47,0.48,0.52,0.53,0.01,0.01,78010.78,1777046193000
1777046195.245,95.245,0.47,0.48,0.52,0.53,0.01,0.01,78015.94,1777046194000
1777046196.234,96.234,0.47,0.48,0.52,0.53,0.01,0.01,78015.89,1777046195000
1777046197.257,97.257,0.47,0.48,0.52,0.53,0.01,0.01,78023.56,1777046196000
1777046197.722,97.722,0.47,0.49,0.52,0.53,0.02,0.01,78023.56,1777046196000
1777046198.086,98.086,0.54,0.55,0.44,0.46,0.01,0.02,78023.56,1777046196000
1777046198.423,98.423,0.54,0.55,0.45,0.46,0.01,0.01,78025.62,1777046197000
1777046198.777,98.777,0.54,0.55,0.45,0.46,0.01,0.01,78025.62,1777046197000
1777046199.194,99.194,0.54,0.55,0.45,0.46,0.01,0.01,78025.62,1777046197000
1777046199.568,99.568,0.54,0.55,0.45,0.46,0.01,0.01,78024.57,1777046198000
1777046200.043,100.043,0.54,0.55,0.45,0.46,0.01,0.01,78024.57,1777046198000
1777046200.929,100.929,0.54,0.55,0.45,0.46,0.01,0.01,78024.57,1777046199000
1777046202.139,102.139,0.52,0.55,0.45,0.48,0.03,0.03,78024.6,1777046201000
1777046202.503,102.503,0.52,0.53,0.45,0.48,0.01,0.03,78024.6,1777046201000
1777046202.892,102.892,0.52,0.54,0.46,0.48,0.02,0.02,78024.6,1777046201000
1777046203.237,103.237,0.52,0.54,0.46,0.48,0.02,0.02,78024.25,1777046202000
1777046203.732,103.732,0.52,0.54,0.47,0.48,0.02,0.01,78024.25,1777046202000
1777046204.077,104.077,0.58,0.59,0.41,0.43,0.01,0.02,78024.25,1777046202000
1777046204.513,104.513,0.58,0.59,0.41,0.42,0.01,0.01,78025.18,1777046203000
1777046205.055,105.055,0.57,0.58,0.42,0.43,0.01,0.01,78025.18,1777046203000
1777046205.397,105.397,0.56,0.57,0.43,0.44,0.01,0.01,78029.31,1777046204000
1777046205.785,105.785,0.56,0.57,0.43,0.44,0.01,0.01,78029.31,1777046204000
1777046206.358,106.358,0.56,0.57,0.43,0.44,0.01,0.01,78032.64,1777046205000
1777046206.718,106.718,0.55,0.57,0.43,0.44,0.02,0.01,78032.64,1777046205000
1777046207.144,107.144,0.54,0.55,0.45,0.46,0.01,0.01,78032.64,1777046205000
1777046207.507,107.507,0.51,0.55,0.45,0.49,0.04,0.04,78033.52,1777046206000
1777046208.539,108.539,0.51,0.55,0.45,0.49,0.04,0.04,78028.7,1777046207000
1777046208.873,108.873,0.45,0.46,0.54,0.55,0.01,0.01,78028.7,1777046207000
1777046209.268,109.268,0.45,0.46,0.54,0.55,0.01,0.01,78021.0,1777046208000
1777046209.624,109.624,0.45,0.46,0.54,0.55,0.01,0.01,78021.0,1777046208000
1777046210.45,110.45,0.45,0.46,0.54,0.55,0.01,0.01,78021.0,1777046208000
1777046210.935,110.935,0.45,0.46,0.54,0.55,0.01,0.01,78021.0,1777046208000
1777046211.452,111.452,0.43,0.44,0.54,0.55,0.01,0.01,78021.0,1777046208000
1777046211.922,111.922,0.43,0.44,0.56,0.57,0.01,0.01,78021.0,1777046208000
1777046212.574,112.574,0.43,0.44,0.56,0.57,0.01,0.01,78021.0,1777046208000
1777046212.936,112.936,0.43,0.44,0.56,0.57,0.01,0.01,78021.0,1777046208000
1777046213.696,113.696,0.43,0.44,0.56,0.57,0.01,0.01,78021.0,1777046208000
1777046214.145,114.145,0.43,0.44,0.56,0.57,0.01,0.01,78021.0,1777046208000
1777046214.63,114.63,0.43,0.44,0.56,0.57,0.01,0.01,78021.0,1777046208000
1777046215.31,115.31,0.42,0.43,0.57,0.58,0.01,0.01,78021.0,1777046208000
1777046215.728,115.728,0.42,0.43,0.57,0.58,0.01,0.01,78021.0,1777046208000
1777046216.162,116.162,0.42,0.43,0.57,0.58,0.01,0.01,78021.0,1777046208000
1777046216.663,116.663,0.42,0.43,0.57,0.58,0.01,0.01,78021.0,1777046208000
1777046217.402,117.402,0.42,0.43,0.57,0.58,0.01,0.01,78008.04,1777046216000
1777046217.849,117.849,0.42,0.43,0.57,0.58,0.01,0.01,78008.04,1777046216000
1777046218.219,118.219,0.42,0.43,0.57,0.58,0.01,0.01,78008.04,1777046216000
1777046218.724,118.724,0.41,0.42,0.58,0.59,0.01,0.01,78005.92,1777046217000
1777046219.472,119.472,0.41,0.42,0.58,0.59,0.01,0.01,78005.89,1777046218000
1777046219.988,119.988,0.4,0.42,0.58,0.6,0.02,0.02,78004.51,1777046219000
1777046220.335,120.335,0.4,0.42,0.58,0.6,0.02,0.02,78004.51,1777046219000
1777046220.686,120.686,0.4,0.42,0.58,0.6,0.02,0.02,78004.51,1777046219000
1777046221.025,121.025,0.4,0.42,0.58,0.6,0.02,0.02,78004.51,1777046219000
1777046222.22,122.22,0.37,0.39,0.61,0.63,0.02,0.02,77995.4,1777046221000
1777046222.564,122.564,0.37,0.38,0.62,0.63,0.01,0.01,77995.4,1777046221000
1777046222.911,122.911,0.34,0.38,0.62,0.66,0.04,0.04,77995.4,1777046221000
1777046223.245,123.245,0.37,0.38,0.62,0.63,0.01,0.01,77995.4,1777046221000
1777046223.633,123.633,0.39,0.4,0.6,0.61,0.01,0.01,77989.8,1777046222000
1777046224.01,124.01,0.39,0.4,0.6,0.61,0.01,0.01,77989.8,1777046222000
1777046224.361,124.361,0.39,0.4,0.6,0.61,0.01,0.01,77997.03,1777046223000
1777046224.734,124.734,0.39,0.4,0.6,0.61,0.01,0.01,77997.03,1777046223000
1777046225.075,125.075,0.39,0.4,0.6,0.61,0.01,0.01,77997.03,1777046223000
1777046225.453,125.453,0.39,0.4,0.6,0.61,0.01,0.01,77997.03,1777046223000
1777046225.94,125.94,0.39,0.4,0.6,0.61,0.01,0.01,77999.77,1777046225000
1777046226.489,126.489,0.4,0.41,0.59,0.61,0.01,0.02,77999.77,1777046225000
1777046226.968,126.968,0.4,0.41,0.59,0.6,0.01,0.01,77999.77,1777046225000
1777046227.366,127.366,0.41,0.42,0.58,0.6,0.01,0.02,77999.77,1777046225000
1777046227.821,127.821,0.41,0.42,0.58,0.59,0.01,0.01,77999.77,1777046226000
1777046228.184,128.184,0.41,0.42,0.58,0.59,0.01,0.01,77999.78,1777046227000
1777046228.788,128.788,0.41,0.42,0.58,0.59,0.01,0.01,77999.78,1777046227000
1777046229.397,129.397,0.4,0.41,0.58,0.6,0.01,0.02,77999.86,1777046228000
1777046230.113,130.113,0.4,0.41,0.59,0.6,0.01,0.01,77999.87,1777046229000
1777046231.314,131.314,0.4,0.41,0.59,0.6,0.01,0.01,77999.86,1777046230000
1777046231.734,131.734,0.4,0.41,0.59,0.6,0.01,0.01,77999.86,1777046230000
1777046232.343,132.343,0.4,0.41,0.59,0.6,0.01,0.01,77999.69,1777046231000
1777046232.836,132.836,0.4,0.41,0.59,0.6,0.01,0.01,77999.69,1777046231000
1777046233.235,133.235,0.4,0.41,0.59,0.6,0.01,0.01,77999.69,1777046231000
1777046233.829,133.829,0.4,0.41,0.59,0.6,0.01,0.01,77999.63,1777046232000
1777046234.311,134.311,0.4,0.41,0.59,0.6,0.01,0.01,77999.63,1777046232000
1777046234.654,134.654,0.43,0.46,0.54,0.57,0.03,0.03,78000.52,1777046233000
1777046235.046,135.046,0.46,0.47,0.53,0.55,0.01,0.02,78000.52,1777046233000
1777046235.387,135.387,0.46,0.47,0.53,0.54,0.01,0.01,78000.16,1777046234000
1777046235.755,135.755,0.46,0.47,0.53,0.54,0.01,0.01,78000.16,1777046234000
1777046236.229,136.229,0.46,0.47,0.53,0.54,0.01,0.01,78000.16,1777046234000
1777046237.381,137.381,0.46,0.47,0.53,0.54,0.01,0.01,78012.8,1777046236000
1777046237.832,137.832,0.46,0.47,0.53,0.54,0.01,0.01,78012.8,1777046236000
1777046238.47,138.47,0.46,0.47,0.53,0.54,0.01,0.01,78012.8,1777046236000
1777046239.051,139.051,0.46,0.47,0.53,0.54,0.01,0.01,78012.8,1777046238000
1777046239.469,139.469,0.46,0.47,0.53,0.54,0.01,0.01,78012.8,1777046238000
1777046239.861,139.861,0.46,0.47,0.53,0.54,0.01,0.01,78012.8,1777046238000
1777046240.356,140.356,0.46,0.47,0.53,0.54,0.01,0.01,78012.98,1777046239000
1777046240.842,140.842,0.47,0.48,0.52,0.53,0.01,0.01,78012.98,1777046239000
1777046241.195,141.195,0.47,0.48,0.52,0.53,0.01,0.01,78012.98,1777046239000
1777046241.669,141.669,0.47,0.48,0.52,0.53,0.01,0.01,78012.98,1777046240000
1777046242.492,142.492,0.47,0.48,0.52,0.53,0.01,0.01,78012.99,1777046241000
1777046242.987,142.987,0.47,0.48,0.52,0.53,0.01,0.01,78012.99,1777046241000
1777046243.397,143.397,0.47,0.48,0.52,0.53,0.01,0.01,78012.91,1777046242000
1777046244.604,144.604,0.47,0.48,0.52,0.53,0.01,0.01,78012.91,1777046242000
1777046244.949,144.949,0.53,0.54,0.46,0.47,0.01,0.01,78019.4,1777046243000
1777046245.322,145.322,0.57,0.59,0.41,0.43,0.02,0.02,78019.4,1777046243000
1777046245.841,145.841,0.58,0.59,0.41,0.42,0.01,0.01,78032.38,1777046244000
1777046246.181,146.181,0.58,0.61,0.4,0.42,0.03,0.02,78032.38,1777046244000
1777046246.537,146.537,0.63,0.65,0.35,0.37,0.02,0.02,78034.19,1777046245000
1777046247.079,147.079,0.64,0.66,0.34,0.36,0.02,0.02,78034.19,1777046245000
1777046247.417,147.417,0.65,0.66,0.34,0.35,0.01,0.01,78034.19,1777046245000
1777046247.783,147.783,0.66,0.68,0.32,0.34,0.02,0.02,78038.2,1777046246000
1777046248.334,148.334,0.66,0.68,0.32,0.34,0.02,0.02,78038.2,1777046246000
1777046248.676,148.676,0.67,0.68,0.32,0.33,0.01,0.01,78041.05,1777046247000
1777046249.101,149.101,0.67,0.68,0.32,0.33,0.01,0.01,78041.05,1777046247000
1777046249.45,149.45,0.67,0.68,0.32,0.33,0.01,0.01,78045.82,1777046248000
1777046250.16,150.16,0.66,0.68,0.32,0.34,0.02,0.02,78049.29,1777046249000
1777046250.857,150.857,0.67,0.69,0.31,0.32,0.02,0.01,78049.29,1777046249000
1777046251.198,151.198,0.67,0.68,0.32,0.33,0.01,0.01,78049.29,1777046249000
1777046251.546,151.546,0.66,0.67,0.33,0.34,0.01,0.01,78049.85,1777046250000
1777046251.925,151.925,0.66,0.67,0.33,0.34,0.01,0.01,78049.85,1777046250000
1777046252.38,152.38,0.66,0.67,0.33,0.34,0.01,0.01,78048.73,1777046251000
1777046252.768,152.768,0.65,0.66,0.34,0.35,0.01,0.01,78048.73,1777046251000
1777046253.266,153.266,0.65,0.66,0.34,0.35,0.01,0.01,78048.73,1777046251000
1777046254.011,154.011,0.65,0.66,0.34,0.35,0.01,0.01,78046.81,1777046252000
1777046255.306,155.306,0.65,0.66,0.34,0.35,0.01,0.01,78046.81,1777046253000
1777046255.773,155.773,0.65,0.66,0.34,0.35,0.01,0.01,78044.9,1777046254000
1777046256.155,156.155,0.65,0.66,0.34,0.35,0.01,0.01,78044.9,1777046255000
1777046256.527,156.527,0.65,0.66,0.34,0.35,0.01,0.01,78044.9,1777046255000
1777046257.041,157.041,0.67,0.68,0.32,0.33,0.01,0.01,78044.9,1777046255000
1777046257.409,157.409,0.67,0.69,0.32,0.33,0.02,0.01,78047.09,1777046256000
1777046257.764,157.764,0.68,0.69,0.31,0.32,0.01,0.01,78047.09,1777046256000
1777046258.229,158.229,0.68,0.69,0.31,0.32,0.01,0.01,78047.09,1777046256000
1777046258.675,158.675,0.69,0.7,0.3,0.31,0.01,0.01,78047.09,1777046256000
1777046259.039,159.039,0.69,0.7,0.3,0.31,0.01,0.01,78051.72,1777046257000
1777046259.501,159.501,0.69,0.7,0.3,0.31,0.01,0.01,78051.72,1777046257000
1777046260.207,160.207,0.69,0.7,0.3,0.31,0.01,0.01,78052.15,1777046259000
1777046261.414,161.414,0.69,0.7,0.3,0.31,0.01,0.01,78052.15,1777046259000
1777046261.82,161.82,0.68,0.7,0.3,0.32,0.02,0.02,78052.46,1777046260000
1777046262.308,162.308,0.68,0.69,0.31,0.32,0.01,0.01,78052.01,1777046261000
1777046262.77,162.77,0.68,0.69,0.3,0.32,0.01,0.02,78052.01,1777046261000
1777046263.123,163.123,0.68,0.69,0.31,0.32,0.01,0.01,78050.49,1777046262000
1777046264.117,164.117,0.68,0.69,0.31,0.32,0.01,0.01,78050.66,1777046263000
1777046264.514,164.514,0.68,0.69,0.31,0.32,0.01,0.01,78050.66,1777046263000
1777046264.952,164.952,0.68,0.69,0.31,0.32,0.01,0.01,78050.66,1777046263000
1777046265.926,165.926,0.68,0.69,0.31,0.32,0.01,0.01,78050.79,1777046264000
1777046266.34,166.34,0.68,0.69,0.31,0.32,0.01,0.01,78050.26,1777046265000
1777046266.722,166.722,0.68,0.71,0.29,0.32,0.03,0.03,78050.26,1777046265000
1777046267.146,167.146,0.7,0.71,0.29,0.3,0.01,0.01,78050.26,1777046265000
1777046267.491,167.491,0.7,0.71,0.29,0.3,0.01,0.01,78050.23,1777046266000
1777046267.906,167.906,0.7,0.71,0.29,0.3,0.01,0.01,78050.31,1777046267000
1777046268.304,168.304,0.7,0.71,0.29,0.3,0.01,0.01,78050.31,1777046267000
1777046268.732,168.732,0.7,0.71,0.29,0.3,0.01,0.01,78050.31,1777046267000
1777046269.137,169.137,0.7,0.71,0.29,0.3,0.01,0.01,78053.5,1777046268000
1777046269.608,169.608,0.69,0.71,0.29,0.3,0.02,0.01,78053.5,1777046268000
1777046270.022,170.022,0.68,0.71,0.29,0.32,0.03,0.03,78053.74,1777046269000
1777046270.444,170.444,0.68,0.69,0.31,0.32,0.01,0.01,78053.74,1777046269000
1777046270.803,170.803,0.67,0.69,0.31,0.32,0.02,0.01,78053.74,1777046269000
1777046271.977,171.977,0.68,0.69,0.31,0.34,0.01,0.03,78047.6,1777046270000
1777046272.677,172.677,0.66,0.68,0.31,0.32,0.02,0.01,78046.35,1777046271000
1777046273.119,173.119,0.68,0.69,0.3,0.32,0.01,0.02,78046.35,1777046271000
1777046273.485,173.485,0.68,0.69,0.31,0.32,0.01,0.01,78046.35,1777046271000
1777046274.272,174.272,0.67,0.69,0.31,0.32,0.02,0.01,78045.47,1777046272000
1777046274.783,174.783,0.58,0.59,0.41,0.42,0.01,0.01,78045.47,1777046273000
1777046275.214,175.214,0.58,0.59,0.41,0.42,0.01,0.01,78045.47,1777046273000
1777046275.602,175.602,0.58,0.59,0.41,0.42,0.01,0.01,78045.1,1777046274000
1777046275.952,175.952,0.58,0.59,0.41,0.42,0.01,0.01,78045.1,1777046274000
1777046276.875,176.875,0.58,0.59,0.41,0.42,0.01,0.01,78039.94,1777046275000
1777046277.711,177.711,0.59,0.6,0.4,0.42,0.01,0.02,78037.94,1777046276000
1777046278.773,178.773,0.58,0.6,0.4,0.42,0.02,0.02,78035.28,1777046277000
1777046279.219,179.219,0.58,0.6,0.41,0.42,0.02,0.01,78035.28,1777046277000
1777046279.612,179.612,0.59,0.6,0.4,0.41,0.01,0.01,78034.32,1777046278000
1777046280.368,180.368,0.6,0.61,0.4,0.41,0.01,0.01,78034.32,1777046278000
1777046280.817,180.817,0.6,0.61,0.39,0.4,0.01,0.01,78031.56,1777046279000
1777046281.151,181.151,0.59,0.61,0.39,0.41,0.02,0.02,78032.49,1777046280000
1777046281.886,181.886,0.59,0.6,0.39,0.41,0.01,0.02,78032.49,1777046280000
1777046282.335,182.335,0.59,0.6,0.4,0.41,0.01,0.01,78033.49,1777046281000
1777046282.96,182.96,0.59,0.6,0.4,0.41,0.01,0.01,78033.49,1777046281000
1777046283.528,183.528,0.59,0.6,0.4,0.41,0.01,0.01,78033.04,1777046282000
1777046283.915,183.915,0.59,0.6,0.4,0.41,0.01,0.01,78033.04,1777046282000
1777046284.258,184.258,0.59,0.6,0.4,0.41,0.01,0.01,78032.87,1777046283000
1777046284.694,184.694,0.57,0.59,0.41,0.42,0.02,0.01,78032.87,1777046283000
1777046285.082,185.082,0.57,0.58,0.42,0.43,0.01,0.01,78032.87,1777046283000
1777046285.446,185.446,0.57,0.58,0.42,0.43,0.01,0.01,78033.68,1777046284000
1777046285.974,185.974,0.58,0.59,0.42,0.43,0.01,0.01,78033.68,1777046284000
1777046286.536,186.536,0.58,0.59,0.41,0.42,0.01,0.01,78032.57,1777046285000
1777046287.159,187.159,0.58,0.59,0.41,0.42,0.01,0.01,78032.57,1777046286000
1777046288.271,188.271,0.58,0.59,0.41,0.42,0.01,0.01,78033.44,1777046287000
1777046289.341,189.341,0.58,0.62,0.41,0.42,0.04,0.01,78033.44,1777046287000
1777046289.699,189.699,0.61,0.66,0.34,0.39,0.05,0.05,78037.8,1777046288000
1777046290.063,190.063,0.66,0.71,0.33,0.35,0.05,0.02,78037.8,1777046288000
1777046290.493,190.493,0.69,0.71,0.29,0.31,0.02,0.02,78041.9,1777046289000
1777046290.862,190.862,0.7,0.71,0.29,0.3,0.01,0.01,78041.9,1777046289000
1777046291.224,191.224,0.7,0.71,0.29,0.3,0.01,0.01,78041.9,1777046289000
1777046291.565,191.565,0.7,0.72,0.29,0.3,0.02,0.01,78041.9,1777046289000
1777046291.985,191.985,0.7,0.71,0.29,0.3,0.01,0.01,78044.95,1777046290000
1777046292.354,192.354,0.7,0.71,0.29,0.3,0.01,0.01,78047.42,1777046291000
1777046292.696,192.696,0.72,0.73,0.27,0.29,0.01,0.02,78047.42,1777046291000
1777046293.041,193.041,0.72,0.73,0.27,0.28,0.01,0.01,78047.42,1777046291000
1777046293.379,193.379,0.72,0.73,0.27,0.28,0.01,0.01,78047.42,1777046291000
1777046293.749,193.749,0.72,0.73,0.27,0.28,0.01,0.01,78047.48,1777046292000
1777046294.363,194.363,0.72,0.73,0.26,0.28,0.01,0.02,78047.48,1777046292000
1777046294.789,194.789,0.73,0.74,0.27,0.28,0.01,0.01,78047.57,1777046293000
1777046295.199,195.199,0.73,0.75,0.26,0.27,0.02,0.01,78047.57,1777046293000
1777046295.694,195.694,0.75,0.77,0.22,0.26,0.02,0.04,78049.2,1777046294000
1777046296.071,196.071,0.77,0.78,0.22,0.23,0.01,0.01,78049.2,1777046294000
1777046296.427,196.427,0.8,0.81,0.19,0.2,0.01,0.01,78049.2,1777046294000
1777046296.808,196.808,0.79,0.8,0.2,0.21,0.01,0.01,78049.35,1777046295000
1777046297.152,197.152,0.79,0.81,0.2,0.21,0.02,0.01,78049.35,1777046295000
1777046297.64,197.64,0.8,0.81,0.19,0.2,0.01,0.01,78053.0,1777046296000
1777046297.993,197.993,0.79,0.8,0.2,0.21,0.01,0.01,78053.0,1777046296000
1777046298.367,198.367,0.8,0.81,0.19,0.2,0.01,0.01,78059.63,1777046297000
1777046298.71,198.71,0.8,0.81,0.19,0.2,0.01,0.01,78059.63,1777046297000
1777046299.154,199.154,0.8,0.81,0.19,0.2,0.01,0.01,78059.63,1777046297000
1777046299.627,199.627,0.81,0.82,0.18,0.19,0.01,0.01,78059.63,1777046297000
1777046300.369,200.369,0.81,0.82,0.18,0.19,0.01,0.01,78061.55,1777046298000
1777046300.788,200.788,0.81,0.82,0.18,0.19,0.01,0.01,78061.55,1777046298000
1777046301.147,201.147,0.81,0.82,0.18,0.19,0.01,0.01,78062.27,1777046299000
1777046301.664,201.664,0.81,0.82,0.18,0.19,0.01,0.01,78062.36,1777046300000
1777046302.116,202.116,0.81,0.82,0.18,0.19,0.01,0.01,78062.36,1777046300000
1777046302.536,202.536,0.82,0.83,0.17,0.18,0.01,0.01,78061.7,1777046301000
1777046302.912,202.912,0.83,0.84,0.16,0.18,0.01,0.02,78061.7,1777046301000
1777046303.326,203.326,0.83,0.84,0.16,0.17,0.01,0.01,78061.69,1777046302000
1777046303.832,203.832,0.83,0.84,0.16,0.17,0.01,0.01,78061.69,1777046302000
1777046304.259,204.259,0.83,0.84,0.16,0.17,0.01,0.01,78061.69,1777046302000
1777046304.718,204.718,0.82,0.83,0.17,0.18,0.01,0.01,78061.69,1777046302000
1777046305.053,205.053,0.82,0.83,0.17,0.18,0.01,0.01,78063.46,1777046303000
1777046305.667,205.667,0.82,0.83,0.17,0.18,0.01,0.01,78063.43,1777046304000
1777046306.312,206.312,0.82,0.83,0.17,0.18,0.01,0.01,78063.43,1777046304000
1777046306.739,206.739,0.76,0.77,0.23,0.24,0.01,0.01,78062.51,1777046305000
1777046307.083,207.083,0.78,0.79,0.21,0.22,0.01,0.01,78062.33,1777046306000
1777046307.754,207.754,0.79,0.8,0.2,0.22,0.01,0.02,78062.33,1777046306000
1777046308.216,208.216,0.8,0.81,0.19,0.2,0.01,0.01,78062.33,1777046306000
1777046308.959,208.959,0.81,0.82,0.19,0.2,0.01,0.01,78062.33,1777046306000
1777046309.392,209.392,0.81,0.82,0.18,0.19,0.01,0.01,78057.67,1777046308000
1777046309.77,209.77,0.8,0.81,0.18,0.2,0.01,0.02,78057.67,1777046308000
1777046310.114,210.114,0.8,0.81,0.19,0.2,0.01,0.01,78057.67,1777046308000
1777046310.581,210.581,0.79,0.8,0.2,0.21,0.01,0.01,78057.67,1777046308000
1777046310.918,210.918,0.79,0.8,0.2,0.21,0.01,0.01,78057.67,1777046308000
1777046311.276,211.276,0.79,0.8,0.2,0.21,0.01,0.01,78057.67,1777046308000
1777046311.796,211.796,0.79,0.8,0.2,0.21,0.01,0.01,78059.79,1777046310000
1777046312.251,212.251,0.78,0.79,0.2,0.21,0.01,0.01,78059.79,1777046310000
1777046312.609,212.609,0.78,0.79,0.21,0.22,0.01,0.01,78059.79,1777046311000
1777046312.969,212.969,0.77,0.78,0.22,0.23,0.01,0.01,78059.79,1777046311000
1777046313.402,213.402,0.76,0.77,0.23,0.24,0.01,0.01,78059.79,1777046311000
1777046314.021,214.021,0.72,0.74,0.23,0.28,0.02,0.05,78058.05,1777046312000
1777046314.404,214.404,0.69,0.71,0.29,0.31,0.02,0.02,78058.05,1777046312000
1777046314.78,214.78,0.67,0.71,0.32,0.33,0.04,0.01,78058.04,1777046313000
1777046315.118,215.118,0.7,0.71,0.29,0.3,0.01,0.01,78058.04,1777046313000
1777046315.505,215.505,0.7,0.72,0.28,0.3,0.02,0.02,78057.14,1777046314000
1777046316.207,216.207,0.74,0.75,0.25,0.26,0.01,0.01,78057.14,1777046314000
1777046316.693,216.693,0.74,0.77,0.25,0.26,0.03,0.01,78057.14,1777046314000
1777046317.465,217.465,0.76,0.81,0.19,0.24,0.05,0.05,78052.44,1777046316000
1777046317.803,217.803,0.8,0.83,0.17,0.2,0.03,0.03,78052.44,1777046316000
1777046318.153,218.153,0.81,0.82,0.18,0.19,0.01,0.01,78052.44,1777046316000
1777046318.64,218.64,0.81,0.82,0.18,0.19,0.01,0.01,78054.06,1777046317000
1777046319.177,219.177,0.82,0.83,0.18,0.19,0.01,0.01,78054.06,1777046317000
1777046319.542,219.542,0.82,0.83,0.17,0.18,0.01,0.01,78054.06,1777046317000
1777046319.876,219.876,0.82,0.84,0.16,0.18,0.02,0.02,78059.98,1777046318000
1777046320.255,220.255,0.84,0.85,0.16,0.17,0.01,0.01,78059.98,1777046318000
1777046320.604,220.604,0.84,0.85,0.15,0.16,0.01,0.01,78059.98,1777046318000
1777046320.956,220.956,0.84,0.85,0.15,0.16,0.01,0.01,78060.39,1777046319000
1777046321.394,221.394,0.84,0.85,0.15,0.16,0.01,0.01,78061.55,1777046320000
1777046321.816,221.816,0.84,0.85,0.15,0.16,0.01,0.01,78061.55,1777046320000
1777046322.271,222.271,0.84,0.85,0.15,0.16,0.01,0.01,78061.65,1777046321000
1777046322.813,222.813,0.84,0.85,0.15,0.16,0.01,0.01,78061.65,1777046321000
1777046323.243,223.243,0.84,0.85,0.15,0.16,0.01,0.01,78061.65,1777046321000
1777046323.712,223.712,0.84,0.85,0.15,0.16,0.01,0.01,78061.93,1777046322000
1777046324.205,224.205,0.84,0.85,0.15,0.16,0.01,0.01,78061.93,1777046322000
1777046324.773,224.773,0.84,0.85,0.15,0.16,0.01,0.01,78062.4,1777046323000
1777046325.192,225.192,0.84,0.85,0.15,0.16,0.01,0.01,78062.04,1777046324000
1777046325.656,225.656,0.83,0.84,0.16,0.17,0.01,0.01,78062.04,1777046324000
1777046326.095,226.095,0.79,0.8,0.2,0.21,0.01,0.01,78062.04,1777046324000
1777046326.49,226.49,0.79,0.8,0.21,0.22,0.01,0.01,78062.04,1777046324000
1777046326.91,226.91,0.8,0.81,0.19,0.2,0.01,0.01,78060.66,1777046325000
1777046327.282,227.282,0.81,0.82,0.18,0.19,0.01,0.01,78060.66,1777046325000
1777046328.053,228.053,0.82,0.83,0.17,0.19,0.01,0.02,78058.51,1777046326000
1777046328.404,228.404,0.82,0.83,0.17,0.18,0.01,0.01,78056.42,1777046327000
1777046328.854,228.854,0.82,0.84,0.16,0.18,0.02,0.02,78056.42,1777046327000
1777046329.387,229.387,0.83,0.84,0.16,0.17,0.01,0.01,78056.42,1777046327000
1777046330.033,230.033,0.83,0.84,0.16,0.17,0.01,0.01,78059.23,1777046328000
1777046330.497,230.497,0.83,0.84,0.16,0.17,0.01,0.01,78060.07,1777046329000
1777046331.08,231.08,0.83,0.84,0.16,0.17,0.01,0.01,78060.07,1777046329000
1777046331.7,231.7,0.82,0.84,0.16,0.17,0.02,0.01,78061.09,1777046330000
1777046332.066,232.066,0.81,0.82,0.18,0.19,0.01,0.01,78061.09,1777046330000
1777046332.522,232.522,0.81,0.82,0.18,0.19,0.01,0.01,78061.09,1777046330000
1777046332.896,232.896,0.83,0.84,0.17,0.19,0.01,0.02,78061.07,1777046331000
1777046333.284,233.284,0.83,0.84,0.16,0.17,0.01,0.01,78060.03,1777046332000
1777046333.637,233.637,0.82,0.83,0.17,0.18,0.01,0.01,78060.03,1777046332000
1777046334.0,234.0,0.82,0.83,0.17,0.18,0.01,0.01,78060.03,1777046332000
1777046334.378,234.378,0.84,0.85,0.15,0.16,0.01,0.01,78059.19,1777046333000
1777046334.733,234.733,0.84,0.86,0.15,0.16,0.02,0.01,78059.19,1777046333000
1777046335.143,235.143,0.86,0.87,0.13,0.15,0.01,0.02,78059.19,1777046333000
1777046335.48,235.48,0.86,0.87,0.13,0.14,0.01,0.01,78059.19,1777046333000
1777046335.9,235.9,0.86,0.87,0.13,0.14,0.01,0.01,78059.07,1777046334000
1777046336.303,236.303,0.86,0.87,0.13,0.14,0.01,0.01,78059.07,1777046335000
1777046336.64,236.64,0.86,0.88,0.13,0.14,0.02,0.01,78059.07,1777046335000
1777046337.117,237.117,0.87,0.88,0.12,0.13,0.01,0.01,78059.07,1777046335000
1777046337.507,237.507,0.87,0.89,0.12,0.13,0.02,0.01,78059.07,1777046335000
1777046337.851,237.851,0.88,0.89,0.11,0.12,0.01,0.01,78062.42,1777046336000
1777046338.215,238.215,0.88,0.89,0.11,0.12,0.01,0.01,78063.72,1777046337000
1777046338.719,238.719,0.89,0.9,0.1,0.11,0.01,0.01,78063.72,1777046337000
1777046339.089,239.089,0.88,0.89,0.11,0.12,0.01,0.01,78063.72,1777046337000
1777046339.486,239.486,0.88,0.89,0.11,0.12,0.01,0.01,78062.56,1777046338000
1777046339.825,239.825,0.88,0.89,0.11,0.12,0.01,0.01,78062.56,1777046338000
1777046340.334,240.334,0.88,0.89,0.11,0.12,0.01,0.01,78064.33,1777046339000
1777046340.895,240.895,0.88,0.89,0.11,0.12,0.01,0.01,78066.18,1777046340000
1777046341.322,241.322,0.89,0.9,0.1,0.11,0.01,0.01,78066.18,1777046340000
1777046341.881,241.881,0.89,0.9,0.1,0.11,0.01,0.01,78066.18,1777046340000
1777046342.26,242.26,0.88,0.89,0.11,0.12,0.01,0.01,78066.18,1777046340000
1777046342.904,242.904,0.88,0.89,0.11,0.12,0.01,0.01,78065.92,1777046341000
1777046343.284,243.284,0.88,0.89,0.11,0.12,0.01,0.01,78065.91,1777046342000
1777046343.655,243.655,0.89,0.9,0.11,0.12,0.01,0.01,78065.91,1777046342000
1777046344.036,244.036,0.89,0.9,0.1,0.11,0.01,0.01,78065.91,1777046342000
1777046344.424,244.424,0.89,0.9,0.1,0.11,0.01,0.01,78066.58,1777046343000
1777046344.905,244.905,0.88,0.9,0.1,0.11,0.02,0.01,78066.58,1777046343000
1777046345.25,245.25,0.78,0.79,0.2,0.24,0.01,0.04,78065.4,1777046344000
1777046345.589,245.589,0.74,0.75,0.25,0.26,0.01,0.01,78065.4,1777046344000
1777046345.926,245.926,0.74,0.75,0.25,0.26,0.01,0.01,78065.4,1777046344000
1777046346.276,246.276,0.74,0.75,0.25,0.26,0.01,0.01,78062.79,1777046345000
1777046346.644,246.644,0.74,0.75,0.25,0.26,0.01,0.01,78062.79,1777046345000
1777046346.98,246.98,0.71,0.72,0.28,0.29,0.01,0.01,78062.79,1777046345000
1777046347.369,247.369,0.72,0.74,0.26,0.28,0.02,0.02,78051.41,1777046346000
1777046347.976,247.976,0.73,0.75,0.25,0.27,0.02,0.02,78050.97,1777046347000
1777046348.325,248.325,0.74,0.75,0.25,0.26,0.01,0.01,78050.97,1777046347000
1777046348.728,248.728,0.75,0.76,0.25,0.26,0.01,0.01,78050.97,1777046347000
1777046349.068,249.068,0.75,0.76,0.24,0.25,0.01,0.01,78048.09,1777046348000
1777046349.644,249.644,0.75,0.78,0.24,0.25,0.03,0.01,78048.09,1777046348000
1777046350.016,250.016,0.77,0.78,0.22,0.23,0.01,0.01,78047.55,1777046349000
1777046350.489,250.489,0.77,0.78,0.22,0.23,0.01,0.01,78047.55,1777046349000
1777046351.051,251.051,0.78,0.79,0.21,0.23,0.01,0.02,78047.55,1777046349000
1777046351.627,251.627,0.78,0.79,0.21,0.22,0.01,0.01,78046.48,1777046350000
1777046352.066,252.066,0.78,0.79,0.21,0.22,0.01,0.01,78046.48,1777046350000
1777046352.56,252.56,0.78,0.79,0.21,0.22,0.01,0.01,78045.58,1777046351000
1777046352.918,252.918,0.77,0.79,0.21,0.22,0.02,0.01,78045.58,1777046351000
1777046353.293,253.293,0.72,0.76,0.24,0.28,0.04,0.04,78046.76,1777046352000
1777046353.628,253.628,0.73,0.74,0.26,0.27,0.01,0.01,78046.76,1777046352000
1777046354.108,254.108,0.75,0.76,0.24,0.27,0.01,0.03,78046.76,1777046352000
1777046354.483,254.483,0.77,0.78,0.22,0.23,0.01,0.01,78045.59,1777046353000
1777046354.857,254.857,0.77,0.78,0.22,0.23,0.01,0.01,78045.59,1777046353000
1777046355.422,255.422,0.77,0.79,0.21,0.23,0.02,0.02,78043.48,1777046354000
1777046356.11,256.11,0.79,0.8,0.2,0.22,0.01,0.02,78043.48,1777046354000
1777046356.449,256.449,0.8,0.81,0.19,0.2,0.01,0.01,78043.51,1777046355000
1777046356.807,256.807,0.8,0.81,0.19,0.2,0.01,0.01,78043.51,1777046355000
1777046357.214,257.214,0.79,0.8,0.19,0.21,0.01,0.02,78043.94,1777046356000
1777046357.802,257.802,0.79,0.8,0.2,0.21,0.01,0.01,78043.94,1777046356000
1777046358.167,258.167,0.79,0.8,0.2,0.21,0.01,0.01,78043.51,1777046357000
1777046358.876,258.876,0.79,0.8,0.2,0.21,0.01,0.01,78043.51,1777046357000
1777046359.457,259.457,0.79,0.8,0.2,0.21,0.01,0.01,78043.51,1777046357000
1777046360.014,260.014,0.8,0.81,0.2,0.21,0.01,0.01,78043.37,1777046358000
1777046360.539,260.539,0.8,0.81,0.19,0.2,0.01,0.01,78042.91,1777046359000
1777046360.953,260.953,0.81,0.82,0.18,0.2,0.01,0.02,78042.91,1777046359000
1777046361.353,261.353,0.81,0.82,0.18,0.19,0.01,0.01,78042.91,1777046360000
1777046361.936,261.936,0.82,0.83,0.17,0.18,0.01,0.01,78042.91,1777046360000
1777046362.34,262.34,0.82,0.85,0.17,0.18,0.03,0.01,78042.91,1777046361000
1777046362.729,262.729,0.84,0.85,0.15,0.16,0.01,0.01,78042.91,1777046361000
1777046363.101,263.101,0.84,0.85,0.15,0.16,0.01,0.01,78042.91,1777046362000
1777046363.441,263.441,0.83,0.85,0.16,0.17,0.02,0.01,78042.91,1777046362000
1777046363.875,263.875,0.83,0.84,0.16,0.17,0.01,0.01,78042.91,1777046362000
1777046364.328,264.328,0.84,0.85,0.15,0.16,0.01,0.01,78043.89,1777046363000
1777046364.709,264.709,0.84,0.85,0.15,0.16,0.01,0.01,78043.89,1777046363000
1777046365.162,265.162,0.88,0.89,0.11,0.12,0.01,0.01,78043.89,1777046363000
1777046365.547,265.547,0.88,0.9,0.1,0.12,0.02,0.02,78043.87,1777046364000
1777046366.083,266.083,0.89,0.9,0.1,0.11,0.01,0.01,78044.7,1777046365000
1777046366.547,266.547,0.89,0.9,0.1,0.11,0.01,0.01,78044.7,1777046365000
1777046366.88,266.88,0.89,0.9,0.1,0.11,0.01,0.01,78044.7,1777046365000
1777046367.335,267.335,0.89,0.9,0.1,0.11,0.01,0.01,78051.36,1777046366000
1777046367.735,267.735,0.89,0.9,0.1,0.11,0.01,0.01,78051.36,1777046366000
1777046368.099,268.099,0.89,0.9,0.1,0.11,0.01,0.01,78051.36,1777046366000
1777046368.877,268.877,0.89,0.9,0.1,0.11,0.01,0.01,78053.17,1777046367000
1777046369.307,269.307,0.9,0.91,0.09,0.11,0.01,0.02,78053.17,1777046368000
1777046369.663,269.663,0.9,0.91,0.09,0.1,0.01,0.01,78053.17,1777046368000
1777046370.011,270.011,0.91,0.92,0.08,0.09,0.01,0.01,78053.17,1777046368000
1777046370.394,270.394,0.91,0.92,0.08,0.09,0.01,0.01,78053.09,1777046369000
1777046370.783,270.783,0.93,0.94,0.06,0.07,0.01,0.01,78053.09,1777046369000
1777046371.21,271.21,0.93,0.94,0.06,0.07,0.01,0.01,78053.09,1777046369000
1777046371.549,271.549,0.94,0.95,0.05,0.06,0.01,0.01,78053.17,1777046370000
1777046371.983,271.983,0.94,0.95,0.05,0.06,0.01,0.01,78053.17,1777046370000
1777046372.321,272.321,0.94,0.95,0.05,0.06,0.01,0.01,78053.17,1777046370000
1777046372.654,272.654,0.94,0.95,0.05,0.06,0.01,0.01,78060.13,1777046371000
1777046372.998,272.998,0.94,0.95,0.05,0.06,0.01,0.01,78060.13,1777046371000
1777046373.478,273.478,0.95,0.96,0.04,0.05,0.01,0.01,78060.13,1777046372000
1777046373.89,273.89,0.95,0.96,0.04,0.05,0.01,0.01,78060.13,1777046372000
1777046374.236,274.236,0.95,0.96,0.04,0.05,0.01,0.01,78060.13,1777046372000
1777046374.601,274.601,0.95,0.97,0.04,0.05,0.02,0.01,78060.13,1777046372000
1777046375.079,275.079,0.96,0.97,0.03,0.04,0.01,0.01,78064.53,1777046373000
1777046375.537,275.537,0.96,0.97,0.03,0.04,0.01,0.01,78065.48,1777046374000
1777046375.875,275.875,0.96,0.97,0.03,0.04,0.01,0.01,78065.48,1777046374000
1777046376.378,276.378,0.96,0.97,0.03,0.04,0.01,0.01,78065.68,1777046375000
1777046376.785,276.785,0.97,0.98,0.02,0.03,0.01,0.01,78065.68,1777046375000
1777046377.131,277.131,0.97,0.98,0.02,0.03,0.01,0.01,78065.51,1777046376000
1777046377.475,277.475,0.97,0.98,0.02,0.03,0.01,0.01,78065.51,1777046376000
1777046377.828,277.828,0.97,0.98,0.02,0.03,0.01,0.01,78065.51,1777046376000
1777046378.315,278.315,0.97,0.98,0.02,0.03,0.01,0.01,78065.51,1777046377000
1777046378.731,278.731,0.97,0.98,0.02,0.03,0.01,0.01,78065.51,1777046377000
1777046379.081,279.081,0.97,0.98,0.02,0.03,0.01,0.01,78069.2,1777046378000
1777046379.436,279.436,0.98,0.99,0.01,0.02,0.01,0.01,78069.2,1777046378000
1777046379.814,279.814,0.98,0.99,0.01,0.02,0.01,0.01,78069.2,1777046378000
1777046380.159,280.159,0.98,0.99,0.01,0.02,0.01,0.01,78070.03,1777046379000
1777046380.499,280.499,0.98,0.99,0.01,0.02,0.01,0.01,78070.03,1777046379000
1777046380.851,280.851,0.98,0.99,0.01,0.02,0.01,0.01,78070.03,1777046379000
1777046381.236,281.236,0.98,0.99,0.01,0.02,0.01,0.01,78068.7,1777046380000
1777046381.617,281.617,0.98,0.99,0.01,0.02,0.01,0.01,78068.7,1777046380000
1777046381.961,281.961,0.98,0.99,0.01,0.02,0.01,0.01,78068.7,1777046380000
1777046382.557,282.557,0.98,0.99,0.01,0.02,0.01,0.01,78070.55,1777046381000
1777046383.0,283.0,0.98,0.99,0.01,0.02,0.01,0.01,78070.55,1777046381000
1777046383.368,283.368,0.98,0.99,0.01,0.02,0.01,0.01,78069.81,1777046382000
1777046383.769,283.769,0.98,0.99,0.01,0.02,0.01,0.01,78069.81,1777046382000
1777046384.114,284.114,0.98,0.99,0.01,0.02,0.01,0.01,78069.81,1777046382000
1777046384.462,284.462,0.98,0.99,0.01,0.02,0.01,0.01,78068.48,1777046383000
1777046384.823,284.823,0.98,0.99,0.01,0.02,0.01,0.01,78068.48,1777046383000
1777046385.179,285.179,0.98,0.99,0.01,0.02,0.01,0.01,78068.48,1777046383000
1777046385.579,285.579,0.98,0.99,0.01,0.02,0.01,0.01,78066.47,1777046384000
1777046385.918,285.918,0.98,0.99,0.01,0.02,0.01,0.01,78066.47,1777046384000
1777046386.283,286.283,0.98,0.99,0.01,0.02,0.01,0.01,78066.47,1777046384000
1777046386.655,286.655,0.99,0.99,0.01,0.02,0.0,0.01,78067.51,1777046385000
1777046387.031,287.031,0.99,0.99,0.01,0.01,0.0,0.0,78067.51,1777046385000
1777046387.369,287.369,0.99,0.99,0.01,0.01,0.0,0.0,78067.51,1777046385000
1777046387.811,287.811,0.99,0.99,0.01,0.01,0.0,0.0,78067.51,1777046386000
1777046388.382,288.382,0.99,0.99,0.01,0.01,0.0,0.0,78068.47,1777046387000
1777046388.913,288.913,0.99,0.99,0.01,0.01,0.0,0.0,78068.47,1777046387000
1777046389.271,289.271,0.99,0.99,0.01,0.01,0.0,0.0,78068.47,1777046387000
1777046390.413,290.413,0.99,0.99,0.01,0.01,0.0,0.0,78070.03,1777046389000
1777046391.058,291.058,0.99,0.99,0.01,0.01,0.0,0.0,78070.03,1777046389000
1777046391.537,291.537,0.99,0.99,0.01,0.01,0.0,0.0,78070.3,1777046390000
1777046391.982,291.982,0.99,0.99,0.01,0.01,0.0,0.0,78072.06,1777046391000
1777046392.493,292.493,0.99,0.99,0.01,0.01,0.0,0.0,78072.06,1777046391000
1777046392.928,292.928,0.99,0.99,0.01,0.01,0.0,0.0,78072.06,1777046391000
1777046394.01,294.01,0.99,0.99,0.01,0.01,0.0,0.0,78076.62,1777046393000
1777046395.168,295.168,0.99,0.99,0.01,0.01,0.0,0.0,78076.62,1777046393000
1777046395.722,295.722,0.99,0.99,0.01,0.01,0.0,0.0,78077.16,1777046394000
1777046396.226,296.226,0.99,0.99,0.01,0.01,0.0,0.0,78075.99,1777046395000
1777046397.22,297.22,0.99,0.99,0.01,0.01,0.0,0.0,78067.43,1777046396000
1777046398.26,298.26,0.99,0.99,0.01,0.01,0.0,0.0,78065.08,1777046397000
1777046399.299,299.299,0.99,0.99,0.01,0.01,0.0,0.0,78064.31,1777046398000
1777046399.85,299.85,0.99,0.99,0.01,0.01,0.0,0.0,78064.31,1777046398000
1777046400.322,300.322,0.99,0.99,0.01,0.01,0.0,0.0,78065.3,1777046399000
1777046400.983,300.983,0.99,0.99,0.01,0.01,0.0,0.0,78065.3,1777046399000
1777046402.243,302.243,0.99,0.99,0.01,0.01,0.0,0.0,78066.74,1777046401000

# RESULT,winner=Up,slug=btc-updown-5m-1777046100,ticks=625
