timestamp,elapsed_sec,up_bid,up_ask,down_bid,down_ask,up_spread,down_spread,btc_price,btc_oracle_ts
1777336500.571,0.571,0.52,0.53,0.47,0.48,0.01,0.01,77218.08,1777336498000
1777336500.955,0.955,0.53,0.54,0.46,0.48,0.01,0.02,77218.08,1777336498000
1777336501.354,1.354,0.53,0.54,0.46,0.47,0.01,0.01,77221.87,1777336500000
1777336501.755,1.755,0.54,0.55,0.45,0.46,0.01,0.01,77221.87,1777336500000
1777336502.184,2.184,0.54,0.55,0.45,0.46,0.01,0.01,77226.74,1777336501000
1777336502.577,2.577,0.54,0.55,0.45,0.46,0.01,0.01,77226.74,1777336501000
1777336502.946,2.946,0.54,0.55,0.45,0.46,0.01,0.01,77226.74,1777336501000
1777336503.461,3.461,0.55,0.56,0.44,0.45,0.01,0.01,77226.74,1777336501000
1777336503.851,3.851,0.58,0.59,0.44,0.45,0.01,0.01,77228.46,1777336502000
1777336504.186,4.186,0.58,0.59,0.41,0.42,0.01,0.01,77228.46,1777336502000
1777336504.706,4.706,0.62,0.63,0.37,0.39,0.01,0.02,77231.17,1777336503000
1777336505.071,5.071,0.62,0.63,0.37,0.38,0.01,0.01,77231.17,1777336503000
1777336505.406,5.406,0.62,0.63,0.37,0.38,0.01,0.01,77231.17,1777336503000
1777336505.749,5.749,0.62,0.63,0.37,0.38,0.01,0.01,77231.62,1777336504000
1777336506.107,6.107,0.62,0.63,0.37,0.38,0.01,0.01,77231.62,1777336504000
1777336506.537,6.537,0.62,0.63,0.36,0.38,0.01,0.02,77231.62,1777336504000
1777336506.906,6.906,0.63,0.64,0.36,0.37,0.01,0.01,77237.65,1777336505000
1777336507.239,7.239,0.63,0.64,0.36,0.37,0.01,0.01,77237.65,1777336505000
1777336507.585,7.585,0.63,0.64,0.36,0.37,0.01,0.01,77239.05,1777336506000
1777336508.046,8.046,0.64,0.65,0.35,0.37,0.01,0.02,77239.05,1777336506000
1777336508.496,8.496,0.64,0.65,0.35,0.36,0.01,0.01,77239.83,1777336507000
1777336508.951,8.951,0.64,0.65,0.35,0.36,0.01,0.01,77239.83,1777336507000
1777336509.318,9.318,0.64,0.65,0.35,0.36,0.01,0.01,77240.02,1777336508000
1777336509.663,9.663,0.61,0.63,0.37,0.38,0.02,0.01,77240.02,1777336508000
1777336510.017,10.017,0.59,0.62,0.38,0.39,0.03,0.01,77240.02,1777336508000
1777336510.376,10.376,0.59,0.62,0.38,0.41,0.03,0.03,77241.11,1777336509000
1777336510.943,10.943,0.59,0.6,0.4,0.41,0.01,0.01,77241.56,1777336510000
1777336511.653,11.653,0.59,0.6,0.4,0.41,0.01,0.01,77241.56,1777336510000
1777336512.067,12.067,0.59,0.6,0.4,0.41,0.01,0.01,77239.6,1777336511000
1777336512.502,12.502,0.59,0.6,0.4,0.41,0.01,0.01,77239.6,1777336511000
1777336513.038,13.038,0.59,0.6,0.4,0.41,0.01,0.01,77239.6,1777336511000
1777336513.476,13.476,0.57,0.58,0.42,0.43,0.01,0.01,77239.6,1777336511000
1777336514.091,14.091,0.57,0.58,0.42,0.43,0.01,0.01,77238.02,1777336513000
1777336514.547,14.547,0.57,0.58,0.42,0.43,0.01,0.01,77238.02,1777336513000
1777336514.943,14.943,0.57,0.58,0.42,0.43,0.01,0.01,77238.02,1777336513000
1777336515.281,15.281,0.57,0.58,0.42,0.43,0.01,0.01,77238.21,1777336514000
1777336515.999,15.999,0.57,0.58,0.42,0.43,0.01,0.01,77238.21,1777336514000
1777336516.375,16.375,0.57,0.58,0.42,0.43,0.01,0.01,77238.21,1777336514000
1777336516.976,16.976,0.58,0.59,0.41,0.42,0.01,0.01,77238.21,1777336514000
1777336517.324,17.324,0.58,0.59,0.41,0.42,0.01,0.01,77238.78,1777336515000
1777336517.836,17.836,0.58,0.59,0.41,0.42,0.01,0.01,77236.93,1777336516000
1777336518.172,18.172,0.58,0.59,0.41,0.42,0.01,0.01,77237.24,1777336517000
1777336518.588,18.588,0.58,0.59,0.41,0.42,0.01,0.01,77237.24,1777336517000
1777336518.992,18.992,0.58,0.59,0.41,0.42,0.01,0.01,77237.24,1777336517000
1777336519.713,19.713,0.55,0.58,0.41,0.42,0.03,0.01,77239.11,1777336518000
1777336520.249,20.249,0.55,0.56,0.44,0.45,0.01,0.01,77239.11,1777336518000
1777336520.651,20.651,0.55,0.56,0.44,0.45,0.01,0.01,77239.57,1777336519000
1777336521.007,21.007,0.55,0.56,0.44,0.45,0.01,0.01,77239.57,1777336519000
1777336521.634,21.634,0.55,0.56,0.44,0.45,0.01,0.01,77237.51,1777336520000
1777336521.999,21.999,0.55,0.56,0.44,0.45,0.01,0.01,77237.51,1777336520000
1777336522.343,22.343,0.55,0.56,0.44,0.45,0.01,0.01,77237.02,1777336521000
1777336522.724,22.724,0.55,0.56,0.44,0.45,0.01,0.01,77237.02,1777336521000
1777336523.109,23.109,0.55,0.56,0.44,0.45,0.01,0.01,77237.02,1777336521000
1777336523.516,23.516,0.55,0.56,0.44,0.45,0.01,0.01,77237.01,1777336522000
1777336523.931,23.931,0.56,0.57,0.43,0.44,0.01,0.01,77237.01,1777336522000
1777336524.312,24.312,0.56,0.57,0.43,0.44,0.01,0.01,77237.13,1777336523000
1777336524.689,24.689,0.56,0.57,0.43,0.44,0.01,0.01,77237.13,1777336523000
1777336525.104,25.104,0.56,0.57,0.43,0.44,0.01,0.01,77237.13,1777336523000
1777336525.473,25.473,0.56,0.57,0.43,0.44,0.01,0.01,77237.47,1777336524000
1777336525.891,25.891,0.56,0.57,0.43,0.44,0.01,0.01,77237.47,1777336524000
1777336526.505,26.505,0.56,0.58,0.42,0.44,0.02,0.02,77236.15,1777336525000
1777336526.916,26.916,0.57,0.58,0.42,0.44,0.01,0.02,77236.15,1777336525000
1777336527.393,27.393,0.57,0.58,0.42,0.43,0.01,0.01,77238.29,1777336526000
1777336527.759,27.759,0.57,0.58,0.42,0.43,0.01,0.01,77238.29,1777336526000
1777336528.317,28.317,0.57,0.58,0.42,0.43,0.01,0.01,77238.29,1777336527000
1777336528.795,28.795,0.57,0.58,0.42,0.43,0.01,0.01,77238.29,1777336527000
1777336529.457,29.457,0.57,0.58,0.42,0.43,0.01,0.01,77238.11,1777336528000
1777336530.498,30.498,0.57,0.58,0.42,0.43,0.01,0.01,77238.11,1777336528000
1777336531.151,31.151,0.57,0.58,0.42,0.43,0.01,0.01,77238.39,1777336529000
1777336531.502,31.502,0.57,0.58,0.42,0.43,0.01,0.01,77238.39,1777336529000
1777336531.938,31.938,0.57,0.58,0.42,0.43,0.01,0.01,77238.22,1777336530000
1777336532.424,32.424,0.57,0.58,0.42,0.43,0.01,0.01,77237.94,1777336531000
1777336532.761,32.761,0.57,0.58,0.42,0.43,0.01,0.01,77237.94,1777336531000
1777336533.1,33.1,0.56,0.58,0.42,0.43,0.02,0.01,77237.94,1777336531000
1777336533.994,33.994,0.56,0.57,0.43,0.44,0.01,0.01,77236.35,1777336533000
1777336534.356,34.356,0.56,0.57,0.43,0.44,0.01,0.01,77236.35,1777336533000
1777336534.766,34.766,0.56,0.57,0.43,0.44,0.01,0.01,77236.35,1777336533000
1777336535.166,35.166,0.56,0.57,0.43,0.44,0.01,0.01,77236.35,1777336533000
1777336535.896,35.896,0.56,0.57,0.43,0.44,0.01,0.01,77235.69,1777336534000
1777336536.437,36.437,0.56,0.57,0.43,0.44,0.01,0.01,77235.69,1777336534000
1777336537.513,37.513,0.56,0.57,0.43,0.44,0.01,0.01,77233.6,1777336535000
1777336537.852,37.852,0.55,0.57,0.43,0.44,0.02,0.01,77233.04,1777336536000
1777336538.232,38.232,0.55,0.56,0.44,0.45,0.01,0.01,77232.59,1777336537000
1777336538.599,38.599,0.55,0.57,0.44,0.45,0.02,0.01,77232.59,1777336537000
1777336538.951,38.951,0.61,0.63,0.38,0.39,0.02,0.01,77232.59,1777336537000
1777336539.424,39.424,0.63,0.64,0.36,0.37,0.01,0.01,77231.42,1777336538000
1777336539.793,39.793,0.64,0.65,0.35,0.36,0.01,0.01,77231.42,1777336538000
1777336540.212,40.212,0.64,0.65,0.35,0.36,0.01,0.01,77231.42,1777336538000
1777336540.773,40.773,0.64,0.65,0.35,0.36,0.01,0.01,77233.0,1777336539000
1777336541.21,41.21,0.64,0.65,0.35,0.36,0.01,0.01,77233.0,1777336539000
1777336541.847,41.847,0.64,0.65,0.35,0.36,0.01,0.01,77239.3,1777336540000
1777336542.723,42.723,0.65,0.66,0.34,0.35,0.01,0.01,77239.47,1777336541000
1777336543.117,43.117,0.65,0.66,0.34,0.35,0.01,0.01,77241.26,1777336542000
1777336543.493,43.493,0.65,0.66,0.34,0.35,0.01,0.01,77241.26,1777336542000
1777336543.861,43.861,0.65,0.66,0.34,0.35,0.01,0.01,77241.26,1777336542000
1777336544.243,44.243,0.65,0.66,0.34,0.35,0.01,0.01,77241.26,1777336542000
1777336545.029,45.029,0.65,0.67,0.34,0.35,0.02,0.01,77243.03,1777336543000
1777336545.512,45.512,0.66,0.67,0.33,0.34,0.01,0.01,77243.03,1777336543000
1777336545.878,45.878,0.66,0.68,0.33,0.34,0.02,0.01,77242.72,1777336544000
1777336546.226,46.226,0.67,0.68,0.32,0.33,0.01,0.01,77243.09,1777336545000
1777336546.888,46.888,0.67,0.68,0.32,0.33,0.01,0.01,77243.09,1777336545000
1777336547.313,47.313,0.69,0.7,0.3,0.31,0.01,0.01,77243.46,1777336546000
1777336547.848,47.848,0.73,0.74,0.26,0.27,0.01,0.01,77243.46,1777336546000
1777336548.213,48.213,0.73,0.74,0.26,0.27,0.01,0.01,77243.46,1777336547000
1777336548.584,48.584,0.73,0.74,0.26,0.27,0.01,0.01,77243.46,1777336547000
1777336548.949,48.949,0.73,0.74,0.26,0.27,0.01,0.01,77247.33,1777336548000
1777336549.584,49.584,0.73,0.74,0.26,0.27,0.01,0.01,77247.33,1777336548000
1777336550.029,50.029,0.73,0.74,0.26,0.27,0.01,0.01,77250.53,1777336549000
1777336550.542,50.542,0.73,0.74,0.26,0.27,0.01,0.01,77250.53,1777336549000
1777336550.959,50.959,0.73,0.74,0.26,0.27,0.01,0.01,77251.21,1777336550000
1777336551.817,51.817,0.73,0.74,0.26,0.27,0.01,0.01,77251.21,1777336550000
1777336552.469,52.469,0.73,0.74,0.26,0.27,0.01,0.01,77252.54,1777336551000
1777336552.901,52.901,0.7,0.71,0.26,0.31,0.01,0.05,77252.54,1777336551000
1777336553.264,53.264,0.7,0.71,0.29,0.3,0.01,0.01,77252.73,1777336552000
1777336553.603,53.603,0.67,0.68,0.32,0.33,0.01,0.01,77252.73,1777336552000
1777336553.937,53.937,0.66,0.67,0.33,0.34,0.01,0.01,77252.73,1777336552000
1777336554.386,54.386,0.65,0.66,0.34,0.35,0.01,0.01,77253.79,1777336553000
1777336554.726,54.726,0.64,0.65,0.35,0.36,0.01,0.01,77253.79,1777336553000
1777336555.059,55.059,0.61,0.63,0.37,0.39,0.02,0.02,77253.79,1777336553000
1777336555.397,55.397,0.62,0.63,0.37,0.38,0.01,0.01,77254.86,1777336554000
1777336555.771,55.771,0.61,0.62,0.38,0.39,0.01,0.01,77254.86,1777336554000
1777336556.111,56.111,0.59,0.61,0.39,0.41,0.02,0.02,77254.86,1777336554000
1777336556.502,56.502,0.59,0.6,0.4,0.41,0.01,0.01,77255.14,1777336555000
1777336556.848,56.848,0.58,0.59,0.41,0.43,0.01,0.02,77255.14,1777336555000
1777336557.194,57.194,0.57,0.59,0.41,0.44,0.02,0.03,77255.34,1777336556000
1777336557.629,57.629,0.59,0.6,0.4,0.41,0.01,0.01,77255.34,1777336556000
1777336557.962,57.962,0.59,0.6,0.4,0.41,0.01,0.01,77255.34,1777336556000
1777336558.333,58.333,0.59,0.6,0.4,0.41,0.01,0.01,77255.07,1777336557000
1777336558.776,58.776,0.58,0.59,0.41,0.42,0.01,0.01,77255.07,1777336557000
1777336559.242,59.242,0.57,0.58,0.41,0.43,0.01,0.02,77255.07,1777336557000
1777336559.679,59.679,0.58,0.6,0.42,0.43,0.02,0.01,77254.81,1777336558000
1777336560.14,60.14,0.58,0.59,0.4,0.42,0.01,0.02,77254.81,1777336558000
1777336560.479,60.479,0.59,0.6,0.4,0.41,0.01,0.01,77256.32,1777336559000
1777336560.854,60.854,0.6,0.61,0.39,0.4,0.01,0.01,77256.32,1777336559000
1777336561.228,61.228,0.61,0.62,0.38,0.4,0.01,0.02,77256.32,1777336559000
1777336561.719,61.719,0.61,0.62,0.38,0.39,0.01,0.01,77256.2,1777336560000
1777336562.07,62.07,0.61,0.62,0.38,0.39,0.01,0.01,77256.2,1777336560000
1777336562.431,62.431,0.61,0.62,0.38,0.39,0.01,0.01,77259.14,1777336561000
1777336563.036,63.036,0.61,0.62,0.38,0.39,0.01,0.01,77259.14,1777336561000
1777336563.386,63.386,0.61,0.62,0.38,0.39,0.01,0.01,77259.14,1777336561000
1777336563.755,63.755,0.61,0.62,0.38,0.39,0.01,0.01,77260.01,1777336562000
1777336564.14,64.14,0.61,0.62,0.38,0.39,0.01,0.01,77260.01,1777336562000
1777336564.51,64.51,0.61,0.62,0.38,0.39,0.01,0.01,77259.47,1777336563000
1777336564.865,64.865,0.61,0.62,0.38,0.39,0.01,0.01,77259.88,1777336564000
1777336565.248,65.248,0.61,0.62,0.38,0.39,0.01,0.01,77259.88,1777336564000
1777336565.63,65.63,0.61,0.62,0.38,0.39,0.01,0.01,77259.88,1777336564000
1777336565.986,65.986,0.61,0.62,0.38,0.39,0.01,0.01,77259.41,1777336565000
1777336566.323,66.323,0.61,0.62,0.38,0.39,0.01,0.01,77259.41,1777336565000
1777336566.708,66.708,0.6,0.62,0.38,0.39,0.02,0.01,77259.41,1777336565000
1777336567.062,67.062,0.6,0.61,0.39,0.4,0.01,0.01,77260.73,1777336566000
1777336567.418,67.418,0.6,0.61,0.39,0.4,0.01,0.01,77260.73,1777336566000
1777336567.777,67.777,0.6,0.61,0.39,0.4,0.01,0.01,77260.73,1777336566000
1777336568.437,68.437,0.6,0.61,0.39,0.4,0.01,0.01,77260.67,1777336567000
1777336568.801,68.801,0.6,0.61,0.39,0.4,0.01,0.01,77260.67,1777336567000
1777336569.139,69.139,0.6,0.61,0.39,0.4,0.01,0.01,77260.67,1777336567000
1777336569.534,69.534,0.6,0.61,0.39,0.4,0.01,0.01,77259.93,1777336568000
1777336569.872,69.872,0.6,0.61,0.39,0.4,0.01,0.01,77259.93,1777336568000
1777336570.233,70.233,0.6,0.61,0.39,0.4,0.01,0.01,77259.88,1777336569000
1777336570.614,70.614,0.6,0.61,0.39,0.4,0.01,0.01,77259.88,1777336569000
1777336570.988,70.988,0.6,0.61,0.39,0.4,0.01,0.01,77259.88,1777336569000
1777336571.406,71.406,0.6,0.62,0.39,0.4,0.02,0.01,77260.59,1777336570000
1777336571.768,71.768,0.63,0.64,0.36,0.37,0.01,0.01,77260.59,1777336570000
1777336572.11,72.11,0.64,0.65,0.35,0.36,0.01,0.01,77260.59,1777336570000
1777336572.518,72.518,0.64,0.65,0.35,0.36,0.01,0.01,77260.59,1777336570000
1777336572.914,72.914,0.64,0.65,0.35,0.36,0.01,0.01,77260.21,1777336571000
1777336573.256,73.256,0.65,0.66,0.34,0.36,0.01,0.02,77260.21,1777336571000
1777336573.673,73.673,0.65,0.66,0.34,0.35,0.01,0.01,77259.91,1777336572000
1777336574.139,74.139,0.65,0.66,0.34,0.35,0.01,0.01,77259.91,1777336572000
1777336574.56,74.56,0.65,0.67,0.34,0.35,0.02,0.01,77259.91,1777336572000
1777336574.956,74.956,0.69,0.7,0.3,0.31,0.01,0.01,77272.19,1777336573000
1777336575.297,75.297,0.69,0.7,0.3,0.31,0.01,0.01,77272.19,1777336573000
1777336575.661,75.661,0.69,0.7,0.3,0.31,0.01,0.01,77272.41,1777336574000
1777336576.24,76.24,0.69,0.7,0.3,0.31,0.01,0.01,77272.41,1777336574000
1777336576.748,76.748,0.69,0.7,0.3,0.31,0.01,0.01,77274.39,1777336575000
1777336577.143,77.143,0.69,0.7,0.3,0.31,0.01,0.01,77274.39,1777336576000
1777336577.481,77.481,0.69,0.7,0.3,0.31,0.01,0.01,77274.39,1777336576000
1777336577.947,77.947,0.69,0.7,0.3,0.31,0.01,0.01,77274.39,1777336576000
1777336578.461,78.461,0.69,0.7,0.3,0.31,0.01,0.01,77274.4,1777336577000
1777336578.881,78.881,0.69,0.7,0.3,0.31,0.01,0.01,77274.4,1777336577000
1777336579.232,79.232,0.69,0.7,0.3,0.31,0.01,0.01,77275.13,1777336578000
1777336579.568,79.568,0.69,0.7,0.3,0.31,0.01,0.01,77275.13,1777336578000
1777336579.911,79.911,0.69,0.7,0.3,0.31,0.01,0.01,77275.13,1777336578000
1777336580.252,80.252,0.69,0.7,0.3,0.31,0.01,0.01,77275.13,1777336578000
1777336580.643,80.643,0.69,0.7,0.3,0.31,0.01,0.01,77274.41,1777336579000
1777336581.094,81.094,0.7,0.71,0.29,0.3,0.01,0.01,77274.41,1777336579000
1777336581.43,81.43,0.7,0.71,0.29,0.3,0.01,0.01,77274.41,1777336579000
1777336581.855,81.855,0.74,0.75,0.25,0.26,0.01,0.01,77274.32,1777336580000
1777336582.222,82.222,0.75,0.77,0.24,0.25,0.02,0.01,77274.27,1777336581000
1777336582.644,82.644,0.76,0.77,0.23,0.24,0.01,0.01,77274.27,1777336581000
1777336583.042,83.042,0.76,0.77,0.23,0.24,0.01,0.01,77274.27,1777336581000
1777336583.396,83.396,0.76,0.77,0.23,0.24,0.01,0.01,77275.38,1777336582000
1777336583.789,83.789,0.76,0.77,0.23,0.24,0.01,0.01,77275.38,1777336582000
1777336584.208,84.208,0.76,0.77,0.23,0.24,0.01,0.01,77275.38,1777336582000
1777336584.561,84.561,0.76,0.77,0.23,0.24,0.01,0.01,77282.78,1777336583000
1777336584.918,84.918,0.78,0.79,0.21,0.22,0.01,0.01,77282.78,1777336583000
1777336585.265,85.265,0.78,0.79,0.21,0.22,0.01,0.01,77282.78,1777336583000
1777336585.756,85.756,0.79,0.8,0.2,0.21,0.01,0.01,77286.2,1777336584000
1777336586.131,86.131,0.79,0.8,0.2,0.21,0.01,0.01,77286.25,1777336585000
1777336586.629,86.629,0.78,0.8,0.2,0.21,0.02,0.01,77286.25,1777336585000
1777336587.043,87.043,0.78,0.79,0.21,0.22,0.01,0.01,77286.25,1777336585000
1777336587.57,87.57,0.77,0.79,0.21,0.22,0.02,0.01,77286.25,1777336585000
1777336587.949,87.949,0.77,0.79,0.21,0.23,0.02,0.02,77287.25,1777336586000
1777336588.296,88.296,0.78,0.79,0.21,0.22,0.01,0.01,77287.25,1777336586000
1777336588.783,88.783,0.78,0.79,0.21,0.22,0.01,0.01,77286.99,1777336587000
1777336589.273,89.273,0.78,0.79,0.21,0.22,0.01,0.01,77286.99,1777336587000
1777336589.822,89.822,0.78,0.79,0.21,0.22,0.01,0.01,77286.79,1777336588000
1777336590.256,90.256,0.78,0.79,0.21,0.22,0.01,0.01,77286.79,1777336588000
1777336590.607,90.607,0.78,0.79,0.21,0.22,0.01,0.01,77286.97,1777336589000
1777336590.973,90.973,0.78,0.8,0.2,0.21,0.02,0.01,77286.97,1777336589000
1777336591.639,91.639,0.78,0.8,0.2,0.22,0.02,0.02,77287.7,1777336590000
1777336592.212,92.212,0.77,0.79,0.21,0.22,0.02,0.01,77287.7,1777336590000
1777336592.652,92.652,0.77,0.78,0.22,0.23,0.01,0.01,77287.7,1777336590000
1777336593.011,93.011,0.77,0.78,0.22,0.23,0.01,0.01,77288.01,1777336591000
1777336593.469,93.469,0.78,0.79,0.21,0.22,0.01,0.01,77288.01,1777336592000
1777336593.866,93.866,0.78,0.79,0.21,0.22,0.01,0.01,77288.01,1777336592000
1777336594.255,94.255,0.78,0.79,0.21,0.22,0.01,0.01,77287.89,1777336593000
1777336594.649,94.649,0.75,0.76,0.21,0.27,0.01,0.06,77287.89,1777336593000
1777336595.021,95.021,0.75,0.76,0.24,0.25,0.01,0.01,77287.89,1777336593000
1777336595.362,95.362,0.75,0.77,0.24,0.25,0.02,0.01,77288.29,1777336594000
1777336595.721,95.721,0.77,0.78,0.22,0.24,0.01,0.02,77288.29,1777336594000
1777336596.09,96.09,0.77,0.78,0.22,0.23,0.01,0.01,77288.29,1777336594000
1777336596.516,96.516,0.75,0.76,0.24,0.25,0.01,0.01,77288.29,1777336594000
1777336597.354,97.354,0.76,0.77,0.23,0.25,0.01,0.02,77286.26,1777336595000
1777336597.711,97.711,0.76,0.77,0.23,0.24,0.01,0.01,77286.26,1777336596000
1777336598.15,98.15,0.76,0.77,0.23,0.24,0.01,0.01,77286.26,1777336597000
1777336598.633,98.633,0.76,0.77,0.23,0.24,0.01,0.01,77286.26,1777336597000
1777336598.967,98.967,0.74,0.77,0.23,0.24,0.03,0.01,77286.26,1777336597000
1777336599.32,99.32,0.74,0.75,0.23,0.26,0.01,0.03,77286.26,1777336597000
1777336599.728,99.728,0.74,0.75,0.25,0.26,0.01,0.01,77286.26,1777336597000
1777336600.098,100.098,0.74,0.75,0.25,0.26,0.01,0.01,77285.58,1777336598000
1777336600.493,100.493,0.75,0.77,0.24,0.26,0.02,0.02,77285.58,1777336598000
1777336601.17,101.17,0.76,0.77,0.23,0.24,0.01,0.01,77286.57,1777336600000
1777336601.721,101.721,0.73,0.74,0.23,0.3,0.01,0.07,77286.57,1777336600000
1777336602.087,102.087,0.73,0.74,0.26,0.27,0.01,0.01,77286.57,1777336600000
1777336602.636,102.636,0.73,0.74,0.26,0.27,0.01,0.01,77286.51,1777336601000
1777336602.996,102.996,0.66,0.67,0.32,0.34,0.01,0.02,77286.51,1777336601000
1777336603.404,103.404,0.66,0.67,0.33,0.34,0.01,0.01,77286.51,1777336601000
1777336603.778,103.778,0.66,0.67,0.33,0.34,0.01,0.01,77286.51,1777336602000
1777336604.127,104.127,0.66,0.67,0.33,0.34,0.01,0.01,77285.8,1777336603000
1777336604.713,104.713,0.66,0.67,0.33,0.34,0.01,0.01,77285.8,1777336603000
1777336605.058,105.058,0.66,0.67,0.33,0.34,0.01,0.01,77285.8,1777336603000
1777336605.431,105.431,0.66,0.67,0.33,0.34,0.01,0.01,77285.8,1777336603000
1777336606.202,106.202,0.66,0.67,0.33,0.34,0.01,0.01,77279.15,1777336604000
1777336607.268,107.268,0.66,0.67,0.33,0.34,0.01,0.01,77279.13,1777336606000
1777336607.642,107.642,0.66,0.67,0.33,0.34,0.01,0.01,77279.13,1777336606000
1777336608.121,108.121,0.62,0.67,0.33,0.34,0.05,0.01,77279.13,1777336606000
1777336608.458,108.458,0.63,0.64,0.36,0.37,0.01,0.01,77279.13,1777336606000
1777336608.822,108.822,0.63,0.64,0.36,0.37,0.01,0.01,77278.0,1777336607000
1777336609.16,109.16,0.63,0.64,0.36,0.37,0.01,0.01,77278.0,1777336608000
1777336609.701,109.701,0.63,0.64,0.36,0.37,0.01,0.01,77278.0,1777336608000
1777336610.063,110.063,0.6,0.61,0.36,0.43,0.01,0.07,77278.0,1777336608000
1777336610.431,110.431,0.6,0.61,0.39,0.4,0.01,0.01,77277.85,1777336609000
1777336610.925,110.925,0.57,0.58,0.42,0.43,0.01,0.01,77277.85,1777336609000
1777336611.302,111.302,0.57,0.58,0.42,0.43,0.01,0.01,77277.85,1777336610000
1777336611.638,111.638,0.68,0.69,0.31,0.32,0.01,0.01,77277.85,1777336610000
1777336612.182,112.182,0.7,0.71,0.3,0.32,0.01,0.02,77277.85,1777336610000
1777336612.546,112.546,0.71,0.72,0.28,0.29,0.01,0.01,77278.22,1777336611000
1777336613.182,113.182,0.71,0.72,0.28,0.29,0.01,0.01,77278.22,1777336611000
1777336613.589,113.589,0.71,0.72,0.28,0.29,0.01,0.01,77283.14,1777336612000
1777336614.011,114.011,0.71,0.72,0.28,0.29,0.01,0.01,77283.14,1777336612000
1777336614.429,114.429,0.71,0.72,0.28,0.29,0.01,0.01,77290.11,1777336613000
1777336614.78,114.78,0.72,0.73,0.27,0.29,0.01,0.02,77290.11,1777336613000
1777336615.183,115.183,0.59,0.73,0.27,0.28,0.14,0.01,77290.11,1777336613000
1777336615.543,115.543,0.69,0.7,0.3,0.31,0.01,0.01,77291.22,1777336614000
1777336615.915,115.915,0.63,0.69,0.31,0.37,0.06,0.06,77291.22,1777336614000
1777336616.252,116.252,0.62,0.64,0.36,0.37,0.02,0.01,77291.22,1777336614000
1777336616.601,116.601,0.62,0.64,0.36,0.38,0.02,0.02,77292.78,1777336615000
1777336616.972,116.972,0.63,0.64,0.36,0.37,0.01,0.01,77292.78,1777336615000
1777336617.336,117.336,0.63,0.66,0.36,0.37,0.03,0.01,77292.78,1777336615000
1777336617.825,117.825,0.66,0.68,0.33,0.34,0.02,0.01,77292.79,1777336616000
1777336618.359,118.359,0.67,0.68,0.31,0.36,0.01,0.05,77292.79,1777336617000
1777336618.749,118.749,0.62,0.68,0.31,0.33,0.06,0.02,77292.79,1777336617000
1777336619.122,119.122,0.66,0.68,0.33,0.34,0.02,0.01,77292.79,1777336617000
1777336619.517,119.517,0.7,0.71,0.29,0.3,0.01,0.01,77293.32,1777336618000
1777336619.857,119.857,0.66,0.69,0.29,0.34,0.03,0.05,77293.32,1777336618000
1777336620.206,120.206,0.68,0.69,0.31,0.32,0.01,0.01,77293.32,1777336618000
1777336620.559,120.559,0.68,0.71,0.31,0.32,0.03,0.01,77296.28,1777336619000
1777336621.027,121.027,0.71,0.72,0.28,0.29,0.01,0.01,77296.28,1777336619000
1777336621.468,121.468,0.72,0.73,0.27,0.28,0.01,0.01,77297.21,1777336620000
1777336621.991,121.991,0.73,0.74,0.26,0.27,0.01,0.01,77297.21,1777336620000
1777336622.559,122.559,0.75,0.77,0.23,0.25,0.02,0.02,77299.34,1777336621000
1777336623.163,123.163,0.78,0.79,0.23,0.25,0.01,0.02,77299.34,1777336621000
1777336623.884,123.884,0.78,0.8,0.21,0.22,0.02,0.01,77298.64,1777336622000
1777336624.228,124.228,0.82,0.83,0.17,0.18,0.01,0.01,77298.64,1777336622000
1777336624.57,124.57,0.82,0.85,0.15,0.18,0.03,0.03,77306.79,1777336623000
1777336624.982,124.982,0.84,0.85,0.15,0.16,0.01,0.01,77306.79,1777336623000
1777336625.329,125.329,0.87,0.88,0.12,0.13,0.01,0.01,77321.13,1777336624000
1777336625.666,125.666,0.87,0.88,0.12,0.13,0.01,0.01,77321.13,1777336624000
1777336626.067,126.067,0.87,0.88,0.12,0.13,0.01,0.01,77321.13,1777336624000
1777336626.476,126.476,0.87,0.88,0.12,0.13,0.01,0.01,77321.37,1777336625000
1777336626.939,126.939,0.76,0.84,0.13,0.14,0.08,0.01,77321.37,1777336625000
1777336627.294,127.294,0.83,0.84,0.16,0.17,0.01,0.01,77321.37,1777336625000
1777336627.654,127.654,0.84,0.85,0.15,0.16,0.01,0.01,77325.97,1777336626000
1777336628.077,128.077,0.78,0.79,0.2,0.22,0.01,0.02,77325.97,1777336626000
1777336628.421,128.421,0.76,0.77,0.23,0.24,0.01,0.01,77325.97,1777336627000
1777336628.853,128.853,0.76,0.78,0.22,0.26,0.02,0.04,77325.97,1777336627000
1777336629.207,129.207,0.76,0.77,0.23,0.24,0.01,0.01,77325.97,1777336627000
1777336629.592,129.592,0.76,0.77,0.23,0.24,0.01,0.01,77326.7,1777336628000
1777336629.926,129.926,0.76,0.77,0.23,0.24,0.01,0.01,77326.7,1777336628000
1777336630.304,130.304,0.76,0.77,0.23,0.24,0.01,0.01,77326.7,1777336628000
1777336630.643,130.643,0.77,0.78,0.22,0.24,0.01,0.02,77326.71,1777336629000
1777336631.06,131.06,0.77,0.78,0.22,0.23,0.01,0.01,77326.71,1777336629000
1777336631.41,131.41,0.77,0.78,0.22,0.23,0.01,0.01,77327.14,1777336630000
1777336631.811,131.811,0.77,0.78,0.22,0.23,0.01,0.01,77327.14,1777336630000
1777336632.171,132.171,0.76,0.77,0.23,0.24,0.01,0.01,77327.14,1777336630000
1777336632.545,132.545,0.76,0.77,0.23,0.24,0.01,0.01,77327.15,1777336631000
1777336632.887,132.887,0.76,0.77,0.23,0.24,0.01,0.01,77327.15,1777336631000
1777336633.409,133.409,0.77,0.78,0.22,0.24,0.01,0.02,77326.47,1777336632000
1777336634.013,134.013,0.76,0.77,0.23,0.24,0.01,0.01,77326.47,1777336632000
1777336634.371,134.371,0.76,0.77,0.23,0.24,0.01,0.01,77326.91,1777336633000
1777336634.83,134.83,0.76,0.77,0.23,0.24,0.01,0.01,77326.91,1777336633000
1777336635.209,135.209,0.76,0.77,0.23,0.24,0.01,0.01,77326.91,1777336633000
1777336635.546,135.546,0.76,0.79,0.23,0.24,0.03,0.01,77326.89,1777336634000
1777336636.022,136.022,0.78,0.8,0.21,0.23,0.02,0.02,77326.89,1777336634000
1777336636.488,136.488,0.78,0.79,0.21,0.22,0.01,0.01,77327.98,1777336635000
1777336636.832,136.832,0.83,0.84,0.16,0.17,0.01,0.01,77327.98,1777336635000
1777336637.249,137.249,0.81,0.82,0.17,0.19,0.01,0.02,77328.88,1777336636000
1777336637.609,137.609,0.8,0.82,0.18,0.19,0.02,0.01,77328.88,1777336636000
1777336638.089,138.089,0.8,0.81,0.19,0.2,0.01,0.01,77330.01,1777336637000
1777336638.479,138.479,0.8,0.81,0.19,0.2,0.01,0.01,77330.01,1777336637000
1777336639.153,139.153,0.8,0.81,0.19,0.2,0.01,0.01,77335.61,1777336638000
1777336639.881,139.881,0.8,0.83,0.19,0.2,0.03,0.01,77335.61,1777336638000
1777336640.259,140.259,0.81,0.82,0.18,0.19,0.01,0.01,77336.69,1777336639000
1777336640.766,140.766,0.82,0.83,0.18,0.19,0.01,0.01,77336.69,1777336639000
1777336641.172,141.172,0.82,0.83,0.17,0.18,0.01,0.01,77336.69,1777336639000
1777336641.604,141.604,0.82,0.83,0.17,0.18,0.01,0.01,77337.58,1777336640000
1777336642.209,142.209,0.83,0.84,0.17,0.18,0.01,0.01,77337.58,1777336640000
1777336642.556,142.556,0.84,0.85,0.16,0.17,0.01,0.01,77337.55,1777336641000
1777336642.926,142.926,0.84,0.85,0.15,0.16,0.01,0.01,77337.55,1777336641000
1777336643.26,143.26,0.84,0.85,0.15,0.16,0.01,0.01,77337.55,1777336641000
1777336643.614,143.614,0.84,0.85,0.15,0.16,0.01,0.01,77336.94,1777336642000
1777336644.091,144.091,0.85,0.86,0.14,0.15,0.01,0.01,77336.94,1777336642000
1777336644.439,144.439,0.85,0.86,0.14,0.15,0.01,0.01,77336.98,1777336643000
1777336644.907,144.907,0.83,0.85,0.16,0.17,0.02,0.01,77336.98,1777336643000
1777336645.429,145.429,0.84,0.85,0.15,0.16,0.01,0.01,77337.33,1777336644000
1777336645.815,145.815,0.84,0.85,0.15,0.16,0.01,0.01,77337.33,1777336644000
1777336646.231,146.231,0.83,0.85,0.15,0.17,0.02,0.02,77337.84,1777336645000
1777336646.592,146.592,0.83,0.84,0.16,0.17,0.01,0.01,77337.84,1777336645000
1777336647.399,147.399,0.8,0.81,0.19,0.2,0.01,0.01,77337.82,1777336646000
1777336647.795,147.795,0.8,0.81,0.19,0.21,0.01,0.02,77337.82,1777336646000
1777336648.515,148.515,0.77,0.8,0.2,0.21,0.03,0.01,77337.33,1777336647000
1777336648.871,148.871,0.76,0.77,0.23,0.24,0.01,0.01,77337.33,1777336647000
1777336649.215,149.215,0.76,0.77,0.23,0.24,0.01,0.01,77333.32,1777336648000
1777336649.611,149.611,0.72,0.73,0.27,0.28,0.01,0.01,77333.32,1777336648000
1777336649.959,149.959,0.72,0.73,0.27,0.28,0.01,0.01,77333.32,1777336648000
1777336650.364,150.364,0.71,0.72,0.28,0.29,0.01,0.01,77333.32,1777336648000
1777336650.724,150.724,0.71,0.72,0.28,0.29,0.01,0.01,77333.32,1777336648000
1777336651.057,151.057,0.71,0.72,0.28,0.29,0.01,0.01,77326.02,1777336649000
1777336651.535,151.535,0.72,0.73,0.26,0.28,0.01,0.02,77323.15,1777336650000
1777336652.026,152.026,0.72,0.73,0.27,0.28,0.01,0.01,77323.15,1777336650000
1777336652.627,152.627,0.73,0.74,0.27,0.28,0.01,0.01,77320.13,1777336651000
1777336653.256,153.256,0.73,0.74,0.26,0.27,0.01,0.01,77318.82,1777336652000
1777336653.813,153.813,0.73,0.74,0.26,0.27,0.01,0.01,77318.82,1777336652000
1777336654.224,154.224,0.73,0.74,0.26,0.27,0.01,0.01,77319.33,1777336653000
1777336654.561,154.561,0.73,0.74,0.26,0.27,0.01,0.01,77319.33,1777336653000
1777336654.924,154.924,0.73,0.74,0.26,0.27,0.01,0.01,77319.33,1777336653000
1777336655.263,155.263,0.74,0.75,0.26,0.27,0.01,0.01,77317.78,1777336654000
1777336655.61,155.61,0.74,0.75,0.25,0.26,0.01,0.01,77317.78,1777336654000
1777336656.006,156.006,0.74,0.75,0.25,0.26,0.01,0.01,77317.78,1777336654000
1777336656.352,156.352,0.72,0.78,0.25,0.28,0.06,0.03,77317.78,1777336655000
1777336656.973,156.973,0.75,0.76,0.24,0.25,0.01,0.01,77317.78,1777336655000
1777336657.38,157.38,0.62,0.66,0.34,0.35,0.04,0.01,77317.78,1777336656000
1777336657.751,157.751,0.63,0.64,0.36,0.37,0.01,0.01,77317.78,1777336656000
1777336658.125,158.125,0.63,0.64,0.36,0.37,0.01,0.01,77317.78,1777336656000
1777336658.717,158.717,0.63,0.64,0.36,0.37,0.01,0.01,77317.78,1777336657000
1777336659.268,159.268,0.63,0.64,0.36,0.37,0.01,0.01,77310.91,1777336658000
1777336659.637,159.637,0.63,0.69,0.36,0.37,0.06,0.01,77310.91,1777336658000
1777336659.972,159.972,0.74,0.75,0.25,0.26,0.01,0.01,77310.91,1777336658000
1777336660.335,160.335,0.76,0.78,0.23,0.24,0.02,0.01,77310.75,1777336659000
1777336660.673,160.673,0.82,0.86,0.16,0.18,0.04,0.02,77310.75,1777336659000
1777336661.009,161.009,0.85,0.86,0.14,0.15,0.01,0.01,77310.75,1777336659000
1777336661.349,161.349,0.85,0.86,0.14,0.15,0.01,0.01,77313.69,1777336660000
1777336661.751,161.751,0.85,0.86,0.14,0.15,0.01,0.01,77313.69,1777336660000
1777336662.427,162.427,0.85,0.86,0.14,0.15,0.01,0.01,77328.45,1777336661000
1777336662.886,162.886,0.85,0.86,0.14,0.15,0.01,0.01,77328.45,1777336661000
1777336663.697,163.697,0.85,0.86,0.14,0.15,0.01,0.01,77334.53,1777336662000
1777336664.276,164.276,0.86,0.87,0.13,0.15,0.01,0.02,77334.53,1777336662000
1777336664.758,164.758,0.86,0.87,0.13,0.14,0.01,0.01,77336.64,1777336663000
1777336665.103,165.103,0.85,0.86,0.14,0.15,0.01,0.01,77336.64,1777336663000
1777336665.568,165.568,0.85,0.86,0.14,0.15,0.01,0.01,77336.64,1777336663000
1777336665.968,165.968,0.85,0.86,0.14,0.15,0.01,0.01,77337.02,1777336664000
1777336666.357,166.357,0.84,0.85,0.14,0.16,0.01,0.02,77337.16,1777336665000
1777336666.793,166.793,0.84,0.85,0.15,0.16,0.01,0.01,77337.16,1777336665000
1777336667.18,167.18,0.84,0.85,0.15,0.16,0.01,0.01,77337.16,1777336665000
1777336667.537,167.537,0.84,0.85,0.15,0.16,0.01,0.01,77337.29,1777336666000
1777336667.912,167.912,0.84,0.85,0.15,0.16,0.01,0.01,77337.29,1777336666000
1777336668.273,168.273,0.82,0.83,0.17,0.19,0.01,0.02,77336.87,1777336667000
1777336668.611,168.611,0.81,0.82,0.18,0.19,0.01,0.01,77336.87,1777336667000
1777336669.052,169.052,0.81,0.82,0.18,0.19,0.01,0.01,77336.87,1777336667000
1777336669.462,169.462,0.81,0.82,0.18,0.19,0.01,0.01,77336.87,1777336667000
1777336669.939,169.939,0.81,0.82,0.18,0.19,0.01,0.01,77336.0,1777336668000
1777336670.319,170.319,0.81,0.82,0.18,0.19,0.01,0.01,77336.0,1777336668000
1777336670.654,170.654,0.81,0.82,0.18,0.19,0.01,0.01,77335.99,1777336669000
1777336671.009,171.009,0.8,0.81,0.19,0.2,0.01,0.01,77335.99,1777336669000
1777336671.371,171.371,0.8,0.81,0.19,0.2,0.01,0.01,77335.99,1777336669000
1777336671.764,171.764,0.8,0.81,0.19,0.2,0.01,0.01,77335.16,1777336670000
1777336672.129,172.129,0.8,0.81,0.19,0.2,0.01,0.01,77335.16,1777336670000
1777336672.54,172.54,0.79,0.8,0.2,0.21,0.01,0.01,77333.96,1777336671000
1777336672.879,172.879,0.79,0.81,0.2,0.21,0.02,0.01,77333.96,1777336671000
1777336673.233,173.233,0.79,0.8,0.2,0.21,0.01,0.01,77333.96,1777336671000
1777336673.741,173.741,0.8,0.81,0.19,0.2,0.01,0.01,77334.34,1777336672000
1777336674.092,174.092,0.82,0.83,0.17,0.19,0.01,0.02,77334.34,1777336672000
1777336674.483,174.483,0.82,0.84,0.16,0.18,0.02,0.02,77334.34,1777336672000
1777336675.126,175.126,0.83,0.84,0.13,0.17,0.01,0.04,77335.07,1777336673000
1777336675.587,175.587,0.83,0.84,0.16,0.17,0.01,0.01,77334.34,1777336674000
1777336676.188,176.188,0.83,0.84,0.16,0.17,0.01,0.01,77334.34,1777336674000
1777336676.556,176.556,0.83,0.84,0.16,0.17,0.01,0.01,77334.34,1777336674000
1777336677.173,177.173,0.83,0.88,0.16,0.18,0.05,0.02,77335.31,1777336675000
1777336677.506,177.506,0.86,0.87,0.13,0.14,0.01,0.01,77335.32,1777336676000
1777336677.843,177.843,0.86,0.87,0.13,0.14,0.01,0.01,77335.32,1777336676000
1777336678.229,178.229,0.82,0.83,0.17,0.18,0.01,0.01,77335.32,1777336677000
1777336678.77,178.77,0.79,0.81,0.17,0.21,0.02,0.04,77335.32,1777336677000
1777336679.18,179.18,0.8,0.81,0.19,0.2,0.01,0.01,77335.32,1777336677000
1777336679.557,179.557,0.8,0.81,0.19,0.2,0.01,0.01,77335.32,1777336677000
1777336679.906,179.906,0.8,0.81,0.19,0.2,0.01,0.01,77331.23,1777336678000
1777336680.388,180.388,0.8,0.81,0.19,0.2,0.01,0.01,77331.23,1777336678000
1777336680.736,180.736,0.8,0.81,0.18,0.19,0.01,0.01,77330.92,1777336679000
1777336681.175,181.175,0.81,0.82,0.17,0.18,0.01,0.01,77330.92,1777336679000
1777336681.532,181.532,0.81,0.82,0.18,0.19,0.01,0.01,77328.75,1777336680000
1777336681.897,181.897,0.83,0.86,0.16,0.17,0.03,0.01,77328.75,1777336680000
1777336682.297,182.297,0.85,0.86,0.14,0.15,0.01,0.01,77327.58,1777336681000
1777336682.726,182.726,0.87,0.88,0.12,0.13,0.01,0.01,77327.58,1777336681000
1777336683.191,183.191,0.87,0.88,0.12,0.13,0.01,0.01,77327.58,1777336681000
1777336683.819,183.819,0.87,0.88,0.12,0.13,0.01,0.01,77328.87,1777336682000
1777336684.242,184.242,0.88,0.89,0.11,0.13,0.01,0.02,77328.87,1777336682000
1777336684.673,184.673,0.88,0.89,0.11,0.12,0.01,0.01,77327.58,1777336683000
1777336685.044,185.044,0.89,0.9,0.1,0.13,0.01,0.03,77327.58,1777336683000
1777336685.414,185.414,0.89,0.9,0.1,0.11,0.01,0.01,77327.7,1777336684000
1777336685.895,185.895,0.9,0.91,0.1,0.11,0.01,0.01,77327.7,1777336684000
1777336686.358,186.358,0.91,0.94,0.08,0.09,0.03,0.01,77328.46,1777336685000
1777336686.706,186.706,0.93,0.94,0.06,0.07,0.01,0.01,77328.46,1777336685000
1777336687.099,187.099,0.94,0.95,0.05,0.06,0.01,0.01,77328.46,1777336685000
1777336687.438,187.438,0.94,0.95,0.05,0.06,0.01,0.01,77329.62,1777336686000
1777336687.833,187.833,0.94,0.95,0.05,0.06,0.01,0.01,77329.62,1777336686000
1777336688.179,188.179,0.94,0.95,0.05,0.06,0.01,0.01,77329.62,1777336686000
1777336688.537,188.537,0.94,0.95,0.05,0.06,0.01,0.01,77331.25,1777336687000
1777336688.873,188.873,0.94,0.95,0.05,0.06,0.01,0.01,77331.25,1777336687000
1777336689.227,189.227,0.96,0.97,0.03,0.04,0.01,0.01,77331.25,1777336687000
1777336689.568,189.568,0.95,0.96,0.04,0.05,0.01,0.01,77331.25,1777336687000
1777336689.949,189.949,0.91,0.93,0.07,0.08,0.02,0.01,77333.07,1777336688000
1777336690.292,190.292,0.9,0.91,0.09,0.1,0.01,0.01,77333.07,1777336689000
1777336690.629,190.629,0.9,0.91,0.09,0.1,0.01,0.01,77333.07,1777336689000
1777336690.969,190.969,0.9,0.92,0.08,0.1,0.02,0.02,77333.07,1777336689000
1777336691.427,191.427,0.89,0.91,0.09,0.11,0.02,0.02,77339.02,1777336690000
1777336691.785,191.785,0.9,0.91,0.09,0.11,0.01,0.02,77339.02,1777336690000
1777336692.185,192.185,0.9,0.91,0.09,0.1,0.01,0.01,77339.02,1777336690000
1777336692.523,192.523,0.9,0.91,0.09,0.1,0.01,0.01,77339.02,1777336690000
1777336692.862,192.862,0.89,0.9,0.1,0.11,0.01,0.01,77339.02,1777336690000
1777336693.201,193.201,0.89,0.9,0.1,0.11,0.01,0.01,77333.9,1777336691000
1777336693.546,193.546,0.89,0.9,0.1,0.11,0.01,0.01,77334.04,1777336692000
1777336693.958,193.958,0.88,0.9,0.1,0.11,0.02,0.01,77334.04,1777336692000
1777336694.341,194.341,0.88,0.89,0.11,0.12,0.01,0.01,77333.87,1777336693000
1777336695.145,195.145,0.88,0.89,0.11,0.12,0.01,0.01,77333.87,1777336693000
1777336695.615,195.615,0.93,0.94,0.06,0.09,0.01,0.03,77333.69,1777336694000
1777336695.968,195.968,0.93,0.94,0.06,0.07,0.01,0.01,77333.69,1777336694000
1777336696.337,196.337,0.93,0.94,0.06,0.07,0.01,0.01,77333.69,1777336695000
1777336696.727,196.727,0.94,0.95,0.05,0.06,0.01,0.01,77333.69,1777336695000
1777336697.259,197.259,0.94,0.95,0.05,0.06,0.01,0.01,77333.69,1777336696000
1777336697.606,197.606,0.94,0.95,0.05,0.06,0.01,0.01,77333.69,1777336696000
1777336697.964,197.964,0.94,0.95,0.05,0.06,0.01,0.01,77333.69,1777336696000
1777336698.408,198.408,0.93,0.95,0.05,0.06,0.02,0.01,77333.69,1777336696000
1777336698.745,198.745,0.93,0.95,0.05,0.07,0.02,0.02,77333.69,1777336696000
1777336699.451,199.451,0.93,0.95,0.05,0.08,0.02,0.03,77334.46,1777336697000
1777336699.875,199.875,0.93,0.95,0.05,0.07,0.02,0.02,77334.47,1777336698000
1777336700.494,200.494,0.92,0.93,0.07,0.08,0.01,0.01,77334.47,1777336698000
1777336700.87,200.87,0.92,0.93,0.07,0.08,0.01,0.01,77334.47,1777336699000
1777336701.27,201.27,0.92,0.93,0.07,0.08,0.01,0.01,77334.47,1777336700000
1777336701.689,201.689,0.92,0.93,0.07,0.08,0.01,0.01,77334.47,1777336700000
1777336702.087,202.087,0.92,0.93,0.07,0.08,0.01,0.01,77334.47,1777336700000
1777336702.428,202.428,0.92,0.93,0.07,0.08,0.01,0.01,77334.47,1777336700000
1777336702.913,202.913,0.92,0.93,0.07,0.08,0.01,0.01,77334.6,1777336701000
1777336703.316,203.316,0.92,0.93,0.07,0.08,0.01,0.01,77334.6,1777336701000
1777336703.778,203.778,0.92,0.93,0.07,0.08,0.01,0.01,77334.6,1777336702000
1777336704.249,204.249,0.92,0.93,0.07,0.08,0.01,0.01,77334.6,1777336703000
1777336704.691,204.691,0.92,0.93,0.07,0.08,0.01,0.01,77334.6,1777336703000
1777336705.186,205.186,0.92,0.93,0.07,0.08,0.01,0.01,77334.6,1777336703000
1777336705.852,205.852,0.92,0.93,0.07,0.08,0.01,0.01,77334.6,1777336704000
1777336706.242,206.242,0.92,0.93,0.07,0.08,0.01,0.01,77334.85,1777336705000
1777336706.669,206.669,0.92,0.93,0.07,0.08,0.01,0.01,77334.85,1777336705000
1777336707.344,207.344,0.92,0.93,0.07,0.08,0.01,0.01,77334.85,1777336705000
1777336707.897,207.897,0.92,0.94,0.07,0.08,0.02,0.01,77337.46,1777336706000
1777336708.375,208.375,0.93,0.94,0.06,0.07,0.01,0.01,77337.81,1777336707000
1777336708.791,208.791,0.93,0.94,0.06,0.07,0.01,0.01,77337.81,1777336707000
1777336709.247,209.247,0.94,0.95,0.05,0.06,0.01,0.01,77337.81,1777336707000
1777336709.594,209.594,0.94,0.95,0.05,0.06,0.01,0.01,77337.81,1777336707000
1777336709.959,209.959,0.95,0.96,0.04,0.05,0.01,0.01,77339.86,1777336708000
1777336710.366,210.366,0.95,0.96,0.04,0.05,0.01,0.01,77339.86,1777336708000
1777336710.776,210.776,0.96,0.97,0.03,0.05,0.01,0.02,77342.64,1777336709000
1777336711.124,211.124,0.96,0.97,0.03,0.04,0.01,0.01,77342.64,1777336709000
1777336711.542,211.542,0.96,0.97,0.03,0.04,0.01,0.01,77346.71,1777336710000
1777336711.941,211.941,0.96,0.97,0.03,0.04,0.01,0.01,77346.71,1777336710000
1777336712.326,212.326,0.96,0.97,0.03,0.04,0.01,0.01,77346.71,1777336710000
1777336712.798,212.798,0.95,0.96,0.04,0.05,0.01,0.01,77357.01,1777336711000
1777336713.567,213.567,0.95,0.96,0.03,0.04,0.01,0.01,77358.54,1777336712000
1777336713.961,213.961,0.95,0.96,0.04,0.05,0.01,0.01,77358.54,1777336712000
1777336714.352,214.352,0.95,0.97,0.04,0.05,0.02,0.01,77358.54,1777336712000
1777336714.89,214.89,0.96,0.97,0.03,0.04,0.01,0.01,77358.71,1777336713000
1777336715.315,215.315,0.96,0.97,0.03,0.04,0.01,0.01,77358.71,1777336714000
1777336715.716,215.716,0.96,0.97,0.03,0.04,0.01,0.01,77358.71,1777336714000
1777336716.083,216.083,0.96,0.97,0.03,0.04,0.01,0.01,77358.71,1777336714000
1777336716.496,216.496,0.95,0.96,0.04,0.05,0.01,0.01,77358.71,1777336714000
1777336716.935,216.935,0.95,0.96,0.04,0.05,0.01,0.01,77359.22,1777336715000
1777336717.543,217.543,0.95,0.96,0.04,0.05,0.01,0.01,77359.22,1777336715000
1777336717.941,217.941,0.96,0.97,0.03,0.04,0.01,0.01,77359.69,1777336716000
1777336718.277,218.277,0.95,0.96,0.04,0.05,0.01,0.01,77357.81,1777336717000
1777336718.702,218.702,0.95,0.96,0.04,0.05,0.01,0.01,77357.81,1777336717000
1777336719.156,219.156,0.95,0.96,0.04,0.05,0.01,0.01,77356.65,1777336718000
1777336719.516,219.516,0.96,0.97,0.03,0.04,0.01,0.01,77356.65,1777336718000
1777336719.919,219.919,0.95,0.97,0.04,0.05,0.02,0.01,77356.65,1777336718000
1777336720.265,220.265,0.96,0.97,0.03,0.04,0.01,0.01,77356.57,1777336719000
1777336720.626,220.626,0.96,0.97,0.03,0.04,0.01,0.01,77356.57,1777336719000
1777336721.018,221.018,0.96,0.97,0.03,0.04,0.01,0.01,77356.56,1777336720000
1777336721.389,221.389,0.96,0.97,0.03,0.04,0.01,0.01,77356.56,1777336720000
1777336721.73,221.73,0.96,0.97,0.03,0.04,0.01,0.01,77356.56,1777336720000
1777336722.095,222.095,0.96,0.97,0.03,0.04,0.01,0.01,77356.51,1777336721000
1777336722.559,222.559,0.96,0.97,0.03,0.04,0.01,0.01,77356.51,1777336721000
1777336723.094,223.094,0.96,0.97,0.03,0.04,0.01,0.01,77356.51,1777336721000
1777336723.53,223.53,0.97,0.98,0.02,0.04,0.01,0.02,77358.76,1777336722000
1777336724.173,224.173,0.97,0.98,0.02,0.03,0.01,0.01,77358.76,1777336722000
1777336724.578,224.578,0.98,0.99,0.01,0.02,0.01,0.01,77362.03,1777336723000
1777336725.029,225.029,0.98,0.99,0.01,0.02,0.01,0.01,77362.03,1777336723000
1777336725.446,225.446,0.98,0.99,0.01,0.02,0.01,0.01,77362.34,1777336724000
1777336725.857,225.857,0.98,0.99,0.01,0.02,0.01,0.01,77362.34,1777336724000
1777336726.193,226.193,0.98,0.99,0.01,0.02,0.01,0.01,77362.34,1777336724000
1777336726.653,226.653,0.98,0.99,0.01,0.02,0.01,0.01,77363.47,1777336725000
1777336727.029,227.029,0.98,0.99,0.01,0.02,0.01,0.01,77363.47,1777336725000
1777336727.464,227.464,0.98,0.99,0.01,0.02,0.01,0.01,77364.71,1777336726000
1777336727.839,227.839,0.98,0.99,0.01,0.02,0.01,0.01,77364.71,1777336726000
1777336728.276,228.276,0.98,0.99,0.01,0.02,0.01,0.01,77365.43,1777336727000
1777336728.828,228.828,0.98,0.99,0.01,0.02,0.01,0.01,77365.43,1777336727000
1777336729.241,229.241,0.98,0.99,0.01,0.02,0.01,0.01,77365.43,1777336727000
1777336729.602,229.602,0.98,0.99,0.01,0.02,0.01,0.01,77365.45,1777336728000
1777336730.117,230.117,0.98,0.99,0.01,0.02,0.01,0.01,77365.45,1777336728000
1777336730.494,230.494,0.98,0.99,0.01,0.02,0.01,0.01,77365.68,1777336729000
1777336730.828,230.828,0.98,0.99,0.01,0.02,0.01,0.01,77365.68,1777336729000
1777336731.168,231.168,0.98,0.99,0.01,0.02,0.01,0.01,77365.68,1777336729000
1777336731.502,231.502,0.98,0.99,0.01,0.02,0.01,0.01,77366.42,1777336730000
1777336731.934,231.934,0.98,0.99,0.01,0.02,0.01,0.01,77366.42,1777336730000
1777336732.298,232.298,0.99,0.99,0.01,0.01,0.0,0.0,77367.12,1777336731000
1777336732.685,232.685,0.99,0.99,0.01,0.01,0.0,0.0,77367.12,1777336731000
1777336733.196,233.196,0.99,0.99,0.01,0.01,0.0,0.0,77368.5,1777336732000
1777336733.657,233.657,0.99,0.99,0.01,0.01,0.0,0.0,77368.5,1777336732000
1777336734.178,234.178,0.99,0.99,0.01,0.01,0.0,0.0,77373.71,1777336733000
1777336735.086,235.086,0.99,0.99,0.01,0.01,0.0,0.0,77373.87,1777336734000
1777336736.071,236.071,0.99,0.99,0.01,0.01,0.0,0.0,77374.46,1777336735000
1777336736.616,236.616,0.99,0.99,0.01,0.01,0.0,0.0,77374.46,1777336735000
1777336736.983,236.983,0.99,0.99,0.01,0.01,0.0,0.0,77375.76,1777336736000
1777336737.553,237.553,0.99,0.99,0.01,0.01,0.0,0.0,77375.76,1777336736000
1777336737.911,237.911,0.99,0.99,0.01,0.01,0.0,0.0,77375.76,1777336736000
1777336738.453,238.453,0.99,0.99,0.01,0.01,0.0,0.0,77377.1,1777336737000
1777336738.962,238.962,0.99,0.99,0.01,0.01,0.0,0.0,77378.67,1777336738000
1777336739.39,239.39,0.99,0.99,0.01,0.01,0.0,0.0,77378.67,1777336738000
1777336739.902,239.902,0.99,0.99,0.01,0.01,0.0,0.0,77379.13,1777336739000
1777336740.354,240.354,0.99,0.99,0.01,0.01,0.0,0.0,77379.13,1777336739000
1777336740.862,240.862,0.99,0.99,0.01,0.01,0.0,0.0,77379.13,1777336740000
1777336741.197,241.197,0.99,0.99,0.01,0.01,0.0,0.0,77379.13,1777336740000
1777336743.177,243.177,0.99,0.99,0.01,0.01,0.0,0.0,77390.06,1777336741000
1777336743.61,243.61,0.99,0.99,0.01,0.01,0.0,0.0,77392.52,1777336742000
1777336744.144,244.144,0.99,0.99,0.01,0.01,0.0,0.0,77392.52,1777336742000
1777336744.615,244.615,0.99,0.99,0.01,0.01,0.0,0.0,77393.39,1777336743000
1777336745.11,245.11,0.99,0.99,0.01,0.01,0.0,0.0,77393.39,1777336743000
1777336746.415,246.415,0.99,0.99,0.01,0.01,0.0,0.0,77389.24,1777336745000
1777336746.995,246.995,0.99,0.99,0.01,0.01,0.0,0.0,77388.87,1777336746000
1777336748.028,248.028,0.99,0.99,0.01,0.01,0.0,0.0,77388.87,1777336746000
1777336749.144,249.144,0.99,0.99,0.01,0.01,0.0,0.0,77379.89,1777336748000
1777336749.734,249.734,0.99,0.99,0.01,0.01,0.0,0.0,77379.89,1777336748000
1777336750.19,250.19,0.99,0.99,0.01,0.01,0.0,0.0,77379.89,1777336749000
1777336750.603,250.603,0.99,0.99,0.01,0.01,0.0,0.0,77379.89,1777336749000
1777336751.163,251.163,0.99,0.99,0.01,0.01,0.0,0.0,77379.89,1777336749000
1777336752.402,252.402,0.99,0.99,0.01,0.01,0.0,0.0,77379.89,1777336751000
1777336753.134,253.134,0.99,0.99,0.01,0.01,0.0,0.0,77379.89,1777336752000
1777336754.19,254.19,0.99,0.99,0.01,0.01,0.0,0.0,77379.9,1777336753000
1777336755.274,255.274,0.99,0.99,0.01,0.01,0.0,0.0,77379.9,1777336754000
1777336756.272,256.272,0.99,0.99,0.01,0.01,0.0,0.0,77379.9,1777336755000
1777336756.812,256.812,0.99,0.99,0.01,0.01,0.0,0.0,77379.9,1777336755000
1777336757.345,257.345,0.99,0.99,0.01,0.01,0.0,0.0,77379.9,1777336755000
1777336757.862,257.862,0.99,0.99,0.01,0.01,0.0,0.0,77379.9,1777336756000
1777336758.527,258.527,0.99,0.99,0.01,0.01,0.0,0.0,77379.9,1777336756000
1777336759.51,259.51,0.99,0.99,0.01,0.01,0.0,0.0,77379.9,1777336757000
1777336760.496,260.496,0.99,0.99,0.01,0.01,0.0,0.0,77379.79,1777336759000
1777336761.347,261.347,0.99,0.99,0.01,0.01,0.0,0.0,77379.68,1777336760000
1777336762.573,262.573,0.99,0.99,0.01,0.01,0.0,0.0,77379.68,1777336760000
1777336763.538,263.538,0.99,0.99,0.01,0.01,0.0,0.0,77378.01,1777336762000
1777336764.279,264.279,0.99,0.99,0.01,0.01,0.0,0.0,77377.76,1777336763000
1777336765.643,265.643,0.99,0.99,0.01,0.01,0.0,0.0,77376.98,1777336764000
1777336765.997,265.997,0.99,0.99,0.01,0.01,0.0,0.0,77376.98,1777336764000
1777336766.507,266.507,0.99,0.99,0.01,0.01,0.0,0.0,77376.98,1777336765000
1777336767.26,267.26,0.99,0.99,0.01,0.01,0.0,0.0,77376.98,1777336765000
1777336767.881,267.881,0.99,0.99,0.01,0.01,0.0,0.0,77382.69,1777336766000
1777336768.577,268.577,0.99,0.99,0.01,0.01,0.0,0.0,77384.61,1777336767000
1777336769.279,269.279,0.99,0.99,0.01,0.01,0.0,0.0,77385.51,1777336768000
1777336770.553,270.553,0.99,0.99,0.01,0.01,0.0,0.0,77385.74,1777336769000
1777336771.283,271.283,0.99,0.99,0.01,0.01,0.0,0.0,77384.98,1777336770000
1777336771.668,271.668,0.99,0.99,0.01,0.01,0.0,0.0,77384.98,1777336770000
1777336772.701,272.701,0.99,0.99,0.01,0.01,0.0,0.0,77384.56,1777336771000
1777336773.345,273.345,0.99,0.99,0.01,0.01,0.0,0.0,77383.84,1777336772000
1777336774.732,274.732,0.99,0.99,0.01,0.01,0.0,0.0,77383.65,1777336773000
1777336775.255,275.255,0.99,0.99,0.01,0.01,0.0,0.0,77383.65,1777336773000
1777336775.97,275.97,0.99,0.99,0.01,0.01,0.0,0.0,77384.94,1777336774000
1777336777.447,277.447,0.99,0.99,0.01,0.01,0.0,0.0,77387.02,1777336776000
1777336778.015,278.015,0.99,0.99,0.01,0.01,0.0,0.0,77387.04,1777336777000
1777336779.252,279.252,0.99,0.99,0.01,0.01,0.0,0.0,77387.19,1777336778000
1777336780.304,280.304,0.99,0.99,0.01,0.01,0.0,0.0,77386.85,1777336779000
1777336781.358,281.358,0.99,0.99,0.01,0.01,0.0,0.0,77382.34,1777336780000
1777336782.417,282.417,0.99,0.99,0.01,0.01,0.0,0.0,77380.62,1777336781000
1777336782.947,282.947,0.99,0.99,0.01,0.01,0.0,0.0,77380.55,1777336782000
1777336784.054,284.054,0.99,0.99,0.01,0.01,0.0,0.0,77380.33,1777336783000
1777336785.168,285.168,0.99,0.99,0.01,0.01,0.0,0.0,77380.7,1777336784000
1777336786.103,286.103,0.99,0.99,0.01,0.01,0.0,0.0,77380.7,1777336784000
1777336786.701,286.701,0.99,0.99,0.01,0.01,0.0,0.0,77380.56,1777336785000
1777336787.336,287.336,0.99,0.99,0.01,0.01,0.0,0.0,77380.55,1777336786000
1777336788.456,288.456,0.99,0.99,0.01,0.01,0.0,0.0,77380.9,1777336787000
1777336788.973,288.973,0.99,0.99,0.01,0.01,0.0,0.0,77380.55,1777336788000
1777336789.653,289.653,0.99,0.99,0.01,0.01,0.0,0.0,77380.55,1777336788000
1777336790.885,290.885,0.99,0.99,0.01,0.01,0.0,0.0,77380.55,1777336789000
1777336791.339,291.339,0.99,0.99,0.01,0.01,0.0,0.0,77380.55,1777336789000
1777336792.272,292.272,0.99,0.99,0.01,0.01,0.0,0.0,77376.64,1777336791000
1777336793.432,293.432,0.99,0.99,0.01,0.01,0.0,0.0,77372.87,1777336792000
1777336793.979,293.979,0.99,0.99,0.01,0.01,0.0,0.0,77371.73,1777336793000
1777336795.326,295.326,0.99,0.99,0.01,0.01,0.0,0.0,77371.73,1777336793000
1777336796.416,296.416,0.99,0.99,0.01,0.01,0.0,0.0,77368.47,1777336795000
1777336797.13,297.13,0.99,0.99,0.01,0.01,0.0,0.0,77368.47,1777336796000
1777336797.92,297.92,0.99,0.99,0.01,0.01,0.0,0.0,77368.47,1777336796000
1777336798.266,298.266,0.99,0.99,0.01,0.01,0.0,0.0,77368.47,1777336797000
1777336799.414,299.414,0.99,0.99,0.01,0.01,0.0,0.0,77368.47,1777336798000
1777336799.883,299.883,0.99,0.99,0.01,0.01,0.0,0.0,77368.47,1777336798000
1777336801.065,301.065,0.99,0.99,0.01,0.01,0.0,0.0,77368.5,1777336800000
1777336802.216,302.216,0.99,0.99,0.01,0.01,0.0,0.0,77362.04,1777336801000

# RESULT,winner=Up,slug=btc-updown-5m-1777336500,ticks=628
