timestamp,elapsed_sec,up_bid,up_ask,down_bid,down_ask,up_spread,down_spread,btc_price,btc_oracle_ts
1776099000.562,0.562,0.45,0.47,0.53,0.55,0.02,0.02,72346.47,1776098999000
1776099000.966,0.966,0.45,0.46,0.54,0.55,0.01,0.01,72346.47,1776098999000
1776099001.303,1.303,0.47,0.48,0.52,0.53,0.01,0.01,72346.47,1776098999000
1776099001.638,1.638,0.44,0.45,0.55,0.56,0.01,0.01,72348.77,1776099000000
1776099001.992,1.992,0.44,0.45,0.55,0.56,0.01,0.01,72348.77,1776099000000
1776099002.394,2.394,0.44,0.45,0.55,0.56,0.01,0.01,72348.77,1776099000000
1776099002.767,2.767,0.44,0.45,0.55,0.56,0.01,0.01,72354.08,1776099001000
1776099003.183,3.183,0.44,0.45,0.55,0.56,0.01,0.01,72354.08,1776099001000
1776099003.522,3.522,0.44,0.45,0.55,0.56,0.01,0.01,72354.08,1776099001000
1776099003.872,3.872,0.44,0.45,0.55,0.56,0.01,0.01,72354.08,1776099001000
1776099004.215,4.215,0.44,0.45,0.55,0.56,0.01,0.01,72358.34,1776099002000
1776099004.59,4.59,0.43,0.45,0.55,0.57,0.02,0.02,72358.34,1776099002000
1776099004.945,4.945,0.44,0.45,0.55,0.56,0.01,0.01,72358.34,1776099002000
1776099005.285,5.285,0.42,0.43,0.57,0.58,0.01,0.01,72358.34,1776099002000
1776099005.653,5.653,0.41,0.42,0.58,0.6,0.01,0.02,72358.74,1776099003000
1776099005.996,5.996,0.37,0.38,0.63,0.65,0.01,0.02,72358.74,1776099004000
1776099006.33,6.33,0.35,0.38,0.62,0.65,0.03,0.03,72358.74,1776099004000
1776099006.686,6.686,0.33,0.36,0.64,0.67,0.03,0.03,72354.22,1776099005000
1776099007.02,7.02,0.34,0.35,0.65,0.66,0.01,0.01,72354.22,1776099005000
1776099007.368,7.368,0.34,0.35,0.65,0.66,0.01,0.01,72354.22,1776099005000
1776099007.727,7.727,0.34,0.35,0.65,0.66,0.01,0.01,72354.22,1776099005000
1776099008.064,8.064,0.34,0.35,0.65,0.66,0.01,0.01,72332.06,1776099006000
1776099008.45,8.45,0.34,0.35,0.65,0.66,0.01,0.01,72332.06,1776099006000
1776099008.796,8.796,0.34,0.35,0.65,0.66,0.01,0.01,72332.06,1776099006000
1776099009.181,9.181,0.34,0.35,0.65,0.66,0.01,0.01,72317.88,1776099007000
1776099009.523,9.523,0.35,0.36,0.64,0.65,0.01,0.01,72317.88,1776099007000
1776099009.867,9.867,0.36,0.37,0.63,0.64,0.01,0.01,72317.88,1776099007000
1776099010.228,10.228,0.36,0.37,0.63,0.64,0.01,0.01,72313.89,1776099008000
1776099010.596,10.596,0.36,0.37,0.63,0.64,0.01,0.01,72313.89,1776099008000
1776099010.942,10.942,0.39,0.4,0.6,0.62,0.01,0.02,72313.89,1776099008000
1776099011.297,11.297,0.39,0.4,0.6,0.61,0.01,0.01,72311.32,1776099009000
1776099011.777,11.777,0.4,0.41,0.58,0.61,0.01,0.03,72311.32,1776099009000
1776099012.168,12.168,0.41,0.42,0.58,0.59,0.01,0.01,72311.32,1776099009000
1776099012.508,12.508,0.43,0.44,0.56,0.58,0.01,0.02,72310.87,1776099010000
1776099012.856,12.856,0.43,0.44,0.56,0.57,0.01,0.01,72310.87,1776099010000
1776099013.199,13.199,0.43,0.44,0.56,0.57,0.01,0.01,72310.87,1776099010000
1776099013.569,13.569,0.43,0.44,0.56,0.59,0.01,0.03,72311.77,1776099011000
1776099013.907,13.907,0.43,0.44,0.56,0.57,0.01,0.01,72311.77,1776099011000
1776099014.289,14.289,0.43,0.44,0.56,0.58,0.01,0.02,72317.4,1776099012000
1776099014.628,14.628,0.42,0.43,0.57,0.58,0.01,0.01,72317.4,1776099012000
1776099014.972,14.972,0.42,0.43,0.57,0.58,0.01,0.01,72317.4,1776099012000
1776099015.382,15.382,0.41,0.42,0.58,0.59,0.01,0.01,72317.4,1776099012000
1776099015.723,15.723,0.39,0.4,0.6,0.61,0.01,0.01,72317.4,1776099012000
1776099016.069,16.069,0.39,0.4,0.6,0.61,0.01,0.01,72326.76,1776099013000
1776099016.405,16.405,0.39,0.4,0.6,0.61,0.01,0.01,72326.76,1776099013000
1776099016.77,16.77,0.39,0.4,0.6,0.61,0.01,0.01,72327.39,1776099014000
1776099017.139,17.139,0.39,0.4,0.6,0.61,0.01,0.01,72327.39,1776099014000
1776099017.475,17.475,0.39,0.4,0.6,0.61,0.01,0.01,72327.39,1776099014000
1776099017.816,17.816,0.39,0.4,0.6,0.61,0.01,0.01,72328.82,1776099015000
1776099018.155,18.155,0.39,0.41,0.6,0.61,0.02,0.01,72328.82,1776099015000
1776099018.49,18.49,0.4,0.41,0.59,0.6,0.01,0.01,72324.74,1776099016000
1776099018.863,18.863,0.4,0.41,0.59,0.6,0.01,0.01,72324.74,1776099016000
1776099019.198,19.198,0.4,0.41,0.59,0.6,0.01,0.01,72323.47,1776099017000
1776099019.589,19.589,0.4,0.41,0.59,0.6,0.01,0.01,72323.47,1776099017000
1776099020.174,20.174,0.4,0.41,0.59,0.6,0.01,0.01,72323.53,1776099018000
1776099020.51,20.51,0.34,0.38,0.65,0.66,0.04,0.01,72324.48,1776099019000
1776099020.851,20.851,0.36,0.37,0.63,0.64,0.01,0.01,72324.48,1776099019000
1776099021.203,21.203,0.33,0.35,0.64,0.67,0.02,0.03,72324.48,1776099019000
1776099021.556,21.556,0.33,0.34,0.66,0.67,0.01,0.01,72325.57,1776099020000
1776099021.896,21.896,0.33,0.36,0.64,0.67,0.03,0.03,72325.57,1776099020000
1776099022.238,22.238,0.35,0.38,0.62,0.64,0.03,0.02,72310.23,1776099021000
1776099022.633,22.633,0.37,0.39,0.61,0.66,0.02,0.05,72310.23,1776099021000
1776099022.983,22.983,0.36,0.45,0.55,0.64,0.09,0.09,72310.23,1776099021000
1776099023.317,23.317,0.39,0.46,0.52,0.61,0.07,0.09,72313.88,1776099022000
1776099023.658,23.658,0.41,0.44,0.56,0.61,0.03,0.05,72313.88,1776099022000
1776099024.014,24.014,0.39,0.4,0.6,0.63,0.01,0.03,72313.88,1776099022000
1776099024.349,24.349,0.37,0.39,0.61,0.63,0.02,0.02,72344.51,1776099023000
1776099024.69,24.69,0.37,0.4,0.59,0.62,0.03,0.03,72344.51,1776099023000
1776099025.024,25.024,0.38,0.39,0.61,0.62,0.01,0.01,72344.51,1776099023000
1776099025.39,25.39,0.39,0.4,0.6,0.61,0.01,0.01,72326.7,1776099024000
1776099025.733,25.733,0.39,0.41,0.59,0.61,0.02,0.02,72326.7,1776099024000
1776099026.093,26.093,0.4,0.42,0.58,0.6,0.02,0.02,72326.7,1776099024000
1776099026.46,26.46,0.4,0.43,0.57,0.6,0.03,0.03,72315.49,1776099025000
1776099026.801,26.801,0.41,0.42,0.58,0.59,0.01,0.01,72315.49,1776099025000
1776099027.164,27.164,0.41,0.42,0.58,0.59,0.01,0.01,72315.49,1776099025000
1776099027.522,27.522,0.41,0.42,0.58,0.59,0.01,0.01,72318.42,1776099026000
1776099027.877,27.877,0.42,0.43,0.57,0.58,0.01,0.01,72318.42,1776099026000
1776099028.217,28.217,0.42,0.43,0.57,0.58,0.01,0.01,72319.12,1776099027000
1776099028.574,28.574,0.41,0.43,0.57,0.58,0.02,0.01,72319.12,1776099027000
1776099028.933,28.933,0.42,0.43,0.57,0.58,0.01,0.01,72319.12,1776099027000
1776099029.288,29.288,0.41,0.42,0.57,0.59,0.01,0.02,72319.12,1776099027000
1776099029.631,29.631,0.41,0.42,0.58,0.59,0.01,0.01,72319.12,1776099027000
1776099029.983,29.983,0.41,0.42,0.58,0.59,0.01,0.01,72324.51,1776099028000
1776099030.338,30.338,0.42,0.43,0.57,0.58,0.01,0.01,72324.51,1776099028000
1776099030.673,30.673,0.42,0.43,0.57,0.58,0.01,0.01,72324.65,1776099029000
1776099031.044,31.044,0.42,0.43,0.57,0.58,0.01,0.01,72324.65,1776099029000
1776099031.402,31.402,0.42,0.43,0.57,0.58,0.01,0.01,72324.77,1776099030000
1776099031.766,31.766,0.43,0.44,0.56,0.57,0.01,0.01,72324.77,1776099030000
1776099032.125,32.125,0.42,0.44,0.56,0.57,0.02,0.01,72324.77,1776099030000
1776099032.595,32.595,0.42,0.43,0.57,0.58,0.01,0.01,72325.48,1776099031000
1776099032.932,32.932,0.42,0.46,0.54,0.58,0.04,0.04,72325.48,1776099031000
1776099033.307,33.307,0.48,0.49,0.51,0.52,0.01,0.01,72325.48,1776099031000
1776099033.64,33.64,0.48,0.49,0.51,0.52,0.01,0.01,72327.28,1776099032000
1776099034.083,34.083,0.48,0.49,0.51,0.52,0.01,0.01,72327.28,1776099032000
1776099034.454,34.454,0.49,0.5,0.5,0.52,0.01,0.02,72328.61,1776099033000
1776099035.052,35.052,0.49,0.5,0.5,0.51,0.01,0.01,72328.61,1776099033000
1776099035.387,35.387,0.49,0.5,0.5,0.51,0.01,0.01,72345.56,1776099034000
1776099035.766,35.766,0.5,0.51,0.49,0.5,0.01,0.01,72345.56,1776099034000
1776099036.1,36.1,0.51,0.52,0.48,0.5,0.01,0.02,72345.56,1776099034000
1776099036.459,36.459,0.52,0.53,0.47,0.48,0.01,0.01,72350.43,1776099035000
1776099036.852,36.852,0.52,0.54,0.46,0.48,0.02,0.02,72350.43,1776099035000
1776099037.223,37.223,0.53,0.56,0.44,0.47,0.03,0.03,72363.76,1776099036000
1776099037.584,37.584,0.56,0.58,0.44,0.45,0.02,0.01,72363.76,1776099036000
1776099037.923,37.923,0.58,0.59,0.41,0.42,0.01,0.01,72363.76,1776099036000
1776099038.259,38.259,0.58,0.6,0.4,0.42,0.02,0.02,72369.34,1776099037000
1776099038.611,38.611,0.59,0.6,0.4,0.41,0.01,0.01,72369.34,1776099037000
1776099038.948,38.948,0.59,0.6,0.4,0.41,0.01,0.01,72369.34,1776099037000
1776099039.559,39.559,0.59,0.6,0.4,0.41,0.01,0.01,72383.14,1776099038000
1776099039.92,39.92,0.57,0.58,0.42,0.43,0.01,0.01,72383.14,1776099038000
1776099040.273,40.273,0.57,0.58,0.42,0.43,0.01,0.01,72383.14,1776099038000
1776099040.643,40.643,0.55,0.56,0.42,0.43,0.01,0.01,72383.53,1776099039000
1776099040.984,40.984,0.54,0.55,0.44,0.46,0.01,0.02,72383.53,1776099039000
1776099041.342,41.342,0.52,0.54,0.45,0.48,0.02,0.03,72380.48,1776099040000
1776099041.759,41.759,0.52,0.53,0.47,0.48,0.01,0.01,72380.48,1776099040000
1776099042.164,42.164,0.52,0.53,0.47,0.48,0.01,0.01,72380.48,1776099040000
1776099042.543,42.543,0.51,0.52,0.48,0.49,0.01,0.01,72370.95,1776099041000
1776099042.9,42.9,0.51,0.52,0.48,0.49,0.01,0.01,72370.95,1776099041000
1776099043.273,43.273,0.51,0.52,0.48,0.49,0.01,0.01,72370.95,1776099041000
1776099043.673,43.673,0.51,0.52,0.48,0.49,0.01,0.01,72357.63,1776099042000
1776099044.008,44.008,0.51,0.52,0.48,0.49,0.01,0.01,72357.63,1776099042000
1776099044.454,44.454,0.51,0.52,0.48,0.49,0.01,0.01,72357.63,1776099042000
1776099044.873,44.873,0.51,0.52,0.48,0.49,0.01,0.01,72357.63,1776099042000
1776099045.206,45.206,0.53,0.54,0.46,0.47,0.01,0.01,72354.71,1776099044000
1776099045.55,45.55,0.54,0.55,0.45,0.46,0.01,0.01,72354.71,1776099044000
1776099045.919,45.919,0.54,0.55,0.45,0.46,0.01,0.01,72354.71,1776099044000
1776099046.254,46.254,0.56,0.58,0.43,0.46,0.02,0.03,72354.71,1776099044000
1776099046.625,46.625,0.57,0.58,0.42,0.43,0.01,0.01,72356.6,1776099045000
1776099046.97,46.97,0.57,0.58,0.42,0.43,0.01,0.01,72356.6,1776099045000
1776099047.323,47.323,0.58,0.59,0.41,0.42,0.01,0.01,72369.48,1776099046000
1776099047.668,47.668,0.58,0.59,0.41,0.42,0.01,0.01,72369.48,1776099046000
1776099048.003,48.003,0.58,0.59,0.41,0.42,0.01,0.01,72369.48,1776099046000
1776099048.419,48.419,0.59,0.6,0.4,0.42,0.01,0.02,72379.58,1776099047000
1776099048.93,48.93,0.59,0.6,0.4,0.41,0.01,0.01,72379.58,1776099047000
1776099049.347,49.347,0.59,0.6,0.4,0.41,0.01,0.01,72381.52,1776099048000
1776099049.688,49.688,0.59,0.6,0.4,0.41,0.01,0.01,72381.52,1776099048000
1776099050.111,50.111,0.59,0.6,0.4,0.41,0.01,0.01,72381.52,1776099048000
1776099050.476,50.476,0.6,0.61,0.39,0.4,0.01,0.01,72381.64,1776099049000
1776099050.831,50.831,0.6,0.61,0.39,0.4,0.01,0.01,72381.64,1776099049000
1776099051.18,51.18,0.6,0.61,0.39,0.4,0.01,0.01,72381.64,1776099049000
1776099051.584,51.584,0.6,0.61,0.39,0.4,0.01,0.01,72385.32,1776099050000
1776099052.015,52.015,0.59,0.6,0.39,0.41,0.01,0.02,72385.32,1776099050000
1776099052.594,52.594,0.6,0.61,0.39,0.41,0.01,0.02,72386.26,1776099051000
1776099053.005,53.005,0.61,0.62,0.38,0.39,0.01,0.01,72386.26,1776099051000
1776099053.425,53.425,0.61,0.62,0.38,0.39,0.01,0.01,72384.37,1776099052000
1776099053.8,53.8,0.61,0.62,0.38,0.39,0.01,0.01,72384.37,1776099052000
1776099054.195,54.195,0.61,0.62,0.38,0.39,0.01,0.01,72384.37,1776099052000
1776099054.577,54.577,0.63,0.64,0.36,0.37,0.01,0.01,72387.79,1776099053000
1776099054.915,54.915,0.68,0.7,0.3,0.32,0.02,0.02,72387.79,1776099053000
1776099055.287,55.287,0.69,0.71,0.29,0.32,0.02,0.03,72387.79,1776099053000
1776099055.669,55.669,0.69,0.7,0.3,0.31,0.01,0.01,72389.03,1776099054000
1776099056.023,56.023,0.68,0.69,0.3,0.32,0.01,0.02,72389.03,1776099054000
1776099056.36,56.36,0.68,0.7,0.31,0.32,0.02,0.01,72401.64,1776099055000
1776099056.709,56.709,0.68,0.69,0.31,0.32,0.01,0.01,72401.64,1776099055000
1776099057.044,57.044,0.68,0.69,0.31,0.32,0.01,0.01,72401.64,1776099055000
1776099057.408,57.408,0.68,0.69,0.31,0.32,0.01,0.01,72421.1,1776099056000
1776099057.762,57.762,0.68,0.69,0.31,0.32,0.01,0.01,72421.1,1776099056000
1776099058.1,58.1,0.67,0.69,0.31,0.32,0.02,0.01,72421.1,1776099056000
1776099058.529,58.529,0.67,0.68,0.32,0.33,0.01,0.01,72421.1,1776099056000
1776099058.869,58.869,0.66,0.68,0.32,0.34,0.02,0.02,72422.0,1776099057000
1776099059.239,59.239,0.64,0.65,0.35,0.36,0.01,0.01,72421.3,1776099058000
1776099059.638,59.638,0.64,0.65,0.35,0.36,0.01,0.01,72421.3,1776099058000
1776099060.007,60.007,0.64,0.65,0.35,0.36,0.01,0.01,72421.3,1776099058000
1776099060.373,60.373,0.64,0.65,0.35,0.36,0.01,0.01,72421.3,1776099058000
1776099060.715,60.715,0.64,0.65,0.35,0.36,0.01,0.01,72409.89,1776099059000
1776099061.055,61.055,0.65,0.66,0.34,0.35,0.01,0.01,72400.77,1776099060000
1776099061.434,61.434,0.65,0.66,0.34,0.35,0.01,0.01,72400.77,1776099060000
1776099061.772,61.772,0.66,0.67,0.32,0.35,0.01,0.03,72400.77,1776099060000
1776099062.107,62.107,0.67,0.68,0.32,0.33,0.01,0.01,72401.3,1776099061000
1776099062.566,62.566,0.67,0.68,0.32,0.33,0.01,0.01,72401.3,1776099061000
1776099062.934,62.934,0.7,0.71,0.29,0.3,0.01,0.01,72401.3,1776099061000
1776099063.316,63.316,0.72,0.73,0.27,0.3,0.01,0.03,72406.3,1776099062000
1776099063.657,63.657,0.73,0.74,0.26,0.28,0.01,0.02,72406.3,1776099062000
1776099064.023,64.023,0.73,0.74,0.26,0.27,0.01,0.01,72406.3,1776099062000
1776099064.362,64.362,0.73,0.75,0.25,0.26,0.02,0.01,72411.49,1776099063000
1776099064.978,64.978,0.78,0.79,0.2,0.22,0.01,0.02,72411.49,1776099063000
1776099065.319,65.319,0.78,0.79,0.21,0.22,0.01,0.01,72423.76,1776099064000
1776099065.653,65.653,0.78,0.79,0.21,0.23,0.01,0.02,72423.76,1776099064000
1776099066.019,66.019,0.78,0.79,0.21,0.22,0.01,0.01,72423.76,1776099064000
1776099066.355,66.355,0.75,0.78,0.22,0.24,0.03,0.02,72448.83,1776099065000
1776099066.727,66.727,0.74,0.75,0.25,0.26,0.01,0.01,72448.83,1776099065000
1776099067.072,67.072,0.72,0.74,0.26,0.27,0.02,0.01,72448.83,1776099065000
1776099067.506,67.506,0.73,0.74,0.26,0.27,0.01,0.01,72449.93,1776099066000
1776099067.85,67.85,0.73,0.74,0.26,0.27,0.01,0.01,72449.93,1776099066000
1776099068.228,68.228,0.72,0.73,0.27,0.29,0.01,0.02,72444.67,1776099067000
1776099068.567,68.567,0.72,0.74,0.27,0.28,0.02,0.01,72444.67,1776099067000
1776099068.953,68.953,0.73,0.74,0.26,0.28,0.01,0.02,72444.67,1776099067000
1776099069.315,69.315,0.73,0.74,0.26,0.27,0.01,0.01,72437.33,1776099068000
1776099069.67,69.67,0.71,0.73,0.28,0.29,0.02,0.01,72437.33,1776099068000
1776099070.009,70.009,0.7,0.71,0.29,0.3,0.01,0.01,72431.96,1776099069000
1776099070.402,70.402,0.7,0.71,0.29,0.3,0.01,0.01,72431.96,1776099069000
1776099070.751,70.751,0.7,0.71,0.29,0.3,0.01,0.01,72431.96,1776099069000
1776099071.108,71.108,0.7,0.71,0.29,0.3,0.01,0.01,72431.96,1776099069000
1776099071.499,71.499,0.7,0.71,0.29,0.3,0.01,0.01,72430.23,1776099070000
1776099071.998,71.998,0.68,0.69,0.3,0.32,0.01,0.02,72430.23,1776099070000
1776099072.349,72.349,0.68,0.69,0.31,0.32,0.01,0.01,72424.4,1776099071000
1776099072.691,72.691,0.7,0.71,0.29,0.3,0.01,0.01,72424.4,1776099071000
1776099073.056,73.056,0.71,0.72,0.28,0.3,0.01,0.02,72424.4,1776099071000
1776099073.526,73.526,0.71,0.72,0.28,0.29,0.01,0.01,72424.4,1776099071000
1776099074.253,74.253,0.71,0.72,0.28,0.29,0.01,0.01,72424.69,1776099072000
1776099074.698,74.698,0.69,0.72,0.28,0.29,0.03,0.01,72425.37,1776099073000
1776099075.105,75.105,0.69,0.7,0.3,0.31,0.01,0.01,72425.37,1776099073000
1776099075.439,75.439,0.69,0.7,0.3,0.31,0.01,0.01,72425.54,1776099074000
1776099075.78,75.78,0.69,0.7,0.3,0.31,0.01,0.01,72425.54,1776099074000
1776099076.138,76.138,0.67,0.68,0.32,0.33,0.01,0.01,72425.54,1776099074000
1776099076.487,76.487,0.67,0.68,0.32,0.33,0.01,0.01,72426.27,1776099075000
1776099076.853,76.853,0.66,0.67,0.32,0.34,0.01,0.02,72426.27,1776099075000
1776099077.193,77.193,0.66,0.67,0.33,0.34,0.01,0.01,72426.27,1776099075000
1776099077.648,77.648,0.66,0.67,0.33,0.34,0.01,0.01,72423.65,1776099076000
1776099078.041,78.041,0.66,0.67,0.33,0.34,0.01,0.01,72419.49,1776099077000
1776099078.392,78.392,0.66,0.67,0.33,0.34,0.01,0.01,72419.49,1776099077000
1776099078.746,78.746,0.66,0.68,0.33,0.34,0.02,0.01,72419.49,1776099077000
1776099079.083,79.083,0.67,0.68,0.32,0.33,0.01,0.01,72419.49,1776099077000
1776099079.444,79.444,0.67,0.7,0.3,0.33,0.03,0.03,72414.99,1776099078000
1776099079.933,79.933,0.69,0.7,0.3,0.33,0.01,0.03,72414.99,1776099078000
1776099080.269,80.269,0.69,0.7,0.3,0.31,0.01,0.01,72413.88,1776099079000
1776099080.604,80.604,0.69,0.7,0.3,0.31,0.01,0.01,72413.88,1776099079000
1776099081.009,81.009,0.7,0.71,0.29,0.31,0.01,0.02,72413.88,1776099079000
1776099081.502,81.502,0.69,0.7,0.3,0.31,0.01,0.01,72415.9,1776099080000
1776099081.862,81.862,0.69,0.7,0.3,0.31,0.01,0.01,72415.9,1776099080000
1776099082.21,82.21,0.67,0.69,0.3,0.32,0.02,0.02,72415.9,1776099080000
1776099082.564,82.564,0.67,0.68,0.32,0.33,0.01,0.01,72416.71,1776099081000
1776099083.019,83.019,0.67,0.68,0.32,0.33,0.01,0.01,72416.71,1776099081000
1776099083.452,83.452,0.67,0.68,0.32,0.33,0.01,0.01,72416.71,1776099081000
1776099083.879,83.879,0.67,0.68,0.32,0.33,0.01,0.01,72412.13,1776099082000
1776099084.238,84.238,0.68,0.69,0.31,0.33,0.01,0.02,72408.78,1776099083000
1776099084.746,84.746,0.68,0.69,0.31,0.32,0.01,0.01,72408.78,1776099083000
1776099085.277,85.277,0.67,0.69,0.31,0.32,0.02,0.01,72408.78,1776099083000
1776099085.723,85.723,0.67,0.68,0.32,0.33,0.01,0.01,72406.05,1776099084000
1776099086.345,86.345,0.66,0.67,0.32,0.33,0.01,0.01,72406.05,1776099084000
1776099086.723,86.723,0.66,0.67,0.33,0.34,0.01,0.01,72406.05,1776099084000
1776099087.329,87.329,0.66,0.67,0.33,0.34,0.01,0.01,72407.81,1776099086000
1776099087.69,87.69,0.66,0.67,0.33,0.34,0.01,0.01,72407.81,1776099086000
1776099088.06,88.06,0.66,0.67,0.33,0.34,0.01,0.01,72407.23,1776099087000
1776099088.577,88.577,0.66,0.67,0.33,0.34,0.01,0.01,72407.23,1776099087000
1776099088.943,88.943,0.65,0.66,0.34,0.35,0.01,0.01,72407.23,1776099087000
1776099089.33,89.33,0.64,0.65,0.35,0.36,0.01,0.01,72404.06,1776099088000
1776099089.67,89.67,0.63,0.64,0.35,0.37,0.01,0.02,72404.06,1776099088000
1776099090.066,90.066,0.63,0.64,0.36,0.37,0.01,0.01,72398.64,1776099089000
1776099090.635,90.635,0.62,0.63,0.37,0.38,0.01,0.01,72398.64,1776099089000
1776099091.18,91.18,0.59,0.6,0.4,0.41,0.01,0.01,72398.64,1776099089000
1776099091.676,91.676,0.58,0.59,0.4,0.41,0.01,0.01,72390.1,1776099090000
1776099092.131,92.131,0.57,0.58,0.42,0.44,0.01,0.02,72390.1,1776099090000
1776099092.471,92.471,0.57,0.58,0.42,0.43,0.01,0.01,72390.1,1776099090000
1776099093.01,93.01,0.56,0.57,0.43,0.44,0.01,0.01,72385.57,1776099091000
1776099093.347,93.347,0.54,0.56,0.44,0.46,0.02,0.02,72385.57,1776099091000
1776099093.689,93.689,0.48,0.51,0.49,0.52,0.03,0.03,72380.3,1776099092000
1776099094.032,94.032,0.49,0.5,0.5,0.52,0.01,0.02,72380.3,1776099092000
1776099094.388,94.388,0.48,0.5,0.5,0.51,0.02,0.01,72378.81,1776099093000
1776099094.767,94.767,0.46,0.49,0.51,0.53,0.03,0.02,72378.81,1776099093000
1776099095.236,95.236,0.47,0.48,0.52,0.53,0.01,0.01,72378.81,1776099093000
1776099095.63,95.63,0.47,0.48,0.52,0.53,0.01,0.01,72360.38,1776099094000
1776099095.979,95.979,0.46,0.47,0.53,0.54,0.01,0.01,72360.38,1776099094000
1776099096.314,96.314,0.46,0.47,0.53,0.54,0.01,0.01,72360.38,1776099094000
1776099096.691,96.691,0.46,0.47,0.53,0.54,0.01,0.01,72355.08,1776099095000
1776099097.057,97.057,0.46,0.47,0.53,0.54,0.01,0.01,72355.08,1776099095000
1776099097.391,97.391,0.46,0.47,0.53,0.54,0.01,0.01,72354.11,1776099096000
1776099097.807,97.807,0.46,0.47,0.53,0.54,0.01,0.01,72354.11,1776099096000
1776099098.141,98.141,0.46,0.47,0.53,0.54,0.01,0.01,72354.11,1776099096000
1776099098.551,98.551,0.46,0.47,0.53,0.54,0.01,0.01,72351.28,1776099097000
1776099098.907,98.907,0.46,0.47,0.53,0.54,0.01,0.01,72351.28,1776099097000
1776099099.36,99.36,0.46,0.47,0.53,0.54,0.01,0.01,72352.58,1776099098000
1776099099.722,99.722,0.46,0.47,0.53,0.54,0.01,0.01,72352.58,1776099098000
1776099100.154,100.154,0.46,0.47,0.53,0.54,0.01,0.01,72352.58,1776099098000
1776099100.733,100.733,0.46,0.47,0.53,0.54,0.01,0.01,72354.02,1776099099000
1776099101.077,101.077,0.46,0.47,0.53,0.54,0.01,0.01,72354.02,1776099099000
1776099101.489,101.489,0.46,0.47,0.53,0.54,0.01,0.01,72354.77,1776099100000
1776099101.823,101.823,0.46,0.47,0.53,0.54,0.01,0.01,72354.77,1776099100000
1776099102.307,102.307,0.46,0.47,0.53,0.54,0.01,0.01,72354.78,1776099101000
1776099102.667,102.667,0.45,0.46,0.54,0.55,0.01,0.01,72354.78,1776099101000
1776099103.001,103.001,0.44,0.45,0.55,0.57,0.01,0.02,72354.78,1776099101000
1776099103.383,103.383,0.43,0.45,0.55,0.57,0.02,0.02,72354.78,1776099102000
1776099103.733,103.733,0.43,0.44,0.56,0.57,0.01,0.01,72354.78,1776099102000
1776099104.092,104.092,0.43,0.44,0.56,0.57,0.01,0.01,72350.27,1776099103000
1776099104.425,104.425,0.43,0.44,0.56,0.57,0.01,0.01,72350.27,1776099103000
1776099104.88,104.88,0.43,0.44,0.56,0.57,0.01,0.01,72350.27,1776099103000
1776099105.259,105.259,0.43,0.44,0.56,0.57,0.01,0.01,72350.27,1776099103000
1776099105.708,105.708,0.42,0.43,0.56,0.58,0.01,0.02,72345.91,1776099104000
1776099106.351,106.351,0.42,0.43,0.57,0.58,0.01,0.01,72345.91,1776099104000
1776099106.711,106.711,0.42,0.43,0.57,0.58,0.01,0.01,72346.46,1776099105000
1776099107.074,107.074,0.4,0.41,0.57,0.6,0.01,0.03,72346.46,1776099105000
1776099107.421,107.421,0.4,0.41,0.59,0.6,0.01,0.01,72345.93,1776099106000
1776099107.782,107.782,0.41,0.42,0.58,0.59,0.01,0.01,72345.93,1776099106000
1776099108.123,108.123,0.41,0.43,0.58,0.59,0.02,0.01,72345.93,1776099106000
1776099108.717,108.717,0.42,0.43,0.57,0.59,0.01,0.02,72341.01,1776099107000
1776099109.117,109.117,0.47,0.48,0.52,0.53,0.01,0.01,72341.01,1776099107000
1776099109.537,109.537,0.47,0.48,0.52,0.53,0.01,0.01,72340.32,1776099108000
1776099109.933,109.933,0.47,0.48,0.52,0.53,0.01,0.01,72340.32,1776099108000
1776099110.354,110.354,0.47,0.48,0.52,0.53,0.01,0.01,72340.32,1776099108000
1776099110.817,110.817,0.46,0.47,0.53,0.54,0.01,0.01,72346.63,1776099109000
1776099111.157,111.157,0.42,0.46,0.54,0.58,0.04,0.04,72346.63,1776099109000
1776099111.499,111.499,0.44,0.45,0.55,0.56,0.01,0.01,72347.42,1776099110000
1776099111.846,111.846,0.42,0.45,0.55,0.58,0.03,0.03,72346.97,1776099111000
1776099112.201,112.201,0.41,0.42,0.58,0.59,0.01,0.01,72346.97,1776099111000
1776099112.781,112.781,0.4,0.43,0.57,0.58,0.03,0.01,72346.97,1776099111000
1776099113.125,113.125,0.41,0.42,0.58,0.59,0.01,0.01,72342.4,1776099112000
1776099113.472,113.472,0.4,0.42,0.58,0.6,0.02,0.02,72342.4,1776099112000
1776099113.856,113.856,0.4,0.41,0.59,0.6,0.01,0.01,72342.4,1776099112000
1776099114.273,114.273,0.4,0.41,0.59,0.6,0.01,0.01,72338.45,1776099113000
1776099114.676,114.676,0.4,0.41,0.59,0.6,0.01,0.01,72338.45,1776099113000
1776099115.032,115.032,0.39,0.4,0.6,0.61,0.01,0.01,72338.01,1776099114000
1776099115.531,115.531,0.38,0.39,0.61,0.62,0.01,0.01,72338.01,1776099114000
1776099116.013,116.013,0.38,0.39,0.61,0.62,0.01,0.01,72337.1,1776099115000
1776099116.425,116.425,0.37,0.38,0.62,0.63,0.01,0.01,72337.1,1776099115000
1776099116.866,116.866,0.36,0.38,0.62,0.63,0.02,0.01,72337.1,1776099115000
1776099117.213,117.213,0.36,0.37,0.63,0.64,0.01,0.01,72336.2,1776099116000
1776099117.593,117.593,0.35,0.36,0.63,0.65,0.01,0.02,72336.2,1776099116000
1776099117.943,117.943,0.35,0.36,0.64,0.65,0.01,0.01,72336.2,1776099116000
1776099118.294,118.294,0.35,0.36,0.64,0.65,0.01,0.01,72335.69,1776099117000
1776099118.635,118.635,0.36,0.37,0.63,0.64,0.01,0.01,72335.69,1776099117000
1776099118.969,118.969,0.36,0.37,0.63,0.64,0.01,0.01,72335.69,1776099117000
1776099119.465,119.465,0.36,0.37,0.63,0.64,0.01,0.01,72332.86,1776099118000
1776099119.92,119.92,0.36,0.37,0.63,0.64,0.01,0.01,72332.86,1776099118000
1776099120.307,120.307,0.35,0.36,0.64,0.65,0.01,0.01,72332.86,1776099118000
1776099120.787,120.787,0.34,0.36,0.64,0.66,0.02,0.02,72328.73,1776099119000
1776099121.149,121.149,0.3,0.32,0.67,0.7,0.02,0.03,72328.73,1776099119000
1776099121.485,121.485,0.3,0.31,0.69,0.7,0.01,0.01,72328.64,1776099120000
1776099121.825,121.825,0.27,0.31,0.69,0.73,0.04,0.04,72328.64,1776099120000
1776099122.175,122.175,0.26,0.27,0.73,0.74,0.01,0.01,72328.64,1776099120000
1776099122.538,122.538,0.25,0.26,0.74,0.75,0.01,0.01,72328.64,1776099120000
1776099122.925,122.925,0.25,0.26,0.74,0.75,0.01,0.01,72328.64,1776099120000
1776099123.356,123.356,0.26,0.27,0.73,0.74,0.01,0.01,72319.37,1776099122000
1776099123.759,123.759,0.26,0.27,0.73,0.74,0.01,0.01,72319.37,1776099122000
1776099124.12,124.12,0.25,0.26,0.74,0.75,0.01,0.01,72319.37,1776099122000
1776099124.461,124.461,0.25,0.26,0.74,0.75,0.01,0.01,72319.37,1776099122000
1776099124.817,124.817,0.25,0.26,0.74,0.75,0.01,0.01,72304.69,1776099123000
1776099125.213,125.213,0.25,0.26,0.74,0.75,0.01,0.01,72304.69,1776099123000
1776099125.663,125.663,0.26,0.27,0.73,0.74,0.01,0.01,72303.99,1776099124000
1776099126.111,126.111,0.25,0.26,0.74,0.75,0.01,0.01,72303.99,1776099124000
1776099126.447,126.447,0.25,0.26,0.74,0.75,0.01,0.01,72303.99,1776099124000
1776099126.812,126.812,0.25,0.26,0.74,0.75,0.01,0.01,72303.4,1776099125000
1776099127.148,127.148,0.26,0.27,0.73,0.74,0.01,0.01,72303.4,1776099125000
1776099127.688,127.688,0.27,0.28,0.73,0.74,0.01,0.01,72302.62,1776099126000
1776099128.037,128.037,0.28,0.29,0.71,0.73,0.01,0.02,72302.62,1776099126000
1776099128.521,128.521,0.31,0.32,0.69,0.71,0.01,0.02,72302.62,1776099126000
1776099128.864,128.864,0.31,0.32,0.68,0.69,0.01,0.01,72302.6,1776099127000
1776099129.198,129.198,0.31,0.33,0.68,0.69,0.02,0.01,72302.6,1776099127000
1776099129.556,129.556,0.32,0.33,0.67,0.68,0.01,0.01,72302.6,1776099127000
1776099129.918,129.918,0.32,0.33,0.67,0.68,0.01,0.01,72305.86,1776099128000
1776099130.317,130.317,0.32,0.33,0.67,0.68,0.01,0.01,72312.8,1776099129000
1776099130.667,130.667,0.33,0.34,0.66,0.68,0.01,0.02,72312.8,1776099129000
1776099131.051,131.051,0.33,0.34,0.66,0.67,0.01,0.01,72312.8,1776099129000
1776099131.569,131.569,0.32,0.34,0.66,0.68,0.02,0.02,72314.15,1776099130000
1776099131.911,131.911,0.32,0.33,0.67,0.69,0.01,0.02,72314.15,1776099130000
1776099132.3,132.3,0.32,0.33,0.67,0.68,0.01,0.01,72314.15,1776099130000
1776099132.703,132.703,0.33,0.34,0.66,0.68,0.01,0.02,72314.36,1776099131000
1776099133.042,133.042,0.33,0.34,0.66,0.67,0.01,0.01,72314.36,1776099131000
1776099133.42,133.42,0.33,0.34,0.66,0.68,0.01,0.02,72314.36,1776099131000
1776099133.825,133.825,0.32,0.34,0.66,0.67,0.02,0.01,72314.56,1776099132000
1776099134.2,134.2,0.31,0.32,0.67,0.68,0.01,0.01,72314.56,1776099132000
1776099134.562,134.562,0.31,0.32,0.68,0.69,0.01,0.01,72317.31,1776099133000
1776099135.167,135.167,0.31,0.32,0.68,0.69,0.01,0.01,72317.31,1776099133000
1776099135.525,135.525,0.3,0.31,0.69,0.7,0.01,0.01,72317.31,1776099133000
1776099136.237,136.237,0.3,0.31,0.69,0.7,0.01,0.01,72315.78,1776099135000
1776099136.631,136.631,0.25,0.27,0.73,0.75,0.02,0.02,72315.78,1776099135000
1776099137.013,137.013,0.26,0.27,0.73,0.74,0.01,0.01,72315.78,1776099135000
1776099137.414,137.414,0.27,0.28,0.72,0.74,0.01,0.02,72315.78,1776099135000
1776099137.767,137.767,0.27,0.28,0.72,0.73,0.01,0.01,72315.78,1776099135000
1776099138.224,138.224,0.27,0.29,0.72,0.73,0.02,0.01,72313.17,1776099136000
1776099138.613,138.613,0.33,0.34,0.66,0.67,0.01,0.01,72313.17,1776099136000
1776099138.964,138.964,0.33,0.34,0.66,0.67,0.01,0.01,72309.38,1776099137000
1776099139.419,139.419,0.33,0.34,0.66,0.67,0.01,0.01,72308.09,1776099138000
1776099139.785,139.785,0.32,0.33,0.67,0.69,0.01,0.02,72308.09,1776099138000
1776099140.119,140.119,0.32,0.33,0.67,0.68,0.01,0.01,72308.09,1776099138000
1776099140.598,140.598,0.32,0.33,0.67,0.68,0.01,0.01,72314.34,1776099139000
1776099141.143,141.143,0.33,0.34,0.66,0.67,0.01,0.01,72314.44,1776099140000
1776099141.6,141.6,0.34,0.35,0.65,0.66,0.01,0.01,72314.44,1776099140000
1776099142.006,142.006,0.34,0.35,0.65,0.66,0.01,0.01,72314.44,1776099140000
1776099142.411,142.411,0.34,0.35,0.65,0.66,0.01,0.01,72314.44,1776099140000
1776099142.809,142.809,0.35,0.36,0.64,0.66,0.01,0.02,72316.42,1776099141000
1776099143.159,143.159,0.35,0.36,0.64,0.67,0.01,0.03,72317.97,1776099142000
1776099143.625,143.625,0.35,0.36,0.64,0.65,0.01,0.01,72317.97,1776099142000
1776099143.963,143.963,0.35,0.36,0.64,0.65,0.01,0.01,72317.97,1776099142000
1776099144.324,144.324,0.35,0.36,0.64,0.65,0.01,0.01,72319.88,1776099143000
1776099144.803,144.803,0.36,0.37,0.63,0.65,0.01,0.02,72319.88,1776099143000
1776099145.398,145.398,0.36,0.37,0.63,0.64,0.01,0.01,72321.86,1776099144000
1776099146.031,146.031,0.36,0.37,0.63,0.64,0.01,0.01,72326.59,1776099145000
1776099146.539,146.539,0.26,0.31,0.67,0.74,0.05,0.07,72326.59,1776099145000
1776099146.954,146.954,0.32,0.33,0.66,0.68,0.01,0.02,72326.59,1776099145000
1776099147.302,147.302,0.27,0.28,0.71,0.73,0.01,0.02,72318.87,1776099146000
1776099147.66,147.66,0.27,0.28,0.72,0.73,0.01,0.01,72318.87,1776099146000
1776099148.006,148.006,0.25,0.28,0.72,0.75,0.03,0.03,72318.87,1776099146000
1776099148.435,148.435,0.24,0.25,0.75,0.76,0.01,0.01,72308.4,1776099147000
1776099148.852,148.852,0.24,0.25,0.75,0.76,0.01,0.01,72308.4,1776099147000
1776099149.202,149.202,0.24,0.27,0.73,0.76,0.03,0.03,72303.94,1776099148000
1776099149.543,149.543,0.25,0.26,0.74,0.75,0.01,0.01,72303.94,1776099148000
1776099149.902,149.902,0.25,0.26,0.74,0.75,0.01,0.01,72303.94,1776099148000
1776099150.332,150.332,0.25,0.26,0.74,0.75,0.01,0.01,72294.85,1776099149000
1776099150.757,150.757,0.26,0.27,0.73,0.74,0.01,0.01,72294.85,1776099149000
1776099151.115,151.115,0.26,0.27,0.73,0.74,0.01,0.01,72299.44,1776099150000
1776099151.451,151.451,0.26,0.27,0.73,0.74,0.01,0.01,72299.44,1776099150000
1776099151.888,151.888,0.26,0.27,0.73,0.74,0.01,0.01,72299.44,1776099150000
1776099152.449,152.449,0.26,0.27,0.73,0.74,0.01,0.01,72301.38,1776099151000
1776099152.791,152.791,0.26,0.27,0.73,0.74,0.01,0.01,72301.38,1776099151000
1776099153.191,153.191,0.26,0.27,0.73,0.74,0.01,0.01,72302.88,1776099152000
1776099153.749,153.749,0.26,0.28,0.73,0.74,0.02,0.01,72302.88,1776099152000
1776099154.087,154.087,0.27,0.29,0.71,0.73,0.02,0.02,72302.88,1776099153000
1776099154.477,154.477,0.29,0.3,0.7,0.71,0.01,0.01,72302.88,1776099153000
1776099154.875,154.875,0.29,0.3,0.7,0.71,0.01,0.01,72302.88,1776099153000
1776099155.212,155.212,0.32,0.35,0.65,0.68,0.03,0.03,72309.01,1776099154000
1776099155.546,155.546,0.32,0.33,0.67,0.68,0.01,0.01,72309.01,1776099154000
1776099156.005,156.005,0.33,0.34,0.66,0.68,0.01,0.02,72309.01,1776099154000
1776099156.509,156.509,0.33,0.34,0.66,0.67,0.01,0.01,72312.54,1776099155000
1776099156.9,156.9,0.34,0.35,0.65,0.67,0.01,0.02,72312.54,1776099155000
1776099157.321,157.321,0.35,0.36,0.64,0.66,0.01,0.02,72316.73,1776099156000
1776099157.689,157.689,0.35,0.36,0.64,0.65,0.01,0.01,72316.73,1776099156000
1776099158.028,158.028,0.35,0.36,0.64,0.65,0.01,0.01,72317.26,1776099157000
1776099158.495,158.495,0.34,0.35,0.64,0.66,0.01,0.02,72317.26,1776099157000
1776099159.019,159.019,0.34,0.35,0.65,0.66,0.01,0.01,72322.9,1776099158000
1776099159.444,159.444,0.34,0.35,0.65,0.66,0.01,0.01,72322.9,1776099158000
1776099159.812,159.812,0.35,0.36,0.64,0.65,0.01,0.01,72322.9,1776099158000
1776099160.43,160.43,0.35,0.36,0.64,0.65,0.01,0.01,72322.4,1776099159000
1776099160.846,160.846,0.34,0.36,0.64,0.65,0.02,0.01,72322.4,1776099159000
1776099161.364,161.364,0.33,0.34,0.64,0.66,0.01,0.02,72322.03,1776099160000
1776099161.699,161.699,0.3,0.33,0.68,0.7,0.03,0.02,72322.03,1776099160000
1776099162.036,162.036,0.29,0.31,0.69,0.7,0.02,0.01,72322.28,1776099161000
1776099162.42,162.42,0.29,0.3,0.7,0.71,0.01,0.01,72322.28,1776099161000
1776099162.977,162.977,0.26,0.3,0.7,0.73,0.04,0.03,72322.28,1776099161000
1776099163.498,163.498,0.26,0.27,0.73,0.74,0.01,0.01,72316.36,1776099162000
1776099163.913,163.913,0.27,0.28,0.72,0.73,0.01,0.01,72316.36,1776099162000
1776099164.272,164.272,0.27,0.29,0.71,0.73,0.02,0.02,72311.85,1776099163000
1776099164.819,164.819,0.28,0.29,0.71,0.73,0.01,0.02,72311.85,1776099163000
1776099165.186,165.186,0.28,0.29,0.71,0.72,0.01,0.01,72311.85,1776099163000
1776099165.643,165.643,0.26,0.27,0.72,0.73,0.01,0.01,72310.13,1776099164000
1776099166.277,166.277,0.26,0.27,0.73,0.74,0.01,0.01,72310.13,1776099164000
1776099166.665,166.665,0.25,0.26,0.73,0.75,0.01,0.02,72311.85,1776099165000
1776099167.211,167.211,0.24,0.25,0.75,0.76,0.01,0.01,72311.85,1776099165000
1776099167.621,167.621,0.24,0.26,0.75,0.76,0.02,0.01,72310.14,1776099166000
1776099167.964,167.964,0.26,0.27,0.73,0.74,0.01,0.01,72310.14,1776099166000
1776099168.317,168.317,0.26,0.27,0.73,0.74,0.01,0.01,72308.4,1776099167000
1776099168.654,168.654,0.26,0.27,0.73,0.74,0.01,0.01,72308.4,1776099167000
1776099169.011,169.011,0.26,0.27,0.73,0.74,0.01,0.01,72308.4,1776099167000
1776099169.356,169.356,0.26,0.28,0.73,0.74,0.02,0.01,72308.05,1776099168000
1776099169.869,169.869,0.27,0.28,0.72,0.73,0.01,0.01,72308.05,1776099168000
1776099170.237,170.237,0.26,0.27,0.73,0.74,0.01,0.01,72309.03,1776099169000
1776099171.117,171.117,0.26,0.27,0.73,0.74,0.01,0.01,72309.81,1776099170000
1776099171.847,171.847,0.26,0.28,0.72,0.74,0.02,0.02,72309.81,1776099170000
1776099172.214,172.214,0.23,0.25,0.75,0.76,0.02,0.01,72308.68,1776099171000
1776099172.579,172.579,0.23,0.25,0.75,0.77,0.02,0.02,72308.68,1776099171000
1776099172.918,172.918,0.23,0.24,0.76,0.77,0.01,0.01,72308.68,1776099171000
1776099173.272,173.272,0.23,0.24,0.76,0.77,0.01,0.01,72305.92,1776099172000
1776099173.65,173.65,0.23,0.24,0.76,0.77,0.01,0.01,72305.92,1776099172000
1776099174.019,174.019,0.2,0.24,0.76,0.78,0.04,0.02,72305.92,1776099172000
1776099174.363,174.363,0.2,0.21,0.79,0.8,0.01,0.01,72302.25,1776099173000
1776099174.7,174.7,0.2,0.21,0.79,0.8,0.01,0.01,72302.25,1776099173000
1776099175.104,175.104,0.2,0.21,0.79,0.8,0.01,0.01,72297.78,1776099174000
1776099175.526,175.526,0.2,0.21,0.79,0.8,0.01,0.01,72297.78,1776099174000
1776099175.862,175.862,0.18,0.2,0.8,0.81,0.02,0.01,72297.78,1776099174000
1776099176.202,176.202,0.18,0.19,0.81,0.82,0.01,0.01,72292.6,1776099175000
1776099176.611,176.611,0.18,0.19,0.81,0.83,0.01,0.02,72292.6,1776099175000
1776099176.962,176.962,0.18,0.19,0.81,0.82,0.01,0.01,72292.6,1776099175000
1776099178.493,178.493,0.17,0.18,0.82,0.83,0.01,0.01,72287.54,1776099177000
1776099178.918,178.918,0.17,0.18,0.82,0.83,0.01,0.01,72287.54,1776099177000
1776099180.15,180.15,0.17,0.18,0.82,0.83,0.01,0.01,72274.37,1776099179000
1776099181.034,181.034,0.16,0.18,0.82,0.83,0.02,0.01,72274.37,1776099179000
1776099181.377,181.377,0.16,0.18,0.83,0.84,0.02,0.01,72274.37,1776099179000
1776099181.741,181.741,0.15,0.16,0.82,0.85,0.01,0.03,72272.63,1776099180000
1776099182.084,182.084,0.16,0.17,0.83,0.86,0.01,0.03,72272.63,1776099180000
1776099182.45,182.45,0.15,0.16,0.84,0.85,0.01,0.01,72272.63,1776099180000
1776099182.793,182.793,0.15,0.16,0.84,0.85,0.01,0.01,72272.63,1776099180000
1776099183.13,183.13,0.15,0.16,0.84,0.85,0.01,0.01,72272.37,1776099181000
1776099183.463,183.463,0.15,0.16,0.84,0.85,0.01,0.01,72272.37,1776099182000
1776099183.823,183.823,0.15,0.16,0.84,0.85,0.01,0.01,72272.37,1776099182000
1776099184.172,184.172,0.15,0.16,0.84,0.85,0.01,0.01,72272.37,1776099182000
1776099184.649,184.649,0.14,0.16,0.84,0.85,0.02,0.01,72272.11,1776099183000
1776099185.003,185.003,0.14,0.16,0.85,0.86,0.02,0.01,72272.11,1776099183000
1776099185.415,185.415,0.14,0.15,0.85,0.86,0.01,0.01,72272.1,1776099184000
1776099185.823,185.823,0.14,0.15,0.85,0.86,0.01,0.01,72272.1,1776099184000
1776099186.164,186.164,0.14,0.15,0.85,0.86,0.01,0.01,72272.06,1776099185000
1776099186.61,186.61,0.14,0.15,0.85,0.86,0.01,0.01,72272.06,1776099185000
1776099186.977,186.977,0.14,0.15,0.85,0.86,0.01,0.01,72272.06,1776099185000
1776099187.513,187.513,0.14,0.15,0.85,0.86,0.01,0.01,72272.18,1776099186000
1776099187.925,187.925,0.14,0.15,0.85,0.86,0.01,0.01,72272.06,1776099187000
1776099189.029,189.029,0.14,0.15,0.85,0.86,0.01,0.01,72272.06,1776099187000
1776099189.388,189.388,0.12,0.13,0.85,0.87,0.01,0.02,72268.33,1776099188000
1776099189.75,189.75,0.11,0.12,0.88,0.89,0.01,0.01,72268.33,1776099188000
1776099190.141,190.141,0.11,0.12,0.88,0.89,0.01,0.01,72265.1,1776099189000
1776099190.476,190.476,0.11,0.12,0.87,0.89,0.01,0.02,72265.1,1776099189000
1776099190.881,190.881,0.11,0.12,0.88,0.89,0.01,0.01,72265.1,1776099189000
1776099191.253,191.253,0.11,0.12,0.88,0.89,0.01,0.01,72268.39,1776099190000
1776099191.586,191.586,0.11,0.12,0.88,0.89,0.01,0.01,72268.39,1776099190000
1776099191.997,191.997,0.12,0.14,0.87,0.89,0.02,0.02,72268.39,1776099190000
1776099192.39,192.39,0.12,0.13,0.87,0.88,0.01,0.01,72268.4,1776099191000
1776099192.809,192.809,0.12,0.13,0.87,0.88,0.01,0.01,72268.4,1776099191000
1776099193.144,193.144,0.08,0.11,0.89,0.91,0.03,0.02,72268.4,1776099191000
1776099193.479,193.479,0.05,0.08,0.92,0.95,0.03,0.03,72268.47,1776099192000
1776099193.894,193.894,0.05,0.06,0.92,0.95,0.01,0.03,72268.47,1776099192000
1776099194.309,194.309,0.05,0.06,0.94,0.95,0.01,0.01,72269.35,1776099193000
1776099194.74,194.74,0.05,0.06,0.94,0.95,0.01,0.01,72269.35,1776099193000
1776099195.174,195.174,0.05,0.07,0.93,0.95,0.02,0.02,72244.98,1776099194000
1776099195.957,195.957,0.05,0.06,0.94,0.95,0.01,0.01,72244.98,1776099194000
1776099196.603,196.603,0.05,0.06,0.94,0.95,0.01,0.01,72234.27,1776099195000
1776099197.267,197.267,0.05,0.07,0.92,0.95,0.02,0.03,72234.27,1776099195000
1776099197.64,197.64,0.05,0.06,0.94,0.95,0.01,0.01,72225.49,1776099196000
1776099197.975,197.975,0.05,0.06,0.94,0.95,0.01,0.01,72225.49,1776099196000
1776099198.366,198.366,0.05,0.06,0.94,0.95,0.01,0.01,72208.96,1776099197000
1776099198.728,198.728,0.05,0.09,0.91,0.95,0.04,0.04,72208.96,1776099197000
1776099199.067,199.067,0.05,0.06,0.94,0.95,0.01,0.01,72205.63,1776099198000
1776099199.447,199.447,0.05,0.06,0.94,0.95,0.01,0.01,72205.63,1776099198000
1776099199.78,199.78,0.05,0.06,0.94,0.95,0.01,0.01,72205.63,1776099198000
1776099200.114,200.114,0.05,0.06,0.94,0.95,0.01,0.01,72205.23,1776099199000
1776099200.558,200.558,0.05,0.09,0.94,0.95,0.04,0.01,72205.23,1776099199000
1776099200.894,200.894,0.04,0.06,0.94,0.96,0.02,0.02,72205.23,1776099199000
1776099201.249,201.249,0.04,0.05,0.95,0.96,0.01,0.01,72185.54,1776099200000
1776099201.59,201.59,0.03,0.04,0.96,0.97,0.01,0.01,72185.54,1776099200000
1776099201.934,201.934,0.03,0.04,0.96,0.97,0.01,0.01,72185.54,1776099200000
1776099202.269,202.269,0.03,0.04,0.96,0.97,0.01,0.01,72174.53,1776099201000
1776099202.72,202.72,0.03,0.04,0.96,0.97,0.01,0.01,72174.53,1776099201000
1776099203.462,203.462,0.03,0.04,0.96,0.97,0.01,0.01,72174.46,1776099202000
1776099203.867,203.867,0.02,0.04,0.96,0.97,0.02,0.01,72174.46,1776099202000
1776099204.405,204.405,0.02,0.04,0.96,0.98,0.02,0.02,72177.4,1776099203000
1776099204.756,204.756,0.02,0.04,0.96,0.98,0.02,0.02,72177.4,1776099203000
1776099205.14,205.14,0.03,0.04,0.96,0.98,0.01,0.02,72177.4,1776099203000
1776099205.497,205.497,0.03,0.04,0.96,0.97,0.01,0.01,72178.84,1776099204000
1776099205.901,205.901,0.02,0.03,0.97,0.98,0.01,0.01,72178.84,1776099204000
1776099206.24,206.24,0.02,0.03,0.97,0.98,0.01,0.01,72178.84,1776099204000
1776099206.603,206.603,0.02,0.03,0.97,0.98,0.01,0.01,72178.84,1776099204000
1776099207.188,207.188,0.01,0.02,0.98,0.99,0.01,0.01,72178.42,1776099205000
1776099207.526,207.526,0.01,0.02,0.98,0.99,0.01,0.01,72178.42,1776099205000
1776099207.859,207.859,0.01,0.02,0.98,0.99,0.01,0.01,72175.39,1776099206000
1776099208.256,208.256,0.02,0.03,0.97,0.98,0.01,0.01,72175.39,1776099206000
1776099208.591,208.591,0.02,0.03,0.97,0.98,0.01,0.01,72175.39,1776099206000
1776099208.929,208.929,0.01,0.02,0.98,0.99,0.01,0.01,72174.48,1776099207000
1776099209.281,209.281,0.02,0.03,0.97,0.98,0.01,0.01,72174.48,1776099207000
1776099209.676,209.676,0.02,0.03,0.97,0.98,0.01,0.01,72175.75,1776099208000
1776099210.036,210.036,0.01,0.02,0.98,0.99,0.01,0.01,72175.75,1776099208000
1776099210.373,210.373,0.01,0.02,0.98,0.99,0.01,0.01,72175.75,1776099208000
1776099210.713,210.713,0.01,0.02,0.98,0.99,0.01,0.01,72175.75,1776099208000
1776099211.049,211.049,0.01,0.02,0.98,0.99,0.01,0.01,72173.39,1776099209000
1776099211.498,211.498,0.02,0.03,0.97,0.98,0.01,0.01,72173.39,1776099209000
1776099211.837,211.837,0.02,0.03,0.97,0.98,0.01,0.01,72173.39,1776099209000
1776099212.181,212.181,0.02,0.03,0.97,0.98,0.01,0.01,72173.39,1776099209000
1776099212.538,212.538,0.03,0.04,0.96,0.97,0.01,0.01,72171.5,1776099210000
1776099212.891,212.891,0.01,0.03,0.97,0.98,0.02,0.01,72171.5,1776099210000
1776099213.233,213.233,0.02,0.03,0.97,0.98,0.01,0.01,72169.47,1776099211000
1776099213.568,213.568,0.01,0.03,0.97,0.98,0.02,0.01,72169.47,1776099211000
1776099213.905,213.905,0.01,0.02,0.98,0.99,0.01,0.01,72169.47,1776099211000
1776099214.447,214.447,0.01,0.02,0.98,0.99,0.01,0.01,72172.45,1776099212000
1776099214.892,214.892,0.01,0.02,0.98,0.99,0.01,0.01,72172.45,1776099212000
1776099215.251,215.251,0.01,0.02,0.98,0.99,0.01,0.01,72173.23,1776099213000
1776099215.6,215.6,0.01,0.01,0.99,0.99,0.0,0.0,72173.23,1776099213000
1776099215.983,215.983,0.01,0.01,0.99,0.99,0.0,0.0,72173.23,1776099213000
1776099216.379,216.379,0.01,0.01,0.99,0.99,0.0,0.0,72174.38,1776099214000
1776099216.762,216.762,0.01,0.02,0.98,0.99,0.01,0.01,72174.38,1776099214000
1776099217.111,217.111,0.01,0.02,0.98,0.99,0.01,0.01,72174.38,1776099214000
1776099217.455,217.455,0.01,0.02,0.98,0.99,0.01,0.01,72172.24,1776099215000
1776099217.812,217.812,0.01,0.01,0.98,0.99,0.0,0.01,72172.24,1776099215000
1776099218.154,218.154,0.01,0.01,0.99,0.99,0.0,0.0,72172.24,1776099215000
1776099218.499,218.499,0.01,0.01,0.99,0.99,0.0,0.0,72172.24,1776099215000
1776099218.834,218.834,0.01,0.01,0.99,0.99,0.0,0.0,72172.24,1776099215000
1776099219.192,219.192,0.01,0.01,0.99,0.99,0.0,0.0,72153.33,1776099216000
1776099219.552,219.552,0.01,0.01,0.99,0.99,0.0,0.0,72143.28,1776099217000
1776099219.947,219.947,0.01,0.01,0.99,0.99,0.0,0.0,72143.28,1776099217000
1776099220.298,220.298,0.01,0.01,0.99,0.99,0.0,0.0,72143.28,1776099217000
1776099220.885,220.885,0.01,0.01,0.99,0.99,0.0,0.0,72133.37,1776099218000
1776099221.28,221.28,0.01,0.01,0.99,0.99,0.0,0.0,72133.37,1776099218000
1776099221.64,221.64,0.01,0.01,0.99,0.99,0.0,0.0,72127.89,1776099219000
1776099222.01,222.01,0.01,0.01,0.99,0.99,0.0,0.0,72127.89,1776099219000
1776099222.382,222.382,0.01,0.01,0.99,0.99,0.0,0.0,72127.89,1776099219000
1776099222.715,222.715,0.01,0.01,0.99,0.99,0.0,0.0,72127.89,1776099219000
1776099223.055,223.055,0.01,0.01,0.99,0.99,0.0,0.0,72127.89,1776099219000
1776099223.398,223.398,0.01,0.01,0.99,0.99,0.0,0.0,72127.46,1776099220000
1776099223.736,223.736,0.01,0.01,0.99,0.99,0.0,0.0,72127.46,1776099220000
1776099224.074,224.074,0.01,0.01,0.99,0.99,0.0,0.0,72127.95,1776099221000
1776099224.433,224.433,0.01,0.01,0.99,0.99,0.0,0.0,72127.95,1776099221000
1776099224.872,224.872,0.01,0.02,0.98,0.99,0.01,0.01,72128.17,1776099222000
1776099225.256,225.256,0.01,0.02,0.98,0.99,0.01,0.01,72128.17,1776099222000
1776099225.703,225.703,0.01,0.02,0.98,0.99,0.01,0.01,72128.17,1776099222000
1776099226.036,226.036,0.01,0.01,0.98,0.99,0.0,0.01,72128.17,1776099222000
1776099226.472,226.472,0.01,0.01,0.99,0.99,0.0,0.0,72126.75,1776099223000
1776099226.811,226.811,0.01,0.01,0.99,0.99,0.0,0.0,72128.28,1776099224000
1776099227.16,227.16,0.01,0.01,0.99,0.99,0.0,0.0,72128.28,1776099224000
1776099227.577,227.577,0.01,0.01,0.99,0.99,0.0,0.0,72129.9,1776099225000
1776099228.007,228.007,0.01,0.01,0.99,0.99,0.0,0.0,72129.9,1776099225000
1776099228.351,228.351,0.01,0.01,0.99,0.99,0.0,0.0,72132.01,1776099227000
1776099229.02,229.02,0.01,0.01,0.99,0.99,0.0,0.0,72132.01,1776099227000
1776099229.353,229.353,0.01,0.01,0.99,0.99,0.0,0.0,72132.01,1776099227000
1776099229.702,229.702,0.01,0.01,0.99,0.99,0.0,0.0,72129.78,1776099228000
1776099230.289,230.289,0.01,0.01,0.99,0.99,0.0,0.0,72129.78,1776099228000
1776099230.644,230.644,0.01,0.01,0.99,0.99,0.0,0.0,72130.94,1776099229000
1776099231.03,231.03,0.01,0.01,0.99,0.99,0.0,0.0,72131.34,1776099230000
1776099231.43,231.43,0.01,0.01,0.99,0.99,0.0,0.0,72131.34,1776099230000
1776099231.847,231.847,0.01,0.01,0.99,0.99,0.0,0.0,72131.34,1776099230000
1776099232.245,232.245,0.01,0.01,0.99,0.99,0.0,0.0,72131.34,1776099230000
1776099232.655,232.655,0.01,0.01,0.99,0.99,0.0,0.0,72128.45,1776099231000
1776099233.063,233.063,0.01,0.01,0.99,0.99,0.0,0.0,72128.45,1776099231000
1776099233.399,233.399,0.01,0.01,0.99,0.99,0.0,0.0,72127.19,1776099232000
1776099233.747,233.747,0.01,0.01,0.99,0.99,0.0,0.0,72127.19,1776099232000
1776099234.106,234.106,0.01,0.01,0.99,0.99,0.0,0.0,72127.19,1776099232000
1776099234.442,234.442,0.01,0.01,0.99,0.99,0.0,0.0,72127.19,1776099232000
1776099234.778,234.778,0.01,0.01,0.99,0.99,0.0,0.0,72125.34,1776099233000
1776099235.121,235.121,0.01,0.01,0.99,0.99,0.0,0.0,72125.34,1776099233000
1776099235.47,235.47,0.01,0.01,0.99,0.99,0.0,0.0,72127.06,1776099234000
1776099235.823,235.823,0.01,0.01,0.99,0.99,0.0,0.0,72127.06,1776099234000
1776099236.173,236.173,0.01,0.01,0.99,0.99,0.0,0.0,72131.0,1776099235000
1776099236.51,236.51,0.01,0.01,0.99,0.99,0.0,0.0,72131.0,1776099235000
1776099236.851,236.851,0.01,0.01,0.99,0.99,0.0,0.0,72131.0,1776099235000
1776099237.228,237.228,0.01,0.01,0.99,0.99,0.0,0.0,72137.77,1776099236000
1776099237.583,237.583,0.01,0.02,0.98,0.99,0.01,0.01,72137.77,1776099236000
1776099237.99,237.99,0.03,0.04,0.93,0.99,0.01,0.06,72137.77,1776099236000
1776099238.324,238.324,0.01,0.02,0.98,0.99,0.01,0.01,72137.77,1776099236000
1776099238.675,238.675,0.01,0.01,0.99,0.99,0.0,0.0,72139.48,1776099237000
1776099239.158,239.158,0.01,0.01,0.99,0.99,0.0,0.0,72139.48,1776099237000
1776099239.495,239.495,0.01,0.01,0.99,0.99,0.0,0.0,72139.23,1776099238000
1776099239.829,239.829,0.01,0.01,0.99,0.99,0.0,0.0,72139.23,1776099238000
1776099240.181,240.181,0.01,0.01,0.99,0.99,0.0,0.0,72139.23,1776099239000
1776099240.528,240.528,0.01,0.01,0.99,0.99,0.0,0.0,72139.23,1776099239000
1776099240.882,240.882,0.01,0.01,0.99,0.99,0.0,0.0,72139.23,1776099239000
1776099241.236,241.236,0.01,0.01,0.99,0.99,0.0,0.0,72139.23,1776099239000
1776099241.575,241.575,0.01,0.01,0.99,0.99,0.0,0.0,72138.7,1776099240000
1776099241.943,241.943,0.01,0.01,0.99,0.99,0.0,0.0,72138.7,1776099240000
1776099242.287,242.287,0.01,0.01,0.99,0.99,0.0,0.0,72139.79,1776099241000
1776099242.632,242.632,0.01,0.01,0.99,0.99,0.0,0.0,72139.79,1776099241000
1776099242.984,242.984,0.01,0.01,0.99,0.99,0.0,0.0,72139.79,1776099241000
1776099243.399,243.399,0.01,0.01,0.99,0.99,0.0,0.0,72142.9,1776099242000
1776099243.89,243.89,0.01,0.01,0.99,0.99,0.0,0.0,72142.9,1776099242000
1776099244.398,244.398,0.01,0.01,0.99,0.99,0.0,0.0,72143.51,1776099243000
1776099244.735,244.735,0.01,0.01,0.99,0.99,0.0,0.0,72143.51,1776099243000
1776099245.086,245.086,0.01,0.01,0.99,0.99,0.0,0.0,72143.51,1776099243000
1776099245.444,245.444,0.01,0.01,0.99,0.99,0.0,0.0,72146.18,1776099244000
1776099245.78,245.78,0.01,0.01,0.99,0.99,0.0,0.0,72146.18,1776099244000
1776099246.387,246.387,0.01,0.01,0.99,0.99,0.0,0.0,72154.8,1776099245000
1776099247.548,247.548,0.01,0.01,0.99,0.99,0.0,0.0,72156.14,1776099246000
1776099247.903,247.903,0.01,0.01,0.99,0.99,0.0,0.0,72156.14,1776099246000
1776099248.358,248.358,0.01,0.01,0.99,0.99,0.0,0.0,72156.96,1776099247000
1776099248.711,248.711,0.01,0.01,0.99,0.99,0.0,0.0,72156.96,1776099247000
1776099249.054,249.054,0.01,0.01,0.99,0.99,0.0,0.0,72174.16,1776099248000
1776099249.392,249.392,0.01,0.01,0.99,0.99,0.0,0.0,72174.16,1776099248000
1776099249.728,249.728,0.01,0.01,0.99,0.99,0.0,0.0,72174.16,1776099248000
1776099250.067,250.067,0.01,0.01,0.99,0.99,0.0,0.0,72174.16,1776099248000
1776099250.405,250.405,0.01,0.01,0.99,0.99,0.0,0.0,72174.16,1776099248000
1776099250.903,250.903,0.01,0.01,0.99,0.99,0.0,0.0,72175.85,1776099249000
1776099251.398,251.398,0.01,0.01,0.99,0.99,0.0,0.0,72179.65,1776099250000
1776099251.739,251.739,0.01,0.01,0.99,0.99,0.0,0.0,72179.65,1776099250000
1776099252.084,252.084,0.01,0.01,0.99,0.99,0.0,0.0,72179.93,1776099251000
1776099252.71,252.71,0.01,0.01,0.99,0.99,0.0,0.0,72179.93,1776099251000
1776099253.098,253.098,0.01,0.01,0.99,0.99,0.0,0.0,72179.93,1776099251000
1776099253.613,253.613,0.01,0.01,0.99,0.99,0.0,0.0,72179.93,1776099252000
1776099253.964,253.964,0.01,0.01,0.99,0.99,0.0,0.0,72179.93,1776099252000
1776099254.299,254.299,0.01,0.01,0.99,0.99,0.0,0.0,72179.33,1776099253000
1776099254.646,254.646,0.01,0.01,0.99,0.99,0.0,0.0,72179.33,1776099253000
1776099254.985,254.985,0.01,0.01,0.99,0.99,0.0,0.0,72179.33,1776099253000
1776099255.474,255.474,0.01,0.01,0.99,0.99,0.0,0.0,72179.36,1776099254000
1776099255.845,255.845,0.01,0.01,0.99,0.99,0.0,0.0,72179.36,1776099254000
1776099256.225,256.225,0.01,0.01,0.99,0.99,0.0,0.0,72179.36,1776099254000
1776099256.676,256.676,0.01,0.01,0.99,0.99,0.0,0.0,72179.69,1776099255000
1776099257.014,257.014,0.01,0.01,0.99,0.99,0.0,0.0,72179.69,1776099255000
1776099257.424,257.424,0.01,0.01,0.99,0.99,0.0,0.0,72176.73,1776099256000
1776099257.931,257.931,0.01,0.01,0.99,0.99,0.0,0.0,72176.73,1776099256000
1776099258.389,258.389,0.01,0.01,0.99,0.99,0.0,0.0,72176.73,1776099256000
1776099258.743,258.743,0.01,0.01,0.99,0.99,0.0,0.0,72169.61,1776099257000
1776099259.113,259.113,0.01,0.01,0.99,0.99,0.0,0.0,72168.22,1776099258000
1776099259.472,259.472,0.01,0.01,0.99,0.99,0.0,0.0,72168.22,1776099258000
1776099259.811,259.811,0.01,0.01,0.99,0.99,0.0,0.0,72168.22,1776099258000
1776099260.407,260.407,0.01,0.01,0.99,0.99,0.0,0.0,72169.04,1776099259000
1776099260.837,260.837,0.01,0.01,0.99,0.99,0.0,0.0,72169.04,1776099259000
1776099261.358,261.358,0.01,0.01,0.99,0.99,0.0,0.0,72169.25,1776099260000
1776099261.814,261.814,0.01,0.01,0.99,0.99,0.0,0.0,72169.25,1776099260000
1776099262.393,262.393,0.01,0.01,0.99,0.99,0.0,0.0,72169.79,1776099261000
1776099262.827,262.827,0.01,0.01,0.99,0.99,0.0,0.0,72169.79,1776099261000
1776099263.18,263.18,0.01,0.01,0.99,0.99,0.0,0.0,72170.37,1776099262000
1776099263.535,263.535,0.01,0.01,0.99,0.99,0.0,0.0,72170.37,1776099262000
1776099263.949,263.949,0.01,0.01,0.99,0.99,0.0,0.0,72170.37,1776099262000
1776099264.285,264.285,0.01,0.01,0.99,0.99,0.0,0.0,72171.57,1776099263000
1776099264.847,264.847,0.01,0.01,0.99,0.99,0.0,0.0,72171.57,1776099263000
1776099265.224,265.224,0.01,0.01,0.99,0.99,0.0,0.0,72171.59,1776099264000
1776099265.665,265.665,0.01,0.01,0.99,0.99,0.0,0.0,72171.59,1776099264000
1776099266.109,266.109,0.01,0.01,0.99,0.99,0.0,0.0,72171.59,1776099264000
1776099266.444,266.444,0.01,0.01,0.99,0.99,0.0,0.0,72178.08,1776099265000
1776099266.782,266.782,0.01,0.01,0.99,0.99,0.0,0.0,72178.08,1776099265000
1776099267.119,267.119,0.01,0.01,0.99,0.99,0.0,0.0,72183.57,1776099266000
1776099267.773,267.773,0.01,0.01,0.99,0.99,0.0,0.0,72183.57,1776099266000
1776099268.111,268.111,0.01,0.01,0.99,0.99,0.0,0.0,72184.54,1776099267000
1776099268.475,268.475,0.01,0.01,0.99,0.99,0.0,0.0,72184.54,1776099267000
1776099268.986,268.986,0.01,0.01,0.99,0.99,0.0,0.0,72184.75,1776099268000
1776099270.018,270.018,0.01,0.01,0.99,0.99,0.0,0.0,72184.85,1776099269000
1776099270.787,270.787,0.01,0.01,0.99,0.99,0.0,0.0,72184.85,1776099269000
1776099271.16,271.16,0.01,0.01,0.99,0.99,0.0,0.0,72188.94,1776099270000
1776099271.903,271.903,0.01,0.01,0.99,0.99,0.0,0.0,72180.14,1776099271000
1776099272.315,272.315,0.01,0.01,0.99,0.99,0.0,0.0,72180.14,1776099271000
1776099273.053,273.053,0.01,0.01,0.99,0.99,0.0,0.0,72180.14,1776099271000
1776099274.359,274.359,0.01,0.01,0.99,0.99,0.0,0.0,72175.24,1776099273000
1776099274.928,274.928,0.01,0.01,0.99,0.99,0.0,0.0,72175.24,1776099274000
1776099276.367,276.367,0.01,0.01,0.99,0.99,0.0,0.0,72175.33,1776099275000
1776099277.309,277.309,0.01,0.01,0.99,0.99,0.0,0.0,72175.71,1776099276000
1776099278.317,278.317,0.01,0.01,0.99,0.99,0.0,0.0,72175.68,1776099277000
1776099279.223,279.223,0.01,0.01,0.99,0.99,0.0,0.0,72171.31,1776099278000
1776099280.356,280.356,0.01,0.01,0.99,0.99,0.0,0.0,72168.35,1776099279000
1776099281.172,281.172,0.01,0.01,0.99,0.99,0.0,0.0,72168.91,1776099280000
1776099282.104,282.104,0.01,0.01,0.99,0.99,0.0,0.0,72167.86,1776099281000
1776099282.759,282.759,0.01,0.01,0.99,0.99,0.0,0.0,72167.86,1776099281000
1776099283.841,283.841,0.01,0.01,0.99,0.99,0.0,0.0,72166.96,1776099282000
1776099285.018,285.018,0.01,0.01,0.99,0.99,0.0,0.0,72178.67,1776099284000
1776099285.999,285.999,0.01,0.01,0.99,0.99,0.0,0.0,72180.45,1776099285000
1776099287.018,287.018,0.01,0.01,0.99,0.99,0.0,0.0,72178.44,1776099286000
1776099287.388,287.388,0.01,0.01,0.99,0.99,0.0,0.0,72178.44,1776099286000
1776099287.928,287.928,0.01,0.01,0.99,0.99,0.0,0.0,72147.4,1776099287000
1776099289.438,289.438,0.01,0.01,0.99,0.99,0.0,0.0,72141.02,1776099288000
1776099290.884,290.884,0.01,0.01,0.99,0.99,0.0,0.0,72123.76,1776099289000
1776099291.243,291.243,0.01,0.01,0.99,0.99,0.0,0.0,72111.85,1776099290000
1776099291.859,291.859,0.01,0.01,0.99,0.99,0.0,0.0,72111.85,1776099290000
1776099292.324,292.324,0.01,0.01,0.99,0.99,0.0,0.0,72111.85,1776099290000
1776099292.943,292.943,0.01,0.01,0.99,0.99,0.0,0.0,72103.51,1776099292000
1776099294.313,294.313,0.01,0.01,0.99,0.99,0.0,0.0,72102.07,1776099293000
1776099295.411,295.411,0.01,0.01,0.99,0.99,0.0,0.0,72102.29,1776099294000
1776099295.898,295.898,0.001,0.002,0.998,0.999,0.001,0.001,72102.29,1776099294000
1776099297.127,297.127,0.001,0.002,0.998,0.999,0.001,0.001,72108.0,1776099296000
1776099298.239,298.239,0.001,0.002,0.998,0.999,0.001,0.001,72113.77,1776099297000
1776099299.261,299.261,0.001,0.001,0.998,0.999,0.0,0.001,72113.77,1776099297000
1776099300.514,300.514,0.001,0.001,0.999,0.999,0.0,0.0,72116.9,1776099299000
1776099300.86,300.86,0.001,0.001,0.999,0.999,0.0,0.0,72116.9,1776099299000
1776099302.345,302.345,0.001,0.001,0.999,0.999,0.0,0.0,72116.6,1776099301000

# RESULT,winner=Down,slug=btc-updown-5m-1776099000,ticks=711
