timestamp,elapsed_sec,up_bid,up_ask,down_bid,down_ask,up_spread,down_spread,btc_price,btc_oracle_ts
1776853200.611,0.611,0.51,0.52,0.48,0.49,0.01,0.01,78033.52,1776853199000
1776853201.1,1.1,0.51,0.52,0.48,0.49,0.01,0.01,78033.52,1776853199000
1776853201.452,1.452,0.51,0.52,0.48,0.49,0.01,0.01,78033.47,1776853200000
1776853202.161,2.161,0.5,0.51,0.48,0.5,0.01,0.02,78033.47,1776853200000
1776853202.647,2.647,0.5,0.51,0.49,0.5,0.01,0.01,78033.05,1776853201000
1776853202.989,2.989,0.5,0.51,0.49,0.5,0.01,0.01,78033.05,1776853201000
1776853203.512,3.512,0.5,0.51,0.49,0.5,0.01,0.01,78033.07,1776853202000
1776853204.211,4.211,0.5,0.51,0.49,0.5,0.01,0.01,78033.24,1776853203000
1776853204.667,4.667,0.5,0.51,0.49,0.5,0.01,0.01,78033.24,1776853203000
1776853205.238,5.238,0.5,0.51,0.49,0.5,0.01,0.01,78032.58,1776853204000
1776853205.58,5.58,0.5,0.51,0.49,0.5,0.01,0.01,78032.58,1776853204000
1776853205.918,5.918,0.5,0.51,0.49,0.5,0.01,0.01,78032.58,1776853204000
1776853206.467,6.467,0.5,0.51,0.49,0.5,0.01,0.01,78032.57,1776853205000
1776853206.909,6.909,0.5,0.51,0.49,0.5,0.01,0.01,78032.57,1776853205000
1776853207.264,7.264,0.5,0.51,0.46,0.5,0.01,0.04,78032.62,1776853206000
1776853207.727,7.727,0.5,0.51,0.49,0.5,0.01,0.01,78032.62,1776853206000
1776853208.065,8.065,0.49,0.5,0.49,0.51,0.01,0.02,78032.62,1776853206000
1776853208.511,8.511,0.49,0.5,0.5,0.51,0.01,0.01,78032.54,1776853207000
1776853209.146,9.146,0.49,0.5,0.5,0.51,0.01,0.01,78032.54,1776853207000
1776853209.92,9.92,0.49,0.5,0.5,0.51,0.01,0.01,78032.21,1776853208000
1776853210.434,10.434,0.49,0.5,0.5,0.51,0.01,0.01,78032.12,1776853209000
1776853210.773,10.773,0.49,0.5,0.5,0.51,0.01,0.01,78032.12,1776853209000
1776853211.364,11.364,0.49,0.5,0.5,0.51,0.01,0.01,78031.9,1776853210000
1776853212.026,12.026,0.49,0.5,0.5,0.51,0.01,0.01,78032.07,1776853211000
1776853212.577,12.577,0.49,0.5,0.5,0.51,0.01,0.01,78032.07,1776853211000
1776853213.062,13.062,0.49,0.5,0.5,0.51,0.01,0.01,78032.08,1776853212000
1776853213.895,13.895,0.49,0.5,0.5,0.51,0.01,0.01,78032.14,1776853213000
1776853214.252,14.252,0.47,0.5,0.5,0.52,0.03,0.02,78032.14,1776853213000
1776853214.59,14.59,0.4,0.44,0.56,0.6,0.04,0.04,78032.14,1776853213000
1776853215.024,15.024,0.4,0.41,0.59,0.6,0.01,0.01,78032.14,1776853213000
1776853215.447,15.447,0.4,0.41,0.59,0.61,0.01,0.02,78031.58,1776853214000
1776853215.795,15.795,0.4,0.41,0.59,0.6,0.01,0.01,78031.58,1776853214000
1776853216.17,16.17,0.39,0.4,0.6,0.61,0.01,0.01,78031.58,1776853214000
1776853216.55,16.55,0.4,0.41,0.59,0.61,0.01,0.02,78022.54,1776853215000
1776853216.888,16.888,0.39,0.4,0.6,0.61,0.01,0.01,78022.54,1776853215000
1776853217.378,17.378,0.39,0.4,0.6,0.61,0.01,0.01,78021.73,1776853216000
1776853217.783,17.783,0.42,0.43,0.57,0.58,0.01,0.01,78021.73,1776853216000
1776853218.139,18.139,0.43,0.44,0.56,0.57,0.01,0.01,78020.88,1776853217000
1776853218.801,18.801,0.43,0.44,0.56,0.57,0.01,0.01,78020.88,1776853217000
1776853219.21,19.21,0.47,0.48,0.51,0.56,0.01,0.05,78020.33,1776853218000
1776853219.6,19.6,0.47,0.48,0.52,0.53,0.01,0.01,78020.33,1776853218000
1776853219.987,19.987,0.47,0.48,0.52,0.53,0.01,0.01,78020.33,1776853218000
1776853220.334,20.334,0.47,0.48,0.52,0.53,0.01,0.01,78023.78,1776853219000
1776853220.74,20.74,0.47,0.48,0.52,0.53,0.01,0.01,78023.78,1776853219000
1776853221.111,21.111,0.47,0.48,0.52,0.53,0.01,0.01,78024.93,1776853220000
1776853221.475,21.475,0.47,0.48,0.52,0.53,0.01,0.01,78024.93,1776853220000
1776853221.844,21.844,0.47,0.48,0.52,0.53,0.01,0.01,78024.93,1776853220000
1776853222.32,22.32,0.47,0.48,0.52,0.53,0.01,0.01,78026.88,1776853221000
1776853222.906,22.906,0.47,0.48,0.52,0.53,0.01,0.01,78026.88,1776853221000
1776853223.263,23.263,0.47,0.48,0.52,0.53,0.01,0.01,78027.17,1776853222000
1776853223.733,23.733,0.47,0.48,0.52,0.53,0.01,0.01,78027.17,1776853222000
1776853224.149,24.149,0.47,0.48,0.52,0.53,0.01,0.01,78027.17,1776853222000
1776853224.647,24.647,0.46,0.48,0.52,0.53,0.02,0.01,78027.79,1776853223000
1776853225.301,25.301,0.46,0.47,0.53,0.54,0.01,0.01,78027.75,1776853224000
1776853225.713,25.713,0.46,0.47,0.53,0.54,0.01,0.01,78027.75,1776853224000
1776853226.097,26.097,0.45,0.46,0.54,0.55,0.01,0.01,78027.66,1776853225000
1776853226.493,26.493,0.45,0.46,0.54,0.55,0.01,0.01,78027.66,1776853225000
1776853226.854,26.854,0.45,0.46,0.54,0.55,0.01,0.01,78027.66,1776853225000
1776853227.199,27.199,0.45,0.46,0.54,0.55,0.01,0.01,78027.68,1776853226000
1776853227.66,27.66,0.45,0.46,0.54,0.55,0.01,0.01,78027.68,1776853226000
1776853228.232,28.232,0.45,0.46,0.54,0.55,0.01,0.01,78027.68,1776853226000
1776853228.822,28.822,0.45,0.46,0.54,0.55,0.01,0.01,78026.87,1776853227000
1776853229.203,29.203,0.45,0.46,0.54,0.55,0.01,0.01,78026.87,1776853227000
1776853229.755,29.755,0.45,0.46,0.54,0.55,0.01,0.01,78027.08,1776853228000
1776853230.215,30.215,0.45,0.46,0.54,0.55,0.01,0.01,78027.08,1776853228000
1776853230.551,30.551,0.45,0.46,0.54,0.55,0.01,0.01,78027.08,1776853229000
1776853230.892,30.892,0.45,0.46,0.54,0.55,0.01,0.01,78027.08,1776853230000
1776853231.241,31.241,0.46,0.48,0.53,0.54,0.02,0.01,78027.08,1776853230000
1776853231.992,31.992,0.48,0.49,0.51,0.52,0.01,0.01,78027.48,1776853231000
1776853232.345,32.345,0.48,0.49,0.51,0.52,0.01,0.01,78027.48,1776853231000
1776853233.065,33.065,0.48,0.49,0.51,0.52,0.01,0.01,78027.48,1776853231000
1776853233.475,33.475,0.48,0.49,0.51,0.52,0.01,0.01,78027.96,1776853232000
1776853234.016,34.016,0.48,0.49,0.51,0.52,0.01,0.01,78027.96,1776853232000
1776853234.411,34.411,0.48,0.49,0.51,0.52,0.01,0.01,78029.93,1776853233000
1776853234.916,34.916,0.48,0.49,0.51,0.52,0.01,0.01,78029.93,1776853233000
1776853235.388,35.388,0.48,0.49,0.51,0.52,0.01,0.01,78031.44,1776853234000
1776853236.222,36.222,0.48,0.5,0.51,0.52,0.02,0.01,78031.44,1776853234000
1776853236.62,36.62,0.49,0.5,0.5,0.51,0.01,0.01,78030.51,1776853235000
1776853237.056,37.056,0.49,0.5,0.5,0.51,0.01,0.01,78029.34,1776853236000
1776853237.402,37.402,0.49,0.5,0.5,0.51,0.01,0.01,78029.34,1776853236000
1776853237.914,37.914,0.49,0.51,0.5,0.51,0.02,0.01,78029.34,1776853236000
1776853238.339,38.339,0.5,0.51,0.49,0.5,0.01,0.01,78031.29,1776853237000
1776853238.687,38.687,0.5,0.51,0.49,0.5,0.01,0.01,78031.29,1776853237000
1776853239.094,39.094,0.5,0.51,0.49,0.5,0.01,0.01,78029.91,1776853238000
1776853239.698,39.698,0.5,0.51,0.49,0.5,0.01,0.01,78029.91,1776853238000
1776853240.077,40.077,0.5,0.51,0.49,0.5,0.01,0.01,78029.91,1776853238000
1776853240.701,40.701,0.5,0.51,0.49,0.5,0.01,0.01,78029.99,1776853239000
1776853241.213,41.213,0.5,0.51,0.49,0.5,0.01,0.01,78030.01,1776853240000
1776853241.793,41.793,0.5,0.51,0.49,0.5,0.01,0.01,78030.01,1776853240000
1776853242.288,42.288,0.5,0.51,0.49,0.5,0.01,0.01,78030.01,1776853240000
1776853242.634,42.634,0.5,0.51,0.49,0.5,0.01,0.01,78030.01,1776853240000
1776853243.144,43.144,0.49,0.51,0.49,0.51,0.02,0.02,78029.95,1776853242000
1776853243.795,43.795,0.49,0.5,0.49,0.51,0.01,0.02,78029.95,1776853242000
1776853244.18,44.18,0.49,0.5,0.5,0.51,0.01,0.01,78030.02,1776853243000
1776853244.833,44.833,0.49,0.5,0.5,0.51,0.01,0.01,78030.02,1776853243000
1776853245.227,45.227,0.49,0.5,0.5,0.51,0.01,0.01,78029.92,1776853244000
1776853246.202,46.202,0.49,0.5,0.5,0.51,0.01,0.01,78029.91,1776853245000
1776853246.957,46.957,0.49,0.5,0.5,0.51,0.01,0.01,78029.91,1776853245000
1776853247.559,47.559,0.49,0.5,0.5,0.51,0.01,0.01,78029.91,1776853246000
1776853248.24,48.24,0.49,0.5,0.5,0.51,0.01,0.01,78029.94,1776853247000
1776853249.247,49.247,0.49,0.5,0.5,0.51,0.01,0.01,78029.83,1776853248000
1776853249.611,49.611,0.49,0.5,0.5,0.51,0.01,0.01,78029.83,1776853248000
1776853250.017,50.017,0.49,0.5,0.5,0.51,0.01,0.01,78029.83,1776853248000
1776853251.203,51.203,0.5,0.51,0.5,0.51,0.01,0.01,78029.81,1776853249000
1776853252.087,52.087,0.5,0.51,0.49,0.5,0.01,0.01,78029.89,1776853250000
1776853252.97,52.97,0.47,0.51,0.49,0.5,0.04,0.01,78029.88,1776853251000
1776853253.619,53.619,0.45,0.46,0.54,0.55,0.01,0.01,78029.95,1776853252000
1776853254.251,54.251,0.45,0.46,0.54,0.55,0.01,0.01,78031.43,1776853253000
1776853254.65,54.65,0.45,0.46,0.54,0.55,0.01,0.01,78031.43,1776853253000
1776853255.104,55.104,0.45,0.46,0.54,0.55,0.01,0.01,78031.43,1776853253000
1776853255.46,55.46,0.45,0.46,0.54,0.55,0.01,0.01,78031.43,1776853253000
1776853255.803,55.803,0.45,0.46,0.54,0.55,0.01,0.01,78028.7,1776853254000
1776853256.251,56.251,0.45,0.46,0.54,0.55,0.01,0.01,78028.7,1776853254000
1776853256.647,56.647,0.45,0.46,0.54,0.55,0.01,0.01,78028.79,1776853255000
1776853257.036,57.036,0.45,0.46,0.54,0.55,0.01,0.01,78028.79,1776853255000
1776853257.472,57.472,0.45,0.46,0.54,0.55,0.01,0.01,78029.03,1776853256000
1776853258.36,58.36,0.45,0.46,0.54,0.55,0.01,0.01,78029.03,1776853256000
1776853259.125,59.125,0.45,0.46,0.54,0.55,0.01,0.01,78029.04,1776853258000
1776853259.665,59.665,0.45,0.47,0.54,0.55,0.02,0.01,78029.04,1776853258000
1776853260.256,60.256,0.47,0.48,0.52,0.53,0.01,0.01,78029.07,1776853259000
1776853260.626,60.626,0.48,0.5,0.5,0.52,0.02,0.02,78029.07,1776853259000
1776853261.075,61.075,0.51,0.52,0.48,0.49,0.01,0.01,78029.07,1776853259000
1776853261.418,61.418,0.46,0.52,0.48,0.53,0.06,0.05,78029.07,1776853259000
1776853261.812,61.812,0.45,0.46,0.54,0.55,0.01,0.01,78028.55,1776853260000
1776853262.236,62.236,0.44,0.45,0.55,0.56,0.01,0.01,78028.55,1776853260000
1776853262.685,62.685,0.44,0.45,0.55,0.56,0.01,0.01,78028.82,1776853261000
1776853263.201,63.201,0.43,0.44,0.55,0.57,0.01,0.02,78028.82,1776853261000
1776853263.59,63.59,0.41,0.42,0.58,0.59,0.01,0.01,78028.82,1776853261000
1776853263.964,63.964,0.41,0.42,0.58,0.59,0.01,0.01,78028.82,1776853261000
1776853264.334,64.334,0.41,0.42,0.58,0.59,0.01,0.01,78028.49,1776853262000
1776853264.697,64.697,0.41,0.42,0.58,0.59,0.01,0.01,78027.87,1776853263000
1776853265.11,65.11,0.4,0.42,0.58,0.59,0.02,0.01,78027.87,1776853263000
1776853265.467,65.467,0.37,0.38,0.61,0.63,0.01,0.02,78027.1,1776853264000
1776853265.8,65.8,0.37,0.38,0.62,0.63,0.01,0.01,78027.1,1776853264000
1776853266.309,66.309,0.36,0.37,0.63,0.64,0.01,0.01,78027.1,1776853264000
1776853266.646,66.646,0.36,0.37,0.63,0.64,0.01,0.01,78026.41,1776853265000
1776853267.041,67.041,0.35,0.37,0.63,0.64,0.02,0.01,78026.41,1776853265000
1776853267.553,67.553,0.35,0.36,0.64,0.65,0.01,0.01,78023.74,1776853266000
1776853267.91,67.91,0.35,0.36,0.64,0.65,0.01,0.01,78023.74,1776853266000
1776853268.368,68.368,0.35,0.36,0.64,0.65,0.01,0.01,78023.74,1776853266000
1776853269.085,69.085,0.35,0.36,0.64,0.65,0.01,0.01,78020.4,1776853267000
1776853269.447,69.447,0.35,0.36,0.64,0.65,0.01,0.01,78020.48,1776853268000
1776853270.05,70.05,0.35,0.36,0.64,0.65,0.01,0.01,78020.48,1776853268000
1776853270.537,70.537,0.35,0.36,0.64,0.65,0.01,0.01,78020.48,1776853268000
1776853271.187,71.187,0.36,0.37,0.63,0.64,0.01,0.01,78021.12,1776853269000
1776853271.685,71.685,0.36,0.37,0.63,0.64,0.01,0.01,78021.18,1776853270000
1776853272.118,72.118,0.36,0.37,0.63,0.64,0.01,0.01,78021.27,1776853271000
1776853272.576,72.576,0.36,0.37,0.63,0.64,0.01,0.01,78021.27,1776853271000
1776853272.966,72.966,0.36,0.37,0.63,0.64,0.01,0.01,78021.27,1776853271000
1776853273.385,73.385,0.36,0.38,0.63,0.64,0.02,0.01,78021.6,1776853272000
1776853273.821,73.821,0.37,0.38,0.62,0.64,0.01,0.02,78021.6,1776853272000
1776853274.16,74.16,0.37,0.38,0.62,0.63,0.01,0.01,78021.6,1776853272000
1776853274.632,74.632,0.37,0.38,0.62,0.63,0.01,0.01,78021.6,1776853272000
1776853275.002,75.002,0.37,0.38,0.62,0.63,0.01,0.01,78020.75,1776853273000
1776853275.643,75.643,0.37,0.38,0.62,0.63,0.01,0.01,78021.2,1776853274000
1776853276.014,76.014,0.37,0.38,0.62,0.63,0.01,0.01,78021.2,1776853274000
1776853276.576,76.576,0.37,0.38,0.62,0.63,0.01,0.01,78021.2,1776853274000
1776853276.914,76.914,0.37,0.38,0.62,0.63,0.01,0.01,78021.2,1776853274000
1776853277.407,77.407,0.37,0.38,0.62,0.63,0.01,0.01,78021.18,1776853275000
1776853277.995,77.995,0.37,0.38,0.62,0.63,0.01,0.01,78020.33,1776853276000
1776853278.458,78.458,0.38,0.39,0.62,0.63,0.01,0.01,78020.33,1776853277000
1776853278.852,78.852,0.38,0.39,0.61,0.62,0.01,0.01,78020.33,1776853277000
1776853279.632,79.632,0.38,0.39,0.61,0.62,0.01,0.01,78020.95,1776853278000
1776853279.987,79.987,0.38,0.39,0.61,0.62,0.01,0.01,78020.95,1776853278000
1776853280.328,80.328,0.38,0.39,0.61,0.62,0.01,0.01,78021.56,1776853279000
1776853280.851,80.851,0.38,0.39,0.61,0.62,0.01,0.01,78021.56,1776853279000
1776853281.431,81.431,0.43,0.44,0.56,0.58,0.01,0.02,78021.56,1776853279000
1776853281.919,81.919,0.45,0.46,0.54,0.55,0.01,0.01,78021.58,1776853280000
1776853282.494,82.494,0.51,0.52,0.48,0.49,0.01,0.01,78021.81,1776853281000
1776853282.995,82.995,0.51,0.52,0.48,0.49,0.01,0.01,78021.81,1776853281000
1776853283.471,83.471,0.53,0.54,0.47,0.49,0.01,0.02,78026.74,1776853282000
1776853284.12,84.12,0.54,0.55,0.45,0.46,0.01,0.01,78026.74,1776853282000
1776853284.492,84.492,0.54,0.56,0.44,0.46,0.02,0.02,78030.58,1776853283000
1776853285.005,85.005,0.58,0.59,0.41,0.42,0.01,0.01,78030.58,1776853283000
1776853285.359,85.359,0.58,0.59,0.41,0.42,0.01,0.01,78031.71,1776853284000
1776853285.693,85.693,0.58,0.59,0.41,0.42,0.01,0.01,78031.71,1776853284000
1776853286.098,86.098,0.58,0.59,0.4,0.42,0.01,0.02,78031.71,1776853284000
1776853286.523,86.523,0.59,0.6,0.4,0.42,0.01,0.02,78035.16,1776853285000
1776853286.859,86.859,0.59,0.6,0.4,0.41,0.01,0.01,78035.16,1776853285000
1776853287.297,87.297,0.6,0.63,0.38,0.4,0.03,0.02,78035.16,1776853285000
1776853287.77,87.77,0.62,0.64,0.36,0.38,0.02,0.02,78037.83,1776853286000
1776853288.186,88.186,0.64,0.65,0.35,0.36,0.01,0.01,78037.83,1776853286000
1776853288.592,88.592,0.64,0.65,0.35,0.36,0.01,0.01,78037.83,1776853286000
1776853288.959,88.959,0.64,0.65,0.35,0.36,0.01,0.01,78037.83,1776853286000
1776853289.321,89.321,0.64,0.65,0.35,0.36,0.01,0.01,78045.85,1776853288000
1776853289.83,89.83,0.64,0.65,0.35,0.36,0.01,0.01,78045.85,1776853288000
1776853290.235,90.235,0.64,0.65,0.35,0.36,0.01,0.01,78045.89,1776853289000
1776853290.576,90.576,0.65,0.66,0.34,0.36,0.01,0.02,78045.89,1776853289000
1776853290.948,90.948,0.65,0.66,0.34,0.35,0.01,0.01,78045.89,1776853289000
1776853291.369,91.369,0.65,0.66,0.34,0.35,0.01,0.01,78045.93,1776853290000
1776853291.93,91.93,0.65,0.66,0.34,0.35,0.01,0.01,78045.97,1776853291000
1776853292.591,92.591,0.65,0.66,0.34,0.35,0.01,0.01,78045.97,1776853291000
1776853292.929,92.929,0.65,0.66,0.34,0.35,0.01,0.01,78045.99,1776853292000
1776853293.36,93.36,0.65,0.66,0.34,0.35,0.01,0.01,78045.99,1776853292000
1776853293.725,93.725,0.65,0.66,0.34,0.35,0.01,0.01,78045.99,1776853292000
1776853294.1,94.1,0.65,0.66,0.34,0.35,0.01,0.01,78046.12,1776853293000
1776853294.969,94.969,0.65,0.66,0.34,0.35,0.01,0.01,78046.22,1776853294000
1776853295.43,95.43,0.6,0.64,0.36,0.37,0.04,0.01,78046.22,1776853294000
1776853295.77,95.77,0.55,0.58,0.42,0.45,0.03,0.03,78046.22,1776853294000
1776853296.165,96.165,0.57,0.58,0.42,0.43,0.01,0.01,78046.22,1776853294000
1776853296.885,96.885,0.57,0.58,0.41,0.43,0.01,0.02,78043.05,1776853295000
1776853297.466,97.466,0.57,0.58,0.42,0.43,0.01,0.01,78040.16,1776853296000
1776853297.903,97.903,0.57,0.58,0.42,0.43,0.01,0.01,78040.16,1776853297000
1776853298.255,98.255,0.57,0.58,0.42,0.43,0.01,0.01,78040.16,1776853297000
1776853298.605,98.605,0.57,0.58,0.42,0.43,0.01,0.01,78040.16,1776853297000
1776853299.475,99.475,0.57,0.58,0.42,0.43,0.01,0.01,78040.44,1776853298000
1776853300.101,100.101,0.57,0.58,0.42,0.43,0.01,0.01,78040.44,1776853298000
1776853300.463,100.463,0.57,0.58,0.42,0.43,0.01,0.01,78040.55,1776853299000
1776853300.797,100.797,0.57,0.58,0.42,0.43,0.01,0.01,78040.55,1776853300000
1776853301.542,101.542,0.57,0.58,0.42,0.43,0.01,0.01,78040.55,1776853300000
1776853301.875,101.875,0.54,0.56,0.44,0.46,0.02,0.02,78040.55,1776853300000
1776853302.236,102.236,0.54,0.55,0.45,0.46,0.01,0.01,78040.18,1776853301000
1776853302.931,102.931,0.54,0.55,0.45,0.46,0.01,0.01,78040.18,1776853301000
1776853303.543,103.543,0.54,0.55,0.45,0.46,0.01,0.01,78039.07,1776853302000
1776853304.057,104.057,0.54,0.55,0.45,0.46,0.01,0.01,78039.07,1776853302000
1776853304.766,104.766,0.54,0.55,0.45,0.46,0.01,0.01,78039.07,1776853303000
1776853305.263,105.263,0.54,0.55,0.45,0.46,0.01,0.01,78039.07,1776853303000
1776853305.738,105.738,0.54,0.55,0.45,0.46,0.01,0.01,78039.07,1776853303000
1776853306.176,106.176,0.54,0.55,0.45,0.46,0.01,0.01,78039.14,1776853304000
1776853307.118,107.118,0.54,0.55,0.45,0.46,0.01,0.01,78038.87,1776853305000
1776853307.473,107.473,0.54,0.55,0.45,0.46,0.01,0.01,78038.77,1776853306000
1776853307.807,107.807,0.53,0.55,0.45,0.46,0.02,0.01,78038.77,1776853306000
1776853308.346,108.346,0.53,0.54,0.45,0.47,0.01,0.02,78038.77,1776853306000
1776853308.681,108.681,0.55,0.56,0.44,0.45,0.01,0.01,78038.77,1776853306000
1776853309.157,109.157,0.55,0.56,0.44,0.45,0.01,0.01,78038.82,1776853307000
1776853309.492,109.492,0.55,0.56,0.44,0.45,0.01,0.01,78038.82,1776853307000
1776853310.265,110.265,0.55,0.56,0.44,0.45,0.01,0.01,78038.76,1776853309000
1776853310.86,110.86,0.55,0.56,0.44,0.45,0.01,0.01,78038.76,1776853309000
1776853311.612,111.612,0.55,0.56,0.44,0.45,0.01,0.01,78038.76,1776853309000
1776853312.273,112.273,0.55,0.56,0.44,0.45,0.01,0.01,78039.64,1776853310000
1776853312.668,112.668,0.55,0.56,0.44,0.45,0.01,0.01,78039.57,1776853311000
1776853313.341,113.341,0.55,0.56,0.44,0.45,0.01,0.01,78039.54,1776853312000
1776853314.281,114.281,0.55,0.56,0.44,0.45,0.01,0.01,78039.59,1776853313000
1776853314.875,114.875,0.55,0.56,0.44,0.45,0.01,0.01,78039.59,1776853313000
1776853315.719,115.719,0.55,0.56,0.44,0.45,0.01,0.01,78039.6,1776853314000
1776853316.366,116.366,0.55,0.56,0.44,0.45,0.01,0.01,78039.33,1776853315000
1776853316.844,116.844,0.55,0.56,0.44,0.45,0.01,0.01,78039.33,1776853315000
1776853317.399,117.399,0.55,0.56,0.44,0.45,0.01,0.01,78039.33,1776853315000
1776853317.967,117.967,0.55,0.56,0.44,0.45,0.01,0.01,78039.55,1776853316000
1776853318.456,118.456,0.55,0.56,0.44,0.45,0.01,0.01,78039.53,1776853317000
1776853318.937,118.937,0.55,0.56,0.44,0.45,0.01,0.01,78039.53,1776853317000
1776853319.324,119.324,0.55,0.56,0.44,0.45,0.01,0.01,78039.19,1776853318000
1776853319.67,119.67,0.52,0.54,0.46,0.47,0.02,0.01,78039.19,1776853318000
1776853320.006,120.006,0.48,0.49,0.51,0.53,0.01,0.02,78039.19,1776853318000
1776853320.353,120.353,0.47,0.48,0.52,0.53,0.01,0.01,78039.19,1776853318000
1776853320.693,120.693,0.47,0.48,0.52,0.53,0.01,0.01,78039.19,1776853318000
1776853321.168,121.168,0.47,0.48,0.52,0.53,0.01,0.01,78039.04,1776853319000
1776853321.571,121.571,0.47,0.48,0.52,0.53,0.01,0.01,78037.77,1776853320000
1776853321.929,121.929,0.47,0.48,0.52,0.53,0.01,0.01,78037.77,1776853320000
1776853322.28,122.28,0.41,0.42,0.58,0.59,0.01,0.01,78037.77,1776853320000
1776853322.659,122.659,0.41,0.42,0.58,0.59,0.01,0.01,78034.51,1776853321000
1776853322.997,122.997,0.4,0.41,0.58,0.6,0.01,0.02,78034.51,1776853321000
1776853323.413,123.413,0.4,0.41,0.59,0.6,0.01,0.01,78033.38,1776853322000
1776853323.805,123.805,0.38,0.39,0.6,0.62,0.01,0.02,78033.38,1776853322000
1776853324.208,124.208,0.36,0.37,0.63,0.64,0.01,0.01,78033.38,1776853322000
1776853324.728,124.728,0.36,0.37,0.63,0.64,0.01,0.01,78028.94,1776853323000
1776853325.151,125.151,0.36,0.37,0.63,0.64,0.01,0.01,78028.94,1776853323000
1776853325.485,125.485,0.36,0.37,0.63,0.64,0.01,0.01,78022.5,1776853324000
1776853325.835,125.835,0.36,0.37,0.63,0.64,0.01,0.01,78022.5,1776853324000
1776853326.18,126.18,0.36,0.37,0.63,0.64,0.01,0.01,78022.21,1776853325000
1776853326.635,126.635,0.36,0.37,0.63,0.64,0.01,0.01,78022.21,1776853325000
1776853327.116,127.116,0.36,0.37,0.63,0.64,0.01,0.01,78022.29,1776853326000
1776853327.458,127.458,0.36,0.37,0.63,0.64,0.01,0.01,78022.29,1776853326000
1776853327.907,127.907,0.36,0.37,0.63,0.64,0.01,0.01,78022.29,1776853326000
1776853328.291,128.291,0.36,0.37,0.63,0.64,0.01,0.01,78021.95,1776853327000
1776853328.625,128.625,0.36,0.37,0.63,0.64,0.01,0.01,78021.95,1776853327000
1776853329.011,129.011,0.37,0.4,0.6,0.63,0.03,0.03,78021.71,1776853328000
1776853329.369,129.369,0.39,0.4,0.6,0.61,0.01,0.01,78021.71,1776853328000
1776853329.993,129.993,0.4,0.41,0.59,0.61,0.01,0.02,78021.71,1776853328000
1776853330.394,130.394,0.4,0.41,0.59,0.6,0.01,0.01,78021.6,1776853329000
1776853330.928,130.928,0.4,0.41,0.59,0.6,0.01,0.01,78021.6,1776853329000
1776853331.394,131.394,0.4,0.41,0.59,0.6,0.01,0.01,78022.52,1776853330000
1776853331.828,131.828,0.4,0.41,0.59,0.6,0.01,0.01,78022.52,1776853330000
1776853332.227,132.227,0.4,0.41,0.59,0.6,0.01,0.01,78023.24,1776853331000
1776853332.947,132.947,0.4,0.41,0.59,0.6,0.01,0.01,78023.24,1776853331000
1776853333.45,133.45,0.4,0.41,0.59,0.6,0.01,0.01,78023.36,1776853332000
1776853333.899,133.899,0.4,0.41,0.59,0.6,0.01,0.01,78023.36,1776853332000
1776853334.588,134.588,0.4,0.41,0.59,0.6,0.01,0.01,78023.37,1776853333000
1776853335.051,135.051,0.4,0.41,0.59,0.6,0.01,0.01,78023.3,1776853334000
1776853336.153,136.153,0.4,0.41,0.59,0.6,0.01,0.01,78023.61,1776853335000
1776853336.553,136.553,0.4,0.41,0.59,0.6,0.01,0.01,78023.61,1776853335000
1776853336.899,136.899,0.4,0.41,0.59,0.6,0.01,0.01,78023.61,1776853335000
1776853337.271,137.271,0.4,0.41,0.59,0.6,0.01,0.01,78023.5,1776853336000
1776853337.735,137.735,0.4,0.41,0.58,0.6,0.01,0.02,78023.5,1776853336000
1776853338.123,138.123,0.4,0.41,0.59,0.6,0.01,0.01,78023.5,1776853336000
1776853338.641,138.641,0.4,0.41,0.59,0.6,0.01,0.01,78023.31,1776853337000
1776853339.05,139.05,0.4,0.41,0.59,0.6,0.01,0.01,78023.31,1776853337000
1776853339.427,139.427,0.4,0.41,0.59,0.6,0.01,0.01,78023.15,1776853338000
1776853340.238,140.238,0.4,0.41,0.59,0.6,0.01,0.01,78023.15,1776853338000
1776853341.061,141.061,0.4,0.41,0.59,0.6,0.01,0.01,78023.23,1776853340000
1776853341.922,141.922,0.4,0.41,0.59,0.6,0.01,0.01,78023.23,1776853340000
1776853343.095,143.095,0.4,0.41,0.59,0.6,0.01,0.01,78023.25,1776853342000
1776853343.536,143.536,0.4,0.41,0.59,0.6,0.01,0.01,78023.25,1776853342000
1776853344.185,144.185,0.4,0.41,0.59,0.6,0.01,0.01,78023.31,1776853343000
1776853345.005,145.005,0.4,0.41,0.59,0.6,0.01,0.01,78023.31,1776853343000
1776853346.238,146.238,0.4,0.41,0.59,0.6,0.01,0.01,78023.33,1776853344000
1776853346.646,146.646,0.4,0.41,0.59,0.6,0.01,0.01,78023.87,1776853345000
1776853347.33,147.33,0.4,0.41,0.59,0.6,0.01,0.01,78023.87,1776853345000
1776853347.934,147.934,0.41,0.42,0.58,0.6,0.01,0.02,78024.93,1776853346000
1776853348.279,148.279,0.43,0.44,0.57,0.58,0.01,0.01,78025.14,1776853347000
1776853348.77,148.77,0.43,0.44,0.56,0.57,0.01,0.01,78025.14,1776853347000
1776853349.285,149.285,0.43,0.45,0.55,0.57,0.02,0.02,78025.27,1776853348000
1776853349.685,149.685,0.44,0.46,0.55,0.56,0.02,0.01,78025.27,1776853348000
1776853350.192,150.192,0.45,0.46,0.54,0.55,0.01,0.01,78025.27,1776853348000
1776853350.639,150.639,0.45,0.46,0.54,0.55,0.01,0.01,78026.13,1776853349000
1776853351.224,151.224,0.45,0.46,0.54,0.55,0.01,0.01,78026.13,1776853349000
1776853351.569,151.569,0.45,0.46,0.54,0.55,0.01,0.01,78026.25,1776853350000
1776853351.919,151.919,0.45,0.46,0.54,0.55,0.01,0.01,78026.25,1776853350000
1776853353.038,153.038,0.45,0.46,0.54,0.55,0.01,0.01,78026.29,1776853352000
1776853353.898,153.898,0.45,0.46,0.54,0.55,0.01,0.01,78026.29,1776853352000
1776853354.447,154.447,0.45,0.46,0.54,0.55,0.01,0.01,78026.43,1776853353000
1776853354.924,154.924,0.45,0.46,0.54,0.55,0.01,0.01,78026.43,1776853353000
1776853355.287,155.287,0.45,0.46,0.54,0.55,0.01,0.01,78026.45,1776853354000
1776853355.628,155.628,0.45,0.46,0.54,0.55,0.01,0.01,78026.45,1776853354000
1776853356.055,156.055,0.45,0.46,0.54,0.55,0.01,0.01,78026.45,1776853354000
1776853356.409,156.409,0.45,0.46,0.54,0.55,0.01,0.01,78026.3,1776853355000
1776853356.838,156.838,0.45,0.46,0.54,0.55,0.01,0.01,78026.3,1776853355000
1776853357.18,157.18,0.45,0.46,0.54,0.55,0.01,0.01,78026.34,1776853356000
1776853357.959,157.959,0.43,0.44,0.56,0.57,0.01,0.01,78026.34,1776853356000
1776853358.308,158.308,0.39,0.42,0.58,0.61,0.03,0.03,78026.34,1776853357000
1776853358.88,158.88,0.38,0.4,0.6,0.62,0.02,0.02,78026.34,1776853357000
1776853359.266,159.266,0.37,0.38,0.62,0.63,0.01,0.01,78026.34,1776853357000
1776853359.784,159.784,0.37,0.38,0.62,0.63,0.01,0.01,78026.34,1776853357000
1776853360.217,160.217,0.37,0.38,0.62,0.63,0.01,0.01,78024.15,1776853359000
1776853360.741,160.741,0.35,0.38,0.62,0.63,0.03,0.01,78024.15,1776853359000
1776853361.591,161.591,0.37,0.38,0.62,0.63,0.01,0.01,78023.58,1776853360000
1776853362.065,162.065,0.36,0.37,0.63,0.64,0.01,0.01,78023.58,1776853360000
1776853362.413,162.413,0.36,0.37,0.63,0.64,0.01,0.01,78023.76,1776853361000
1776853363.017,163.017,0.36,0.37,0.63,0.64,0.01,0.01,78023.44,1776853362000
1776853364.036,164.036,0.36,0.37,0.63,0.64,0.01,0.01,78022.44,1776853363000
1776853364.374,164.374,0.35,0.37,0.63,0.65,0.02,0.02,78022.44,1776853363000
1776853364.735,164.735,0.35,0.37,0.63,0.65,0.02,0.02,78022.44,1776853363000
1776853365.075,165.075,0.35,0.37,0.63,0.65,0.02,0.02,78022.6,1776853364000
1776853365.497,165.497,0.36,0.37,0.63,0.65,0.01,0.02,78022.6,1776853364000
1776853366.064,166.064,0.36,0.37,0.63,0.64,0.01,0.01,78022.6,1776853364000
1776853366.512,166.512,0.36,0.37,0.63,0.64,0.01,0.01,78022.6,1776853364000
1776853366.85,166.85,0.33,0.35,0.65,0.67,0.02,0.02,78021.99,1776853365000
1776853367.196,167.196,0.34,0.35,0.65,0.66,0.01,0.01,78021.36,1776853366000
1776853367.57,167.57,0.34,0.35,0.65,0.66,0.01,0.01,78021.36,1776853366000
1776853368.002,168.002,0.34,0.35,0.65,0.66,0.01,0.01,78021.36,1776853366000
1776853368.372,168.372,0.34,0.35,0.65,0.66,0.01,0.01,78020.83,1776853367000
1776853368.894,168.894,0.34,0.35,0.65,0.66,0.01,0.01,78020.83,1776853367000
1776853369.397,169.397,0.34,0.35,0.65,0.66,0.01,0.01,78021.49,1776853368000
1776853369.855,169.855,0.34,0.35,0.65,0.66,0.01,0.01,78021.49,1776853368000
1776853370.236,170.236,0.34,0.35,0.65,0.66,0.01,0.01,78021.75,1776853369000
1776853370.611,170.611,0.34,0.35,0.65,0.66,0.01,0.01,78021.75,1776853369000
1776853371.304,171.304,0.34,0.35,0.65,0.66,0.01,0.01,78021.95,1776853370000
1776853371.711,171.711,0.34,0.35,0.65,0.66,0.01,0.01,78021.95,1776853370000
1776853372.276,172.276,0.34,0.35,0.65,0.66,0.01,0.01,78021.95,1776853371000
1776853372.729,172.729,0.34,0.35,0.65,0.66,0.01,0.01,78021.95,1776853371000
1776853373.135,173.135,0.34,0.35,0.65,0.66,0.01,0.01,78021.95,1776853371000
1776853373.674,173.674,0.34,0.35,0.65,0.66,0.01,0.01,78021.95,1776853372000
1776853374.216,174.216,0.34,0.35,0.65,0.66,0.01,0.01,78021.73,1776853373000
1776853374.602,174.602,0.34,0.35,0.65,0.66,0.01,0.01,78021.73,1776853373000
1776853375.228,175.228,0.34,0.35,0.65,0.66,0.01,0.01,78021.82,1776853374000
1776853375.654,175.654,0.34,0.35,0.65,0.66,0.01,0.01,78021.82,1776853374000
1776853376.138,176.138,0.3,0.35,0.65,0.66,0.05,0.01,78021.82,1776853374000
1776853376.519,176.519,0.3,0.31,0.69,0.7,0.01,0.01,78021.85,1776853375000
1776853376.96,176.96,0.29,0.31,0.69,0.73,0.02,0.04,78021.85,1776853375000
1776853377.46,177.46,0.27,0.28,0.72,0.73,0.01,0.01,78021.85,1776853376000
1776853377.983,177.983,0.27,0.28,0.72,0.73,0.01,0.01,78021.55,1776853377000
1776853378.343,178.343,0.27,0.28,0.72,0.73,0.01,0.01,78021.55,1776853377000
1776853378.903,178.903,0.27,0.28,0.72,0.73,0.01,0.01,78021.55,1776853377000
1776853379.268,179.268,0.27,0.28,0.72,0.73,0.01,0.01,78019.4,1776853378000
1776853380.506,180.506,0.27,0.28,0.72,0.73,0.01,0.01,78019.18,1776853379000
1776853380.89,180.89,0.27,0.28,0.72,0.73,0.01,0.01,78019.18,1776853379000
1776853381.395,181.395,0.27,0.28,0.72,0.73,0.01,0.01,78017.77,1776853380000
1776853382.06,182.06,0.27,0.28,0.72,0.73,0.01,0.01,78017.77,1776853380000
1776853382.43,182.43,0.27,0.28,0.72,0.73,0.01,0.01,78013.41,1776853381000
1776853382.784,182.784,0.27,0.28,0.72,0.73,0.01,0.01,78013.41,1776853381000
1776853383.178,183.178,0.27,0.28,0.72,0.73,0.01,0.01,78013.41,1776853381000
1776853383.569,183.569,0.27,0.29,0.72,0.73,0.02,0.01,78013.33,1776853382000
1776853383.902,183.902,0.26,0.28,0.72,0.74,0.02,0.02,78013.33,1776853382000
1776853384.314,184.314,0.25,0.26,0.74,0.75,0.01,0.01,78012.52,1776853383000
1776853384.663,184.663,0.23,0.25,0.75,0.77,0.02,0.02,78012.52,1776853383000
1776853385.076,185.076,0.24,0.25,0.75,0.76,0.01,0.01,78012.52,1776853383000
1776853385.492,185.492,0.24,0.25,0.74,0.76,0.01,0.02,78011.53,1776853384000
1776853385.88,185.88,0.25,0.26,0.74,0.76,0.01,0.02,78011.53,1776853384000
1776853386.511,186.511,0.25,0.26,0.74,0.75,0.01,0.01,78011.71,1776853385000
1776853386.846,186.846,0.25,0.26,0.74,0.75,0.01,0.01,78011.71,1776853385000
1776853387.221,187.221,0.25,0.26,0.74,0.75,0.01,0.01,78011.93,1776853386000
1776853388.265,188.265,0.25,0.26,0.74,0.75,0.01,0.01,78012.29,1776853387000
1776853388.601,188.601,0.25,0.29,0.72,0.75,0.04,0.03,78012.29,1776853387000
1776853389.077,189.077,0.26,0.29,0.71,0.74,0.03,0.03,78012.29,1776853387000
1776853389.432,189.432,0.26,0.28,0.72,0.74,0.02,0.02,78012.29,1776853387000
1776853390.009,190.009,0.26,0.27,0.73,0.74,0.01,0.01,78014.9,1776853388000
1776853390.346,190.346,0.26,0.27,0.73,0.74,0.01,0.01,78015.58,1776853389000
1776853390.689,190.689,0.26,0.27,0.73,0.74,0.01,0.01,78015.58,1776853389000
1776853391.099,191.099,0.26,0.27,0.73,0.74,0.01,0.01,78015.58,1776853389000
1776853391.451,191.451,0.25,0.27,0.73,0.75,0.02,0.02,78015.58,1776853389000
1776853391.822,191.822,0.21,0.24,0.76,0.77,0.03,0.01,78015.58,1776853389000
1776853392.288,192.288,0.21,0.22,0.78,0.79,0.01,0.01,78015.55,1776853390000
1776853392.74,192.74,0.21,0.22,0.78,0.79,0.01,0.01,78015.58,1776853391000
1776853393.081,193.081,0.21,0.22,0.78,0.79,0.01,0.01,78015.58,1776853391000
1776853393.466,193.466,0.2,0.21,0.78,0.8,0.01,0.02,78014.73,1776853392000
1776853393.838,193.838,0.2,0.21,0.79,0.8,0.01,0.01,78014.73,1776853392000
1776853394.279,194.279,0.2,0.21,0.79,0.8,0.01,0.01,78013.63,1776853393000
1776853394.65,194.65,0.2,0.21,0.79,0.8,0.01,0.01,78013.63,1776853393000
1776853395.032,195.032,0.2,0.21,0.79,0.8,0.01,0.01,78013.63,1776853393000
1776853395.479,195.479,0.2,0.21,0.79,0.8,0.01,0.01,78012.55,1776853394000
1776853395.954,195.954,0.2,0.21,0.79,0.8,0.01,0.01,78012.49,1776853395000
1776853396.418,196.418,0.2,0.21,0.79,0.8,0.01,0.01,78012.49,1776853395000
1776853396.93,196.93,0.2,0.21,0.79,0.8,0.01,0.01,78012.49,1776853395000
1776853397.385,197.385,0.2,0.21,0.79,0.8,0.01,0.01,78012.43,1776853396000
1776853397.987,197.987,0.2,0.21,0.79,0.8,0.01,0.01,78012.43,1776853396000
1776853398.461,198.461,0.2,0.21,0.79,0.8,0.01,0.01,78012.43,1776853396000
1776853399.087,199.087,0.2,0.21,0.79,0.8,0.01,0.01,78012.45,1776853398000
1776853399.605,199.605,0.2,0.21,0.79,0.8,0.01,0.01,78012.45,1776853398000
1776853400.049,200.049,0.2,0.21,0.79,0.81,0.01,0.02,78012.45,1776853398000
1776853400.481,200.481,0.2,0.21,0.79,0.8,0.01,0.01,78012.81,1776853399000
1776853400.814,200.814,0.18,0.2,0.8,0.82,0.02,0.02,78012.81,1776853399000
1776853401.462,201.462,0.18,0.19,0.81,0.82,0.01,0.01,78012.42,1776853400000
1776853401.806,201.806,0.15,0.19,0.81,0.85,0.04,0.04,78012.42,1776853400000
1776853402.148,202.148,0.15,0.17,0.81,0.85,0.02,0.04,78011.91,1776853401000
1776853402.494,202.494,0.15,0.16,0.84,0.85,0.01,0.01,78011.91,1776853401000
1776853402.829,202.829,0.15,0.16,0.84,0.85,0.01,0.01,78011.91,1776853401000
1776853403.186,203.186,0.14,0.15,0.85,0.86,0.01,0.01,78009.57,1776853402000
1776853403.562,203.562,0.13,0.15,0.85,0.86,0.02,0.01,78009.57,1776853402000
1776853404.237,204.237,0.13,0.15,0.85,0.87,0.02,0.02,78005.3,1776853403000
1776853404.603,204.603,0.13,0.15,0.85,0.87,0.02,0.02,78005.3,1776853403000
1776853405.38,205.38,0.13,0.14,0.85,0.87,0.01,0.02,78005.3,1776853403000
1776853406.038,206.038,0.13,0.14,0.86,0.87,0.01,0.01,78004.8,1776853405000
1776853406.809,206.809,0.13,0.14,0.86,0.87,0.01,0.01,78004.8,1776853405000
1776853407.324,207.324,0.13,0.14,0.86,0.87,0.01,0.01,78005.16,1776853406000
1776853407.706,207.706,0.13,0.14,0.86,0.87,0.01,0.01,78005.16,1776853406000
1776853408.182,208.182,0.13,0.14,0.86,0.87,0.01,0.01,78005.16,1776853406000
1776853408.827,208.827,0.13,0.14,0.86,0.87,0.01,0.01,78005.13,1776853407000
1776853409.171,209.171,0.13,0.14,0.86,0.87,0.01,0.01,78005.24,1776853408000
1776853409.508,209.508,0.13,0.15,0.85,0.87,0.02,0.02,78005.24,1776853408000
1776853410.016,210.016,0.13,0.15,0.85,0.87,0.02,0.02,78005.24,1776853408000
1776853410.358,210.358,0.14,0.15,0.85,0.87,0.01,0.02,78006.65,1776853409000
1776853410.697,210.697,0.15,0.16,0.84,0.85,0.01,0.01,78006.65,1776853409000
1776853411.17,211.17,0.16,0.17,0.84,0.85,0.01,0.01,78006.85,1776853410000
1776853411.504,211.504,0.19,0.22,0.78,0.79,0.03,0.01,78006.85,1776853410000
1776853411.889,211.889,0.21,0.22,0.78,0.79,0.01,0.01,78006.85,1776853410000
1776853412.31,212.31,0.21,0.22,0.78,0.79,0.01,0.01,78007.25,1776853411000
1776853413.11,213.11,0.21,0.22,0.78,0.79,0.01,0.01,78007.25,1776853411000
1776853413.493,213.493,0.21,0.22,0.78,0.79,0.01,0.01,78010.35,1776853412000
1776853413.873,213.873,0.21,0.22,0.78,0.79,0.01,0.01,78010.35,1776853412000
1776853414.643,214.643,0.21,0.22,0.78,0.79,0.01,0.01,78011.57,1776853413000
1776853415.421,215.421,0.21,0.22,0.78,0.79,0.01,0.01,78011.57,1776853414000
1776853416.056,216.056,0.21,0.22,0.78,0.79,0.01,0.01,78011.83,1776853415000
1776853416.595,216.595,0.21,0.22,0.78,0.79,0.01,0.01,78011.83,1776853415000
1776853417.131,217.131,0.2,0.22,0.78,0.8,0.02,0.02,78011.83,1776853415000
1776853417.466,217.466,0.2,0.21,0.78,0.8,0.01,0.02,78008.98,1776853416000
1776853417.856,217.856,0.12,0.16,0.83,0.86,0.04,0.03,78008.98,1776853416000
1776853418.296,218.296,0.12,0.15,0.85,0.88,0.03,0.03,78006.62,1776853417000
1776853418.868,218.868,0.13,0.15,0.85,0.88,0.02,0.03,78006.62,1776853417000
1776853419.264,219.264,0.14,0.15,0.85,0.86,0.01,0.01,78004.42,1776853418000
1776853419.647,219.647,0.12,0.14,0.86,0.87,0.02,0.01,78004.42,1776853418000
1776853420.007,220.007,0.12,0.13,0.87,0.88,0.01,0.01,78004.42,1776853418000
1776853420.428,220.428,0.11,0.12,0.88,0.89,0.01,0.01,78003.73,1776853419000
1776853420.775,220.775,0.11,0.12,0.88,0.89,0.01,0.01,78003.73,1776853419000
1776853421.125,221.125,0.11,0.12,0.88,0.89,0.01,0.01,78005.4,1776853420000
1776853421.535,221.535,0.11,0.12,0.88,0.89,0.01,0.01,78005.4,1776853420000
1776853421.88,221.88,0.11,0.12,0.88,0.89,0.01,0.01,78005.4,1776853420000
1776853422.364,222.364,0.11,0.12,0.88,0.89,0.01,0.01,78005.4,1776853420000
1776853422.964,222.964,0.11,0.12,0.88,0.89,0.01,0.01,78003.95,1776853421000
1776853424.202,224.202,0.11,0.12,0.88,0.89,0.01,0.01,78004.38,1776853423000
1776853424.723,224.723,0.1,0.11,0.88,0.89,0.01,0.01,78004.38,1776853423000
1776853425.078,225.078,0.1,0.11,0.89,0.9,0.01,0.01,78004.38,1776853423000
1776853425.436,225.436,0.1,0.11,0.89,0.9,0.01,0.01,78004.38,1776853423000
1776853425.779,225.779,0.1,0.11,0.89,0.9,0.01,0.01,78003.31,1776853424000
1776853426.292,226.292,0.09,0.1,0.89,0.91,0.01,0.02,78002.71,1776853425000
1776853426.957,226.957,0.09,0.1,0.9,0.91,0.01,0.01,78002.71,1776853425000
1776853427.31,227.31,0.09,0.1,0.9,0.91,0.01,0.01,78002.56,1776853426000
1776853427.742,227.742,0.09,0.1,0.9,0.91,0.01,0.01,78002.56,1776853426000
1776853428.131,228.131,0.09,0.1,0.9,0.91,0.01,0.01,78002.56,1776853426000
1776853428.465,228.465,0.11,0.12,0.88,0.89,0.01,0.01,78002.51,1776853427000
1776853428.833,228.833,0.12,0.13,0.87,0.88,0.01,0.01,78002.51,1776853427000
1776853429.313,229.313,0.12,0.13,0.87,0.88,0.01,0.01,78002.16,1776853428000
1776853429.686,229.686,0.12,0.13,0.87,0.88,0.01,0.01,78002.16,1776853428000
1776853430.088,230.088,0.12,0.13,0.87,0.88,0.01,0.01,78002.16,1776853428000
1776853430.463,230.463,0.14,0.15,0.85,0.86,0.01,0.01,78004.67,1776853429000
1776853430.855,230.855,0.14,0.15,0.85,0.87,0.01,0.02,78004.67,1776853429000
1776853431.191,231.191,0.13,0.14,0.86,0.87,0.01,0.01,78005.73,1776853430000
1776853431.624,231.624,0.13,0.14,0.86,0.87,0.01,0.01,78005.73,1776853430000
1776853432.289,232.289,0.12,0.14,0.86,0.88,0.02,0.02,78005.74,1776853431000
1776853433.642,233.642,0.12,0.13,0.87,0.88,0.01,0.01,78005.86,1776853432000
1776853434.122,234.122,0.12,0.13,0.87,0.88,0.01,0.01,78005.55,1776853433000
1776853434.671,234.671,0.11,0.13,0.87,0.89,0.02,0.02,78005.55,1776853433000
1776853435.304,235.304,0.11,0.13,0.87,0.89,0.02,0.02,78003.79,1776853434000
1776853435.657,235.657,0.11,0.13,0.87,0.89,0.02,0.02,78003.79,1776853434000
1776853436.018,236.018,0.08,0.12,0.88,0.92,0.04,0.04,78003.79,1776853434000
1776853436.458,236.458,0.08,0.11,0.89,0.92,0.03,0.03,78003.66,1776853435000
1776853436.825,236.825,0.09,0.1,0.89,0.91,0.01,0.02,78003.66,1776853435000
1776853437.452,237.452,0.09,0.1,0.9,0.91,0.01,0.01,78003.49,1776853436000
1776853437.883,237.883,0.07,0.08,0.9,0.93,0.01,0.03,78003.49,1776853436000
1776853438.228,238.228,0.07,0.09,0.91,0.93,0.02,0.02,78003.48,1776853437000
1776853438.564,238.564,0.08,0.09,0.9,0.92,0.01,0.02,78003.48,1776853437000
1776853438.931,238.931,0.09,0.1,0.9,0.91,0.01,0.01,78003.48,1776853438000
1776853439.364,239.364,0.09,0.1,0.9,0.91,0.01,0.01,78003.48,1776853438000
1776853439.829,239.829,0.08,0.09,0.91,0.92,0.01,0.01,78002.44,1776853439000
1776853440.439,240.439,0.07,0.08,0.91,0.92,0.01,0.01,78002.44,1776853439000
1776853440.873,240.873,0.07,0.08,0.92,0.93,0.01,0.01,78002.44,1776853439000
1776853441.376,241.376,0.07,0.08,0.92,0.93,0.01,0.01,78003.94,1776853440000
1776853441.831,241.831,0.06,0.07,0.93,0.94,0.01,0.01,78003.94,1776853440000
1776853442.23,242.23,0.06,0.07,0.93,0.94,0.01,0.01,78003.91,1776853441000
1776853442.758,242.758,0.06,0.07,0.93,0.94,0.01,0.01,78003.91,1776853441000
1776853443.149,243.149,0.06,0.07,0.93,0.94,0.01,0.01,78003.91,1776853441000
1776853443.551,243.551,0.05,0.07,0.93,0.95,0.02,0.02,78003.22,1776853442000
1776853443.904,243.904,0.05,0.06,0.93,0.95,0.01,0.02,78003.22,1776853442000
1776853444.3,244.3,0.05,0.06,0.94,0.95,0.01,0.01,78003.22,1776853443000
1776853444.729,244.729,0.05,0.06,0.94,0.95,0.01,0.01,78003.22,1776853443000
1776853445.267,245.267,0.05,0.06,0.94,0.95,0.01,0.01,78003.22,1776853443000
1776853445.607,245.607,0.05,0.06,0.94,0.95,0.01,0.01,78003.5,1776853444000
1776853445.951,245.951,0.05,0.06,0.94,0.95,0.01,0.01,78003.42,1776853445000
1776853446.345,246.345,0.04,0.05,0.95,0.96,0.01,0.01,78003.42,1776853445000
1776853446.702,246.702,0.04,0.05,0.95,0.96,0.01,0.01,78003.42,1776853445000
1776853447.074,247.074,0.04,0.05,0.95,0.96,0.01,0.01,78002.71,1776853446000
1776853447.585,247.585,0.04,0.05,0.95,0.96,0.01,0.01,78002.71,1776853446000
1776853447.924,247.924,0.04,0.05,0.95,0.96,0.01,0.01,78002.71,1776853446000
1776853448.288,248.288,0.03,0.04,0.96,0.97,0.01,0.01,78001.84,1776853447000
1776853448.689,248.689,0.03,0.04,0.96,0.97,0.01,0.01,78001.84,1776853447000
1776853449.04,249.04,0.03,0.04,0.96,0.97,0.01,0.01,78001.83,1776853448000
1776853449.39,249.39,0.03,0.04,0.96,0.97,0.01,0.01,78001.83,1776853448000
1776853449.749,249.749,0.03,0.04,0.96,0.97,0.01,0.01,78001.83,1776853448000
1776853450.235,250.235,0.03,0.04,0.95,0.97,0.01,0.02,78001.83,1776853448000
1776853450.613,250.613,0.03,0.04,0.96,0.97,0.01,0.01,78002.05,1776853449000
1776853451.046,251.046,0.03,0.05,0.96,0.97,0.02,0.01,78002.05,1776853449000
1776853451.68,251.68,0.03,0.05,0.95,0.97,0.02,0.02,78002.05,1776853449000
1776853452.206,252.206,0.05,0.07,0.94,0.95,0.02,0.01,78002.06,1776853450000
1776853452.558,252.558,0.04,0.05,0.95,0.96,0.01,0.01,78002.06,1776853450000
1776853452.967,252.967,0.04,0.05,0.95,0.96,0.01,0.01,78001.89,1776853451000
1776853453.313,253.313,0.03,0.04,0.96,0.97,0.01,0.01,78001.89,1776853451000
1776853453.819,253.819,0.03,0.04,0.96,0.97,0.01,0.01,78001.88,1776853452000
1776853454.174,254.174,0.03,0.04,0.96,0.97,0.01,0.01,78001.88,1776853452000
1776853454.701,254.701,0.03,0.04,0.96,0.97,0.01,0.01,78001.88,1776853452000
1776853455.048,255.048,0.03,0.04,0.96,0.97,0.01,0.01,78001.54,1776853453000
1776853455.502,255.502,0.03,0.04,0.96,0.97,0.01,0.01,78001.54,1776853453000
1776853455.859,255.859,0.03,0.04,0.96,0.97,0.01,0.01,78001.23,1776853454000
1776853456.377,256.377,0.03,0.04,0.96,0.97,0.01,0.01,78001.23,1776853454000
1776853456.872,256.872,0.03,0.04,0.96,0.97,0.01,0.01,78000.98,1776853455000
1776853457.272,257.272,0.02,0.03,0.97,0.98,0.01,0.01,78000.61,1776853456000
1776853457.612,257.612,0.02,0.03,0.97,0.98,0.01,0.01,78000.61,1776853456000
1776853457.95,257.95,0.02,0.03,0.97,0.98,0.01,0.01,78000.61,1776853456000
1776853458.5,258.5,0.02,0.03,0.97,0.98,0.01,0.01,78000.85,1776853457000
1776853458.919,258.919,0.02,0.03,0.97,0.98,0.01,0.01,78000.85,1776853457000
1776853459.43,259.43,0.02,0.03,0.97,0.98,0.01,0.01,77995.88,1776853458000
1776853459.843,259.843,0.02,0.03,0.97,0.98,0.01,0.01,77995.88,1776853458000
1776853460.198,260.198,0.02,0.03,0.97,0.98,0.01,0.01,77995.88,1776853458000
1776853460.535,260.535,0.02,0.03,0.97,0.98,0.01,0.01,77995.88,1776853458000
1776853461.02,261.02,0.02,0.03,0.97,0.98,0.01,0.01,77990.76,1776853459000
1776853461.419,261.419,0.02,0.03,0.97,0.98,0.01,0.01,77990.76,1776853459000
1776853461.847,261.847,0.02,0.03,0.97,0.98,0.01,0.01,77990.02,1776853460000
1776853462.191,262.191,0.02,0.03,0.97,0.98,0.01,0.01,77990.01,1776853461000
1776853462.605,262.605,0.02,0.03,0.97,0.98,0.01,0.01,77990.01,1776853461000
1776853463.364,263.364,0.02,0.03,0.97,0.98,0.01,0.01,77990.01,1776853461000
1776853463.89,263.89,0.02,0.03,0.97,0.98,0.01,0.01,77989.65,1776853462000
1776853464.261,264.261,0.01,0.03,0.97,0.98,0.02,0.01,77989.65,1776853462000
1776853464.606,264.606,0.01,0.02,0.98,0.99,0.01,0.01,77989.35,1776853463000
1776853464.975,264.975,0.01,0.02,0.97,0.98,0.01,0.01,77989.35,1776853463000
1776853465.463,265.463,0.01,0.02,0.98,0.99,0.01,0.01,77989.35,1776853463000
1776853465.824,265.824,0.01,0.02,0.98,0.99,0.01,0.01,77989.35,1776853463000
1776853466.255,266.255,0.01,0.02,0.98,0.99,0.01,0.01,77993.94,1776853464000
1776853466.593,266.593,0.01,0.02,0.98,0.99,0.01,0.01,77994.08,1776853465000
1776853467.087,267.087,0.01,0.02,0.98,0.99,0.01,0.01,77994.08,1776853465000
1776853467.431,267.431,0.01,0.02,0.98,0.99,0.01,0.01,77993.1,1776853466000
1776853467.81,267.81,0.01,0.02,0.98,0.99,0.01,0.01,77993.1,1776853466000
1776853468.145,268.145,0.01,0.02,0.98,0.99,0.01,0.01,77993.1,1776853466000
1776853468.58,268.58,0.01,0.02,0.98,0.99,0.01,0.01,77992.74,1776853467000
1776853469.268,269.268,0.01,0.02,0.98,0.99,0.01,0.01,77992.74,1776853467000
1776853469.755,269.755,0.01,0.02,0.98,0.99,0.01,0.01,77992.74,1776853467000
1776853470.145,270.145,0.01,0.02,0.98,0.99,0.01,0.01,77992.67,1776853468000
1776853470.657,270.657,0.01,0.01,0.99,0.99,0.0,0.0,77992.25,1776853469000
1776853471.104,271.104,0.01,0.01,0.99,0.99,0.0,0.0,77992.25,1776853469000
1776853471.472,271.472,0.01,0.01,0.99,0.99,0.0,0.0,77992.1,1776853470000
1776853472.045,272.045,0.01,0.01,0.99,0.99,0.0,0.0,77991.3,1776853471000
1776853472.401,272.401,0.01,0.01,0.99,0.99,0.0,0.0,77991.3,1776853471000
1776853472.77,272.77,0.01,0.01,0.99,0.99,0.0,0.0,77991.3,1776853471000
1776853473.325,273.325,0.01,0.01,0.99,0.99,0.0,0.0,77991.4,1776853472000
1776853473.878,273.878,0.01,0.01,0.99,0.99,0.0,0.0,77991.4,1776853472000
1776853475.096,275.096,0.01,0.01,0.99,0.99,0.0,0.0,77992.37,1776853474000
1776853476.12,276.12,0.01,0.01,0.99,0.99,0.0,0.0,77990.82,1776853475000
1776853477.101,277.101,0.01,0.01,0.99,0.99,0.0,0.0,77990.75,1776853476000
1776853477.537,277.537,0.01,0.01,0.99,0.99,0.0,0.0,77990.75,1776853476000
1776853478.22,278.22,0.01,0.01,0.99,0.99,0.0,0.0,77990.84,1776853477000
1776853478.598,278.598,0.01,0.01,0.99,0.99,0.0,0.0,77990.84,1776853477000
1776853479.045,279.045,0.01,0.01,0.99,0.99,0.0,0.0,77990.84,1776853477000
1776853480.093,280.093,0.01,0.01,0.99,0.99,0.0,0.0,77990.59,1776853478000
1776853480.989,280.989,0.01,0.01,0.99,0.99,0.0,0.0,77990.52,1776853479000
1776853481.777,281.777,0.01,0.01,0.99,0.99,0.0,0.0,77990.01,1776853480000
1776853482.643,282.643,0.01,0.01,0.99,0.99,0.0,0.0,77990.01,1776853481000
1776853483.065,283.065,0.01,0.01,0.99,0.99,0.0,0.0,77990.41,1776853482000
1776853484.13,284.13,0.01,0.01,0.99,0.99,0.0,0.0,77990.41,1776853482000
1776853484.857,284.857,0.01,0.01,0.99,0.99,0.0,0.0,77991.12,1776853484000
1776853486.105,286.105,0.01,0.01,0.99,0.99,0.0,0.0,77991.13,1776853485000
1776853487.371,287.371,0.01,0.01,0.99,0.99,0.0,0.0,77991.07,1776853486000
1776853487.953,287.953,0.01,0.01,0.99,0.99,0.0,0.0,77990.8,1776853487000
1776853489.231,289.231,0.01,0.01,0.99,0.99,0.0,0.0,77990.8,1776853488000
1776853490.942,290.942,0.01,0.01,0.99,0.99,0.0,0.0,77990.94,1776853489000
1776853491.382,291.382,0.01,0.01,0.99,0.99,0.0,0.0,77990.94,1776853489000
1776853491.999,291.999,0.01,0.01,0.99,0.99,0.0,0.0,77991.1,1776853491000
1776853492.442,292.442,0.01,0.01,0.99,0.99,0.0,0.0,77991.1,1776853491000
1776853493.465,293.465,0.01,0.01,0.99,0.99,0.0,0.0,77991.05,1776853492000
1776853494.857,294.857,0.01,0.01,0.99,0.99,0.0,0.0,77990.71,1776853493000
1776853495.653,295.653,0.01,0.01,0.99,0.99,0.0,0.0,77990.71,1776853494000
1776853496.434,296.434,0.01,0.01,0.99,0.99,0.0,0.0,77990.55,1776853495000
1776853497.819,297.819,0.01,0.01,0.99,0.99,0.0,0.0,77990.63,1776853496000
1776853498.471,298.471,0.01,0.01,0.99,0.99,0.0,0.0,77990.84,1776853497000
1776853498.915,298.915,0.01,0.01,0.99,0.99,0.0,0.0,77990.84,1776853497000
1776853500.315,300.315,0.01,0.01,0.99,0.99,0.0,0.0,77990.77,1776853498000
1776853500.816,300.816,0.01,0.01,0.99,0.99,0.0,0.0,77991.13,1776853499000

# RESULT,winner=Down,slug=btc-updown-5m-1776853200,ticks=603
