timestamp,elapsed_sec,up_bid,up_ask,down_bid,down_ask,up_spread,down_spread,btc_price,btc_oracle_ts
1776989400.916,0.916,0.48,0.51,0.49,0.52,0.03,0.03,78352.68,1776989400000
1776989401.27,1.27,0.51,0.52,0.48,0.49,0.01,0.01,78352.68,1776989400000
1776989401.66,1.66,0.5,0.52,0.48,0.5,0.02,0.02,78352.68,1776989400000
1776989402.014,2.014,0.51,0.52,0.48,0.49,0.01,0.01,78352.68,1776989400000
1776989402.366,2.366,0.51,0.52,0.48,0.49,0.01,0.01,78352.12,1776989401000
1776989402.901,2.901,0.51,0.52,0.48,0.49,0.01,0.01,78352.12,1776989401000
1776989403.238,3.238,0.51,0.52,0.48,0.49,0.01,0.01,78352.12,1776989401000
1776989403.576,3.576,0.51,0.52,0.48,0.49,0.01,0.01,78352.12,1776989402000
1776989403.951,3.951,0.51,0.52,0.48,0.49,0.01,0.01,78352.12,1776989402000
1776989404.371,4.371,0.51,0.52,0.48,0.49,0.01,0.01,78352.12,1776989402000
1776989404.84,4.84,0.51,0.52,0.48,0.49,0.01,0.01,78352.12,1776989403000
1776989405.175,5.175,0.45,0.47,0.52,0.55,0.02,0.03,78352.12,1776989404000
1776989405.533,5.533,0.44,0.45,0.55,0.56,0.01,0.01,78352.12,1776989404000
1776989405.893,5.893,0.43,0.44,0.56,0.57,0.01,0.01,78352.12,1776989404000
1776989406.231,6.231,0.42,0.43,0.57,0.58,0.01,0.01,78349.66,1776989405000
1776989406.762,6.762,0.42,0.43,0.57,0.58,0.01,0.01,78349.66,1776989405000
1776989407.101,7.101,0.42,0.43,0.57,0.58,0.01,0.01,78349.66,1776989405000
1776989407.44,7.44,0.42,0.43,0.57,0.58,0.01,0.01,78342.91,1776989406000
1776989407.833,7.833,0.41,0.42,0.58,0.59,0.01,0.01,78342.91,1776989406000
1776989408.425,8.425,0.41,0.42,0.58,0.59,0.01,0.01,78339.75,1776989407000
1776989408.907,8.907,0.41,0.42,0.58,0.59,0.01,0.01,78339.75,1776989407000
1776989409.456,9.456,0.41,0.42,0.58,0.59,0.01,0.01,78338.12,1776989408000
1776989409.805,9.805,0.41,0.42,0.58,0.59,0.01,0.01,78338.12,1776989408000
1776989410.264,10.264,0.41,0.42,0.58,0.59,0.01,0.01,78337.26,1776989409000
1776989410.887,10.887,0.41,0.42,0.58,0.59,0.01,0.01,78337.26,1776989409000
1776989411.299,11.299,0.4,0.41,0.59,0.6,0.01,0.01,78337.26,1776989409000
1776989411.666,11.666,0.4,0.41,0.59,0.6,0.01,0.01,78337.26,1776989409000
1776989412.027,12.027,0.4,0.41,0.59,0.6,0.01,0.01,78338.12,1776989410000
1776989412.386,12.386,0.4,0.41,0.59,0.6,0.01,0.01,78338.12,1776989410000
1776989412.746,12.746,0.4,0.41,0.59,0.6,0.01,0.01,78338.12,1776989410000
1776989413.23,13.23,0.4,0.41,0.59,0.6,0.01,0.01,78337.62,1776989411000
1776989413.572,13.572,0.4,0.41,0.59,0.6,0.01,0.01,78337.62,1776989411000
1776989414.298,14.298,0.39,0.4,0.6,0.61,0.01,0.01,78337.62,1776989412000
1776989414.676,14.676,0.39,0.4,0.6,0.61,0.01,0.01,78337.62,1776989413000
1776989415.064,15.064,0.36,0.37,0.63,0.65,0.01,0.02,78337.62,1776989413000
1776989415.418,15.418,0.35,0.36,0.64,0.65,0.01,0.01,78337.5,1776989414000
1776989416.259,16.259,0.35,0.36,0.64,0.65,0.01,0.01,78337.5,1776989414000
1776989416.595,16.595,0.35,0.37,0.63,0.65,0.02,0.02,78337.5,1776989414000
1776989417.035,17.035,0.36,0.37,0.63,0.64,0.01,0.01,78331.49,1776989415000
1776989417.447,17.447,0.36,0.37,0.63,0.64,0.01,0.01,78330.87,1776989416000
1776989417.84,17.84,0.36,0.37,0.63,0.64,0.01,0.01,78330.87,1776989416000
1776989418.181,18.181,0.36,0.37,0.63,0.64,0.01,0.01,78330.87,1776989416000
1776989418.748,18.748,0.36,0.37,0.63,0.64,0.01,0.01,78331.44,1776989417000
1776989419.219,19.219,0.37,0.38,0.62,0.64,0.01,0.02,78331.44,1776989417000
1776989419.555,19.555,0.37,0.38,0.62,0.63,0.01,0.01,78331.44,1776989417000
1776989420.147,20.147,0.37,0.38,0.62,0.63,0.01,0.01,78331.29,1776989418000
1776989420.497,20.497,0.37,0.38,0.62,0.63,0.01,0.01,78330.98,1776989419000
1776989420.852,20.852,0.37,0.38,0.62,0.63,0.01,0.01,78330.98,1776989419000
1776989421.216,21.216,0.37,0.38,0.62,0.63,0.01,0.01,78330.98,1776989420000
1776989422.487,22.487,0.36,0.38,0.62,0.63,0.02,0.01,78330.98,1776989420000
1776989422.924,22.924,0.36,0.37,0.63,0.64,0.01,0.01,78330.93,1776989421000
1776989423.393,23.393,0.36,0.37,0.63,0.64,0.01,0.01,78330.93,1776989421000
1776989424.232,24.232,0.36,0.37,0.63,0.64,0.01,0.01,78330.99,1776989423000
1776989425.002,25.002,0.36,0.37,0.63,0.64,0.01,0.01,78330.99,1776989423000
1776989425.433,25.433,0.35,0.36,0.64,0.65,0.01,0.01,78330.99,1776989423000
1776989425.82,25.82,0.35,0.36,0.64,0.65,0.01,0.01,78330.89,1776989424000
1776989426.296,26.296,0.35,0.36,0.64,0.65,0.01,0.01,78330.89,1776989424000
1776989426.633,26.633,0.34,0.35,0.64,0.66,0.01,0.02,78329.31,1776989425000
1776989427.089,27.089,0.34,0.35,0.65,0.66,0.01,0.01,78327.86,1776989426000
1776989427.423,27.423,0.35,0.36,0.64,0.65,0.01,0.01,78327.86,1776989426000
1776989427.842,27.842,0.35,0.36,0.64,0.65,0.01,0.01,78327.86,1776989426000
1776989428.227,28.227,0.35,0.36,0.64,0.65,0.01,0.01,78327.86,1776989426000
1776989428.825,28.825,0.35,0.36,0.64,0.65,0.01,0.01,78327.64,1776989427000
1776989429.225,29.225,0.35,0.36,0.64,0.65,0.01,0.01,78327.64,1776989427000
1776989429.91,29.91,0.35,0.36,0.64,0.65,0.01,0.01,78326.9,1776989429000
1776989430.841,30.841,0.35,0.36,0.64,0.65,0.01,0.01,78326.9,1776989429000
1776989431.229,31.229,0.35,0.36,0.64,0.65,0.01,0.01,78325.76,1776989430000
1776989431.88,31.88,0.35,0.36,0.64,0.65,0.01,0.01,78325.76,1776989430000
1776989432.336,32.336,0.35,0.36,0.64,0.65,0.01,0.01,78325.26,1776989431000
1776989432.723,32.723,0.35,0.36,0.64,0.65,0.01,0.01,78325.26,1776989431000
1776989433.091,33.091,0.35,0.36,0.64,0.65,0.01,0.01,78325.26,1776989431000
1776989433.812,33.812,0.35,0.36,0.64,0.65,0.01,0.01,78327.25,1776989432000
1776989434.22,34.22,0.35,0.36,0.64,0.65,0.01,0.01,78327.58,1776989433000
1776989434.937,34.937,0.35,0.36,0.64,0.65,0.01,0.01,78327.58,1776989433000
1776989435.272,35.272,0.35,0.36,0.64,0.65,0.01,0.01,78327.58,1776989433000
1776989435.748,35.748,0.35,0.36,0.64,0.65,0.01,0.01,78327.58,1776989434000
1776989436.184,36.184,0.35,0.36,0.64,0.65,0.01,0.01,78327.3,1776989435000
1776989436.555,36.555,0.35,0.36,0.64,0.65,0.01,0.01,78327.3,1776989435000
1776989436.938,36.938,0.35,0.36,0.64,0.65,0.01,0.01,78327.3,1776989435000
1776989437.856,37.856,0.35,0.36,0.64,0.65,0.01,0.01,78327.53,1776989436000
1776989438.984,38.984,0.35,0.36,0.64,0.65,0.01,0.01,78327.78,1776989438000
1776989439.939,39.939,0.35,0.36,0.64,0.65,0.01,0.01,78325.54,1776989439000
1776989440.288,40.288,0.35,0.36,0.64,0.65,0.01,0.01,78325.54,1776989439000
1776989440.767,40.767,0.35,0.36,0.64,0.65,0.01,0.01,78325.54,1776989439000
1776989441.189,41.189,0.35,0.36,0.64,0.65,0.01,0.01,78325.5,1776989440000
1776989441.556,41.556,0.35,0.36,0.64,0.65,0.01,0.01,78325.5,1776989440000
1776989441.908,41.908,0.35,0.36,0.64,0.65,0.01,0.01,78325.5,1776989440000
1776989442.306,42.306,0.33,0.35,0.65,0.67,0.02,0.02,78321.73,1776989441000
1776989442.726,42.726,0.33,0.35,0.65,0.67,0.02,0.02,78321.73,1776989441000
1776989443.354,43.354,0.3,0.31,0.69,0.7,0.01,0.01,78317.88,1776989442000
1776989443.844,43.844,0.3,0.31,0.69,0.7,0.01,0.01,78317.88,1776989442000
1776989444.192,44.192,0.3,0.31,0.69,0.7,0.01,0.01,78313.23,1776989443000
1776989444.559,44.559,0.29,0.3,0.7,0.71,0.01,0.01,78313.23,1776989443000
1776989444.898,44.898,0.29,0.3,0.7,0.71,0.01,0.01,78313.23,1776989443000
1776989445.311,45.311,0.29,0.3,0.7,0.71,0.01,0.01,78314.53,1776989444000
1776989445.654,45.654,0.29,0.3,0.7,0.71,0.01,0.01,78314.53,1776989444000
1776989445.993,45.993,0.29,0.3,0.7,0.71,0.01,0.01,78314.53,1776989444000
1776989446.395,46.395,0.29,0.3,0.7,0.71,0.01,0.01,78314.69,1776989445000
1776989446.996,46.996,0.29,0.3,0.7,0.71,0.01,0.01,78314.69,1776989445000
1776989448.204,48.204,0.29,0.3,0.7,0.71,0.01,0.01,78319.28,1776989447000
1776989448.565,48.565,0.29,0.3,0.7,0.71,0.01,0.01,78319.28,1776989447000
1776989448.924,48.924,0.29,0.3,0.7,0.71,0.01,0.01,78319.28,1776989447000
1776989450.077,50.077,0.29,0.3,0.7,0.71,0.01,0.01,78319.35,1776989448000
1776989450.421,50.421,0.29,0.3,0.7,0.71,0.01,0.01,78321.38,1776989449000
1776989450.806,50.806,0.29,0.3,0.7,0.71,0.01,0.01,78321.38,1776989449000
1776989451.154,51.154,0.31,0.32,0.68,0.69,0.01,0.01,78321.38,1776989449000
1776989451.549,51.549,0.31,0.32,0.68,0.69,0.01,0.01,78326.49,1776989450000
1776989452.035,52.035,0.33,0.34,0.65,0.67,0.01,0.02,78328.72,1776989451000
1776989452.549,52.549,0.32,0.33,0.67,0.68,0.01,0.01,78328.72,1776989451000
1776989452.887,52.887,0.32,0.33,0.67,0.68,0.01,0.01,78328.72,1776989451000
1776989453.316,53.316,0.32,0.33,0.67,0.68,0.01,0.01,78329.37,1776989452000
1776989453.791,53.791,0.33,0.34,0.66,0.67,0.01,0.01,78329.37,1776989452000
1776989454.124,54.124,0.33,0.34,0.66,0.67,0.01,0.01,78329.2,1776989453000
1776989454.536,54.536,0.33,0.34,0.66,0.67,0.01,0.01,78329.2,1776989453000
1776989454.927,54.927,0.33,0.34,0.66,0.67,0.01,0.01,78329.2,1776989453000
1776989455.279,55.279,0.33,0.34,0.66,0.67,0.01,0.01,78329.2,1776989453000
1776989455.879,55.879,0.33,0.34,0.66,0.67,0.01,0.01,78327.18,1776989454000
1776989456.235,56.235,0.33,0.34,0.66,0.67,0.01,0.01,78327.18,1776989454000
1776989456.61,56.61,0.33,0.34,0.66,0.67,0.01,0.01,78326.94,1776989455000
1776989457.197,57.197,0.33,0.34,0.66,0.67,0.01,0.01,78326.94,1776989455000
1776989457.541,57.541,0.33,0.34,0.66,0.67,0.01,0.01,78325.96,1776989456000
1776989458.391,58.391,0.32,0.34,0.66,0.68,0.02,0.02,78325.96,1776989456000
1776989458.744,58.744,0.32,0.34,0.66,0.68,0.02,0.02,78320.71,1776989457000
1776989459.205,59.205,0.3,0.31,0.67,0.7,0.01,0.03,78320.02,1776989458000
1776989459.594,59.594,0.28,0.29,0.71,0.72,0.01,0.01,78320.02,1776989458000
1776989459.944,59.944,0.26,0.3,0.71,0.74,0.04,0.03,78320.02,1776989458000
1776989460.325,60.325,0.28,0.29,0.71,0.72,0.01,0.01,78318.22,1776989459000
1776989460.661,60.661,0.28,0.29,0.71,0.72,0.01,0.01,78318.22,1776989459000
1776989461.013,61.013,0.29,0.3,0.7,0.71,0.01,0.01,78318.22,1776989459000
1776989461.364,61.364,0.29,0.3,0.7,0.71,0.01,0.01,78314.79,1776989460000
1776989461.719,61.719,0.29,0.3,0.7,0.71,0.01,0.01,78314.79,1776989460000
1776989462.056,62.056,0.29,0.3,0.7,0.71,0.01,0.01,78314.79,1776989460000
1776989462.477,62.477,0.29,0.3,0.7,0.71,0.01,0.01,78314.78,1776989461000
1776989462.856,62.856,0.3,0.31,0.69,0.7,0.01,0.01,78314.78,1776989461000
1776989463.211,63.211,0.3,0.31,0.69,0.7,0.01,0.01,78316.48,1776989462000
1776989463.766,63.766,0.3,0.31,0.69,0.7,0.01,0.01,78316.48,1776989462000
1776989464.143,64.143,0.3,0.31,0.69,0.7,0.01,0.01,78316.48,1776989462000
1776989464.58,64.58,0.3,0.31,0.69,0.7,0.01,0.01,78319.44,1776989463000
1776989464.915,64.915,0.3,0.31,0.69,0.7,0.01,0.01,78319.44,1776989463000
1776989466.466,66.466,0.3,0.31,0.69,0.7,0.01,0.01,78321.33,1776989465000
1776989466.861,66.861,0.3,0.31,0.69,0.7,0.01,0.01,78321.33,1776989465000
1776989467.802,67.802,0.3,0.31,0.69,0.7,0.01,0.01,78321.87,1776989466000
1776989468.257,68.257,0.33,0.35,0.65,0.67,0.02,0.02,78322.76,1776989467000
1776989468.697,68.697,0.33,0.34,0.66,0.67,0.01,0.01,78322.76,1776989467000
1776989469.106,69.106,0.34,0.35,0.65,0.66,0.01,0.01,78322.76,1776989467000
1776989469.462,69.462,0.34,0.35,0.65,0.66,0.01,0.01,78327.0,1776989468000
1776989469.812,69.812,0.34,0.35,0.65,0.66,0.01,0.01,78327.0,1776989468000
1776989470.786,70.786,0.34,0.35,0.65,0.66,0.01,0.01,78327.0,1776989468000
1776989471.12,71.12,0.34,0.35,0.65,0.66,0.01,0.01,78327.58,1776989470000
1776989471.504,71.504,0.33,0.35,0.65,0.66,0.02,0.01,78327.58,1776989470000
1776989472.035,72.035,0.29,0.3,0.7,0.71,0.01,0.01,78327.58,1776989470000
1776989472.779,72.779,0.29,0.3,0.7,0.71,0.01,0.01,78327.87,1776989471000
1776989474.155,74.155,0.29,0.3,0.7,0.71,0.01,0.01,78325.93,1776989473000
1776989474.622,74.622,0.29,0.3,0.7,0.71,0.01,0.01,78325.93,1776989473000
1776989475.095,75.095,0.29,0.3,0.7,0.71,0.01,0.01,78326.7,1776989474000
1776989476.11,76.11,0.29,0.3,0.7,0.71,0.01,0.01,78325.15,1776989475000
1776989476.612,76.612,0.29,0.3,0.7,0.71,0.01,0.01,78325.15,1776989475000
1776989477.142,77.142,0.29,0.3,0.7,0.71,0.01,0.01,78325.15,1776989475000
1776989477.647,77.647,0.29,0.3,0.7,0.71,0.01,0.01,78323.86,1776989476000
1776989478.217,78.217,0.29,0.3,0.7,0.71,0.01,0.01,78321.73,1776989477000
1776989478.713,78.713,0.29,0.3,0.7,0.71,0.01,0.01,78321.73,1776989477000
1776989479.145,79.145,0.29,0.3,0.7,0.71,0.01,0.01,78321.73,1776989477000
1776989479.541,79.541,0.29,0.3,0.7,0.71,0.01,0.01,78321.11,1776989478000
1776989479.89,79.89,0.29,0.3,0.7,0.71,0.01,0.01,78322.56,1776989479000
1776989480.385,80.385,0.29,0.3,0.7,0.71,0.01,0.01,78322.56,1776989479000
1776989480.725,80.725,0.28,0.29,0.71,0.73,0.01,0.02,78322.56,1776989479000
1776989481.151,81.151,0.26,0.27,0.73,0.74,0.01,0.01,78322.56,1776989480000
1776989481.662,81.662,0.26,0.27,0.73,0.74,0.01,0.01,78322.56,1776989480000
1776989482.038,82.038,0.26,0.27,0.73,0.74,0.01,0.01,78322.56,1776989480000
1776989483.075,83.075,0.26,0.27,0.73,0.74,0.01,0.01,78315.21,1776989482000
1776989484.746,84.746,0.26,0.27,0.73,0.74,0.01,0.01,78319.49,1776989483000
1776989485.102,85.102,0.26,0.27,0.73,0.74,0.01,0.01,78319.49,1776989483000
1776989485.688,85.688,0.28,0.29,0.71,0.72,0.01,0.01,78322.42,1776989484000
1776989486.19,86.19,0.28,0.29,0.71,0.72,0.01,0.01,78322.42,1776989484000
1776989486.591,86.591,0.27,0.29,0.71,0.73,0.02,0.02,78322.5,1776989485000
1776989486.933,86.933,0.28,0.29,0.71,0.72,0.01,0.01,78322.5,1776989485000
1776989487.449,87.449,0.28,0.29,0.71,0.72,0.01,0.01,78322.34,1776989486000
1776989487.845,87.845,0.28,0.29,0.71,0.72,0.01,0.01,78322.34,1776989486000
1776989488.432,88.432,0.28,0.29,0.71,0.72,0.01,0.01,78322.34,1776989486000
1776989488.882,88.882,0.28,0.29,0.71,0.72,0.01,0.01,78321.99,1776989487000
1776989489.305,89.305,0.27,0.28,0.72,0.73,0.01,0.01,78321.99,1776989487000
1776989489.887,89.887,0.27,0.28,0.72,0.73,0.01,0.01,78322.3,1776989488000
1776989490.334,90.334,0.27,0.28,0.72,0.73,0.01,0.01,78322.27,1776989489000
1776989490.693,90.693,0.27,0.28,0.72,0.73,0.01,0.01,78322.27,1776989489000
1776989491.035,91.035,0.27,0.28,0.72,0.73,0.01,0.01,78322.27,1776989489000
1776989491.391,91.391,0.27,0.28,0.72,0.73,0.01,0.01,78322.27,1776989489000
1776989492.13,92.13,0.27,0.28,0.72,0.73,0.01,0.01,78320.72,1776989491000
1776989492.667,92.667,0.27,0.28,0.72,0.73,0.01,0.01,78320.72,1776989491000
1776989493.002,93.002,0.32,0.33,0.68,0.69,0.01,0.01,78320.72,1776989491000
1776989493.34,93.34,0.28,0.33,0.67,0.72,0.05,0.05,78320.72,1776989491000
1776989493.703,93.703,0.31,0.32,0.68,0.69,0.01,0.01,78320.72,1776989491000
1776989494.041,94.041,0.33,0.34,0.66,0.67,0.01,0.01,78327.61,1776989492000
1776989494.413,94.413,0.34,0.35,0.65,0.66,0.01,0.01,78328.17,1776989493000
1776989494.8,94.8,0.34,0.35,0.65,0.66,0.01,0.01,78328.17,1776989493000
1776989495.216,95.216,0.34,0.35,0.65,0.66,0.01,0.01,78328.71,1776989494000
1776989495.628,95.628,0.34,0.35,0.65,0.66,0.01,0.01,78328.71,1776989494000
1776989496.016,96.016,0.34,0.35,0.65,0.66,0.01,0.01,78328.71,1776989494000
1776989496.452,96.452,0.34,0.35,0.65,0.66,0.01,0.01,78329.17,1776989495000
1776989496.851,96.851,0.34,0.35,0.65,0.66,0.01,0.01,78329.17,1776989495000
1776989497.191,97.191,0.34,0.35,0.65,0.66,0.01,0.01,78329.17,1776989495000
1776989497.576,97.576,0.34,0.35,0.65,0.66,0.01,0.01,78329.47,1776989496000
1776989498.065,98.065,0.34,0.35,0.65,0.66,0.01,0.01,78329.47,1776989496000
1776989498.519,98.519,0.34,0.35,0.65,0.66,0.01,0.01,78329.47,1776989497000
1776989498.899,98.899,0.34,0.35,0.65,0.66,0.01,0.01,78329.47,1776989497000
1776989499.712,99.712,0.34,0.35,0.65,0.66,0.01,0.01,78329.47,1776989498000
1776989500.494,100.494,0.34,0.35,0.65,0.66,0.01,0.01,78329.54,1776989499000
1776989500.913,100.913,0.34,0.35,0.65,0.66,0.01,0.01,78329.54,1776989499000
1776989501.63,101.63,0.34,0.35,0.65,0.66,0.01,0.01,78329.54,1776989500000
1776989501.978,101.978,0.34,0.35,0.65,0.66,0.01,0.01,78329.54,1776989500000
1776989502.457,102.457,0.34,0.35,0.65,0.66,0.01,0.01,78329.54,1776989500000
1776989503.094,103.094,0.34,0.35,0.65,0.66,0.01,0.01,78329.61,1776989501000
1776989503.562,103.562,0.33,0.34,0.66,0.67,0.01,0.01,78329.61,1776989501000
1776989503.92,103.92,0.33,0.34,0.66,0.67,0.01,0.01,78329.61,1776989501000
1776989504.376,104.376,0.33,0.34,0.66,0.67,0.01,0.01,78328.65,1776989502000
1776989505.135,105.135,0.33,0.34,0.66,0.67,0.01,0.01,78329.03,1776989503000
1776989505.935,105.935,0.33,0.34,0.66,0.67,0.01,0.01,78329.03,1776989504000
1776989506.564,106.564,0.33,0.34,0.66,0.67,0.01,0.01,78329.03,1776989504000
1776989507.421,107.421,0.33,0.34,0.66,0.67,0.01,0.01,78328.98,1776989505000
1776989507.799,107.799,0.32,0.33,0.66,0.68,0.01,0.02,78329.0,1776989506000
1776989508.182,108.182,0.32,0.33,0.67,0.68,0.01,0.01,78328.93,1776989507000
1776989508.856,108.856,0.32,0.33,0.67,0.68,0.01,0.01,78328.93,1776989507000
1776989509.218,109.218,0.31,0.33,0.67,0.68,0.02,0.01,78328.93,1776989507000
1776989509.672,109.672,0.31,0.33,0.67,0.69,0.02,0.02,78329.8,1776989508000
1776989510.353,110.353,0.32,0.33,0.67,0.69,0.01,0.02,78329.8,1776989508000
1776989510.696,110.696,0.26,0.27,0.73,0.74,0.01,0.01,78329.79,1776989509000
1776989511.044,111.044,0.26,0.27,0.73,0.74,0.01,0.01,78323.98,1776989510000
1776989511.462,111.462,0.26,0.27,0.73,0.74,0.01,0.01,78323.98,1776989510000
1776989511.817,111.817,0.25,0.26,0.74,0.75,0.01,0.01,78323.98,1776989510000
1776989512.735,112.735,0.25,0.26,0.74,0.75,0.01,0.01,78321.51,1776989511000
1776989513.091,113.091,0.25,0.26,0.74,0.75,0.01,0.01,78321.51,1776989511000
1776989513.473,113.473,0.25,0.26,0.74,0.75,0.01,0.01,78321.51,1776989511000
1776989513.897,113.897,0.25,0.26,0.74,0.75,0.01,0.01,78319.29,1776989512000
1776989514.251,114.251,0.25,0.26,0.74,0.75,0.01,0.01,78318.48,1776989513000
1776989515.303,115.303,0.25,0.26,0.74,0.75,0.01,0.01,78318.48,1776989513000
1776989515.803,115.803,0.25,0.26,0.74,0.75,0.01,0.01,78318.48,1776989513000
1776989516.441,116.441,0.25,0.26,0.74,0.75,0.01,0.01,78317.44,1776989515000
1776989516.88,116.88,0.25,0.26,0.74,0.75,0.01,0.01,78317.44,1776989515000
1776989517.305,117.305,0.25,0.26,0.74,0.75,0.01,0.01,78316.39,1776989516000
1776989518.184,118.184,0.25,0.26,0.74,0.75,0.01,0.01,78316.39,1776989516000
1776989518.531,118.531,0.25,0.26,0.74,0.75,0.01,0.01,78316.46,1776989517000
1776989519.103,119.103,0.25,0.26,0.74,0.75,0.01,0.01,78316.46,1776989517000
1776989519.438,119.438,0.25,0.26,0.74,0.75,0.01,0.01,78317.28,1776989518000
1776989519.809,119.809,0.25,0.26,0.74,0.75,0.01,0.01,78317.28,1776989518000
1776989520.148,120.148,0.25,0.26,0.74,0.75,0.01,0.01,78315.1,1776989519000
1776989520.835,120.835,0.25,0.26,0.74,0.75,0.01,0.01,78315.1,1776989519000
1776989521.293,121.293,0.23,0.26,0.74,0.76,0.03,0.02,78315.1,1776989519000
1776989521.97,121.97,0.23,0.25,0.75,0.77,0.02,0.02,78317.28,1776989520000
1776989522.316,122.316,0.22,0.24,0.76,0.77,0.02,0.01,78317.28,1776989520000
1776989522.665,122.665,0.21,0.22,0.78,0.79,0.01,0.01,78317.28,1776989521000
1776989523.006,123.006,0.2,0.21,0.79,0.8,0.01,0.01,78317.28,1776989521000
1776989523.43,123.43,0.19,0.2,0.8,0.81,0.01,0.01,78316.31,1776989522000
1776989524.134,124.134,0.18,0.19,0.81,0.82,0.01,0.01,78316.31,1776989522000
1776989524.579,124.579,0.18,0.19,0.81,0.82,0.01,0.01,78313.13,1776989523000
1776989525.12,125.12,0.18,0.19,0.81,0.82,0.01,0.01,78313.13,1776989524000
1776989525.676,125.676,0.18,0.19,0.81,0.82,0.01,0.01,78313.13,1776989524000
1776989526.18,126.18,0.18,0.19,0.81,0.82,0.01,0.01,78313.13,1776989524000
1776989526.623,126.623,0.18,0.19,0.81,0.82,0.01,0.01,78312.36,1776989525000
1776989527.407,127.407,0.17,0.19,0.81,0.83,0.02,0.02,78304.77,1776989526000
1776989527.767,127.767,0.16,0.19,0.81,0.84,0.03,0.03,78304.77,1776989526000
1776989528.101,128.101,0.15,0.18,0.84,0.85,0.03,0.01,78301.8,1776989527000
1776989528.626,128.626,0.15,0.16,0.81,0.85,0.01,0.04,78301.8,1776989527000
1776989528.984,128.984,0.15,0.16,0.84,0.85,0.01,0.01,78301.8,1776989527000
1776989529.408,129.408,0.15,0.16,0.84,0.85,0.01,0.01,78303.94,1776989528000
1776989529.808,129.808,0.16,0.17,0.83,0.84,0.01,0.01,78303.94,1776989528000
1776989530.153,130.153,0.16,0.17,0.83,0.84,0.01,0.01,78303.94,1776989528000
1776989530.494,130.494,0.16,0.17,0.83,0.84,0.01,0.01,78303.68,1776989529000
1776989530.853,130.853,0.16,0.17,0.83,0.84,0.01,0.01,78303.68,1776989529000
1776989531.286,131.286,0.16,0.17,0.83,0.84,0.01,0.01,78303.68,1776989529000
1776989532.259,132.259,0.16,0.17,0.83,0.84,0.01,0.01,78305.97,1776989530000
1776989533.533,133.533,0.16,0.17,0.83,0.84,0.01,0.01,78309.16,1776989532000
1776989534.004,134.004,0.16,0.17,0.83,0.84,0.01,0.01,78308.56,1776989533000
1776989534.559,134.559,0.16,0.17,0.83,0.84,0.01,0.01,78308.56,1776989533000
1776989535.18,135.18,0.16,0.17,0.83,0.84,0.01,0.01,78308.28,1776989534000
1776989535.676,135.676,0.16,0.18,0.83,0.84,0.02,0.01,78308.28,1776989534000
1776989536.24,136.24,0.16,0.18,0.82,0.84,0.02,0.02,78306.47,1776989535000
1776989536.677,136.677,0.16,0.17,0.82,0.84,0.01,0.02,78306.47,1776989535000
1776989537.034,137.034,0.16,0.17,0.83,0.84,0.01,0.01,78306.47,1776989535000
1776989537.384,137.384,0.16,0.17,0.83,0.84,0.01,0.01,78303.35,1776989536000
1776989537.842,137.842,0.16,0.17,0.83,0.84,0.01,0.01,78303.35,1776989536000
1776989538.224,138.224,0.16,0.17,0.83,0.84,0.01,0.01,78306.02,1776989537000
1776989538.566,138.566,0.16,0.17,0.83,0.84,0.01,0.01,78306.02,1776989537000
1776989538.908,138.908,0.16,0.17,0.83,0.84,0.01,0.01,78306.02,1776989537000
1776989539.246,139.246,0.19,0.2,0.8,0.83,0.01,0.03,78309.37,1776989538000
1776989539.591,139.591,0.19,0.2,0.8,0.81,0.01,0.01,78309.37,1776989538000
1776989539.924,139.924,0.19,0.2,0.8,0.81,0.01,0.01,78309.37,1776989538000
1776989540.424,140.424,0.19,0.2,0.8,0.81,0.01,0.01,78316.04,1776989539000
1776989540.933,140.933,0.19,0.21,0.79,0.81,0.02,0.02,78316.04,1776989539000
1776989541.332,141.332,0.19,0.21,0.79,0.81,0.02,0.02,78319.17,1776989540000
1776989542.278,142.278,0.19,0.21,0.79,0.81,0.02,0.02,78319.13,1776989541000
1776989543.095,143.095,0.2,0.21,0.79,0.81,0.01,0.02,78319.13,1776989541000
1776989543.558,143.558,0.2,0.21,0.79,0.8,0.01,0.01,78319.48,1776989542000
1776989544.121,144.121,0.2,0.22,0.78,0.8,0.02,0.02,78319.48,1776989542000
1776989544.996,144.996,0.21,0.22,0.79,0.8,0.01,0.01,78319.47,1776989543000
1776989545.396,145.396,0.21,0.22,0.78,0.79,0.01,0.01,78319.47,1776989543000
1776989546.32,146.32,0.21,0.22,0.78,0.79,0.01,0.01,78319.46,1776989545000
1776989546.681,146.681,0.22,0.23,0.77,0.78,0.01,0.01,78319.46,1776989545000
1776989547.046,147.046,0.22,0.26,0.75,0.78,0.04,0.03,78319.46,1776989545000
1776989547.433,147.433,0.27,0.28,0.72,0.74,0.01,0.02,78323.13,1776989546000
1776989547.886,147.886,0.28,0.29,0.71,0.72,0.01,0.01,78323.13,1776989546000
1776989548.263,148.263,0.29,0.3,0.7,0.71,0.01,0.01,78327.72,1776989547000
1776989548.729,148.729,0.3,0.31,0.69,0.7,0.01,0.01,78327.72,1776989547000
1776989549.207,149.207,0.3,0.31,0.69,0.7,0.01,0.01,78331.81,1776989548000
1776989549.985,149.985,0.3,0.31,0.69,0.7,0.01,0.01,78331.81,1776989548000
1776989550.592,150.592,0.3,0.31,0.69,0.7,0.01,0.01,78332.03,1776989549000
1776989551.394,151.394,0.3,0.31,0.69,0.7,0.01,0.01,78332.03,1776989549000
1776989551.788,151.788,0.3,0.31,0.69,0.7,0.01,0.01,78330.85,1776989550000
1776989552.132,152.132,0.3,0.31,0.69,0.7,0.01,0.01,78330.65,1776989551000
1776989552.898,152.898,0.3,0.31,0.69,0.7,0.01,0.01,78330.65,1776989551000
1776989553.523,153.523,0.3,0.31,0.69,0.7,0.01,0.01,78330.65,1776989552000
1776989553.899,153.899,0.3,0.31,0.69,0.7,0.01,0.01,78330.65,1776989552000
1776989554.261,154.261,0.3,0.31,0.69,0.7,0.01,0.01,78331.18,1776989553000
1776989554.69,154.69,0.27,0.3,0.69,0.73,0.03,0.04,78331.18,1776989553000
1776989555.038,155.038,0.29,0.3,0.7,0.71,0.01,0.01,78331.18,1776989553000
1776989555.449,155.449,0.29,0.31,0.7,0.71,0.02,0.01,78331.58,1776989554000
1776989555.809,155.809,0.3,0.31,0.69,0.7,0.01,0.01,78331.58,1776989554000
1776989556.446,156.446,0.3,0.31,0.69,0.7,0.01,0.01,78331.51,1776989555000
1776989556.914,156.914,0.28,0.3,0.7,0.71,0.02,0.01,78331.51,1776989555000
1776989557.265,157.265,0.28,0.29,0.71,0.72,0.01,0.01,78331.51,1776989556000
1776989557.736,157.736,0.28,0.29,0.71,0.72,0.01,0.01,78331.51,1776989556000
1776989559.232,159.232,0.28,0.29,0.71,0.72,0.01,0.01,78329.18,1776989558000
1776989559.602,159.602,0.27,0.29,0.71,0.73,0.02,0.02,78329.18,1776989558000
1776989559.966,159.966,0.27,0.29,0.71,0.73,0.02,0.02,78329.18,1776989558000
1776989561.457,161.457,0.27,0.29,0.71,0.73,0.02,0.02,78328.58,1776989560000
1776989561.896,161.896,0.27,0.29,0.71,0.73,0.02,0.02,78328.58,1776989561000
1776989562.485,162.485,0.27,0.28,0.71,0.73,0.01,0.02,78328.58,1776989561000
1776989562.95,162.95,0.27,0.28,0.72,0.73,0.01,0.01,78328.58,1776989561000
1776989563.379,163.379,0.26,0.28,0.72,0.74,0.02,0.02,78328.94,1776989562000
1776989563.786,163.786,0.27,0.28,0.72,0.74,0.01,0.02,78328.94,1776989562000
1776989564.276,164.276,0.27,0.28,0.72,0.73,0.01,0.01,78330.38,1776989563000
1776989564.676,164.676,0.27,0.28,0.72,0.73,0.01,0.01,78330.38,1776989563000
1776989565.046,165.046,0.26,0.27,0.72,0.74,0.01,0.02,78330.38,1776989563000
1776989566.164,166.164,0.26,0.27,0.73,0.74,0.01,0.01,78328.9,1776989565000
1776989566.543,166.543,0.24,0.26,0.73,0.74,0.02,0.01,78328.9,1776989565000
1776989567.044,167.044,0.2,0.23,0.77,0.8,0.03,0.03,78328.9,1776989566000
1776989567.495,167.495,0.21,0.23,0.77,0.78,0.02,0.01,78328.9,1776989566000
1776989568.023,168.023,0.22,0.23,0.77,0.78,0.01,0.01,78327.4,1776989567000
1776989568.612,168.612,0.22,0.23,0.77,0.78,0.01,0.01,78327.4,1776989567000
1776989568.983,168.983,0.22,0.23,0.77,0.78,0.01,0.01,78327.29,1776989568000
1776989569.902,169.902,0.22,0.23,0.77,0.78,0.01,0.01,78326.13,1776989569000
1776989570.548,170.548,0.22,0.23,0.77,0.78,0.01,0.01,78326.13,1776989569000
1776989570.902,170.902,0.22,0.23,0.77,0.78,0.01,0.01,78327.67,1776989570000
1776989571.876,171.876,0.22,0.23,0.77,0.78,0.01,0.01,78326.39,1776989571000
1776989572.295,172.295,0.22,0.23,0.77,0.78,0.01,0.01,78326.39,1776989571000
1776989572.834,172.834,0.22,0.23,0.77,0.78,0.01,0.01,78326.39,1776989571000
1776989573.29,173.29,0.22,0.23,0.77,0.78,0.01,0.01,78326.51,1776989572000
1776989573.75,173.75,0.22,0.23,0.77,0.78,0.01,0.01,78326.51,1776989572000
1776989574.193,174.193,0.22,0.23,0.77,0.78,0.01,0.01,78326.79,1776989573000
1776989574.571,174.571,0.22,0.23,0.77,0.78,0.01,0.01,78326.79,1776989573000
1776989574.918,174.918,0.22,0.23,0.77,0.78,0.01,0.01,78326.74,1776989574000
1776989575.311,175.311,0.24,0.25,0.75,0.76,0.01,0.01,78326.74,1776989574000
1776989575.709,175.709,0.23,0.24,0.75,0.78,0.01,0.03,78326.74,1776989574000
1776989576.297,176.297,0.23,0.24,0.76,0.77,0.01,0.01,78326.74,1776989574000
1776989576.64,176.64,0.23,0.24,0.76,0.77,0.01,0.01,78326.51,1776989575000
1776989577.073,177.073,0.23,0.24,0.76,0.77,0.01,0.01,78326.5,1776989576000
1776989577.643,177.643,0.23,0.24,0.76,0.77,0.01,0.01,78326.5,1776989576000
1776989578.034,178.034,0.23,0.24,0.76,0.77,0.01,0.01,78326.5,1776989576000
1776989578.393,178.393,0.23,0.24,0.76,0.77,0.01,0.01,78326.1,1776989577000
1776989578.809,178.809,0.23,0.24,0.76,0.77,0.01,0.01,78326.1,1776989577000
1776989579.277,179.277,0.23,0.24,0.76,0.77,0.01,0.01,78325.03,1776989578000
1776989580.305,180.305,0.23,0.24,0.76,0.77,0.01,0.01,78324.44,1776989579000
1776989581.475,181.475,0.23,0.24,0.76,0.77,0.01,0.01,78321.76,1776989580000
1776989582.074,182.074,0.23,0.24,0.76,0.77,0.01,0.01,78322.92,1776989581000
1776989582.499,182.499,0.22,0.23,0.76,0.77,0.01,0.01,78322.92,1776989581000
1776989582.845,182.845,0.2,0.23,0.77,0.8,0.03,0.03,78322.92,1776989581000
1776989583.417,183.417,0.2,0.21,0.79,0.8,0.01,0.01,78322.7,1776989582000
1776989583.766,183.766,0.19,0.21,0.79,0.8,0.02,0.01,78322.7,1776989582000
1776989584.173,184.173,0.18,0.21,0.79,0.82,0.03,0.03,78322.7,1776989582000
1776989584.614,184.614,0.16,0.17,0.82,0.84,0.01,0.02,78321.92,1776989583000
1776989585.203,185.203,0.15,0.17,0.83,0.85,0.02,0.02,78321.92,1776989583000
1776989585.84,185.84,0.13,0.14,0.85,0.87,0.01,0.02,78316.32,1776989584000
1776989586.234,186.234,0.14,0.15,0.85,0.86,0.01,0.01,78315.48,1776989585000
1776989587.045,187.045,0.14,0.15,0.85,0.86,0.01,0.01,78315.48,1776989585000
1776989587.412,187.412,0.14,0.15,0.85,0.86,0.01,0.01,78315.1,1776989586000
1776989587.926,187.926,0.14,0.15,0.85,0.86,0.01,0.01,78315.1,1776989586000
1776989588.337,188.337,0.14,0.15,0.85,0.86,0.01,0.01,78315.09,1776989587000
1776989588.729,188.729,0.14,0.15,0.85,0.86,0.01,0.01,78315.09,1776989587000
1776989589.387,189.387,0.14,0.15,0.85,0.86,0.01,0.01,78315.09,1776989588000
1776989589.858,189.858,0.14,0.15,0.85,0.86,0.01,0.01,78315.09,1776989588000
1776989590.496,190.496,0.14,0.15,0.85,0.86,0.01,0.01,78315.1,1776989589000
1776989591.127,191.127,0.14,0.15,0.85,0.86,0.01,0.01,78313.74,1776989590000
1776989591.993,191.993,0.14,0.15,0.85,0.86,0.01,0.01,78313.74,1776989590000
1776989592.367,192.367,0.14,0.15,0.85,0.86,0.01,0.01,78315.1,1776989591000
1776989593.069,193.069,0.13,0.15,0.85,0.87,0.02,0.02,78315.1,1776989592000
1776989593.469,193.469,0.13,0.14,0.85,0.87,0.01,0.02,78315.1,1776989592000
1776989593.819,193.819,0.12,0.14,0.86,0.88,0.02,0.02,78315.1,1776989592000
1776989594.196,194.196,0.11,0.13,0.87,0.89,0.02,0.02,78315.1,1776989592000
1776989594.657,194.657,0.11,0.12,0.88,0.89,0.01,0.01,78313.73,1776989593000
1776989595.019,195.019,0.11,0.12,0.88,0.89,0.01,0.01,78313.73,1776989593000
1776989595.388,195.388,0.1,0.12,0.88,0.9,0.02,0.02,78313.73,1776989593000
1776989595.829,195.829,0.1,0.11,0.89,0.9,0.01,0.01,78312.37,1776989594000
1776989596.493,196.493,0.1,0.11,0.89,0.9,0.01,0.01,78312.37,1776989595000
1776989596.829,196.829,0.1,0.11,0.89,0.9,0.01,0.01,78312.37,1776989595000
1776989597.406,197.406,0.1,0.11,0.89,0.9,0.01,0.01,78312.38,1776989596000
1776989598.252,198.252,0.1,0.11,0.89,0.9,0.01,0.01,78312.38,1776989596000
1776989599.041,199.041,0.09,0.11,0.89,0.91,0.02,0.02,78310.26,1776989597000
1776989599.444,199.444,0.1,0.11,0.89,0.9,0.01,0.01,78310.26,1776989598000
1776989599.935,199.935,0.05,0.11,0.89,0.9,0.06,0.01,78310.26,1776989598000
1776989600.431,200.431,0.05,0.11,0.89,0.95,0.06,0.06,78312.37,1776989599000
1776989600.796,200.796,0.1,0.11,0.89,0.95,0.01,0.06,78312.37,1776989599000
1776989601.987,201.987,0.1,0.12,0.89,0.9,0.02,0.01,78316.68,1776989600000
1776989602.33,202.33,0.14,0.17,0.83,0.86,0.03,0.03,78316.68,1776989600000
1776989602.979,202.979,0.14,0.15,0.85,0.89,0.01,0.04,78321.46,1776989601000
1776989603.326,203.326,0.11,0.12,0.88,0.89,0.01,0.01,78324.21,1776989602000
1776989603.664,203.664,0.11,0.14,0.86,0.89,0.03,0.03,78324.21,1776989602000
1776989604.111,204.111,0.11,0.12,0.88,0.89,0.01,0.01,78324.21,1776989602000
1776989604.474,204.474,0.1,0.11,0.89,0.9,0.01,0.01,78323.32,1776989603000
1776989605.063,205.063,0.1,0.11,0.89,0.9,0.01,0.01,78323.32,1776989603000
1776989605.882,205.882,0.1,0.11,0.89,0.9,0.01,0.01,78320.27,1776989604000
1776989606.324,206.324,0.1,0.11,0.89,0.9,0.01,0.01,78320.27,1776989604000
1776989606.897,206.897,0.1,0.11,0.89,0.9,0.01,0.01,78318.94,1776989605000
1776989607.674,207.674,0.1,0.11,0.89,0.9,0.01,0.01,78319.06,1776989606000
1776989608.09,208.09,0.1,0.11,0.89,0.9,0.01,0.01,78318.02,1776989607000
1776989608.434,208.434,0.1,0.11,0.89,0.9,0.01,0.01,78318.02,1776989607000
1776989609.019,209.019,0.1,0.11,0.89,0.9,0.01,0.01,78318.02,1776989607000
1776989609.868,209.868,0.1,0.11,0.89,0.9,0.01,0.01,78314.24,1776989608000
1776989610.381,210.381,0.1,0.11,0.89,0.9,0.01,0.01,78314.24,1776989608000
1776989610.738,210.738,0.1,0.11,0.89,0.9,0.01,0.01,78303.53,1776989609000
1776989611.128,211.128,0.1,0.11,0.89,0.9,0.01,0.01,78303.2,1776989610000
1776989611.799,211.799,0.1,0.11,0.89,0.9,0.01,0.01,78303.2,1776989610000
1776989612.143,212.143,0.06,0.08,0.92,0.94,0.02,0.02,78303.2,1776989610000
1776989612.553,212.553,0.05,0.06,0.94,0.95,0.01,0.01,78303.21,1776989611000
1776989612.906,212.906,0.05,0.06,0.94,0.95,0.01,0.01,78303.21,1776989611000
1776989613.284,213.284,0.05,0.06,0.94,0.95,0.01,0.01,78300.52,1776989612000
1776989613.692,213.692,0.05,0.06,0.94,0.95,0.01,0.01,78300.52,1776989612000
1776989614.059,214.059,0.05,0.06,0.94,0.95,0.01,0.01,78300.52,1776989612000
1776989614.418,214.418,0.05,0.06,0.94,0.95,0.01,0.01,78299.5,1776989613000
1776989614.855,214.855,0.04,0.05,0.94,0.95,0.01,0.01,78299.5,1776989613000
1776989615.228,215.228,0.04,0.05,0.95,0.96,0.01,0.01,78299.5,1776989613000
1776989615.567,215.567,0.04,0.05,0.95,0.96,0.01,0.01,78300.12,1776989614000
1776989616.032,216.032,0.04,0.05,0.95,0.96,0.01,0.01,78300.09,1776989615000
1776989616.374,216.374,0.04,0.05,0.95,0.96,0.01,0.01,78300.09,1776989615000
1776989616.715,216.715,0.04,0.05,0.95,0.96,0.01,0.01,78300.09,1776989615000
1776989617.242,217.242,0.04,0.05,0.95,0.96,0.01,0.01,78300.09,1776989615000
1776989617.671,217.671,0.04,0.05,0.95,0.96,0.01,0.01,78299.99,1776989616000
1776989618.445,218.445,0.04,0.05,0.95,0.96,0.01,0.01,78299.98,1776989617000
1776989618.951,218.951,0.04,0.05,0.95,0.96,0.01,0.01,78299.98,1776989617000
1776989619.36,219.36,0.03,0.04,0.96,0.97,0.01,0.01,78301.89,1776989618000
1776989619.756,219.756,0.03,0.04,0.96,0.97,0.01,0.01,78301.89,1776989618000
1776989620.107,220.107,0.03,0.04,0.96,0.97,0.01,0.01,78301.82,1776989619000
1776989620.583,220.583,0.03,0.04,0.96,0.97,0.01,0.01,78301.82,1776989619000
1776989620.925,220.925,0.03,0.04,0.96,0.97,0.01,0.01,78301.82,1776989619000
1776989621.258,221.258,0.03,0.04,0.96,0.97,0.01,0.01,78295.62,1776989620000
1776989621.597,221.597,0.03,0.04,0.96,0.97,0.01,0.01,78295.62,1776989620000
1776989622.128,222.128,0.03,0.04,0.96,0.97,0.01,0.01,78293.69,1776989621000
1776989622.474,222.474,0.03,0.04,0.96,0.97,0.01,0.01,78293.69,1776989621000
1776989622.91,222.91,0.03,0.04,0.96,0.97,0.01,0.01,78293.69,1776989621000
1776989623.623,223.623,0.03,0.04,0.96,0.97,0.01,0.01,78293.42,1776989622000
1776989624.059,224.059,0.03,0.04,0.96,0.97,0.01,0.01,78293.42,1776989622000
1776989624.495,224.495,0.03,0.04,0.96,0.97,0.01,0.01,78293.22,1776989623000
1776989625.253,225.253,0.03,0.04,0.96,0.97,0.01,0.01,78293.22,1776989623000
1776989626.009,226.009,0.03,0.04,0.96,0.97,0.01,0.01,78295.4,1776989624000
1776989626.469,226.469,0.03,0.04,0.96,0.97,0.01,0.01,78295.4,1776989624000
1776989626.819,226.819,0.03,0.04,0.96,0.97,0.01,0.01,78298.78,1776989625000
1776989627.31,227.31,0.03,0.04,0.96,0.97,0.01,0.01,78298.39,1776989626000
1776989627.787,227.787,0.03,0.04,0.96,0.97,0.01,0.01,78298.39,1776989626000
1776989628.288,228.288,0.03,0.04,0.96,0.97,0.01,0.01,78300.64,1776989627000
1776989628.77,228.77,0.03,0.04,0.96,0.97,0.01,0.01,78300.64,1776989627000
1776989629.124,229.124,0.03,0.04,0.96,0.97,0.01,0.01,78300.64,1776989627000
1776989629.618,229.618,0.03,0.04,0.96,0.97,0.01,0.01,78301.87,1776989628000
1776989630.216,230.216,0.04,0.05,0.95,0.96,0.01,0.01,78301.87,1776989628000
1776989630.64,230.64,0.04,0.05,0.95,0.96,0.01,0.01,78301.87,1776989628000
1776989631.028,231.028,0.04,0.05,0.95,0.96,0.01,0.01,78301.31,1776989629000
1776989631.397,231.397,0.04,0.05,0.95,0.96,0.01,0.01,78301.77,1776989630000
1776989632.015,232.015,0.04,0.05,0.95,0.96,0.01,0.01,78301.77,1776989630000
1776989632.373,232.373,0.04,0.05,0.95,0.96,0.01,0.01,78301.82,1776989631000
1776989632.768,232.768,0.04,0.05,0.95,0.96,0.01,0.01,78301.82,1776989631000
1776989633.6,233.6,0.04,0.05,0.95,0.96,0.01,0.01,78301.82,1776989632000
1776989633.94,233.94,0.04,0.05,0.95,0.96,0.01,0.01,78301.82,1776989632000
1776989635.139,235.139,0.04,0.05,0.95,0.96,0.01,0.01,78302.31,1776989633000
1776989635.5,235.5,0.04,0.05,0.95,0.96,0.01,0.01,78302.93,1776989634000
1776989635.853,235.853,0.04,0.05,0.95,0.96,0.01,0.01,78302.93,1776989634000
1776989636.228,236.228,0.04,0.05,0.95,0.96,0.01,0.01,78302.93,1776989634000
1776989636.671,236.671,0.04,0.05,0.95,0.96,0.01,0.01,78302.73,1776989635000
1776989637.191,237.191,0.04,0.05,0.95,0.96,0.01,0.01,78302.73,1776989635000
1776989637.57,237.57,0.04,0.05,0.95,0.96,0.01,0.01,78302.73,1776989636000
1776989637.909,237.909,0.04,0.05,0.95,0.96,0.01,0.01,78302.73,1776989636000
1776989638.561,238.561,0.05,0.06,0.94,0.96,0.01,0.02,78302.93,1776989637000
1776989638.989,238.989,0.05,0.06,0.94,0.95,0.01,0.01,78302.93,1776989637000
1776989639.323,239.323,0.05,0.06,0.94,0.95,0.01,0.01,78302.6,1776989638000
1776989639.73,239.73,0.05,0.06,0.94,0.95,0.01,0.01,78302.6,1776989638000
1776989640.111,240.111,0.04,0.06,0.95,0.96,0.02,0.01,78302.6,1776989638000
1776989640.456,240.456,0.04,0.05,0.95,0.96,0.01,0.01,78302.8,1776989639000
1776989640.885,240.885,0.04,0.06,0.94,0.96,0.02,0.02,78302.8,1776989639000
1776989641.313,241.313,0.04,0.05,0.95,0.96,0.01,0.01,78302.8,1776989639000
1776989641.957,241.957,0.04,0.05,0.95,0.96,0.01,0.01,78302.74,1776989641000
1776989642.326,242.326,0.04,0.05,0.95,0.96,0.01,0.01,78302.74,1776989641000
1776989643.135,243.135,0.04,0.05,0.95,0.96,0.01,0.01,78302.74,1776989641000
1776989643.507,243.507,0.04,0.06,0.95,0.96,0.02,0.01,78307.91,1776989642000
1776989643.9,243.9,0.04,0.07,0.94,0.96,0.03,0.02,78307.91,1776989642000
1776989644.336,244.336,0.04,0.08,0.92,0.96,0.04,0.04,78309.33,1776989643000
1776989644.711,244.711,0.05,0.06,0.92,0.95,0.01,0.03,78309.33,1776989643000
1776989645.066,245.066,0.06,0.07,0.91,0.94,0.01,0.03,78309.32,1776989644000
1776989645.407,245.407,0.06,0.08,0.92,0.94,0.02,0.02,78309.32,1776989644000
1776989646.044,246.044,0.06,0.07,0.93,0.94,0.01,0.01,78307.56,1776989645000
1776989646.437,246.437,0.05,0.07,0.93,0.94,0.02,0.01,78307.56,1776989645000
1776989646.774,246.774,0.06,0.08,0.92,0.94,0.02,0.02,78307.56,1776989645000
1776989647.24,247.24,0.05,0.07,0.93,0.95,0.02,0.02,78306.08,1776989646000
1776989647.701,247.701,0.05,0.07,0.93,0.95,0.02,0.02,78306.08,1776989646000
1776989648.117,248.117,0.06,0.07,0.93,0.95,0.01,0.02,78306.08,1776989646000
1776989648.6,248.6,0.04,0.05,0.94,0.95,0.01,0.01,78305.87,1776989647000
1776989648.993,248.993,0.04,0.05,0.95,0.96,0.01,0.01,78305.87,1776989647000
1776989649.411,249.411,0.04,0.05,0.95,0.96,0.01,0.01,78305.95,1776989648000
1776989649.973,249.973,0.04,0.05,0.95,0.96,0.01,0.01,78305.95,1776989648000
1776989650.399,250.399,0.03,0.04,0.95,0.97,0.01,0.02,78303.84,1776989649000
1776989651.04,251.04,0.03,0.04,0.96,0.97,0.01,0.01,78303.84,1776989649000
1776989651.574,251.574,0.03,0.04,0.96,0.97,0.01,0.01,78303.36,1776989650000
1776989651.977,251.977,0.03,0.04,0.96,0.97,0.01,0.01,78303.36,1776989650000
1776989652.393,252.393,0.03,0.04,0.96,0.97,0.01,0.01,78302.94,1776989651000
1776989653.08,253.08,0.03,0.04,0.96,0.97,0.01,0.01,78302.94,1776989651000
1776989653.865,253.865,0.03,0.04,0.96,0.97,0.01,0.01,78303.19,1776989652000
1776989654.258,254.258,0.03,0.04,0.96,0.97,0.01,0.01,78305.04,1776989653000
1776989654.654,254.654,0.03,0.04,0.96,0.97,0.01,0.01,78305.04,1776989653000
1776989655.211,255.211,0.03,0.04,0.96,0.97,0.01,0.01,78305.04,1776989653000
1776989655.593,255.593,0.02,0.03,0.97,0.98,0.01,0.01,78308.08,1776989654000
1776989655.963,255.963,0.02,0.03,0.97,0.98,0.01,0.01,78308.08,1776989654000
1776989656.53,256.53,0.02,0.03,0.97,0.98,0.01,0.01,78308.08,1776989655000
1776989656.873,256.873,0.02,0.03,0.97,0.98,0.01,0.01,78308.08,1776989655000
1776989657.24,257.24,0.02,0.03,0.97,0.98,0.01,0.01,78308.08,1776989656000
1776989657.648,257.648,0.02,0.03,0.97,0.98,0.01,0.01,78308.08,1776989656000
1776989658.171,258.171,0.02,0.03,0.97,0.98,0.01,0.01,78308.08,1776989657000
1776989658.586,258.586,0.02,0.03,0.97,0.98,0.01,0.01,78308.08,1776989657000
1776989659.01,259.01,0.02,0.03,0.97,0.98,0.01,0.01,78308.08,1776989657000
1776989659.346,259.346,0.02,0.03,0.97,0.98,0.01,0.01,78308.08,1776989658000
1776989659.735,259.735,0.02,0.03,0.97,0.98,0.01,0.01,78308.08,1776989658000
1776989660.075,260.075,0.02,0.03,0.97,0.98,0.01,0.01,78308.08,1776989659000
1776989660.849,260.849,0.02,0.03,0.97,0.98,0.01,0.01,78308.08,1776989659000
1776989661.983,261.983,0.02,0.03,0.97,0.98,0.01,0.01,78308.08,1776989660000
1776989662.319,262.319,0.02,0.03,0.97,0.98,0.01,0.01,78308.08,1776989661000
1776989662.665,262.665,0.02,0.03,0.97,0.98,0.01,0.01,78308.08,1776989661000
1776989663.019,263.019,0.03,0.04,0.96,0.97,0.01,0.01,78308.08,1776989662000
1776989663.939,263.939,0.03,0.04,0.96,0.97,0.01,0.01,78306.77,1776989663000
1776989664.355,264.355,0.03,0.04,0.96,0.97,0.01,0.01,78306.77,1776989663000
1776989664.713,264.713,0.03,0.04,0.96,0.97,0.01,0.01,78306.77,1776989663000
1776989665.256,265.256,0.03,0.04,0.96,0.97,0.01,0.01,78306.77,1776989663000
1776989665.692,265.692,0.03,0.04,0.96,0.97,0.01,0.01,78308.04,1776989664000
1776989666.057,266.057,0.03,0.04,0.94,0.97,0.01,0.03,78308.04,1776989664000
1776989666.472,266.472,0.03,0.04,0.96,0.97,0.01,0.01,78309.37,1776989665000
1776989666.96,266.96,0.03,0.04,0.96,0.97,0.01,0.01,78309.82,1776989666000
1776989667.519,267.519,0.03,0.04,0.96,0.97,0.01,0.01,78309.82,1776989666000
1776989667.954,267.954,0.03,0.04,0.96,0.97,0.01,0.01,78310.89,1776989667000
1776989668.344,268.344,0.03,0.04,0.96,0.97,0.01,0.01,78310.89,1776989667000
1776989669.115,269.115,0.03,0.04,0.96,0.97,0.01,0.01,78311.46,1776989668000
1776989669.836,269.836,0.03,0.04,0.96,0.97,0.01,0.01,78311.46,1776989668000
1776989670.278,270.278,0.04,0.05,0.95,0.96,0.01,0.01,78309.65,1776989669000
1776989670.965,270.965,0.04,0.05,0.95,0.96,0.01,0.01,78309.65,1776989669000
1776989671.398,271.398,0.04,0.05,0.95,0.96,0.01,0.01,78309.15,1776989670000
1776989671.757,271.757,0.04,0.05,0.95,0.96,0.01,0.01,78309.15,1776989670000
1776989672.19,272.19,0.04,0.05,0.95,0.96,0.01,0.01,78309.47,1776989671000
1776989672.702,272.702,0.04,0.05,0.95,0.96,0.01,0.01,78309.47,1776989671000
1776989673.039,273.039,0.05,0.06,0.94,0.95,0.01,0.01,78309.47,1776989671000
1776989673.615,273.615,0.05,0.06,0.94,0.95,0.01,0.01,78310.16,1776989672000
1776989674.098,274.098,0.05,0.06,0.94,0.95,0.01,0.01,78310.16,1776989672000
1776989674.56,274.56,0.05,0.06,0.94,0.95,0.01,0.01,78309.01,1776989673000
1776989674.929,274.929,0.05,0.06,0.94,0.95,0.01,0.01,78309.01,1776989673000
1776989675.265,275.265,0.05,0.06,0.94,0.95,0.01,0.01,78309.01,1776989673000
1776989675.616,275.616,0.05,0.06,0.94,0.95,0.01,0.01,78309.28,1776989674000
1776989676.027,276.027,0.03,0.06,0.94,0.97,0.03,0.03,78309.32,1776989675000
1776989677.084,277.084,0.02,0.03,0.97,0.98,0.01,0.01,78310.29,1776989676000
1776989677.841,277.841,0.02,0.03,0.97,0.98,0.01,0.01,78310.29,1776989676000
1776989678.246,278.246,0.03,0.04,0.96,0.97,0.01,0.01,78310.29,1776989676000
1776989678.771,278.771,0.03,0.04,0.96,0.98,0.01,0.02,78310.74,1776989677000
1776989679.622,279.622,0.03,0.04,0.96,0.97,0.01,0.01,78310.76,1776989678000
1776989680.192,280.192,0.03,0.04,0.96,0.97,0.01,0.01,78310.57,1776989679000
1776989680.746,280.746,0.03,0.04,0.96,0.97,0.01,0.01,78310.57,1776989679000
1776989681.239,281.239,0.03,0.04,0.95,0.97,0.01,0.02,78310.57,1776989679000
1776989681.594,281.594,0.02,0.03,0.97,0.98,0.01,0.01,78309.5,1776989680000
1776989681.964,281.964,0.02,0.03,0.97,0.98,0.01,0.01,78309.5,1776989680000
1776989682.309,282.309,0.02,0.03,0.97,0.98,0.01,0.01,78309.76,1776989681000
1776989682.801,282.801,0.02,0.03,0.97,0.98,0.01,0.01,78309.76,1776989681000
1776989683.41,283.41,0.02,0.03,0.97,0.98,0.01,0.01,78309.98,1776989682000
1776989683.937,283.937,0.02,0.03,0.97,0.98,0.01,0.01,78309.98,1776989683000
1776989684.273,284.273,0.01,0.02,0.98,0.99,0.01,0.01,78309.98,1776989683000
1776989684.769,284.769,0.01,0.03,0.98,0.99,0.02,0.01,78309.98,1776989683000
1776989685.103,285.103,0.01,0.02,0.98,0.99,0.01,0.01,78309.99,1776989684000
1776989685.47,285.47,0.01,0.02,0.98,0.99,0.01,0.01,78309.99,1776989684000
1776989686.115,286.115,0.01,0.02,0.98,0.99,0.01,0.01,78309.99,1776989684000
1776989686.482,286.482,0.01,0.02,0.98,0.99,0.01,0.01,78310.41,1776989685000
1776989687.039,287.039,0.01,0.02,0.98,0.99,0.01,0.01,78310.41,1776989685000
1776989687.393,287.393,0.01,0.02,0.98,0.99,0.01,0.01,78311.24,1776989686000
1776989688.173,288.173,0.01,0.02,0.98,0.99,0.01,0.01,78311.24,1776989686000
1776989688.816,288.816,0.01,0.02,0.98,0.99,0.01,0.01,78311.24,1776989687000
1776989689.469,289.469,0.01,0.04,0.96,0.99,0.03,0.03,78311.24,1776989688000
1776989689.899,289.899,0.02,0.04,0.96,0.98,0.02,0.02,78311.24,1776989689000
1776989690.334,290.334,0.01,0.03,0.97,0.98,0.02,0.01,78311.24,1776989689000
1776989690.71,290.71,0.03,0.04,0.98,0.99,0.01,0.01,78311.24,1776989689000
1776989691.133,291.133,0.03,0.04,0.96,0.97,0.01,0.01,78311.01,1776989690000
1776989691.479,291.479,0.04,0.05,0.95,0.96,0.01,0.01,78311.01,1776989690000
1776989691.824,291.824,0.05,0.07,0.93,0.94,0.02,0.01,78311.01,1776989690000
1776989692.167,292.167,0.06,0.07,0.93,0.94,0.01,0.01,78311.08,1776989691000
1776989692.652,292.652,0.06,0.07,0.93,0.95,0.01,0.02,78311.08,1776989691000
1776989693.017,293.017,0.05,0.06,0.93,0.96,0.01,0.03,78311.08,1776989691000
1776989693.395,293.395,0.05,0.06,0.94,0.95,0.01,0.01,78311.08,1776989691000
1776989693.754,293.754,0.05,0.06,0.94,0.95,0.01,0.01,78311.08,1776989691000
1776989694.129,294.129,0.04,0.06,0.94,0.96,0.02,0.02,78313.03,1776989692000
1776989694.466,294.466,0.05,0.06,0.94,0.95,0.01,0.01,78315.75,1776989693000
1776989695.077,295.077,0.04,0.05,0.95,0.96,0.01,0.01,78315.75,1776989693000
1776989695.421,295.421,0.06,0.08,0.92,0.95,0.02,0.03,78316.98,1776989694000
1776989695.762,295.762,0.04,0.05,0.94,0.96,0.01,0.02,78316.98,1776989694000
1776989696.166,296.166,0.04,0.06,0.94,0.95,0.02,0.01,78317.24,1776989695000
1776989696.51,296.51,0.03,0.04,0.96,0.97,0.01,0.01,78317.24,1776989695000
1776989696.859,296.859,0.03,0.04,0.95,0.97,0.01,0.02,78317.24,1776989695000
1776989697.219,297.219,0.03,0.04,0.96,0.97,0.01,0.01,78319.28,1776989696000
1776989697.573,297.573,0.01,0.02,0.98,0.99,0.01,0.01,78319.28,1776989696000
1776989697.917,297.917,0.01,0.05,0.95,0.96,0.04,0.01,78319.28,1776989696000
1776989698.251,298.251,0.01,0.02,0.98,0.99,0.01,0.01,78319.28,1776989696000
1776989698.605,298.605,0.05,0.06,0.94,0.95,0.01,0.01,78319.28,1776989696000
1776989698.944,298.944,0.01,0.02,0.97,0.99,0.01,0.02,78321.13,1776989697000
1776989699.379,299.379,0.01,0.01,0.99,0.99,0.0,0.0,78320.78,1776989698000
1776989699.721,299.721,0.01,0.01,0.99,0.99,0.0,0.0,78320.78,1776989698000
1776989700.333,300.333,0.01,0.01,0.99,0.99,0.0,0.0,78320.78,1776989698000
1776989700.736,300.736,0.01,0.01,0.99,0.99,0.0,0.0,78320.84,1776989699000

# RESULT,winner=Down,slug=btc-updown-5m-1776989400,ticks=611
