timestamp,elapsed_sec,up_bid,up_ask,down_bid,down_ask,up_spread,down_spread,btc_price,btc_oracle_ts
1777215600.601,0.601,0.52,0.53,0.47,0.48,0.01,0.01,78104.72,1777215599000
1777215600.94,0.94,0.52,0.56,0.45,0.48,0.04,0.03,78104.72,1777215599000
1777215601.331,1.331,0.53,0.55,0.41,0.47,0.02,0.06,78105.26,1777215600000
1777215601.734,1.734,0.66,0.67,0.34,0.35,0.01,0.01,78105.26,1777215600000
1777215602.087,2.087,0.66,0.67,0.33,0.34,0.01,0.01,78105.26,1777215600000
1777215602.428,2.428,0.66,0.67,0.33,0.34,0.01,0.01,78105.26,1777215601000
1777215602.779,2.779,0.66,0.67,0.33,0.34,0.01,0.01,78105.26,1777215601000
1777215603.19,3.19,0.66,0.67,0.33,0.34,0.01,0.01,78105.26,1777215601000
1777215603.539,3.539,0.66,0.67,0.33,0.34,0.01,0.01,78111.21,1777215602000
1777215603.966,3.966,0.66,0.67,0.33,0.34,0.01,0.01,78111.21,1777215602000
1777215604.304,4.304,0.66,0.67,0.33,0.34,0.01,0.01,78111.21,1777215602000
1777215604.877,4.877,0.65,0.66,0.33,0.35,0.01,0.02,78111.21,1777215602000
1777215605.256,5.256,0.65,0.66,0.34,0.35,0.01,0.01,78121.04,1777215603000
1777215605.594,5.594,0.66,0.67,0.33,0.34,0.01,0.01,78122.72,1777215604000
1777215605.965,5.965,0.66,0.67,0.33,0.34,0.01,0.01,78122.72,1777215604000
1777215606.385,6.385,0.67,0.68,0.32,0.33,0.01,0.01,78122.71,1777215605000
1777215606.968,6.968,0.67,0.68,0.32,0.33,0.01,0.01,78122.71,1777215605000
1777215607.461,7.461,0.67,0.68,0.32,0.33,0.01,0.01,78122.98,1777215606000
1777215608.0,8.0,0.67,0.68,0.32,0.33,0.01,0.01,78122.98,1777215606000
1777215608.393,8.393,0.68,0.69,0.31,0.33,0.01,0.02,78122.98,1777215607000
1777215608.764,8.764,0.68,0.69,0.31,0.32,0.01,0.01,78122.98,1777215607000
1777215609.287,9.287,0.68,0.69,0.31,0.32,0.01,0.01,78122.98,1777215607000
1777215609.73,9.73,0.72,0.73,0.26,0.28,0.01,0.02,78124.38,1777215608000
1777215610.185,10.185,0.72,0.73,0.27,0.28,0.01,0.01,78124.38,1777215608000
1777215610.596,10.596,0.72,0.73,0.27,0.28,0.01,0.01,78125.32,1777215609000
1777215610.979,10.979,0.72,0.74,0.26,0.28,0.02,0.02,78125.32,1777215609000
1777215611.346,11.346,0.72,0.73,0.26,0.28,0.01,0.02,78126.7,1777215610000
1777215611.822,11.822,0.7,0.71,0.29,0.34,0.01,0.05,78126.7,1777215610000
1777215612.223,12.223,0.68,0.7,0.3,0.32,0.02,0.02,78126.7,1777215610000
1777215612.688,12.688,0.64,0.7,0.3,0.32,0.06,0.02,78130.71,1777215611000
1777215613.071,13.071,0.67,0.69,0.31,0.33,0.02,0.02,78130.01,1777215612000
1777215613.523,13.523,0.65,0.69,0.31,0.32,0.04,0.01,78130.01,1777215612000
1777215614.374,14.374,0.64,0.68,0.31,0.32,0.04,0.01,78130.01,1777215612000
1777215614.734,14.734,0.62,0.63,0.37,0.38,0.01,0.01,78130.01,1777215612000
1777215615.085,15.085,0.62,0.63,0.37,0.38,0.01,0.01,78129.42,1777215613000
1777215615.535,15.535,0.62,0.63,0.37,0.38,0.01,0.01,78129.45,1777215614000
1777215615.962,15.962,0.61,0.62,0.38,0.39,0.01,0.01,78129.45,1777215614000
1777215616.302,16.302,0.61,0.62,0.38,0.39,0.01,0.01,78129.09,1777215615000
1777215617.004,17.004,0.61,0.62,0.38,0.39,0.01,0.01,78123.31,1777215616000
1777215617.479,17.479,0.61,0.62,0.38,0.39,0.01,0.01,78123.31,1777215616000
1777215617.843,17.843,0.61,0.62,0.38,0.39,0.01,0.01,78123.31,1777215616000
1777215618.297,18.297,0.61,0.62,0.38,0.39,0.01,0.01,78123.28,1777215617000
1777215618.647,18.647,0.6,0.61,0.39,0.4,0.01,0.01,78123.28,1777215617000
1777215619.048,19.048,0.6,0.61,0.39,0.4,0.01,0.01,78123.15,1777215618000
1777215619.4,19.4,0.58,0.59,0.39,0.43,0.01,0.04,78123.15,1777215618000
1777215619.735,19.735,0.58,0.59,0.41,0.42,0.01,0.01,78123.15,1777215618000
1777215620.108,20.108,0.58,0.59,0.41,0.42,0.01,0.01,78123.15,1777215618000
1777215620.461,20.461,0.59,0.6,0.4,0.41,0.01,0.01,78123.15,1777215619000
1777215620.978,20.978,0.59,0.6,0.4,0.41,0.01,0.01,78123.15,1777215619000
1777215621.402,21.402,0.59,0.6,0.4,0.41,0.01,0.01,78123.15,1777215620000
1777215621.948,21.948,0.59,0.6,0.4,0.41,0.01,0.01,78123.15,1777215620000
1777215622.433,22.433,0.59,0.6,0.4,0.41,0.01,0.01,78123.08,1777215621000
1777215622.931,22.931,0.6,0.61,0.4,0.41,0.01,0.01,78123.08,1777215621000
1777215623.333,23.333,0.6,0.61,0.39,0.4,0.01,0.01,78123.04,1777215622000
1777215623.813,23.813,0.6,0.61,0.39,0.4,0.01,0.01,78123.04,1777215622000
1777215624.37,24.37,0.6,0.63,0.39,0.4,0.03,0.01,78123.04,1777215622000
1777215624.863,24.863,0.62,0.63,0.37,0.38,0.01,0.01,78123.13,1777215623000
1777215625.358,25.358,0.62,0.63,0.37,0.38,0.01,0.01,78123.13,1777215623000
1777215625.932,25.932,0.62,0.63,0.37,0.38,0.01,0.01,78123.14,1777215624000
1777215626.287,26.287,0.62,0.63,0.37,0.38,0.01,0.01,78123.14,1777215625000
1777215626.693,26.693,0.62,0.63,0.37,0.38,0.01,0.01,78123.14,1777215625000
1777215627.115,27.115,0.62,0.63,0.37,0.38,0.01,0.01,78123.14,1777215625000
1777215627.595,27.595,0.62,0.63,0.37,0.38,0.01,0.01,78123.14,1777215626000
1777215628.009,28.009,0.62,0.63,0.37,0.38,0.01,0.01,78123.14,1777215626000
1777215628.487,28.487,0.63,0.64,0.36,0.38,0.01,0.02,78123.14,1777215626000
1777215628.862,28.862,0.62,0.63,0.36,0.38,0.01,0.02,78122.9,1777215627000
1777215629.359,29.359,0.61,0.62,0.37,0.39,0.01,0.02,78122.91,1777215628000
1777215630.061,30.061,0.61,0.62,0.38,0.39,0.01,0.01,78122.91,1777215628000
1777215630.458,30.458,0.61,0.62,0.38,0.39,0.01,0.01,78122.91,1777215629000
1777215631.154,31.154,0.61,0.62,0.38,0.39,0.01,0.01,78123.15,1777215630000
1777215631.527,31.527,0.61,0.62,0.38,0.39,0.01,0.01,78123.15,1777215630000
1777215631.886,31.886,0.6,0.62,0.38,0.39,0.02,0.01,78123.15,1777215630000
1777215632.22,32.22,0.59,0.61,0.39,0.4,0.02,0.01,78123.15,1777215630000
1777215632.61,32.61,0.59,0.6,0.4,0.41,0.01,0.01,78123.14,1777215631000
1777215633.046,33.046,0.59,0.6,0.4,0.41,0.01,0.01,78123.14,1777215631000
1777215633.382,33.382,0.59,0.6,0.4,0.41,0.01,0.01,78123.14,1777215631000
1777215633.836,33.836,0.59,0.6,0.4,0.41,0.01,0.01,78123.14,1777215631000
1777215634.554,34.554,0.59,0.6,0.4,0.41,0.01,0.01,78123.14,1777215633000
1777215634.97,34.97,0.59,0.6,0.4,0.41,0.01,0.01,78123.14,1777215633000
1777215635.41,35.41,0.59,0.6,0.4,0.41,0.01,0.01,78122.86,1777215634000
1777215636.02,36.02,0.59,0.6,0.4,0.41,0.01,0.01,78122.86,1777215634000
1777215636.439,36.439,0.59,0.6,0.4,0.41,0.01,0.01,78122.58,1777215635000
1777215637.026,37.026,0.59,0.6,0.4,0.41,0.01,0.01,78122.58,1777215635000
1777215637.516,37.516,0.59,0.6,0.4,0.41,0.01,0.01,78122.75,1777215636000
1777215637.919,37.919,0.59,0.6,0.4,0.41,0.01,0.01,78122.75,1777215637000
1777215638.547,38.547,0.59,0.6,0.4,0.41,0.01,0.01,78122.75,1777215637000
1777215639.07,39.07,0.59,0.6,0.4,0.41,0.01,0.01,78122.95,1777215638000
1777215639.51,39.51,0.59,0.6,0.4,0.41,0.01,0.01,78122.95,1777215638000
1777215639.919,39.919,0.59,0.6,0.4,0.41,0.01,0.01,78122.95,1777215638000
1777215640.979,40.979,0.6,0.61,0.4,0.41,0.01,0.01,78123.14,1777215639000
1777215641.364,41.364,0.6,0.63,0.39,0.4,0.03,0.01,78123.13,1777215640000
1777215641.77,41.77,0.63,0.65,0.36,0.38,0.02,0.02,78123.13,1777215640000
1777215642.272,42.272,0.64,0.65,0.35,0.36,0.01,0.01,78123.13,1777215640000
1777215642.639,42.639,0.64,0.65,0.35,0.36,0.01,0.01,78123.13,1777215641000
1777215643.363,43.363,0.64,0.65,0.35,0.36,0.01,0.01,78125.03,1777215642000
1777215643.726,43.726,0.64,0.65,0.35,0.36,0.01,0.01,78125.03,1777215642000
1777215644.578,44.578,0.64,0.65,0.35,0.36,0.01,0.01,78125.03,1777215642000
1777215645.043,45.043,0.64,0.65,0.35,0.36,0.01,0.01,78125.86,1777215643000
1777215645.476,45.476,0.64,0.65,0.35,0.36,0.01,0.01,78125.98,1777215644000
1777215645.91,45.91,0.64,0.65,0.35,0.36,0.01,0.01,78125.98,1777215644000
1777215646.488,46.488,0.64,0.65,0.35,0.36,0.01,0.01,78125.99,1777215645000
1777215647.021,47.021,0.64,0.65,0.35,0.36,0.01,0.01,78125.99,1777215645000
1777215647.513,47.513,0.64,0.65,0.35,0.36,0.01,0.01,78126.0,1777215646000
1777215647.979,47.979,0.64,0.65,0.35,0.36,0.01,0.01,78126.0,1777215646000
1777215648.351,48.351,0.64,0.65,0.35,0.36,0.01,0.01,78126.0,1777215647000
1777215648.881,48.881,0.64,0.65,0.35,0.36,0.01,0.01,78126.0,1777215647000
1777215649.242,49.242,0.62,0.65,0.35,0.36,0.03,0.01,78126.0,1777215647000
1777215649.586,49.586,0.63,0.64,0.36,0.37,0.01,0.01,78126.11,1777215648000
1777215649.924,49.924,0.63,0.64,0.36,0.37,0.01,0.01,78126.11,1777215649000
1777215650.375,50.375,0.63,0.64,0.36,0.37,0.01,0.01,78126.11,1777215649000
1777215650.851,50.851,0.63,0.64,0.36,0.37,0.01,0.01,78126.11,1777215649000
1777215651.402,51.402,0.64,0.65,0.35,0.37,0.01,0.02,78126.11,1777215649000
1777215651.757,51.757,0.64,0.65,0.35,0.36,0.01,0.01,78126.12,1777215650000
1777215652.099,52.099,0.66,0.67,0.32,0.36,0.01,0.04,78126.12,1777215650000
1777215652.475,52.475,0.65,0.66,0.33,0.35,0.01,0.02,78126.12,1777215651000
1777215652.928,52.928,0.64,0.65,0.35,0.36,0.01,0.01,78126.12,1777215651000
1777215653.327,53.327,0.64,0.65,0.35,0.36,0.01,0.01,78126.24,1777215652000
1777215653.832,53.832,0.58,0.59,0.4,0.42,0.01,0.02,78126.24,1777215652000
1777215654.269,54.269,0.58,0.59,0.41,0.42,0.01,0.01,78126.24,1777215652000
1777215654.796,54.796,0.58,0.59,0.41,0.42,0.01,0.01,78126.24,1777215653000
1777215655.131,55.131,0.58,0.59,0.41,0.42,0.01,0.01,78124.58,1777215654000
1777215655.757,55.757,0.57,0.58,0.42,0.43,0.01,0.01,78124.58,1777215654000
1777215656.224,56.224,0.57,0.58,0.42,0.43,0.01,0.01,78122.95,1777215655000
1777215656.584,56.584,0.57,0.58,0.42,0.43,0.01,0.01,78122.95,1777215655000
1777215657.123,57.123,0.57,0.58,0.42,0.43,0.01,0.01,78122.95,1777215655000
1777215657.482,57.482,0.57,0.58,0.42,0.43,0.01,0.01,78121.04,1777215656000
1777215658.039,58.039,0.57,0.58,0.42,0.43,0.01,0.01,78121.04,1777215656000
1777215658.893,58.893,0.57,0.58,0.42,0.43,0.01,0.01,78119.68,1777215657000
1777215659.261,59.261,0.57,0.58,0.42,0.43,0.01,0.01,78119.68,1777215657000
1777215659.712,59.712,0.57,0.58,0.42,0.43,0.01,0.01,78118.89,1777215658000
1777215660.16,60.16,0.57,0.58,0.42,0.43,0.01,0.01,78116.55,1777215659000
1777215660.508,60.508,0.57,0.58,0.42,0.43,0.01,0.01,78116.55,1777215659000
1777215661.057,61.057,0.58,0.59,0.41,0.42,0.01,0.01,78116.55,1777215659000
1777215661.508,61.508,0.58,0.59,0.41,0.42,0.01,0.01,78118.56,1777215660000
1777215661.984,61.984,0.58,0.59,0.41,0.42,0.01,0.01,78118.56,1777215660000
1777215662.375,62.375,0.58,0.59,0.41,0.42,0.01,0.01,78118.56,1777215660000
1777215662.994,62.994,0.58,0.59,0.41,0.42,0.01,0.01,78118.58,1777215661000
1777215663.435,63.435,0.58,0.6,0.41,0.42,0.02,0.01,78118.34,1777215662000
1777215663.779,63.779,0.59,0.6,0.4,0.42,0.01,0.02,78118.34,1777215662000
1777215664.321,64.321,0.59,0.6,0.4,0.41,0.01,0.01,78118.34,1777215662000
1777215664.664,64.664,0.59,0.6,0.4,0.41,0.01,0.01,78118.34,1777215663000
1777215665.013,65.013,0.59,0.6,0.4,0.41,0.01,0.01,78118.34,1777215663000
1777215665.6,65.6,0.6,0.61,0.4,0.41,0.01,0.01,78118.34,1777215664000
1777215665.982,65.982,0.6,0.61,0.39,0.4,0.01,0.01,78118.34,1777215664000
1777215666.344,66.344,0.6,0.61,0.39,0.4,0.01,0.01,78119.41,1777215665000
1777215666.988,66.988,0.6,0.61,0.39,0.4,0.01,0.01,78119.41,1777215665000
1777215667.449,67.449,0.6,0.61,0.39,0.4,0.01,0.01,78119.42,1777215666000
1777215668.082,68.082,0.6,0.61,0.39,0.4,0.01,0.01,78119.42,1777215666000
1777215668.515,68.515,0.6,0.61,0.39,0.4,0.01,0.01,78119.42,1777215667000
1777215669.012,69.012,0.6,0.61,0.39,0.4,0.01,0.01,78119.14,1777215668000
1777215669.852,69.852,0.6,0.62,0.39,0.4,0.02,0.01,78119.14,1777215668000
1777215670.197,70.197,0.6,0.62,0.38,0.4,0.02,0.02,78118.96,1777215669000
1777215670.538,70.538,0.6,0.61,0.39,0.4,0.01,0.01,78118.96,1777215669000
1777215670.903,70.903,0.6,0.61,0.39,0.4,0.01,0.01,78118.96,1777215669000
1777215671.325,71.325,0.6,0.61,0.39,0.4,0.01,0.01,78118.54,1777215670000
1777215671.747,71.747,0.61,0.62,0.38,0.39,0.01,0.01,78118.54,1777215670000
1777215672.121,72.121,0.61,0.62,0.38,0.39,0.01,0.01,78118.54,1777215670000
1777215672.564,72.564,0.61,0.62,0.38,0.39,0.01,0.01,78118.63,1777215671000
1777215673.043,73.043,0.61,0.62,0.38,0.39,0.01,0.01,78119.79,1777215672000
1777215673.414,73.414,0.6,0.61,0.39,0.4,0.01,0.01,78119.79,1777215672000
1777215674.346,74.346,0.61,0.62,0.38,0.4,0.01,0.02,78119.79,1777215672000
1777215674.803,74.803,0.6,0.61,0.38,0.4,0.01,0.02,78119.79,1777215672000
1777215675.446,75.446,0.6,0.61,0.39,0.4,0.01,0.01,78119.4,1777215674000
1777215676.037,76.037,0.6,0.61,0.39,0.4,0.01,0.01,78119.4,1777215674000
1777215676.378,76.378,0.61,0.62,0.38,0.4,0.01,0.02,78119.35,1777215675000
1777215677.286,77.286,0.61,0.64,0.38,0.39,0.03,0.01,78119.35,1777215675000
1777215677.64,77.64,0.63,0.64,0.36,0.37,0.01,0.01,78121.86,1777215676000
1777215678.035,78.035,0.63,0.64,0.36,0.37,0.01,0.01,78121.86,1777215677000
1777215678.695,78.695,0.63,0.64,0.36,0.37,0.01,0.01,78121.86,1777215677000
1777215679.064,79.064,0.63,0.64,0.36,0.37,0.01,0.01,78121.86,1777215677000
1777215679.599,79.599,0.63,0.64,0.36,0.37,0.01,0.01,78120.63,1777215678000
1777215679.971,79.971,0.62,0.64,0.36,0.38,0.02,0.02,78120.63,1777215678000
1777215680.59,80.59,0.62,0.63,0.37,0.38,0.01,0.01,78119.38,1777215679000
1777215680.944,80.944,0.63,0.64,0.36,0.38,0.01,0.02,78119.38,1777215679000
1777215681.544,81.544,0.63,0.64,0.36,0.37,0.01,0.01,78120.44,1777215680000
1777215682.247,82.247,0.62,0.64,0.36,0.38,0.02,0.02,78119.02,1777215681000
1777215682.698,82.698,0.62,0.63,0.37,0.38,0.01,0.01,78119.02,1777215681000
1777215683.108,83.108,0.62,0.63,0.37,0.38,0.01,0.01,78119.02,1777215681000
1777215683.462,83.462,0.61,0.63,0.37,0.38,0.02,0.01,78120.35,1777215682000
1777215683.803,83.803,0.59,0.6,0.4,0.41,0.01,0.01,78120.35,1777215682000
1777215684.87,84.87,0.59,0.6,0.4,0.41,0.01,0.01,78120.37,1777215683000
1777215685.229,85.229,0.59,0.6,0.4,0.41,0.01,0.01,78120.17,1777215684000
1777215685.932,85.932,0.59,0.6,0.4,0.41,0.01,0.01,78120.17,1777215684000
1777215686.372,86.372,0.59,0.6,0.4,0.41,0.01,0.01,78120.0,1777215685000
1777215687.028,87.028,0.59,0.6,0.4,0.41,0.01,0.01,78120.47,1777215686000
1777215687.454,87.454,0.59,0.6,0.4,0.41,0.01,0.01,78120.47,1777215686000
1777215687.895,87.895,0.59,0.6,0.4,0.41,0.01,0.01,78120.47,1777215686000
1777215688.342,88.342,0.57,0.6,0.4,0.41,0.03,0.01,78119.37,1777215687000
1777215688.686,88.686,0.52,0.53,0.47,0.48,0.01,0.01,78119.37,1777215687000
1777215689.44,89.44,0.52,0.53,0.47,0.48,0.01,0.01,78121.34,1777215688000
1777215689.928,89.928,0.52,0.53,0.47,0.48,0.01,0.01,78121.34,1777215688000
1777215690.59,90.59,0.52,0.53,0.47,0.48,0.01,0.01,78118.77,1777215689000
1777215690.979,90.979,0.52,0.53,0.47,0.48,0.01,0.01,78118.77,1777215689000
1777215691.367,91.367,0.52,0.53,0.47,0.48,0.01,0.01,78117.23,1777215690000
1777215691.783,91.783,0.52,0.54,0.47,0.48,0.02,0.01,78117.23,1777215690000
1777215692.215,92.215,0.53,0.54,0.46,0.47,0.01,0.01,78117.23,1777215690000
1777215692.616,92.616,0.53,0.54,0.46,0.47,0.01,0.01,78116.84,1777215691000
1777215692.98,92.98,0.53,0.54,0.46,0.47,0.01,0.01,78116.84,1777215691000
1777215693.391,93.391,0.53,0.54,0.46,0.47,0.01,0.01,78116.84,1777215691000
1777215693.976,93.976,0.54,0.55,0.45,0.46,0.01,0.01,78116.49,1777215692000
1777215694.356,94.356,0.55,0.56,0.44,0.45,0.01,0.01,78116.49,1777215692000
1777215694.812,94.812,0.55,0.56,0.44,0.45,0.01,0.01,78116.22,1777215693000
1777215695.203,95.203,0.56,0.58,0.42,0.44,0.02,0.02,78116.22,1777215693000
1777215695.614,95.614,0.57,0.58,0.42,0.43,0.01,0.01,78116.26,1777215694000
1777215695.962,95.962,0.61,0.62,0.38,0.39,0.01,0.01,78116.26,1777215694000
1777215696.734,96.734,0.61,0.62,0.38,0.39,0.01,0.01,78116.79,1777215695000
1777215697.087,97.087,0.61,0.62,0.38,0.39,0.01,0.01,78116.79,1777215695000
1777215697.441,97.441,0.62,0.63,0.37,0.38,0.01,0.01,78116.79,1777215695000
1777215697.778,97.778,0.62,0.63,0.37,0.38,0.01,0.01,78116.73,1777215696000
1777215698.111,98.111,0.62,0.63,0.37,0.38,0.01,0.01,78116.73,1777215696000
1777215698.569,98.569,0.62,0.63,0.37,0.38,0.01,0.01,78117.59,1777215697000
1777215698.907,98.907,0.62,0.63,0.37,0.38,0.01,0.01,78117.59,1777215697000
1777215699.603,99.603,0.62,0.63,0.37,0.38,0.01,0.01,78119.63,1777215698000
1777215699.957,99.957,0.62,0.63,0.37,0.38,0.01,0.01,78119.63,1777215698000
1777215700.54,100.54,0.59,0.6,0.38,0.41,0.01,0.03,78119.65,1777215699000
1777215700.896,100.896,0.55,0.56,0.44,0.45,0.01,0.01,78119.65,1777215699000
1777215701.344,101.344,0.58,0.59,0.41,0.43,0.01,0.02,78119.65,1777215699000
1777215701.85,101.85,0.58,0.59,0.41,0.42,0.01,0.01,78118.93,1777215700000
1777215702.467,102.467,0.58,0.59,0.41,0.42,0.01,0.01,78117.81,1777215701000
1777215702.936,102.936,0.58,0.59,0.41,0.42,0.01,0.01,78117.81,1777215701000
1777215703.358,103.358,0.58,0.59,0.41,0.42,0.01,0.01,78117.81,1777215701000
1777215703.698,103.698,0.58,0.59,0.41,0.42,0.01,0.01,78116.0,1777215702000
1777215704.172,104.172,0.59,0.6,0.4,0.42,0.01,0.02,78116.0,1777215702000
1777215704.574,104.574,0.59,0.6,0.4,0.41,0.01,0.01,78116.0,1777215702000
1777215705.213,105.213,0.6,0.61,0.39,0.41,0.01,0.02,78115.91,1777215703000
1777215705.567,105.567,0.6,0.61,0.39,0.4,0.01,0.01,78115.7,1777215704000
1777215706.202,106.202,0.6,0.61,0.39,0.4,0.01,0.01,78115.77,1777215705000
1777215706.553,106.553,0.6,0.61,0.39,0.4,0.01,0.01,78115.77,1777215705000
1777215707.168,107.168,0.58,0.59,0.39,0.4,0.01,0.01,78115.77,1777215705000
1777215707.636,107.636,0.56,0.57,0.43,0.44,0.01,0.01,78115.77,1777215705000
1777215708.091,108.091,0.56,0.57,0.43,0.44,0.01,0.01,78118.28,1777215706000
1777215708.584,108.584,0.56,0.57,0.43,0.44,0.01,0.01,78117.57,1777215707000
1777215709.068,109.068,0.56,0.57,0.43,0.44,0.01,0.01,78117.57,1777215707000
1777215709.542,109.542,0.56,0.57,0.43,0.44,0.01,0.01,78117.57,1777215707000
1777215709.94,109.94,0.56,0.57,0.43,0.44,0.01,0.01,78117.46,1777215708000
1777215710.293,110.293,0.56,0.57,0.43,0.44,0.01,0.01,78117.46,1777215709000
1777215710.813,110.813,0.56,0.58,0.43,0.44,0.02,0.01,78117.46,1777215709000
1777215711.26,111.26,0.56,0.57,0.42,0.43,0.01,0.01,78117.46,1777215709000
1777215711.596,111.596,0.55,0.56,0.43,0.45,0.01,0.02,78117.19,1777215710000
1777215711.976,111.976,0.55,0.56,0.44,0.45,0.01,0.01,78117.19,1777215710000
1777215712.488,112.488,0.56,0.57,0.44,0.45,0.01,0.01,78117.06,1777215711000
1777215712.871,112.871,0.56,0.57,0.43,0.44,0.01,0.01,78117.06,1777215711000
1777215713.327,113.327,0.56,0.57,0.43,0.44,0.01,0.01,78117.45,1777215712000
1777215713.974,113.974,0.56,0.57,0.43,0.44,0.01,0.01,78117.45,1777215712000
1777215714.37,114.37,0.56,0.57,0.43,0.44,0.01,0.01,78118.56,1777215713000
1777215714.816,114.816,0.56,0.57,0.43,0.44,0.01,0.01,78118.56,1777215713000
1777215715.155,115.155,0.56,0.57,0.43,0.44,0.01,0.01,78118.56,1777215713000
1777215715.582,115.582,0.56,0.57,0.43,0.44,0.01,0.01,78118.58,1777215714000
1777215715.942,115.942,0.56,0.57,0.43,0.44,0.01,0.01,78118.58,1777215714000
1777215716.335,116.335,0.56,0.57,0.43,0.44,0.01,0.01,78118.58,1777215714000
1777215716.672,116.672,0.56,0.57,0.43,0.44,0.01,0.01,78118.31,1777215715000
1777215717.294,117.294,0.56,0.57,0.43,0.44,0.01,0.01,78117.54,1777215716000
1777215717.709,117.709,0.56,0.57,0.43,0.44,0.01,0.01,78117.54,1777215716000
1777215718.06,118.06,0.59,0.6,0.4,0.42,0.01,0.02,78117.11,1777215717000
1777215718.568,118.568,0.59,0.6,0.4,0.41,0.01,0.01,78117.11,1777215717000
1777215719.102,119.102,0.59,0.6,0.4,0.41,0.01,0.01,78117.07,1777215718000
1777215719.467,119.467,0.59,0.6,0.4,0.41,0.01,0.01,78117.07,1777215718000
1777215719.848,119.848,0.59,0.63,0.37,0.41,0.04,0.04,78117.07,1777215718000
1777215720.362,120.362,0.65,0.66,0.34,0.35,0.01,0.01,78118.33,1777215719000
1777215720.705,120.705,0.65,0.66,0.34,0.35,0.01,0.01,78118.33,1777215719000
1777215721.11,121.11,0.65,0.67,0.34,0.35,0.02,0.01,78118.33,1777215720000
1777215721.612,121.612,0.66,0.67,0.33,0.34,0.01,0.01,78118.33,1777215720000
1777215722.088,122.088,0.66,0.67,0.33,0.34,0.01,0.01,78118.33,1777215720000
1777215722.439,122.439,0.69,0.7,0.3,0.31,0.01,0.01,78118.33,1777215720000
1777215722.832,122.832,0.69,0.7,0.3,0.31,0.01,0.01,78118.33,1777215720000
1777215723.356,123.356,0.69,0.7,0.3,0.31,0.01,0.01,78117.95,1777215721000
1777215724.115,124.115,0.69,0.7,0.3,0.31,0.01,0.01,78119.78,1777215723000
1777215724.517,124.517,0.69,0.7,0.3,0.31,0.01,0.01,78119.78,1777215723000
1777215724.91,124.91,0.68,0.69,0.31,0.32,0.01,0.01,78119.78,1777215723000
1777215725.25,125.25,0.66,0.69,0.31,0.34,0.03,0.03,78122.99,1777215724000
1777215725.684,125.684,0.63,0.68,0.32,0.37,0.05,0.05,78122.99,1777215724000
1777215726.2,126.2,0.67,0.68,0.32,0.33,0.01,0.01,78123.48,1777215725000
1777215726.547,126.547,0.67,0.68,0.32,0.34,0.01,0.02,78123.48,1777215725000
1777215726.931,126.931,0.67,0.69,0.31,0.32,0.02,0.01,78123.48,1777215725000
1777215727.57,127.57,0.67,0.69,0.32,0.33,0.02,0.01,78123.48,1777215726000
1777215727.92,127.92,0.7,0.71,0.29,0.3,0.01,0.01,78123.48,1777215726000
1777215728.26,128.26,0.7,0.71,0.29,0.3,0.01,0.01,78123.48,1777215726000
1777215728.759,128.759,0.71,0.72,0.28,0.29,0.01,0.01,78123.48,1777215727000
1777215729.183,129.183,0.71,0.72,0.28,0.29,0.01,0.01,78123.48,1777215727000
1777215729.781,129.781,0.71,0.72,0.28,0.29,0.01,0.01,78123.69,1777215728000
1777215730.133,130.133,0.71,0.72,0.28,0.29,0.01,0.01,78123.69,1777215729000
1777215730.481,130.481,0.71,0.72,0.28,0.29,0.01,0.01,78123.69,1777215729000
1777215730.902,130.902,0.71,0.72,0.28,0.29,0.01,0.01,78124.27,1777215730000
1777215731.243,131.243,0.71,0.72,0.28,0.29,0.01,0.01,78124.27,1777215730000
1777215731.615,131.615,0.7,0.71,0.28,0.29,0.01,0.01,78124.27,1777215730000
1777215732.052,132.052,0.72,0.73,0.27,0.3,0.01,0.03,78124.46,1777215731000
1777215732.464,132.464,0.72,0.73,0.27,0.28,0.01,0.01,78124.46,1777215731000
1777215733.089,133.089,0.72,0.73,0.27,0.28,0.01,0.01,78124.49,1777215732000
1777215733.796,133.796,0.71,0.72,0.28,0.31,0.01,0.03,78124.49,1777215732000
1777215734.161,134.161,0.72,0.73,0.27,0.29,0.01,0.02,78124.49,1777215733000
1777215734.502,134.502,0.72,0.73,0.27,0.28,0.01,0.01,78124.49,1777215733000
1777215734.927,134.927,0.72,0.73,0.27,0.28,0.01,0.01,78124.49,1777215733000
1777215735.747,135.747,0.73,0.74,0.27,0.28,0.01,0.01,78124.47,1777215734000
1777215736.135,136.135,0.73,0.74,0.26,0.27,0.01,0.01,78124.47,1777215734000
1777215736.675,136.675,0.73,0.74,0.26,0.27,0.01,0.01,78124.47,1777215734000
1777215737.062,137.062,0.73,0.74,0.26,0.27,0.01,0.01,78124.59,1777215735000
1777215737.529,137.529,0.72,0.74,0.26,0.28,0.02,0.02,78124.6,1777215736000
1777215737.868,137.868,0.74,0.75,0.25,0.26,0.01,0.01,78124.6,1777215736000
1777215738.203,138.203,0.72,0.74,0.26,0.27,0.02,0.01,78124.6,1777215736000
1777215738.572,138.572,0.72,0.73,0.27,0.28,0.01,0.01,78124.6,1777215737000
1777215738.909,138.909,0.72,0.73,0.27,0.28,0.01,0.01,78124.6,1777215737000
1777215739.318,139.318,0.73,0.74,0.26,0.27,0.01,0.01,78124.6,1777215737000
1777215739.728,139.728,0.73,0.74,0.26,0.27,0.01,0.01,78124.63,1777215738000
1777215740.106,140.106,0.65,0.66,0.33,0.35,0.01,0.02,78124.63,1777215738000
1777215740.514,140.514,0.65,0.66,0.34,0.35,0.01,0.01,78125.48,1777215739000
1777215740.916,140.916,0.65,0.66,0.34,0.35,0.01,0.01,78125.48,1777215739000
1777215741.309,141.309,0.65,0.66,0.34,0.35,0.01,0.01,78125.48,1777215740000
1777215741.763,141.763,0.65,0.66,0.34,0.35,0.01,0.01,78125.48,1777215740000
1777215742.206,142.206,0.65,0.66,0.34,0.35,0.01,0.01,78125.48,1777215740000
1777215742.76,142.76,0.65,0.66,0.34,0.35,0.01,0.01,78122.26,1777215741000
1777215743.353,143.353,0.65,0.66,0.34,0.35,0.01,0.01,78122.26,1777215741000
1777215744.216,144.216,0.65,0.66,0.34,0.35,0.01,0.01,78121.05,1777215743000
1777215744.753,144.753,0.65,0.66,0.34,0.35,0.01,0.01,78121.05,1777215743000
1777215745.323,145.323,0.65,0.66,0.34,0.35,0.01,0.01,78121.05,1777215743000
1777215745.735,145.735,0.65,0.66,0.34,0.35,0.01,0.01,78121.05,1777215744000
1777215746.086,146.086,0.65,0.66,0.34,0.35,0.01,0.01,78121.12,1777215745000
1777215746.533,146.533,0.65,0.66,0.34,0.35,0.01,0.01,78121.12,1777215745000
1777215747.043,147.043,0.65,0.66,0.34,0.35,0.01,0.01,78121.12,1777215745000
1777215747.616,147.616,0.65,0.66,0.34,0.35,0.01,0.01,78121.13,1777215746000
1777215748.0,148.0,0.65,0.66,0.34,0.35,0.01,0.01,78121.13,1777215746000
1777215748.416,148.416,0.65,0.66,0.34,0.35,0.01,0.01,78121.13,1777215746000
1777215748.811,148.811,0.65,0.67,0.34,0.35,0.02,0.01,78121.13,1777215747000
1777215750.144,150.144,0.66,0.69,0.33,0.35,0.03,0.02,78121.15,1777215748000
1777215750.548,150.548,0.68,0.7,0.31,0.33,0.02,0.02,78121.18,1777215749000
1777215750.889,150.889,0.69,0.7,0.3,0.32,0.01,0.02,78121.18,1777215749000
1777215751.288,151.288,0.69,0.7,0.3,0.31,0.01,0.01,78121.18,1777215749000
1777215751.641,151.641,0.69,0.7,0.3,0.31,0.01,0.01,78121.27,1777215750000
1777215752.19,152.19,0.69,0.7,0.3,0.31,0.01,0.01,78121.27,1777215750000
1777215752.846,152.846,0.69,0.7,0.3,0.31,0.01,0.01,78121.35,1777215751000
1777215753.285,153.285,0.69,0.7,0.3,0.31,0.01,0.01,78121.36,1777215752000
1777215753.874,153.874,0.69,0.7,0.3,0.31,0.01,0.01,78121.34,1777215753000
1777215754.512,154.512,0.69,0.7,0.3,0.31,0.01,0.01,78121.34,1777215753000
1777215754.867,154.867,0.7,0.71,0.3,0.31,0.01,0.01,78121.34,1777215753000
1777215755.39,155.39,0.74,0.75,0.25,0.26,0.01,0.01,78121.37,1777215754000
1777215755.823,155.823,0.74,0.75,0.25,0.26,0.01,0.01,78121.37,1777215754000
1777215756.678,156.678,0.75,0.76,0.24,0.26,0.01,0.02,78121.36,1777215755000
1777215757.217,157.217,0.75,0.76,0.24,0.25,0.01,0.01,78121.36,1777215756000
1777215758.034,158.034,0.75,0.76,0.24,0.25,0.01,0.01,78122.98,1777215757000
1777215758.395,158.395,0.75,0.76,0.24,0.25,0.01,0.01,78122.98,1777215757000
1777215759.036,159.036,0.75,0.76,0.24,0.25,0.01,0.01,78123.04,1777215758000
1777215759.498,159.498,0.76,0.77,0.23,0.24,0.01,0.01,78123.04,1777215758000
1777215759.913,159.913,0.76,0.77,0.23,0.24,0.01,0.01,78123.04,1777215758000
1777215760.298,160.298,0.76,0.77,0.23,0.24,0.01,0.01,78123.06,1777215759000
1777215760.713,160.713,0.76,0.77,0.23,0.24,0.01,0.01,78123.06,1777215759000
1777215761.367,161.367,0.76,0.77,0.23,0.24,0.01,0.01,78123.09,1777215760000
1777215761.701,161.701,0.76,0.77,0.23,0.24,0.01,0.01,78123.09,1777215760000
1777215762.406,162.406,0.76,0.77,0.23,0.24,0.01,0.01,78123.09,1777215760000
1777215762.802,162.802,0.76,0.77,0.23,0.24,0.01,0.01,78123.16,1777215761000
1777215763.256,163.256,0.76,0.77,0.23,0.24,0.01,0.01,78123.13,1777215762000
1777215764.013,164.013,0.76,0.77,0.23,0.24,0.01,0.01,78123.13,1777215762000
1777215764.376,164.376,0.76,0.77,0.22,0.24,0.01,0.02,78123.17,1777215763000
1777215764.738,164.738,0.77,0.78,0.23,0.24,0.01,0.01,78123.17,1777215763000
1777215765.189,165.189,0.77,0.78,0.22,0.23,0.01,0.01,78124.94,1777215764000
1777215765.642,165.642,0.77,0.78,0.22,0.23,0.01,0.01,78124.94,1777215764000
1777215766.13,166.13,0.67,0.69,0.31,0.33,0.02,0.02,78124.03,1777215765000
1777215766.513,166.513,0.68,0.69,0.31,0.32,0.01,0.01,78124.03,1777215765000
1777215766.92,166.92,0.65,0.66,0.33,0.35,0.01,0.02,78124.03,1777215765000
1777215767.516,167.516,0.65,0.66,0.34,0.35,0.01,0.01,78124.31,1777215766000
1777215767.855,167.855,0.65,0.66,0.34,0.35,0.01,0.01,78124.31,1777215766000
1777215768.409,168.409,0.65,0.66,0.34,0.35,0.01,0.01,78121.93,1777215767000
1777215768.906,168.906,0.65,0.66,0.34,0.35,0.01,0.01,78121.93,1777215767000
1777215769.247,169.247,0.65,0.66,0.34,0.35,0.01,0.01,78119.07,1777215768000
1777215769.689,169.689,0.65,0.66,0.34,0.35,0.01,0.01,78119.07,1777215768000
1777215770.06,170.06,0.65,0.66,0.34,0.35,0.01,0.01,78119.07,1777215768000
1777215770.572,170.572,0.65,0.66,0.34,0.35,0.01,0.01,78119.03,1777215769000
1777215771.158,171.158,0.65,0.66,0.34,0.35,0.01,0.01,78119.03,1777215770000
1777215771.499,171.499,0.65,0.66,0.34,0.35,0.01,0.01,78119.03,1777215770000
1777215771.953,171.953,0.65,0.66,0.34,0.35,0.01,0.01,78119.03,1777215770000
1777215772.885,172.885,0.65,0.66,0.34,0.35,0.01,0.01,78119.43,1777215771000
1777215773.928,173.928,0.65,0.66,0.34,0.35,0.01,0.01,78119.46,1777215772000
1777215774.405,174.405,0.65,0.66,0.34,0.35,0.01,0.01,78119.46,1777215773000
1777215774.768,174.768,0.65,0.66,0.34,0.35,0.01,0.01,78119.46,1777215773000
1777215775.126,175.126,0.65,0.66,0.34,0.35,0.01,0.01,78119.46,1777215774000
1777215776.149,176.149,0.65,0.66,0.34,0.35,0.01,0.01,78119.42,1777215775000
1777215777.037,177.037,0.65,0.66,0.34,0.35,0.01,0.01,78119.42,1777215775000
1777215777.462,177.462,0.65,0.66,0.34,0.35,0.01,0.01,78119.41,1777215776000
1777215778.224,178.224,0.65,0.66,0.34,0.35,0.01,0.01,78118.73,1777215777000
1777215778.788,178.788,0.65,0.66,0.34,0.35,0.01,0.01,78118.73,1777215777000
1777215779.171,179.171,0.65,0.66,0.34,0.35,0.01,0.01,78118.73,1777215777000
1777215779.668,179.668,0.65,0.66,0.34,0.35,0.01,0.01,78118.81,1777215778000
1777215780.209,180.209,0.65,0.66,0.34,0.35,0.01,0.01,78118.81,1777215778000
1777215780.619,180.619,0.65,0.66,0.34,0.35,0.01,0.01,78118.83,1777215779000
1777215781.271,181.271,0.65,0.66,0.34,0.35,0.01,0.01,78118.86,1777215780000
1777215781.688,181.688,0.54,0.56,0.44,0.49,0.02,0.05,78118.86,1777215780000
1777215782.048,182.048,0.54,0.55,0.45,0.46,0.01,0.01,78118.86,1777215780000
1777215782.388,182.388,0.54,0.55,0.45,0.46,0.01,0.01,78118.86,1777215780000
1777215782.723,182.723,0.54,0.55,0.45,0.46,0.01,0.01,78118.71,1777215781000
1777215783.087,183.087,0.54,0.55,0.45,0.46,0.01,0.01,78115.4,1777215782000
1777215783.459,183.459,0.54,0.55,0.45,0.46,0.01,0.01,78115.4,1777215782000
1777215783.798,183.798,0.54,0.55,0.45,0.46,0.01,0.01,78115.4,1777215782000
1777215784.235,184.235,0.54,0.55,0.45,0.46,0.01,0.01,78112.66,1777215783000
1777215784.632,184.632,0.54,0.55,0.45,0.46,0.01,0.01,78112.66,1777215783000
1777215785.004,185.004,0.54,0.55,0.45,0.46,0.01,0.01,78111.32,1777215784000
1777215785.429,185.429,0.54,0.55,0.45,0.46,0.01,0.01,78111.32,1777215784000
1777215785.768,185.768,0.54,0.55,0.45,0.46,0.01,0.01,78111.32,1777215784000
1777215786.101,186.101,0.45,0.47,0.53,0.55,0.02,0.02,78110.47,1777215785000
1777215786.495,186.495,0.46,0.47,0.53,0.54,0.01,0.01,78110.47,1777215785000
1777215786.842,186.842,0.46,0.47,0.53,0.54,0.01,0.01,78110.47,1777215785000
1777215787.264,187.264,0.46,0.47,0.53,0.54,0.01,0.01,78110.07,1777215786000
1777215787.61,187.61,0.46,0.47,0.53,0.54,0.01,0.01,78110.07,1777215786000
1777215787.954,187.954,0.46,0.47,0.53,0.54,0.01,0.01,78110.07,1777215786000
1777215788.306,188.306,0.46,0.47,0.53,0.54,0.01,0.01,78106.11,1777215787000
1777215788.646,188.646,0.47,0.48,0.52,0.53,0.01,0.01,78106.11,1777215787000
1777215789.04,189.04,0.47,0.48,0.52,0.53,0.01,0.01,78106.11,1777215787000
1777215789.387,189.387,0.47,0.48,0.52,0.53,0.01,0.01,78106.0,1777215788000
1777215789.882,189.882,0.47,0.48,0.52,0.53,0.01,0.01,78106.0,1777215788000
1777215790.271,190.271,0.47,0.48,0.52,0.53,0.01,0.01,78105.92,1777215789000
1777215790.62,190.62,0.47,0.48,0.52,0.53,0.01,0.01,78105.92,1777215789000
1777215791.051,191.051,0.46,0.47,0.53,0.54,0.01,0.01,78105.92,1777215789000
1777215791.404,191.404,0.45,0.46,0.54,0.55,0.01,0.01,78105.92,1777215790000
1777215791.775,191.775,0.45,0.46,0.54,0.55,0.01,0.01,78105.92,1777215790000
1777215792.149,192.149,0.45,0.46,0.54,0.55,0.01,0.01,78105.92,1777215790000
1777215792.669,192.669,0.45,0.46,0.54,0.55,0.01,0.01,78105.92,1777215790000
1777215793.101,193.101,0.44,0.46,0.54,0.56,0.02,0.02,78105.8,1777215791000
1777215793.63,193.63,0.45,0.46,0.54,0.55,0.01,0.01,78105.8,1777215792000
1777215794.419,194.419,0.45,0.46,0.54,0.55,0.01,0.01,78105.8,1777215793000
1777215794.756,194.756,0.42,0.43,0.57,0.58,0.01,0.01,78105.8,1777215793000
1777215795.278,195.278,0.41,0.42,0.58,0.59,0.01,0.01,78105.58,1777215794000
1777215795.616,195.616,0.42,0.43,0.57,0.58,0.01,0.01,78105.58,1777215794000
1777215795.958,195.958,0.42,0.43,0.57,0.58,0.01,0.01,78105.58,1777215794000
1777215796.398,196.398,0.42,0.43,0.57,0.58,0.01,0.01,78105.58,1777215794000
1777215796.74,196.74,0.42,0.43,0.57,0.58,0.01,0.01,78103.65,1777215795000
1777215797.151,197.151,0.42,0.43,0.57,0.58,0.01,0.01,78103.37,1777215796000
1777215797.644,197.644,0.42,0.43,0.57,0.58,0.01,0.01,78103.37,1777215796000
1777215798.08,198.08,0.43,0.44,0.56,0.58,0.01,0.02,78103.37,1777215796000
1777215798.449,198.449,0.43,0.44,0.56,0.57,0.01,0.01,78101.49,1777215797000
1777215798.979,198.979,0.42,0.43,0.57,0.58,0.01,0.01,78100.36,1777215798000
1777215799.355,199.355,0.42,0.43,0.57,0.58,0.01,0.01,78100.36,1777215798000
1777215799.738,199.738,0.42,0.43,0.57,0.58,0.01,0.01,78100.36,1777215798000
1777215800.074,200.074,0.42,0.44,0.57,0.59,0.02,0.02,78100.36,1777215798000
1777215800.498,200.498,0.41,0.43,0.57,0.58,0.02,0.01,78099.8,1777215799000
1777215800.834,200.834,0.41,0.42,0.58,0.59,0.01,0.01,78099.8,1777215799000
1777215801.187,201.187,0.37,0.38,0.62,0.63,0.01,0.01,78099.8,1777215799000
1777215801.555,201.555,0.37,0.38,0.62,0.63,0.01,0.01,78099.24,1777215800000
1777215801.897,201.897,0.37,0.38,0.62,0.63,0.01,0.01,78099.24,1777215800000
1777215802.414,202.414,0.37,0.38,0.62,0.63,0.01,0.01,78099.22,1777215801000
1777215803.05,203.05,0.36,0.37,0.62,0.64,0.01,0.02,78099.22,1777215801000
1777215803.458,203.458,0.36,0.37,0.63,0.64,0.01,0.01,78098.94,1777215802000
1777215803.841,203.841,0.36,0.37,0.63,0.64,0.01,0.01,78098.94,1777215802000
1777215804.244,204.244,0.35,0.36,0.63,0.64,0.01,0.01,78098.93,1777215803000
1777215804.699,204.699,0.35,0.36,0.64,0.65,0.01,0.01,78098.93,1777215803000
1777215805.131,205.131,0.34,0.35,0.65,0.66,0.01,0.01,78098.93,1777215803000
1777215805.536,205.536,0.36,0.37,0.63,0.64,0.01,0.01,78098.84,1777215804000
1777215805.971,205.971,0.36,0.37,0.63,0.64,0.01,0.01,78098.84,1777215804000
1777215806.316,206.316,0.36,0.37,0.63,0.64,0.01,0.01,78098.49,1777215805000
1777215806.783,206.783,0.31,0.33,0.63,0.7,0.02,0.07,78098.49,1777215805000
1777215807.32,207.32,0.31,0.32,0.68,0.69,0.01,0.01,78098.48,1777215806000
1777215807.751,207.751,0.29,0.3,0.69,0.73,0.01,0.04,78098.48,1777215806000
1777215808.597,208.597,0.28,0.29,0.71,0.72,0.01,0.01,78098.36,1777215807000
1777215808.96,208.96,0.3,0.31,0.69,0.71,0.01,0.02,78098.36,1777215807000
1777215809.364,209.364,0.29,0.3,0.69,0.7,0.01,0.01,78098.36,1777215807000
1777215809.705,209.705,0.27,0.3,0.7,0.71,0.03,0.01,78098.36,1777215808000
1777215810.161,210.161,0.27,0.28,0.72,0.73,0.01,0.01,78098.36,1777215809000
1777215810.58,210.58,0.28,0.33,0.72,0.73,0.05,0.01,78098.36,1777215809000
1777215811.072,211.072,0.3,0.31,0.67,0.72,0.01,0.05,78098.36,1777215809000
1777215811.437,211.437,0.3,0.31,0.69,0.7,0.01,0.01,78098.36,1777215809000
1777215812.284,212.284,0.26,0.31,0.69,0.74,0.05,0.05,78098.49,1777215811000
1777215812.716,212.716,0.27,0.28,0.69,0.74,0.01,0.05,78098.49,1777215811000
1777215813.052,213.052,0.27,0.28,0.72,0.73,0.01,0.01,78098.49,1777215811000
1777215813.628,213.628,0.27,0.28,0.72,0.73,0.01,0.01,78098.32,1777215812000
1777215813.968,213.968,0.27,0.28,0.72,0.73,0.01,0.01,78098.32,1777215812000
1777215814.361,214.361,0.27,0.28,0.72,0.73,0.01,0.01,78098.24,1777215813000
1777215814.715,214.715,0.27,0.28,0.72,0.73,0.01,0.01,78098.24,1777215813000
1777215815.058,215.058,0.27,0.28,0.72,0.73,0.01,0.01,78098.24,1777215813000
1777215815.554,215.554,0.27,0.28,0.72,0.73,0.01,0.01,78098.24,1777215814000
1777215816.071,216.071,0.28,0.29,0.71,0.72,0.01,0.01,78098.24,1777215814000
1777215816.475,216.475,0.29,0.3,0.7,0.71,0.01,0.01,78098.2,1777215815000
1777215816.957,216.957,0.29,0.3,0.7,0.71,0.01,0.01,78098.2,1777215815000
1777215817.307,217.307,0.29,0.3,0.7,0.71,0.01,0.01,78098.2,1777215815000
1777215817.843,217.843,0.29,0.3,0.7,0.71,0.01,0.01,78097.92,1777215816000
1777215818.265,218.265,0.24,0.25,0.75,0.76,0.01,0.01,78097.92,1777215816000
1777215818.632,218.632,0.24,0.25,0.75,0.76,0.01,0.01,78097.76,1777215817000
1777215819.026,219.026,0.24,0.25,0.75,0.76,0.01,0.01,78097.76,1777215817000
1777215819.374,219.374,0.24,0.25,0.75,0.76,0.01,0.01,78097.76,1777215817000
1777215819.811,219.811,0.24,0.25,0.75,0.76,0.01,0.01,78097.76,1777215817000
1777215820.151,220.151,0.24,0.25,0.75,0.76,0.01,0.01,78097.76,1777215817000
1777215820.633,220.633,0.24,0.25,0.75,0.76,0.01,0.01,78097.68,1777215818000
1777215821.154,221.154,0.24,0.25,0.75,0.76,0.01,0.01,78097.68,1777215818000
1777215821.54,221.54,0.26,0.27,0.73,0.76,0.01,0.03,78097.68,1777215818000
1777215821.883,221.883,0.26,0.27,0.7,0.74,0.01,0.04,78096.35,1777215820000
1777215822.296,222.296,0.26,0.27,0.73,0.74,0.01,0.01,78096.35,1777215820000
1777215823.048,223.048,0.25,0.26,0.73,0.75,0.01,0.02,78096.48,1777215821000
1777215823.694,223.694,0.25,0.26,0.74,0.75,0.01,0.01,78096.48,1777215821000
1777215824.193,224.193,0.25,0.26,0.74,0.75,0.01,0.01,78096.25,1777215822000
1777215824.76,224.76,0.25,0.26,0.74,0.75,0.01,0.01,78096.58,1777215823000
1777215825.188,225.188,0.25,0.26,0.74,0.75,0.01,0.01,78096.6,1777215824000
1777215825.571,225.571,0.32,0.33,0.66,0.68,0.01,0.02,78096.6,1777215824000
1777215825.938,225.938,0.33,0.34,0.66,0.67,0.01,0.01,78096.6,1777215824000
1777215826.351,226.351,0.33,0.34,0.66,0.67,0.01,0.01,78096.6,1777215824000
1777215826.69,226.69,0.33,0.35,0.65,0.67,0.02,0.02,78096.6,1777215825000
1777215827.191,227.191,0.34,0.35,0.65,0.66,0.01,0.01,78097.13,1777215826000
1777215827.547,227.547,0.34,0.35,0.65,0.66,0.01,0.01,78097.13,1777215826000
1777215828.264,228.264,0.34,0.35,0.65,0.66,0.01,0.01,78097.13,1777215826000
1777215828.751,228.751,0.34,0.35,0.65,0.66,0.01,0.01,78100.36,1777215827000
1777215829.346,229.346,0.34,0.35,0.65,0.67,0.01,0.02,78100.36,1777215827000
1777215829.926,229.926,0.34,0.35,0.65,0.66,0.01,0.01,78101.01,1777215828000
1777215830.53,230.53,0.36,0.37,0.63,0.64,0.01,0.01,78101.04,1777215829000
1777215830.917,230.917,0.38,0.39,0.61,0.62,0.01,0.01,78101.04,1777215829000
1777215831.311,231.311,0.36,0.39,0.61,0.62,0.03,0.01,78101.04,1777215829000
1777215831.691,231.691,0.37,0.38,0.62,0.63,0.01,0.01,78101.05,1777215830000
1777215832.036,232.036,0.39,0.4,0.6,0.61,0.01,0.01,78101.05,1777215830000
1777215832.376,232.376,0.39,0.4,0.6,0.61,0.01,0.01,78102.17,1777215831000
1777215832.978,232.978,0.39,0.4,0.6,0.61,0.01,0.01,78102.56,1777215832000
1777215833.374,233.374,0.39,0.4,0.6,0.61,0.01,0.01,78102.56,1777215832000
1777215833.796,233.796,0.39,0.4,0.6,0.61,0.01,0.01,78102.56,1777215832000
1777215834.224,234.224,0.39,0.4,0.6,0.61,0.01,0.01,78102.48,1777215833000
1777215834.582,234.582,0.39,0.4,0.6,0.61,0.01,0.01,78102.48,1777215833000
1777215834.956,234.956,0.39,0.4,0.6,0.61,0.01,0.01,78102.48,1777215833000
1777215835.72,235.72,0.37,0.38,0.6,0.63,0.01,0.03,78102.48,1777215833000
1777215836.205,236.205,0.37,0.38,0.62,0.63,0.01,0.01,78102.19,1777215834000
1777215836.658,236.658,0.37,0.38,0.61,0.63,0.01,0.02,78102.5,1777215835000
1777215837.167,237.167,0.35,0.37,0.62,0.63,0.02,0.01,78102.5,1777215835000
1777215837.523,237.523,0.34,0.35,0.65,0.66,0.01,0.01,78102.5,1777215836000
1777215837.886,237.886,0.34,0.35,0.65,0.66,0.01,0.01,78102.5,1777215836000
1777215838.242,238.242,0.33,0.34,0.66,0.67,0.01,0.01,78102.5,1777215836000
1777215838.575,238.575,0.33,0.34,0.66,0.67,0.01,0.01,78102.5,1777215836000
1777215838.927,238.927,0.33,0.34,0.66,0.67,0.01,0.01,78102.5,1777215837000
1777215839.332,239.332,0.33,0.34,0.66,0.67,0.01,0.01,78102.42,1777215838000
1777215839.683,239.683,0.33,0.35,0.66,0.67,0.02,0.01,78102.42,1777215838000
1777215840.143,240.143,0.33,0.34,0.66,0.67,0.01,0.01,78102.38,1777215839000
1777215840.642,240.642,0.34,0.35,0.64,0.65,0.01,0.01,78102.38,1777215839000
1777215841.03,241.03,0.33,0.34,0.65,0.67,0.01,0.02,78102.38,1777215839000
1777215841.378,241.378,0.23,0.34,0.66,0.67,0.11,0.01,78102.38,1777215839000
1777215841.769,241.769,0.32,0.33,0.67,0.68,0.01,0.01,78102.41,1777215840000
1777215842.211,242.211,0.33,0.34,0.65,0.78,0.01,0.13,78102.41,1777215840000
1777215842.562,242.562,0.33,0.34,0.66,0.67,0.01,0.01,78102.35,1777215841000
1777215843.411,243.411,0.33,0.34,0.66,0.67,0.01,0.01,78102.35,1777215841000
1777215843.876,243.876,0.33,0.36,0.64,0.67,0.03,0.03,78102.35,1777215841000
1777215844.267,244.267,0.37,0.38,0.62,0.63,0.01,0.01,78102.39,1777215842000
1777215844.631,244.631,0.33,0.37,0.63,0.64,0.04,0.01,78102.39,1777215842000
1777215845.014,245.014,0.34,0.37,0.65,0.66,0.03,0.01,78102.42,1777215843000
1777215845.43,245.43,0.36,0.37,0.63,0.64,0.01,0.01,78102.42,1777215843000
1777215845.831,245.831,0.36,0.37,0.63,0.64,0.01,0.01,78102.55,1777215844000
1777215846.526,246.526,0.38,0.39,0.63,0.64,0.01,0.01,78102.55,1777215844000
1777215846.892,246.892,0.38,0.4,0.61,0.62,0.02,0.01,78102.61,1777215845000
1777215847.56,247.56,0.39,0.4,0.6,0.61,0.01,0.01,78102.61,1777215845000
1777215847.903,247.903,0.39,0.4,0.6,0.61,0.01,0.01,78103.06,1777215846000
1777215848.293,248.293,0.39,0.4,0.6,0.61,0.01,0.01,78103.06,1777215846000
1777215848.724,248.724,0.39,0.4,0.6,0.61,0.01,0.01,78102.87,1777215847000
1777215849.125,249.125,0.39,0.4,0.6,0.61,0.01,0.01,78102.87,1777215847000
1777215849.479,249.479,0.39,0.4,0.6,0.61,0.01,0.01,78102.87,1777215848000
1777215850.346,250.346,0.39,0.4,0.6,0.61,0.01,0.01,78102.87,1777215849000
1777215850.745,250.745,0.39,0.4,0.6,0.61,0.01,0.01,78102.87,1777215849000
1777215851.12,251.12,0.39,0.4,0.6,0.61,0.01,0.01,78102.87,1777215849000
1777215851.73,251.73,0.34,0.38,0.61,0.66,0.04,0.05,78102.87,1777215850000
1777215852.213,252.213,0.36,0.37,0.65,0.66,0.01,0.01,78102.85,1777215851000
1777215852.651,252.651,0.26,0.27,0.65,0.72,0.01,0.07,78102.85,1777215851000
1777215853.32,253.32,0.26,0.27,0.73,0.74,0.01,0.01,78102.84,1777215852000
1777215853.756,253.756,0.29,0.3,0.69,0.72,0.01,0.03,78102.84,1777215852000
1777215854.358,254.358,0.29,0.3,0.7,0.71,0.01,0.01,78102.88,1777215853000
1777215854.717,254.717,0.3,0.31,0.69,0.7,0.01,0.01,78102.88,1777215853000
1777215855.096,255.096,0.32,0.33,0.67,0.68,0.01,0.01,78102.9,1777215854000
1777215855.621,255.621,0.33,0.38,0.67,0.68,0.05,0.01,78102.9,1777215854000
1777215856.052,256.052,0.32,0.36,0.64,0.68,0.04,0.04,78102.93,1777215855000
1777215856.443,256.443,0.32,0.39,0.62,0.68,0.07,0.06,78102.93,1777215855000
1777215856.894,256.894,0.37,0.38,0.62,0.63,0.01,0.01,78102.93,1777215855000
1777215857.644,257.644,0.37,0.38,0.62,0.63,0.01,0.01,78102.89,1777215856000
1777215858.029,258.029,0.37,0.38,0.62,0.63,0.01,0.01,78102.89,1777215856000
1777215858.392,258.392,0.44,0.45,0.55,0.56,0.01,0.01,78102.9,1777215857000
1777215858.778,258.778,0.44,0.45,0.55,0.56,0.01,0.01,78102.9,1777215857000
1777215859.446,259.446,0.44,0.45,0.55,0.56,0.01,0.01,78106.22,1777215858000
1777215859.821,259.821,0.44,0.45,0.55,0.56,0.01,0.01,78106.22,1777215858000
1777215860.221,260.221,0.44,0.45,0.55,0.56,0.01,0.01,78106.22,1777215858000
1777215860.56,260.56,0.44,0.51,0.49,0.56,0.07,0.07,78109.3,1777215859000
1777215860.974,260.974,0.44,0.52,0.48,0.56,0.08,0.08,78109.3,1777215859000
1777215861.307,261.307,0.43,0.48,0.44,0.57,0.05,0.13,78110.18,1777215860000
1777215861.689,261.689,0.48,0.51,0.46,0.52,0.03,0.06,78110.18,1777215860000
1777215862.112,262.112,0.47,0.48,0.52,0.53,0.01,0.01,78110.18,1777215860000
1777215862.483,262.483,0.49,0.5,0.5,0.51,0.01,0.01,78110.18,1777215860000
1777215862.933,262.933,0.49,0.5,0.49,0.51,0.01,0.02,78110.18,1777215860000
1777215863.363,263.363,0.49,0.5,0.5,0.51,0.01,0.01,78110.18,1777215860000
1777215863.83,263.83,0.49,0.5,0.5,0.51,0.01,0.01,78110.19,1777215861000
1777215864.275,264.275,0.44,0.45,0.54,0.56,0.01,0.02,78110.23,1777215862000
1777215864.658,264.658,0.44,0.45,0.55,0.56,0.01,0.01,78110.22,1777215863000
1777215865.031,265.031,0.43,0.44,0.55,0.56,0.01,0.01,78110.22,1777215863000
1777215865.366,265.366,0.45,0.48,0.56,0.57,0.03,0.01,78109.87,1777215864000
1777215865.836,265.836,0.51,0.52,0.43,0.52,0.01,0.09,78109.87,1777215864000
1777215866.184,266.184,0.51,0.52,0.48,0.49,0.01,0.01,78109.87,1777215864000
1777215866.554,266.554,0.46,0.52,0.48,0.49,0.06,0.01,78109.87,1777215864000
1777215867.13,267.13,0.45,0.46,0.54,0.55,0.01,0.01,78109.88,1777215865000
1777215867.5,267.5,0.45,0.46,0.54,0.55,0.01,0.01,78109.88,1777215866000
1777215867.871,267.871,0.43,0.45,0.55,0.56,0.02,0.01,78109.88,1777215866000
1777215868.305,268.305,0.42,0.43,0.56,0.57,0.01,0.01,78109.88,1777215866000
1777215868.677,268.677,0.42,0.43,0.57,0.58,0.01,0.01,78109.87,1777215867000
1777215869.032,269.032,0.42,0.43,0.57,0.58,0.01,0.01,78109.87,1777215867000
1777215869.647,269.647,0.42,0.43,0.57,0.59,0.01,0.02,78110.17,1777215868000
1777215870.011,270.011,0.42,0.43,0.57,0.58,0.01,0.01,78110.17,1777215868000
1777215870.349,270.349,0.41,0.43,0.57,0.58,0.02,0.01,78110.17,1777215868000
1777215870.772,270.772,0.42,0.43,0.57,0.58,0.01,0.01,78110.17,1777215869000
1777215871.257,271.257,0.41,0.61,0.58,0.59,0.2,0.01,78110.17,1777215869000
1777215871.599,271.599,0.52,0.53,0.47,0.48,0.01,0.01,78110.18,1777215870000
1777215872.148,272.148,0.51,0.52,0.47,0.48,0.01,0.01,78110.18,1777215870000
1777215872.486,272.486,0.51,0.52,0.48,0.49,0.01,0.01,78110.17,1777215871000
1777215873.085,273.085,0.51,0.52,0.48,0.49,0.01,0.01,78110.17,1777215871000
1777215873.482,273.482,0.59,0.6,0.39,0.45,0.01,0.06,78109.97,1777215872000
1777215873.859,273.859,0.59,0.6,0.4,0.41,0.01,0.01,78109.97,1777215872000
1777215874.232,274.232,0.59,0.6,0.4,0.41,0.01,0.01,78109.97,1777215872000
1777215874.637,274.637,0.59,0.6,0.4,0.41,0.01,0.01,78110.05,1777215873000
1777215875.105,275.105,0.59,0.6,0.4,0.41,0.01,0.01,78110.05,1777215873000
1777215875.494,275.494,0.59,0.6,0.4,0.41,0.01,0.01,78109.81,1777215874000
1777215875.848,275.848,0.59,0.6,0.4,0.41,0.01,0.01,78109.81,1777215874000
1777215876.205,276.205,0.56,0.59,0.38,0.39,0.03,0.01,78109.81,1777215874000
1777215876.82,276.82,0.57,0.58,0.42,0.43,0.01,0.01,78109.88,1777215875000
1777215877.373,277.373,0.6,0.61,0.39,0.4,0.01,0.01,78109.88,1777215875000
1777215877.82,277.82,0.61,0.62,0.38,0.39,0.01,0.01,78109.88,1777215876000
1777215878.159,278.159,0.59,0.6,0.4,0.41,0.01,0.01,78110.03,1777215877000
1777215878.531,278.531,0.59,0.6,0.4,0.41,0.01,0.01,78110.03,1777215877000
1777215878.937,278.937,0.59,0.6,0.4,0.41,0.01,0.01,78110.03,1777215877000
1777215879.521,279.521,0.59,0.6,0.4,0.41,0.01,0.01,78109.89,1777215878000
1777215879.945,279.945,0.56,0.57,0.43,0.44,0.01,0.01,78109.89,1777215878000
1777215880.363,280.363,0.56,0.57,0.43,0.44,0.01,0.01,78109.89,1777215879000
1777215880.721,280.721,0.57,0.58,0.4,0.44,0.01,0.04,78109.89,1777215879000
1777215881.088,281.088,0.56,0.57,0.41,0.43,0.01,0.02,78109.89,1777215879000
1777215881.597,281.597,0.54,0.55,0.43,0.44,0.01,0.01,78109.89,1777215880000
1777215881.937,281.937,0.54,0.55,0.45,0.46,0.01,0.01,78109.89,1777215880000
1777215882.312,282.312,0.51,0.52,0.48,0.49,0.01,0.01,78109.34,1777215881000
1777215882.655,282.655,0.51,0.52,0.48,0.49,0.01,0.01,78109.34,1777215881000
1777215883.153,283.153,0.51,0.52,0.48,0.49,0.01,0.01,78109.34,1777215881000
1777215883.531,283.531,0.53,0.54,0.46,0.47,0.01,0.01,78109.35,1777215882000
1777215883.906,283.906,0.53,0.54,0.46,0.47,0.01,0.01,78109.35,1777215882000
1777215884.34,284.34,0.56,0.57,0.39,0.47,0.01,0.08,78109.29,1777215883000
1777215884.677,284.677,0.56,0.57,0.43,0.44,0.01,0.01,78109.29,1777215883000
1777215885.031,285.031,0.56,0.57,0.43,0.44,0.01,0.01,78109.29,1777215883000
1777215885.379,285.379,0.56,0.57,0.43,0.44,0.01,0.01,78109.29,1777215884000
1777215885.767,285.767,0.46,0.57,0.4,0.54,0.11,0.14,78109.29,1777215884000
1777215886.299,286.299,0.49,0.5,0.5,0.51,0.01,0.01,78109.28,1777215885000
1777215886.678,286.678,0.49,0.5,0.5,0.51,0.01,0.01,78109.28,1777215885000
1777215887.133,287.133,0.48,0.49,0.51,0.53,0.01,0.02,78109.28,1777215885000
1777215887.535,287.535,0.48,0.49,0.51,0.52,0.01,0.01,78109.28,1777215886000
1777215888.264,288.264,0.48,0.49,0.51,0.52,0.01,0.01,78109.5,1777215887000
1777215888.746,288.746,0.5,0.52,0.51,0.52,0.02,0.01,78109.5,1777215887000
1777215889.459,289.459,0.53,0.56,0.44,0.47,0.03,0.03,78109.54,1777215888000
1777215889.926,289.926,0.58,0.59,0.45,0.46,0.01,0.01,78109.54,1777215888000
1777215890.27,290.27,0.58,0.59,0.41,0.42,0.01,0.01,78109.54,1777215889000
1777215890.772,290.772,0.73,0.77,0.19,0.44,0.04,0.25,78109.54,1777215889000
1777215891.114,291.114,0.78,0.79,0.2,0.24,0.01,0.04,78109.54,1777215889000
1777215891.47,291.47,0.79,0.8,0.01,0.21,0.01,0.2,78109.42,1777215890000
1777215891.816,291.816,0.63,0.66,0.34,0.37,0.03,0.03,78109.42,1777215890000
1777215892.205,292.205,0.99,0.01,0.99,0.01,-0.98,-0.98,78109.42,1777215890000
1777215892.548,292.548,0.91,0.99,0.07,0.09,0.08,0.02,78109.42,1777215891000
1777215892.905,292.905,0.96,0.97,0.03,0.04,0.01,0.01,78109.42,1777215891000
1777215893.309,293.309,0.99,0.97,0.03,0.01,-0.02,-0.02,78109.42,1777215891000
1777215893.648,293.648,0.99,0.97,0.03,0.01,-0.02,-0.02,78109.35,1777215892000
1777215893.991,293.991,0.99,0.97,0.03,0.01,-0.02,-0.02,78109.35,1777215892000
1777215894.443,294.443,0.99,0.97,0.03,0.01,-0.02,-0.02,78109.43,1777215893000
1777215894.995,294.995,0.99,0.97,0.03,0.01,-0.02,-0.02,78109.43,1777215893000
1777215895.489,295.489,0.96,0.99,0.03,0.04,0.03,0.01,78110.04,1777215894000
1777215895.845,295.845,0.97,0.98,0.02,0.03,0.01,0.01,78110.04,1777215894000
1777215896.204,296.204,0.98,0.99,0.01,0.03,0.01,0.02,78110.04,1777215894000
1777215896.615,296.615,0.99,0.99,0.01,0.02,0.0,0.01,78110.26,1777215895000
1777215897.145,297.145,0.99,0.99,0.01,0.01,0.0,0.0,78110.26,1777215896000
1777215897.563,297.563,0.99,0.99,0.01,0.01,0.0,0.0,78110.26,1777215896000
1777215898.016,298.016,0.99,0.99,0.01,0.01,0.0,0.0,78110.26,1777215896000
1777215898.521,298.521,0.99,0.99,0.01,0.01,0.0,0.0,78110.34,1777215897000
1777215898.942,298.942,0.99,0.99,0.01,0.01,0.0,0.0,78110.34,1777215897000
1777215899.314,299.314,0.99,0.99,0.01,0.01,0.0,0.0,78110.34,1777215898000
1777215899.676,299.676,0.99,0.99,0.01,0.01,0.0,0.0,78110.34,1777215898000
1777215900.022,300.022,0.99,0.99,0.01,0.01,0.0,0.0,78110.34,1777215898000
1777215900.424,300.424,0.99,0.99,0.01,0.01,0.0,0.0,78110.34,1777215898000
1777215900.911,300.911,0.99,0.99,0.01,0.01,0.0,0.0,78110.1,1777215899000
1777215902.181,302.181,0.99,0.99,0.01,0.01,0.0,0.0,78109.64,1777215901000

# RESULT,winner=Up,slug=btc-updown-5m-1777215600,ticks=661
