timestamp,elapsed_sec,up_bid,up_ask,down_bid,down_ask,up_spread,down_spread,btc_price
1775810700.61,0.61,0.5,0.51,0.49,0.5,0.01,0.01,71707.36
1775810701.106,1.106,0.5,0.51,0.49,0.5,0.01,0.01,71707.36
1775810701.491,1.491,0.5,0.51,0.49,0.5,0.01,0.01,71704.76
1775810702.166,2.166,0.5,0.51,0.49,0.5,0.01,0.01,71704.76
1775810702.535,2.535,0.51,0.52,0.48,0.5,0.01,0.02,71707.43
1775810702.898,2.898,0.51,0.52,0.48,0.49,0.01,0.01,71707.43
1775810703.397,3.397,0.51,0.52,0.48,0.49,0.01,0.01,71707.43
1775810703.848,3.848,0.51,0.52,0.48,0.49,0.01,0.01,71704.87
1775810704.384,4.384,0.52,0.53,0.47,0.49,0.01,0.02,71704.87
1775810704.763,4.763,0.52,0.53,0.47,0.48,0.01,0.01,71705.5
1775810705.14,5.14,0.51,0.53,0.47,0.48,0.02,0.01,71709.92
1775810705.732,5.732,0.52,0.53,0.47,0.48,0.01,0.01,71709.92
1775810706.116,6.116,0.52,0.53,0.47,0.48,0.01,0.01,71710
1775810706.503,6.503,0.52,0.53,0.47,0.48,0.01,0.01,71710
1775810706.875,6.875,0.52,0.53,0.47,0.48,0.01,0.01,71710
1775810707.252,7.252,0.52,0.53,0.47,0.48,0.01,0.01,71706.59
1775810707.604,7.604,0.52,0.53,0.47,0.48,0.01,0.01,71706.59
1775810707.97,7.97,0.52,0.53,0.47,0.48,0.01,0.01,71706.59
1775810708.359,8.359,0.51,0.53,0.47,0.5,0.02,0.03,71706.58
1775810708.762,8.762,0.51,0.52,0.48,0.49,0.01,0.01,71706.58
1775810709.112,9.112,0.51,0.52,0.48,0.49,0.01,0.01,71706.58
1775810709.463,9.463,0.51,0.52,0.48,0.49,0.01,0.01,71706.53
1775810709.808,9.808,0.51,0.52,0.48,0.49,0.01,0.01,71706.53
1775810710.265,10.265,0.51,0.52,0.48,0.49,0.01,0.01,71706.41
1775810710.609,10.609,0.51,0.52,0.48,0.49,0.01,0.01,71706.41
1775810711.07,11.07,0.51,0.52,0.48,0.49,0.01,0.01,71706.41
1775810711.483,11.483,0.51,0.52,0.48,0.49,0.01,0.01,71706.5
1775810712.041,12.041,0.51,0.52,0.48,0.49,0.01,0.01,71706.5
1775810712.413,12.413,0.5,0.51,0.49,0.5,0.01,0.01,71705.68
1775810712.799,12.799,0.5,0.51,0.49,0.5,0.01,0.01,71705.68
1775810713.166,13.166,0.5,0.51,0.49,0.5,0.01,0.01,71705.1
1775810713.836,13.836,0.5,0.51,0.49,0.5,0.01,0.01,71705.1
1775810714.174,14.174,0.5,0.51,0.49,0.5,0.01,0.01,71705.1
1775810714.555,14.555,0.5,0.51,0.49,0.5,0.01,0.01,71704.14
1775810715.23,15.23,0.5,0.51,0.49,0.5,0.01,0.01,71704.14
1775810715.706,15.706,0.35,0.36,0.64,0.66,0.01,0.02,71703.27
1775810716.064,16.064,0.35,0.36,0.64,0.65,0.01,0.01,71703.27
1775810716.418,16.418,0.35,0.36,0.64,0.65,0.01,0.01,71703.27
1775810716.779,16.779,0.36,0.37,0.63,0.64,0.01,0.01,71699.83
1775810717.275,17.275,0.36,0.37,0.63,0.64,0.01,0.01,71698.59
1775810717.631,17.631,0.36,0.37,0.63,0.64,0.01,0.01,71698.59
1775810717.975,17.975,0.36,0.37,0.63,0.64,0.01,0.01,71698.59
1775810718.309,18.309,0.37,0.38,0.62,0.64,0.01,0.02,71690.12
1775810718.679,18.679,0.38,0.39,0.61,0.63,0.01,0.02,71690.12
1775810719.225,19.225,0.38,0.39,0.61,0.62,0.01,0.01,71690.12
1775810719.575,19.575,0.37,0.38,0.61,0.63,0.01,0.02,71690.12
1775810719.945,19.945,0.37,0.38,0.62,0.63,0.01,0.01,71689.81
1775810720.418,20.418,0.37,0.38,0.62,0.63,0.01,0.01,71690.0
1775810720.779,20.779,0.36,0.37,0.63,0.64,0.01,0.01,71690.0
1775810721.238,21.238,0.36,0.37,0.63,0.64,0.01,0.01,71690.0
1775810721.591,21.591,0.36,0.37,0.63,0.64,0.01,0.01,71690.04
1775810721.933,21.933,0.36,0.37,0.63,0.64,0.01,0.01,71690.04
1775810722.31,22.31,0.36,0.37,0.63,0.64,0.01,0.01,71690.04
1775810722.675,22.675,0.37,0.39,0.62,0.63,0.02,0.01,71687.11
1775810723.033,23.033,0.37,0.38,0.6,0.63,0.01,0.03,71686.89
1775810723.499,23.499,0.38,0.39,0.61,0.62,0.01,0.01,71686.89
1775810723.984,23.984,0.38,0.39,0.61,0.62,0.01,0.01,71686.89
1775810724.332,24.332,0.39,0.41,0.56,0.61,0.02,0.05,71686.89
1775810724.691,24.691,0.43,0.46,0.54,0.57,0.03,0.03,71686.89
1775810725.043,25.043,0.44,0.45,0.55,0.56,0.01,0.01,71686.89
1775810725.397,25.397,0.44,0.45,0.55,0.56,0.01,0.01,71686.89
1775810725.816,25.816,0.44,0.45,0.55,0.56,0.01,0.01,71686.89
1775810726.168,26.168,0.45,0.48,0.52,0.55,0.03,0.03,71691.4
1775810726.578,26.578,0.47,0.48,0.52,0.53,0.01,0.01,71691.4
1775810726.911,26.911,0.47,0.48,0.52,0.53,0.01,0.01,71691.4
1775810727.413,27.413,0.47,0.48,0.52,0.53,0.01,0.01,71691.4
1775810728.032,28.032,0.47,0.48,0.52,0.53,0.01,0.01,71692.99
1775810728.624,28.624,0.46,0.47,0.52,0.54,0.01,0.02,71692.99
1775810728.984,28.984,0.46,0.47,0.53,0.54,0.01,0.01,71692.99
1775810729.607,29.607,0.48,0.49,0.51,0.53,0.01,0.02,71693.64
1775810729.965,29.965,0.48,0.49,0.51,0.52,0.01,0.01,71693.64
1775810730.399,30.399,0.48,0.49,0.51,0.52,0.01,0.01,71693.71
1775810730.777,30.777,0.48,0.49,0.51,0.52,0.01,0.01,71693.71
1775810731.192,31.192,0.48,0.49,0.51,0.52,0.01,0.01,71693.71
1775810731.546,31.546,0.48,0.49,0.51,0.52,0.01,0.01,71694.17
1775810731.894,31.894,0.48,0.49,0.51,0.52,0.01,0.01,71694.17
1775810732.228,32.228,0.48,0.49,0.51,0.52,0.01,0.01,71694.17
1775810732.712,32.712,0.47,0.48,0.52,0.53,0.01,0.01,71695.31
1775810733.214,33.214,0.47,0.48,0.52,0.53,0.01,0.01,71695.31
1775810733.828,33.828,0.47,0.48,0.52,0.53,0.01,0.01,71695.31
1775810734.271,34.271,0.47,0.48,0.52,0.53,0.01,0.01,71695.02
1775810734.974,34.974,0.47,0.48,0.52,0.53,0.01,0.01,71695.02
1775810735.672,35.672,0.48,0.49,0.5,0.53,0.01,0.03,71695.02
1775810736.272,36.272,0.48,0.49,0.51,0.52,0.01,0.01,71695.02
1775810736.675,36.675,0.48,0.49,0.51,0.52,0.01,0.01,71695.02
1775810737.01,37.01,0.48,0.49,0.51,0.52,0.01,0.01,71695.02
1775810737.353,37.353,0.49,0.5,0.5,0.51,0.01,0.01,71695.06
1775810737.826,37.826,0.49,0.5,0.5,0.51,0.01,0.01,71695.06
1775810738.245,38.245,0.49,0.5,0.5,0.51,0.01,0.01,71695.06
1775810738.766,38.766,0.49,0.5,0.5,0.51,0.01,0.01,71695.07
1775810739.374,39.374,0.49,0.5,0.5,0.51,0.01,0.01,71695.07
1775810739.818,39.818,0.49,0.5,0.5,0.51,0.01,0.01,71695.07
1775810740.157,40.157,0.49,0.5,0.5,0.51,0.01,0.01,71695.07
1775810740.53,40.53,0.49,0.5,0.5,0.51,0.01,0.01,71695.07
1775810740.987,40.987,0.49,0.5,0.5,0.51,0.01,0.01,71695.07
1775810741.338,41.338,0.49,0.5,0.5,0.51,0.01,0.01,71700.99
1775810741.687,41.687,0.49,0.5,0.5,0.51,0.01,0.01,71700.99
1775810742.028,42.028,0.49,0.5,0.5,0.51,0.01,0.01,71700.99
1775810742.373,42.373,0.49,0.5,0.5,0.51,0.01,0.01,71700.99
1775810742.763,42.763,0.49,0.5,0.5,0.51,0.01,0.01,71700.99
1775810743.148,43.148,0.49,0.5,0.5,0.51,0.01,0.01,71700.99
1775810743.501,43.501,0.49,0.5,0.5,0.51,0.01,0.01,71700.99
1775810744.264,44.264,0.52,0.53,0.47,0.51,0.01,0.04,71700.99
1775810744.674,44.674,0.52,0.53,0.47,0.48,0.01,0.01,71700.99
1775810745.086,45.086,0.53,0.54,0.45,0.48,0.01,0.03,71700.99
1775810745.419,45.419,0.53,0.54,0.46,0.47,0.01,0.01,71700.99
1775810746.119,46.119,0.53,0.55,0.46,0.47,0.02,0.01,71700.99
1775810746.468,46.468,0.55,0.56,0.43,0.45,0.01,0.02,71700.99
1775810746.847,46.847,0.55,0.56,0.44,0.45,0.01,0.01,71704.03
1775810747.303,47.303,0.55,0.56,0.44,0.45,0.01,0.01,71704.03
1775810747.786,47.786,0.55,0.6,0.44,0.45,0.05,0.01,71705.18
1775810748.126,48.126,0.58,0.59,0.41,0.42,0.01,0.01,71704.23
1775810748.471,48.471,0.58,0.59,0.41,0.42,0.01,0.01,71704.23
1775810749.065,49.065,0.58,0.59,0.41,0.42,0.01,0.01,71704.23
1775810749.77,49.77,0.58,0.59,0.41,0.42,0.01,0.01,71704.23
1775810750.257,50.257,0.58,0.59,0.41,0.42,0.01,0.01,71704.23
1775810750.775,50.775,0.59,0.6,0.4,0.42,0.01,0.02,71704.23
1775810751.143,51.143,0.59,0.6,0.4,0.41,0.01,0.01,71704.23
1775810751.484,51.484,0.59,0.6,0.4,0.41,0.01,0.01,71704.23
1775810751.919,51.919,0.59,0.6,0.4,0.41,0.01,0.01,71704.23
1775810752.305,52.305,0.59,0.6,0.4,0.41,0.01,0.01,71704.23
1775810752.698,52.698,0.59,0.6,0.4,0.41,0.01,0.01,71704.23
1775810753.145,53.145,0.59,0.6,0.4,0.41,0.01,0.01,71704.23
1775810753.731,53.731,0.59,0.6,0.4,0.41,0.01,0.01,71704.12
1775810754.145,54.145,0.59,0.6,0.4,0.41,0.01,0.01,71704.12
1775810754.52,54.52,0.59,0.6,0.4,0.41,0.01,0.01,71704.12
1775810754.949,54.949,0.58,0.59,0.4,0.42,0.01,0.02,71704.12
1775810755.319,55.319,0.58,0.59,0.41,0.42,0.01,0.01,71704.23
1775810755.716,55.716,0.58,0.59,0.41,0.42,0.01,0.01,71704.23
1775810756.185,56.185,0.58,0.59,0.41,0.42,0.01,0.01,71704.23
1775810757.177,57.177,0.58,0.59,0.41,0.42,0.01,0.01,71704.23
1775810757.525,57.525,0.58,0.59,0.41,0.42,0.01,0.01,71704.23
1775810758.187,58.187,0.58,0.59,0.41,0.42,0.01,0.01,71704.23
1775810759.438,59.438,0.56,0.59,0.41,0.42,0.03,0.01,71703.68
1775810759.8,59.8,0.58,0.6,0.41,0.43,0.02,0.02,71703.68
1775810760.154,60.154,0.59,0.6,0.4,0.41,0.01,0.01,71703.68
1775810760.529,60.529,0.59,0.6,0.4,0.41,0.01,0.01,71703.66
1775810761.039,61.039,0.59,0.6,0.4,0.41,0.01,0.01,71703.66
1775810761.377,61.377,0.59,0.6,0.4,0.41,0.01,0.01,71704.77
1775810762.174,62.174,0.59,0.6,0.4,0.41,0.01,0.01,71704.77
1775810762.553,62.553,0.59,0.6,0.4,0.41,0.01,0.01,71704.77
1775810762.902,62.902,0.57,0.58,0.42,0.43,0.01,0.01,71704.77
1775810763.272,63.272,0.57,0.58,0.42,0.43,0.01,0.01,71704.77
1775810763.627,63.627,0.57,0.58,0.42,0.43,0.01,0.01,71705.34
1775810763.961,63.961,0.57,0.58,0.42,0.43,0.01,0.01,71705.34
1775810764.31,64.31,0.57,0.58,0.42,0.43,0.01,0.01,71705.34
1775810764.701,64.701,0.56,0.58,0.42,0.43,0.02,0.01,71705.34
1775810765.144,65.144,0.56,0.57,0.43,0.44,0.01,0.01,71705.34
1775810765.761,65.761,0.56,0.57,0.43,0.44,0.01,0.01,71705.56
1775810766.274,66.274,0.56,0.57,0.43,0.44,0.01,0.01,71705.56
1775810766.854,66.854,0.56,0.57,0.43,0.44,0.01,0.01,71705.56
1775810767.387,67.387,0.56,0.57,0.43,0.44,0.01,0.01,71705.63
1775810767.733,67.733,0.52,0.53,0.44,0.46,0.01,0.02,71705.63
1775810768.221,68.221,0.5,0.52,0.48,0.5,0.02,0.02,71705.72
1775810768.625,68.625,0.5,0.51,0.49,0.5,0.01,0.01,71705.72
1775810769.099,69.099,0.5,0.51,0.49,0.5,0.01,0.01,71705.72
1775810769.667,69.667,0.5,0.51,0.49,0.5,0.01,0.01,71702.21
1775810770.595,70.595,0.5,0.51,0.49,0.5,0.01,0.01,71702.21
1775810771.001,71.001,0.49,0.51,0.49,0.5,0.02,0.01,71702.21
1775810771.377,71.377,0.49,0.5,0.5,0.51,0.01,0.01,71702.21
1775810772.067,72.067,0.49,0.51,0.5,0.51,0.02,0.01,71702.21
1775810772.418,72.418,0.5,0.51,0.49,0.5,0.01,0.01,71702.22
1775810773.654,73.654,0.5,0.51,0.49,0.5,0.01,0.01,71702.22
1775810774.116,74.116,0.49,0.5,0.49,0.51,0.01,0.02,71702.22
1775810774.619,74.619,0.49,0.5,0.5,0.51,0.01,0.01,71702.22
1775810775.341,75.341,0.49,0.5,0.5,0.51,0.01,0.01,71702.22
1775810775.935,75.935,0.49,0.5,0.5,0.51,0.01,0.01,71702.22
1775810776.471,76.471,0.49,0.5,0.5,0.51,0.01,0.01,71702.23
1775810776.874,76.874,0.49,0.5,0.5,0.51,0.01,0.01,71702.23
1775810777.369,77.369,0.49,0.5,0.5,0.51,0.01,0.01,71702.22
1775810777.853,77.853,0.49,0.5,0.5,0.51,0.01,0.01,71702.22
1775810778.316,78.316,0.49,0.5,0.5,0.51,0.01,0.01,71702.22
1775810778.921,78.921,0.49,0.5,0.5,0.51,0.01,0.01,71702.22
1775810779.317,79.317,0.49,0.5,0.5,0.51,0.01,0.01,71702.22
1775810779.688,79.688,0.49,0.5,0.5,0.51,0.01,0.01,71702.22
1775810780.239,80.239,0.49,0.5,0.5,0.51,0.01,0.01,71702.22
1775810780.965,80.965,0.49,0.5,0.5,0.51,0.01,0.01,71702.22
1775810781.592,81.592,0.49,0.5,0.5,0.51,0.01,0.01,71702.23
1775810782.029,82.029,0.49,0.5,0.5,0.51,0.01,0.01,71702.23
1775810782.505,82.505,0.49,0.5,0.5,0.51,0.01,0.01,71702.23
1775810782.948,82.948,0.49,0.5,0.5,0.51,0.01,0.01,71702.23
1775810783.636,83.636,0.49,0.5,0.47,0.51,0.01,0.04,71702.23
1775810784.184,84.184,0.49,0.5,0.5,0.51,0.01,0.01,71702.19
1775810784.706,84.706,0.49,0.5,0.5,0.51,0.01,0.01,71702.19
1775810785.045,85.045,0.49,0.5,0.5,0.51,0.01,0.01,71700.46
1775810785.415,85.415,0.5,0.51,0.49,0.5,0.01,0.01,71700.46
1775810785.791,85.791,0.5,0.51,0.49,0.5,0.01,0.01,71700.46
1775810786.52,86.52,0.5,0.51,0.49,0.5,0.01,0.01,71701.02
1775810786.89,86.89,0.5,0.51,0.49,0.5,0.01,0.01,71701.02
1775810787.269,87.269,0.5,0.51,0.49,0.5,0.01,0.01,71700.57
1775810787.862,87.862,0.5,0.51,0.49,0.5,0.01,0.01,71700.57
1775810788.421,88.421,0.49,0.51,0.49,0.5,0.02,0.01,71700.57
1775810788.76,88.76,0.45,0.47,0.53,0.54,0.02,0.01,71699.97
1775810789.519,89.519,0.46,0.47,0.53,0.54,0.01,0.01,71699.97
1775810789.873,89.873,0.46,0.47,0.53,0.54,0.01,0.01,71699.97
1775810790.264,90.264,0.46,0.47,0.53,0.54,0.01,0.01,71699.97
1775810790.677,90.677,0.46,0.47,0.53,0.54,0.01,0.01,71697.26
1775810791.108,91.108,0.46,0.47,0.53,0.54,0.01,0.01,71697.26
1775810791.779,91.779,0.46,0.47,0.53,0.54,0.01,0.01,71697.26
1775810792.175,92.175,0.46,0.47,0.53,0.54,0.01,0.01,71697.26
1775810793.202,93.202,0.46,0.47,0.53,0.54,0.01,0.01,71697.26
1775810793.753,93.753,0.46,0.47,0.53,0.54,0.01,0.01,71697.26
1775810794.466,94.466,0.47,0.48,0.53,0.54,0.01,0.01,71697.26
1775810795.155,95.155,0.47,0.48,0.52,0.53,0.01,0.01,71697.59
1775810796.389,96.389,0.47,0.48,0.52,0.53,0.01,0.01,71697.43
1775810796.796,96.796,0.47,0.49,0.52,0.53,0.02,0.01,71697.26
1775810797.181,97.181,0.49,0.5,0.5,0.52,0.01,0.02,71697.26
1775810797.794,97.794,0.49,0.5,0.5,0.51,0.01,0.01,71697.26
1775810799.326,99.326,0.49,0.5,0.5,0.51,0.01,0.01,71697.81
1775810799.744,99.744,0.49,0.5,0.5,0.51,0.01,0.01,71699.57
1775810800.494,100.494,0.49,0.5,0.5,0.51,0.01,0.01,71698.76
1775810801.157,101.157,0.49,0.5,0.5,0.51,0.01,0.01,71698.76
1775810801.68,101.68,0.49,0.5,0.5,0.51,0.01,0.01,71698.76
1775810802.148,102.148,0.56,0.57,0.42,0.45,0.01,0.03,71698.76
1775810802.546,102.546,0.61,0.62,0.39,0.4,0.01,0.01,71698.76
1775810802.998,102.998,0.62,0.63,0.37,0.38,0.01,0.01,71698.76
1775810803.377,103.377,0.62,0.64,0.37,0.38,0.02,0.01,71704.8
1775810803.944,103.944,0.64,0.65,0.35,0.37,0.01,0.02,71704.8
1775810804.398,104.398,0.64,0.65,0.35,0.36,0.01,0.01,71710.31
1775810804.963,104.963,0.64,0.65,0.35,0.36,0.01,0.01,71710.31
1775810805.354,105.354,0.66,0.67,0.33,0.36,0.01,0.03,71710.31
1775810805.738,105.738,0.66,0.67,0.33,0.34,0.01,0.01,71710.71
1775810806.134,106.134,0.66,0.67,0.33,0.34,0.01,0.01,71710.71
1775810806.544,106.544,0.66,0.67,0.33,0.34,0.01,0.01,71711.81
1775810806.92,106.92,0.66,0.67,0.33,0.34,0.01,0.01,71711.81
1775810807.253,107.253,0.66,0.67,0.33,0.34,0.01,0.01,71711.81
1775810807.633,107.633,0.66,0.67,0.33,0.34,0.01,0.01,71717.01
1775810808.138,108.138,0.66,0.67,0.33,0.34,0.01,0.01,71717.15
1775810808.751,108.751,0.66,0.67,0.33,0.34,0.01,0.01,71717.15
1775810809.189,109.189,0.66,0.67,0.33,0.34,0.01,0.01,71718.41
1775810809.776,109.776,0.67,0.68,0.32,0.34,0.01,0.02,71718.41
1775810810.277,110.277,0.67,0.68,0.32,0.33,0.01,0.01,71719.04
1775810810.762,110.762,0.67,0.68,0.32,0.33,0.01,0.01,71719.04
1775810811.299,111.299,0.67,0.68,0.32,0.33,0.01,0.01,71718.13
1775810812.214,112.214,0.67,0.68,0.32,0.33,0.01,0.01,71718.57
1775810812.608,112.608,0.67,0.68,0.32,0.33,0.01,0.01,71718.57
1775810813.076,113.076,0.67,0.68,0.32,0.33,0.01,0.01,71719.78
1775810813.53,113.53,0.65,0.66,0.33,0.35,0.01,0.02,71719.78
1775810814.009,114.009,0.65,0.66,0.34,0.35,0.01,0.01,71719.78
1775810814.578,114.578,0.65,0.66,0.34,0.35,0.01,0.01,71719.78
1775810815.008,115.008,0.65,0.66,0.34,0.35,0.01,0.01,71719.78
1775810815.371,115.371,0.65,0.66,0.34,0.35,0.01,0.01,71718.31
1775810815.802,115.802,0.65,0.66,0.34,0.35,0.01,0.01,71718.31
1775810816.377,116.377,0.65,0.66,0.34,0.35,0.01,0.01,71717.48
1775810817.208,117.208,0.65,0.66,0.34,0.35,0.01,0.01,71716.78
1775810817.543,117.543,0.65,0.66,0.34,0.35,0.01,0.01,71716.78
1775810818.227,118.227,0.65,0.66,0.34,0.35,0.01,0.01,71717.95
1775810818.674,118.674,0.65,0.66,0.34,0.35,0.01,0.01,71717.95
1775810819.268,119.268,0.66,0.67,0.33,0.34,0.01,0.01,71717.95
1775810819.702,119.702,0.66,0.67,0.33,0.34,0.01,0.01,71718.29
1775810820.728,120.728,0.66,0.67,0.33,0.34,0.01,0.01,71717.91
1775810821.133,121.133,0.66,0.67,0.33,0.34,0.01,0.01,71718.79
1775810821.743,121.743,0.66,0.67,0.33,0.34,0.01,0.01,71718.79
1775810822.14,122.14,0.66,0.67,0.33,0.34,0.01,0.01,71719.7
1775810822.539,122.539,0.66,0.67,0.33,0.34,0.01,0.01,71719.7
1775810822.917,122.917,0.66,0.67,0.33,0.34,0.01,0.01,71719.7
1775810823.703,123.703,0.66,0.67,0.33,0.34,0.01,0.01,71718.44
1775810824.219,124.219,0.66,0.67,0.33,0.34,0.01,0.01,71718.14
1775810824.723,124.723,0.66,0.67,0.33,0.34,0.01,0.01,71718.14
1775810825.45,125.45,0.66,0.68,0.33,0.34,0.02,0.01,71717.8
1775810825.825,125.825,0.67,0.68,0.32,0.33,0.01,0.01,71717.8
1775810826.527,126.527,0.67,0.68,0.32,0.33,0.01,0.01,71719.07
1775810826.865,126.865,0.67,0.68,0.32,0.33,0.01,0.01,71719.07
1775810827.238,127.238,0.67,0.68,0.32,0.33,0.01,0.01,71718.04
1775810828.507,128.507,0.67,0.68,0.32,0.33,0.01,0.01,71719.05
1775810829.045,129.045,0.67,0.69,0.32,0.33,0.02,0.01,71719.05
1775810829.394,129.394,0.68,0.69,0.31,0.32,0.01,0.01,71718.94
1775810829.773,129.773,0.68,0.69,0.31,0.32,0.01,0.01,71718.94
1775810830.266,130.266,0.68,0.69,0.31,0.32,0.01,0.01,71719.38
1775810831.136,131.136,0.67,0.69,0.31,0.32,0.02,0.01,71719.38
1775810831.575,131.575,0.66,0.67,0.32,0.33,0.01,0.01,71718.95
1775810831.91,131.91,0.65,0.67,0.33,0.34,0.02,0.01,71718.95
1775810832.34,132.34,0.65,0.66,0.34,0.35,0.01,0.01,71718.95
1775810833.252,133.252,0.65,0.66,0.34,0.35,0.01,0.01,71718.61
1775810833.635,133.635,0.51,0.59,0.41,0.48,0.08,0.07,71717.4
1775810834.022,134.022,0.5,0.52,0.47,0.5,0.02,0.03,71716.76
1775810834.378,134.378,0.51,0.52,0.48,0.49,0.01,0.01,71716.76
1775810834.77,134.77,0.51,0.52,0.48,0.49,0.01,0.01,71716.76
1775810835.129,135.129,0.51,0.52,0.48,0.49,0.01,0.01,71716.76
1775810835.475,135.475,0.51,0.52,0.48,0.49,0.01,0.01,71708.26
1775810835.818,135.818,0.51,0.52,0.48,0.49,0.01,0.01,71708.26
1775810836.426,136.426,0.5,0.52,0.48,0.49,0.02,0.01,71705.14
1775810836.995,136.995,0.5,0.51,0.49,0.5,0.01,0.01,71705.14
1775810837.936,137.936,0.5,0.51,0.49,0.5,0.01,0.01,71704.71
1775810838.498,138.498,0.5,0.51,0.49,0.5,0.01,0.01,71704.71
1775810839.217,139.217,0.5,0.51,0.49,0.5,0.01,0.01,71704.6
1775810839.601,139.601,0.5,0.51,0.49,0.5,0.01,0.01,71704.6
1775810839.968,139.968,0.5,0.51,0.49,0.5,0.01,0.01,71704.6
1775810840.36,140.36,0.5,0.51,0.49,0.5,0.01,0.01,71704.6
1775810841.011,141.011,0.5,0.51,0.49,0.5,0.01,0.01,71704.43
1775810841.444,141.444,0.49,0.5,0.5,0.51,0.01,0.01,71704.43
1775810841.834,141.834,0.49,0.5,0.5,0.51,0.01,0.01,71704.43
1775810842.292,142.292,0.49,0.5,0.5,0.51,0.01,0.01,71704.43
1775810842.648,142.648,0.48,0.49,0.51,0.52,0.01,0.01,71703.32
1775810843.157,143.157,0.48,0.49,0.51,0.52,0.01,0.01,71703.19
1775810843.509,143.509,0.48,0.49,0.51,0.52,0.01,0.01,71703.19
1775810843.867,143.867,0.48,0.49,0.51,0.52,0.01,0.01,71703.19
1775810844.222,144.222,0.48,0.49,0.51,0.52,0.01,0.01,71703.19
1775810845.004,145.004,0.47,0.48,0.51,0.53,0.01,0.02,71703.02
1775810845.417,145.417,0.47,0.48,0.52,0.53,0.01,0.01,71703.15
1775810846.225,146.225,0.47,0.48,0.52,0.53,0.01,0.01,71703.15
1775810847.01,147.01,0.47,0.48,0.52,0.53,0.01,0.01,71702.85
1775810847.904,147.904,0.47,0.48,0.52,0.53,0.01,0.01,71702.68
1775810849.007,149.007,0.47,0.48,0.52,0.53,0.01,0.01,71702.63
1775810849.765,149.765,0.47,0.48,0.52,0.53,0.01,0.01,71702.63
1775810850.187,150.187,0.47,0.48,0.52,0.53,0.01,0.01,71702.63
1775810850.639,150.639,0.47,0.48,0.52,0.53,0.01,0.01,71702.63
1775810850.987,150.987,0.47,0.48,0.52,0.53,0.01,0.01,71702.63
1775810851.35,151.35,0.45,0.46,0.54,0.55,0.01,0.01,71702.65
1775810851.817,151.817,0.41,0.42,0.57,0.59,0.01,0.02,71702.65
1775810852.18,152.18,0.41,0.42,0.58,0.59,0.01,0.01,71702.65
1775810852.653,152.653,0.41,0.42,0.58,0.59,0.01,0.01,71701.97
1775810853.113,153.113,0.41,0.42,0.58,0.59,0.01,0.01,71701.97
1775810853.629,153.629,0.41,0.42,0.58,0.59,0.01,0.01,71701.97
1775810853.98,153.98,0.4,0.41,0.59,0.6,0.01,0.01,71698.12
1775810854.44,154.44,0.38,0.4,0.6,0.61,0.02,0.01,71696.72
1775810854.874,154.874,0.37,0.39,0.61,0.62,0.02,0.01,71696.72
1775810855.252,155.252,0.37,0.38,0.62,0.64,0.01,0.02,71696.72
1775810855.586,155.586,0.35,0.36,0.64,0.65,0.01,0.01,71695.13
1775810856.054,156.054,0.35,0.36,0.64,0.65,0.01,0.01,71693.26
1775810856.399,156.399,0.35,0.36,0.64,0.65,0.01,0.01,71693.26
1775810856.936,156.936,0.35,0.36,0.64,0.65,0.01,0.01,71693.26
1775810857.443,157.443,0.35,0.36,0.64,0.65,0.01,0.01,71692.6
1775810857.863,157.863,0.35,0.36,0.64,0.65,0.01,0.01,71692.6
1775810858.196,158.196,0.35,0.36,0.64,0.65,0.01,0.01,71692.6
1775810858.566,158.566,0.35,0.36,0.64,0.65,0.01,0.01,71692.6
1775810859.083,159.083,0.35,0.36,0.64,0.65,0.01,0.01,71691.38
1775810859.562,159.562,0.35,0.36,0.64,0.65,0.01,0.01,71691.38
1775810860.271,160.271,0.35,0.36,0.64,0.65,0.01,0.01,71689.57
1775810860.607,160.607,0.24,0.29,0.71,0.76,0.05,0.05,71689.57
1775810860.982,160.982,0.18,0.22,0.78,0.83,0.04,0.05,71689.57
1775810861.346,161.346,0.17,0.19,0.81,0.87,0.02,0.06,71689.57
1775810861.686,161.686,0.18,0.19,0.81,0.82,0.01,0.01,71689.53
1775810862.035,162.035,0.12,0.14,0.86,0.88,0.02,0.02,71683.93
1775810862.375,162.375,0.11,0.12,0.88,0.89,0.01,0.01,71683.93
1775810862.714,162.714,0.09,0.11,0.89,0.9,0.02,0.01,71683.93
1775810863.058,163.058,0.08,0.1,0.9,0.92,0.02,0.02,71683.93
1775810863.405,163.405,0.08,0.09,0.91,0.92,0.01,0.01,71637.03
1775810863.746,163.746,0.08,0.09,0.91,0.92,0.01,0.01,71637.03
1775810864.179,164.179,0.08,0.09,0.91,0.92,0.01,0.01,71637.03
1775810864.527,164.527,0.07,0.08,0.92,0.93,0.01,0.01,71630.46
1775810864.872,164.872,0.07,0.08,0.92,0.94,0.01,0.02,71630.46
1775810865.241,165.241,0.06,0.07,0.93,0.94,0.01,0.01,71630.46
1775810865.576,165.576,0.06,0.07,0.93,0.94,0.01,0.01,71623.84
1775810865.917,165.917,0.07,0.08,0.92,0.93,0.01,0.01,71623.84
1775810866.34,166.34,0.06,0.07,0.92,0.94,0.01,0.02,71617.98
1775810866.937,166.937,0.05,0.06,0.93,0.95,0.01,0.02,71617.98
1775810867.67,167.67,0.05,0.06,0.94,0.95,0.01,0.01,71611.01
1775810868.013,168.013,0.05,0.06,0.94,0.95,0.01,0.01,71611.01
1775810868.368,168.368,0.05,0.06,0.94,0.95,0.01,0.01,71611.01
1775810868.812,168.812,0.04,0.05,0.94,0.96,0.01,0.02,71610.79
1775810869.162,169.162,0.03,0.04,0.96,0.97,0.01,0.01,71610.79
1775810869.545,169.545,0.03,0.04,0.96,0.97,0.01,0.01,71609.94
1775810869.918,169.918,0.03,0.04,0.96,0.97,0.01,0.01,71609.94
1775810870.267,170.267,0.03,0.04,0.96,0.97,0.01,0.01,71609.94
1775810870.614,170.614,0.03,0.04,0.96,0.97,0.01,0.01,71609.94
1775810870.995,170.995,0.03,0.04,0.96,0.97,0.01,0.01,71590.53
1775810871.346,171.346,0.03,0.04,0.96,0.97,0.01,0.01,71588.74
1775810871.741,171.741,0.03,0.04,0.96,0.97,0.01,0.01,71588.74
1775810872.088,172.088,0.03,0.04,0.96,0.97,0.01,0.01,71588.74
1775810872.501,172.501,0.03,0.04,0.96,0.97,0.01,0.01,71588.74
1775810872.925,172.925,0.03,0.04,0.96,0.97,0.01,0.01,71588.19
1775810873.289,173.289,0.03,0.04,0.96,0.97,0.01,0.01,71588.19
1775810873.624,173.624,0.03,0.04,0.96,0.97,0.01,0.01,71588.19
1775810873.97,173.97,0.03,0.04,0.96,0.97,0.01,0.01,71588.19
1775810874.306,174.306,0.03,0.04,0.96,0.97,0.01,0.01,71588.19
1775810874.703,174.703,0.03,0.04,0.96,0.97,0.01,0.01,71587.41
1775810875.142,175.142,0.03,0.04,0.96,0.97,0.01,0.01,71590.24
1775810875.482,175.482,0.03,0.04,0.96,0.97,0.01,0.01,71590.24
1775810875.951,175.951,0.03,0.04,0.96,0.97,0.01,0.01,71590.24
1775810876.329,176.329,0.03,0.04,0.96,0.97,0.01,0.01,71590.24
1775810876.699,176.699,0.03,0.04,0.96,0.97,0.01,0.01,71588.86
1775810877.034,177.034,0.03,0.04,0.96,0.97,0.01,0.01,71588.86
1775810877.464,177.464,0.03,0.04,0.96,0.97,0.01,0.01,71588.54
1775810878.026,178.026,0.03,0.04,0.96,0.97,0.01,0.01,71588.54
1775810878.394,178.394,0.03,0.04,0.96,0.97,0.01,0.01,71587.56
1775810878.732,178.732,0.02,0.04,0.96,0.97,0.02,0.01,71587.56
1775810879.144,179.144,0.02,0.03,0.97,0.98,0.01,0.01,71587.56
1775810879.489,179.489,0.02,0.03,0.97,0.98,0.01,0.01,71587.56
1775810879.937,179.937,0.03,0.04,0.96,0.97,0.01,0.01,71586.7
1775810880.339,180.339,0.03,0.04,0.96,0.97,0.01,0.01,71583.94
1775810880.689,180.689,0.02,0.03,0.96,0.98,0.01,0.02,71583.94
1775810881.176,181.176,0.02,0.03,0.97,0.98,0.01,0.01,71583.94
1775810881.518,181.518,0.02,0.03,0.97,0.98,0.01,0.01,71575.78
1775810881.928,181.928,0.02,0.03,0.97,0.98,0.01,0.01,71575.78
1775810882.273,182.273,0.02,0.03,0.97,0.98,0.01,0.01,71577.0
1775810882.686,182.686,0.02,0.03,0.97,0.98,0.01,0.01,71577.0
1775810883.042,183.042,0.02,0.03,0.97,0.98,0.01,0.01,71577.0
1775810883.404,183.404,0.02,0.03,0.97,0.98,0.01,0.01,71577.0
1775810883.738,183.738,0.02,0.03,0.97,0.98,0.01,0.01,71577.0
1775810884.086,184.086,0.02,0.03,0.97,0.98,0.01,0.01,71577.0
1775810884.491,184.491,0.03,0.04,0.96,0.97,0.01,0.01,71580.71
1775810884.859,184.859,0.03,0.04,0.96,0.97,0.01,0.01,71580.71
1775810885.197,185.197,0.03,0.04,0.96,0.97,0.01,0.01,71580.71
1775810885.537,185.537,0.03,0.04,0.96,0.97,0.01,0.01,71582.86
1775810885.904,185.904,0.03,0.04,0.96,0.97,0.01,0.01,71582.86
1775810886.344,186.344,0.03,0.04,0.96,0.97,0.01,0.01,71582.86
1775810886.841,186.841,0.03,0.04,0.96,0.97,0.01,0.01,71583.24
1775810887.47,187.47,0.03,0.04,0.96,0.97,0.01,0.01,71583.24
1775810887.922,187.922,0.03,0.04,0.96,0.97,0.01,0.01,71589.14
1775810888.334,188.334,0.03,0.04,0.96,0.97,0.01,0.01,71589.14
1775810888.851,188.851,0.02,0.03,0.96,0.98,0.01,0.02,71589.13
1775810889.45,189.45,0.03,0.04,0.96,0.98,0.01,0.02,71589.13
1775810889.792,189.792,0.02,0.03,0.96,0.97,0.01,0.01,71589.13
1775810890.244,190.244,0.02,0.03,0.97,0.98,0.01,0.01,71589.13
1775810890.587,190.587,0.02,0.03,0.97,0.98,0.01,0.01,71589.13
1775810890.923,190.923,0.01,0.03,0.97,0.99,0.02,0.02,71589.89
1775810891.329,191.329,0.01,0.02,0.98,0.99,0.01,0.01,71589.89
1775810891.668,191.668,0.01,0.02,0.98,0.99,0.01,0.01,71589.06
1775810892.028,192.028,0.01,0.02,0.98,0.99,0.01,0.01,71589.06
1775810892.422,192.422,0.01,0.03,0.98,0.99,0.02,0.01,71585.98
1775810893.186,193.186,0.01,0.03,0.97,0.98,0.02,0.01,71585.98
1775810893.526,193.526,0.01,0.02,0.98,0.99,0.01,0.01,71586.62
1775810893.99,193.99,0.02,0.03,0.97,0.98,0.01,0.01,71586.62
1775810894.445,194.445,0.02,0.03,0.96,0.98,0.01,0.02,71586.62
1775810894.89,194.89,0.02,0.03,0.97,0.98,0.01,0.01,71587.26
1775810895.232,195.232,0.02,0.03,0.97,0.98,0.01,0.01,71587.26
1775810895.615,195.615,0.02,0.03,0.97,0.98,0.01,0.01,71587.26
1775810896.07,196.07,0.02,0.03,0.97,0.98,0.01,0.01,71589.66
1775810896.624,196.624,0.02,0.03,0.97,0.98,0.01,0.01,71589.66
1775810896.993,196.993,0.02,0.03,0.97,0.98,0.01,0.01,71586.9
1775810897.364,197.364,0.01,0.02,0.98,0.99,0.01,0.01,71586.9
1775810897.789,197.789,0.01,0.02,0.98,0.99,0.01,0.01,71586.74
1775810898.161,198.161,0.01,0.03,0.98,0.99,0.02,0.01,71586.74
1775810898.659,198.659,0.01,0.03,0.98,0.99,0.02,0.01,71586.74
1775810899.089,199.089,0.01,0.01,0.98,0.99,0.0,0.01,71586.94
1775810899.922,199.922,0.01,0.01,0.99,0.99,0.0,0.0,71586.94
1775810900.319,200.319,0.01,0.01,0.99,0.99,0.0,0.0,71586.94
1775810900.737,200.737,0.01,0.01,0.99,0.99,0.0,0.0,71583.35
1775810901.227,201.227,0.01,0.01,0.99,0.99,0.0,0.0,71583.35
1775810902.094,202.094,0.01,0.01,0.99,0.99,0.0,0.0,71577.36
1775810902.546,202.546,0.01,0.01,0.99,0.99,0.0,0.0,71577.36
1775810902.911,202.911,0.01,0.01,0.99,0.99,0.0,0.0,71577.36
1775810903.288,203.288,0.01,0.01,0.99,0.99,0.0,0.0,71577.36
1775810903.852,203.852,0.01,0.01,0.99,0.99,0.0,0.0,71577.36
1775810904.43,204.43,0.01,0.01,0.99,0.99,0.0,0.0,71577.36
1775810904.881,204.881,0.01,0.01,0.99,0.99,0.0,0.0,71577.36
1775810905.234,205.234,0.01,0.01,0.99,0.99,0.0,0.0,71577.36
1775810905.606,205.606,0.01,0.01,0.99,0.99,0.0,0.0,71577.36
1775810906.059,206.059,0.01,0.01,0.99,0.99,0.0,0.0,71576.93
1775810906.74,206.74,0.01,0.01,0.99,0.99,0.0,0.0,71576.93
1775810907.688,207.688,0.01,0.01,0.99,0.99,0.0,0.0,71576.83
1775810908.037,208.037,0.01,0.01,0.99,0.99,0.0,0.0,71576.57
1775810908.86,208.86,0.01,0.01,0.99,0.99,0.0,0.0,71576.57
1775810909.544,209.544,0.01,0.01,0.99,0.99,0.0,0.0,71576.57
1775810911.963,211.963,0.01,0.01,0.99,0.99,0.0,0.0,71576.27
1775810912.533,212.533,0.01,0.01,0.99,0.99,0.0,0.0,71576.27
1775810913.125,213.125,0.01,0.01,0.99,0.99,0.0,0.0,71576.27
1775810913.885,213.885,0.01,0.01,0.99,0.99,0.0,0.0,71576.59
1775810914.411,214.411,0.01,0.01,0.99,0.99,0.0,0.0,71576.31
1775810914.755,214.755,0.01,0.01,0.99,0.99,0.0,0.0,71576.31
1775810916.507,216.507,0.01,0.01,0.99,0.99,0.0,0.0,71577.03
1775810918.279,218.279,0.01,0.03,0.99,0.99,0.02,0.0,71576.27
1775810918.627,218.627,0.01,0.03,0.98,0.99,0.02,0.01,71576.27
1775810919.256,219.256,0.01,0.01,0.99,0.99,0.0,0.0,71576.09
1775810919.684,219.684,0.01,0.01,0.99,0.99,0.0,0.0,71576.09
1775810920.064,220.064,0.01,0.01,0.99,0.99,0.0,0.0,71576.06
1775810921.145,221.145,0.01,0.01,0.99,0.99,0.0,0.0,71575.62
1775810921.554,221.554,0.01,0.01,0.99,0.99,0.0,0.0,71575.62
1775810922.02,222.02,0.01,0.01,0.99,0.99,0.0,0.0,71575.84
1775810922.55,222.55,0.01,0.01,0.99,0.99,0.0,0.0,71575.84
1775810923.066,223.066,0.01,0.03,0.99,0.99,0.02,0.0,71575.84
1775810923.427,223.427,0.01,0.01,0.98,0.99,0.0,0.01,71575.72
1775810924.718,224.718,0.01,0.01,0.98,0.99,0.0,0.01,71575.17
1775810925.733,225.733,0.01,0.02,0.99,0.99,0.01,0.0,71574.85
1775810926.113,226.113,0.01,0.02,0.98,0.99,0.01,0.01,71574.85
1775810926.513,226.513,0.01,0.02,0.98,0.99,0.01,0.01,71575.15
1775810928.025,228.025,0.01,0.02,0.99,0.99,0.01,0.0,71573.95
1775810928.494,228.494,0.01,0.02,0.98,0.99,0.01,0.01,71574.56
1775810929.014,229.014,0.01,0.02,0.98,0.99,0.01,0.01,71574.56
1775810929.697,229.697,0.01,0.02,0.98,0.99,0.01,0.01,71574.56
1775810930.347,230.347,0.01,0.02,0.99,0.99,0.01,0.0,71574.97
1775810930.754,230.754,0.01,0.02,0.98,0.99,0.01,0.01,71582.21
1775810931.219,231.219,0.01,0.01,0.99,0.99,0.0,0.0,71588.24
1775810931.852,231.852,0.01,0.02,0.99,0.99,0.01,0.0,71588.24
1775810932.435,232.435,0.01,0.02,0.98,0.99,0.01,0.01,71588.92
1775810933.525,233.525,0.01,0.01,0.98,0.99,0.0,0.01,71592.03
1775810935.13,235.13,0.01,0.01,0.99,0.99,0.0,0.0,71591.43
1775810936.094,236.094,0.01,0.01,0.99,0.99,0.0,0.0,71591.0
1775810936.435,236.435,0.01,0.02,0.98,0.99,0.01,0.01,71591.0
1775810936.938,236.938,0.01,0.02,0.98,0.99,0.01,0.01,71590.61
1775810937.302,237.302,0.01,0.02,0.98,0.99,0.01,0.01,71590.61
1775810937.828,237.828,0.01,0.02,0.98,0.99,0.01,0.01,71590.72
1775810938.179,238.179,0.01,0.02,0.98,0.99,0.01,0.01,71590.4
1775810938.698,238.698,0.01,0.02,0.98,0.99,0.01,0.01,71590.4
1775810939.072,239.072,0.01,0.02,0.98,0.99,0.01,0.01,71590.4
1775810939.456,239.456,0.01,0.02,0.98,0.99,0.01,0.01,71585.97
1775810940.214,240.214,0.01,0.02,0.98,0.99,0.01,0.01,71585.97
1775810940.563,240.563,0.01,0.02,0.98,0.99,0.01,0.01,71585.74
1775810941.332,241.332,0.01,0.01,0.98,0.99,0.0,0.01,71585.97
1775810941.831,241.831,0.01,0.01,0.99,0.99,0.0,0.0,71585.97
1775810942.369,242.369,0.01,0.01,0.99,0.99,0.0,0.0,71585.35
1775810943.622,243.622,0.01,0.01,0.99,0.99,0.0,0.0,71584.48
1775810944.026,244.026,0.01,0.01,0.99,0.99,0.0,0.0,71584.48
1775810944.448,244.448,0.01,0.01,0.99,0.99,0.0,0.0,71584.48
1775810944.787,244.787,0.01,0.01,0.99,0.99,0.0,0.0,71584.48
1775810945.378,245.378,0.01,0.01,0.99,0.99,0.0,0.0,71582.02
1775810946.165,246.165,0.01,0.01,0.99,0.99,0.0,0.0,71576.37
1775810946.697,246.697,0.01,0.01,0.99,0.99,0.0,0.0,71574.65
1775810947.032,247.032,0.01,0.01,0.99,0.99,0.0,0.0,71574.65
1775810948.546,248.546,0.01,0.01,0.99,0.99,0.0,0.0,71570.56
1775810948.991,248.991,0.01,0.01,0.99,0.99,0.0,0.0,71566.79
1775810952.092,252.092,0.01,0.01,0.99,0.99,0.0,0.0,71556.36
1775810953.417,253.417,0.01,0.01,0.99,0.99,0.0,0.0,71555.51
1775810953.994,253.994,0.01,0.01,0.99,0.99,0.0,0.0,71555.51
1775810954.752,254.752,0.01,0.01,0.99,0.99,0.0,0.0,71555.51
1775810955.365,255.365,0.01,0.01,0.99,0.99,0.0,0.0,71555.51
1775810957.027,257.027,0.01,0.01,0.99,0.99,0.0,0.0,71555.51
1775810957.599,257.599,0.01,0.01,0.99,0.99,0.0,0.0,71555.51
1775810962.009,262.009,0.01,0.01,0.99,0.99,0.0,0.0,71554.57
1775810962.583,262.583,0.01,0.01,0.99,0.99,0.0,0.0,71554.57
1775810963.349,263.349,0.01,0.01,0.99,0.99,0.0,0.0,71547.14
1775810963.794,263.794,0.01,0.01,0.99,0.99,0.0,0.0,71545.91
1775810964.213,264.213,0.01,0.01,0.99,0.99,0.0,0.0,71544.69
1775810965.117,265.117,0.01,0.01,0.99,0.99,0.0,0.0,71544.69
1775810968.575,268.575,0.01,0.01,0.99,0.99,0.0,0.0,71541.86
1775810970.605,270.605,0.01,0.01,0.99,0.99,0.0,0.0,71542.7
1775810971.176,271.176,0.01,0.01,0.99,0.99,0.0,0.0,71542.7
1775810971.948,271.948,0.01,0.01,0.99,0.99,0.0,0.0,71543.44
1775810972.522,272.522,0.01,0.01,0.99,0.99,0.0,0.0,71543.44
1775810972.946,272.946,0.01,0.01,0.99,0.99,0.0,0.0,71543.44
1775810973.594,273.594,0.01,0.01,0.99,0.99,0.0,0.0,71550.31
1775810975.952,275.952,0.01,0.01,0.99,0.99,0.0,0.0,71554.72
1775810976.352,276.352,0.01,0.01,0.99,0.99,0.0,0.0,71554.57
1775810979.201,279.201,0.01,0.01,0.99,0.99,0.0,0.0,71554.37
1775810979.786,279.786,0.01,0.01,0.99,0.99,0.0,0.0,71554.37
1775810980.548,280.548,0.01,0.01,0.99,0.99,0.0,0.0,71552.65
1775810981.135,281.135,0.01,0.01,0.99,0.99,0.0,0.0,71552.65
1775810981.588,281.588,0.01,0.01,0.99,0.99,0.0,0.0,71551.43
1775810981.964,281.964,0.01,0.01,0.99,0.99,0.0,0.0,71551.43
1775810984.351,284.351,0.01,0.01,0.99,0.99,0.0,0.0,71551.36
1775810985.616,285.616,0.01,0.01,0.99,0.99,0.0,0.0,71549.94
1775810986.746,286.746,0.01,0.01,0.99,0.99,0.0,0.0,71549.64
1775810987.095,287.095,0.01,0.01,0.99,0.99,0.0,0.0,71549.64
1775810987.431,287.431,0.01,0.01,0.99,0.99,0.0,0.0,71549.64
1775810988.02,288.02,0.01,0.01,0.99,0.99,0.0,0.0,71552.06
1775810988.594,288.594,0.01,0.01,0.99,0.99,0.0,0.0,71552.43
1775810989.365,289.365,0.01,0.01,0.99,0.99,0.0,0.0,71552.44
1775810989.941,289.941,0.01,0.01,0.99,0.99,0.0,0.0,71552.44
1775810990.515,290.515,0.01,0.01,0.99,0.99,0.0,0.0,71552.44
1775810992.098,292.098,0.01,0.01,0.99,0.99,0.0,0.0,71552.44
1775811000.61,300.61,0.01,0.01,0.99,0.99,0.0,0.0,71555.67
1775811000.974,300.974,0.01,0.01,0.99,0.99,0.0,0.0,71560.96

# RESULT,winner=Down,slug=btc-updown-5m-1775810700,ticks=543
