timestamp,elapsed_sec,up_bid,up_ask,down_bid,down_ask,up_spread,down_spread,btc_price
1775823900.53,0.53,0.46,0.47,0.53,0.54,0.01,0.01,72131.15
1775823901.031,1.031,0.46,0.47,0.53,0.54,0.01,0.01,72131.15
1775823901.403,1.403,0.44,0.47,0.53,0.54,0.03,0.01,72131.15
1775823901.765,1.765,0.46,0.47,0.53,0.54,0.01,0.01,72132.07
1775823902.197,2.197,0.46,0.47,0.53,0.54,0.01,0.01,72133.56
1775823902.637,2.637,0.46,0.47,0.53,0.54,0.01,0.01,72133.56
1775823902.99,2.99,0.46,0.47,0.53,0.54,0.01,0.01,72133.56
1775823903.587,3.587,0.47,0.51,0.52,0.54,0.04,0.02,72136.6
1775823904.378,4.378,0.49,0.51,0.52,0.53,0.02,0.01,72136.95
1775823904.812,4.812,0.5,0.53,0.49,0.51,0.03,0.02,72136.95
1775823905.333,5.333,0.5,0.51,0.49,0.5,0.01,0.01,72136.95
1775823905.709,5.709,0.5,0.51,0.49,0.5,0.01,0.01,72136.95
1775823906.143,6.143,0.5,0.51,0.49,0.5,0.01,0.01,72136.8
1775823906.561,6.561,0.5,0.51,0.49,0.5,0.01,0.01,72134.44
1775823906.945,6.945,0.5,0.51,0.49,0.5,0.01,0.01,72134.44
1775823907.31,7.31,0.5,0.51,0.49,0.5,0.01,0.01,72134.32
1775823907.843,7.843,0.5,0.51,0.49,0.5,0.01,0.01,72134.32
1775823908.235,8.235,0.5,0.51,0.49,0.5,0.01,0.01,72134.32
1775823908.902,8.902,0.5,0.51,0.49,0.5,0.01,0.01,72131.86
1775823909.342,9.342,0.5,0.52,0.49,0.5,0.02,0.01,72131.86
1775823909.768,9.768,0.5,0.52,0.48,0.5,0.02,0.02,72130.78
1775823910.646,10.646,0.5,0.51,0.49,0.5,0.01,0.01,72130.9
1775823911.346,11.346,0.51,0.52,0.48,0.49,0.01,0.01,72130.9
1775823911.686,11.686,0.5,0.51,0.49,0.5,0.01,0.01,72130.9
1775823912.138,12.138,0.5,0.51,0.49,0.5,0.01,0.01,72130.8
1775823912.741,12.741,0.5,0.51,0.49,0.5,0.01,0.01,72130.73
1775823913.169,13.169,0.5,0.51,0.49,0.5,0.01,0.01,72130.73
1775823913.664,13.664,0.51,0.52,0.48,0.49,0.01,0.01,72130.73
1775823914.019,14.019,0.51,0.52,0.48,0.49,0.01,0.01,72130.73
1775823914.413,14.413,0.52,0.54,0.47,0.48,0.02,0.01,72130.73
1775823914.801,14.801,0.53,0.54,0.46,0.47,0.01,0.01,72130.73
1775823915.187,15.187,0.53,0.54,0.46,0.47,0.01,0.01,72130.73
1775823915.748,15.748,0.53,0.54,0.46,0.47,0.01,0.01,72131.57
1775823916.424,16.424,0.53,0.54,0.46,0.47,0.01,0.01,72131.57
1775823916.951,16.951,0.53,0.54,0.46,0.47,0.01,0.01,72137.86
1775823917.386,17.386,0.53,0.54,0.46,0.47,0.01,0.01,72137.86
1775823917.72,17.72,0.54,0.56,0.44,0.47,0.02,0.03,72139.79
1775823918.163,18.163,0.54,0.55,0.45,0.46,0.01,0.01,72139.79
1775823918.557,18.557,0.54,0.55,0.45,0.46,0.01,0.01,72139.79
1775823918.89,18.89,0.54,0.55,0.45,0.46,0.01,0.01,72139.76
1775823919.244,19.244,0.54,0.55,0.45,0.46,0.01,0.01,72139.76
1775823919.773,19.773,0.54,0.55,0.45,0.46,0.01,0.01,72141.37
1775823920.24,20.24,0.48,0.49,0.51,0.52,0.01,0.01,72141.37
1775823920.618,20.618,0.48,0.49,0.51,0.52,0.01,0.01,72141.37
1775823920.98,20.98,0.48,0.49,0.51,0.52,0.01,0.01,72140.72
1775823921.325,21.325,0.48,0.49,0.51,0.52,0.01,0.01,72140.72
1775823921.818,21.818,0.48,0.49,0.51,0.52,0.01,0.01,72137.44
1775823922.352,22.352,0.48,0.49,0.51,0.52,0.01,0.01,72136
1775823922.721,22.721,0.48,0.49,0.51,0.52,0.01,0.01,72136
1775823923.093,23.093,0.48,0.49,0.51,0.52,0.01,0.01,72136
1775823923.609,23.609,0.48,0.49,0.51,0.52,0.01,0.01,72130.0
1775823924.147,24.147,0.49,0.5,0.5,0.51,0.01,0.01,72130.0
1775823924.516,24.516,0.49,0.5,0.5,0.51,0.01,0.01,72129.56
1775823924.921,24.921,0.49,0.5,0.5,0.51,0.01,0.01,72129.56
1775823925.399,25.399,0.49,0.5,0.5,0.51,0.01,0.01,72129.56
1775823925.88,25.88,0.49,0.5,0.5,0.51,0.01,0.01,72129.07
1775823926.229,26.229,0.49,0.5,0.5,0.51,0.01,0.01,72131.7
1775823926.747,26.747,0.49,0.5,0.5,0.51,0.01,0.01,72131.7
1775823927.087,27.087,0.49,0.5,0.5,0.51,0.01,0.01,72131.7
1775823927.795,27.795,0.49,0.5,0.5,0.51,0.01,0.01,72130.97
1775823928.33,28.33,0.49,0.51,0.5,0.51,0.02,0.01,72129.83
1775823928.706,28.706,0.5,0.51,0.49,0.5,0.01,0.01,72129.83
1775823929.452,29.452,0.5,0.51,0.49,0.5,0.01,0.01,72129.83
1775823930.174,30.174,0.5,0.51,0.49,0.5,0.01,0.01,72129.83
1775823930.726,30.726,0.5,0.51,0.49,0.5,0.01,0.01,72130.39
1775823931.161,31.161,0.53,0.54,0.46,0.47,0.01,0.01,72130.97
1775823931.572,31.572,0.57,0.58,0.42,0.43,0.01,0.01,72130.97
1775823932.032,32.032,0.58,0.59,0.41,0.42,0.01,0.01,72130.97
1775823932.724,32.724,0.58,0.59,0.41,0.42,0.01,0.01,72130.97
1775823933.16,33.16,0.58,0.59,0.41,0.42,0.01,0.01,72136.52
1775823933.503,33.503,0.56,0.57,0.43,0.44,0.01,0.01,72136.52
1775823933.837,33.837,0.55,0.56,0.44,0.45,0.01,0.01,72140.5
1775823934.175,34.175,0.55,0.56,0.44,0.45,0.01,0.01,72140.5
1775823934.511,34.511,0.55,0.56,0.44,0.45,0.01,0.01,72140.5
1775823934.853,34.853,0.54,0.55,0.45,0.46,0.01,0.01,72140.5
1775823935.208,35.208,0.52,0.55,0.45,0.46,0.03,0.01,72143.29
1775823935.568,35.568,0.51,0.52,0.47,0.49,0.01,0.02,72140.88
1775823936.113,36.113,0.5,0.51,0.48,0.49,0.01,0.01,72135.05
1775823936.453,36.453,0.5,0.51,0.49,0.5,0.01,0.01,72135.05
1775823936.805,36.805,0.49,0.5,0.5,0.52,0.01,0.02,72135.05
1775823937.497,37.497,0.48,0.49,0.51,0.52,0.01,0.01,72135.05
1775823937.947,37.947,0.48,0.49,0.51,0.52,0.01,0.01,72132.7
1775823938.315,38.315,0.48,0.49,0.51,0.52,0.01,0.01,72132.7
1775823938.848,38.848,0.48,0.49,0.51,0.52,0.01,0.01,72132.7
1775823939.249,39.249,0.48,0.49,0.51,0.52,0.01,0.01,72131.11
1775823939.738,39.738,0.5,0.51,0.49,0.52,0.01,0.03,72131.11
1775823940.102,40.102,0.49,0.51,0.49,0.5,0.02,0.01,72131.11
1775823940.583,40.583,0.49,0.5,0.5,0.51,0.01,0.01,72131.11
1775823941.016,41.016,0.49,0.5,0.5,0.51,0.01,0.01,72128.51
1775823941.427,41.427,0.49,0.5,0.5,0.51,0.01,0.01,72128.51
1775823941.885,41.885,0.49,0.5,0.5,0.51,0.01,0.01,72128.51
1775823942.239,42.239,0.49,0.5,0.5,0.51,0.01,0.01,72128.51
1775823942.632,42.632,0.48,0.49,0.5,0.52,0.01,0.02,72128.31
1775823943.106,43.106,0.48,0.49,0.51,0.52,0.01,0.01,72128.81
1775823943.662,43.662,0.48,0.49,0.51,0.52,0.01,0.01,72128.81
1775823944.148,44.148,0.47,0.49,0.51,0.52,0.02,0.01,72128.81
1775823944.5,44.5,0.47,0.48,0.52,0.53,0.01,0.01,72127.78
1775823945.217,45.217,0.47,0.48,0.52,0.53,0.01,0.01,72129.0
1775823945.804,45.804,0.47,0.48,0.52,0.53,0.01,0.01,72129.0
1775823946.203,46.203,0.47,0.48,0.52,0.53,0.01,0.01,72129.0
1775823946.621,46.621,0.45,0.46,0.54,0.55,0.01,0.01,72128.43
1775823946.998,46.998,0.43,0.44,0.56,0.57,0.01,0.01,72128.43
1775823947.338,47.338,0.43,0.44,0.56,0.57,0.01,0.01,72127.01
1775823947.724,47.724,0.43,0.44,0.56,0.57,0.01,0.01,72127.01
1775823948.123,48.123,0.43,0.44,0.56,0.57,0.01,0.01,72127.01
1775823948.55,48.55,0.43,0.44,0.56,0.57,0.01,0.01,72124.64
1775823949.686,49.686,0.44,0.45,0.55,0.57,0.01,0.02,72124.39
1775823950.04,50.04,0.44,0.45,0.55,0.56,0.01,0.01,72124.39
1775823950.506,50.506,0.43,0.45,0.55,0.56,0.02,0.01,72124.39
1775823950.869,50.869,0.43,0.44,0.56,0.57,0.01,0.01,72124.6
1775823951.359,51.359,0.43,0.44,0.56,0.57,0.01,0.01,72124.68
1775823951.699,51.699,0.42,0.43,0.57,0.58,0.01,0.01,72124.68
1775823952.167,52.167,0.42,0.43,0.57,0.58,0.01,0.01,72124.68
1775823952.574,52.574,0.41,0.42,0.57,0.59,0.01,0.02,72124.87
1775823952.958,52.958,0.41,0.42,0.58,0.59,0.01,0.01,72124.87
1775823953.301,53.301,0.29,0.38,0.62,0.71,0.09,0.09,72124.77
1775823953.664,53.664,0.3,0.31,0.65,0.71,0.01,0.06,72124.77
1775823953.999,53.999,0.31,0.32,0.68,0.69,0.01,0.01,72124.77
1775823954.345,54.345,0.3,0.31,0.69,0.7,0.01,0.01,72124.77
1775823954.681,54.681,0.28,0.3,0.7,0.72,0.02,0.02,72123.29
1775823955.021,55.021,0.28,0.29,0.7,0.72,0.01,0.02,72123.29
1775823955.367,55.367,0.28,0.29,0.71,0.72,0.01,0.01,72109.55
1775823955.71,55.71,0.28,0.29,0.71,0.72,0.01,0.01,72109.55
1775823956.049,56.049,0.24,0.25,0.75,0.76,0.01,0.01,72109.55
1775823956.382,56.382,0.22,0.23,0.77,0.78,0.01,0.01,72109.55
1775823956.723,56.723,0.23,0.24,0.76,0.77,0.01,0.01,72104.84
1775823957.127,57.127,0.22,0.23,0.76,0.78,0.01,0.02,72104.84
1775823957.478,57.478,0.22,0.23,0.77,0.78,0.01,0.01,72100.41
1775823957.971,57.971,0.22,0.23,0.77,0.78,0.01,0.01,72100.41
1775823958.341,58.341,0.24,0.25,0.75,0.76,0.01,0.01,72100.41
1775823958.692,58.692,0.25,0.27,0.74,0.75,0.02,0.01,72091.7
1775823959.141,59.141,0.28,0.29,0.71,0.72,0.01,0.01,72091.7
1775823959.507,59.507,0.28,0.29,0.71,0.72,0.01,0.01,72091.39
1775823959.848,59.848,0.28,0.29,0.71,0.72,0.01,0.01,72091.39
1775823960.186,60.186,0.27,0.29,0.71,0.72,0.02,0.01,72091.39
1775823960.584,60.584,0.26,0.27,0.72,0.74,0.01,0.02,72091.39
1775823960.924,60.924,0.22,0.25,0.75,0.76,0.03,0.01,72092.22
1775823961.259,61.259,0.17,0.18,0.81,0.82,0.01,0.01,72093.73
1775823961.596,61.596,0.17,0.18,0.82,0.83,0.01,0.01,72093.73
1775823961.933,61.933,0.17,0.18,0.82,0.83,0.01,0.01,72093.73
1775823962.295,62.295,0.17,0.18,0.82,0.83,0.01,0.01,72093.73
1775823962.643,62.643,0.17,0.18,0.82,0.83,0.01,0.01,72093.73
1775823962.976,62.976,0.17,0.18,0.82,0.83,0.01,0.01,72061.43
1775823963.357,63.357,0.17,0.18,0.82,0.83,0.01,0.01,72061.43
1775823963.7,63.7,0.2,0.21,0.79,0.8,0.01,0.01,72058.01
1775823964.04,64.04,0.21,0.22,0.78,0.79,0.01,0.01,72058.01
1775823964.389,64.389,0.19,0.2,0.8,0.81,0.01,0.01,72058.01
1775823964.724,64.724,0.18,0.19,0.81,0.82,0.01,0.01,72054.65
1775823965.064,65.064,0.17,0.18,0.82,0.83,0.01,0.01,72054.65
1775823965.488,65.488,0.16,0.18,0.82,0.83,0.02,0.01,72054.65
1775823965.915,65.915,0.16,0.17,0.83,0.84,0.01,0.01,72065.81
1775823966.249,66.249,0.16,0.17,0.83,0.84,0.01,0.01,72065.81
1775823966.601,66.601,0.15,0.16,0.84,0.85,0.01,0.01,72065.81
1775823966.945,66.945,0.16,0.17,0.83,0.85,0.01,0.02,72065.81
1775823967.28,67.28,0.16,0.17,0.83,0.84,0.01,0.01,72067.23
1775823967.697,67.697,0.15,0.16,0.84,0.85,0.01,0.01,72067.23
1775823968.086,68.086,0.16,0.17,0.83,0.84,0.01,0.01,72067.23
1775823968.488,68.488,0.17,0.18,0.82,0.83,0.01,0.01,72064.88
1775823968.841,68.841,0.17,0.18,0.82,0.83,0.01,0.01,72064.88
1775823969.188,69.188,0.16,0.17,0.83,0.84,0.01,0.01,72064.88
1775823969.673,69.673,0.16,0.18,0.83,0.84,0.02,0.01,72062.51
1775823970.13,70.13,0.16,0.17,0.82,0.84,0.01,0.02,72062.51
1775823970.547,70.547,0.17,0.18,0.82,0.84,0.01,0.02,72062.51
1775823970.884,70.884,0.17,0.18,0.82,0.83,0.01,0.01,72061.33
1775823971.234,71.234,0.16,0.18,0.82,0.83,0.02,0.01,72061.33
1775823971.598,71.598,0.17,0.18,0.82,0.83,0.01,0.01,72061.33
1775823971.945,71.945,0.17,0.18,0.82,0.83,0.01,0.01,72061.33
1775823972.293,72.293,0.17,0.18,0.82,0.83,0.01,0.01,72061.07
1775823972.78,72.78,0.17,0.18,0.82,0.83,0.01,0.01,72061.07
1775823973.166,73.166,0.16,0.17,0.82,0.84,0.01,0.02,72061.07
1775823973.5,73.5,0.14,0.15,0.85,0.86,0.01,0.01,72061.07
1775823973.853,73.853,0.13,0.15,0.85,0.86,0.02,0.01,72061.74
1775823974.203,74.203,0.14,0.15,0.85,0.86,0.01,0.01,72060.91
1775823974.55,74.55,0.14,0.16,0.85,0.86,0.02,0.01,72060.91
1775823974.973,74.973,0.16,0.18,0.83,0.84,0.02,0.01,72060.91
1775823975.361,75.361,0.17,0.18,0.82,0.83,0.01,0.01,72055.56
1775823975.835,75.835,0.17,0.18,0.82,0.83,0.01,0.01,72055.56
1775823976.188,76.188,0.17,0.18,0.82,0.83,0.01,0.01,72055.56
1775823976.729,76.729,0.17,0.18,0.82,0.83,0.01,0.01,72055.56
1775823977.114,77.114,0.17,0.18,0.81,0.83,0.01,0.02,72054.34
1775823977.719,77.719,0.17,0.18,0.82,0.83,0.01,0.01,72056.95
1775823978.085,78.085,0.18,0.19,0.81,0.82,0.01,0.01,72056.95
1775823978.465,78.465,0.17,0.19,0.81,0.82,0.02,0.01,72056.95
1775823979.034,79.034,0.17,0.18,0.82,0.83,0.01,0.01,72058.92
1775823979.493,79.493,0.18,0.19,0.81,0.82,0.01,0.01,72061.34
1775823979.931,79.931,0.17,0.18,0.82,0.83,0.01,0.01,72061.34
1775823980.311,80.311,0.17,0.18,0.82,0.83,0.01,0.01,72062.54
1775823980.779,80.779,0.17,0.18,0.82,0.83,0.01,0.01,72062.54
1775823981.343,81.343,0.17,0.18,0.82,0.83,0.01,0.01,72062.54
1775823981.766,81.766,0.18,0.19,0.81,0.82,0.01,0.01,72062.54
1775823982.206,82.206,0.18,0.19,0.81,0.82,0.01,0.01,72062.96
1775823982.574,82.574,0.19,0.2,0.81,0.82,0.01,0.01,72062.96
1775823982.992,82.992,0.18,0.19,0.8,0.83,0.01,0.03,72062.96
1775823983.397,83.397,0.19,0.2,0.81,0.82,0.01,0.01,72062.49
1775823983.823,83.823,0.22,0.23,0.77,0.81,0.01,0.04,72062.49
1775823984.274,84.274,0.22,0.23,0.77,0.78,0.01,0.01,72062.49
1775823984.639,84.639,0.22,0.23,0.77,0.78,0.01,0.01,72063.77
1775823984.998,84.998,0.22,0.23,0.77,0.78,0.01,0.01,72063.77
1775823985.373,85.373,0.25,0.26,0.74,0.77,0.01,0.03,72064.19
1775823985.761,85.761,0.25,0.26,0.74,0.75,0.01,0.01,72064.19
1775823986.136,86.136,0.25,0.26,0.74,0.75,0.01,0.01,72066.67
1775823986.532,86.532,0.25,0.26,0.74,0.75,0.01,0.01,72066.67
1775823986.899,86.899,0.25,0.26,0.74,0.75,0.01,0.01,72066.67
1775823987.234,87.234,0.25,0.26,0.74,0.75,0.01,0.01,72073.26
1775823987.651,87.651,0.25,0.26,0.74,0.75,0.01,0.01,72073.26
1775823988.004,88.004,0.25,0.26,0.74,0.75,0.01,0.01,72073.26
1775823988.461,88.461,0.25,0.26,0.74,0.75,0.01,0.01,72079.71
1775823988.821,88.821,0.25,0.26,0.74,0.75,0.01,0.01,72079.71
1775823989.181,89.181,0.25,0.26,0.74,0.75,0.01,0.01,72079.71
1775823989.577,89.577,0.27,0.28,0.72,0.75,0.01,0.03,72081.69
1775823989.925,89.925,0.27,0.28,0.72,0.73,0.01,0.01,72083.21
1775823990.338,90.338,0.27,0.28,0.72,0.73,0.01,0.01,72083.21
1775823990.918,90.918,0.27,0.28,0.72,0.73,0.01,0.01,72083.21
1775823991.262,91.262,0.27,0.28,0.72,0.73,0.01,0.01,72084.49
1775823991.606,91.606,0.27,0.28,0.72,0.73,0.01,0.01,72084.49
1775823991.983,91.983,0.27,0.28,0.72,0.73,0.01,0.01,72084.49
1775823992.346,92.346,0.27,0.28,0.72,0.73,0.01,0.01,72083.67
1775823992.739,92.739,0.26,0.28,0.72,0.73,0.02,0.01,72083.67
1775823993.091,93.091,0.26,0.27,0.73,0.74,0.01,0.01,72083.67
1775823993.517,93.517,0.27,0.28,0.72,0.73,0.01,0.01,72083.67
1775823993.88,93.88,0.26,0.27,0.73,0.74,0.01,0.01,72083.55
1775823994.328,94.328,0.26,0.27,0.73,0.74,0.01,0.01,72083.55
1775823994.752,94.752,0.26,0.27,0.73,0.74,0.01,0.01,72083.55
1775823995.19,95.19,0.26,0.27,0.73,0.74,0.01,0.01,72083.55
1775823995.545,95.545,0.26,0.27,0.73,0.74,0.01,0.01,72082.5
1775823995.941,95.941,0.25,0.27,0.74,0.75,0.02,0.01,72082.5
1775823996.439,96.439,0.26,0.27,0.73,0.74,0.01,0.01,72082.5
1775823996.942,96.942,0.25,0.26,0.73,0.75,0.01,0.02,72082.5
1775823997.39,97.39,0.25,0.26,0.74,0.75,0.01,0.01,72082.5
1775823998.047,98.047,0.25,0.26,0.74,0.75,0.01,0.01,72082.48
1775823998.447,98.447,0.2,0.21,0.78,0.8,0.01,0.02,72082.48
1775823998.78,98.78,0.2,0.21,0.79,0.8,0.01,0.01,72082.79
1775823999.117,99.117,0.2,0.21,0.79,0.8,0.01,0.01,72082.48
1775823999.629,99.629,0.2,0.21,0.79,0.8,0.01,0.01,72082.48
1775823999.982,99.982,0.2,0.21,0.79,0.8,0.01,0.01,72082.48
1775824000.483,100.483,0.2,0.21,0.79,0.8,0.01,0.01,72082.48
1775824000.897,100.897,0.17,0.18,0.82,0.83,0.01,0.01,72073.11
1775824001.323,101.323,0.17,0.18,0.82,0.83,0.01,0.01,72072.73
1775824002.09,102.09,0.16,0.18,0.82,0.83,0.02,0.01,72072.73
1775824002.696,102.696,0.16,0.17,0.83,0.84,0.01,0.01,72072.55
1775824003.19,103.19,0.15,0.17,0.83,0.84,0.02,0.01,72072.55
1775824003.648,103.648,0.14,0.15,0.84,0.86,0.01,0.02,72070.41
1775824004.01,104.01,0.14,0.15,0.85,0.86,0.01,0.01,72070.41
1775824004.53,104.53,0.14,0.15,0.85,0.86,0.01,0.01,72062.73
1775824005.028,105.028,0.14,0.15,0.85,0.86,0.01,0.01,72062.73
1775824005.398,105.398,0.14,0.15,0.85,0.86,0.01,0.01,72060.13
1775824005.745,105.745,0.14,0.15,0.85,0.86,0.01,0.01,72060.13
1775824006.159,106.159,0.13,0.14,0.86,0.87,0.01,0.01,72060.13
1775824006.643,106.643,0.13,0.14,0.86,0.87,0.01,0.01,72060.13
1775824006.98,106.98,0.13,0.14,0.86,0.87,0.01,0.01,72057.49
1775824007.315,107.315,0.13,0.14,0.86,0.87,0.01,0.01,72057.42
1775824007.961,107.961,0.12,0.14,0.86,0.87,0.02,0.01,72057.42
1775824008.305,108.305,0.12,0.13,0.87,0.88,0.01,0.01,72057.42
1775824008.742,108.742,0.12,0.13,0.87,0.88,0.01,0.01,72054.96
1775824009.131,109.131,0.12,0.13,0.87,0.88,0.01,0.01,72054.96
1775824009.691,109.691,0.12,0.13,0.87,0.88,0.01,0.01,72054.96
1775824010.072,110.072,0.12,0.13,0.87,0.88,0.01,0.01,72054.49
1775824010.45,110.45,0.11,0.13,0.87,0.88,0.02,0.01,72054.48
1775824010.961,110.961,0.11,0.12,0.88,0.89,0.01,0.01,72054.48
1775824011.351,111.351,0.11,0.12,0.88,0.89,0.01,0.01,72055.78
1775824011.806,111.806,0.11,0.12,0.88,0.89,0.01,0.01,72055.78
1775824012.173,112.173,0.11,0.12,0.88,0.89,0.01,0.01,72055.78
1775824012.561,112.561,0.1,0.12,0.88,0.89,0.02,0.01,72052.93
1775824012.959,112.959,0.1,0.11,0.89,0.9,0.01,0.01,72052.93
1775824013.418,113.418,0.11,0.12,0.88,0.9,0.01,0.02,72052.93
1775824013.788,113.788,0.11,0.12,0.88,0.89,0.01,0.01,72053.62
1775824014.177,114.177,0.11,0.12,0.88,0.89,0.01,0.01,72053.62
1775824014.574,114.574,0.1,0.11,0.89,0.9,0.01,0.01,72053.37
1775824015.088,115.088,0.1,0.11,0.89,0.9,0.01,0.01,72053.37
1775824015.539,115.539,0.1,0.12,0.89,0.9,0.02,0.01,72053.37
1775824016.122,116.122,0.1,0.11,0.89,0.9,0.01,0.01,72053.75
1775824016.484,116.484,0.1,0.12,0.88,0.9,0.02,0.02,72052.15
1775824016.834,116.834,0.11,0.12,0.88,0.89,0.01,0.01,72052.15
1775824017.264,117.264,0.11,0.12,0.88,0.89,0.01,0.01,72052.15
1775824017.6,117.6,0.11,0.12,0.88,0.89,0.01,0.01,72052.37
1775824017.963,117.963,0.11,0.12,0.88,0.89,0.01,0.01,72052.37
1775824018.372,118.372,0.11,0.12,0.88,0.89,0.01,0.01,72052.37
1775824018.786,118.786,0.1,0.11,0.89,0.9,0.01,0.01,72052.37
1775824019.122,119.122,0.1,0.11,0.89,0.9,0.01,0.01,72052.37
1775824019.537,119.537,0.1,0.11,0.89,0.9,0.01,0.01,72051.29
1775824020.15,120.15,0.1,0.11,0.89,0.9,0.01,0.01,72051.32
1775824020.488,120.488,0.1,0.11,0.89,0.9,0.01,0.01,72051.32
1775824020.895,120.895,0.09,0.1,0.89,0.91,0.01,0.02,72051.32
1775824021.258,121.258,0.09,0.1,0.89,0.9,0.01,0.01,72052.27
1775824021.609,121.609,0.09,0.1,0.9,0.91,0.01,0.01,72052.27
1775824021.995,121.995,0.09,0.1,0.9,0.91,0.01,0.01,72052.27
1775824022.402,122.402,0.09,0.1,0.9,0.91,0.01,0.01,72052.27
1775824022.743,122.743,0.09,0.1,0.9,0.91,0.01,0.01,72052.27
1775824023.107,123.107,0.08,0.1,0.89,0.91,0.02,0.02,72052.27
1775824023.444,123.444,0.08,0.1,0.9,0.91,0.02,0.01,72052.17
1775824023.817,123.817,0.08,0.09,0.91,0.92,0.01,0.01,72052.17
1775824024.213,124.213,0.08,0.09,0.91,0.92,0.01,0.01,72052.17
1775824024.561,124.561,0.09,0.1,0.9,0.91,0.01,0.01,72054.49
1775824024.97,124.97,0.09,0.1,0.9,0.91,0.01,0.01,72054.49
1775824025.305,125.305,0.09,0.1,0.9,0.91,0.01,0.01,72054.62
1775824025.639,125.639,0.1,0.11,0.89,0.9,0.01,0.01,72054.62
1775824026.016,126.016,0.1,0.11,0.89,0.9,0.01,0.01,72054.62
1775824026.446,126.446,0.1,0.11,0.89,0.9,0.01,0.01,72050.84
1775824026.839,126.839,0.1,0.11,0.89,0.9,0.01,0.01,72050.84
1775824027.188,127.188,0.1,0.11,0.89,0.9,0.01,0.01,72050.84
1775824027.79,127.79,0.08,0.09,0.9,0.92,0.01,0.02,72050.39
1775824028.13,128.13,0.07,0.08,0.92,0.93,0.01,0.01,72050.39
1775824028.529,128.529,0.05,0.06,0.92,0.95,0.01,0.03,72051.12
1775824028.924,128.924,0.05,0.06,0.94,0.95,0.01,0.01,72051.12
1775824029.269,129.269,0.05,0.06,0.94,0.95,0.01,0.01,72051.12
1775824029.606,129.606,0.05,0.06,0.94,0.95,0.01,0.01,72048.3
1775824029.981,129.981,0.05,0.06,0.94,0.95,0.01,0.01,72048.3
1775824030.331,130.331,0.06,0.07,0.93,0.94,0.01,0.01,72037.76
1775824030.717,130.717,0.06,0.07,0.93,0.94,0.01,0.01,72037.76
1775824031.054,131.054,0.06,0.07,0.93,0.94,0.01,0.01,72037.76
1775824031.504,131.504,0.06,0.09,0.93,0.94,0.03,0.01,72026.4
1775824031.905,131.905,0.07,0.08,0.92,0.93,0.01,0.01,72026.4
1775824032.305,132.305,0.07,0.08,0.92,0.93,0.01,0.01,72026.4
1775824032.7,132.7,0.07,0.08,0.92,0.93,0.01,0.01,72028.44
1775824033.148,133.148,0.07,0.08,0.92,0.93,0.01,0.01,72028.44
1775824033.598,133.598,0.07,0.08,0.92,0.93,0.01,0.01,72028.44
1775824033.931,133.931,0.07,0.08,0.92,0.93,0.01,0.01,72028.44
1775824034.266,134.266,0.07,0.08,0.92,0.93,0.01,0.01,72029.34
1775824034.606,134.606,0.09,0.1,0.9,0.91,0.01,0.01,72029.34
1775824034.958,134.958,0.06,0.1,0.9,0.91,0.04,0.01,72029.6
1775824035.395,135.395,0.06,0.07,0.93,0.94,0.01,0.01,72029.6
1775824035.74,135.74,0.06,0.07,0.93,0.94,0.01,0.01,72029.3
1775824036.105,136.105,0.06,0.07,0.93,0.94,0.01,0.01,72029.3
1775824036.519,136.519,0.06,0.07,0.93,0.94,0.01,0.01,72028.06
1775824037.35,137.35,0.05,0.06,0.94,0.95,0.01,0.01,72028.06
1775824037.717,137.717,0.05,0.06,0.94,0.95,0.01,0.01,72029.93
1775824038.111,138.111,0.05,0.06,0.94,0.95,0.01,0.01,72029.93
1775824038.535,138.535,0.05,0.06,0.94,0.95,0.01,0.01,72029.93
1775824039.004,139.004,0.05,0.06,0.94,0.95,0.01,0.01,72029.93
1775824039.569,139.569,0.05,0.06,0.94,0.95,0.01,0.01,72030.63
1775824039.983,139.983,0.05,0.06,0.94,0.95,0.01,0.01,72030.63
1775824040.563,140.563,0.05,0.06,0.94,0.95,0.01,0.01,72030.63
1775824041.097,141.097,0.05,0.06,0.94,0.95,0.01,0.01,72033.32
1775824041.469,141.469,0.05,0.07,0.94,0.95,0.02,0.01,72033.34
1775824041.827,141.827,0.06,0.07,0.93,0.94,0.01,0.01,72033.34
1775824042.272,142.272,0.06,0.07,0.93,0.94,0.01,0.01,72033.34
1775824042.788,142.788,0.09,0.1,0.89,0.94,0.01,0.05,72031.79
1775824043.152,143.152,0.09,0.1,0.9,0.91,0.01,0.01,72031.79
1775824043.498,143.498,0.09,0.1,0.9,0.91,0.01,0.01,72031.79
1775824043.888,143.888,0.09,0.1,0.9,0.91,0.01,0.01,72031.79
1775824044.233,144.233,0.11,0.12,0.88,0.89,0.01,0.01,72031.79
1775824044.694,144.694,0.11,0.12,0.88,0.89,0.01,0.01,72031.79
1775824045.069,145.069,0.11,0.12,0.88,0.89,0.01,0.01,72031.8
1775824045.405,145.405,0.1,0.11,0.89,0.9,0.01,0.01,72031.8
1775824045.809,145.809,0.11,0.12,0.88,0.89,0.01,0.01,72034.89
1775824046.18,146.18,0.11,0.12,0.88,0.89,0.01,0.01,72039.5
1775824046.598,146.598,0.1,0.11,0.89,0.9,0.01,0.01,72039.5
1775824046.968,146.968,0.1,0.11,0.89,0.9,0.01,0.01,72039.5
1775824047.486,147.486,0.1,0.11,0.89,0.9,0.01,0.01,72043.13
1775824047.904,147.904,0.1,0.11,0.89,0.9,0.01,0.01,72043.13
1775824048.249,148.249,0.1,0.11,0.89,0.9,0.01,0.01,72043.68
1775824048.858,148.858,0.1,0.11,0.89,0.9,0.01,0.01,72043.68
1775824049.366,149.366,0.1,0.11,0.89,0.9,0.01,0.01,72043.68
1775824049.712,149.712,0.1,0.11,0.89,0.9,0.01,0.01,72043.73
1775824050.049,150.049,0.1,0.11,0.89,0.9,0.01,0.01,72043.73
1775824050.401,150.401,0.1,0.11,0.89,0.9,0.01,0.01,72043.81
1775824050.87,150.87,0.1,0.11,0.89,0.9,0.01,0.01,72043.81
1775824051.235,151.235,0.1,0.11,0.89,0.9,0.01,0.01,72043.81
1775824051.995,151.995,0.1,0.11,0.89,0.9,0.01,0.01,72046.34
1775824052.733,152.733,0.1,0.11,0.89,0.9,0.01,0.01,72047.47
1775824053.197,153.197,0.1,0.11,0.89,0.9,0.01,0.01,72047.77
1775824053.786,153.786,0.1,0.11,0.89,0.9,0.01,0.01,72047.77
1775824054.177,154.177,0.1,0.11,0.89,0.9,0.01,0.01,72047.79
1775824055.034,155.034,0.09,0.1,0.89,0.91,0.01,0.02,72047.78
1775824055.419,155.419,0.09,0.1,0.9,0.91,0.01,0.01,72047.78
1775824055.976,155.976,0.09,0.11,0.9,0.91,0.02,0.01,72047.25
1775824056.399,156.399,0.09,0.1,0.9,0.91,0.01,0.01,72047.25
1775824056.795,156.795,0.09,0.1,0.9,0.91,0.01,0.01,72047.25
1775824057.43,157.43,0.09,0.1,0.9,0.91,0.01,0.01,72047.25
1775824058.052,158.052,0.09,0.1,0.9,0.91,0.01,0.01,72047.22
1775824058.466,158.466,0.09,0.1,0.9,0.91,0.01,0.01,72047.22
1775824059.05,159.05,0.09,0.1,0.9,0.91,0.01,0.01,72047.22
1775824059.67,159.67,0.1,0.11,0.88,0.91,0.01,0.03,72047.02
1775824060.017,160.017,0.11,0.12,0.88,0.89,0.01,0.01,72047.02
1775824060.429,160.429,0.11,0.12,0.88,0.89,0.01,0.01,72050.64
1775824060.766,160.766,0.11,0.12,0.88,0.89,0.01,0.01,72050.64
1775824061.46,161.46,0.11,0.12,0.88,0.89,0.01,0.01,72050.99
1775824062.053,162.053,0.11,0.12,0.88,0.89,0.01,0.01,72050.99
1775824062.672,162.672,0.11,0.12,0.88,0.89,0.01,0.01,72049.87
1775824063.032,163.032,0.11,0.12,0.88,0.89,0.01,0.01,72049.87
1775824063.379,163.379,0.11,0.12,0.88,0.89,0.01,0.01,72046.22
1775824064.137,164.137,0.11,0.12,0.88,0.89,0.01,0.01,72046.22
1775824064.544,164.544,0.11,0.13,0.88,0.89,0.02,0.01,72050.61
1775824064.887,164.887,0.12,0.13,0.87,0.88,0.01,0.01,72050.61
1775824065.428,165.428,0.12,0.13,0.87,0.88,0.01,0.01,72052.43
1775824065.928,165.928,0.12,0.13,0.87,0.89,0.01,0.02,72052.43
1775824066.296,166.296,0.12,0.13,0.87,0.88,0.01,0.01,72052.43
1775824067.082,167.082,0.12,0.13,0.87,0.88,0.01,0.01,72054.53
1775824067.459,167.459,0.12,0.13,0.86,0.88,0.01,0.02,72054.53
1775824067.807,167.807,0.12,0.13,0.87,0.88,0.01,0.01,72055.37
1775824068.39,168.39,0.12,0.13,0.87,0.88,0.01,0.01,72055.37
1775824068.987,168.987,0.12,0.13,0.87,0.88,0.01,0.01,72055.37
1775824069.488,169.488,0.12,0.13,0.87,0.88,0.01,0.01,72056.47
1775824069.838,169.838,0.14,0.15,0.85,0.86,0.01,0.01,72056.47
1775824070.213,170.213,0.15,0.16,0.84,0.85,0.01,0.01,72056.47
1775824070.571,170.571,0.14,0.15,0.84,0.86,0.01,0.02,72056.47
1775824070.946,170.946,0.14,0.15,0.85,0.86,0.01,0.01,72056.47
1775824071.285,171.285,0.14,0.15,0.85,0.86,0.01,0.01,72056.47
1775824071.703,171.703,0.13,0.14,0.86,0.87,0.01,0.01,72059.6
1775824072.084,172.084,0.13,0.14,0.86,0.87,0.01,0.01,72060.09
1775824072.467,172.467,0.13,0.14,0.86,0.87,0.01,0.01,72060.09
1775824072.923,172.923,0.13,0.14,0.86,0.87,0.01,0.01,72060.09
1775824073.285,173.285,0.13,0.14,0.86,0.87,0.01,0.01,72064.07
1775824073.671,173.671,0.13,0.14,0.86,0.87,0.01,0.01,72064.07
1775824074.027,174.027,0.13,0.14,0.86,0.87,0.01,0.01,72064.07
1775824074.369,174.369,0.12,0.13,0.86,0.9,0.01,0.04,72064.08
1775824074.719,174.719,0.12,0.13,0.87,0.88,0.01,0.01,72064.08
1775824075.125,175.125,0.12,0.13,0.87,0.88,0.01,0.01,72064.08
1775824075.517,175.517,0.11,0.12,0.87,0.88,0.01,0.01,72065.97
1775824075.939,175.939,0.11,0.12,0.88,0.89,0.01,0.01,72065.97
1775824076.849,176.849,0.11,0.12,0.88,0.89,0.01,0.01,72065.97
1775824077.279,177.279,0.1,0.12,0.88,0.89,0.02,0.01,72065.97
1775824077.616,177.616,0.1,0.11,0.89,0.9,0.01,0.01,72067.5
1775824078.285,178.285,0.09,0.1,0.89,0.9,0.01,0.01,72067.57
1775824078.817,178.817,0.09,0.1,0.9,0.91,0.01,0.01,72067.57
1775824079.172,179.172,0.09,0.1,0.9,0.91,0.01,0.01,72067.57
1775824079.759,179.759,0.09,0.1,0.9,0.91,0.01,0.01,72067.17
1775824080.102,180.102,0.09,0.1,0.9,0.91,0.01,0.01,72065.25
1775824080.473,180.473,0.08,0.1,0.9,0.91,0.02,0.01,72065.25
1775824080.812,180.812,0.06,0.08,0.92,0.94,0.02,0.02,72065.25
1775824081.194,181.194,0.05,0.06,0.94,0.95,0.01,0.01,72064.84
1775824081.559,181.559,0.05,0.06,0.94,0.95,0.01,0.01,72064.84
1775824082.006,182.006,0.05,0.06,0.94,0.95,0.01,0.01,72064.84
1775824082.365,182.365,0.06,0.07,0.93,0.94,0.01,0.01,72062.83
1775824082.793,182.793,0.05,0.06,0.94,0.95,0.01,0.01,72062.83
1775824083.303,183.303,0.04,0.05,0.95,0.96,0.01,0.01,72062.83
1775824083.795,183.795,0.04,0.05,0.95,0.96,0.01,0.01,72052.02
1775824084.137,184.137,0.04,0.05,0.93,0.96,0.01,0.03,72052.02
1775824084.491,184.491,0.05,0.06,0.94,0.95,0.01,0.01,72052.39
1775824084.849,184.849,0.05,0.06,0.94,0.95,0.01,0.01,72052.39
1775824085.334,185.334,0.05,0.06,0.94,0.95,0.01,0.01,72050.18
1775824085.667,185.667,0.05,0.06,0.94,0.95,0.01,0.01,72050.18
1775824086.193,186.193,0.05,0.06,0.94,0.95,0.01,0.01,72047.0
1775824086.533,186.533,0.05,0.06,0.94,0.95,0.01,0.01,72047.0
1775824086.901,186.901,0.05,0.06,0.94,0.95,0.01,0.01,72047.0
1775824087.261,187.261,0.05,0.06,0.94,0.95,0.01,0.01,72047.73
1775824087.628,187.628,0.05,0.06,0.94,0.95,0.01,0.01,72047.73
1775824088.117,188.117,0.06,0.07,0.94,0.95,0.01,0.01,72047.73
1775824088.539,188.539,0.06,0.07,0.93,0.94,0.01,0.01,72049.2
1775824089.025,189.025,0.05,0.07,0.93,0.94,0.02,0.01,72049.2
1775824089.532,189.532,0.05,0.06,0.93,0.95,0.01,0.02,72049.2
1775824090.133,190.133,0.05,0.06,0.94,0.95,0.01,0.01,72049.61
1775824090.487,190.487,0.05,0.06,0.94,0.95,0.01,0.01,72049.61
1775824090.992,190.992,0.06,0.07,0.94,0.95,0.01,0.01,72049.61
1775824091.497,191.497,0.07,0.08,0.92,0.93,0.01,0.01,72051.99
1775824091.831,191.831,0.05,0.07,0.92,0.93,0.02,0.01,72051.99
1775824092.348,192.348,0.04,0.05,0.94,0.96,0.01,0.02,72051.99
1775824092.92,192.92,0.04,0.05,0.95,0.96,0.01,0.01,72053.18
1775824093.492,193.492,0.04,0.05,0.95,0.96,0.01,0.01,72055.27
1775824094.184,194.184,0.04,0.05,0.95,0.96,0.01,0.01,72053.66
1775824094.529,194.529,0.04,0.05,0.95,0.96,0.01,0.01,72053.66
1775824095.297,195.297,0.06,0.07,0.93,0.94,0.01,0.01,72053.66
1775824095.637,195.637,0.06,0.07,0.93,0.94,0.01,0.01,72053.66
1775824095.984,195.984,0.06,0.07,0.93,0.94,0.01,0.01,72051.29
1775824096.635,196.635,0.06,0.08,0.93,0.94,0.02,0.01,72051.29
1775824097.016,197.016,0.07,0.08,0.92,0.93,0.01,0.01,72054.28
1775824097.364,197.364,0.08,0.1,0.9,0.93,0.02,0.03,72054.28
1775824098.009,198.009,0.08,0.09,0.91,0.92,0.01,0.01,72058.3
1775824098.345,198.345,0.09,0.1,0.9,0.91,0.01,0.01,72058.94
1775824098.695,198.695,0.07,0.09,0.91,0.92,0.02,0.01,72058.94
1775824099.089,199.089,0.07,0.09,0.91,0.92,0.02,0.01,72058.94
1775824099.766,199.766,0.06,0.08,0.92,0.93,0.02,0.01,72058.87
1775824100.191,200.191,0.06,0.07,0.93,0.94,0.01,0.01,72058.87
1775824100.585,200.585,0.06,0.08,0.92,0.93,0.02,0.01,72058.87
1775824100.918,200.918,0.06,0.08,0.92,0.93,0.02,0.01,72058.87
1775824101.444,201.444,0.06,0.07,0.93,0.96,0.01,0.03,72058.87
1775824102.191,202.191,0.05,0.06,0.93,0.94,0.01,0.01,72058.95
1775824102.622,202.622,0.04,0.05,0.94,0.96,0.01,0.02,72058.03
1775824102.982,202.982,0.04,0.05,0.95,0.96,0.01,0.01,72058.03
1775824103.699,203.699,0.07,0.08,0.95,0.96,0.01,0.01,72058.23
1775824104.04,204.04,0.07,0.08,0.92,0.93,0.01,0.01,72058.23
1775824104.415,204.415,0.07,0.08,0.92,0.94,0.01,0.02,72055.51
1775824104.802,204.802,0.06,0.07,0.93,0.94,0.01,0.01,72055.51
1775824105.141,205.141,0.06,0.07,0.93,0.94,0.01,0.01,72055.51
1775824105.582,205.582,0.06,0.07,0.93,0.94,0.01,0.01,72051.2
1775824106.004,206.004,0.06,0.07,0.93,0.94,0.01,0.01,72051.2
1775824106.338,206.338,0.06,0.07,0.93,0.94,0.01,0.01,72051.03
1775824107.005,207.005,0.07,0.08,0.92,0.94,0.01,0.02,72051.03
1775824107.362,207.362,0.07,0.08,0.92,0.93,0.01,0.01,72051.03
1775824108.103,208.103,0.07,0.1,0.92,0.93,0.03,0.01,72053.57
1775824108.572,208.572,0.09,0.1,0.9,0.91,0.01,0.01,72054.95
1775824109.057,209.057,0.09,0.1,0.9,0.91,0.01,0.01,72054.95
1775824109.416,209.416,0.09,0.1,0.9,0.92,0.01,0.02,72054.95
1775824109.969,209.969,0.08,0.09,0.9,0.91,0.01,0.01,72059.78
1775824110.335,210.335,0.08,0.09,0.91,0.92,0.01,0.01,72059.78
1775824110.735,210.735,0.09,0.1,0.9,0.91,0.01,0.01,72063.22
1775824111.085,211.085,0.09,0.1,0.9,0.91,0.01,0.01,72063.22
1775824111.5,211.5,0.09,0.1,0.9,0.91,0.01,0.01,72063.22
1775824111.89,211.89,0.09,0.11,0.9,0.91,0.02,0.01,72067.42
1775824112.354,212.354,0.09,0.1,0.89,0.91,0.01,0.02,72067.96
1775824112.892,212.892,0.09,0.1,0.9,0.91,0.01,0.01,72067.96
1775824113.23,213.23,0.08,0.09,0.91,0.92,0.01,0.01,72067.96
1775824113.593,213.593,0.08,0.09,0.91,0.92,0.01,0.01,72069.47
1775824114.002,214.002,0.08,0.09,0.91,0.92,0.01,0.01,72069.47
1775824114.484,214.484,0.08,0.09,0.91,0.92,0.01,0.01,72069.84
1775824115.009,215.009,0.08,0.09,0.91,0.92,0.01,0.01,72069.84
1775824116.282,216.282,0.08,0.09,0.91,0.92,0.01,0.01,72070.23
1775824116.645,216.645,0.07,0.08,0.91,0.93,0.01,0.02,72070.21
1775824117.155,217.155,0.07,0.08,0.92,0.93,0.01,0.01,72070.21
1775824117.73,217.73,0.07,0.08,0.92,0.93,0.01,0.01,72070.21
1775824118.101,218.101,0.07,0.08,0.92,0.93,0.01,0.01,72069.32
1775824118.499,218.499,0.07,0.08,0.92,0.93,0.01,0.01,72069.32
1775824119.106,219.106,0.06,0.07,0.92,0.94,0.01,0.02,72069.32
1775824119.543,219.543,0.07,0.08,0.92,0.93,0.01,0.01,72069.32
1775824119.953,219.953,0.07,0.08,0.92,0.93,0.01,0.01,72069.32
1775824120.914,220.914,0.07,0.08,0.92,0.93,0.01,0.01,72069.8
1775824121.373,221.373,0.07,0.08,0.92,0.93,0.01,0.01,72069.8
1775824121.713,221.713,0.09,0.11,0.9,0.91,0.02,0.01,72069.88
1775824122.124,222.124,0.1,0.11,0.89,0.9,0.01,0.01,72070.01
1775824122.674,222.674,0.09,0.1,0.9,0.91,0.01,0.01,72070.01
1775824123.1,223.1,0.09,0.1,0.9,0.91,0.01,0.01,72070.01
1775824123.735,223.735,0.09,0.1,0.9,0.91,0.01,0.01,72071.81
1775824124.105,224.105,0.09,0.1,0.9,0.91,0.01,0.01,72071.81
1775824124.989,224.989,0.09,0.1,0.9,0.91,0.01,0.01,72076.73
1775824125.324,225.324,0.09,0.1,0.9,0.91,0.01,0.01,72076.73
1775824125.851,225.851,0.09,0.1,0.9,0.91,0.01,0.01,72076.05
1775824126.395,226.395,0.09,0.1,0.9,0.91,0.01,0.01,72075.42
1775824126.745,226.745,0.09,0.1,0.9,0.91,0.01,0.01,72075.42
1775824127.105,227.105,0.09,0.1,0.9,0.91,0.01,0.01,72075.42
1775824127.629,227.629,0.09,0.1,0.9,0.91,0.01,0.01,72075.57
1775824128.005,228.005,0.13,0.14,0.86,0.87,0.01,0.01,72075.57
1775824128.529,228.529,0.13,0.14,0.86,0.87,0.01,0.01,72075.57
1775824129.003,229.003,0.13,0.14,0.86,0.87,0.01,0.01,72075.57
1775824129.338,229.338,0.12,0.14,0.86,0.87,0.02,0.01,72077.86
1775824129.811,229.811,0.12,0.13,0.87,0.88,0.01,0.01,72082.54
1775824130.225,230.225,0.12,0.13,0.87,0.88,0.01,0.01,72082.54
1775824130.59,230.59,0.11,0.13,0.87,0.88,0.02,0.01,72084.7
1775824130.951,230.951,0.1,0.11,0.89,0.9,0.01,0.01,72084.7
1775824131.414,231.414,0.09,0.1,0.9,0.91,0.01,0.01,72084.96
1775824131.811,231.811,0.09,0.1,0.9,0.91,0.01,0.01,72084.96
1775824132.175,232.175,0.08,0.09,0.91,0.92,0.01,0.01,72085.24
1775824132.52,232.52,0.08,0.09,0.91,0.93,0.01,0.02,72085.24
1775824132.957,232.957,0.07,0.08,0.92,0.93,0.01,0.01,72085.24
1775824133.375,233.375,0.07,0.08,0.92,0.93,0.01,0.01,72083.12
1775824133.811,233.811,0.08,0.09,0.91,0.92,0.01,0.01,72083.12
1775824134.263,234.263,0.11,0.12,0.89,0.9,0.01,0.01,72083.12
1775824134.71,234.71,0.11,0.12,0.88,0.89,0.01,0.01,72080.16
1775824135.112,235.112,0.11,0.12,0.88,0.89,0.01,0.01,72080.16
1775824135.677,235.677,0.07,0.08,0.88,0.93,0.01,0.05,72078.24
1775824136.047,236.047,0.07,0.08,0.92,0.93,0.01,0.01,72081.03
1775824136.436,236.436,0.06,0.07,0.93,0.94,0.01,0.01,72081.03
1775824136.821,236.821,0.06,0.07,0.93,0.94,0.01,0.01,72081.03
1775824137.346,237.346,0.06,0.07,0.93,0.94,0.01,0.01,72084.03
1775824137.785,237.785,0.06,0.07,0.93,0.94,0.01,0.01,72084.03
1775824138.69,238.69,0.06,0.09,0.93,0.94,0.03,0.01,72080.97
1775824139.032,239.032,0.07,0.08,0.91,0.94,0.01,0.03,72080.97
1775824139.384,239.384,0.07,0.08,0.92,0.93,0.01,0.01,72075.88
1775824139.777,239.777,0.06,0.07,0.93,0.94,0.01,0.01,72075.88
1775824140.131,240.131,0.03,0.05,0.95,0.97,0.02,0.02,72075.88
1775824140.467,240.467,0.03,0.05,0.95,0.97,0.02,0.02,72075.79
1775824140.822,240.822,0.03,0.04,0.96,0.97,0.01,0.01,72075.79
1775824141.288,241.288,0.03,0.04,0.96,0.97,0.01,0.01,72075.79
1775824141.734,241.734,0.03,0.04,0.96,0.97,0.01,0.01,72071.12
1775824142.067,242.067,0.03,0.04,0.96,0.97,0.01,0.01,72055.54
1775824142.404,242.404,0.03,0.04,0.96,0.97,0.01,0.01,72055.54
1775824142.799,242.799,0.02,0.03,0.97,0.98,0.01,0.01,72055.54
1775824143.148,243.148,0.02,0.03,0.97,0.98,0.01,0.01,72055.54
1775824143.514,243.514,0.02,0.03,0.97,0.98,0.01,0.01,72055.54
1775824143.88,243.88,0.02,0.03,0.97,0.98,0.01,0.01,72044.4
1775824144.221,244.221,0.02,0.03,0.97,0.98,0.01,0.01,72044.4
1775824144.563,244.563,0.02,0.03,0.97,0.98,0.01,0.01,72044.65
1775824144.989,244.989,0.02,0.03,0.97,0.98,0.01,0.01,72044.65
1775824145.479,245.479,0.02,0.03,0.97,0.98,0.01,0.01,72046.97
1775824145.819,245.819,0.02,0.03,0.97,0.98,0.01,0.01,72046.97
1775824146.184,246.184,0.02,0.03,0.97,0.98,0.01,0.01,72046.97
1775824146.56,246.56,0.02,0.03,0.97,0.98,0.01,0.01,72049.06
1775824146.931,246.931,0.02,0.03,0.97,0.98,0.01,0.01,72049.06
1775824147.326,247.326,0.01,0.02,0.97,0.99,0.01,0.02,72047.44
1775824147.659,247.659,0.01,0.02,0.98,0.99,0.01,0.01,72047.44
1775824148.049,248.049,0.01,0.02,0.98,0.99,0.01,0.01,72047.44
1775824148.393,248.393,0.01,0.02,0.98,0.99,0.01,0.01,72047.44
1775824148.848,248.848,0.01,0.02,0.98,0.99,0.01,0.01,72044.46
1775824149.275,249.275,0.01,0.02,0.98,0.99,0.01,0.01,72044.46
1775824149.642,249.642,0.01,0.02,0.98,0.99,0.01,0.01,72043.94
1775824150.003,250.003,0.01,0.02,0.98,0.99,0.01,0.01,72040.03
1775824150.35,250.35,0.01,0.02,0.98,0.99,0.01,0.01,72040.03
1775824150.783,250.783,0.01,0.02,0.98,0.99,0.01,0.01,72040.03
1775824151.195,251.195,0.01,0.02,0.98,0.99,0.01,0.01,72040.03
1775824151.59,251.59,0.01,0.02,0.98,0.99,0.01,0.01,72040.49
1775824152.084,252.084,0.01,0.02,0.98,0.99,0.01,0.01,72040.49
1775824152.505,252.505,0.01,0.02,0.98,0.99,0.01,0.01,72040.49
1775824152.883,252.883,0.01,0.02,0.98,0.99,0.01,0.01,72038.59
1775824153.264,253.264,0.01,0.02,0.98,0.99,0.01,0.01,72038.38
1775824153.618,253.618,0.01,0.02,0.98,0.99,0.01,0.01,72038.38
1775824153.994,253.994,0.01,0.02,0.98,0.99,0.01,0.01,72038.38
1775824154.368,254.368,0.01,0.02,0.98,0.99,0.01,0.01,72038.38
1775824154.702,254.702,0.01,0.01,0.98,0.99,0.0,0.01,72039.56
1775824155.054,255.054,0.01,0.01,0.99,0.99,0.0,0.0,72039.56
1775824155.395,255.395,0.01,0.01,0.99,0.99,0.0,0.0,72037.53
1775824155.813,255.813,0.01,0.01,0.99,0.99,0.0,0.0,72037.53
1775824156.248,256.248,0.01,0.01,0.99,0.99,0.0,0.0,72037.53
1775824156.622,256.622,0.01,0.01,0.99,0.99,0.0,0.0,72035.4
1775824157.194,257.194,0.01,0.01,0.99,0.99,0.0,0.0,72035.4
1775824157.631,257.631,0.01,0.01,0.99,0.99,0.0,0.0,72035.4
1775824157.99,257.99,0.01,0.01,0.99,0.99,0.0,0.0,72034.07
1775824158.57,258.57,0.01,0.01,0.99,0.99,0.0,0.0,72034.17
1775824159.287,259.287,0.01,0.01,0.99,0.99,0.0,0.0,72034.17
1775824159.815,259.815,0.01,0.01,0.99,0.99,0.0,0.0,72032.93
1775824161.858,261.858,0.01,0.01,0.99,0.99,0.0,0.0,72026.29
1775824162.334,262.334,0.01,0.01,0.99,0.99,0.0,0.0,72025.21
1775824162.723,262.723,0.01,0.01,0.99,0.99,0.0,0.0,72025.21
1775824163.227,263.227,0.01,0.01,0.99,0.99,0.0,0.0,72023.72
1775824163.902,263.902,0.01,0.01,0.99,0.99,0.0,0.0,72023.72
1775824164.484,264.484,0.01,0.01,0.99,0.99,0.0,0.0,72025.54
1775824164.958,264.958,0.01,0.01,0.99,0.99,0.0,0.0,72025.54
1775824165.358,265.358,0.01,0.01,0.99,0.99,0.0,0.0,72031.31
1775824165.84,265.84,0.01,0.01,0.99,0.99,0.0,0.0,72031.31
1775824166.234,266.234,0.01,0.01,0.99,0.99,0.0,0.0,72031.76
1775824166.815,266.815,0.01,0.01,0.99,0.99,0.0,0.0,72031.76
1775824168.005,268.005,0.01,0.01,0.99,0.99,0.0,0.0,72036.23
1775824168.596,268.596,0.01,0.01,0.99,0.99,0.0,0.0,72036.23
1775824170.544,270.544,0.01,0.01,0.99,0.99,0.0,0.0,72033.31
1775824171.484,271.484,0.01,0.01,0.99,0.99,0.0,0.0,72031.41
1775824171.858,271.858,0.01,0.01,0.99,0.99,0.0,0.0,72031.41
1775824172.642,272.642,0.01,0.01,0.99,0.99,0.0,0.0,72031.11
1775824173.219,273.219,0.01,0.01,0.99,0.99,0.0,0.0,72031.11
1775824174.014,274.014,0.01,0.01,0.99,0.99,0.0,0.0,72029.49
1775824174.39,274.39,0.01,0.01,0.99,0.99,0.0,0.0,72029.49
1775824174.884,274.884,0.01,0.01,0.99,0.99,0.0,0.0,72029.49
1775824177.689,277.689,0.01,0.01,0.99,0.99,0.0,0.0,72027.8
1775824178.318,278.318,0.01,0.01,0.99,0.99,0.0,0.0,72027.8
1775824179.644,279.644,0.01,0.01,0.99,0.99,0.0,0.0,72031.21
1775824181.293,281.293,0.01,0.01,0.99,0.99,0.0,0.0,72031.32
1775824181.88,281.88,0.01,0.01,0.99,0.99,0.0,0.0,72030.17
1775824182.703,282.703,0.01,0.01,0.99,0.99,0.0,0.0,72030.17
1775824183.277,283.277,0.01,0.01,0.99,0.99,0.0,0.0,72029.38
1775824184.767,284.767,0.01,0.01,0.99,0.99,0.0,0.0,72030.38
1775824188.137,288.137,0.01,0.01,0.99,0.99,0.0,0.0,72026.62
1775824188.971,288.971,0.01,0.01,0.99,0.99,0.0,0.0,72025.92
1775824189.77,289.77,0.01,0.01,0.99,0.99,0.0,0.0,72027.55
1775824190.26,290.26,0.01,0.01,0.99,0.99,0.0,0.0,72027.55
1775824190.718,290.718,0.01,0.01,0.99,0.99,0.0,0.0,72039.62
1775824191.183,291.183,0.01,0.01,0.99,0.99,0.0,0.0,72039.62
1775824191.645,291.645,0.01,0.01,0.99,0.99,0.0,0.0,72057.29
1775824192.128,292.128,0.01,0.01,0.99,0.99,0.0,0.0,72057.29
1775824193.802,293.802,0.01,0.01,0.99,0.99,0.0,0.0,72071.44
1775824195.137,295.137,0.01,0.01,0.99,0.99,0.0,0.0,72081.37
1775824195.527,295.527,0.01,0.01,0.99,0.99,0.0,0.0,72081.37
1775824196.017,296.017,0.01,0.01,0.99,0.99,0.0,0.0,72080.9
1775824197.38,297.38,0.01,0.01,0.99,0.99,0.0,0.0,72081.36
1775824197.956,297.956,0.002,0.009,0.99,0.99,0.007,0.0,72081.36
1775824198.422,298.422,0.001,0.002,0.991,0.998,0.001,0.007,72082.39
1775824198.755,298.755,0.001,0.002,0.998,0.999,0.001,0.001,72082.39
1775824199.094,299.094,0.001,0.01,0.99,0.999,0.009,0.009,72081.49
1775824199.441,299.441,0.01,0.1,0.95,0.99,0.09,0.04,72081.49
1775824199.774,299.774,0.51,0.69,0.31,0.49,0.18,0.18,72081.49
1775824200.109,300.109,0.7,0.73,0.27,0.3,0.03,0.03,72081.49
1775824200.443,300.443,0.99,0.999,0.001,0.01,0.009,0.009,72104.97
1775824200.78,300.78,0.99,0.999,0.001,0.01,0.009,0.009,72104.97

# RESULT,winner=Down,slug=btc-updown-5m-1775823900,ticks=649
