timestamp,elapsed_sec,up_bid,up_ask,down_bid,down_ask,up_spread,down_spread,btc_price,btc_oracle_ts
1777292700.547,0.547,0.5,0.51,0.47,0.49,0.01,0.02,77770.05,1777292699000
1777292700.883,0.883,0.53,0.54,0.46,0.47,0.01,0.01,77770.05,1777292699000
1777292701.247,1.247,0.53,0.55,0.46,0.47,0.02,0.01,77770.05,1777292699000
1777292701.633,1.633,0.54,0.55,0.44,0.46,0.01,0.02,77770.45,1777292700000
1777292702.136,2.136,0.54,0.55,0.45,0.46,0.01,0.01,77770.45,1777292700000
1777292702.479,2.479,0.54,0.55,0.45,0.46,0.01,0.01,77770.42,1777292701000
1777292702.828,2.828,0.54,0.57,0.45,0.46,0.03,0.01,77770.42,1777292701000
1777292703.233,3.233,0.57,0.61,0.39,0.46,0.04,0.07,77770.28,1777292702000
1777292703.615,3.615,0.58,0.59,0.38,0.39,0.01,0.01,77770.28,1777292702000
1777292704.212,4.212,0.64,0.65,0.35,0.36,0.01,0.01,77770.28,1777292702000
1777292704.578,4.578,0.64,0.65,0.35,0.36,0.01,0.01,77770.28,1777292702000
1777292704.969,4.969,0.64,0.65,0.35,0.36,0.01,0.01,77773.27,1777292703000
1777292705.547,5.547,0.64,0.65,0.35,0.36,0.01,0.01,77773.27,1777292703000
1777292705.96,5.96,0.64,0.65,0.35,0.36,0.01,0.01,77783.23,1777292704000
1777292706.376,6.376,0.64,0.65,0.35,0.36,0.01,0.01,77783.23,1777292704000
1777292706.967,6.967,0.64,0.65,0.35,0.36,0.01,0.01,77783.21,1777292705000
1777292707.549,7.549,0.64,0.65,0.35,0.36,0.01,0.01,77785.52,1777292706000
1777292708.134,8.134,0.64,0.65,0.35,0.36,0.01,0.01,77785.63,1777292707000
1777292708.739,8.739,0.64,0.65,0.35,0.36,0.01,0.01,77785.63,1777292707000
1777292709.143,9.143,0.64,0.65,0.35,0.36,0.01,0.01,77785.63,1777292707000
1777292709.524,9.524,0.64,0.65,0.35,0.36,0.01,0.01,77785.63,1777292707000
1777292709.895,9.895,0.64,0.65,0.35,0.36,0.01,0.01,77785.8,1777292708000
1777292710.268,10.268,0.64,0.65,0.35,0.36,0.01,0.01,77786.24,1777292709000
1777292710.791,10.791,0.64,0.65,0.35,0.36,0.01,0.01,77786.24,1777292709000
1777292711.148,11.148,0.64,0.65,0.35,0.36,0.01,0.01,77786.24,1777292709000
1777292711.56,11.56,0.65,0.66,0.34,0.36,0.01,0.02,77786.24,1777292709000
1777292712.13,12.13,0.65,0.66,0.34,0.35,0.01,0.01,77786.56,1777292710000
1777292712.499,12.499,0.65,0.66,0.34,0.35,0.01,0.01,77786.56,1777292710000
1777292712.917,12.917,0.65,0.66,0.34,0.35,0.01,0.01,77785.04,1777292711000
1777292713.38,13.38,0.65,0.66,0.34,0.35,0.01,0.01,77787.28,1777292712000
1777292713.729,13.729,0.69,0.7,0.3,0.32,0.01,0.02,77787.28,1777292712000
1777292714.082,14.082,0.69,0.7,0.3,0.31,0.01,0.01,77787.28,1777292712000
1777292714.672,14.672,0.69,0.7,0.3,0.31,0.01,0.01,77787.31,1777292713000
1777292715.214,15.214,0.69,0.7,0.3,0.31,0.01,0.01,77787.31,1777292713000
1777292715.648,15.648,0.69,0.7,0.3,0.31,0.01,0.01,77791.38,1777292714000
1777292715.981,15.981,0.69,0.7,0.3,0.31,0.01,0.01,77791.38,1777292714000
1777292716.316,16.316,0.69,0.74,0.26,0.31,0.05,0.05,77792.3,1777292715000
1777292716.674,16.674,0.69,0.7,0.3,0.31,0.01,0.01,77792.3,1777292715000
1777292717.218,17.218,0.69,0.73,0.27,0.31,0.04,0.04,77792.3,1777292715000
1777292717.747,17.747,0.71,0.72,0.27,0.3,0.01,0.03,77792.3,1777292715000
1777292718.082,18.082,0.69,0.72,0.28,0.29,0.03,0.01,77795.73,1777292716000
1777292718.433,18.433,0.7,0.72,0.28,0.31,0.02,0.03,77795.73,1777292716000
1777292718.794,18.794,0.71,0.78,0.28,0.29,0.07,0.01,77797.1,1777292717000
1777292719.132,19.132,0.74,0.78,0.22,0.26,0.04,0.04,77797.1,1777292717000
1777292719.486,19.486,0.66,0.72,0.28,0.29,0.06,0.01,77802.41,1777292718000
1777292719.839,19.839,0.65,0.67,0.33,0.34,0.02,0.01,77802.41,1777292718000
1777292720.18,20.18,0.61,0.65,0.35,0.38,0.04,0.03,77802.41,1777292718000
1777292720.541,20.541,0.65,0.66,0.34,0.35,0.01,0.01,77802.41,1777292718000
1777292720.901,20.901,0.65,0.66,0.34,0.35,0.01,0.01,77794.0,1777292719000
1777292721.262,21.262,0.65,0.66,0.34,0.35,0.01,0.01,77794.0,1777292719000
1777292721.778,21.778,0.65,0.66,0.34,0.35,0.01,0.01,77790.4,1777292720000
1777292722.564,22.564,0.64,0.65,0.35,0.36,0.01,0.01,77790.4,1777292720000
1777292722.913,22.913,0.64,0.65,0.35,0.36,0.01,0.01,77789.59,1777292721000
1777292723.4,23.4,0.64,0.65,0.35,0.36,0.01,0.01,77788.46,1777292722000
1777292723.764,23.764,0.64,0.65,0.35,0.36,0.01,0.01,77788.46,1777292722000
1777292724.147,24.147,0.64,0.65,0.35,0.36,0.01,0.01,77788.46,1777292722000
1777292724.671,24.671,0.61,0.62,0.37,0.39,0.01,0.02,77788.46,1777292722000
1777292725.018,25.018,0.61,0.62,0.38,0.39,0.01,0.01,77787.53,1777292723000
1777292725.44,25.44,0.61,0.62,0.38,0.39,0.01,0.01,77787.8,1777292724000
1777292725.891,25.891,0.61,0.62,0.38,0.39,0.01,0.01,77787.8,1777292724000
1777292726.297,26.297,0.61,0.62,0.38,0.39,0.01,0.01,77787.19,1777292725000
1777292726.853,26.853,0.61,0.62,0.38,0.39,0.01,0.01,77787.19,1777292725000
1777292727.27,27.27,0.61,0.62,0.38,0.39,0.01,0.01,77787.19,1777292725000
1777292727.717,27.717,0.61,0.62,0.38,0.39,0.01,0.01,77787.16,1777292726000
1777292728.055,28.055,0.61,0.63,0.37,0.39,0.02,0.02,77787.16,1777292727000
1777292728.469,28.469,0.62,0.63,0.37,0.38,0.01,0.01,77787.16,1777292727000
1777292728.993,28.993,0.62,0.63,0.37,0.38,0.01,0.01,77787.16,1777292727000
1777292729.432,29.432,0.6,0.63,0.37,0.38,0.03,0.01,77786.8,1777292728000
1777292729.797,29.797,0.6,0.61,0.39,0.4,0.01,0.01,77786.8,1777292728000
1777292730.288,30.288,0.61,0.62,0.38,0.4,0.01,0.02,77786.8,1777292728000
1777292730.658,30.658,0.61,0.62,0.38,0.39,0.01,0.01,77787.17,1777292729000
1777292731.027,31.027,0.6,0.61,0.39,0.4,0.01,0.01,77787.17,1777292729000
1777292731.444,31.444,0.6,0.61,0.39,0.4,0.01,0.01,77787.17,1777292730000
1777292731.922,31.922,0.6,0.61,0.39,0.4,0.01,0.01,77787.17,1777292730000
1777292732.307,32.307,0.6,0.61,0.39,0.4,0.01,0.01,77787.17,1777292731000
1777292732.874,32.874,0.6,0.61,0.39,0.4,0.01,0.01,77787.17,1777292731000
1777292733.215,33.215,0.6,0.61,0.39,0.4,0.01,0.01,77787.17,1777292731000
1777292733.701,33.701,0.6,0.61,0.39,0.4,0.01,0.01,77787.17,1777292731000
1777292734.116,34.116,0.6,0.61,0.39,0.4,0.01,0.01,77785.69,1777292732000
1777292734.587,34.587,0.6,0.61,0.39,0.4,0.01,0.01,77785.69,1777292733000
1777292735.495,35.495,0.6,0.61,0.39,0.4,0.01,0.01,77783.98,1777292734000
1777292735.906,35.906,0.6,0.61,0.39,0.4,0.01,0.01,77783.98,1777292734000
1777292736.252,36.252,0.6,0.61,0.39,0.4,0.01,0.01,77783.95,1777292735000
1777292736.611,36.611,0.6,0.62,0.39,0.4,0.02,0.01,77783.95,1777292735000
1777292737.578,37.578,0.61,0.62,0.38,0.39,0.01,0.01,77783.95,1777292735000
1777292738.035,38.035,0.61,0.62,0.38,0.39,0.01,0.01,77783.95,1777292735000
1777292738.501,38.501,0.61,0.62,0.38,0.39,0.01,0.01,77783.49,1777292737000
1777292739.435,39.435,0.61,0.62,0.38,0.39,0.01,0.01,77783.18,1777292738000
1777292740.036,40.036,0.61,0.62,0.38,0.39,0.01,0.01,77783.13,1777292739000
1777292740.601,40.601,0.61,0.62,0.38,0.39,0.01,0.01,77783.13,1777292739000
1777292740.992,40.992,0.61,0.62,0.38,0.39,0.01,0.01,77783.13,1777292739000
1777292741.858,41.858,0.61,0.62,0.38,0.39,0.01,0.01,77783.24,1777292740000
1777292742.39,42.39,0.61,0.62,0.38,0.39,0.01,0.01,77783.72,1777292741000
1777292742.742,42.742,0.61,0.62,0.38,0.39,0.01,0.01,77783.72,1777292741000
1777292743.17,43.17,0.61,0.62,0.38,0.39,0.01,0.01,77783.79,1777292742000
1777292743.702,43.702,0.61,0.62,0.38,0.39,0.01,0.01,77783.79,1777292742000
1777292744.193,44.193,0.61,0.62,0.38,0.39,0.01,0.01,77783.89,1777292743000
1777292744.74,44.74,0.61,0.62,0.38,0.39,0.01,0.01,77783.89,1777292743000
1777292745.343,45.343,0.61,0.62,0.38,0.39,0.01,0.01,77783.86,1777292744000
1777292745.882,45.882,0.61,0.63,0.38,0.39,0.02,0.01,77783.86,1777292744000
1777292746.229,46.229,0.62,0.63,0.37,0.39,0.01,0.02,77783.86,1777292744000
1777292746.618,46.618,0.62,0.63,0.37,0.38,0.01,0.01,77783.88,1777292745000
1777292747.133,47.133,0.61,0.63,0.37,0.38,0.02,0.01,77783.88,1777292745000
1777292748.204,48.204,0.61,0.63,0.37,0.39,0.02,0.02,77783.9,1777292747000
1777292748.67,48.67,0.61,0.62,0.37,0.39,0.01,0.02,77783.9,1777292747000
1777292749.36,49.36,0.61,0.62,0.38,0.39,0.01,0.01,77783.75,1777292748000
1777292749.966,49.966,0.61,0.62,0.38,0.39,0.01,0.01,77783.75,1777292749000
1777292750.316,50.316,0.61,0.62,0.38,0.39,0.01,0.01,77783.75,1777292749000
1777292750.712,50.712,0.61,0.62,0.38,0.39,0.01,0.01,77783.75,1777292749000
1777292751.099,51.099,0.61,0.62,0.38,0.39,0.01,0.01,77783.65,1777292750000
1777292751.697,51.697,0.61,0.62,0.38,0.39,0.01,0.01,77783.65,1777292750000
1777292752.29,52.29,0.62,0.63,0.37,0.39,0.01,0.02,77783.65,1777292750000
1777292752.757,52.757,0.62,0.63,0.37,0.38,0.01,0.01,77784.42,1777292751000
1777292753.136,53.136,0.61,0.62,0.37,0.39,0.01,0.02,77784.42,1777292751000
1777292753.504,53.504,0.61,0.62,0.38,0.39,0.01,0.01,77783.44,1777292752000
1777292753.958,53.958,0.61,0.62,0.38,0.39,0.01,0.01,77783.43,1777292753000
1777292754.453,54.453,0.61,0.62,0.38,0.39,0.01,0.01,77783.43,1777292753000
1777292754.801,54.801,0.61,0.62,0.38,0.39,0.01,0.01,77783.43,1777292753000
1777292755.201,55.201,0.61,0.62,0.38,0.39,0.01,0.01,77783.64,1777292754000
1777292755.694,55.694,0.6,0.62,0.38,0.4,0.02,0.02,77783.64,1777292754000
1777292756.14,56.14,0.61,0.62,0.38,0.39,0.01,0.01,77783.88,1777292755000
1777292756.501,56.501,0.61,0.62,0.38,0.39,0.01,0.01,77783.88,1777292755000
1777292756.923,56.923,0.61,0.62,0.38,0.39,0.01,0.01,77783.88,1777292755000
1777292757.365,57.365,0.61,0.62,0.38,0.39,0.01,0.01,77784.51,1777292756000
1777292758.051,58.051,0.61,0.62,0.38,0.39,0.01,0.01,77784.51,1777292757000
1777292758.519,58.519,0.59,0.62,0.38,0.39,0.03,0.01,77784.51,1777292757000
1777292759.09,59.09,0.59,0.6,0.4,0.41,0.01,0.01,77784.51,1777292758000
1777292759.436,59.436,0.59,0.6,0.4,0.41,0.01,0.01,77784.51,1777292758000
1777292759.865,59.865,0.59,0.6,0.4,0.41,0.01,0.01,77784.51,1777292758000
1777292760.245,60.245,0.59,0.6,0.4,0.41,0.01,0.01,77785.26,1777292759000
1777292760.666,60.666,0.6,0.61,0.39,0.4,0.01,0.01,77785.26,1777292759000
1777292761.075,61.075,0.6,0.61,0.39,0.4,0.01,0.01,77785.26,1777292759000
1777292761.611,61.611,0.6,0.61,0.39,0.4,0.01,0.01,77785.26,1777292760000
1777292762.171,62.171,0.6,0.61,0.39,0.4,0.01,0.01,77785.5,1777292761000
1777292762.657,62.657,0.6,0.61,0.39,0.4,0.01,0.01,77785.5,1777292761000
1777292763.186,63.186,0.6,0.61,0.39,0.4,0.01,0.01,77785.26,1777292762000
1777292763.528,63.528,0.57,0.6,0.4,0.41,0.03,0.01,77785.26,1777292762000
1777292763.924,63.924,0.57,0.58,0.42,0.43,0.01,0.01,77785.26,1777292762000
1777292764.398,64.398,0.56,0.58,0.42,0.43,0.02,0.01,77785.26,1777292763000
1777292764.831,64.831,0.56,0.57,0.43,0.44,0.01,0.01,77785.26,1777292763000
1777292765.283,65.283,0.55,0.56,0.44,0.45,0.01,0.01,77785.26,1777292763000
1777292766.226,66.226,0.55,0.56,0.44,0.45,0.01,0.01,77783.04,1777292764000
1777292766.559,66.559,0.43,0.5,0.5,0.57,0.07,0.07,77783.04,1777292764000
1777292766.898,66.898,0.4,0.43,0.56,0.6,0.03,0.04,77781.21,1777292765000
1777292767.235,67.235,0.41,0.42,0.58,0.59,0.01,0.01,77781.21,1777292765000
1777292767.569,67.569,0.39,0.41,0.59,0.61,0.02,0.02,77779.01,1777292766000
1777292767.929,67.929,0.39,0.4,0.6,0.61,0.01,0.01,77779.01,1777292766000
1777292768.464,68.464,0.39,0.4,0.6,0.61,0.01,0.01,77779.01,1777292766000
1777292768.915,68.915,0.39,0.4,0.6,0.61,0.01,0.01,77768.14,1777292767000
1777292769.35,69.35,0.39,0.4,0.6,0.61,0.01,0.01,77768.14,1777292767000
1777292769.955,69.955,0.39,0.4,0.6,0.61,0.01,0.01,77763.98,1777292768000
1777292770.291,70.291,0.39,0.4,0.6,0.61,0.01,0.01,77763.98,1777292769000
1777292770.821,70.821,0.39,0.4,0.6,0.61,0.01,0.01,77763.98,1777292769000
1777292771.161,71.161,0.37,0.38,0.62,0.63,0.01,0.01,77763.05,1777292770000
1777292771.627,71.627,0.37,0.38,0.62,0.63,0.01,0.01,77763.05,1777292770000
1777292772.237,72.237,0.37,0.38,0.62,0.63,0.01,0.01,77762.78,1777292771000
1777292772.596,72.596,0.37,0.39,0.62,0.63,0.02,0.01,77762.78,1777292771000
1777292772.934,72.934,0.38,0.39,0.61,0.62,0.01,0.01,77762.78,1777292771000
1777292773.27,73.27,0.38,0.39,0.61,0.62,0.01,0.01,77761.63,1777292772000
1777292774.048,74.048,0.38,0.39,0.61,0.62,0.01,0.01,77761.63,1777292772000
1777292774.451,74.451,0.38,0.39,0.61,0.62,0.01,0.01,77761.44,1777292773000
1777292774.803,74.803,0.38,0.39,0.61,0.62,0.01,0.01,77761.44,1777292773000
1777292775.21,75.21,0.37,0.38,0.62,0.63,0.01,0.01,77761.94,1777292774000
1777292775.745,75.745,0.37,0.38,0.62,0.63,0.01,0.01,77761.94,1777292774000
1777292776.133,76.133,0.37,0.38,0.62,0.63,0.01,0.01,77761.94,1777292774000
1777292776.591,76.591,0.37,0.38,0.62,0.63,0.01,0.01,77763.5,1777292775000
1777292777.025,77.025,0.37,0.38,0.62,0.63,0.01,0.01,77763.5,1777292775000
1777292777.573,77.573,0.37,0.38,0.62,0.63,0.01,0.01,77762.01,1777292776000
1777292778.046,78.046,0.37,0.38,0.62,0.63,0.01,0.01,77762.01,1777292776000
1777292778.555,78.555,0.37,0.38,0.62,0.63,0.01,0.01,77761.71,1777292777000
1777292778.929,78.929,0.37,0.38,0.62,0.63,0.01,0.01,77761.71,1777292777000
1777292779.316,79.316,0.36,0.37,0.62,0.64,0.01,0.02,77761.71,1777292777000
1777292779.697,79.697,0.36,0.37,0.63,0.64,0.01,0.01,77761.34,1777292778000
1777292780.085,80.085,0.36,0.37,0.63,0.64,0.01,0.01,77761.34,1777292778000
1777292780.587,80.587,0.36,0.37,0.63,0.64,0.01,0.01,77761.16,1777292779000
1777292780.977,80.977,0.36,0.37,0.63,0.64,0.01,0.01,77760.58,1777292780000
1777292781.435,81.435,0.36,0.37,0.63,0.64,0.01,0.01,77760.58,1777292780000
1777292781.846,81.846,0.35,0.36,0.64,0.65,0.01,0.01,77760.58,1777292780000
1777292782.365,82.365,0.36,0.37,0.63,0.64,0.01,0.01,77760.58,1777292780000
1777292782.971,82.971,0.35,0.37,0.63,0.64,0.02,0.01,77758.86,1777292781000
1777292783.378,83.378,0.31,0.32,0.68,0.69,0.01,0.01,77758.86,1777292781000
1777292783.725,83.725,0.31,0.32,0.68,0.69,0.01,0.01,77759.14,1777292782000
1777292784.111,84.111,0.34,0.35,0.65,0.66,0.01,0.01,77759.14,1777292782000
1777292784.495,84.495,0.3,0.31,0.65,0.7,0.01,0.05,77759.45,1777292783000
1777292785.058,85.058,0.3,0.31,0.69,0.7,0.01,0.01,77759.45,1777292783000
1777292785.441,85.441,0.3,0.31,0.69,0.7,0.01,0.01,77759.45,1777292783000
1777292786.033,86.033,0.3,0.31,0.69,0.7,0.01,0.01,77752.92,1777292785000
1777292786.438,86.438,0.3,0.31,0.69,0.7,0.01,0.01,77752.92,1777292785000
1777292787.138,87.138,0.28,0.31,0.69,0.7,0.03,0.01,77752.92,1777292785000
1777292787.549,87.549,0.29,0.31,0.69,0.72,0.02,0.03,77753.39,1777292786000
1777292787.924,87.924,0.28,0.29,0.7,0.72,0.01,0.02,77753.39,1777292786000
1777292788.27,88.27,0.28,0.29,0.71,0.72,0.01,0.01,77753.39,1777292786000
1777292788.778,88.778,0.27,0.28,0.72,0.73,0.01,0.01,77753.01,1777292787000
1777292789.121,89.121,0.27,0.28,0.72,0.73,0.01,0.01,77752.21,1777292788000
1777292789.47,89.47,0.27,0.28,0.72,0.73,0.01,0.01,77752.21,1777292788000
1777292789.804,89.804,0.27,0.28,0.72,0.73,0.01,0.01,77752.21,1777292788000
1777292790.239,90.239,0.27,0.28,0.72,0.73,0.01,0.01,77752.21,1777292788000
1777292790.618,90.618,0.28,0.29,0.71,0.73,0.01,0.02,77753.36,1777292789000
1777292791.092,91.092,0.29,0.31,0.69,0.71,0.02,0.02,77753.36,1777292789000
1777292791.495,91.495,0.31,0.32,0.68,0.69,0.01,0.01,77753.13,1777292790000
1777292791.837,91.837,0.27,0.28,0.72,0.73,0.01,0.01,77753.13,1777292790000
1777292792.189,92.189,0.28,0.3,0.68,0.72,0.02,0.04,77753.13,1777292790000
1777292792.584,92.584,0.29,0.3,0.7,0.71,0.01,0.01,77754.1,1777292791000
1777292793.108,93.108,0.29,0.3,0.7,0.71,0.01,0.01,77754.1,1777292791000
1777292793.463,93.463,0.29,0.3,0.7,0.71,0.01,0.01,77754.1,1777292791000
1777292793.993,93.993,0.29,0.3,0.7,0.71,0.01,0.01,77753.43,1777292792000
1777292794.469,94.469,0.29,0.3,0.7,0.71,0.01,0.01,77749.76,1777292793000
1777292795.056,95.056,0.29,0.3,0.7,0.71,0.01,0.01,77749.76,1777292793000
1777292795.458,95.458,0.28,0.3,0.7,0.71,0.02,0.01,77749.76,1777292793000
1777292795.917,95.917,0.25,0.26,0.74,0.75,0.01,0.01,77752.19,1777292794000
1777292796.446,96.446,0.25,0.26,0.74,0.75,0.01,0.01,77752.19,1777292794000
1777292796.919,96.919,0.25,0.26,0.74,0.75,0.01,0.01,77751.22,1777292795000
1777292797.459,97.459,0.25,0.26,0.74,0.75,0.01,0.01,77751.03,1777292796000
1777292797.854,97.854,0.25,0.26,0.74,0.75,0.01,0.01,77751.03,1777292796000
1777292798.223,98.223,0.26,0.28,0.72,0.74,0.02,0.02,77749.11,1777292797000
1777292798.61,98.61,0.28,0.29,0.71,0.72,0.01,0.01,77749.11,1777292797000
1777292798.957,98.957,0.28,0.29,0.71,0.72,0.01,0.01,77749.11,1777292797000
1777292799.326,99.326,0.28,0.29,0.71,0.72,0.01,0.01,77747.17,1777292798000
1777292799.734,99.734,0.28,0.29,0.71,0.72,0.01,0.01,77747.17,1777292798000
1777292800.109,100.109,0.28,0.29,0.71,0.72,0.01,0.01,77747.17,1777292798000
1777292800.516,100.516,0.28,0.29,0.71,0.72,0.01,0.01,77748.27,1777292799000
1777292800.855,100.855,0.29,0.3,0.7,0.71,0.01,0.01,77748.27,1777292799000
1777292801.262,101.262,0.29,0.3,0.7,0.71,0.01,0.01,77747.75,1777292800000
1777292801.675,101.675,0.29,0.3,0.7,0.71,0.01,0.01,77747.75,1777292800000
1777292802.163,102.163,0.28,0.29,0.71,0.72,0.01,0.01,77747.75,1777292800000
1777292802.641,102.641,0.28,0.29,0.71,0.72,0.01,0.01,77747.51,1777292801000
1777292802.993,102.993,0.28,0.29,0.71,0.72,0.01,0.01,77747.51,1777292801000
1777292803.343,103.343,0.29,0.3,0.7,0.72,0.01,0.02,77748.14,1777292802000
1777292803.821,103.821,0.29,0.3,0.7,0.71,0.01,0.01,77748.14,1777292802000
1777292804.276,104.276,0.29,0.3,0.7,0.71,0.01,0.01,77747.37,1777292803000
1777292804.926,104.926,0.29,0.3,0.7,0.71,0.01,0.01,77747.37,1777292803000
1777292805.266,105.266,0.29,0.3,0.7,0.71,0.01,0.01,77747.37,1777292803000
1777292805.651,105.651,0.29,0.3,0.7,0.71,0.01,0.01,77747.47,1777292804000
1777292806.012,106.012,0.29,0.3,0.7,0.71,0.01,0.01,77747.47,1777292804000
1777292806.383,106.383,0.29,0.3,0.7,0.71,0.01,0.01,77747.48,1777292805000
1777292806.81,106.81,0.29,0.3,0.7,0.71,0.01,0.01,77747.48,1777292805000
1777292807.189,107.189,0.29,0.3,0.7,0.71,0.01,0.01,77747.48,1777292805000
1777292807.656,107.656,0.29,0.3,0.7,0.71,0.01,0.01,77747.34,1777292806000
1777292808.307,108.307,0.29,0.3,0.7,0.71,0.01,0.01,77747.34,1777292806000
1777292808.754,108.754,0.29,0.3,0.7,0.71,0.01,0.01,77747.08,1777292807000
1777292809.146,109.146,0.29,0.3,0.7,0.71,0.01,0.01,77747.08,1777292807000
1777292809.499,109.499,0.29,0.3,0.7,0.71,0.01,0.01,77747.08,1777292807000
1777292809.928,109.928,0.29,0.3,0.7,0.71,0.01,0.01,77747.92,1777292808000
1777292810.356,110.356,0.29,0.3,0.7,0.71,0.01,0.01,77747.92,1777292808000
1777292810.693,110.693,0.29,0.3,0.7,0.71,0.01,0.01,77747.94,1777292809000
1777292811.049,111.049,0.29,0.3,0.7,0.71,0.01,0.01,77747.94,1777292809000
1777292811.4,111.4,0.29,0.3,0.7,0.71,0.01,0.01,77747.85,1777292810000
1777292811.776,111.776,0.29,0.3,0.7,0.71,0.01,0.01,77747.85,1777292810000
1777292812.122,112.122,0.29,0.3,0.7,0.71,0.01,0.01,77747.85,1777292810000
1777292812.46,112.46,0.29,0.3,0.7,0.71,0.01,0.01,77747.53,1777292811000
1777292812.816,112.816,0.29,0.3,0.7,0.71,0.01,0.01,77747.53,1777292811000
1777292813.149,113.149,0.29,0.3,0.7,0.71,0.01,0.01,77747.53,1777292812000
1777292813.518,113.518,0.29,0.3,0.7,0.71,0.01,0.01,77747.53,1777292812000
1777292813.886,113.886,0.29,0.3,0.7,0.71,0.01,0.01,77747.53,1777292812000
1777292814.239,114.239,0.29,0.3,0.7,0.71,0.01,0.01,77748.04,1777292813000
1777292814.734,114.734,0.29,0.3,0.7,0.71,0.01,0.01,77748.04,1777292813000
1777292815.073,115.073,0.31,0.32,0.68,0.69,0.01,0.01,77748.04,1777292813000
1777292815.461,115.461,0.31,0.32,0.68,0.69,0.01,0.01,77750.56,1777292814000
1777292816.142,116.142,0.31,0.32,0.68,0.69,0.01,0.01,77750.78,1777292815000
1777292816.594,116.594,0.31,0.32,0.68,0.69,0.01,0.01,77750.78,1777292815000
1777292817.113,117.113,0.31,0.32,0.68,0.69,0.01,0.01,77751.44,1777292816000
1777292817.578,117.578,0.31,0.32,0.67,0.69,0.01,0.02,77751.44,1777292816000
1777292817.918,117.918,0.32,0.36,0.64,0.68,0.04,0.04,77751.44,1777292816000
1777292818.263,118.263,0.36,0.37,0.63,0.64,0.01,0.01,77752.1,1777292817000
1777292818.636,118.636,0.36,0.37,0.63,0.64,0.01,0.01,77752.1,1777292817000
1777292819.01,119.01,0.36,0.37,0.63,0.64,0.01,0.01,77752.1,1777292817000
1777292819.374,119.374,0.35,0.36,0.63,0.64,0.01,0.01,77752.1,1777292818000
1777292819.742,119.742,0.35,0.36,0.64,0.65,0.01,0.01,77752.1,1777292818000
1777292820.094,120.094,0.35,0.36,0.64,0.65,0.01,0.01,77755.67,1777292819000
1777292820.447,120.447,0.33,0.35,0.64,0.66,0.02,0.02,77755.67,1777292819000
1777292820.812,120.812,0.33,0.34,0.66,0.67,0.01,0.01,77755.67,1777292819000
1777292821.882,121.882,0.33,0.34,0.66,0.67,0.01,0.01,77754.54,1777292820000
1777292822.346,122.346,0.33,0.34,0.66,0.67,0.01,0.01,77752.74,1777292821000
1777292822.707,122.707,0.33,0.34,0.66,0.67,0.01,0.01,77752.74,1777292821000
1777292823.052,123.052,0.33,0.34,0.66,0.67,0.01,0.01,77752.74,1777292821000
1777292823.445,123.445,0.33,0.34,0.66,0.67,0.01,0.01,77752.74,1777292821000
1777292823.813,123.813,0.33,0.34,0.66,0.67,0.01,0.01,77752.05,1777292822000
1777292824.23,124.23,0.33,0.34,0.66,0.67,0.01,0.01,77752.05,1777292822000
1777292824.648,124.648,0.33,0.34,0.66,0.67,0.01,0.01,77752.2,1777292823000
1777292825.109,125.109,0.32,0.33,0.66,0.67,0.01,0.01,77752.2,1777292823000
1777292825.501,125.501,0.32,0.33,0.67,0.68,0.01,0.01,77753.6,1777292824000
1777292825.857,125.857,0.3,0.31,0.67,0.7,0.01,0.03,77753.6,1777292824000
1777292826.292,126.292,0.3,0.31,0.69,0.7,0.01,0.01,77753.6,1777292825000
1777292826.67,126.67,0.3,0.31,0.69,0.7,0.01,0.01,77753.6,1777292825000
1777292827.035,127.035,0.3,0.31,0.69,0.7,0.01,0.01,77753.6,1777292825000
1777292827.475,127.475,0.3,0.31,0.69,0.7,0.01,0.01,77753.6,1777292825000
1777292827.918,127.918,0.28,0.31,0.69,0.7,0.03,0.01,77753.6,1777292826000
1777292828.303,128.303,0.28,0.29,0.71,0.72,0.01,0.01,77753.6,1777292826000
1777292828.729,128.729,0.28,0.29,0.71,0.72,0.01,0.01,77753.6,1777292826000
1777292829.301,129.301,0.28,0.29,0.71,0.72,0.01,0.01,77752.99,1777292828000
1777292829.661,129.661,0.28,0.31,0.69,0.72,0.03,0.03,77752.99,1777292828000
1777292830.008,130.008,0.28,0.29,0.71,0.72,0.01,0.01,77752.99,1777292828000
1777292830.353,130.353,0.28,0.3,0.71,0.72,0.02,0.01,77752.99,1777292828000
1777292830.694,130.694,0.29,0.3,0.7,0.71,0.01,0.01,77753.07,1777292829000
1777292831.036,131.036,0.29,0.31,0.69,0.71,0.02,0.02,77753.06,1777292830000
1777292831.38,131.38,0.32,0.33,0.69,0.71,0.01,0.02,77753.06,1777292830000
1777292831.84,131.84,0.35,0.36,0.64,0.65,0.01,0.01,77753.06,1777292830000
1777292832.207,132.207,0.35,0.36,0.64,0.65,0.01,0.01,77752.72,1777292831000
1777292832.724,132.724,0.35,0.36,0.64,0.65,0.01,0.01,77752.72,1777292831000
1777292833.077,133.077,0.35,0.36,0.64,0.65,0.01,0.01,77752.72,1777292831000
1777292833.57,133.57,0.35,0.36,0.64,0.65,0.01,0.01,77752.72,1777292831000
1777292833.959,133.959,0.35,0.36,0.64,0.65,0.01,0.01,77754.45,1777292832000
1777292834.302,134.302,0.35,0.36,0.64,0.65,0.01,0.01,77754.89,1777292833000
1777292834.925,134.925,0.34,0.35,0.64,0.65,0.01,0.01,77754.89,1777292833000
1777292835.54,135.54,0.29,0.33,0.67,0.71,0.04,0.04,77756.59,1777292834000
1777292836.014,136.014,0.28,0.29,0.69,0.7,0.01,0.01,77756.59,1777292834000
1777292836.36,136.36,0.28,0.29,0.71,0.72,0.01,0.01,77755.61,1777292835000
1777292836.796,136.796,0.26,0.27,0.71,0.72,0.01,0.01,77755.61,1777292835000
1777292837.218,137.218,0.26,0.27,0.73,0.74,0.01,0.01,77755.61,1777292835000
1777292837.608,137.608,0.29,0.3,0.69,0.74,0.01,0.05,77753.59,1777292836000
1777292837.966,137.966,0.29,0.31,0.69,0.71,0.02,0.02,77753.27,1777292837000
1777292838.394,138.394,0.3,0.31,0.69,0.7,0.01,0.01,77753.27,1777292837000
1777292838.863,138.863,0.3,0.31,0.69,0.7,0.01,0.01,77753.27,1777292837000
1777292839.203,139.203,0.3,0.31,0.69,0.7,0.01,0.01,77753.27,1777292837000
1777292839.783,139.783,0.3,0.32,0.69,0.7,0.02,0.01,77753.27,1777292837000
1777292840.122,140.122,0.32,0.33,0.67,0.68,0.01,0.01,77751.4,1777292838000
1777292840.546,140.546,0.32,0.33,0.67,0.68,0.01,0.01,77751.4,1777292838000
1777292840.988,140.988,0.32,0.33,0.67,0.68,0.01,0.01,77751.4,1777292838000
1777292841.375,141.375,0.32,0.33,0.67,0.68,0.01,0.01,77751.19,1777292839000
1777292841.732,141.732,0.3,0.31,0.67,0.7,0.01,0.03,77751.19,1777292839000
1777292842.192,142.192,0.31,0.32,0.68,0.69,0.01,0.01,77751.2,1777292840000
1777292842.544,142.544,0.31,0.32,0.68,0.69,0.01,0.01,77751.2,1777292840000
1777292843.06,143.06,0.31,0.32,0.68,0.69,0.01,0.01,77751.52,1777292841000
1777292843.547,143.547,0.31,0.32,0.68,0.69,0.01,0.01,77751.52,1777292841000
1777292843.895,143.895,0.31,0.32,0.68,0.69,0.01,0.01,77751.62,1777292842000
1777292844.376,144.376,0.31,0.32,0.68,0.69,0.01,0.01,77751.64,1777292843000
1777292845.066,145.066,0.31,0.32,0.68,0.69,0.01,0.01,77751.64,1777292843000
1777292845.446,145.446,0.31,0.32,0.68,0.69,0.01,0.01,77751.65,1777292844000
1777292845.798,145.798,0.31,0.32,0.68,0.69,0.01,0.01,77751.65,1777292844000
1777292846.172,146.172,0.31,0.32,0.68,0.69,0.01,0.01,77751.65,1777292844000
1777292846.509,146.509,0.31,0.32,0.68,0.69,0.01,0.01,77751.65,1777292844000
1777292846.946,146.946,0.31,0.32,0.68,0.69,0.01,0.01,77751.58,1777292845000
1777292847.373,147.373,0.3,0.31,0.68,0.7,0.01,0.02,77751.58,1777292845000
1777292847.791,147.791,0.3,0.31,0.69,0.7,0.01,0.01,77751.57,1777292846000
1777292848.137,148.137,0.3,0.31,0.69,0.7,0.01,0.01,77751.57,1777292846000
1777292848.486,148.486,0.29,0.3,0.7,0.71,0.01,0.01,77751.57,1777292846000
1777292848.863,148.863,0.29,0.3,0.7,0.71,0.01,0.01,77751.51,1777292847000
1777292849.232,149.232,0.29,0.3,0.7,0.71,0.01,0.01,77751.48,1777292848000
1777292849.655,149.655,0.28,0.29,0.7,0.72,0.01,0.02,77751.48,1777292848000
1777292850.285,150.285,0.28,0.29,0.71,0.72,0.01,0.01,77751.48,1777292848000
1777292850.634,150.634,0.22,0.24,0.75,0.78,0.02,0.03,77751.48,1777292848000
1777292850.992,150.992,0.22,0.23,0.77,0.78,0.01,0.01,77751.5,1777292849000
1777292851.448,151.448,0.22,0.23,0.77,0.78,0.01,0.01,77751.51,1777292850000
1777292851.844,151.844,0.22,0.23,0.77,0.78,0.01,0.01,77751.51,1777292850000
1777292852.363,152.363,0.22,0.23,0.77,0.78,0.01,0.01,77750.59,1777292851000
1777292852.869,152.869,0.22,0.23,0.77,0.78,0.01,0.01,77750.59,1777292851000
1777292853.296,153.296,0.22,0.23,0.77,0.78,0.01,0.01,77750.59,1777292851000
1777292853.832,153.832,0.22,0.23,0.77,0.78,0.01,0.01,77749.47,1777292852000
1777292854.396,154.396,0.22,0.23,0.77,0.78,0.01,0.01,77749.47,1777292852000
1777292854.74,154.74,0.22,0.23,0.77,0.78,0.01,0.01,77749.47,1777292853000
1777292855.145,155.145,0.21,0.22,0.78,0.79,0.01,0.01,77749.47,1777292853000
1777292855.521,155.521,0.21,0.22,0.78,0.79,0.01,0.01,77749.92,1777292854000
1777292855.924,155.924,0.19,0.2,0.8,0.81,0.01,0.01,77749.92,1777292854000
1777292856.312,156.312,0.19,0.2,0.8,0.81,0.01,0.01,77749.92,1777292854000
1777292856.791,156.791,0.19,0.2,0.8,0.81,0.01,0.01,77749.57,1777292855000
1777292857.184,157.184,0.15,0.16,0.84,0.85,0.01,0.01,77749.57,1777292855000
1777292857.521,157.521,0.15,0.16,0.84,0.85,0.01,0.01,77749.57,1777292855000
1777292857.874,157.874,0.15,0.16,0.84,0.85,0.01,0.01,77749.5,1777292856000
1777292858.303,158.303,0.15,0.16,0.84,0.85,0.01,0.01,77749.5,1777292856000
1777292858.827,158.827,0.15,0.16,0.84,0.85,0.01,0.01,77749.5,1777292856000
1777292859.207,159.207,0.15,0.16,0.84,0.85,0.01,0.01,77743.49,1777292857000
1777292859.594,159.594,0.15,0.16,0.84,0.85,0.01,0.01,77743.49,1777292857000
1777292859.987,159.987,0.15,0.16,0.84,0.85,0.01,0.01,77743.49,1777292857000
1777292860.403,160.403,0.15,0.16,0.84,0.85,0.01,0.01,77743.49,1777292857000
1777292860.816,160.816,0.15,0.16,0.84,0.85,0.01,0.01,77742.71,1777292859000
1777292861.224,161.224,0.15,0.16,0.84,0.85,0.01,0.01,77742.27,1777292860000
1777292861.565,161.565,0.16,0.17,0.83,0.84,0.01,0.01,77742.27,1777292860000
1777292861.925,161.925,0.16,0.17,0.83,0.84,0.01,0.01,77742.27,1777292860000
1777292862.382,162.382,0.16,0.17,0.83,0.84,0.01,0.01,77742.27,1777292861000
1777292862.78,162.78,0.16,0.17,0.83,0.84,0.01,0.01,77742.27,1777292861000
1777292863.357,163.357,0.17,0.18,0.82,0.84,0.01,0.02,77742.27,1777292861000
1777292863.907,163.907,0.17,0.18,0.82,0.83,0.01,0.01,77742.65,1777292862000
1777292864.26,164.26,0.17,0.18,0.82,0.83,0.01,0.01,77742.65,1777292863000
1777292864.773,164.773,0.17,0.18,0.82,0.83,0.01,0.01,77742.65,1777292863000
1777292865.283,165.283,0.17,0.18,0.82,0.83,0.01,0.01,77741.66,1777292864000
1777292865.668,165.668,0.17,0.18,0.82,0.83,0.01,0.01,77741.66,1777292864000
1777292866.302,166.302,0.17,0.18,0.82,0.83,0.01,0.01,77741.66,1777292864000
1777292866.713,166.713,0.17,0.18,0.82,0.84,0.01,0.02,77741.66,1777292865000
1777292867.089,167.089,0.17,0.18,0.82,0.83,0.01,0.01,77741.66,1777292866000
1777292868.178,168.178,0.17,0.18,0.82,0.83,0.01,0.01,77741.68,1777292867000
1777292868.516,168.516,0.16,0.18,0.82,0.84,0.02,0.02,77741.68,1777292867000
1777292868.903,168.903,0.18,0.19,0.81,0.82,0.01,0.01,77741.68,1777292867000
1777292869.356,169.356,0.17,0.18,0.82,0.83,0.01,0.01,77741.68,1777292867000
1777292869.98,169.98,0.17,0.18,0.82,0.83,0.01,0.01,77741.68,1777292869000
1777292870.473,170.473,0.17,0.18,0.82,0.83,0.01,0.01,77741.68,1777292869000
1777292871.21,171.21,0.17,0.18,0.82,0.83,0.01,0.01,77741.7,1777292870000
1777292872.2,172.2,0.17,0.18,0.82,0.83,0.01,0.01,77741.7,1777292870000
1777292872.71,172.71,0.17,0.18,0.82,0.83,0.01,0.01,77741.68,1777292871000
1777292873.173,173.173,0.17,0.18,0.82,0.83,0.01,0.01,77741.68,1777292871000
1777292873.693,173.693,0.17,0.18,0.82,0.83,0.01,0.01,77740.21,1777292872000
1777292874.128,174.128,0.17,0.18,0.82,0.83,0.01,0.01,77740.21,1777292873000
1777292874.756,174.756,0.16,0.17,0.82,0.84,0.01,0.02,77740.21,1777292873000
1777292875.609,175.609,0.16,0.17,0.83,0.84,0.01,0.01,77740.14,1777292874000
1777292875.992,175.992,0.16,0.17,0.83,0.84,0.01,0.01,77740.14,1777292874000
1777292876.539,176.539,0.16,0.17,0.83,0.84,0.01,0.01,77740.03,1777292875000
1777292876.996,176.996,0.16,0.17,0.83,0.84,0.01,0.01,77740.03,1777292875000
1777292877.548,177.548,0.16,0.17,0.83,0.84,0.01,0.01,77739.94,1777292876000
1777292878.04,178.04,0.16,0.17,0.83,0.84,0.01,0.01,77739.94,1777292876000
1777292878.421,178.421,0.16,0.17,0.83,0.84,0.01,0.01,77739.35,1777292877000
1777292878.768,178.768,0.16,0.17,0.83,0.84,0.01,0.01,77739.35,1777292877000
1777292879.212,179.212,0.16,0.17,0.83,0.84,0.01,0.01,77739.35,1777292877000
1777292879.677,179.677,0.16,0.17,0.83,0.84,0.01,0.01,77739.31,1777292878000
1777292880.329,180.329,0.16,0.17,0.83,0.84,0.01,0.01,77739.39,1777292879000
1777292880.702,180.702,0.16,0.17,0.83,0.84,0.01,0.01,77739.39,1777292879000
1777292881.075,181.075,0.16,0.17,0.83,0.84,0.01,0.01,77739.39,1777292879000
1777292881.411,181.411,0.16,0.17,0.83,0.84,0.01,0.01,77739.34,1777292880000
1777292881.771,181.771,0.15,0.16,0.84,0.85,0.01,0.01,77739.34,1777292880000
1777292882.227,182.227,0.15,0.16,0.84,0.85,0.01,0.01,77739.34,1777292880000
1777292882.587,182.587,0.15,0.16,0.84,0.85,0.01,0.01,77739.34,1777292880000
1777292882.977,182.977,0.15,0.16,0.84,0.85,0.01,0.01,77739.92,1777292882000
1777292883.35,183.35,0.15,0.16,0.84,0.85,0.01,0.01,77739.92,1777292882000
1777292883.732,183.732,0.15,0.16,0.84,0.85,0.01,0.01,77739.92,1777292882000
1777292884.129,184.129,0.15,0.16,0.84,0.85,0.01,0.01,77739.26,1777292883000
1777292884.502,184.502,0.15,0.16,0.84,0.85,0.01,0.01,77739.26,1777292883000
1777292885.055,185.055,0.15,0.16,0.84,0.85,0.01,0.01,77738.83,1777292884000
1777292885.406,185.406,0.15,0.16,0.84,0.85,0.01,0.01,77738.83,1777292884000
1777292885.784,185.784,0.15,0.16,0.84,0.85,0.01,0.01,77738.83,1777292884000
1777292886.154,186.154,0.15,0.16,0.84,0.85,0.01,0.01,77738.66,1777292885000
1777292886.536,186.536,0.15,0.16,0.84,0.85,0.01,0.01,77738.66,1777292885000
1777292886.871,186.871,0.15,0.16,0.84,0.85,0.01,0.01,77738.66,1777292885000
1777292887.286,187.286,0.15,0.17,0.83,0.85,0.02,0.02,77738.67,1777292886000
1777292887.705,187.705,0.16,0.17,0.83,0.84,0.01,0.01,77738.67,1777292886000
1777292888.207,188.207,0.16,0.17,0.83,0.84,0.01,0.01,77739.04,1777292887000
1777292888.613,188.613,0.16,0.17,0.83,0.84,0.01,0.01,77739.04,1777292887000
1777292889.115,189.115,0.16,0.17,0.83,0.84,0.01,0.01,77739.04,1777292887000
1777292889.535,189.535,0.15,0.16,0.83,0.85,0.01,0.02,77739.04,1777292887000
1777292889.99,189.99,0.15,0.16,0.84,0.85,0.01,0.01,77739.04,1777292887000
1777292890.353,190.353,0.15,0.16,0.84,0.85,0.01,0.01,77739.46,1777292888000
1777292890.775,190.775,0.15,0.16,0.84,0.85,0.01,0.01,77739.46,1777292888000
1777292891.129,191.129,0.15,0.16,0.84,0.85,0.01,0.01,77739.4,1777292889000
1777292891.561,191.561,0.12,0.16,0.84,0.88,0.04,0.04,77739.4,1777292889000
1777292891.979,191.979,0.1,0.11,0.89,0.9,0.01,0.01,77739.4,1777292889000
1777292892.324,192.324,0.09,0.1,0.9,0.91,0.01,0.01,77740.23,1777292890000
1777292892.663,192.663,0.08,0.09,0.91,0.92,0.01,0.01,77740.23,1777292890000
1777292893.244,193.244,0.08,0.09,0.91,0.92,0.01,0.01,77737.97,1777292891000
1777292893.7,193.7,0.08,0.09,0.91,0.92,0.01,0.01,77737.97,1777292891000
1777292894.28,194.28,0.07,0.09,0.91,0.93,0.02,0.02,77734.87,1777292892000
1777292894.719,194.719,0.08,0.09,0.91,0.92,0.01,0.01,77734.87,1777292892000
1777292895.182,195.182,0.08,0.09,0.91,0.92,0.01,0.01,77734.87,1777292892000
1777292895.654,195.654,0.07,0.08,0.92,0.93,0.01,0.01,77734.1,1777292893000
1777292896.132,196.132,0.07,0.08,0.92,0.93,0.01,0.01,77734.1,1777292893000
1777292896.476,196.476,0.07,0.08,0.92,0.93,0.01,0.01,77731.58,1777292894000
1777292896.963,196.963,0.07,0.08,0.92,0.93,0.01,0.01,77731.58,1777292894000
1777292897.465,197.465,0.06,0.08,0.92,0.93,0.02,0.01,77731.88,1777292896000
1777292897.885,197.885,0.06,0.07,0.93,0.94,0.01,0.01,77731.88,1777292896000
1777292898.311,198.311,0.06,0.07,0.93,0.94,0.01,0.01,77731.88,1777292896000
1777292898.652,198.652,0.07,0.08,0.92,0.93,0.01,0.01,77731.88,1777292896000
1777292899.081,199.081,0.07,0.08,0.92,0.93,0.01,0.01,77731.88,1777292896000
1777292899.433,199.433,0.06,0.08,0.92,0.93,0.02,0.01,77732.01,1777292897000
1777292899.787,199.787,0.06,0.07,0.93,0.94,0.01,0.01,77732.01,1777292897000
1777292900.292,200.292,0.06,0.07,0.93,0.94,0.01,0.01,77731.54,1777292898000
1777292900.634,200.634,0.06,0.07,0.93,0.94,0.01,0.01,77731.54,1777292898000
1777292901.178,201.178,0.06,0.07,0.93,0.94,0.01,0.01,77731.87,1777292899000
1777292901.65,201.65,0.06,0.07,0.93,0.94,0.01,0.01,77731.87,1777292899000
1777292902.031,202.031,0.06,0.07,0.93,0.94,0.01,0.01,77731.87,1777292899000
1777292902.446,202.446,0.06,0.07,0.93,0.94,0.01,0.01,77731.45,1777292900000
1777292902.901,202.901,0.06,0.07,0.93,0.94,0.01,0.01,77730.81,1777292901000
1777292903.327,203.327,0.06,0.07,0.93,0.94,0.01,0.01,77730.81,1777292901000
1777292903.807,203.807,0.06,0.07,0.93,0.94,0.01,0.01,77730.81,1777292902000
1777292904.238,204.238,0.06,0.07,0.93,0.94,0.01,0.01,77730.81,1777292902000
1777292904.6,204.6,0.05,0.06,0.94,0.95,0.01,0.01,77730.81,1777292902000
1777292905.096,205.096,0.05,0.06,0.94,0.95,0.01,0.01,77730.71,1777292903000
1777292905.541,205.541,0.04,0.05,0.95,0.96,0.01,0.01,77730.71,1777292903000
1777292905.931,205.931,0.04,0.05,0.95,0.96,0.01,0.01,77730.64,1777292904000
1777292906.367,206.367,0.04,0.05,0.95,0.96,0.01,0.01,77730.64,1777292904000
1777292906.718,206.718,0.04,0.05,0.95,0.96,0.01,0.01,77730.64,1777292904000
1777292907.313,207.313,0.04,0.05,0.95,0.96,0.01,0.01,77726.67,1777292905000
1777292907.686,207.686,0.04,0.05,0.95,0.96,0.01,0.01,77726.67,1777292905000
1777292908.023,208.023,0.04,0.05,0.95,0.96,0.01,0.01,77721.2,1777292906000
1777292908.472,208.472,0.04,0.05,0.95,0.96,0.01,0.01,77721.2,1777292906000
1777292908.886,208.886,0.04,0.05,0.95,0.96,0.01,0.01,77720.59,1777292907000
1777292909.434,209.434,0.04,0.05,0.95,0.96,0.01,0.01,77720.59,1777292907000
1777292909.778,209.778,0.04,0.05,0.95,0.96,0.01,0.01,77720.59,1777292907000
1777292910.171,210.171,0.04,0.05,0.95,0.96,0.01,0.01,77720.58,1777292908000
1777292910.529,210.529,0.04,0.05,0.95,0.96,0.01,0.01,77720.58,1777292908000
1777292910.888,210.888,0.04,0.05,0.95,0.96,0.01,0.01,77720.58,1777292909000
1777292911.433,211.433,0.04,0.05,0.95,0.96,0.01,0.01,77720.58,1777292909000
1777292911.835,211.835,0.04,0.05,0.95,0.96,0.01,0.01,77720.58,1777292909000
1777292912.24,212.24,0.04,0.05,0.95,0.96,0.01,0.01,77721.07,1777292910000
1777292912.662,212.662,0.04,0.05,0.95,0.96,0.01,0.01,77721.07,1777292910000
1777292913.042,213.042,0.04,0.05,0.95,0.96,0.01,0.01,77721.21,1777292911000
1777292913.428,213.428,0.05,0.06,0.94,0.95,0.01,0.01,77721.21,1777292911000
1777292913.771,213.771,0.05,0.06,0.94,0.95,0.01,0.01,77721.21,1777292911000
1777292914.182,214.182,0.06,0.07,0.93,0.94,0.01,0.01,77721.28,1777292912000
1777292914.524,214.524,0.06,0.07,0.93,0.94,0.01,0.01,77721.28,1777292912000
1777292914.967,214.967,0.06,0.07,0.93,0.94,0.01,0.01,77721.28,1777292912000
1777292915.315,215.315,0.06,0.07,0.93,0.94,0.01,0.01,77725.41,1777292914000
1777292915.867,215.867,0.06,0.08,0.92,0.94,0.02,0.02,77725.41,1777292914000
1777292916.4,216.4,0.06,0.07,0.93,0.94,0.01,0.01,77725.41,1777292914000
1777292916.855,216.855,0.06,0.07,0.93,0.94,0.01,0.01,77726.31,1777292915000
1777292917.376,217.376,0.06,0.07,0.93,0.94,0.01,0.01,77727.39,1777292916000
1777292917.91,217.91,0.06,0.07,0.93,0.94,0.01,0.01,77727.39,1777292916000
1777292918.28,218.28,0.06,0.07,0.93,0.94,0.01,0.01,77727.39,1777292916000
1777292918.7,218.7,0.06,0.07,0.93,0.94,0.01,0.01,77726.13,1777292917000
1777292919.067,219.067,0.06,0.07,0.93,0.94,0.01,0.01,77726.13,1777292917000
1777292919.861,219.861,0.06,0.07,0.93,0.94,0.01,0.01,77727.07,1777292918000
1777292920.215,220.215,0.06,0.09,0.91,0.94,0.03,0.03,77727.07,1777292918000
1777292920.592,220.592,0.09,0.1,0.9,0.91,0.01,0.01,77726.22,1777292919000
1777292920.976,220.976,0.09,0.1,0.9,0.91,0.01,0.01,77726.22,1777292919000
1777292921.448,221.448,0.09,0.1,0.9,0.91,0.01,0.01,77727.13,1777292920000
1777292921.955,221.955,0.09,0.1,0.9,0.91,0.01,0.01,77727.13,1777292920000
1777292922.386,222.386,0.07,0.08,0.9,0.93,0.01,0.03,77727.33,1777292921000
1777292922.999,222.999,0.07,0.08,0.92,0.93,0.01,0.01,77727.33,1777292921000
1777292924.16,224.16,0.07,0.08,0.92,0.93,0.01,0.01,77734.84,1777292922000
1777292924.602,224.602,0.05,0.06,0.94,0.95,0.01,0.01,77734.83,1777292923000
1777292925.519,225.519,0.05,0.06,0.94,0.95,0.01,0.01,77734.86,1777292924000
1777292925.879,225.879,0.05,0.06,0.94,0.95,0.01,0.01,77734.86,1777292924000
1777292926.268,226.268,0.05,0.06,0.94,0.95,0.01,0.01,77733.23,1777292925000
1777292926.821,226.821,0.05,0.06,0.94,0.95,0.01,0.01,77733.23,1777292925000
1777292927.311,227.311,0.05,0.06,0.94,0.95,0.01,0.01,77733.23,1777292925000
1777292927.834,227.834,0.06,0.07,0.86,0.95,0.01,0.09,77731.65,1777292926000
1777292928.226,228.226,0.06,0.07,0.93,0.94,0.01,0.01,77731.65,1777292926000
1777292928.589,228.589,0.08,0.09,0.93,0.94,0.01,0.01,77731.33,1777292927000
1777292928.974,228.974,0.08,0.09,0.91,0.92,0.01,0.01,77731.33,1777292927000
1777292929.342,229.342,0.08,0.09,0.91,0.92,0.01,0.01,77731.96,1777292928000
1777292929.99,229.99,0.08,0.09,0.91,0.92,0.01,0.01,77731.96,1777292928000
1777292930.472,230.472,0.08,0.1,0.91,0.92,0.02,0.01,77731.96,1777292928000
1777292930.83,230.83,0.14,0.15,0.85,0.86,0.01,0.01,77731.96,1777292928000
1777292931.166,231.166,0.14,0.15,0.85,0.86,0.01,0.01,77735.28,1777292929000
1777292931.504,231.504,0.14,0.15,0.85,0.86,0.01,0.01,77735.28,1777292929000
1777292931.866,231.866,0.14,0.15,0.85,0.86,0.01,0.01,77735.47,1777292930000
1777292932.223,232.223,0.14,0.15,0.85,0.86,0.01,0.01,77735.42,1777292931000
1777292932.754,232.754,0.14,0.15,0.85,0.86,0.01,0.01,77735.42,1777292931000
1777292933.139,233.139,0.14,0.15,0.85,0.86,0.01,0.01,77735.42,1777292931000
1777292933.553,233.553,0.14,0.15,0.85,0.86,0.01,0.01,77735.42,1777292931000
1777292934.023,234.023,0.14,0.15,0.85,0.86,0.01,0.01,77743.97,1777292932000
1777292934.483,234.483,0.14,0.15,0.85,0.86,0.01,0.01,77744.67,1777292933000
1777292934.966,234.966,0.14,0.15,0.85,0.86,0.01,0.01,77744.67,1777292933000
1777292935.358,235.358,0.14,0.15,0.85,0.86,0.01,0.01,77744.67,1777292933000
1777292936.034,236.034,0.14,0.15,0.85,0.86,0.01,0.01,77744.97,1777292934000
1777292936.498,236.498,0.14,0.15,0.85,0.86,0.01,0.01,77744.97,1777292934000
1777292936.911,236.911,0.14,0.15,0.85,0.86,0.01,0.01,77745.09,1777292935000
1777292937.252,237.252,0.14,0.15,0.85,0.86,0.01,0.01,77744.94,1777292936000
1777292937.951,237.951,0.13,0.14,0.85,0.86,0.01,0.01,77744.94,1777292936000
1777292938.352,238.352,0.1,0.11,0.87,0.9,0.01,0.03,77745.56,1777292937000
1777292938.709,238.709,0.06,0.07,0.92,0.94,0.01,0.02,77745.56,1777292937000
1777292939.05,239.05,0.05,0.07,0.93,0.94,0.02,0.01,77745.56,1777292937000
1777292939.4,239.4,0.05,0.06,0.94,0.95,0.01,0.01,77745.56,1777292938000
1777292939.787,239.787,0.05,0.06,0.94,0.95,0.01,0.01,77745.56,1777292938000
1777292940.181,240.181,0.05,0.06,0.94,0.95,0.01,0.01,77745.56,1777292938000
1777292940.558,240.558,0.05,0.06,0.94,0.95,0.01,0.01,77741.65,1777292939000
1777292940.898,240.898,0.04,0.05,0.95,0.96,0.01,0.01,77741.65,1777292939000
1777292941.259,241.259,0.04,0.05,0.95,0.96,0.01,0.01,77741.34,1777292940000
1777292941.702,241.702,0.04,0.05,0.95,0.96,0.01,0.01,77741.34,1777292940000
1777292942.171,242.171,0.04,0.05,0.95,0.96,0.01,0.01,77736.1,1777292941000
1777292942.653,242.653,0.04,0.05,0.95,0.96,0.01,0.01,77736.1,1777292941000
1777292943.151,243.151,0.04,0.05,0.95,0.96,0.01,0.01,77736.1,1777292941000
1777292943.485,243.485,0.04,0.05,0.95,0.96,0.01,0.01,77733.82,1777292942000
1777292943.845,243.845,0.04,0.05,0.95,0.96,0.01,0.01,77733.82,1777292942000
1777292944.32,244.32,0.04,0.05,0.95,0.96,0.01,0.01,77733.6,1777292943000
1777292944.693,244.693,0.03,0.05,0.95,0.96,0.02,0.01,77733.6,1777292943000
1777292945.163,245.163,0.03,0.04,0.96,0.97,0.01,0.01,77733.6,1777292943000
1777292945.547,245.547,0.03,0.04,0.96,0.97,0.01,0.01,77731.94,1777292944000
1777292946.005,246.005,0.03,0.04,0.96,0.97,0.01,0.01,77731.94,1777292944000
1777292946.705,246.705,0.03,0.04,0.96,0.97,0.01,0.01,77731.0,1777292945000
1777292947.054,247.054,0.03,0.06,0.95,0.97,0.03,0.02,77731.0,1777292945000
1777292947.404,247.404,0.04,0.05,0.95,0.96,0.01,0.01,77730.59,1777292946000
1777292947.758,247.758,0.04,0.05,0.95,0.96,0.01,0.01,77730.59,1777292946000
1777292948.195,248.195,0.04,0.05,0.95,0.96,0.01,0.01,77729.98,1777292947000
1777292948.683,248.683,0.03,0.04,0.95,0.97,0.01,0.02,77729.98,1777292947000
1777292949.108,249.108,0.03,0.04,0.96,0.97,0.01,0.01,77729.98,1777292947000
1777292949.879,249.879,0.03,0.04,0.96,0.97,0.01,0.01,77729.98,1777292948000
1777292950.371,250.371,0.03,0.04,0.96,0.97,0.01,0.01,77729.73,1777292949000
1777292950.817,250.817,0.03,0.04,0.96,0.97,0.01,0.01,77729.73,1777292949000
1777292951.158,251.158,0.03,0.04,0.96,0.97,0.01,0.01,77729.73,1777292949000
1777292951.594,251.594,0.03,0.04,0.96,0.97,0.01,0.01,77729.16,1777292950000
1777292951.927,251.927,0.03,0.04,0.96,0.97,0.01,0.01,77729.16,1777292950000
1777292952.282,252.282,0.03,0.04,0.96,0.97,0.01,0.01,77729.16,1777292951000
1777292953.007,253.007,0.03,0.05,0.96,0.97,0.02,0.01,77729.16,1777292951000
1777292953.355,253.355,0.04,0.05,0.95,0.97,0.01,0.02,77729.16,1777292951000
1777292953.71,253.71,0.04,0.05,0.95,0.97,0.01,0.02,77729.73,1777292952000
1777292954.073,254.073,0.04,0.05,0.95,0.96,0.01,0.01,77729.73,1777292952000
1777292954.438,254.438,0.04,0.05,0.95,0.96,0.01,0.01,77729.73,1777292953000
1777292954.831,254.831,0.03,0.04,0.96,0.97,0.01,0.01,77729.73,1777292953000
1777292955.424,255.424,0.03,0.04,0.96,0.97,0.01,0.01,77729.73,1777292954000
1777292955.955,255.955,0.03,0.04,0.96,0.97,0.01,0.01,77729.73,1777292955000
1777292956.665,256.665,0.03,0.04,0.96,0.97,0.01,0.01,77729.73,1777292955000
1777292957.135,257.135,0.03,0.04,0.96,0.97,0.01,0.01,77729.73,1777292956000
1777292957.486,257.486,0.03,0.04,0.96,0.97,0.01,0.01,77729.73,1777292956000
1777292957.86,257.86,0.04,0.05,0.95,0.97,0.01,0.02,77729.73,1777292956000
1777292958.401,258.401,0.03,0.05,0.95,0.96,0.02,0.01,77729.74,1777292957000
1777292958.744,258.744,0.03,0.04,0.96,0.97,0.01,0.01,77729.74,1777292957000
1777292959.089,259.089,0.03,0.04,0.96,0.97,0.01,0.01,77729.74,1777292957000
1777292959.425,259.425,0.05,0.06,0.93,0.97,0.01,0.04,77729.74,1777292958000
1777292959.798,259.798,0.05,0.06,0.94,0.95,0.01,0.01,77729.74,1777292958000
1777292960.143,260.143,0.07,0.08,0.92,0.93,0.01,0.01,77729.74,1777292958000
1777292960.511,260.511,0.08,0.09,0.91,0.92,0.01,0.01,77729.74,1777292958000
1777292960.912,260.912,0.08,0.09,0.91,0.92,0.01,0.01,77729.74,1777292958000
1777292961.27,261.27,0.08,0.09,0.91,0.92,0.01,0.01,77731.26,1777292960000
1777292961.635,261.635,0.07,0.09,0.91,0.93,0.02,0.02,77731.26,1777292960000
1777292962.035,262.035,0.07,0.08,0.92,0.93,0.01,0.01,77731.26,1777292960000
1777292962.43,262.43,0.07,0.08,0.92,0.93,0.01,0.01,77738.4,1777292961000
1777292962.833,262.833,0.07,0.08,0.92,0.93,0.01,0.01,77738.4,1777292961000
1777292963.424,263.424,0.07,0.08,0.92,0.93,0.01,0.01,77740.78,1777292962000
1777292963.785,263.785,0.07,0.08,0.92,0.93,0.01,0.01,77740.78,1777292962000
1777292964.214,264.214,0.07,0.08,0.92,0.93,0.01,0.01,77741.8,1777292963000
1777292964.762,264.762,0.07,0.08,0.92,0.93,0.01,0.01,77741.8,1777292963000
1777292965.115,265.115,0.07,0.08,0.92,0.93,0.01,0.01,77741.8,1777292963000
1777292965.519,265.519,0.07,0.08,0.92,0.93,0.01,0.01,77741.91,1777292964000
1777292965.964,265.964,0.07,0.08,0.92,0.93,0.01,0.01,77741.91,1777292964000
1777292966.429,266.429,0.07,0.08,0.92,0.93,0.01,0.01,77741.83,1777292965000
1777292966.867,266.867,0.07,0.08,0.92,0.93,0.01,0.01,77741.83,1777292965000
1777292967.232,267.232,0.07,0.08,0.92,0.93,0.01,0.01,77741.79,1777292966000
1777292967.82,267.82,0.04,0.05,0.92,0.96,0.01,0.04,77741.79,1777292966000
1777292968.258,268.258,0.04,0.05,0.95,0.96,0.01,0.01,77741.79,1777292966000
1777292968.757,268.757,0.04,0.05,0.95,0.96,0.01,0.01,77741.57,1777292967000
1777292969.269,269.269,0.04,0.05,0.95,0.96,0.01,0.01,77741.3,1777292968000
1777292969.638,269.638,0.04,0.05,0.95,0.96,0.01,0.01,77741.3,1777292968000
1777292970.04,270.04,0.03,0.05,0.95,0.97,0.02,0.02,77740.39,1777292969000
1777292970.397,270.397,0.03,0.04,0.96,0.97,0.01,0.01,77740.39,1777292969000
1777292970.821,270.821,0.03,0.04,0.96,0.97,0.01,0.01,77740.39,1777292969000
1777292971.193,271.193,0.04,0.05,0.95,0.97,0.01,0.02,77741.07,1777292970000
1777292971.629,271.629,0.2,0.21,0.79,0.8,0.01,0.01,77741.07,1777292970000
1777292971.981,271.981,0.2,0.21,0.79,0.8,0.01,0.01,77741.07,1777292970000
1777292972.336,272.336,0.16,0.17,0.82,0.83,0.01,0.01,77740.14,1777292971000
1777292972.725,272.725,0.15,0.16,0.84,0.85,0.01,0.01,77740.14,1777292971000
1777292973.079,273.079,0.17,0.18,0.82,0.83,0.01,0.01,77740.14,1777292971000
1777292973.432,273.432,0.14,0.16,0.84,0.85,0.02,0.01,77740.14,1777292971000
1777292973.768,273.768,0.14,0.15,0.85,0.86,0.01,0.01,77746.2,1777292972000
1777292974.174,274.174,0.12,0.13,0.87,0.88,0.01,0.01,77743.81,1777292973000
1777292974.613,274.613,0.12,0.13,0.87,0.88,0.01,0.01,77743.81,1777292973000
1777292974.977,274.977,0.12,0.13,0.87,0.88,0.01,0.01,77743.81,1777292973000
1777292975.486,275.486,0.11,0.12,0.87,0.88,0.01,0.01,77744.64,1777292974000
1777292975.984,275.984,0.11,0.12,0.88,0.89,0.01,0.01,77744.64,1777292974000
1777292976.322,276.322,0.11,0.12,0.88,0.89,0.01,0.01,77744.64,1777292975000
1777292976.669,276.669,0.1,0.11,0.88,0.9,0.01,0.02,77744.64,1777292975000
1777292977.004,277.004,0.1,0.11,0.89,0.9,0.01,0.01,77744.64,1777292975000
1777292977.388,277.388,0.1,0.11,0.89,0.9,0.01,0.01,77744.46,1777292976000
1777292977.808,277.808,0.11,0.12,0.88,0.89,0.01,0.01,77744.46,1777292976000
1777292978.155,278.155,0.1,0.11,0.89,0.9,0.01,0.01,77744.46,1777292976000
1777292978.571,278.571,0.09,0.1,0.89,0.91,0.01,0.02,77746.44,1777292977000
1777292978.98,278.98,0.08,0.09,0.9,0.91,0.01,0.01,77746.44,1777292977000
1777292979.343,279.343,0.08,0.09,0.91,0.92,0.01,0.01,77744.83,1777292978000
1777292979.681,279.681,0.06,0.09,0.91,0.94,0.03,0.03,77744.83,1777292978000
1777292980.048,280.048,0.06,0.07,0.93,0.94,0.01,0.01,77744.83,1777292978000
1777292980.451,280.451,0.06,0.07,0.93,0.94,0.01,0.01,77746.73,1777292979000
1777292980.786,280.786,0.06,0.07,0.93,0.94,0.01,0.01,77746.73,1777292979000
1777292981.219,281.219,0.06,0.07,0.93,0.94,0.01,0.01,77746.97,1777292980000
1777292981.559,281.559,0.06,0.07,0.93,0.94,0.01,0.01,77746.97,1777292980000
1777292981.917,281.917,0.05,0.06,0.94,0.95,0.01,0.01,77746.97,1777292980000
1777292982.351,282.351,0.07,0.08,0.81,0.95,0.01,0.14,77746.97,1777292980000
1777292982.78,282.78,0.07,0.09,0.92,0.93,0.02,0.01,77746.98,1777292981000
1777292983.138,283.138,0.08,0.09,0.91,0.92,0.01,0.01,77746.98,1777292981000
1777292983.477,283.477,0.08,0.09,0.91,0.92,0.01,0.01,77748.56,1777292982000
1777292983.931,283.931,0.08,0.09,0.91,0.92,0.01,0.01,77748.56,1777292982000
1777292984.665,284.665,0.08,0.09,0.91,0.92,0.01,0.01,77750.31,1777292983000
1777292985.011,285.011,0.05,0.07,0.93,0.95,0.02,0.02,77750.31,1777292983000
1777292985.429,285.429,0.04,0.06,0.94,0.95,0.02,0.01,77750.31,1777292984000
1777292985.821,285.821,0.04,0.05,0.95,0.96,0.01,0.01,77750.31,1777292984000
1777292986.164,286.164,0.03,0.05,0.96,0.97,0.02,0.01,77750.31,1777292985000
1777292986.512,286.512,0.04,0.05,0.96,0.97,0.01,0.01,77750.31,1777292985000
1777292986.874,286.874,0.04,0.05,0.95,0.96,0.01,0.01,77750.31,1777292985000
1777292987.291,287.291,0.04,0.05,0.95,0.96,0.01,0.01,77750.56,1777292986000
1777292987.885,287.885,0.04,0.05,0.95,0.96,0.01,0.01,77750.56,1777292986000
1777292988.325,288.325,0.04,0.05,0.95,0.96,0.01,0.01,77750.79,1777292987000
1777292988.675,288.675,0.04,0.05,0.95,0.97,0.01,0.02,77750.79,1777292987000
1777292989.089,289.089,0.03,0.04,0.95,0.97,0.01,0.02,77750.79,1777292988000
1777292989.484,289.484,0.03,0.04,0.96,0.97,0.01,0.01,77750.79,1777292988000
1777292989.897,289.897,0.03,0.04,0.96,0.97,0.01,0.01,77750.79,1777292988000
1777292990.346,290.346,0.03,0.04,0.96,0.97,0.01,0.01,77750.79,1777292988000
1777292990.785,290.785,0.03,0.04,0.96,0.97,0.01,0.01,77752.5,1777292989000
1777292991.138,291.138,0.03,0.04,0.96,0.97,0.01,0.01,77750.85,1777292990000
1777292991.474,291.474,0.02,0.03,0.97,0.98,0.01,0.01,77750.85,1777292990000
1777292991.972,291.972,0.02,0.04,0.92,0.98,0.02,0.06,77750.85,1777292990000
1777292992.356,292.356,0.03,0.05,0.95,0.97,0.02,0.02,77750.85,1777292991000
1777292993.07,293.07,0.02,0.01,0.97,0.98,-0.01,0.01,77750.85,1777292991000
1777292993.519,293.519,0.02,0.01,0.99,0.98,-0.01,-0.01,77751.71,1777292992000
1777292993.938,293.938,0.02,0.03,0.97,0.98,0.01,0.01,77751.71,1777292992000
1777292994.36,294.36,0.03,0.19,0.81,0.98,0.16,0.17,77750.85,1777292993000
1777292994.708,294.708,0.05,0.07,0.91,0.95,0.02,0.04,77750.85,1777292993000
1777292995.067,295.067,0.02,0.1,0.89,0.91,0.08,0.02,77750.85,1777292993000
1777292995.552,295.552,0.02,0.05,0.98,0.98,0.03,0.0,77751.22,1777292994000
1777292995.955,295.955,0.02,0.03,0.97,0.98,0.01,0.01,77751.22,1777292994000
1777292996.522,296.522,0.02,0.01,0.99,0.98,-0.01,-0.01,77753.18,1777292995000
1777292997.05,297.05,0.02,0.01,0.99,0.98,-0.01,-0.01,77753.18,1777292995000
1777292998.397,298.397,0.02,0.01,0.99,0.98,-0.01,-0.01,77753.48,1777292997000
1777292998.834,298.834,0.02,0.01,0.99,0.98,-0.01,-0.01,77753.48,1777292997000
1777292999.25,299.25,0.02,0.01,0.99,0.98,-0.01,-0.01,77753.48,1777292997000
1777292999.643,299.643,0.02,0.01,0.99,0.98,-0.01,-0.01,77753.54,1777292998000
1777293000.367,300.367,0.02,0.01,0.99,0.98,-0.01,-0.01,77754.66,1777292999000
1777293000.707,300.707,0.02,0.01,0.99,0.98,-0.01,-0.01,77754.66,1777292999000
1777293001.095,301.095,0.02,0.01,0.99,0.98,-0.01,-0.01,77754.1,1777293000000
1777293002.228,302.228,0.02,0.01,0.99,0.98,-0.01,-0.01,77753.04,1777293001000

# RESULT,winner=Down,slug=btc-updown-5m-1777292700,ticks=683
