timestamp,elapsed_sec,up_bid,up_ask,down_bid,down_ask,up_spread,down_spread,btc_price,btc_oracle_ts
1776575400.697,0.697,0.51,0.52,0.48,0.49,0.01,0.01,75576.4,1776575399000
1776575401.085,1.085,0.51,0.52,0.48,0.49,0.01,0.01,75576.42,1776575400000
1776575401.49,1.49,0.51,0.53,0.48,0.49,0.02,0.01,75576.42,1776575400000
1776575402.147,2.147,0.52,0.53,0.47,0.48,0.01,0.01,75576.48,1776575401000
1776575402.55,2.55,0.52,0.53,0.47,0.48,0.01,0.01,75576.48,1776575401000
1776575403.17,3.17,0.52,0.53,0.47,0.48,0.01,0.01,75576.48,1776575401000
1776575403.63,3.63,0.51,0.52,0.47,0.49,0.01,0.02,75576.5,1776575402000
1776575404.275,4.275,0.51,0.52,0.48,0.49,0.01,0.01,75576.52,1776575403000
1776575404.979,4.979,0.51,0.52,0.48,0.49,0.01,0.01,75576.52,1776575403000
1776575405.449,5.449,0.51,0.52,0.48,0.49,0.01,0.01,75576.51,1776575404000
1776575405.821,5.821,0.51,0.52,0.48,0.49,0.01,0.01,75576.51,1776575404000
1776575406.34,6.34,0.51,0.52,0.48,0.49,0.01,0.01,75576.51,1776575405000
1776575407.089,7.089,0.51,0.52,0.48,0.49,0.01,0.01,75576.76,1776575406000
1776575407.672,7.672,0.5,0.51,0.48,0.5,0.01,0.02,75576.76,1776575406000
1776575408.034,8.034,0.5,0.51,0.49,0.5,0.01,0.01,75576.76,1776575406000
1776575408.878,8.878,0.5,0.51,0.49,0.5,0.01,0.01,75576.72,1776575407000
1776575409.256,9.256,0.5,0.51,0.49,0.5,0.01,0.01,75576.68,1776575408000
1776575410.005,10.005,0.5,0.51,0.49,0.5,0.01,0.01,75576.68,1776575408000
1776575410.408,10.408,0.5,0.51,0.49,0.5,0.01,0.01,75576.63,1776575409000
1776575410.805,10.805,0.5,0.51,0.49,0.5,0.01,0.01,75576.63,1776575409000
1776575411.158,11.158,0.5,0.51,0.49,0.5,0.01,0.01,75576.58,1776575410000
1776575411.507,11.507,0.5,0.51,0.49,0.5,0.01,0.01,75576.58,1776575410000
1776575411.908,11.908,0.49,0.5,0.49,0.51,0.01,0.02,75576.58,1776575410000
1776575412.326,12.326,0.49,0.5,0.5,0.51,0.01,0.01,75576.56,1776575411000
1776575412.891,12.891,0.46,0.49,0.5,0.52,0.03,0.02,75576.56,1776575411000
1776575413.556,13.556,0.47,0.48,0.52,0.53,0.01,0.01,75575.7,1776575412000
1776575414.163,14.163,0.47,0.48,0.52,0.53,0.01,0.01,75575.7,1776575413000
1776575414.728,14.728,0.47,0.48,0.52,0.53,0.01,0.01,75575.7,1776575413000
1776575415.352,15.352,0.47,0.48,0.52,0.53,0.01,0.01,75575.8,1776575414000
1776575415.724,15.724,0.47,0.48,0.52,0.53,0.01,0.01,75575.8,1776575414000
1776575416.143,16.143,0.47,0.48,0.52,0.53,0.01,0.01,75575.82,1776575415000
1776575416.568,16.568,0.47,0.48,0.52,0.53,0.01,0.01,75575.82,1776575415000
1776575417.211,17.211,0.47,0.5,0.52,0.53,0.03,0.01,75575.82,1776575415000
1776575417.954,17.954,0.47,0.5,0.5,0.51,0.03,0.01,75575.8,1776575416000
1776575418.297,18.297,0.46,0.47,0.53,0.54,0.01,0.01,75575.8,1776575417000
1776575418.699,18.699,0.46,0.47,0.53,0.54,0.01,0.01,75575.8,1776575417000
1776575419.093,19.093,0.46,0.47,0.53,0.54,0.01,0.01,75575.8,1776575417000
1776575419.887,19.887,0.46,0.47,0.53,0.54,0.01,0.01,75575.8,1776575418000
1776575420.251,20.251,0.46,0.47,0.53,0.54,0.01,0.01,75575.8,1776575418000
1776575421.022,21.022,0.46,0.47,0.53,0.54,0.01,0.01,75575.77,1776575419000
1776575421.52,21.52,0.46,0.47,0.53,0.54,0.01,0.01,75575.77,1776575419000
1776575421.958,21.958,0.46,0.47,0.53,0.54,0.01,0.01,75575.77,1776575420000
1776575422.581,22.581,0.46,0.47,0.53,0.54,0.01,0.01,75575.74,1776575421000
1776575423.396,23.396,0.47,0.48,0.52,0.54,0.01,0.02,75575.74,1776575421000
1776575424.05,24.05,0.47,0.48,0.52,0.53,0.01,0.01,75575.74,1776575422000
1776575424.877,24.877,0.47,0.48,0.52,0.53,0.01,0.01,75575.75,1776575423000
1776575425.341,25.341,0.47,0.48,0.52,0.53,0.01,0.01,75575.83,1776575424000
1776575425.699,25.699,0.47,0.48,0.52,0.53,0.01,0.01,75575.83,1776575424000
1776575426.151,26.151,0.47,0.48,0.52,0.53,0.01,0.01,75575.87,1776575425000
1776575426.959,26.959,0.47,0.48,0.52,0.53,0.01,0.01,75575.87,1776575425000
1776575427.467,27.467,0.47,0.48,0.52,0.53,0.01,0.01,75575.82,1776575426000
1776575428.414,28.414,0.47,0.48,0.52,0.53,0.01,0.01,75575.82,1776575426000
1776575429.245,29.245,0.47,0.48,0.52,0.53,0.01,0.01,75575.83,1776575428000
1776575429.966,29.966,0.47,0.48,0.52,0.53,0.01,0.01,75575.83,1776575428000
1776575430.439,30.439,0.47,0.48,0.52,0.53,0.01,0.01,75575.84,1776575429000
1776575431.005,31.005,0.47,0.48,0.52,0.53,0.01,0.01,75575.84,1776575429000
1776575431.394,31.394,0.47,0.48,0.52,0.53,0.01,0.01,75575.84,1776575430000
1776575432.026,32.026,0.47,0.48,0.52,0.53,0.01,0.01,75575.84,1776575430000
1776575432.408,32.408,0.47,0.48,0.52,0.53,0.01,0.01,75575.84,1776575430000
1776575433.082,33.082,0.47,0.48,0.52,0.53,0.01,0.01,75575.87,1776575431000
1776575433.557,33.557,0.47,0.48,0.52,0.53,0.01,0.01,75575.8,1776575432000
1776575433.946,33.946,0.47,0.48,0.52,0.53,0.01,0.01,75575.8,1776575432000
1776575434.3,34.3,0.47,0.48,0.52,0.53,0.01,0.01,75575.81,1776575433000
1776575434.896,34.896,0.47,0.48,0.52,0.53,0.01,0.01,75575.81,1776575433000
1776575435.36,35.36,0.47,0.48,0.52,0.53,0.01,0.01,75575.82,1776575434000
1776575435.776,35.776,0.46,0.48,0.52,0.53,0.02,0.01,75575.82,1776575434000
1776575436.337,36.337,0.46,0.48,0.52,0.54,0.02,0.02,75575.8,1776575435000
1776575436.733,36.733,0.46,0.47,0.52,0.54,0.01,0.02,75575.8,1776575435000
1776575437.371,37.371,0.46,0.47,0.53,0.54,0.01,0.01,75575.78,1776575436000
1776575438.013,38.013,0.46,0.47,0.53,0.54,0.01,0.01,75575.78,1776575436000
1776575438.525,38.525,0.46,0.47,0.53,0.54,0.01,0.01,75575.78,1776575436000
1776575439.112,39.112,0.46,0.47,0.53,0.54,0.01,0.01,75575.82,1776575437000
1776575439.667,39.667,0.46,0.47,0.53,0.54,0.01,0.01,75574.37,1776575438000
1776575440.033,40.033,0.46,0.47,0.53,0.54,0.01,0.01,75575.81,1776575439000
1776575441.059,41.059,0.46,0.47,0.53,0.54,0.01,0.01,75575.44,1776575440000
1776575441.404,41.404,0.46,0.47,0.53,0.54,0.01,0.01,75575.44,1776575440000
1776575442.294,42.294,0.46,0.47,0.53,0.54,0.01,0.01,75575.44,1776575440000
1776575442.795,42.795,0.46,0.47,0.53,0.54,0.01,0.01,75575.45,1776575441000
1776575443.133,43.133,0.46,0.47,0.53,0.54,0.01,0.01,75575.45,1776575442000
1776575443.75,43.75,0.46,0.47,0.53,0.54,0.01,0.01,75575.45,1776575442000
1776575444.133,44.133,0.46,0.47,0.53,0.54,0.01,0.01,75575.45,1776575442000
1776575444.846,44.846,0.46,0.47,0.53,0.54,0.01,0.01,75575.45,1776575443000
1776575445.227,45.227,0.46,0.47,0.53,0.54,0.01,0.01,75575.45,1776575443000
1776575445.787,45.787,0.46,0.47,0.53,0.54,0.01,0.01,75575.42,1776575444000
1776575446.376,46.376,0.46,0.47,0.53,0.54,0.01,0.01,75575.24,1776575445000
1776575447.061,47.061,0.46,0.47,0.53,0.54,0.01,0.01,75575.24,1776575446000
1776575447.998,47.998,0.46,0.47,0.53,0.54,0.01,0.01,75575.24,1776575446000
1776575448.584,48.584,0.46,0.47,0.53,0.54,0.01,0.01,75575.25,1776575447000
1776575449.532,49.532,0.46,0.47,0.53,0.54,0.01,0.01,75575.25,1776575447000
1776575449.884,49.884,0.46,0.47,0.53,0.54,0.01,0.01,75575.25,1776575448000
1776575450.309,50.309,0.46,0.47,0.53,0.54,0.01,0.01,75575.25,1776575449000
1776575450.654,50.654,0.46,0.47,0.53,0.54,0.01,0.01,75575.25,1776575449000
1776575451.078,51.078,0.46,0.47,0.53,0.54,0.01,0.01,75575.31,1776575450000
1776575451.46,51.46,0.46,0.47,0.53,0.54,0.01,0.01,75575.31,1776575450000
1776575452.248,52.248,0.47,0.48,0.53,0.54,0.01,0.01,75575.31,1776575450000
1776575452.626,52.626,0.47,0.48,0.52,0.53,0.01,0.01,75575.31,1776575450000
1776575453.371,53.371,0.47,0.48,0.52,0.53,0.01,0.01,75575.29,1776575451000
1776575454.022,54.022,0.47,0.48,0.52,0.53,0.01,0.01,75575.29,1776575451000
1776575454.506,54.506,0.47,0.48,0.52,0.53,0.01,0.01,75575.24,1776575452000
1776575454.902,54.902,0.47,0.48,0.52,0.53,0.01,0.01,75575.33,1776575453000
1776575455.263,55.263,0.47,0.48,0.52,0.53,0.01,0.01,75575.33,1776575453000
1776575456.101,56.101,0.47,0.48,0.52,0.53,0.01,0.01,75575.41,1776575454000
1776575456.792,56.792,0.47,0.48,0.52,0.53,0.01,0.01,75575.4,1776575455000
1776575457.56,57.56,0.47,0.48,0.52,0.53,0.01,0.01,75575.41,1776575456000
1776575458.298,58.298,0.47,0.48,0.52,0.53,0.01,0.01,75575.41,1776575456000
1776575458.863,58.863,0.47,0.48,0.52,0.53,0.01,0.01,75575.41,1776575457000
1776575459.208,59.208,0.47,0.49,0.52,0.53,0.02,0.01,75575.41,1776575458000
1776575459.568,59.568,0.49,0.5,0.5,0.51,0.01,0.01,75575.41,1776575458000
1776575460.029,60.029,0.49,0.5,0.5,0.51,0.01,0.01,75575.41,1776575458000
1776575460.474,60.474,0.49,0.5,0.5,0.51,0.01,0.01,75575.41,1776575458000
1776575460.87,60.87,0.49,0.5,0.5,0.51,0.01,0.01,75575.41,1776575459000
1776575461.271,61.271,0.49,0.5,0.5,0.51,0.01,0.01,75575.41,1776575460000
1776575461.627,61.627,0.54,0.55,0.45,0.46,0.01,0.01,75575.41,1776575460000
1776575461.964,61.964,0.54,0.55,0.45,0.46,0.01,0.01,75575.41,1776575460000
1776575462.441,62.441,0.54,0.55,0.45,0.46,0.01,0.01,75575.41,1776575460000
1776575462.798,62.798,0.54,0.55,0.45,0.46,0.01,0.01,75575.57,1776575461000
1776575463.133,63.133,0.54,0.55,0.45,0.46,0.01,0.01,75575.57,1776575461000
1776575463.655,63.655,0.54,0.55,0.45,0.46,0.01,0.01,75575.65,1776575462000
1776575464.114,64.114,0.54,0.55,0.45,0.46,0.01,0.01,75575.65,1776575462000
1776575464.458,64.458,0.54,0.55,0.45,0.46,0.01,0.01,75575.65,1776575462000
1776575464.868,64.868,0.54,0.55,0.45,0.46,0.01,0.01,75578.59,1776575463000
1776575465.411,65.411,0.54,0.55,0.45,0.46,0.01,0.01,75579.52,1776575464000
1776575465.872,65.872,0.54,0.55,0.45,0.46,0.01,0.01,75579.52,1776575464000
1776575466.212,66.212,0.54,0.55,0.45,0.46,0.01,0.01,75579.6,1776575465000
1776575467.119,67.119,0.54,0.55,0.45,0.46,0.01,0.01,75579.6,1776575465000
1776575467.593,67.593,0.54,0.55,0.45,0.46,0.01,0.01,75579.6,1776575465000
1776575468.196,68.196,0.54,0.55,0.45,0.46,0.01,0.01,75579.61,1776575466000
1776575468.824,68.824,0.54,0.55,0.45,0.46,0.01,0.01,75579.58,1776575467000
1776575469.223,69.223,0.54,0.55,0.45,0.46,0.01,0.01,75579.58,1776575467000
1776575469.623,69.623,0.54,0.55,0.45,0.46,0.01,0.01,75579.58,1776575467000
1776575470.375,70.375,0.54,0.55,0.45,0.46,0.01,0.01,75579.49,1776575468000
1776575470.824,70.824,0.54,0.55,0.45,0.46,0.01,0.01,75579.51,1776575469000
1776575471.315,71.315,0.54,0.55,0.45,0.46,0.01,0.01,75579.51,1776575470000
1776575471.66,71.66,0.54,0.55,0.45,0.46,0.01,0.01,75579.51,1776575470000
1776575472.463,72.463,0.54,0.55,0.45,0.46,0.01,0.01,75579.51,1776575470000
1776575473.142,73.142,0.52,0.55,0.45,0.46,0.03,0.01,75579.51,1776575471000
1776575473.685,73.685,0.52,0.53,0.47,0.48,0.01,0.01,75579.56,1776575472000
1776575474.255,74.255,0.52,0.53,0.47,0.48,0.01,0.01,75579.56,1776575472000
1776575474.736,74.736,0.52,0.53,0.47,0.48,0.01,0.01,75579.56,1776575473000
1776575475.201,75.201,0.52,0.53,0.47,0.48,0.01,0.01,75579.56,1776575473000
1776575475.547,75.547,0.52,0.53,0.47,0.48,0.01,0.01,75579.55,1776575474000
1776575475.905,75.905,0.52,0.54,0.47,0.48,0.02,0.01,75579.55,1776575474000
1776575476.642,76.642,0.53,0.54,0.46,0.47,0.01,0.01,75579.56,1776575475000
1776575477.337,77.337,0.53,0.54,0.46,0.47,0.01,0.01,75579.53,1776575476000
1776575477.675,77.675,0.53,0.54,0.46,0.47,0.01,0.01,75579.53,1776575476000
1776575478.017,78.017,0.53,0.54,0.46,0.47,0.01,0.01,75579.48,1776575477000
1776575478.846,78.846,0.53,0.54,0.46,0.47,0.01,0.01,75579.48,1776575477000
1776575479.423,79.423,0.53,0.54,0.46,0.47,0.01,0.01,75579.48,1776575477000
1776575480.002,80.002,0.53,0.54,0.46,0.47,0.01,0.01,75579.58,1776575478000
1776575480.697,80.697,0.53,0.54,0.46,0.47,0.01,0.01,75579.57,1776575479000
1776575481.722,81.722,0.53,0.54,0.46,0.47,0.01,0.01,75579.59,1776575480000
1776575482.325,82.325,0.53,0.54,0.46,0.47,0.01,0.01,75579.59,1776575481000
1776575482.86,82.86,0.53,0.54,0.46,0.47,0.01,0.01,75579.59,1776575481000
1776575483.199,83.199,0.53,0.54,0.46,0.47,0.01,0.01,75579.61,1776575482000
1776575484.193,84.193,0.53,0.54,0.46,0.47,0.01,0.01,75579.61,1776575482000
1776575484.941,84.941,0.53,0.54,0.46,0.47,0.01,0.01,75579.55,1776575483000
1776575485.328,85.328,0.5,0.51,0.48,0.5,0.01,0.02,75579.55,1776575484000
1776575486.217,86.217,0.5,0.51,0.49,0.5,0.01,0.01,75579.55,1776575484000
1776575486.566,86.566,0.5,0.51,0.49,0.5,0.01,0.01,75579.4,1776575485000
1776575487.082,87.082,0.5,0.51,0.49,0.5,0.01,0.01,75579.4,1776575485000
1776575487.442,87.442,0.5,0.51,0.49,0.5,0.01,0.01,75577.8,1776575486000
1776575487.85,87.85,0.5,0.51,0.49,0.5,0.01,0.01,75577.8,1776575486000
1776575488.335,88.335,0.5,0.51,0.49,0.5,0.01,0.01,75577.8,1776575486000
1776575489.516,89.516,0.5,0.51,0.49,0.5,0.01,0.01,75577.56,1776575487000
1776575490.147,90.147,0.5,0.51,0.49,0.5,0.01,0.01,75577.56,1776575488000
1776575490.519,90.519,0.5,0.51,0.49,0.5,0.01,0.01,75577.56,1776575489000
1776575491.075,91.075,0.5,0.51,0.49,0.5,0.01,0.01,75577.52,1776575490000
1776575491.673,91.673,0.5,0.51,0.49,0.5,0.01,0.01,75577.52,1776575490000
1776575492.006,92.006,0.5,0.51,0.49,0.5,0.01,0.01,75577.52,1776575490000
1776575493.055,93.055,0.5,0.51,0.49,0.5,0.01,0.01,75577.51,1776575492000
1776575493.7,93.7,0.5,0.51,0.49,0.5,0.01,0.01,75577.51,1776575492000
1776575494.07,94.07,0.5,0.51,0.49,0.5,0.01,0.01,75577.51,1776575493000
1776575495.006,95.006,0.5,0.51,0.49,0.5,0.01,0.01,75577.51,1776575493000
1776575496.008,96.008,0.5,0.51,0.49,0.5,0.01,0.01,75577.46,1776575495000
1776575497.005,97.005,0.5,0.51,0.49,0.5,0.01,0.01,75577.46,1776575495000
1776575497.601,97.601,0.5,0.51,0.49,0.5,0.01,0.01,75577.43,1776575496000
1776575498.004,98.004,0.5,0.51,0.49,0.5,0.01,0.01,75577.42,1776575497000
1776575498.979,98.979,0.5,0.51,0.49,0.5,0.01,0.01,75577.35,1776575498000
1776575499.362,99.362,0.5,0.51,0.49,0.5,0.01,0.01,75577.35,1776575498000
1776575499.944,99.944,0.5,0.51,0.49,0.5,0.01,0.01,75577.4,1776575499000
1776575500.681,100.681,0.5,0.51,0.49,0.5,0.01,0.01,75577.4,1776575499000
1776575501.165,101.165,0.5,0.51,0.49,0.5,0.01,0.01,75577.41,1776575500000
1776575501.579,101.579,0.5,0.51,0.49,0.5,0.01,0.01,75577.41,1776575500000
1776575502.036,102.036,0.49,0.5,0.5,0.51,0.01,0.01,75577.4,1776575501000
1776575502.556,102.556,0.48,0.49,0.5,0.52,0.01,0.02,75577.4,1776575501000
1776575502.907,102.907,0.48,0.49,0.51,0.52,0.01,0.01,75577.4,1776575501000
1776575503.316,103.316,0.48,0.49,0.51,0.52,0.01,0.01,75577.4,1776575501000
1776575503.777,103.777,0.48,0.49,0.51,0.52,0.01,0.01,75577.4,1776575502000
1776575504.22,104.22,0.48,0.49,0.51,0.52,0.01,0.01,75577.28,1776575503000
1776575504.61,104.61,0.48,0.49,0.51,0.52,0.01,0.01,75577.28,1776575503000
1776575504.971,104.971,0.48,0.49,0.51,0.52,0.01,0.01,75577.28,1776575504000
1776575505.58,105.58,0.48,0.49,0.51,0.52,0.01,0.01,75577.28,1776575504000
1776575506.052,106.052,0.48,0.49,0.51,0.52,0.01,0.01,75577.29,1776575505000
1776575506.924,106.924,0.48,0.49,0.51,0.52,0.01,0.01,75577.02,1776575506000
1776575507.368,107.368,0.48,0.49,0.51,0.52,0.01,0.01,75577.02,1776575506000
1776575507.916,107.916,0.48,0.49,0.51,0.52,0.01,0.01,75577.02,1776575507000
1776575508.263,108.263,0.48,0.49,0.51,0.52,0.01,0.01,75577.02,1776575507000
1776575508.898,108.898,0.48,0.49,0.51,0.52,0.01,0.01,75577.12,1776575508000
1776575509.355,109.355,0.48,0.49,0.51,0.52,0.01,0.01,75577.12,1776575508000
1776575509.88,109.88,0.48,0.49,0.51,0.52,0.01,0.01,75577.11,1776575509000
1776575510.989,110.989,0.48,0.49,0.51,0.52,0.01,0.01,75577.1,1776575510000
1776575511.342,111.342,0.48,0.49,0.51,0.52,0.01,0.01,75577.1,1776575510000
1776575511.844,111.844,0.48,0.49,0.51,0.52,0.01,0.01,75577.1,1776575510000
1776575512.238,112.238,0.48,0.49,0.51,0.52,0.01,0.01,75577.1,1776575511000
1776575512.695,112.695,0.48,0.49,0.51,0.52,0.01,0.01,75577.1,1776575511000
1776575513.097,113.097,0.49,0.5,0.5,0.51,0.01,0.01,75577.14,1776575512000
1776575513.619,113.619,0.49,0.5,0.5,0.51,0.01,0.01,75577.14,1776575512000
1776575514.134,114.134,0.49,0.5,0.5,0.51,0.01,0.01,75577.19,1776575513000
1776575514.552,114.552,0.49,0.5,0.5,0.51,0.01,0.01,75577.19,1776575513000
1776575514.921,114.921,0.49,0.5,0.5,0.51,0.01,0.01,75577.22,1776575514000
1776575515.293,115.293,0.49,0.5,0.5,0.51,0.01,0.01,75577.22,1776575514000
1776575515.973,115.973,0.49,0.5,0.5,0.51,0.01,0.01,75577.22,1776575514000
1776575516.476,116.476,0.49,0.5,0.5,0.51,0.01,0.01,75577.21,1776575515000
1776575517.038,117.038,0.49,0.5,0.5,0.51,0.01,0.01,75577.21,1776575516000
1776575517.387,117.387,0.49,0.5,0.5,0.51,0.01,0.01,75577.21,1776575516000
1776575517.993,117.993,0.49,0.5,0.5,0.51,0.01,0.01,75577.21,1776575516000
1776575518.448,118.448,0.5,0.51,0.49,0.5,0.01,0.01,75577.21,1776575517000
1776575519.205,119.205,0.5,0.51,0.49,0.5,0.01,0.01,75577.2,1776575518000
1776575519.626,119.626,0.5,0.51,0.49,0.5,0.01,0.01,75577.2,1776575518000
1776575520.001,120.001,0.5,0.51,0.49,0.5,0.01,0.01,75577.2,1776575518000
1776575520.427,120.427,0.5,0.51,0.49,0.5,0.01,0.01,75577.2,1776575519000
1776575520.817,120.817,0.5,0.51,0.49,0.5,0.01,0.01,75577.2,1776575519000
1776575521.258,121.258,0.5,0.51,0.49,0.5,0.01,0.01,75577.2,1776575519000
1776575521.652,121.652,0.5,0.51,0.49,0.5,0.01,0.01,75577.28,1776575520000
1776575521.996,121.996,0.51,0.52,0.49,0.5,0.01,0.01,75577.29,1776575521000
1776575522.42,122.42,0.52,0.53,0.47,0.49,0.01,0.02,75577.29,1776575521000
1776575523.067,123.067,0.52,0.53,0.47,0.48,0.01,0.01,75577.29,1776575521000
1776575523.441,123.441,0.52,0.53,0.47,0.48,0.01,0.01,75577.24,1776575522000
1776575523.801,123.801,0.52,0.53,0.47,0.48,0.01,0.01,75577.24,1776575522000
1776575524.149,124.149,0.52,0.53,0.47,0.48,0.01,0.01,75577.24,1776575522000
1776575524.674,124.674,0.52,0.53,0.47,0.48,0.01,0.01,75577.27,1776575523000
1776575525.022,125.022,0.52,0.53,0.47,0.48,0.01,0.01,75577.27,1776575523000
1776575525.448,125.448,0.52,0.53,0.47,0.48,0.01,0.01,75577.63,1776575524000
1776575525.93,125.93,0.52,0.53,0.47,0.48,0.01,0.01,75577.9,1776575525000
1776575526.267,126.267,0.52,0.53,0.47,0.48,0.01,0.01,75577.9,1776575525000
1776575526.775,126.775,0.52,0.53,0.47,0.48,0.01,0.01,75577.9,1776575525000
1776575527.251,127.251,0.52,0.53,0.47,0.48,0.01,0.01,75577.89,1776575526000
1776575527.611,127.611,0.52,0.53,0.47,0.48,0.01,0.01,75577.89,1776575526000
1776575528.022,128.022,0.52,0.53,0.47,0.48,0.01,0.01,75577.89,1776575526000
1776575528.417,128.417,0.52,0.53,0.47,0.48,0.01,0.01,75577.9,1776575527000
1776575528.928,128.928,0.52,0.53,0.47,0.48,0.01,0.01,75577.9,1776575528000
1776575529.385,129.385,0.52,0.53,0.47,0.48,0.01,0.01,75577.9,1776575528000
1776575529.899,129.899,0.52,0.53,0.47,0.48,0.01,0.01,75577.9,1776575528000
1776575530.633,130.633,0.52,0.53,0.47,0.48,0.01,0.01,75577.91,1776575529000
1776575531.181,131.181,0.52,0.53,0.47,0.48,0.01,0.01,75578.6,1776575530000
1776575531.514,131.514,0.52,0.56,0.44,0.48,0.04,0.04,75578.6,1776575530000
1776575531.903,131.903,0.58,0.61,0.39,0.4,0.03,0.01,75578.6,1776575530000
1776575532.239,132.239,0.6,0.61,0.39,0.4,0.01,0.01,75578.6,1776575530000
1776575532.575,132.575,0.6,0.61,0.39,0.41,0.01,0.02,75578.63,1776575531000
1776575532.914,132.914,0.58,0.6,0.4,0.41,0.02,0.01,75578.63,1776575531000
1776575533.255,133.255,0.59,0.6,0.4,0.41,0.01,0.01,75578.63,1776575532000
1776575533.795,133.795,0.59,0.6,0.4,0.41,0.01,0.01,75578.63,1776575532000
1776575534.339,134.339,0.59,0.6,0.4,0.41,0.01,0.01,75585.19,1776575533000
1776575534.728,134.728,0.58,0.59,0.41,0.42,0.01,0.01,75585.19,1776575533000
1776575535.087,135.087,0.58,0.59,0.41,0.42,0.01,0.01,75585.19,1776575533000
1776575535.605,135.605,0.58,0.59,0.41,0.42,0.01,0.01,75585.19,1776575533000
1776575536.096,136.096,0.58,0.59,0.41,0.42,0.01,0.01,75585.03,1776575534000
1776575536.709,136.709,0.58,0.59,0.41,0.42,0.01,0.01,75585.03,1776575535000
1776575537.201,137.201,0.58,0.59,0.41,0.42,0.01,0.01,75585.03,1776575535000
1776575537.965,137.965,0.58,0.59,0.41,0.42,0.01,0.01,75585.03,1776575536000
1776575538.388,138.388,0.58,0.59,0.41,0.42,0.01,0.01,75585.03,1776575537000
1776575538.732,138.732,0.58,0.59,0.41,0.42,0.01,0.01,75585.03,1776575537000
1776575539.126,139.126,0.58,0.59,0.41,0.42,0.01,0.01,75585.05,1776575538000
1776575539.523,139.523,0.58,0.59,0.41,0.42,0.01,0.01,75585.05,1776575538000
1776575540.011,140.011,0.58,0.59,0.41,0.42,0.01,0.01,75585.05,1776575538000
1776575540.849,140.849,0.58,0.59,0.41,0.42,0.01,0.01,75585.04,1776575539000
1776575541.565,141.565,0.58,0.59,0.41,0.42,0.01,0.01,75585.04,1776575540000
1776575541.993,141.993,0.58,0.59,0.41,0.42,0.01,0.01,75585.04,1776575540000
1776575542.673,142.673,0.58,0.59,0.41,0.42,0.01,0.01,75585.04,1776575541000
1776575543.158,143.158,0.58,0.59,0.41,0.42,0.01,0.01,75585.04,1776575541000
1776575543.817,143.817,0.58,0.59,0.41,0.42,0.01,0.01,75585.05,1776575542000
1776575544.424,144.424,0.58,0.59,0.41,0.42,0.01,0.01,75585.05,1776575542000
1776575544.896,144.896,0.58,0.59,0.41,0.42,0.01,0.01,75585.05,1776575543000
1776575545.245,145.245,0.58,0.59,0.41,0.42,0.01,0.01,75585.05,1776575544000
1776575546.051,146.051,0.58,0.59,0.41,0.42,0.01,0.01,75585.05,1776575544000
1776575546.59,146.59,0.58,0.59,0.41,0.42,0.01,0.01,75585.05,1776575544000
1776575547.458,147.458,0.58,0.59,0.41,0.42,0.01,0.01,75585.06,1776575546000
1776575548.042,148.042,0.58,0.59,0.41,0.42,0.01,0.01,75585.06,1776575546000
1776575548.794,148.794,0.58,0.59,0.41,0.42,0.01,0.01,75585.06,1776575547000
1776575549.152,149.152,0.58,0.59,0.41,0.42,0.01,0.01,75585.06,1776575547000
1776575549.544,149.544,0.58,0.59,0.41,0.42,0.01,0.01,75585.06,1776575548000
1776575549.996,149.996,0.59,0.6,0.4,0.42,0.01,0.02,75585.06,1776575548000
1776575550.362,150.362,0.59,0.6,0.4,0.41,0.01,0.01,75585.06,1776575548000
1776575550.706,150.706,0.59,0.6,0.4,0.41,0.01,0.01,75585.07,1776575549000
1776575551.094,151.094,0.59,0.6,0.4,0.41,0.01,0.01,75585.01,1776575550000
1776575552.038,152.038,0.59,0.6,0.4,0.41,0.01,0.01,75585.12,1776575551000
1776575552.422,152.422,0.59,0.6,0.4,0.41,0.01,0.01,75585.12,1776575551000
1776575552.944,152.944,0.6,0.61,0.4,0.41,0.01,0.01,75585.12,1776575551000
1776575553.364,153.364,0.61,0.62,0.38,0.39,0.01,0.01,75585.12,1776575552000
1776575553.718,153.718,0.61,0.62,0.38,0.39,0.01,0.01,75585.12,1776575552000
1776575554.135,154.135,0.62,0.63,0.37,0.38,0.01,0.01,75585.12,1776575552000
1776575554.484,154.484,0.63,0.64,0.36,0.38,0.01,0.02,75585.12,1776575553000
1776575554.909,154.909,0.63,0.64,0.36,0.37,0.01,0.01,75585.12,1776575553000
1776575555.358,155.358,0.63,0.64,0.36,0.37,0.01,0.01,75585.12,1776575553000
1776575555.786,155.786,0.63,0.64,0.36,0.37,0.01,0.01,75585.13,1776575554000
1776575556.631,156.631,0.63,0.64,0.36,0.37,0.01,0.01,75588.56,1776575555000
1776575557.031,157.031,0.63,0.64,0.36,0.37,0.01,0.01,75588.56,1776575555000
1776575557.689,157.689,0.63,0.64,0.36,0.37,0.01,0.01,75588.42,1776575556000
1776575558.082,158.082,0.63,0.64,0.36,0.37,0.01,0.01,75588.42,1776575556000
1776575558.425,158.425,0.63,0.64,0.36,0.37,0.01,0.01,75588.2,1776575557000
1776575559.002,159.002,0.63,0.64,0.36,0.37,0.01,0.01,75588.2,1776575557000
1776575559.34,159.34,0.64,0.65,0.35,0.36,0.01,0.01,75588.2,1776575557000
1776575559.922,159.922,0.64,0.65,0.35,0.36,0.01,0.01,75588.21,1776575558000
1776575560.35,160.35,0.64,0.65,0.35,0.36,0.01,0.01,75588.05,1776575559000
1776575560.809,160.809,0.64,0.65,0.35,0.36,0.01,0.01,75588.05,1776575559000
1776575561.54,161.54,0.64,0.65,0.35,0.36,0.01,0.01,75588.05,1776575560000
1776575562.157,162.157,0.64,0.66,0.34,0.36,0.02,0.02,75588.05,1776575561000
1776575562.529,162.529,0.65,0.66,0.34,0.35,0.01,0.01,75588.05,1776575561000
1776575562.928,162.928,0.65,0.66,0.34,0.35,0.01,0.01,75588.05,1776575561000
1776575563.29,163.29,0.65,0.66,0.34,0.35,0.01,0.01,75588.05,1776575561000
1776575563.65,163.65,0.65,0.66,0.34,0.35,0.01,0.01,75588.05,1776575562000
1776575564.23,164.23,0.65,0.66,0.34,0.35,0.01,0.01,75588.05,1776575562000
1776575564.954,164.954,0.65,0.66,0.34,0.35,0.01,0.01,75587.97,1776575563000
1776575565.368,165.368,0.65,0.66,0.34,0.35,0.01,0.01,75587.97,1776575564000
1776575566.122,166.122,0.65,0.66,0.34,0.35,0.01,0.01,75587.96,1776575565000
1776575566.46,166.46,0.65,0.66,0.34,0.35,0.01,0.01,75587.96,1776575565000
1776575566.793,166.793,0.65,0.66,0.34,0.35,0.01,0.01,75587.96,1776575565000
1776575567.26,167.26,0.65,0.66,0.34,0.35,0.01,0.01,75587.96,1776575566000
1776575567.647,167.647,0.65,0.66,0.34,0.35,0.01,0.01,75587.96,1776575566000
1776575568.373,168.373,0.65,0.66,0.34,0.35,0.01,0.01,75587.96,1776575566000
1776575568.707,168.707,0.65,0.66,0.34,0.35,0.01,0.01,75587.97,1776575567000
1776575569.087,169.087,0.65,0.66,0.34,0.35,0.01,0.01,75587.97,1776575567000
1776575569.424,169.424,0.63,0.66,0.34,0.37,0.03,0.03,75587.96,1776575568000
1776575569.889,169.889,0.65,0.66,0.34,0.37,0.01,0.03,75587.96,1776575568000
1776575570.249,170.249,0.65,0.66,0.34,0.35,0.01,0.01,75587.96,1776575569000
1776575570.595,170.595,0.65,0.66,0.34,0.35,0.01,0.01,75587.96,1776575569000
1776575571.049,171.049,0.65,0.66,0.34,0.35,0.01,0.01,75587.96,1776575569000
1776575571.436,171.436,0.65,0.66,0.34,0.35,0.01,0.01,75587.96,1776575570000
1776575572.09,172.09,0.65,0.66,0.34,0.35,0.01,0.01,75587.96,1776575570000
1776575572.766,172.766,0.65,0.66,0.34,0.35,0.01,0.01,75587.96,1776575571000
1776575573.182,173.182,0.63,0.66,0.34,0.35,0.03,0.01,75587.96,1776575571000
1776575573.553,173.553,0.64,0.65,0.34,0.37,0.01,0.03,75587.96,1776575572000
1776575574.07,174.07,0.64,0.65,0.35,0.36,0.01,0.01,75587.96,1776575573000
1776575574.462,174.462,0.64,0.65,0.35,0.36,0.01,0.01,75587.96,1776575573000
1776575575.032,175.032,0.64,0.65,0.35,0.36,0.01,0.01,75587.96,1776575574000
1776575575.432,175.432,0.64,0.65,0.35,0.36,0.01,0.01,75587.96,1776575574000
1776575575.799,175.799,0.63,0.65,0.35,0.36,0.02,0.01,75587.96,1776575574000
1776575576.153,176.153,0.63,0.64,0.36,0.37,0.01,0.01,75587.97,1776575575000
1776575576.84,176.84,0.62,0.63,0.37,0.38,0.01,0.01,75587.97,1776575575000
1776575577.383,177.383,0.62,0.63,0.37,0.38,0.01,0.01,75587.51,1776575576000
1776575577.76,177.76,0.62,0.63,0.37,0.4,0.01,0.03,75587.51,1776575576000
1776575578.099,178.099,0.62,0.63,0.37,0.38,0.01,0.01,75585.92,1776575577000
1776575578.781,178.781,0.62,0.63,0.37,0.38,0.01,0.01,75585.92,1776575577000
1776575579.355,179.355,0.62,0.63,0.37,0.38,0.01,0.01,75585.84,1776575578000
1776575580.061,180.061,0.62,0.63,0.37,0.38,0.01,0.01,75585.84,1776575578000
1776575580.411,180.411,0.63,0.64,0.37,0.38,0.01,0.01,75585.84,1776575578000
1776575581.12,181.12,0.64,0.65,0.36,0.37,0.01,0.01,75585.85,1776575579000
1776575582.376,182.376,0.64,0.65,0.35,0.36,0.01,0.01,75585.82,1776575581000
1776575583.138,183.138,0.64,0.65,0.35,0.36,0.01,0.01,75585.82,1776575581000
1776575583.65,183.65,0.64,0.65,0.35,0.36,0.01,0.01,75585.82,1776575582000
1776575584.156,184.156,0.64,0.65,0.35,0.36,0.01,0.01,75585.82,1776575582000
1776575584.524,184.524,0.64,0.65,0.35,0.36,0.01,0.01,75585.82,1776575583000
1776575585.158,185.158,0.64,0.65,0.35,0.36,0.01,0.01,75585.82,1776575583000
1776575585.555,185.555,0.64,0.65,0.35,0.36,0.01,0.01,75585.82,1776575583000
1776575586.156,186.156,0.64,0.65,0.35,0.36,0.01,0.01,75585.68,1776575584000
1776575586.495,186.495,0.64,0.65,0.35,0.36,0.01,0.01,75585.68,1776575585000
1776575587.15,187.15,0.63,0.64,0.35,0.36,0.01,0.01,75585.68,1776575585000
1776575587.505,187.505,0.63,0.64,0.36,0.37,0.01,0.01,75585.68,1776575586000
1776575587.906,187.906,0.63,0.64,0.36,0.37,0.01,0.01,75585.69,1776575587000
1776575588.345,188.345,0.63,0.64,0.36,0.37,0.01,0.01,75585.69,1776575587000
1776575588.828,188.828,0.66,0.67,0.33,0.34,0.01,0.01,75585.69,1776575587000
1776575589.216,189.216,0.66,0.67,0.33,0.34,0.01,0.01,75585.69,1776575587000
1776575589.597,189.597,0.66,0.67,0.33,0.34,0.01,0.01,75585.57,1776575588000
1776575590.355,190.355,0.66,0.67,0.33,0.34,0.01,0.01,75585.76,1776575589000
1776575590.982,190.982,0.66,0.67,0.33,0.34,0.01,0.01,75585.76,1776575590000
1776575591.378,191.378,0.66,0.67,0.33,0.34,0.01,0.01,75585.76,1776575590000
1776575591.739,191.739,0.66,0.67,0.33,0.34,0.01,0.01,75585.76,1776575590000
1776575592.116,192.116,0.66,0.67,0.33,0.34,0.01,0.01,75585.76,1776575591000
1776575592.453,192.453,0.67,0.68,0.32,0.33,0.01,0.01,75585.76,1776575591000
1776575592.818,192.818,0.67,0.68,0.32,0.33,0.01,0.01,75585.76,1776575591000
1776575593.786,193.786,0.67,0.68,0.32,0.33,0.01,0.01,75585.77,1776575592000
1776575594.22,194.22,0.67,0.69,0.32,0.33,0.02,0.01,75585.77,1776575592000
1776575594.561,194.561,0.68,0.69,0.31,0.33,0.01,0.02,75585.77,1776575592000
1776575594.997,194.997,0.68,0.69,0.31,0.32,0.01,0.01,75586.35,1776575593000
1776575595.419,195.419,0.68,0.69,0.31,0.32,0.01,0.01,75586.34,1776575594000
1776575595.793,195.793,0.68,0.69,0.31,0.32,0.01,0.01,75586.34,1776575594000
1776575596.158,196.158,0.68,0.69,0.31,0.32,0.01,0.01,75586.34,1776575594000
1776575596.494,196.494,0.68,0.69,0.31,0.32,0.01,0.01,75586.34,1776575594000
1776575597.287,197.287,0.68,0.69,0.31,0.32,0.01,0.01,75586.34,1776575596000
1776575597.771,197.771,0.68,0.69,0.31,0.32,0.01,0.01,75586.34,1776575596000
1776575598.305,198.305,0.68,0.69,0.3,0.32,0.01,0.02,75586.34,1776575596000
1776575598.807,198.807,0.68,0.69,0.31,0.32,0.01,0.01,75586.33,1776575597000
1776575599.396,199.396,0.68,0.69,0.31,0.32,0.01,0.01,75586.33,1776575598000
1776575599.866,199.866,0.68,0.69,0.31,0.32,0.01,0.01,75586.33,1776575598000
1776575600.346,200.346,0.65,0.68,0.31,0.33,0.03,0.02,75586.32,1776575599000
1776575600.692,200.692,0.57,0.59,0.4,0.43,0.02,0.03,75586.32,1776575599000
1776575601.039,201.039,0.56,0.57,0.43,0.44,0.01,0.01,75586.32,1776575599000
1776575601.382,201.382,0.55,0.56,0.44,0.45,0.01,0.01,75586.32,1776575599000
1776575601.739,201.739,0.56,0.57,0.43,0.44,0.01,0.01,75586.24,1776575600000
1776575602.146,202.146,0.56,0.57,0.43,0.44,0.01,0.01,75586.24,1776575600000
1776575602.519,202.519,0.56,0.57,0.43,0.44,0.01,0.01,75582.4,1776575601000
1776575603.4,203.4,0.58,0.59,0.41,0.42,0.01,0.01,75582.4,1776575601000
1776575603.755,203.755,0.58,0.59,0.41,0.42,0.01,0.01,75577.16,1776575602000
1776575604.103,204.103,0.58,0.59,0.41,0.42,0.01,0.01,75577.16,1776575602000
1776575605.48,205.48,0.58,0.59,0.41,0.42,0.01,0.01,75577.18,1776575604000
1776575606.155,206.155,0.58,0.59,0.41,0.42,0.01,0.01,75577.09,1776575605000
1776575606.637,206.637,0.58,0.59,0.41,0.42,0.01,0.01,75577.09,1776575605000
1776575607.038,207.038,0.58,0.59,0.41,0.42,0.01,0.01,75577.09,1776575605000
1776575607.754,207.754,0.58,0.59,0.41,0.42,0.01,0.01,75577.05,1776575606000
1776575608.644,208.644,0.58,0.59,0.41,0.42,0.01,0.01,75577.05,1776575607000
1776575609.15,209.15,0.58,0.59,0.41,0.42,0.01,0.01,75577.05,1776575607000
1776575609.563,209.563,0.58,0.59,0.41,0.42,0.01,0.01,75577.06,1776575608000
1776575609.947,209.947,0.58,0.59,0.41,0.42,0.01,0.01,75577.06,1776575608000
1776575610.447,210.447,0.58,0.59,0.41,0.42,0.01,0.01,75577.02,1776575609000
1776575611.163,211.163,0.58,0.59,0.41,0.42,0.01,0.01,75577.01,1776575610000
1776575611.699,211.699,0.58,0.59,0.41,0.42,0.01,0.01,75577.01,1776575610000
1776575612.064,212.064,0.58,0.59,0.41,0.42,0.01,0.01,75577.01,1776575610000
1776575612.642,212.642,0.58,0.59,0.41,0.42,0.01,0.01,75577.02,1776575611000
1776575613.248,213.248,0.58,0.59,0.41,0.42,0.01,0.01,75577.03,1776575612000
1776575613.837,213.837,0.58,0.59,0.41,0.42,0.01,0.01,75577.03,1776575612000
1776575614.179,214.179,0.58,0.59,0.41,0.42,0.01,0.01,75577.0,1776575613000
1776575614.614,214.614,0.58,0.59,0.41,0.42,0.01,0.01,75577.0,1776575613000
1776575615.036,215.036,0.57,0.58,0.41,0.42,0.01,0.01,75577.0,1776575613000
1776575615.691,215.691,0.57,0.58,0.42,0.43,0.01,0.01,75577.0,1776575614000
1776575616.112,216.112,0.57,0.58,0.42,0.43,0.01,0.01,75577.04,1776575615000
1776575617.036,217.036,0.57,0.58,0.42,0.43,0.01,0.01,75577.04,1776575615000
1776575618.05,218.05,0.57,0.58,0.42,0.43,0.01,0.01,75577.11,1776575617000
1776575618.881,218.881,0.57,0.58,0.42,0.43,0.01,0.01,75577.11,1776575617000
1776575619.218,219.218,0.57,0.58,0.42,0.43,0.01,0.01,75577.05,1776575618000
1776575619.628,219.628,0.57,0.58,0.42,0.43,0.01,0.01,75577.05,1776575618000
1776575620.103,220.103,0.57,0.58,0.42,0.43,0.01,0.01,75577.0,1776575619000
1776575620.498,220.498,0.57,0.58,0.42,0.43,0.01,0.01,75577.0,1776575619000
1776575621.032,221.032,0.57,0.58,0.42,0.43,0.01,0.01,75576.99,1776575620000
1776575621.608,221.608,0.57,0.58,0.42,0.43,0.01,0.01,75576.99,1776575620000
1776575622.15,222.15,0.57,0.58,0.42,0.43,0.01,0.01,75576.99,1776575621000
1776575622.697,222.697,0.57,0.58,0.42,0.43,0.01,0.01,75576.99,1776575621000
1776575623.1,223.1,0.57,0.58,0.42,0.43,0.01,0.01,75577.09,1776575622000
1776575623.921,223.921,0.57,0.58,0.42,0.43,0.01,0.01,75577.09,1776575622000
1776575624.424,224.424,0.57,0.58,0.42,0.43,0.01,0.01,75577.06,1776575623000
1776575624.854,224.854,0.57,0.58,0.42,0.43,0.01,0.01,75577.06,1776575623000
1776575625.2,225.2,0.57,0.58,0.42,0.43,0.01,0.01,75577.07,1776575624000
1776575626.296,226.296,0.57,0.58,0.42,0.43,0.01,0.01,75577.07,1776575625000
1776575627.339,227.339,0.57,0.58,0.42,0.43,0.01,0.01,75577.09,1776575626000
1776575627.944,227.944,0.57,0.6,0.42,0.43,0.03,0.01,75577.09,1776575626000
1776575628.305,228.305,0.59,0.63,0.37,0.41,0.04,0.04,75577.09,1776575626000
1776575628.654,228.654,0.62,0.68,0.32,0.38,0.06,0.06,75582.25,1776575627000
1776575628.992,228.992,0.64,0.66,0.34,0.36,0.02,0.02,75582.25,1776575628000
1776575629.352,229.352,0.64,0.65,0.35,0.36,0.01,0.01,75582.25,1776575628000
1776575629.916,229.916,0.65,0.66,0.34,0.35,0.01,0.01,75582.48,1776575629000
1776575630.476,230.476,0.65,0.66,0.32,0.35,0.01,0.03,75582.48,1776575629000
1776575630.815,230.815,0.69,0.7,0.3,0.31,0.01,0.01,75582.48,1776575629000
1776575631.206,231.206,0.69,0.7,0.3,0.31,0.01,0.01,75582.53,1776575630000
1776575631.574,231.574,0.69,0.7,0.3,0.31,0.01,0.01,75582.53,1776575630000
1776575631.914,231.914,0.69,0.7,0.3,0.31,0.01,0.01,75582.53,1776575630000
1776575632.524,232.524,0.69,0.7,0.3,0.31,0.01,0.01,75582.53,1776575631000
1776575632.938,232.938,0.69,0.7,0.3,0.31,0.01,0.01,75582.53,1776575632000
1776575633.712,233.712,0.69,0.71,0.3,0.31,0.02,0.01,75582.53,1776575632000
1776575634.173,234.173,0.69,0.7,0.3,0.31,0.01,0.01,75582.53,1776575633000
1776575635.097,235.097,0.69,0.7,0.3,0.31,0.01,0.01,75582.53,1776575634000
1776575635.701,235.701,0.69,0.7,0.3,0.31,0.01,0.01,75582.53,1776575634000
1776575636.097,236.097,0.69,0.7,0.3,0.31,0.01,0.01,75582.53,1776575634000
1776575636.666,236.666,0.69,0.7,0.3,0.31,0.01,0.01,75582.53,1776575634000
1776575637.272,237.272,0.69,0.7,0.3,0.31,0.01,0.01,75582.53,1776575635000
1776575637.628,237.628,0.69,0.7,0.3,0.31,0.01,0.01,75582.9,1776575636000
1776575638.056,238.056,0.69,0.7,0.3,0.31,0.01,0.01,75582.9,1776575636000
1776575638.495,238.495,0.69,0.7,0.3,0.31,0.01,0.01,75582.89,1776575637000
1776575638.889,238.889,0.69,0.7,0.3,0.31,0.01,0.01,75582.89,1776575637000
1776575639.484,239.484,0.69,0.7,0.3,0.31,0.01,0.01,75582.89,1776575638000
1776575639.851,239.851,0.69,0.7,0.3,0.31,0.01,0.01,75582.89,1776575638000
1776575640.531,240.531,0.69,0.71,0.3,0.31,0.02,0.01,75582.9,1776575639000
1776575640.896,240.896,0.7,0.71,0.29,0.31,0.01,0.02,75582.9,1776575639000
1776575641.239,241.239,0.7,0.71,0.28,0.3,0.01,0.02,75582.9,1776575639000
1776575642.283,242.283,0.7,0.71,0.29,0.3,0.01,0.01,75582.9,1776575641000
1776575642.773,242.773,0.7,0.71,0.29,0.3,0.01,0.01,75582.9,1776575641000
1776575643.122,243.122,0.7,0.72,0.29,0.3,0.02,0.01,75582.9,1776575641000
1776575643.53,243.53,0.7,0.72,0.28,0.3,0.02,0.02,75582.87,1776575642000
1776575643.971,243.971,0.71,0.72,0.28,0.29,0.01,0.01,75582.89,1776575643000
1776575644.439,244.439,0.71,0.72,0.28,0.29,0.01,0.01,75582.89,1776575643000
1776575644.794,244.794,0.71,0.72,0.28,0.29,0.01,0.01,75582.89,1776575643000
1776575645.847,245.847,0.71,0.72,0.28,0.29,0.01,0.01,75582.95,1776575644000
1776575646.225,246.225,0.72,0.73,0.27,0.28,0.01,0.01,75582.95,1776575645000
1776575646.872,246.872,0.72,0.73,0.27,0.28,0.01,0.01,75582.95,1776575645000
1776575647.285,247.285,0.72,0.73,0.27,0.28,0.01,0.01,75582.95,1776575646000
1776575647.809,247.809,0.72,0.73,0.27,0.28,0.01,0.01,75582.95,1776575646000
1776575648.248,248.248,0.72,0.73,0.27,0.28,0.01,0.01,75582.95,1776575646000
1776575648.89,248.89,0.72,0.73,0.27,0.28,0.01,0.01,75582.95,1776575648000
1776575649.239,249.239,0.72,0.73,0.27,0.28,0.01,0.01,75582.95,1776575648000
1776575649.597,249.597,0.72,0.73,0.27,0.28,0.01,0.01,75582.95,1776575648000
1776575649.976,249.976,0.72,0.73,0.27,0.28,0.01,0.01,75582.97,1776575649000
1776575650.684,250.684,0.72,0.73,0.27,0.28,0.01,0.01,75582.97,1776575649000
1776575651.03,251.03,0.72,0.73,0.27,0.28,0.01,0.01,75582.97,1776575649000
1776575651.365,251.365,0.72,0.73,0.27,0.28,0.01,0.01,75582.98,1776575650000
1776575651.988,251.988,0.72,0.73,0.27,0.28,0.01,0.01,75582.98,1776575651000
1776575652.663,252.663,0.72,0.73,0.27,0.28,0.01,0.01,75582.98,1776575651000
1776575653.092,253.092,0.72,0.73,0.27,0.28,0.01,0.01,75582.99,1776575652000
1776575653.504,253.504,0.74,0.75,0.25,0.28,0.01,0.03,75582.99,1776575652000
1776575654.151,254.151,0.74,0.75,0.25,0.26,0.01,0.01,75582.98,1776575653000
1776575654.521,254.521,0.76,0.77,0.21,0.26,0.01,0.05,75582.98,1776575653000
1776575654.898,254.898,0.76,0.77,0.23,0.24,0.01,0.01,75582.98,1776575653000
1776575655.252,255.252,0.76,0.77,0.23,0.24,0.01,0.01,75582.98,1776575654000
1776575655.599,255.599,0.76,0.77,0.23,0.24,0.01,0.01,75582.98,1776575654000
1776575655.934,255.934,0.76,0.77,0.23,0.24,0.01,0.01,75582.98,1776575654000
1776575656.408,256.408,0.76,0.77,0.23,0.24,0.01,0.01,75582.69,1776575655000
1776575656.908,256.908,0.76,0.77,0.23,0.24,0.01,0.01,75582.69,1776575656000
1776575657.493,257.493,0.77,0.78,0.22,0.24,0.01,0.02,75582.69,1776575656000
1776575658.035,258.035,0.77,0.79,0.21,0.23,0.02,0.02,75583.03,1776575657000
1776575658.633,258.633,0.79,0.8,0.2,0.21,0.01,0.01,75583.03,1776575657000
1776575658.977,258.977,0.79,0.8,0.2,0.21,0.01,0.01,75583.03,1776575657000
1776575659.318,259.318,0.79,0.82,0.2,0.21,0.03,0.01,75583.03,1776575658000
1776575659.897,259.897,0.79,0.8,0.18,0.21,0.01,0.03,75583.03,1776575658000
1776575660.375,260.375,0.79,0.82,0.2,0.21,0.03,0.01,75583.03,1776575659000
1776575660.803,260.803,0.79,0.8,0.2,0.21,0.01,0.01,75583.03,1776575659000
1776575661.247,261.247,0.79,0.8,0.2,0.21,0.01,0.01,75583.04,1776575660000
1776575661.6,261.6,0.79,0.84,0.2,0.21,0.05,0.01,75583.04,1776575660000
1776575661.975,261.975,0.83,0.84,0.16,0.17,0.01,0.01,75583.04,1776575660000
1776575662.52,262.52,0.83,0.84,0.16,0.17,0.01,0.01,75583.03,1776575661000
1776575662.858,262.858,0.83,0.84,0.16,0.17,0.01,0.01,75583.03,1776575661000
1776575663.352,263.352,0.83,0.84,0.16,0.17,0.01,0.01,75583.03,1776575662000
1776575663.912,263.912,0.83,0.84,0.16,0.17,0.01,0.01,75583.03,1776575662000
1776575664.345,264.345,0.83,0.84,0.16,0.17,0.01,0.01,75583.03,1776575663000
1776575664.73,264.73,0.83,0.84,0.16,0.17,0.01,0.01,75583.03,1776575663000
1776575665.494,265.494,0.83,0.84,0.16,0.17,0.01,0.01,75583.03,1776575664000
1776575666.118,266.118,0.84,0.85,0.12,0.17,0.01,0.05,75583.03,1776575664000
1776575667.292,267.292,0.84,0.85,0.15,0.16,0.01,0.01,75583.03,1776575666000
1776575668.432,268.432,0.84,0.85,0.15,0.16,0.01,0.01,75583.03,1776575667000
1776575668.771,268.771,0.84,0.85,0.15,0.16,0.01,0.01,75583.03,1776575667000
1776575669.245,269.245,0.84,0.85,0.15,0.16,0.01,0.01,75583.03,1776575668000
1776575669.649,269.649,0.84,0.85,0.15,0.16,0.01,0.01,75583.03,1776575668000
1776575670.087,270.087,0.84,0.86,0.15,0.16,0.02,0.01,75583.03,1776575668000
1776575670.435,270.435,0.86,0.9,0.13,0.15,0.04,0.02,75583.05,1776575669000
1776575670.893,270.893,0.86,0.9,0.1,0.13,0.04,0.03,75583.05,1776575669000
1776575671.257,271.257,0.88,0.89,0.11,0.12,0.01,0.01,75583.05,1776575669000
1776575671.635,271.635,0.88,0.89,0.11,0.12,0.01,0.01,75583.05,1776575670000
1776575672.054,272.054,0.88,0.89,0.11,0.12,0.01,0.01,75583.05,1776575670000
1776575672.507,272.507,0.84,0.85,0.15,0.16,0.01,0.01,75583.05,1776575671000
1776575672.852,272.852,0.84,0.85,0.15,0.16,0.01,0.01,75583.05,1776575671000
1776575673.254,273.254,0.84,0.85,0.15,0.2,0.01,0.05,75583.06,1776575672000
1776575673.854,273.854,0.82,0.83,0.15,0.19,0.01,0.04,75583.06,1776575672000
1776575674.212,274.212,0.82,0.83,0.17,0.18,0.01,0.01,75583.01,1776575673000
1776575674.624,274.624,0.84,0.85,0.15,0.16,0.01,0.01,75583.01,1776575673000
1776575674.96,274.96,0.84,0.85,0.15,0.16,0.01,0.01,75583.01,1776575673000
1776575675.456,275.456,0.84,0.85,0.15,0.16,0.01,0.01,75583.01,1776575674000
1776575675.864,275.864,0.84,0.85,0.15,0.16,0.01,0.01,75583.01,1776575674000
1776575676.304,276.304,0.84,0.85,0.15,0.16,0.01,0.01,75583.06,1776575675000
1776575677.537,277.537,0.84,0.86,0.14,0.16,0.02,0.02,75583.09,1776575676000
1776575678.016,278.016,0.84,0.85,0.15,0.16,0.01,0.01,75583.1,1776575677000
1776575678.381,278.381,0.84,0.85,0.15,0.16,0.01,0.01,75583.1,1776575677000
1776575679.695,279.695,0.84,0.85,0.15,0.16,0.01,0.01,75583.06,1776575678000
1776575680.079,280.079,0.84,0.85,0.15,0.16,0.01,0.01,75583.06,1776575678000
1776575680.621,280.621,0.84,0.85,0.15,0.16,0.01,0.01,75583.08,1776575679000
1776575680.97,280.97,0.86,0.88,0.12,0.16,0.02,0.04,75583.08,1776575679000
1776575681.626,281.626,0.87,0.88,0.12,0.13,0.01,0.01,75580.86,1776575680000
1776575682.074,282.074,0.87,0.88,0.12,0.13,0.01,0.01,75580.86,1776575680000
1776575682.728,282.728,0.87,0.88,0.12,0.13,0.01,0.01,75583.01,1776575681000
1776575683.114,283.114,0.87,0.88,0.12,0.13,0.01,0.01,75583.01,1776575681000
1776575683.532,283.532,0.87,0.88,0.12,0.13,0.01,0.01,75583.01,1776575682000
1776575684.138,284.138,0.87,0.88,0.12,0.13,0.01,0.01,75583.01,1776575683000
1776575684.543,284.543,0.87,0.88,0.12,0.13,0.01,0.01,75583.01,1776575683000
1776575684.929,284.929,0.87,0.88,0.12,0.13,0.01,0.01,75583.01,1776575683000
1776575685.275,285.275,0.87,0.88,0.12,0.13,0.01,0.01,75583.01,1776575683000
1776575685.65,285.65,0.87,0.88,0.12,0.13,0.01,0.01,75583.0,1776575684000
1776575686.149,286.149,0.87,0.88,0.12,0.13,0.01,0.01,75583.0,1776575684000
1776575686.511,286.511,0.87,0.88,0.12,0.13,0.01,0.01,75583.0,1776575685000
1776575686.95,286.95,0.87,0.88,0.12,0.13,0.01,0.01,75583.0,1776575685000
1776575687.437,287.437,0.87,0.91,0.12,0.13,0.04,0.01,75583.0,1776575685000
1776575687.939,287.939,0.9,0.91,0.1,0.12,0.01,0.02,75583.02,1776575686000
1776575688.343,288.343,0.9,0.91,0.09,0.1,0.01,0.01,75583.03,1776575687000
1776575688.729,288.729,0.91,0.92,0.08,0.09,0.01,0.01,75583.03,1776575687000
1776575689.095,289.095,0.92,0.93,0.07,0.08,0.01,0.01,75583.03,1776575687000
1776575689.43,289.43,0.93,0.94,0.06,0.07,0.01,0.01,75583.03,1776575687000
1776575689.773,289.773,0.93,0.94,0.06,0.07,0.01,0.01,75583.03,1776575688000
1776575690.199,290.199,0.93,0.94,0.05,0.07,0.01,0.02,75583.03,1776575688000
1776575690.578,290.578,0.94,0.95,0.05,0.06,0.01,0.01,75583.07,1776575689000
1776575691.019,291.019,0.89,0.95,0.05,0.06,0.06,0.01,75583.07,1776575689000
1776575691.358,291.358,0.93,0.94,0.06,0.07,0.01,0.01,75583.07,1776575689000
1776575691.707,291.707,0.93,0.94,0.06,0.07,0.01,0.01,75583.07,1776575689000
1776575692.041,292.041,0.93,0.94,0.06,0.07,0.01,0.01,75583.08,1776575690000
1776575692.485,292.485,0.93,0.94,0.06,0.07,0.01,0.01,75583.08,1776575690000
1776575692.832,292.832,0.93,0.94,0.06,0.07,0.01,0.01,75583.07,1776575691000
1776575693.183,293.183,0.93,0.94,0.06,0.07,0.01,0.01,75583.07,1776575692000
1776575693.517,293.517,0.93,0.95,0.05,0.07,0.02,0.02,75583.07,1776575692000
1776575693.914,293.914,0.94,0.95,0.05,0.06,0.01,0.01,75583.07,1776575692000
1776575694.409,294.409,0.95,0.96,0.05,0.06,0.01,0.01,75583.07,1776575692000
1776575694.818,294.818,0.95,0.96,0.04,0.05,0.01,0.01,75583.05,1776575693000
1776575695.238,295.238,0.95,0.96,0.04,0.05,0.01,0.01,75583.05,1776575694000
1776575695.597,295.597,0.95,0.97,0.04,0.05,0.02,0.01,75583.05,1776575694000
1776575696.054,296.054,0.95,0.96,0.03,0.05,0.01,0.02,75583.05,1776575694000
1776575696.451,296.451,0.96,0.97,0.03,0.04,0.01,0.01,75583.05,1776575694000
1776575696.828,296.828,0.95,0.96,0.04,0.05,0.01,0.01,75583.05,1776575694000
1776575697.244,297.244,0.96,0.97,0.03,0.05,0.01,0.02,75583.06,1776575695000
1776575697.605,297.605,0.96,0.97,0.03,0.04,0.01,0.01,75583.06,1776575695000
1776575697.948,297.948,0.97,0.98,0.02,0.03,0.01,0.01,75583.06,1776575696000
1776575698.483,298.483,0.98,0.99,0.01,0.02,0.01,0.01,75583.06,1776575696000
1776575698.822,298.822,0.98,0.99,0.01,0.02,0.01,0.01,75583.06,1776575696000
1776575699.162,299.162,0.99,0.99,0.01,0.01,0.0,0.0,75585.85,1776575697000
1776575699.527,299.527,0.99,0.99,0.01,0.01,0.0,0.0,75585.85,1776575697000
1776575699.906,299.906,0.99,0.99,0.01,0.01,0.0,0.0,75585.85,1776575697000
1776575700.348,300.348,0.99,0.99,0.01,0.01,0.0,0.0,75582.58,1776575698000
1776575700.698,300.698,0.99,0.99,0.01,0.01,0.0,0.0,75582.58,1776575699000

# RESULT,winner=Up,slug=btc-updown-5m-1776575400,ticks=589
