timestamp,elapsed_sec,up_bid,up_ask,down_bid,down_ask,up_spread,down_spread,btc_price,btc_oracle_ts
1776305400.531,0.531,0.5,0.52,0.48,0.5,0.02,0.02,74616.29,1776305399000
1776305400.866,0.866,0.5,0.51,0.49,0.5,0.01,0.01,74616.29,1776305399000
1776305401.258,1.258,0.5,0.51,0.49,0.5,0.01,0.01,74616.28,1776305400000
1776305401.811,1.811,0.5,0.51,0.49,0.5,0.01,0.01,74616.28,1776305400000
1776305402.517,2.517,0.5,0.51,0.49,0.5,0.01,0.01,74615.91,1776305401000
1776305402.88,2.88,0.52,0.54,0.47,0.48,0.02,0.01,74615.91,1776305401000
1776305403.255,3.255,0.52,0.54,0.45,0.48,0.02,0.03,74615.7,1776305402000
1776305403.758,3.758,0.53,0.55,0.45,0.48,0.02,0.03,74615.7,1776305402000
1776305404.792,4.792,0.53,0.55,0.45,0.47,0.02,0.02,74616.63,1776305403000
1776305405.127,5.127,0.53,0.54,0.46,0.47,0.01,0.01,74622.46,1776305404000
1776305405.461,5.461,0.53,0.54,0.46,0.47,0.01,0.01,74622.46,1776305404000
1776305405.805,5.805,0.54,0.55,0.44,0.47,0.01,0.03,74622.46,1776305404000
1776305406.177,6.177,0.54,0.55,0.45,0.46,0.01,0.01,74623.1,1776305405000
1776305406.588,6.588,0.55,0.56,0.44,0.45,0.01,0.01,74623.1,1776305405000
1776305407.073,7.073,0.55,0.56,0.44,0.45,0.01,0.01,74628.54,1776305406000
1776305407.486,7.486,0.57,0.58,0.42,0.43,0.01,0.01,74628.54,1776305406000
1776305408.086,8.086,0.59,0.6,0.41,0.43,0.01,0.02,74628.54,1776305406000
1776305408.517,8.517,0.59,0.6,0.4,0.41,0.01,0.01,74628.54,1776305407000
1776305408.89,8.89,0.59,0.6,0.4,0.41,0.01,0.01,74628.54,1776305407000
1776305409.49,9.49,0.6,0.61,0.39,0.41,0.01,0.02,74629.43,1776305408000
1776305409.826,9.826,0.6,0.61,0.39,0.4,0.01,0.01,74629.43,1776305408000
1776305410.192,10.192,0.6,0.62,0.38,0.4,0.02,0.02,74631.71,1776305409000
1776305410.59,10.59,0.62,0.63,0.37,0.38,0.01,0.01,74631.71,1776305409000
1776305411.021,11.021,0.62,0.63,0.37,0.38,0.01,0.01,74631.71,1776305409000
1776305411.535,11.535,0.62,0.63,0.37,0.38,0.01,0.01,74633.94,1776305410000
1776305412.022,12.022,0.62,0.63,0.37,0.38,0.01,0.01,74633.94,1776305410000
1776305412.458,12.458,0.62,0.63,0.37,0.38,0.01,0.01,74634.01,1776305411000
1776305412.999,12.999,0.62,0.63,0.37,0.38,0.01,0.01,74634.01,1776305411000
1776305413.351,13.351,0.59,0.63,0.37,0.42,0.04,0.05,74634.01,1776305411000
1776305413.723,13.723,0.6,0.61,0.39,0.4,0.01,0.01,74634.02,1776305412000
1776305414.157,14.157,0.6,0.61,0.39,0.4,0.01,0.01,74634.22,1776305413000
1776305414.568,14.568,0.6,0.61,0.39,0.4,0.01,0.01,74634.22,1776305413000
1776305414.948,14.948,0.6,0.61,0.39,0.4,0.01,0.01,74634.22,1776305413000
1776305415.356,15.356,0.6,0.61,0.39,0.4,0.01,0.01,74633.68,1776305414000
1776305415.693,15.693,0.6,0.61,0.39,0.4,0.01,0.01,74633.68,1776305414000
1776305416.026,16.026,0.6,0.61,0.39,0.4,0.01,0.01,74633.68,1776305414000
1776305416.403,16.403,0.62,0.63,0.37,0.38,0.01,0.01,74633.85,1776305415000
1776305416.742,16.742,0.62,0.63,0.37,0.38,0.01,0.01,74633.85,1776305415000
1776305417.201,17.201,0.61,0.63,0.38,0.39,0.02,0.01,74633.85,1776305415000
1776305417.65,17.65,0.62,0.63,0.37,0.38,0.01,0.01,74634.19,1776305416000
1776305418.226,18.226,0.6,0.61,0.37,0.41,0.01,0.04,74634.25,1776305417000
1776305418.64,18.64,0.6,0.61,0.39,0.4,0.01,0.01,74634.25,1776305417000
1776305418.983,18.983,0.59,0.6,0.4,0.41,0.01,0.01,74634.58,1776305418000
1776305419.328,19.328,0.59,0.6,0.4,0.41,0.01,0.01,74634.58,1776305418000
1776305419.757,19.757,0.61,0.62,0.38,0.41,0.01,0.03,74634.58,1776305418000
1776305420.137,20.137,0.61,0.62,0.38,0.39,0.01,0.01,74634.58,1776305419000
1776305420.503,20.503,0.61,0.62,0.38,0.39,0.01,0.01,74634.58,1776305419000
1776305420.877,20.877,0.61,0.62,0.38,0.39,0.01,0.01,74634.58,1776305419000
1776305421.258,21.258,0.6,0.62,0.38,0.39,0.02,0.01,74634.88,1776305420000
1776305421.669,21.669,0.61,0.62,0.38,0.39,0.01,0.01,74634.88,1776305420000
1776305422.049,22.049,0.61,0.62,0.38,0.39,0.01,0.01,74634.88,1776305420000
1776305422.394,22.394,0.61,0.62,0.38,0.39,0.01,0.01,74634.91,1776305421000
1776305422.728,22.728,0.62,0.63,0.37,0.38,0.01,0.01,74634.91,1776305421000
1776305423.086,23.086,0.62,0.63,0.37,0.38,0.01,0.01,74634.91,1776305421000
1776305423.523,23.523,0.62,0.63,0.37,0.38,0.01,0.01,74635.25,1776305422000
1776305423.961,23.961,0.62,0.63,0.37,0.38,0.01,0.01,74635.25,1776305422000
1776305424.377,24.377,0.62,0.63,0.37,0.38,0.01,0.01,74635.98,1776305423000
1776305424.873,24.873,0.62,0.63,0.37,0.38,0.01,0.01,74635.98,1776305423000
1776305425.211,25.211,0.62,0.64,0.37,0.38,0.02,0.01,74635.98,1776305423000
1776305425.631,25.631,0.63,0.64,0.36,0.38,0.01,0.02,74638.12,1776305424000
1776305425.987,25.987,0.64,0.65,0.35,0.37,0.01,0.02,74638.12,1776305424000
1776305426.362,26.362,0.64,0.65,0.35,0.36,0.01,0.01,74638.12,1776305424000
1776305426.707,26.707,0.64,0.65,0.35,0.36,0.01,0.01,74638.6,1776305425000
1776305427.229,27.229,0.66,0.67,0.33,0.34,0.01,0.01,74638.6,1776305425000
1776305427.613,27.613,0.66,0.67,0.3,0.34,0.01,0.04,74640.35,1776305426000
1776305427.951,27.951,0.68,0.69,0.31,0.32,0.01,0.01,74640.35,1776305426000
1776305428.287,28.287,0.7,0.71,0.29,0.3,0.01,0.01,74640.79,1776305427000
1776305428.968,28.968,0.71,0.72,0.28,0.29,0.01,0.01,74640.79,1776305427000
1776305429.333,29.333,0.71,0.72,0.28,0.29,0.01,0.01,74640.79,1776305427000
1776305429.671,29.671,0.71,0.72,0.28,0.29,0.01,0.01,74640.79,1776305427000
1776305430.022,30.022,0.7,0.71,0.29,0.3,0.01,0.01,74647.28,1776305428000
1776305430.411,30.411,0.69,0.7,0.3,0.31,0.01,0.01,74648.15,1776305429000
1776305430.759,30.759,0.69,0.7,0.3,0.31,0.01,0.01,74648.15,1776305429000
1776305431.173,31.173,0.69,0.7,0.3,0.31,0.01,0.01,74648.15,1776305429000
1776305431.609,31.609,0.68,0.69,0.3,0.32,0.01,0.02,74648.15,1776305429000
1776305431.986,31.986,0.68,0.69,0.31,0.32,0.01,0.01,74649.74,1776305430000
1776305432.392,32.392,0.67,0.69,0.31,0.33,0.02,0.02,74649.94,1776305431000
1776305432.732,32.732,0.68,0.69,0.31,0.32,0.01,0.01,74649.94,1776305431000
1776305433.121,33.121,0.67,0.69,0.31,0.33,0.02,0.02,74649.56,1776305432000
1776305433.544,33.544,0.67,0.68,0.32,0.33,0.01,0.01,74649.56,1776305432000
1776305433.913,33.913,0.67,0.68,0.32,0.33,0.01,0.01,74649.56,1776305432000
1776305434.263,34.263,0.67,0.68,0.32,0.33,0.01,0.01,74649.56,1776305432000
1776305434.619,34.619,0.67,0.68,0.32,0.33,0.01,0.01,74649.6,1776305433000
1776305434.992,34.992,0.67,0.68,0.32,0.33,0.01,0.01,74649.6,1776305433000
1776305435.391,35.391,0.7,0.72,0.28,0.3,0.02,0.02,74649.35,1776305434000
1776305435.725,35.725,0.72,0.74,0.26,0.28,0.02,0.02,74649.35,1776305434000
1776305436.071,36.071,0.72,0.73,0.27,0.28,0.01,0.01,74649.3,1776305435000
1776305436.404,36.404,0.72,0.73,0.27,0.28,0.01,0.01,74649.3,1776305435000
1776305436.781,36.781,0.72,0.75,0.27,0.28,0.03,0.01,74649.3,1776305435000
1776305437.345,37.345,0.74,0.75,0.25,0.26,0.01,0.01,74654.15,1776305436000
1776305437.87,37.87,0.73,0.75,0.25,0.26,0.02,0.01,74654.15,1776305436000
1776305438.271,38.271,0.73,0.74,0.26,0.27,0.01,0.01,74654.15,1776305436000
1776305438.629,38.629,0.73,0.74,0.26,0.27,0.01,0.01,74654.15,1776305436000
1776305439.049,39.049,0.73,0.74,0.26,0.27,0.01,0.01,74659.85,1776305437000
1776305439.427,39.427,0.72,0.74,0.26,0.27,0.02,0.01,74659.85,1776305437000
1776305439.921,39.921,0.72,0.73,0.27,0.28,0.01,0.01,74660.11,1776305438000
1776305440.356,40.356,0.72,0.73,0.27,0.28,0.01,0.01,74660.11,1776305438000
1776305441.076,41.076,0.72,0.73,0.27,0.28,0.01,0.01,74660.46,1776305439000
1776305441.693,41.693,0.73,0.74,0.26,0.28,0.01,0.02,74660.46,1776305440000
1776305442.296,42.296,0.73,0.75,0.26,0.27,0.02,0.01,74660.46,1776305440000
1776305442.643,42.643,0.74,0.75,0.25,0.26,0.01,0.01,74660.47,1776305441000
1776305443.067,43.067,0.76,0.77,0.23,0.25,0.01,0.02,74660.47,1776305441000
1776305443.469,43.469,0.78,0.79,0.21,0.23,0.01,0.02,74660.49,1776305442000
1776305443.844,43.844,0.78,0.8,0.21,0.22,0.02,0.01,74660.49,1776305442000
1776305444.269,44.269,0.79,0.8,0.2,0.21,0.01,0.01,74660.49,1776305442000
1776305444.651,44.651,0.79,0.8,0.2,0.21,0.01,0.01,74667.9,1776305443000
1776305444.997,44.997,0.78,0.79,0.21,0.22,0.01,0.01,74667.9,1776305443000
1776305445.547,45.547,0.78,0.8,0.21,0.22,0.02,0.01,74667.9,1776305443000
1776305446.141,46.141,0.79,0.81,0.2,0.21,0.02,0.01,74668.73,1776305444000
1776305446.546,46.546,0.8,0.81,0.19,0.22,0.01,0.03,74668.9,1776305445000
1776305446.909,46.909,0.8,0.81,0.19,0.2,0.01,0.01,74668.9,1776305445000
1776305447.243,47.243,0.78,0.79,0.21,0.22,0.01,0.01,74669.4,1776305446000
1776305447.734,47.734,0.79,0.8,0.2,0.21,0.01,0.01,74669.4,1776305446000
1776305448.202,48.202,0.78,0.79,0.21,0.22,0.01,0.01,74671.47,1776305447000
1776305448.58,48.58,0.8,0.81,0.17,0.2,0.01,0.03,74671.47,1776305447000
1776305448.926,48.926,0.82,0.83,0.17,0.18,0.01,0.01,74671.47,1776305447000
1776305449.369,49.369,0.83,0.84,0.16,0.17,0.01,0.01,74671.63,1776305448000
1776305449.765,49.765,0.83,0.84,0.16,0.17,0.01,0.01,74671.63,1776305448000
1776305450.109,50.109,0.83,0.84,0.16,0.17,0.01,0.01,74671.63,1776305448000
1776305450.51,50.51,0.84,0.85,0.15,0.16,0.01,0.01,74676.32,1776305449000
1776305450.862,50.862,0.84,0.85,0.15,0.16,0.01,0.01,74676.32,1776305449000
1776305451.204,51.204,0.84,0.85,0.15,0.16,0.01,0.01,74681.92,1776305450000
1776305451.572,51.572,0.84,0.85,0.15,0.16,0.01,0.01,74681.92,1776305450000
1776305451.923,51.923,0.84,0.85,0.15,0.16,0.01,0.01,74681.92,1776305450000
1776305452.435,52.435,0.84,0.85,0.15,0.16,0.01,0.01,74683.53,1776305451000
1776305452.872,52.872,0.84,0.85,0.15,0.16,0.01,0.01,74683.53,1776305451000
1776305453.321,53.321,0.84,0.86,0.15,0.16,0.02,0.01,74683.7,1776305452000
1776305453.771,53.771,0.85,0.86,0.14,0.15,0.01,0.01,74683.7,1776305452000
1776305454.133,54.133,0.85,0.86,0.14,0.15,0.01,0.01,74684.68,1776305453000
1776305454.474,54.474,0.86,0.87,0.13,0.14,0.01,0.01,74684.68,1776305453000
1776305454.848,54.848,0.86,0.87,0.13,0.14,0.01,0.01,74684.68,1776305453000
1776305455.198,55.198,0.87,0.88,0.12,0.13,0.01,0.01,74685.22,1776305454000
1776305455.737,55.737,0.87,0.88,0.12,0.13,0.01,0.01,74685.22,1776305454000
1776305456.227,56.227,0.87,0.88,0.12,0.13,0.01,0.01,74687.81,1776305455000
1776305456.67,56.67,0.88,0.89,0.11,0.13,0.01,0.02,74687.81,1776305455000
1776305457.042,57.042,0.88,0.89,0.11,0.12,0.01,0.01,74689.35,1776305456000
1776305457.377,57.377,0.88,0.89,0.11,0.12,0.01,0.01,74689.35,1776305456000
1776305457.727,57.727,0.88,0.89,0.11,0.12,0.01,0.01,74689.35,1776305456000
1776305458.131,58.131,0.9,0.91,0.1,0.11,0.01,0.01,74689.35,1776305456000
1776305458.574,58.574,0.9,0.91,0.09,0.1,0.01,0.01,74691.0,1776305457000
1776305458.918,58.918,0.9,0.91,0.09,0.1,0.01,0.01,74691.0,1776305457000
1776305459.262,59.262,0.9,0.91,0.09,0.1,0.01,0.01,74692.38,1776305458000
1776305459.862,59.862,0.9,0.91,0.09,0.1,0.01,0.01,74692.38,1776305458000
1776305460.39,60.39,0.9,0.91,0.09,0.1,0.01,0.01,74701.82,1776305459000
1776305460.746,60.746,0.91,0.92,0.08,0.09,0.01,0.01,74701.82,1776305459000
1776305461.101,61.101,0.91,0.92,0.08,0.09,0.01,0.01,74701.82,1776305459000
1776305461.445,61.445,0.91,0.92,0.08,0.09,0.01,0.01,74701.82,1776305459000
1776305461.8,61.8,0.91,0.92,0.08,0.09,0.01,0.01,74704.45,1776305460000
1776305462.196,62.196,0.91,0.92,0.08,0.09,0.01,0.01,74706.92,1776305461000
1776305462.642,62.642,0.91,0.93,0.07,0.09,0.02,0.02,74706.92,1776305461000
1776305462.991,62.991,0.92,0.93,0.07,0.08,0.01,0.01,74706.92,1776305461000
1776305463.4,63.4,0.92,0.93,0.07,0.09,0.01,0.02,74710.02,1776305462000
1776305464.227,64.227,0.92,0.93,0.07,0.08,0.01,0.01,74710.02,1776305462000
1776305464.695,64.695,0.92,0.93,0.07,0.08,0.01,0.01,74710.44,1776305463000
1776305465.216,65.216,0.92,0.93,0.07,0.08,0.01,0.01,74710.44,1776305463000
1776305465.563,65.563,0.92,0.93,0.07,0.08,0.01,0.01,74712.19,1776305464000
1776305465.915,65.915,0.92,0.93,0.07,0.08,0.01,0.01,74712.19,1776305464000
1776305466.285,66.285,0.92,0.94,0.07,0.08,0.02,0.01,74712.19,1776305464000
1776305466.691,66.691,0.92,0.94,0.07,0.08,0.02,0.01,74712.74,1776305465000
1776305467.056,67.056,0.93,0.94,0.06,0.07,0.01,0.01,74714.34,1776305466000
1776305467.633,67.633,0.92,0.94,0.06,0.07,0.02,0.01,74714.34,1776305466000
1776305467.998,67.998,0.92,0.93,0.07,0.08,0.01,0.01,74714.34,1776305466000
1776305468.461,68.461,0.91,0.93,0.07,0.08,0.02,0.01,74715.4,1776305467000
1776305468.819,68.819,0.9,0.91,0.09,0.1,0.01,0.01,74715.4,1776305467000
1776305469.337,69.337,0.9,0.91,0.09,0.1,0.01,0.01,74715.4,1776305468000
1776305469.841,69.841,0.9,0.91,0.09,0.1,0.01,0.01,74715.4,1776305468000
1776305470.335,70.335,0.9,0.91,0.09,0.1,0.01,0.01,74713.7,1776305469000
1776305470.675,70.675,0.9,0.91,0.09,0.1,0.01,0.01,74713.7,1776305469000
1776305471.058,71.058,0.91,0.92,0.08,0.09,0.01,0.01,74713.7,1776305469000
1776305471.402,71.402,0.91,0.92,0.08,0.09,0.01,0.01,74711.61,1776305470000
1776305471.744,71.744,0.91,0.92,0.08,0.09,0.01,0.01,74711.61,1776305470000
1776305472.286,72.286,0.91,0.92,0.08,0.09,0.01,0.01,74711.61,1776305470000
1776305472.624,72.624,0.91,0.92,0.08,0.09,0.01,0.01,74711.61,1776305470000
1776305473.004,73.004,0.91,0.92,0.08,0.09,0.01,0.01,74711.94,1776305471000
1776305473.393,73.393,0.9,0.91,0.09,0.1,0.01,0.01,74711.94,1776305471000
1776305473.73,73.73,0.9,0.91,0.09,0.1,0.01,0.01,74711.96,1776305472000
1776305474.101,74.101,0.9,0.91,0.09,0.1,0.01,0.01,74711.96,1776305472000
1776305474.548,74.548,0.9,0.91,0.09,0.1,0.01,0.01,74711.98,1776305473000
1776305474.893,74.893,0.9,0.91,0.09,0.1,0.01,0.01,74711.98,1776305473000
1776305475.374,75.374,0.9,0.91,0.1,0.11,0.01,0.01,74711.98,1776305473000
1776305475.764,75.764,0.9,0.91,0.09,0.1,0.01,0.01,74707.47,1776305474000
1776305476.289,76.289,0.91,0.92,0.09,0.1,0.01,0.01,74707.09,1776305475000
1776305476.667,76.667,0.91,0.92,0.08,0.09,0.01,0.01,74707.09,1776305475000
1776305477.062,77.062,0.91,0.93,0.07,0.09,0.02,0.02,74708.27,1776305476000
1776305477.629,77.629,0.91,0.92,0.07,0.09,0.01,0.02,74708.27,1776305476000
1776305478.126,78.126,0.91,0.92,0.08,0.09,0.01,0.01,74708.31,1776305477000
1776305478.652,78.652,0.91,0.92,0.08,0.09,0.01,0.01,74708.31,1776305477000
1776305479.017,79.017,0.91,0.92,0.07,0.09,0.01,0.02,74708.31,1776305477000
1776305479.381,79.381,0.91,0.92,0.08,0.09,0.01,0.01,74705.99,1776305478000
1776305479.933,79.933,0.91,0.93,0.08,0.09,0.02,0.01,74705.99,1776305478000
1776305480.335,80.335,0.91,0.92,0.08,0.09,0.01,0.01,74706.83,1776305479000
1776305480.751,80.751,0.91,0.92,0.08,0.09,0.01,0.01,74706.83,1776305479000
1776305481.34,81.34,0.91,0.92,0.08,0.09,0.01,0.01,74706.83,1776305479000
1776305481.788,81.788,0.91,0.92,0.08,0.09,0.01,0.01,74706.07,1776305480000
1776305482.181,82.181,0.91,0.92,0.08,0.09,0.01,0.01,74705.15,1776305481000
1776305482.97,82.97,0.91,0.92,0.08,0.09,0.01,0.01,74705.15,1776305481000
1776305483.386,83.386,0.91,0.92,0.08,0.09,0.01,0.01,74701.06,1776305482000
1776305483.737,83.737,0.91,0.92,0.08,0.09,0.01,0.01,74701.06,1776305482000
1776305484.266,84.266,0.91,0.92,0.08,0.09,0.01,0.01,74699.78,1776305483000
1776305484.717,84.717,0.91,0.92,0.08,0.09,0.01,0.01,74699.78,1776305483000
1776305485.103,85.103,0.91,0.92,0.08,0.09,0.01,0.01,74699.78,1776305483000
1776305485.54,85.54,0.91,0.92,0.08,0.09,0.01,0.01,74699.63,1776305484000
1776305486.002,86.002,0.91,0.92,0.08,0.09,0.01,0.01,74699.02,1776305485000
1776305486.357,86.357,0.91,0.92,0.08,0.09,0.01,0.01,74699.02,1776305485000
1776305487.12,87.12,0.91,0.92,0.08,0.09,0.01,0.01,74699.02,1776305485000
1776305487.468,87.468,0.91,0.92,0.08,0.09,0.01,0.01,74699.02,1776305485000
1776305487.803,87.803,0.91,0.92,0.08,0.09,0.01,0.01,74699.91,1776305486000
1776305488.286,88.286,0.91,0.92,0.08,0.09,0.01,0.01,74700.27,1776305487000
1776305488.868,88.868,0.91,0.92,0.08,0.09,0.01,0.01,74700.27,1776305487000
1776305489.383,89.383,0.9,0.92,0.08,0.1,0.02,0.02,74699.95,1776305488000
1776305489.72,89.72,0.91,0.92,0.08,0.09,0.01,0.01,74699.95,1776305488000
1776305490.062,90.062,0.91,0.92,0.08,0.09,0.01,0.01,74699.95,1776305488000
1776305490.405,90.405,0.91,0.92,0.08,0.09,0.01,0.01,74699.27,1776305489000
1776305490.75,90.75,0.91,0.92,0.08,0.09,0.01,0.01,74699.27,1776305489000
1776305491.147,91.147,0.91,0.92,0.08,0.09,0.01,0.01,74699.27,1776305489000
1776305491.513,91.513,0.91,0.92,0.08,0.09,0.01,0.01,74699.27,1776305489000
1776305491.877,91.877,0.91,0.92,0.08,0.09,0.01,0.01,74699.27,1776305489000
1776305492.278,92.278,0.91,0.92,0.08,0.09,0.01,0.01,74699.27,1776305489000
1776305493.13,93.13,0.91,0.92,0.08,0.09,0.01,0.01,74699.27,1776305489000
1776305493.599,93.599,0.9,0.91,0.09,0.1,0.01,0.01,74699.27,1776305489000
1776305494.029,94.029,0.9,0.91,0.09,0.1,0.01,0.01,74699.27,1776305489000
1776305494.374,94.374,0.9,0.91,0.09,0.1,0.01,0.01,74699.27,1776305489000
1776305494.716,94.716,0.9,0.91,0.09,0.1,0.01,0.01,74699.27,1776305489000
1776305495.323,95.323,0.9,0.91,0.09,0.1,0.01,0.01,74699.27,1776305489000
1776305495.708,95.708,0.9,0.91,0.09,0.1,0.01,0.01,74699.27,1776305489000
1776305496.09,96.09,0.9,0.91,0.09,0.1,0.01,0.01,74699.27,1776305489000
1776305496.502,96.502,0.9,0.91,0.09,0.1,0.01,0.01,74699.27,1776305489000
1776305496.916,96.916,0.9,0.91,0.09,0.1,0.01,0.01,74699.27,1776305489000
1776305497.443,97.443,0.9,0.91,0.09,0.1,0.01,0.01,74699.27,1776305489000
1776305498.038,98.038,0.9,0.91,0.09,0.1,0.01,0.01,74699.27,1776305489000
1776305498.456,98.456,0.9,0.91,0.09,0.1,0.01,0.01,74699.27,1776305489000
1776305498.791,98.791,0.9,0.91,0.09,0.1,0.01,0.01,74700.61,1776305497000
1776305499.164,99.164,0.9,0.91,0.09,0.1,0.01,0.01,74703.09,1776305498000
1776305499.738,99.738,0.9,0.91,0.09,0.1,0.01,0.01,74703.09,1776305498000
1776305500.265,100.265,0.9,0.91,0.09,0.1,0.01,0.01,74703.09,1776305498000
1776305500.626,100.626,0.9,0.91,0.09,0.1,0.01,0.01,74703.18,1776305499000
1776305501.253,101.253,0.9,0.91,0.09,0.1,0.01,0.01,74703.18,1776305499000
1776305501.644,101.644,0.9,0.91,0.09,0.1,0.01,0.01,74703.18,1776305500000
1776305502.013,102.013,0.9,0.91,0.09,0.1,0.01,0.01,74703.22,1776305501000
1776305502.458,102.458,0.9,0.91,0.09,0.1,0.01,0.01,74703.22,1776305501000
1776305502.834,102.834,0.9,0.91,0.09,0.1,0.01,0.01,74703.22,1776305501000
1776305503.18,103.18,0.89,0.9,0.1,0.11,0.01,0.01,74703.22,1776305501000
1776305503.525,103.525,0.89,0.9,0.1,0.11,0.01,0.01,74703.22,1776305501000
1776305503.933,103.933,0.89,0.9,0.1,0.11,0.01,0.01,74703.21,1776305502000
1776305504.529,104.529,0.89,0.9,0.1,0.11,0.01,0.01,74698.15,1776305503000
1776305504.948,104.948,0.89,0.9,0.1,0.11,0.01,0.01,74698.15,1776305503000
1776305505.293,105.293,0.88,0.89,0.11,0.12,0.01,0.01,74696.16,1776305504000
1776305505.886,105.886,0.88,0.89,0.11,0.12,0.01,0.01,74696.16,1776305504000
1776305506.274,106.274,0.87,0.88,0.12,0.13,0.01,0.01,74694.76,1776305505000
1776305507.009,107.009,0.87,0.88,0.12,0.13,0.01,0.01,74693.25,1776305506000
1776305507.668,107.668,0.87,0.88,0.12,0.13,0.01,0.01,74693.25,1776305506000
1776305508.243,108.243,0.87,0.88,0.12,0.13,0.01,0.01,74692.43,1776305507000
1776305508.636,108.636,0.87,0.88,0.12,0.13,0.01,0.01,74692.43,1776305507000
1776305508.982,108.982,0.87,0.88,0.12,0.13,0.01,0.01,74692.79,1776305508000
1776305509.505,109.505,0.87,0.88,0.12,0.13,0.01,0.01,74692.79,1776305508000
1776305509.984,109.984,0.87,0.88,0.12,0.13,0.01,0.01,74693.03,1776305509000
1776305510.33,110.33,0.87,0.88,0.12,0.13,0.01,0.01,74693.03,1776305509000
1776305511.076,111.076,0.87,0.88,0.12,0.13,0.01,0.01,74692.9,1776305510000
1776305511.544,111.544,0.87,0.88,0.12,0.13,0.01,0.01,74692.9,1776305510000
1776305512.164,112.164,0.87,0.9,0.1,0.13,0.03,0.03,74693.19,1776305511000
1776305513.155,113.155,0.88,0.89,0.11,0.12,0.01,0.01,74693.19,1776305512000
1776305513.559,113.559,0.87,0.88,0.11,0.13,0.01,0.02,74693.19,1776305512000
1776305513.906,113.906,0.87,0.88,0.12,0.13,0.01,0.01,74693.19,1776305512000
1776305514.592,114.592,0.87,0.88,0.12,0.13,0.01,0.01,74693.75,1776305513000
1776305515.097,115.097,0.87,0.88,0.12,0.13,0.01,0.01,74693.69,1776305514000
1776305515.731,115.731,0.88,0.89,0.11,0.13,0.01,0.02,74693.69,1776305514000
1776305516.244,116.244,0.88,0.89,0.11,0.12,0.01,0.01,74693.57,1776305515000
1776305517.294,117.294,0.88,0.89,0.11,0.12,0.01,0.01,74692.83,1776305516000
1776305517.871,117.871,0.88,0.9,0.11,0.12,0.02,0.01,74692.83,1776305516000
1776305518.296,118.296,0.89,0.9,0.1,0.11,0.01,0.01,74692.83,1776305516000
1776305518.818,118.818,0.89,0.9,0.1,0.11,0.01,0.01,74693.25,1776305517000
1776305519.242,119.242,0.89,0.9,0.1,0.11,0.01,0.01,74693.25,1776305517000
1776305519.617,119.617,0.89,0.9,0.1,0.11,0.01,0.01,74693.63,1776305518000
1776305520.112,120.112,0.89,0.9,0.1,0.11,0.01,0.01,74693.63,1776305518000
1776305520.466,120.466,0.89,0.9,0.1,0.11,0.01,0.01,74694.22,1776305519000
1776305520.835,120.835,0.89,0.9,0.1,0.11,0.01,0.01,74694.22,1776305519000
1776305521.303,121.303,0.89,0.9,0.1,0.11,0.01,0.01,74694.22,1776305519000
1776305521.662,121.662,0.87,0.9,0.1,0.12,0.03,0.02,74694.22,1776305519000
1776305522.004,122.004,0.87,0.88,0.12,0.13,0.01,0.01,74694.22,1776305520000
1776305522.441,122.441,0.87,0.88,0.12,0.13,0.01,0.01,74694.22,1776305520000
1776305523.196,123.196,0.87,0.88,0.12,0.13,0.01,0.01,74694.25,1776305521000
1776305523.65,123.65,0.87,0.88,0.12,0.13,0.01,0.01,74690.57,1776305522000
1776305524.014,124.014,0.87,0.88,0.12,0.13,0.01,0.01,74690.57,1776305522000
1776305524.504,124.504,0.87,0.88,0.12,0.13,0.01,0.01,74686.21,1776305523000
1776305525.137,125.137,0.87,0.88,0.12,0.13,0.01,0.01,74686.21,1776305523000
1776305525.665,125.665,0.87,0.88,0.12,0.13,0.01,0.01,74683.62,1776305524000
1776305526.171,126.171,0.87,0.88,0.12,0.13,0.01,0.01,74683.62,1776305524000
1776305526.709,126.709,0.87,0.88,0.12,0.13,0.01,0.01,74683.55,1776305525000
1776305527.25,127.25,0.85,0.86,0.14,0.15,0.01,0.01,74683.55,1776305525000
1776305527.73,127.73,0.85,0.86,0.14,0.15,0.01,0.01,74683.55,1776305525000
1776305528.223,128.223,0.85,0.86,0.14,0.15,0.01,0.01,74682.89,1776305526000
1776305528.619,128.619,0.85,0.86,0.14,0.15,0.01,0.01,74679.98,1776305527000
1776305529.191,129.191,0.85,0.86,0.14,0.15,0.01,0.01,74679.3,1776305528000
1776305529.528,129.528,0.85,0.86,0.14,0.15,0.01,0.01,74679.3,1776305528000
1776305529.956,129.956,0.85,0.86,0.14,0.15,0.01,0.01,74679.3,1776305528000
1776305530.299,130.299,0.85,0.86,0.14,0.15,0.01,0.01,74679.3,1776305528000
1776305530.795,130.795,0.85,0.86,0.14,0.15,0.01,0.01,74679.01,1776305529000
1776305531.233,131.233,0.85,0.86,0.14,0.15,0.01,0.01,74679.01,1776305529000
1776305531.569,131.569,0.86,0.87,0.13,0.14,0.01,0.01,74679.35,1776305530000
1776305531.975,131.975,0.92,0.93,0.08,0.09,0.01,0.01,74679.35,1776305530000
1776305532.336,132.336,0.93,0.94,0.06,0.07,0.01,0.01,74679.35,1776305530000
1776305532.679,132.679,0.93,0.94,0.06,0.07,0.01,0.01,74680.13,1776305531000
1776305533.027,133.027,0.93,0.94,0.06,0.07,0.01,0.01,74680.13,1776305531000
1776305533.387,133.387,0.92,0.93,0.06,0.08,0.01,0.02,74680.13,1776305531000
1776305533.821,133.821,0.92,0.93,0.07,0.08,0.01,0.01,74700.49,1776305532000
1776305534.191,134.191,0.92,0.93,0.07,0.08,0.01,0.01,74700.49,1776305532000
1776305534.528,134.528,0.92,0.93,0.07,0.08,0.01,0.01,74704.2,1776305533000
1776305534.865,134.865,0.92,0.93,0.07,0.08,0.01,0.01,74704.2,1776305533000
1776305535.198,135.198,0.92,0.93,0.07,0.08,0.01,0.01,74704.2,1776305533000
1776305535.768,135.768,0.93,0.94,0.06,0.07,0.01,0.01,74704.2,1776305533000
1776305536.669,136.669,0.93,0.94,0.06,0.07,0.01,0.01,74704.82,1776305534000
1776305537.094,137.094,0.94,0.95,0.05,0.07,0.01,0.02,74705.26,1776305536000
1776305537.603,137.603,0.94,0.95,0.05,0.06,0.01,0.01,74705.26,1776305536000
1776305537.968,137.968,0.94,0.95,0.05,0.06,0.01,0.01,74705.26,1776305536000
1776305538.449,138.449,0.94,0.95,0.05,0.06,0.01,0.01,74707.6,1776305537000
1776305538.907,138.907,0.94,0.95,0.05,0.06,0.01,0.01,74707.6,1776305537000
1776305539.379,139.379,0.94,0.95,0.05,0.06,0.01,0.01,74708.83,1776305538000
1776305539.879,139.879,0.94,0.95,0.05,0.06,0.01,0.01,74708.83,1776305538000
1776305540.247,140.247,0.94,0.95,0.05,0.06,0.01,0.01,74709.3,1776305539000
1776305540.581,140.581,0.94,0.95,0.05,0.06,0.01,0.01,74709.3,1776305539000
1776305541.017,141.017,0.95,0.96,0.04,0.05,0.01,0.01,74709.3,1776305539000
1776305541.526,141.526,0.95,0.96,0.04,0.05,0.01,0.01,74709.31,1776305540000
1776305541.903,141.903,0.95,0.96,0.04,0.05,0.01,0.01,74709.31,1776305540000
1776305542.301,142.301,0.94,0.95,0.04,0.05,0.01,0.01,74709.31,1776305540000
1776305542.657,142.657,0.94,0.95,0.05,0.06,0.01,0.01,74716.08,1776305541000
1776305543.163,143.163,0.94,0.95,0.05,0.06,0.01,0.01,74717.74,1776305542000
1776305543.708,143.708,0.94,0.95,0.05,0.06,0.01,0.01,74717.74,1776305542000
1776305544.17,144.17,0.94,0.95,0.05,0.06,0.01,0.01,74717.74,1776305542000
1776305544.517,144.517,0.94,0.95,0.05,0.06,0.01,0.01,74718.2,1776305543000
1776305544.999,144.999,0.94,0.95,0.05,0.06,0.01,0.01,74718.2,1776305543000
1776305545.519,145.519,0.94,0.95,0.05,0.06,0.01,0.01,74718.24,1776305544000
1776305546.291,146.291,0.94,0.95,0.05,0.06,0.01,0.01,74718.09,1776305545000
1776305546.637,146.637,0.92,0.93,0.07,0.08,0.01,0.01,74718.09,1776305545000
1776305547.008,147.008,0.92,0.93,0.07,0.08,0.01,0.01,74718.09,1776305545000
1776305547.43,147.43,0.92,0.93,0.07,0.08,0.01,0.01,74718.08,1776305546000
1776305547.866,147.866,0.93,0.94,0.06,0.07,0.01,0.01,74718.08,1776305546000
1776305548.487,148.487,0.93,0.94,0.06,0.07,0.01,0.01,74714.48,1776305547000
1776305548.913,148.913,0.93,0.94,0.06,0.07,0.01,0.01,74714.48,1776305547000
1776305549.33,149.33,0.93,0.94,0.06,0.07,0.01,0.01,74710.43,1776305548000
1776305549.886,149.886,0.94,0.95,0.05,0.06,0.01,0.01,74710.43,1776305548000
1776305550.237,150.237,0.94,0.95,0.05,0.06,0.01,0.01,74710.43,1776305548000
1776305550.581,150.581,0.95,0.97,0.04,0.05,0.02,0.01,74710.61,1776305549000
1776305550.997,150.997,0.96,0.97,0.03,0.04,0.01,0.01,74710.61,1776305549000
1776305551.427,151.427,0.95,0.97,0.04,0.05,0.02,0.01,74710.61,1776305549000
1776305551.811,151.811,0.95,0.96,0.04,0.05,0.01,0.01,74711.63,1776305550000
1776305552.326,152.326,0.95,0.96,0.04,0.05,0.01,0.01,74711.63,1776305550000
1776305552.698,152.698,0.94,0.95,0.04,0.06,0.01,0.02,74711.63,1776305550000
1776305553.232,153.232,0.94,0.95,0.04,0.06,0.01,0.02,74714.55,1776305551000
1776305553.837,153.837,0.95,0.96,0.03,0.06,0.01,0.03,74714.55,1776305551000
1776305554.247,154.247,0.95,0.96,0.04,0.05,0.01,0.01,74716.88,1776305552000
1776305554.587,154.587,0.95,0.96,0.04,0.05,0.01,0.01,74716.88,1776305552000
1776305554.926,154.926,0.96,0.97,0.03,0.05,0.01,0.02,74717.59,1776305553000
1776305555.296,155.296,0.96,0.97,0.03,0.04,0.01,0.01,74717.59,1776305553000
1776305555.654,155.654,0.96,0.97,0.03,0.04,0.01,0.01,74717.85,1776305554000
1776305556.097,156.097,0.96,0.97,0.03,0.04,0.01,0.01,74717.85,1776305554000
1776305556.431,156.431,0.96,0.97,0.03,0.04,0.01,0.01,74717.85,1776305554000
1776305556.81,156.81,0.95,0.97,0.03,0.05,0.02,0.02,74724.09,1776305555000
1776305557.265,157.265,0.95,0.96,0.04,0.05,0.01,0.01,74724.09,1776305555000
1776305557.691,157.691,0.95,0.96,0.04,0.05,0.01,0.01,74726.41,1776305556000
1776305558.211,158.211,0.95,0.96,0.04,0.05,0.01,0.01,74727.02,1776305557000
1776305558.565,158.565,0.96,0.97,0.03,0.05,0.01,0.02,74727.02,1776305557000
1776305559.084,159.084,0.96,0.97,0.03,0.04,0.01,0.01,74727.02,1776305557000
1776305559.452,159.452,0.96,0.97,0.03,0.04,0.01,0.01,74727.02,1776305557000
1776305559.942,159.942,0.96,0.97,0.03,0.04,0.01,0.01,74726.29,1776305558000
1776305560.419,160.419,0.96,0.97,0.03,0.04,0.01,0.01,74726.29,1776305558000
1776305561.033,161.033,0.96,0.97,0.03,0.04,0.01,0.01,74735.9,1776305559000
1776305561.573,161.573,0.96,0.97,0.03,0.04,0.01,0.01,74739.29,1776305560000
1776305562.13,162.13,0.96,0.97,0.03,0.04,0.01,0.01,74740.46,1776305561000
1776305562.479,162.479,0.96,0.97,0.03,0.04,0.01,0.01,74740.46,1776305561000
1776305562.901,162.901,0.97,0.98,0.02,0.03,0.01,0.01,74740.46,1776305561000
1776305563.485,163.485,0.97,0.98,0.02,0.03,0.01,0.01,74740.46,1776305561000
1776305563.837,163.837,0.97,0.98,0.02,0.03,0.01,0.01,74742.34,1776305562000
1776305564.52,164.52,0.97,0.98,0.02,0.03,0.01,0.01,74742.39,1776305563000
1776305565.201,165.201,0.97,0.98,0.02,0.03,0.01,0.01,74742.39,1776305563000
1776305565.559,165.559,0.97,0.98,0.02,0.03,0.01,0.01,74742.06,1776305564000
1776305565.952,165.952,0.97,0.98,0.02,0.03,0.01,0.01,74742.06,1776305564000
1776305566.288,166.288,0.97,0.98,0.02,0.03,0.01,0.01,74741.92,1776305565000
1776305566.685,166.685,0.97,0.98,0.02,0.03,0.01,0.01,74741.92,1776305565000
1776305567.122,167.122,0.97,0.98,0.02,0.03,0.01,0.01,74741.92,1776305565000
1776305567.465,167.465,0.97,0.98,0.02,0.03,0.01,0.01,74746.85,1776305566000
1776305567.823,167.823,0.97,0.98,0.02,0.03,0.01,0.01,74746.85,1776305566000
1776305568.213,168.213,0.97,0.98,0.02,0.03,0.01,0.01,74746.85,1776305566000
1776305568.635,168.635,0.97,0.98,0.02,0.03,0.01,0.01,74749.52,1776305567000
1776305569.478,169.478,0.97,0.98,0.02,0.03,0.01,0.01,74749.52,1776305567000
1776305570.489,170.489,0.97,0.98,0.02,0.03,0.01,0.01,74749.77,1776305569000
1776305570.858,170.858,0.97,0.98,0.02,0.03,0.01,0.01,74749.77,1776305569000
1776305571.466,171.466,0.97,0.98,0.02,0.03,0.01,0.01,74749.68,1776305570000
1776305571.893,171.893,0.97,0.98,0.02,0.03,0.01,0.01,74749.68,1776305570000
1776305572.262,172.262,0.97,0.98,0.02,0.03,0.01,0.01,74748.29,1776305571000
1776305572.866,172.866,0.97,0.98,0.02,0.03,0.01,0.01,74748.29,1776305571000
1776305573.229,173.229,0.97,0.98,0.02,0.03,0.01,0.01,74743.25,1776305572000
1776305573.934,173.934,0.97,0.98,0.02,0.03,0.01,0.01,74743.25,1776305572000
1776305574.357,174.357,0.97,0.98,0.02,0.03,0.01,0.01,74741.65,1776305573000
1776305574.75,174.75,0.97,0.98,0.02,0.03,0.01,0.01,74741.65,1776305573000
1776305575.245,175.245,0.97,0.98,0.02,0.03,0.01,0.01,74741.64,1776305574000
1776305575.961,175.961,0.97,0.98,0.02,0.03,0.01,0.01,74741.64,1776305574000
1776305576.358,176.358,0.97,0.98,0.02,0.03,0.01,0.01,74741.64,1776305575000
1776305576.737,176.737,0.98,0.99,0.01,0.02,0.01,0.01,74741.64,1776305575000
1776305577.154,177.154,0.98,0.99,0.01,0.02,0.01,0.01,74741.64,1776305575000
1776305577.543,177.543,0.98,0.99,0.01,0.02,0.01,0.01,74741.64,1776305576000
1776305578.047,178.047,0.98,0.99,0.01,0.02,0.01,0.01,74741.64,1776305576000
1776305578.469,178.469,0.97,0.99,0.01,0.03,0.02,0.02,74738.45,1776305577000
1776305578.844,178.844,0.98,0.99,0.01,0.03,0.01,0.02,74738.45,1776305577000
1776305579.241,179.241,0.98,0.99,0.01,0.02,0.01,0.01,74738.48,1776305578000
1776305579.605,179.605,0.98,0.99,0.01,0.02,0.01,0.01,74738.48,1776305578000
1776305579.973,179.973,0.98,0.99,0.01,0.02,0.01,0.01,74738.48,1776305578000
1776305580.325,180.325,0.98,0.99,0.01,0.02,0.01,0.01,74740.48,1776305579000
1776305580.66,180.66,0.98,0.99,0.01,0.02,0.01,0.01,74740.48,1776305579000
1776305581.031,181.031,0.98,0.99,0.01,0.02,0.01,0.01,74740.48,1776305579000
1776305581.627,181.627,0.98,0.99,0.01,0.02,0.01,0.01,74740.62,1776305580000
1776305582.036,182.036,0.98,0.99,0.01,0.02,0.01,0.01,74740.62,1776305580000
1776305582.536,182.536,0.98,0.99,0.01,0.02,0.01,0.01,74740.64,1776305581000
1776305583.087,183.087,0.98,0.99,0.01,0.02,0.01,0.01,74740.64,1776305581000
1776305583.448,183.448,0.98,0.99,0.01,0.02,0.01,0.01,74740.69,1776305582000
1776305583.829,183.829,0.98,0.99,0.01,0.02,0.01,0.01,74740.69,1776305582000
1776305584.326,184.326,0.97,0.98,0.02,0.03,0.01,0.01,74738.98,1776305583000
1776305584.822,184.822,0.97,0.98,0.02,0.03,0.01,0.01,74738.98,1776305583000
1776305585.758,185.758,0.97,0.98,0.02,0.03,0.01,0.01,74735.94,1776305584000
1776305586.361,186.361,0.97,0.98,0.02,0.03,0.01,0.01,74735.94,1776305584000
1776305587.011,187.011,0.97,0.98,0.02,0.03,0.01,0.01,74735.59,1776305586000
1776305587.696,187.696,0.97,0.98,0.02,0.03,0.01,0.01,74735.59,1776305586000
1776305588.289,188.289,0.97,0.98,0.02,0.03,0.01,0.01,74735.2,1776305587000
1776305588.895,188.895,0.97,0.98,0.02,0.03,0.01,0.01,74735.2,1776305587000
1776305589.325,189.325,0.97,0.98,0.02,0.03,0.01,0.01,74735.2,1776305587000
1776305590.017,190.017,0.97,0.98,0.02,0.03,0.01,0.01,74733.29,1776305589000
1776305590.482,190.482,0.97,0.98,0.02,0.03,0.01,0.01,74733.29,1776305589000
1776305591.014,191.014,0.97,0.98,0.02,0.03,0.01,0.01,74733.45,1776305590000
1776305591.44,191.44,0.97,0.98,0.02,0.03,0.01,0.01,74733.45,1776305590000
1776305592.109,192.109,0.97,0.98,0.02,0.03,0.01,0.01,74733.61,1776305591000
1776305592.512,192.512,0.97,0.98,0.01,0.03,0.01,0.02,74733.61,1776305591000
1776305593.31,193.31,0.98,0.99,0.01,0.02,0.01,0.01,74733.61,1776305591000
1776305593.98,193.98,0.98,0.99,0.01,0.02,0.01,0.01,74733.3,1776305592000
1776305594.398,194.398,0.98,0.99,0.01,0.02,0.01,0.01,74731.54,1776305593000
1776305594.928,194.928,0.98,0.99,0.01,0.02,0.01,0.01,74731.48,1776305594000
1776305595.972,195.972,0.98,0.99,0.01,0.02,0.01,0.01,74731.48,1776305594000
1776305596.467,196.467,0.98,0.99,0.01,0.02,0.01,0.01,74730.86,1776305595000
1776305596.985,196.985,0.98,0.99,0.01,0.02,0.01,0.01,74730.86,1776305595000
1776305597.35,197.35,0.98,0.99,0.01,0.02,0.01,0.01,74729.46,1776305596000
1776305598.27,198.27,0.98,0.99,0.01,0.02,0.01,0.01,74729.04,1776305597000
1776305598.942,198.942,0.98,0.99,0.01,0.02,0.01,0.01,74728.89,1776305598000
1776305599.663,199.663,0.98,0.99,0.01,0.02,0.01,0.01,74728.89,1776305598000
1776305600.249,200.249,0.98,0.99,0.01,0.02,0.01,0.01,74728.89,1776305598000
1776305601.051,201.051,0.98,0.99,0.01,0.02,0.01,0.01,74727.05,1776305600000
1776305602.104,202.104,0.98,0.99,0.01,0.02,0.01,0.01,74727.05,1776305600000
1776305602.644,202.644,0.98,0.99,0.01,0.02,0.01,0.01,74727.5,1776305601000
1776305603.339,203.339,0.98,0.99,0.01,0.02,0.01,0.01,74727.32,1776305602000
1776305603.758,203.758,0.98,0.99,0.01,0.02,0.01,0.01,74727.32,1776305602000
1776305604.339,204.339,0.98,0.99,0.01,0.02,0.01,0.01,74727.49,1776305603000
1776305604.969,204.969,0.98,0.99,0.01,0.02,0.01,0.01,74727.38,1776305604000
1776305605.901,205.901,0.98,0.99,0.01,0.02,0.01,0.01,74727.38,1776305604000
1776305606.258,206.258,0.98,0.99,0.01,0.02,0.01,0.01,74727.52,1776305605000
1776305606.962,206.962,0.98,0.99,0.01,0.02,0.01,0.01,74727.52,1776305605000
1776305607.389,207.389,0.98,0.99,0.01,0.02,0.01,0.01,74746.4,1776305606000
1776305607.796,207.796,0.98,0.99,0.01,0.02,0.01,0.01,74746.4,1776305606000
1776305608.236,208.236,0.98,0.99,0.01,0.02,0.01,0.01,74746.4,1776305606000
1776305608.672,208.672,0.98,0.99,0.01,0.02,0.01,0.01,74748.96,1776305607000
1776305609.017,209.017,0.98,0.99,0.01,0.02,0.01,0.01,74749.22,1776305608000
1776305609.359,209.359,0.98,0.99,0.01,0.02,0.01,0.01,74749.22,1776305608000
1776305609.721,209.721,0.98,0.99,0.01,0.02,0.01,0.01,74749.22,1776305608000
1776305610.12,210.12,0.98,0.99,0.01,0.02,0.01,0.01,74749.22,1776305608000
1776305610.861,210.861,0.98,0.99,0.01,0.02,0.01,0.01,74748.24,1776305609000
1776305611.563,211.563,0.98,0.99,0.01,0.02,0.01,0.01,74749.24,1776305610000
1776305611.914,211.914,0.98,0.99,0.01,0.02,0.01,0.01,74749.24,1776305610000
1776305612.292,212.292,0.98,0.99,0.01,0.02,0.01,0.01,74749.24,1776305611000
1776305612.762,212.762,0.99,0.99,0.01,0.01,0.0,0.0,74749.24,1776305611000
1776305613.146,213.146,0.99,0.99,0.01,0.01,0.0,0.0,74748.13,1776305612000
1776305613.508,213.508,0.99,0.99,0.01,0.01,0.0,0.0,74748.13,1776305612000
1776305613.907,213.907,0.99,0.99,0.01,0.01,0.0,0.0,74748.13,1776305612000
1776305614.257,214.257,0.99,0.99,0.01,0.01,0.0,0.0,74748.13,1776305613000
1776305615.253,215.253,0.99,0.99,0.01,0.01,0.0,0.0,74744.93,1776305614000
1776305616.238,216.238,0.99,0.99,0.01,0.01,0.0,0.0,74744.74,1776305615000
1776305616.911,216.911,0.99,0.99,0.01,0.01,0.0,0.0,74744.74,1776305615000
1776305617.275,217.275,0.99,0.99,0.01,0.01,0.0,0.0,74744.74,1776305615000
1776305618.247,218.247,0.99,0.99,0.01,0.01,0.0,0.0,74744.44,1776305617000
1776305618.585,218.585,0.99,0.99,0.01,0.01,0.0,0.0,74744.44,1776305617000
1776305619.227,219.227,0.99,0.99,0.01,0.01,0.0,0.0,74744.43,1776305618000
1776305620.084,220.084,0.99,0.99,0.01,0.01,0.0,0.0,74744.43,1776305618000
1776305621.289,221.289,0.99,0.99,0.01,0.01,0.0,0.0,74744.3,1776305620000
1776305621.758,221.758,0.99,0.99,0.01,0.01,0.0,0.0,74744.3,1776305620000
1776305622.097,222.097,0.99,0.99,0.01,0.01,0.0,0.0,74744.3,1776305620000
1776305623.316,223.316,0.99,0.99,0.01,0.01,0.0,0.0,74736.39,1776305622000
1776305624.396,224.396,0.99,0.99,0.01,0.01,0.0,0.0,74735.53,1776305623000
1776305625.06,225.06,0.99,0.99,0.01,0.01,0.0,0.0,74735.53,1776305623000
1776305625.556,225.556,0.99,0.99,0.01,0.01,0.0,0.0,74734.72,1776305624000
1776305626.501,226.501,0.99,0.99,0.01,0.01,0.0,0.0,74736.39,1776305625000
1776305627.583,227.583,0.99,0.99,0.01,0.01,0.0,0.0,74736.12,1776305626000
1776305627.931,227.931,0.99,0.99,0.01,0.01,0.0,0.0,74736.12,1776305626000
1776305629.382,229.382,0.99,0.99,0.01,0.01,0.0,0.0,74737.82,1776305628000
1776305630.194,230.194,0.99,0.99,0.01,0.01,0.0,0.0,74737.8,1776305629000
1776305630.896,230.896,0.99,0.99,0.01,0.01,0.0,0.0,74737.8,1776305629000
1776305631.34,231.34,0.99,0.99,0.01,0.01,0.0,0.0,74737.8,1776305629000
1776305631.823,231.823,0.99,0.99,0.01,0.01,0.0,0.0,74735.24,1776305630000
1776305632.977,232.977,0.98,0.99,0.01,0.01,0.01,0.0,74735.17,1776305631000
1776305633.346,233.346,0.98,0.99,0.01,0.02,0.01,0.01,74733.84,1776305632000
1776305633.826,233.826,0.98,0.99,0.01,0.02,0.01,0.01,74733.84,1776305632000
1776305634.168,234.168,0.97,0.98,0.02,0.03,0.01,0.01,74733.84,1776305632000
1776305634.525,234.525,0.97,0.98,0.02,0.03,0.01,0.01,74733.03,1776305633000
1776305634.864,234.864,0.97,0.98,0.02,0.03,0.01,0.01,74733.03,1776305633000
1776305635.226,235.226,0.97,0.98,0.02,0.03,0.01,0.01,74732.36,1776305634000
1776305635.577,235.577,0.97,0.98,0.02,0.03,0.01,0.01,74732.36,1776305634000
1776305635.926,235.926,0.97,0.98,0.02,0.04,0.01,0.02,74732.36,1776305634000
1776305636.325,236.325,0.96,0.97,0.02,0.04,0.01,0.02,74730.45,1776305635000
1776305636.669,236.669,0.96,0.99,0.02,0.04,0.03,0.02,74730.45,1776305635000
1776305637.251,237.251,0.96,0.97,0.03,0.04,0.01,0.01,74730.45,1776305635000
1776305637.589,237.589,0.97,0.98,0.02,0.03,0.01,0.01,74731.0,1776305636000
1776305637.934,237.934,0.97,0.98,0.02,0.04,0.01,0.02,74731.0,1776305636000
1776305638.287,238.287,0.97,0.98,0.02,0.04,0.01,0.02,74730.54,1776305637000
1776305638.642,238.642,0.97,0.98,0.02,0.03,0.01,0.01,74730.54,1776305637000
1776305639.206,239.206,0.96,0.97,0.03,0.04,0.01,0.01,74730.54,1776305637000
1776305639.543,239.543,0.96,0.97,0.03,0.04,0.01,0.01,74730.44,1776305638000
1776305639.885,239.885,0.96,0.97,0.03,0.04,0.01,0.01,74730.44,1776305638000
1776305640.291,240.291,0.96,0.97,0.03,0.05,0.01,0.02,74730.2,1776305639000
1776305640.654,240.654,0.97,0.98,0.02,0.03,0.01,0.01,74730.2,1776305639000
1776305641.126,241.126,0.97,0.98,0.02,0.03,0.01,0.01,74730.08,1776305640000
1776305641.46,241.46,0.98,0.99,0.01,0.02,0.01,0.01,74730.08,1776305640000
1776305641.811,241.811,0.98,0.99,0.01,0.02,0.01,0.01,74730.08,1776305640000
1776305642.148,242.148,0.98,0.99,0.01,0.02,0.01,0.01,74730.08,1776305640000
1776305642.528,242.528,0.98,0.99,0.01,0.02,0.01,0.01,74730.08,1776305640000
1776305642.939,242.939,0.98,0.99,0.01,0.02,0.01,0.01,74728.89,1776305641000
1776305643.351,243.351,0.98,0.99,0.01,0.02,0.01,0.01,74728.89,1776305641000
1776305643.689,243.689,0.98,0.99,0.01,0.02,0.01,0.01,74728.47,1776305642000
1776305644.131,244.131,0.98,0.99,0.01,0.02,0.01,0.01,74728.47,1776305642000
1776305644.589,244.589,0.98,0.99,0.01,0.02,0.01,0.01,74728.47,1776305643000
1776305645.016,245.016,0.98,0.99,0.01,0.02,0.01,0.01,74728.47,1776305643000
1776305645.491,245.491,0.98,0.99,0.01,0.02,0.01,0.01,74729.11,1776305644000
1776305645.875,245.875,0.98,0.99,0.01,0.02,0.01,0.01,74729.11,1776305644000
1776305646.278,246.278,0.98,0.99,0.01,0.02,0.01,0.01,74729.22,1776305645000
1776305646.787,246.787,0.98,0.99,0.01,0.02,0.01,0.01,74729.22,1776305645000
1776305647.334,247.334,0.98,0.99,0.01,0.02,0.01,0.01,74729.22,1776305645000
1776305647.668,247.668,0.98,0.99,0.01,0.02,0.01,0.01,74729.22,1776305646000
1776305648.122,248.122,0.98,0.99,0.01,0.02,0.01,0.01,74729.22,1776305646000
1776305648.486,248.486,0.98,0.99,0.01,0.02,0.01,0.01,74729.38,1776305647000
1776305648.862,248.862,0.98,0.99,0.01,0.02,0.01,0.01,74729.38,1776305647000
1776305649.207,249.207,0.98,0.99,0.01,0.02,0.01,0.01,74729.64,1776305648000
1776305649.55,249.55,0.98,0.99,0.01,0.02,0.01,0.01,74729.64,1776305648000
1776305649.908,249.908,0.98,0.99,0.01,0.02,0.01,0.01,74729.64,1776305649000
1776305650.291,250.291,0.98,0.99,0.01,0.02,0.01,0.01,74729.64,1776305649000
1776305650.831,250.831,0.98,0.99,0.01,0.02,0.01,0.01,74729.64,1776305649000
1776305651.431,251.431,0.98,0.99,0.01,0.02,0.01,0.01,74729.05,1776305650000
1776305651.898,251.898,0.98,0.99,0.01,0.02,0.01,0.01,74729.05,1776305650000
1776305652.349,252.349,0.98,0.99,0.01,0.02,0.01,0.01,74724.1,1776305651000
1776305652.847,252.847,0.98,0.99,0.01,0.02,0.01,0.01,74724.1,1776305651000
1776305653.213,253.213,0.98,0.99,0.01,0.02,0.01,0.01,74722.16,1776305652000
1776305653.551,253.551,0.98,0.99,0.01,0.02,0.01,0.01,74722.16,1776305652000
1776305654.107,254.107,0.98,0.99,0.01,0.02,0.01,0.01,74722.16,1776305652000
1776305654.472,254.472,0.98,0.99,0.01,0.02,0.01,0.01,74720.93,1776305653000
1776305654.863,254.863,0.98,0.99,0.01,0.02,0.01,0.01,74720.93,1776305653000
1776305655.218,255.218,0.98,0.99,0.01,0.02,0.01,0.01,74720.93,1776305653000
1776305655.553,255.553,0.98,0.99,0.01,0.02,0.01,0.01,74722.3,1776305654000
1776305655.969,255.969,0.98,0.99,0.01,0.02,0.01,0.01,74722.3,1776305655000
1776305656.317,256.317,0.98,0.99,0.01,0.02,0.01,0.01,74722.3,1776305655000
1776305656.821,256.821,0.98,0.99,0.01,0.02,0.01,0.01,74722.3,1776305655000
1776305657.204,257.204,0.98,0.99,0.01,0.02,0.01,0.01,74722.3,1776305655000
1776305657.575,257.575,0.98,0.99,0.01,0.02,0.01,0.01,74723.34,1776305656000
1776305658.0,258.0,0.98,0.99,0.01,0.02,0.01,0.01,74723.34,1776305656000
1776305658.358,258.358,0.98,0.99,0.01,0.02,0.01,0.01,74723.05,1776305657000
1776305659.042,259.042,0.98,0.99,0.01,0.02,0.01,0.01,74723.05,1776305657000
1776305659.421,259.421,0.98,0.99,0.01,0.02,0.01,0.01,74722.11,1776305658000
1776305659.789,259.789,0.98,0.99,0.01,0.02,0.01,0.01,74722.11,1776305658000
1776305660.139,260.139,0.98,0.99,0.01,0.02,0.01,0.01,74722.11,1776305658000
1776305660.64,260.64,0.98,0.99,0.01,0.02,0.01,0.01,74719.36,1776305659000
1776305661.101,261.101,0.98,0.99,0.01,0.02,0.01,0.01,74719.36,1776305659000
1776305661.443,261.443,0.98,0.99,0.01,0.02,0.01,0.01,74719.99,1776305660000
1776305661.945,261.945,0.98,0.99,0.01,0.02,0.01,0.01,74719.99,1776305660000
1776305662.42,262.42,0.98,0.99,0.01,0.02,0.01,0.01,74721.64,1776305661000
1776305662.82,262.82,0.98,0.99,0.01,0.02,0.01,0.01,74721.64,1776305661000
1776305663.186,263.186,0.98,0.99,0.01,0.02,0.01,0.01,74721.64,1776305661000
1776305663.573,263.573,0.98,0.99,0.01,0.02,0.01,0.01,74721.82,1776305662000
1776305663.947,263.947,0.98,0.99,0.01,0.02,0.01,0.01,74721.82,1776305662000
1776305664.303,264.303,0.98,0.99,0.01,0.02,0.01,0.01,74721.82,1776305662000
1776305664.68,264.68,0.98,0.99,0.01,0.02,0.01,0.01,74721.98,1776305663000
1776305665.225,265.225,0.98,0.99,0.01,0.02,0.01,0.01,74721.75,1776305664000
1776305665.948,265.948,0.99,0.99,0.01,0.01,0.0,0.0,74721.47,1776305665000
1776305666.344,266.344,0.99,0.99,0.01,0.01,0.0,0.0,74721.47,1776305665000
1776305667.098,267.098,0.99,0.99,0.01,0.01,0.0,0.0,74720.99,1776305666000
1776305667.498,267.498,0.99,0.99,0.01,0.01,0.0,0.0,74720.99,1776305666000
1776305668.006,268.006,0.99,0.99,0.01,0.01,0.0,0.0,74717.74,1776305667000
1776305669.104,269.104,0.99,0.99,0.01,0.01,0.0,0.0,74717.85,1776305668000
1776305669.497,269.497,0.99,0.99,0.01,0.01,0.0,0.0,74717.85,1776305668000
1776305670.14,270.14,0.99,0.99,0.01,0.01,0.0,0.0,74717.54,1776305669000
1776305671.234,271.234,0.99,0.99,0.01,0.01,0.0,0.0,74717.73,1776305670000
1776305671.716,271.716,0.99,0.99,0.01,0.01,0.0,0.0,74717.73,1776305670000
1776305672.514,272.514,0.99,0.99,0.01,0.01,0.0,0.0,74716.38,1776305671000
1776305672.95,272.95,0.99,0.99,0.01,0.01,0.0,0.0,74715.72,1776305672000
1776305674.069,274.069,0.99,0.99,0.01,0.01,0.0,0.0,74714.83,1776305673000
1776305675.206,275.206,0.99,0.99,0.01,0.01,0.0,0.0,74715.28,1776305674000
1776305676.167,276.167,0.99,0.99,0.01,0.01,0.0,0.0,74714.98,1776305675000
1776305677.366,277.366,0.99,0.99,0.01,0.01,0.0,0.0,74714.27,1776305676000
1776305677.916,277.916,0.99,0.99,0.01,0.01,0.0,0.0,74714.07,1776305677000
1776305678.665,278.665,0.99,0.99,0.01,0.01,0.0,0.0,74714.07,1776305677000
1776305679.181,279.181,0.99,0.99,0.01,0.01,0.0,0.0,74714.31,1776305678000
1776305680.497,280.497,0.99,0.99,0.01,0.01,0.0,0.0,74712.08,1776305679000
1776305681.072,281.072,0.99,0.99,0.01,0.01,0.0,0.0,74710.7,1776305680000
1776305682.167,282.167,0.99,0.99,0.01,0.01,0.0,0.0,74710.44,1776305681000
1776305682.928,282.928,0.99,0.99,0.01,0.01,0.0,0.0,74710.44,1776305681000
1776305683.401,283.401,0.99,0.99,0.01,0.01,0.0,0.0,74710.38,1776305682000
1776305684.063,284.063,0.99,0.99,0.01,0.01,0.0,0.0,74710.38,1776305682000
1776305684.5,284.5,0.99,0.99,0.01,0.01,0.0,0.0,74708.79,1776305683000
1776305684.942,284.942,0.99,0.99,0.01,0.01,0.0,0.0,74708.79,1776305683000
1776305685.402,285.402,0.99,0.99,0.01,0.01,0.0,0.0,74706.62,1776305684000
1776305686.055,286.055,0.99,0.99,0.01,0.01,0.0,0.0,74702.04,1776305685000
1776305686.957,286.957,0.99,0.99,0.01,0.01,0.0,0.0,74702.04,1776305685000
1776305687.379,287.379,0.99,0.99,0.01,0.01,0.0,0.0,74695.25,1776305686000
1776305687.713,287.713,0.99,0.99,0.01,0.01,0.0,0.0,74695.25,1776305686000
1776305688.417,288.417,0.99,0.99,0.01,0.01,0.0,0.0,74695.11,1776305687000
1776305689.182,289.182,0.98,0.99,0.01,0.01,0.01,0.0,74695.11,1776305687000
1776305689.988,289.988,0.99,0.99,0.01,0.02,0.0,0.01,74694.62,1776305688000
1776305690.409,290.409,0.99,0.99,0.01,0.01,0.0,0.0,74694.62,1776305689000
1776305690.848,290.848,0.99,0.99,0.01,0.01,0.0,0.0,74694.62,1776305689000
1776305691.923,291.923,0.99,0.99,0.01,0.01,0.0,0.0,74694.59,1776305690000
1776305693.421,293.421,0.99,0.99,0.01,0.01,0.0,0.0,74694.12,1776305692000
1776305694.34,294.34,0.99,0.99,0.01,0.01,0.0,0.0,74694.12,1776305692000
1776305694.73,294.73,0.99,0.99,0.01,0.01,0.0,0.0,74692.21,1776305693000
1776305695.183,295.183,0.99,0.99,0.01,0.01,0.0,0.0,74692.3,1776305694000
1776305696.3,296.3,0.99,0.99,0.01,0.01,0.0,0.0,74692.66,1776305695000
1776305697.398,297.398,0.99,0.99,0.01,0.01,0.0,0.0,74693.98,1776305696000
1776305697.89,297.89,0.99,0.99,0.01,0.01,0.0,0.0,74693.98,1776305697000
1776305698.627,298.627,0.99,0.99,0.01,0.01,0.0,0.0,74693.98,1776305697000
1776305699.11,299.11,0.99,0.99,0.01,0.01,0.0,0.0,74693.98,1776305698000
1776305700.212,300.212,0.99,0.99,0.01,0.01,0.0,0.0,74693.85,1776305699000
1776305700.698,300.698,0.99,0.99,0.01,0.01,0.0,0.0,74693.85,1776305699000
1776305701.366,301.366,0.99,0.99,0.01,0.01,0.0,0.0,74693.87,1776305700000
1776305702.366,302.366,0.99,0.99,0.01,0.01,0.0,0.0,74693.85,1776305701000
1776305702.868,302.868,0.99,0.99,0.01,0.01,0.0,0.0,74690.3,1776305702000

# RESULT,winner=Up,slug=btc-updown-5m-1776305400,ticks=624
