timestamp,elapsed_sec,up_bid,up_ask,down_bid,down_ask,up_spread,down_spread,btc_price,btc_oracle_ts
1776785100.515,0.515,0.51,0.53,0.48,0.49,0.02,0.01,75774.46,1776785099000
1776785100.919,0.919,0.51,0.52,0.48,0.49,0.01,0.01,75774.46,1776785099000
1776785102.216,2.216,0.51,0.52,0.48,0.49,0.01,0.01,75779.03,1776785101000
1776785102.578,2.578,0.51,0.52,0.48,0.49,0.01,0.01,75779.03,1776785101000
1776785102.951,2.951,0.5,0.52,0.48,0.5,0.02,0.02,75779.03,1776785101000
1776785103.29,3.29,0.48,0.52,0.48,0.51,0.04,0.03,75779.03,1776785101000
1776785103.624,3.624,0.48,0.49,0.51,0.52,0.01,0.01,75767.59,1776785102000
1776785103.963,3.963,0.48,0.52,0.48,0.52,0.04,0.04,75767.59,1776785102000
1776785104.312,4.312,0.47,0.51,0.49,0.52,0.04,0.03,75754.13,1776785103000
1776785104.707,4.707,0.45,0.46,0.54,0.55,0.01,0.01,75754.13,1776785103000
1776785105.276,5.276,0.42,0.43,0.54,0.57,0.01,0.03,75754.13,1776785103000
1776785105.645,5.645,0.41,0.43,0.57,0.59,0.02,0.02,75754.12,1776785104000
1776785106.003,6.003,0.44,0.48,0.52,0.56,0.04,0.04,75754.12,1776785104000
1776785106.353,6.353,0.46,0.48,0.52,0.54,0.02,0.02,75754.12,1776785104000
1776785106.727,6.727,0.48,0.49,0.51,0.52,0.01,0.01,75759.61,1776785105000
1776785107.089,7.089,0.47,0.48,0.51,0.53,0.01,0.02,75766.48,1776785106000
1776785107.449,7.449,0.47,0.48,0.52,0.53,0.01,0.01,75766.48,1776785106000
1776785107.946,7.946,0.47,0.48,0.52,0.53,0.01,0.01,75766.48,1776785106000
1776785108.285,8.285,0.47,0.48,0.52,0.53,0.01,0.01,75773.75,1776785107000
1776785108.653,8.653,0.47,0.48,0.52,0.53,0.01,0.01,75773.75,1776785107000
1776785109.154,9.154,0.47,0.48,0.52,0.53,0.01,0.01,75773.75,1776785107000
1776785110.159,10.159,0.47,0.48,0.52,0.53,0.01,0.01,75767.76,1776785108000
1776785110.584,10.584,0.47,0.48,0.52,0.53,0.01,0.01,75767.98,1776785109000
1776785111.125,11.125,0.47,0.48,0.52,0.53,0.01,0.01,75767.98,1776785109000
1776785111.531,11.531,0.47,0.48,0.52,0.53,0.01,0.01,75768.72,1776785110000
1776785111.885,11.885,0.47,0.49,0.51,0.53,0.02,0.02,75768.72,1776785110000
1776785112.253,12.253,0.45,0.46,0.53,0.55,0.01,0.02,75768.72,1776785110000
1776785112.624,12.624,0.46,0.47,0.52,0.54,0.01,0.02,75773.59,1776785111000
1776785112.971,12.971,0.47,0.48,0.52,0.53,0.01,0.01,75773.59,1776785111000
1776785113.308,13.308,0.47,0.48,0.52,0.53,0.01,0.01,75773.59,1776785111000
1776785113.726,13.726,0.46,0.47,0.53,0.54,0.01,0.01,75771.26,1776785112000
1776785114.182,14.182,0.45,0.46,0.54,0.55,0.01,0.01,75771.26,1776785112000
1776785114.535,14.535,0.45,0.47,0.54,0.55,0.02,0.01,75764.9,1776785113000
1776785114.977,14.977,0.46,0.47,0.53,0.54,0.01,0.01,75764.9,1776785113000
1776785115.363,15.363,0.46,0.47,0.53,0.54,0.01,0.01,75764.9,1776785113000
1776785115.709,15.709,0.47,0.48,0.52,0.53,0.01,0.01,75763.57,1776785114000
1776785116.319,16.319,0.46,0.47,0.52,0.54,0.01,0.02,75763.57,1776785114000
1776785116.685,16.685,0.46,0.47,0.53,0.54,0.01,0.01,75764.34,1776785115000
1776785117.042,17.042,0.46,0.47,0.53,0.54,0.01,0.01,75764.34,1776785115000
1776785117.909,17.909,0.46,0.47,0.53,0.54,0.01,0.01,75767.33,1776785116000
1776785118.328,18.328,0.46,0.47,0.53,0.54,0.01,0.01,75767.69,1776785117000
1776785119.006,19.006,0.46,0.47,0.53,0.54,0.01,0.01,75767.69,1776785117000
1776785119.468,19.468,0.46,0.47,0.53,0.54,0.01,0.01,75767.69,1776785117000
1776785119.853,19.853,0.46,0.47,0.53,0.54,0.01,0.01,75762.11,1776785118000
1776785120.216,20.216,0.46,0.47,0.53,0.54,0.01,0.01,75762.11,1776785118000
1776785120.713,20.713,0.43,0.44,0.56,0.57,0.01,0.01,75762.3,1776785119000
1776785121.052,21.052,0.42,0.44,0.56,0.58,0.02,0.02,75762.24,1776785120000
1776785121.411,21.411,0.43,0.44,0.56,0.57,0.01,0.01,75762.24,1776785120000
1776785121.783,21.783,0.4,0.42,0.58,0.59,0.02,0.01,75762.24,1776785120000
1776785122.155,22.155,0.41,0.42,0.58,0.59,0.01,0.01,75762.24,1776785120000
1776785122.533,22.533,0.42,0.43,0.57,0.58,0.01,0.01,75753.29,1776785121000
1776785122.882,22.882,0.42,0.43,0.57,0.58,0.01,0.01,75753.29,1776785121000
1776785124.151,24.151,0.42,0.43,0.57,0.58,0.01,0.01,75750.84,1776785122000
1776785125.75,25.75,0.42,0.43,0.57,0.58,0.01,0.01,75747.89,1776785124000
1776785126.225,26.225,0.4,0.42,0.58,0.6,0.02,0.02,75747.89,1776785124000
1776785126.754,26.754,0.4,0.42,0.58,0.61,0.02,0.03,75734.16,1776785125000
1776785127.108,27.108,0.37,0.38,0.58,0.63,0.01,0.05,75734.16,1776785125000
1776785127.442,27.442,0.35,0.36,0.62,0.65,0.01,0.03,75735.32,1776785126000
1776785127.776,27.776,0.35,0.36,0.64,0.65,0.01,0.01,75735.32,1776785126000
1776785128.125,28.125,0.38,0.39,0.6,0.62,0.01,0.02,75735.32,1776785126000
1776785128.463,28.463,0.39,0.4,0.6,0.61,0.01,0.01,75735.32,1776785126000
1776785128.812,28.812,0.39,0.4,0.6,0.61,0.01,0.01,75741.17,1776785127000
1776785129.272,29.272,0.38,0.39,0.61,0.62,0.01,0.01,75741.17,1776785127000
1776785129.892,29.892,0.37,0.39,0.61,0.62,0.02,0.01,75741.59,1776785128000
1776785130.41,30.41,0.37,0.38,0.61,0.62,0.01,0.01,75741.14,1776785129000
1776785130.807,30.807,0.37,0.38,0.62,0.63,0.01,0.01,75741.14,1776785129000
1776785131.177,31.177,0.39,0.4,0.6,0.61,0.01,0.01,75740.31,1776785130000
1776785131.525,31.525,0.38,0.4,0.6,0.61,0.02,0.01,75740.31,1776785130000
1776785132.098,32.098,0.38,0.39,0.6,0.62,0.01,0.02,75740.31,1776785130000
1776785132.903,32.903,0.38,0.39,0.61,0.62,0.01,0.01,75739.99,1776785131000
1776785133.236,33.236,0.38,0.39,0.61,0.62,0.01,0.01,75739.99,1776785131000
1776785134.215,34.215,0.38,0.39,0.61,0.62,0.01,0.01,75740.01,1776785132000
1776785134.622,34.622,0.4,0.41,0.59,0.6,0.01,0.01,75741.6,1776785133000
1776785134.965,34.965,0.4,0.41,0.59,0.6,0.01,0.01,75741.6,1776785133000
1776785135.511,35.511,0.4,0.41,0.59,0.6,0.01,0.01,75744.02,1776785134000
1776785135.895,35.895,0.4,0.41,0.59,0.6,0.01,0.01,75744.02,1776785134000
1776785136.24,36.24,0.4,0.41,0.59,0.6,0.01,0.01,75748.7,1776785135000
1776785136.671,36.671,0.4,0.41,0.59,0.6,0.01,0.01,75748.7,1776785135000
1776785137.092,37.092,0.39,0.41,0.59,0.6,0.02,0.01,75748.7,1776785135000
1776785137.547,37.547,0.39,0.4,0.6,0.61,0.01,0.01,75747.22,1776785136000
1776785137.939,37.939,0.39,0.4,0.6,0.61,0.01,0.01,75747.22,1776785136000
1776785138.403,38.403,0.38,0.39,0.61,0.62,0.01,0.01,75747.22,1776785136000
1776785138.983,38.983,0.37,0.38,0.62,0.63,0.01,0.01,75747.59,1776785137000
1776785139.391,39.391,0.37,0.38,0.62,0.63,0.01,0.01,75745.47,1776785138000
1776785139.846,39.846,0.37,0.39,0.62,0.63,0.02,0.01,75745.47,1776785138000
1776785140.297,40.297,0.37,0.38,0.62,0.63,0.01,0.01,75745.47,1776785138000
1776785140.687,40.687,0.37,0.38,0.62,0.63,0.01,0.01,75742.87,1776785139000
1776785141.352,41.352,0.37,0.38,0.62,0.63,0.01,0.01,75742.77,1776785140000
1776785141.7,41.7,0.37,0.38,0.62,0.63,0.01,0.01,75742.77,1776785140000
1776785142.123,42.123,0.37,0.4,0.61,0.63,0.03,0.02,75743.68,1776785141000
1776785142.634,42.634,0.4,0.41,0.59,0.6,0.01,0.01,75743.68,1776785141000
1776785143.243,43.243,0.4,0.41,0.59,0.6,0.01,0.01,75744.14,1776785142000
1776785143.611,43.611,0.4,0.42,0.58,0.6,0.02,0.02,75744.14,1776785142000
1776785143.948,43.948,0.4,0.41,0.59,0.6,0.01,0.01,75744.14,1776785142000
1776785144.295,44.295,0.4,0.41,0.59,0.6,0.01,0.01,75744.14,1776785142000
1776785144.64,44.64,0.4,0.41,0.59,0.6,0.01,0.01,75754.02,1776785143000
1776785145.014,45.014,0.4,0.41,0.59,0.6,0.01,0.01,75751.89,1776785144000
1776785145.659,45.659,0.39,0.4,0.59,0.61,0.01,0.02,75751.89,1776785144000
1776785146.129,46.129,0.38,0.4,0.6,0.61,0.02,0.01,75751.89,1776785144000
1776785146.662,46.662,0.38,0.39,0.61,0.62,0.01,0.01,75748.54,1776785145000
1776785147.005,47.005,0.38,0.39,0.61,0.62,0.01,0.01,75748.54,1776785145000
1776785147.541,47.541,0.38,0.39,0.61,0.62,0.01,0.01,75748.54,1776785145000
1776785147.875,47.875,0.38,0.39,0.61,0.62,0.01,0.01,75744.12,1776785146000
1776785148.249,48.249,0.38,0.39,0.61,0.62,0.01,0.01,75744.21,1776785147000
1776785148.59,48.59,0.38,0.39,0.61,0.62,0.01,0.01,75744.21,1776785147000
1776785149.085,49.085,0.38,0.39,0.61,0.62,0.01,0.01,75745.83,1776785148000
1776785149.475,49.475,0.38,0.39,0.61,0.62,0.01,0.01,75745.83,1776785148000
1776785149.835,49.835,0.38,0.39,0.61,0.62,0.01,0.01,75745.83,1776785148000
1776785150.187,50.187,0.38,0.39,0.61,0.62,0.01,0.01,75740.7,1776785149000
1776785150.613,50.613,0.38,0.39,0.61,0.62,0.01,0.01,75740.7,1776785149000
1776785151.204,51.204,0.38,0.39,0.61,0.62,0.01,0.01,75740.7,1776785149000
1776785151.581,51.581,0.38,0.39,0.61,0.62,0.01,0.01,75739.71,1776785150000
1776785151.958,51.958,0.38,0.39,0.61,0.62,0.01,0.01,75739.71,1776785150000
1776785152.306,52.306,0.41,0.42,0.58,0.59,0.01,0.01,75739.71,1776785150000
1776785152.686,52.686,0.41,0.42,0.58,0.59,0.01,0.01,75746.71,1776785151000
1776785153.019,53.019,0.41,0.42,0.58,0.59,0.01,0.01,75748.98,1776785152000
1776785153.414,53.414,0.4,0.41,0.59,0.6,0.01,0.01,75748.98,1776785152000
1776785153.75,53.75,0.4,0.41,0.59,0.6,0.01,0.01,75748.98,1776785152000
1776785154.128,54.128,0.39,0.4,0.6,0.61,0.01,0.01,75748.98,1776785152000
1776785154.48,54.48,0.39,0.4,0.6,0.61,0.01,0.01,75745.05,1776785153000
1776785154.847,54.847,0.39,0.4,0.6,0.61,0.01,0.01,75745.05,1776785153000
1776785155.193,55.193,0.39,0.4,0.6,0.61,0.01,0.01,75745.05,1776785153000
1776785155.583,55.583,0.39,0.4,0.6,0.61,0.01,0.01,75744.81,1776785154000
1776785156.37,56.37,0.4,0.41,0.59,0.61,0.01,0.02,75745.2,1776785155000
1776785156.881,56.881,0.4,0.41,0.59,0.6,0.01,0.01,75745.2,1776785155000
1776785157.276,57.276,0.4,0.42,0.59,0.6,0.02,0.01,75750.13,1776785156000
1776785157.65,57.65,0.41,0.42,0.58,0.59,0.01,0.01,75750.13,1776785156000
1776785158.018,58.018,0.41,0.42,0.58,0.59,0.01,0.01,75750.76,1776785157000
1776785158.503,58.503,0.41,0.42,0.58,0.59,0.01,0.01,75750.76,1776785157000
1776785158.901,58.901,0.41,0.42,0.58,0.59,0.01,0.01,75750.76,1776785157000
1776785159.449,59.449,0.41,0.42,0.58,0.59,0.01,0.01,75752.69,1776785158000
1776785159.97,59.97,0.41,0.42,0.58,0.59,0.01,0.01,75752.69,1776785158000
1776785160.414,60.414,0.41,0.42,0.58,0.59,0.01,0.01,75754.01,1776785159000
1776785161.037,61.037,0.4,0.41,0.58,0.6,0.01,0.02,75754.01,1776785159000
1776785161.576,61.576,0.37,0.39,0.62,0.64,0.02,0.02,75753.64,1776785160000
1776785161.948,61.948,0.34,0.36,0.64,0.66,0.02,0.02,75753.64,1776785160000
1776785162.337,62.337,0.31,0.34,0.66,0.69,0.03,0.03,75749.46,1776785161000
1776785162.693,62.693,0.32,0.34,0.66,0.67,0.02,0.01,75749.46,1776785161000
1776785163.03,63.03,0.32,0.33,0.67,0.68,0.01,0.01,75739.87,1776785162000
1776785163.522,63.522,0.31,0.33,0.67,0.68,0.02,0.01,75739.87,1776785162000
1776785163.86,63.86,0.3,0.32,0.68,0.7,0.02,0.02,75739.87,1776785162000
1776785164.401,64.401,0.3,0.31,0.69,0.7,0.01,0.01,75727.03,1776785163000
1776785164.906,64.906,0.32,0.33,0.67,0.68,0.01,0.01,75727.03,1776785163000
1776785165.433,65.433,0.31,0.32,0.68,0.69,0.01,0.01,75725.84,1776785164000
1776785165.778,65.778,0.3,0.31,0.68,0.7,0.01,0.02,75725.84,1776785164000
1776785166.179,66.179,0.3,0.31,0.69,0.7,0.01,0.01,75725.84,1776785164000
1776785166.53,66.53,0.3,0.31,0.69,0.7,0.01,0.01,75727.32,1776785165000
1776785167.065,67.065,0.3,0.31,0.69,0.7,0.01,0.01,75727.32,1776785165000
1776785167.494,67.494,0.29,0.3,0.7,0.71,0.01,0.01,75724.4,1776785166000
1776785167.864,67.864,0.29,0.3,0.7,0.71,0.01,0.01,75724.4,1776785166000
1776785168.207,68.207,0.3,0.32,0.68,0.7,0.02,0.02,75723.79,1776785167000
1776785168.592,68.592,0.31,0.32,0.68,0.69,0.01,0.01,75723.79,1776785167000
1776785169.086,69.086,0.31,0.32,0.68,0.69,0.01,0.01,75723.79,1776785167000
1776785169.467,69.467,0.3,0.31,0.68,0.7,0.01,0.02,75722.35,1776785168000
1776785170.265,70.265,0.3,0.31,0.69,0.7,0.01,0.01,75722.35,1776785168000
1776785170.667,70.667,0.25,0.26,0.74,0.75,0.01,0.01,75724.63,1776785169000
1776785171.027,71.027,0.25,0.26,0.74,0.75,0.01,0.01,75722.94,1776785170000
1776785171.377,71.377,0.25,0.26,0.74,0.75,0.01,0.01,75722.94,1776785170000
1776785171.864,71.864,0.25,0.26,0.74,0.75,0.01,0.01,75722.94,1776785170000
1776785172.689,72.689,0.25,0.26,0.74,0.75,0.01,0.01,75720.01,1776785171000
1776785173.037,73.037,0.26,0.27,0.72,0.74,0.01,0.02,75720.01,1776785171000
1776785173.417,73.417,0.26,0.27,0.73,0.74,0.01,0.01,75720.01,1776785171000
1776785173.778,73.778,0.26,0.27,0.73,0.74,0.01,0.01,75720.01,1776785171000
1776785174.385,74.385,0.26,0.27,0.73,0.74,0.01,0.01,75710.64,1776785173000
1776785174.753,74.753,0.26,0.27,0.73,0.74,0.01,0.01,75710.64,1776785173000
1776785175.104,75.104,0.25,0.26,0.74,0.75,0.01,0.01,75710.64,1776785173000
1776785175.516,75.516,0.25,0.26,0.74,0.75,0.01,0.01,75710.64,1776785173000
1776785175.982,75.982,0.25,0.26,0.74,0.75,0.01,0.01,75710.64,1776785173000
1776785176.592,76.592,0.25,0.26,0.74,0.75,0.01,0.01,75709.65,1776785175000
1776785176.952,76.952,0.25,0.26,0.74,0.75,0.01,0.01,75709.65,1776785175000
1776785177.324,77.324,0.25,0.26,0.74,0.75,0.01,0.01,75707.27,1776785176000
1776785177.754,77.754,0.25,0.26,0.74,0.75,0.01,0.01,75707.27,1776785176000
1776785178.134,78.134,0.25,0.26,0.74,0.75,0.01,0.01,75707.27,1776785176000
1776785178.812,78.812,0.24,0.25,0.75,0.76,0.01,0.01,75706.85,1776785177000
1776785179.22,79.22,0.24,0.25,0.75,0.76,0.01,0.01,75706.85,1776785177000
1776785179.592,79.592,0.22,0.23,0.75,0.76,0.01,0.01,75706.85,1776785177000
1776785180.138,80.138,0.22,0.23,0.77,0.78,0.01,0.01,75708.29,1776785178000
1776785180.573,80.573,0.2,0.23,0.77,0.8,0.03,0.03,75706.74,1776785179000
1776785180.914,80.914,0.15,0.17,0.83,0.85,0.02,0.02,75706.74,1776785179000
1776785181.269,81.269,0.16,0.18,0.81,0.84,0.02,0.03,75700.98,1776785180000
1776785181.625,81.625,0.15,0.16,0.84,0.85,0.01,0.01,75700.98,1776785180000
1776785181.975,81.975,0.15,0.16,0.84,0.85,0.01,0.01,75700.98,1776785180000
1776785182.343,82.343,0.15,0.16,0.84,0.85,0.01,0.01,75700.98,1776785180000
1776785182.696,82.696,0.12,0.14,0.86,0.88,0.02,0.02,75700.98,1776785180000
1776785183.052,83.052,0.13,0.14,0.86,0.87,0.01,0.01,75669.08,1776785181000
1776785183.471,83.471,0.13,0.14,0.86,0.87,0.01,0.01,75664.64,1776785182000
1776785183.808,83.808,0.13,0.14,0.86,0.87,0.01,0.01,75664.64,1776785182000
1776785184.191,84.191,0.14,0.15,0.85,0.87,0.01,0.02,75664.64,1776785182000
1776785184.563,84.563,0.14,0.15,0.85,0.86,0.01,0.01,75652.67,1776785183000
1776785184.906,84.906,0.14,0.15,0.85,0.86,0.01,0.01,75652.67,1776785183000
1776785185.249,85.249,0.14,0.15,0.85,0.86,0.01,0.01,75652.67,1776785183000
1776785185.645,85.645,0.14,0.15,0.85,0.86,0.01,0.01,75652.67,1776785183000
1776785186.057,86.057,0.14,0.15,0.85,0.86,0.01,0.01,75652.67,1776785183000
1776785186.436,86.436,0.14,0.15,0.85,0.86,0.01,0.01,75648.4,1776785184000
1776785186.959,86.959,0.13,0.15,0.85,0.86,0.02,0.01,75648.4,1776785184000
1776785187.384,87.384,0.13,0.14,0.86,0.87,0.01,0.01,75649.6,1776785185000
1776785187.72,87.72,0.13,0.14,0.86,0.87,0.01,0.01,75649.6,1776785185000
1776785188.073,88.073,0.13,0.14,0.86,0.87,0.01,0.01,75649.99,1776785186000
1776785188.497,88.497,0.13,0.14,0.86,0.87,0.01,0.01,75649.99,1776785186000
1776785189.006,89.006,0.12,0.13,0.86,0.89,0.01,0.03,75649.99,1776785186000
1776785189.414,89.414,0.13,0.14,0.87,0.88,0.01,0.01,75649.99,1776785186000
1776785189.765,89.765,0.13,0.14,0.86,0.87,0.01,0.01,75649.66,1776785187000
1776785190.141,90.141,0.13,0.14,0.86,0.87,0.01,0.01,75649.66,1776785187000
1776785190.485,90.485,0.12,0.13,0.87,0.88,0.01,0.01,75648.19,1776785188000
1776785190.843,90.843,0.12,0.14,0.87,0.88,0.02,0.01,75648.19,1776785188000
1776785191.207,91.207,0.13,0.14,0.86,0.87,0.01,0.01,75648.07,1776785189000
1776785191.708,91.708,0.13,0.14,0.86,0.87,0.01,0.01,75648.07,1776785189000
1776785192.042,92.042,0.12,0.13,0.87,0.88,0.01,0.01,75648.07,1776785189000
1776785192.4,92.4,0.12,0.13,0.87,0.88,0.01,0.01,75648.07,1776785189000
1776785192.834,92.834,0.13,0.14,0.87,0.88,0.01,0.01,75648.07,1776785189000
1776785193.212,93.212,0.13,0.14,0.86,0.87,0.01,0.01,75648.88,1776785191000
1776785193.555,93.555,0.13,0.14,0.86,0.87,0.01,0.01,75648.88,1776785191000
1776785194.202,94.202,0.14,0.15,0.85,0.87,0.01,0.02,75647.88,1776785192000
1776785194.54,94.54,0.15,0.16,0.84,0.85,0.01,0.01,75647.88,1776785192000
1776785194.901,94.901,0.15,0.16,0.84,0.85,0.01,0.01,75647.88,1776785192000
1776785195.611,95.611,0.14,0.15,0.84,0.85,0.01,0.01,75648.8,1776785193000
1776785195.962,95.962,0.14,0.15,0.85,0.86,0.01,0.01,75653.17,1776785194000
1776785196.429,96.429,0.14,0.15,0.85,0.86,0.01,0.01,75658.58,1776785195000
1776785196.933,96.933,0.14,0.15,0.85,0.86,0.01,0.01,75658.58,1776785195000
1776785197.393,97.393,0.14,0.15,0.85,0.86,0.01,0.01,75659.3,1776785196000
1776785197.867,97.867,0.14,0.15,0.85,0.86,0.01,0.01,75659.3,1776785196000
1776785198.386,98.386,0.16,0.17,0.83,0.84,0.01,0.01,75659.89,1776785197000
1776785198.736,98.736,0.15,0.16,0.83,0.85,0.01,0.02,75659.89,1776785197000
1776785199.174,99.174,0.15,0.16,0.84,0.85,0.01,0.01,75662.93,1776785198000
1776785199.516,99.516,0.15,0.16,0.84,0.85,0.01,0.01,75662.93,1776785198000
1776785199.87,99.87,0.15,0.16,0.84,0.85,0.01,0.01,75662.93,1776785198000
1776785200.207,100.207,0.15,0.16,0.84,0.85,0.01,0.01,75668.35,1776785199000
1776785200.678,100.678,0.17,0.18,0.82,0.85,0.01,0.03,75668.35,1776785199000
1776785201.104,101.104,0.17,0.18,0.82,0.83,0.01,0.01,75668.35,1776785199000
1776785201.698,101.698,0.16,0.17,0.82,0.83,0.01,0.01,75668.35,1776785199000
1776785202.111,102.111,0.15,0.16,0.84,0.85,0.01,0.01,75667.58,1776785201000
1776785202.925,102.925,0.13,0.14,0.84,0.87,0.01,0.03,75667.58,1776785201000
1776785203.328,103.328,0.13,0.14,0.86,0.87,0.01,0.01,75668.18,1776785202000
1776785203.661,103.661,0.13,0.14,0.86,0.87,0.01,0.01,75668.18,1776785202000
1776785204.075,104.075,0.13,0.14,0.86,0.87,0.01,0.01,75668.18,1776785202000
1776785204.446,104.446,0.13,0.14,0.86,0.87,0.01,0.01,75668.18,1776785202000
1776785204.817,104.817,0.15,0.16,0.85,0.86,0.01,0.01,75656.23,1776785203000
1776785205.158,105.158,0.16,0.17,0.83,0.84,0.01,0.01,75648.24,1776785204000
1776785205.548,105.548,0.16,0.17,0.83,0.84,0.01,0.01,75648.24,1776785204000
1776785206.056,106.056,0.16,0.17,0.83,0.84,0.01,0.01,75648.24,1776785204000
1776785206.434,106.434,0.14,0.16,0.84,0.85,0.02,0.01,75648.24,1776785204000
1776785206.785,106.785,0.14,0.15,0.85,0.86,0.01,0.01,75659.46,1776785205000
1776785207.174,107.174,0.14,0.15,0.85,0.86,0.01,0.01,75659.46,1776785205000
1776785207.946,107.946,0.14,0.15,0.85,0.86,0.01,0.01,75660.23,1776785206000
1776785208.528,108.528,0.14,0.15,0.85,0.86,0.01,0.01,75659.54,1776785207000
1776785209.029,109.029,0.15,0.16,0.84,0.85,0.01,0.01,75658.87,1776785208000
1776785209.807,109.807,0.15,0.16,0.84,0.85,0.01,0.01,75658.87,1776785208000
1776785210.338,110.338,0.15,0.16,0.84,0.85,0.01,0.01,75659.4,1776785209000
1776785210.692,110.692,0.15,0.16,0.84,0.85,0.01,0.01,75659.4,1776785209000
1776785211.142,111.142,0.15,0.16,0.84,0.85,0.01,0.01,75659.4,1776785209000
1776785211.492,111.492,0.14,0.15,0.85,0.86,0.01,0.01,75659.4,1776785209000
1776785211.956,111.956,0.14,0.15,0.85,0.86,0.01,0.01,75658.44,1776785210000
1776785212.577,112.577,0.14,0.15,0.85,0.86,0.01,0.01,75658.44,1776785210000
1776785212.924,112.924,0.13,0.14,0.85,0.87,0.01,0.02,75658.85,1776785211000
1776785213.324,113.324,0.13,0.14,0.86,0.87,0.01,0.01,75659.13,1776785212000
1776785213.873,113.873,0.13,0.14,0.86,0.87,0.01,0.01,75659.28,1776785213000
1776785214.452,114.452,0.13,0.14,0.86,0.87,0.01,0.01,75659.28,1776785213000
1776785214.804,114.804,0.13,0.14,0.86,0.87,0.01,0.01,75659.28,1776785213000
1776785215.308,115.308,0.14,0.15,0.86,0.87,0.01,0.01,75658.21,1776785214000
1776785215.88,115.88,0.14,0.15,0.85,0.86,0.01,0.01,75658.21,1776785214000
1776785216.289,116.289,0.15,0.16,0.84,0.85,0.01,0.01,75658.21,1776785214000
1776785216.873,116.873,0.15,0.16,0.84,0.85,0.01,0.01,75658.71,1776785215000
1776785217.486,117.486,0.16,0.17,0.84,0.85,0.01,0.01,75658.71,1776785215000
1776785218.108,118.108,0.16,0.17,0.83,0.84,0.01,0.01,75665.4,1776785216000
1776785218.488,118.488,0.16,0.17,0.83,0.84,0.01,0.01,75667.67,1776785217000
1776785218.852,118.852,0.16,0.17,0.83,0.84,0.01,0.01,75667.67,1776785217000
1776785219.271,119.271,0.16,0.17,0.83,0.84,0.01,0.01,75667.67,1776785217000
1776785219.609,119.609,0.16,0.17,0.83,0.84,0.01,0.01,75667.67,1776785217000
1776785219.943,119.943,0.16,0.17,0.83,0.84,0.01,0.01,75670.45,1776785219000
1776785220.298,120.298,0.15,0.16,0.84,0.85,0.01,0.01,75670.45,1776785219000
1776785220.89,120.89,0.15,0.16,0.84,0.85,0.01,0.01,75670.45,1776785219000
1776785221.615,121.615,0.14,0.15,0.84,0.86,0.01,0.02,75675.89,1776785220000
1776785222.0,122.0,0.14,0.15,0.85,0.86,0.01,0.01,75671.64,1776785221000
1776785222.495,122.495,0.14,0.15,0.85,0.86,0.01,0.01,75671.64,1776785221000
1776785222.896,122.896,0.11,0.15,0.85,0.86,0.04,0.01,75671.64,1776785221000
1776785223.369,123.369,0.1,0.11,0.89,0.9,0.01,0.01,75667.81,1776785222000
1776785223.707,123.707,0.1,0.11,0.89,0.9,0.01,0.01,75667.81,1776785222000
1776785224.076,124.076,0.1,0.11,0.89,0.9,0.01,0.01,75667.81,1776785222000
1776785224.425,124.425,0.1,0.11,0.89,0.9,0.01,0.01,75665.02,1776785223000
1776785224.772,124.772,0.09,0.1,0.89,0.91,0.01,0.02,75665.02,1776785223000
1776785225.138,125.138,0.09,0.1,0.9,0.91,0.01,0.01,75646.35,1776785224000
1776785225.761,125.761,0.09,0.1,0.9,0.91,0.01,0.01,75646.35,1776785224000
1776785226.108,126.108,0.09,0.1,0.9,0.91,0.01,0.01,75644.86,1776785225000
1776785226.471,126.471,0.09,0.1,0.9,0.91,0.01,0.01,75644.86,1776785225000
1776785226.82,126.82,0.08,0.09,0.91,0.92,0.01,0.01,75644.86,1776785225000
1776785227.172,127.172,0.08,0.09,0.91,0.92,0.01,0.01,75644.36,1776785226000
1776785227.562,127.562,0.08,0.1,0.91,0.92,0.02,0.01,75644.36,1776785226000
1776785227.935,127.935,0.09,0.1,0.9,0.91,0.01,0.01,75644.36,1776785226000
1776785228.501,128.501,0.08,0.09,0.9,0.91,0.01,0.01,75638.32,1776785227000
1776785228.907,128.907,0.07,0.08,0.92,0.93,0.01,0.01,75639.18,1776785228000
1776785229.353,129.353,0.06,0.07,0.92,0.94,0.01,0.02,75639.18,1776785228000
1776785229.698,129.698,0.06,0.07,0.93,0.94,0.01,0.01,75639.18,1776785228000
1776785230.069,130.069,0.06,0.07,0.93,0.94,0.01,0.01,75639.18,1776785228000
1776785230.408,130.408,0.06,0.07,0.93,0.94,0.01,0.01,75632.95,1776785229000
1776785230.78,130.78,0.06,0.07,0.93,0.94,0.01,0.01,75632.95,1776785229000
1776785231.225,131.225,0.06,0.07,0.93,0.94,0.01,0.01,75622.02,1776785230000
1776785231.962,131.962,0.06,0.07,0.93,0.94,0.01,0.01,75622.02,1776785230000
1776785232.306,132.306,0.05,0.07,0.93,0.94,0.02,0.01,75615.49,1776785231000
1776785232.943,132.943,0.06,0.07,0.93,0.95,0.01,0.02,75615.49,1776785231000
1776785233.633,133.633,0.06,0.07,0.93,0.94,0.01,0.01,75614.8,1776785232000
1776785234.03,134.03,0.06,0.07,0.93,0.94,0.01,0.01,75614.8,1776785232000
1776785234.571,134.571,0.06,0.07,0.93,0.94,0.01,0.01,75614.8,1776785232000
1776785234.992,134.992,0.05,0.07,0.93,0.94,0.02,0.01,75610.02,1776785233000
1776785235.336,135.336,0.05,0.06,0.94,0.95,0.01,0.01,75610.02,1776785233000
1776785235.711,135.711,0.06,0.07,0.93,0.94,0.01,0.01,75610.02,1776785233000
1776785236.09,136.09,0.06,0.07,0.93,0.94,0.01,0.01,75607.5,1776785234000
1776785236.449,136.449,0.06,0.07,0.93,0.94,0.01,0.01,75608.72,1776785235000
1776785236.997,136.997,0.06,0.07,0.93,0.94,0.01,0.01,75608.72,1776785235000
1776785237.347,137.347,0.08,0.09,0.91,0.93,0.01,0.02,75608.72,1776785235000
1776785237.716,137.716,0.08,0.1,0.91,0.92,0.02,0.01,75608.72,1776785235000
1776785238.077,138.077,0.09,0.12,0.88,0.91,0.03,0.03,75617.17,1776785236000
1776785238.419,138.419,0.09,0.12,0.88,0.91,0.03,0.03,75617.17,1776785236000
1776785238.766,138.766,0.1,0.13,0.87,0.9,0.03,0.03,75618.03,1776785237000
1776785239.108,139.108,0.11,0.13,0.87,0.89,0.02,0.02,75629.48,1776785238000
1776785239.467,139.467,0.1,0.13,0.87,0.9,0.03,0.03,75629.48,1776785238000
1776785240.001,140.001,0.11,0.13,0.88,0.89,0.02,0.01,75629.48,1776785238000
1776785240.371,140.371,0.11,0.13,0.87,0.89,0.02,0.02,75652.55,1776785239000
1776785241.664,141.664,0.12,0.13,0.86,0.89,0.01,0.03,75652.55,1776785239000
1776785242.166,142.166,0.13,0.14,0.86,0.87,0.01,0.01,75663.49,1776785240000
1776785242.508,142.508,0.13,0.14,0.86,0.87,0.01,0.01,75663.49,1776785240000
1776785242.845,142.845,0.13,0.14,0.86,0.87,0.01,0.01,75665.69,1776785241000
1776785243.193,143.193,0.13,0.14,0.86,0.87,0.01,0.01,75665.69,1776785241000
1776785243.537,143.537,0.13,0.14,0.86,0.87,0.01,0.01,75668.83,1776785242000
1776785244.102,144.102,0.13,0.14,0.86,0.87,0.01,0.01,75668.83,1776785242000
1776785244.728,144.728,0.13,0.14,0.86,0.87,0.01,0.01,75668.15,1776785243000
1776785245.073,145.073,0.13,0.14,0.86,0.87,0.01,0.01,75668.15,1776785243000
1776785245.417,145.417,0.13,0.14,0.86,0.87,0.01,0.01,75668.31,1776785244000
1776785245.92,145.92,0.13,0.14,0.86,0.87,0.01,0.01,75668.31,1776785244000
1776785246.259,146.259,0.13,0.14,0.86,0.87,0.01,0.01,75668.31,1776785244000
1776785246.595,146.595,0.13,0.14,0.86,0.87,0.01,0.01,75665.88,1776785245000
1776785246.98,146.98,0.12,0.13,0.87,0.88,0.01,0.01,75665.88,1776785245000
1776785247.343,147.343,0.12,0.13,0.87,0.88,0.01,0.01,75662.37,1776785246000
1776785247.966,147.966,0.12,0.13,0.87,0.88,0.01,0.01,75662.37,1776785246000
1776785248.317,148.317,0.12,0.13,0.87,0.88,0.01,0.01,75662.37,1776785246000
1776785249.164,149.164,0.12,0.13,0.87,0.88,0.01,0.01,75661.23,1776785248000
1776785249.653,149.653,0.12,0.13,0.87,0.88,0.01,0.01,75661.23,1776785248000
1776785250.353,150.353,0.12,0.13,0.87,0.88,0.01,0.01,75661.23,1776785248000
1776785250.778,150.778,0.12,0.13,0.87,0.88,0.01,0.01,75660.91,1776785249000
1776785251.182,151.182,0.12,0.13,0.87,0.89,0.01,0.02,75660.91,1776785249000
1776785251.524,151.524,0.1,0.12,0.88,0.89,0.02,0.01,75661.8,1776785250000
1776785252.047,152.047,0.1,0.11,0.88,0.9,0.01,0.02,75661.8,1776785250000
1776785252.462,152.462,0.1,0.11,0.89,0.9,0.01,0.01,75660.73,1776785251000
1776785252.873,152.873,0.1,0.11,0.89,0.9,0.01,0.01,75660.73,1776785251000
1776785253.237,153.237,0.1,0.11,0.89,0.9,0.01,0.01,75660.73,1776785251000
1776785253.696,153.696,0.1,0.11,0.89,0.9,0.01,0.01,75660.73,1776785251000
1776785254.075,154.075,0.1,0.11,0.89,0.9,0.01,0.01,75655.42,1776785252000
1776785254.433,154.433,0.1,0.11,0.89,0.9,0.01,0.01,75657.44,1776785253000
1776785254.873,154.873,0.1,0.11,0.89,0.9,0.01,0.01,75657.44,1776785253000
1776785255.208,155.208,0.1,0.11,0.89,0.9,0.01,0.01,75657.44,1776785253000
1776785255.566,155.566,0.1,0.12,0.88,0.9,0.02,0.02,75655.81,1776785254000
1776785256.189,156.189,0.11,0.12,0.88,0.89,0.01,0.01,75655.96,1776785255000
1776785257.248,157.248,0.11,0.12,0.88,0.89,0.01,0.01,75655.96,1776785255000
1776785257.849,157.849,0.11,0.12,0.88,0.89,0.01,0.01,75658.71,1776785256000
1776785258.183,158.183,0.09,0.11,0.89,0.91,0.02,0.02,75658.71,1776785257000
1776785258.709,158.709,0.09,0.11,0.89,0.91,0.02,0.02,75658.71,1776785257000
1776785259.072,159.072,0.1,0.11,0.89,0.9,0.01,0.01,75652.22,1776785258000
1776785259.984,159.984,0.09,0.1,0.89,0.9,0.01,0.01,75652.22,1776785258000
1776785260.369,160.369,0.09,0.1,0.9,0.91,0.01,0.01,75652.22,1776785258000
1776785260.997,160.997,0.1,0.11,0.89,0.9,0.01,0.01,75656.88,1776785259000
1776785261.456,161.456,0.1,0.11,0.89,0.9,0.01,0.01,75655.21,1776785260000
1776785262.075,162.075,0.1,0.11,0.89,0.9,0.01,0.01,75655.21,1776785260000
1776785262.615,162.615,0.1,0.11,0.89,0.9,0.01,0.01,75659.12,1776785261000
1776785263.087,163.087,0.1,0.11,0.89,0.9,0.01,0.01,75659.12,1776785261000
1776785263.735,163.735,0.1,0.11,0.89,0.9,0.01,0.01,75659.12,1776785261000
1776785264.165,164.165,0.1,0.13,0.87,0.9,0.03,0.03,75665.23,1776785263000
1776785264.757,164.757,0.11,0.13,0.87,0.9,0.02,0.03,75665.23,1776785263000
1776785265.243,165.243,0.11,0.12,0.88,0.89,0.01,0.01,75671.41,1776785264000
1776785265.594,165.594,0.11,0.12,0.88,0.89,0.01,0.01,75671.41,1776785264000
1776785266.024,166.024,0.11,0.12,0.88,0.89,0.01,0.01,75671.41,1776785264000
1776785266.454,166.454,0.11,0.12,0.88,0.89,0.01,0.01,75675.68,1776785265000
1776785266.946,166.946,0.13,0.14,0.87,0.89,0.01,0.02,75675.68,1776785265000
1776785267.29,167.29,0.13,0.14,0.86,0.87,0.01,0.01,75678.7,1776785266000
1776785267.79,167.79,0.12,0.13,0.87,0.88,0.01,0.01,75678.7,1776785266000
1776785268.152,168.152,0.12,0.13,0.87,0.88,0.01,0.01,75678.97,1776785267000
1776785269.168,169.168,0.12,0.13,0.87,0.88,0.01,0.01,75679.83,1776785268000
1776785269.534,169.534,0.12,0.13,0.87,0.88,0.01,0.01,75679.83,1776785268000
1776785269.985,169.985,0.11,0.12,0.88,0.89,0.01,0.01,75679.83,1776785268000
1776785270.338,170.338,0.11,0.12,0.88,0.89,0.01,0.01,75678.4,1776785269000
1776785270.677,170.677,0.1,0.11,0.89,0.9,0.01,0.01,75678.4,1776785269000
1776785271.325,171.325,0.1,0.11,0.89,0.9,0.01,0.01,75678.24,1776785270000
1776785271.668,171.668,0.1,0.11,0.89,0.9,0.01,0.01,75678.24,1776785270000
1776785272.411,172.411,0.1,0.11,0.89,0.9,0.01,0.01,75675.25,1776785271000
1776785272.898,172.898,0.1,0.11,0.89,0.9,0.01,0.01,75672.96,1776785272000
1776785273.308,173.308,0.1,0.11,0.89,0.9,0.01,0.01,75672.96,1776785272000
1776785273.747,173.747,0.1,0.11,0.89,0.9,0.01,0.01,75672.96,1776785272000
1776785274.227,174.227,0.1,0.11,0.89,0.9,0.01,0.01,75675.56,1776785273000
1776785275.01,175.01,0.1,0.11,0.89,0.9,0.01,0.01,75674.62,1776785274000
1776785276.024,176.024,0.1,0.11,0.89,0.9,0.01,0.01,75674.62,1776785274000
1776785276.416,176.416,0.13,0.14,0.86,0.87,0.01,0.01,75676.34,1776785275000
1776785276.789,176.789,0.13,0.14,0.86,0.87,0.01,0.01,75676.34,1776785275000
1776785277.311,177.311,0.13,0.14,0.86,0.87,0.01,0.01,75689.51,1776785276000
1776785277.745,177.745,0.13,0.14,0.86,0.87,0.01,0.01,75689.51,1776785276000
1776785278.223,178.223,0.13,0.14,0.86,0.87,0.01,0.01,75690.92,1776785277000
1776785279.075,179.075,0.13,0.14,0.86,0.87,0.01,0.01,75690.92,1776785277000
1776785279.41,179.41,0.13,0.15,0.85,0.87,0.02,0.02,75694.58,1776785278000
1776785279.812,179.812,0.13,0.15,0.85,0.87,0.02,0.02,75694.58,1776785278000
1776785280.218,180.218,0.14,0.15,0.85,0.87,0.01,0.02,75695.65,1776785279000
1776785280.67,180.67,0.14,0.15,0.85,0.86,0.01,0.01,75695.65,1776785279000
1776785281.033,181.033,0.14,0.15,0.85,0.86,0.01,0.01,75695.65,1776785279000
1776785281.378,181.378,0.14,0.15,0.85,0.87,0.01,0.02,75700.96,1776785280000
1776785281.922,181.922,0.13,0.15,0.85,0.87,0.02,0.02,75700.96,1776785280000
1776785282.309,182.309,0.14,0.15,0.85,0.86,0.01,0.01,75700.96,1776785281000
1776785282.678,182.678,0.14,0.15,0.85,0.86,0.01,0.01,75700.96,1776785281000
1776785283.029,183.029,0.14,0.15,0.85,0.86,0.01,0.01,75700.96,1776785281000
1776785283.4,183.4,0.16,0.17,0.83,0.84,0.01,0.01,75710.47,1776785282000
1776785283.791,183.791,0.16,0.17,0.83,0.84,0.01,0.01,75710.47,1776785282000
1776785284.136,184.136,0.14,0.15,0.83,0.86,0.01,0.03,75710.47,1776785282000
1776785284.5,184.5,0.14,0.15,0.85,0.86,0.01,0.01,75703.51,1776785283000
1776785284.847,184.847,0.14,0.15,0.85,0.86,0.01,0.01,75703.51,1776785283000
1776785285.254,185.254,0.14,0.15,0.85,0.86,0.01,0.01,75702.86,1776785284000
1776785285.791,185.791,0.14,0.15,0.85,0.86,0.01,0.01,75702.86,1776785284000
1776785286.137,186.137,0.14,0.15,0.85,0.86,0.01,0.01,75702.86,1776785284000
1776785286.497,186.497,0.14,0.15,0.85,0.86,0.01,0.01,75700.86,1776785285000
1776785287.265,187.265,0.14,0.15,0.85,0.86,0.01,0.01,75698.91,1776785286000
1776785287.863,187.863,0.14,0.15,0.85,0.86,0.01,0.01,75698.91,1776785286000
1776785288.26,188.26,0.14,0.15,0.85,0.86,0.01,0.01,75700.18,1776785287000
1776785288.734,188.734,0.14,0.15,0.85,0.86,0.01,0.01,75700.18,1776785287000
1776785289.142,189.142,0.14,0.15,0.85,0.86,0.01,0.01,75701.43,1776785288000
1776785289.619,189.619,0.14,0.15,0.85,0.86,0.01,0.01,75701.43,1776785288000
1776785290.188,190.188,0.14,0.15,0.85,0.86,0.01,0.01,75705.96,1776785289000
1776785290.645,190.645,0.14,0.15,0.85,0.86,0.01,0.01,75705.96,1776785289000
1776785291.149,191.149,0.14,0.15,0.85,0.86,0.01,0.01,75701.48,1776785290000
1776785291.522,191.522,0.14,0.15,0.85,0.86,0.01,0.01,75701.48,1776785290000
1776785291.858,191.858,0.14,0.15,0.85,0.86,0.01,0.01,75701.48,1776785290000
1776785292.565,192.565,0.14,0.17,0.85,0.86,0.03,0.01,75704.62,1776785291000
1776785292.934,192.934,0.16,0.17,0.83,0.84,0.01,0.01,75704.62,1776785291000
1776785293.516,193.516,0.16,0.17,0.83,0.84,0.01,0.01,75704.41,1776785292000
1776785293.878,193.878,0.15,0.16,0.84,0.85,0.01,0.01,75704.41,1776785292000
1776785294.37,194.37,0.15,0.16,0.84,0.85,0.01,0.01,75708.24,1776785293000
1776785294.777,194.777,0.15,0.16,0.84,0.85,0.01,0.01,75708.24,1776785293000
1776785295.212,195.212,0.15,0.16,0.84,0.85,0.01,0.01,75708.24,1776785293000
1776785295.553,195.553,0.15,0.16,0.84,0.85,0.01,0.01,75711.74,1776785294000
1776785295.964,195.964,0.15,0.16,0.84,0.85,0.01,0.01,75705.88,1776785295000
1776785296.706,196.706,0.15,0.16,0.84,0.85,0.01,0.01,75705.88,1776785295000
1776785297.04,197.04,0.15,0.16,0.84,0.85,0.01,0.01,75709.88,1776785296000
1776785297.859,197.859,0.15,0.16,0.83,0.85,0.01,0.02,75709.88,1776785296000
1776785298.266,198.266,0.16,0.17,0.83,0.84,0.01,0.01,75711.6,1776785297000
1776785298.713,198.713,0.17,0.19,0.82,0.84,0.02,0.02,75711.6,1776785297000
1776785299.088,199.088,0.18,0.19,0.81,0.82,0.01,0.01,75711.6,1776785297000
1776785299.544,199.544,0.16,0.17,0.83,0.84,0.01,0.01,75714.86,1776785298000
1776785300.055,200.055,0.16,0.17,0.83,0.84,0.01,0.01,75714.86,1776785298000
1776785300.528,200.528,0.16,0.17,0.83,0.84,0.01,0.01,75715.06,1776785299000
1776785301.26,201.26,0.16,0.17,0.83,0.84,0.01,0.01,75714.38,1776785300000
1776785302.275,202.275,0.16,0.17,0.83,0.84,0.01,0.01,75715.37,1776785301000
1776785302.634,202.634,0.16,0.17,0.83,0.84,0.01,0.01,75715.37,1776785301000
1776785303.275,203.275,0.16,0.2,0.8,0.84,0.04,0.04,75715.37,1776785301000
1776785303.885,203.885,0.16,0.2,0.8,0.84,0.04,0.04,75730.15,1776785303000
1776785304.583,204.583,0.16,0.22,0.8,0.84,0.06,0.04,75730.15,1776785303000
1776785304.968,204.968,0.21,0.25,0.75,0.81,0.04,0.06,75730.15,1776785303000
1776785305.306,205.306,0.21,0.26,0.72,0.79,0.05,0.07,75736.23,1776785304000
1776785305.712,205.712,0.24,0.28,0.72,0.76,0.04,0.04,75736.23,1776785304000
1776785306.052,206.052,0.24,0.27,0.73,0.76,0.03,0.03,75736.23,1776785304000
1776785306.388,206.388,0.25,0.29,0.71,0.75,0.04,0.04,75736.81,1776785305000
1776785306.771,206.771,0.22,0.24,0.76,0.78,0.02,0.02,75736.81,1776785305000
1776785307.114,207.114,0.26,0.28,0.72,0.73,0.02,0.01,75740.7,1776785306000
1776785307.456,207.456,0.26,0.27,0.73,0.74,0.01,0.01,75740.7,1776785306000
1776785307.877,207.877,0.25,0.26,0.74,0.75,0.01,0.01,75740.7,1776785306000
1776785308.215,208.215,0.25,0.26,0.74,0.75,0.01,0.01,75740.7,1776785306000
1776785308.568,208.568,0.25,0.26,0.74,0.75,0.01,0.01,75737.22,1776785307000
1776785308.921,208.921,0.25,0.26,0.74,0.75,0.01,0.01,75737.22,1776785307000
1776785309.564,209.564,0.25,0.26,0.74,0.75,0.01,0.01,75736.01,1776785308000
1776785310.176,210.176,0.25,0.26,0.74,0.75,0.01,0.01,75736.01,1776785308000
1776785310.563,210.563,0.25,0.26,0.74,0.75,0.01,0.01,75737.13,1776785309000
1776785310.923,210.923,0.25,0.26,0.74,0.75,0.01,0.01,75737.13,1776785309000
1776785311.926,211.926,0.25,0.26,0.74,0.75,0.01,0.01,75739.64,1776785310000
1776785312.338,212.338,0.25,0.26,0.74,0.75,0.01,0.01,75741.61,1776785311000
1776785312.928,212.928,0.25,0.26,0.74,0.75,0.01,0.01,75741.61,1776785311000
1776785313.27,213.27,0.25,0.26,0.72,0.75,0.01,0.03,75741.61,1776785311000
1776785313.8,213.8,0.25,0.26,0.73,0.75,0.01,0.02,75740.71,1776785312000
1776785314.134,214.134,0.25,0.26,0.74,0.75,0.01,0.01,75740.71,1776785312000
1776785314.509,214.509,0.25,0.26,0.74,0.75,0.01,0.01,75736.49,1776785313000
1776785314.859,214.859,0.23,0.26,0.74,0.77,0.03,0.03,75736.49,1776785313000
1776785315.216,215.216,0.2,0.23,0.77,0.79,0.03,0.02,75722.74,1776785314000
1776785315.575,215.575,0.16,0.19,0.81,0.85,0.03,0.04,75722.74,1776785314000
1776785315.929,215.929,0.18,0.19,0.81,0.84,0.01,0.03,75722.74,1776785314000
1776785316.271,216.271,0.18,0.19,0.8,0.82,0.01,0.02,75722.74,1776785314000
1776785316.613,216.613,0.18,0.19,0.81,0.82,0.01,0.01,75722.74,1776785314000
1776785316.953,216.953,0.17,0.18,0.81,0.82,0.01,0.01,75722.41,1776785315000
1776785317.332,217.332,0.16,0.18,0.82,0.83,0.02,0.01,75722.41,1776785315000
1776785317.872,217.872,0.16,0.17,0.83,0.84,0.01,0.01,75723.29,1776785316000
1776785318.233,218.233,0.15,0.17,0.83,0.85,0.02,0.02,75723.29,1776785316000
1776785319.54,219.54,0.15,0.17,0.83,0.85,0.02,0.02,75719.64,1776785318000
1776785320.052,220.052,0.15,0.16,0.83,0.85,0.01,0.02,75719.64,1776785318000
1776785320.48,220.48,0.16,0.17,0.84,0.85,0.01,0.01,75719.64,1776785319000
1776785320.866,220.866,0.13,0.17,0.83,0.87,0.04,0.04,75719.64,1776785319000
1776785321.251,221.251,0.11,0.12,0.86,0.89,0.01,0.03,75719.64,1776785319000
1776785321.654,221.654,0.11,0.12,0.88,0.89,0.01,0.01,75707.46,1776785320000
1776785322.018,222.018,0.1,0.14,0.86,0.9,0.04,0.04,75707.46,1776785320000
1776785322.488,222.488,0.08,0.13,0.87,0.92,0.05,0.05,75697.78,1776785321000
1776785322.842,222.842,0.08,0.11,0.88,0.92,0.03,0.04,75697.78,1776785321000
1776785323.189,223.189,0.1,0.11,0.89,0.9,0.01,0.01,75692.89,1776785322000
1776785323.54,223.54,0.07,0.1,0.9,0.93,0.03,0.03,75692.89,1776785322000
1776785323.912,223.912,0.09,0.1,0.9,0.92,0.01,0.02,75692.89,1776785322000
1776785324.303,224.303,0.06,0.08,0.92,0.93,0.02,0.01,75692.89,1776785322000
1776785324.662,224.662,0.07,0.08,0.92,0.93,0.01,0.01,75693.57,1776785323000
1776785325.016,225.016,0.07,0.08,0.92,0.93,0.01,0.01,75693.57,1776785323000
1776785325.403,225.403,0.06,0.07,0.93,0.94,0.01,0.01,75692.06,1776785324000
1776785325.823,225.823,0.06,0.07,0.93,0.94,0.01,0.01,75692.06,1776785324000
1776785326.238,226.238,0.06,0.07,0.93,0.94,0.01,0.01,75692.06,1776785324000
1776785326.602,226.602,0.05,0.06,0.94,0.95,0.01,0.01,75689.33,1776785325000
1776785326.964,226.964,0.05,0.06,0.94,0.95,0.01,0.01,75689.33,1776785325000
1776785327.382,227.382,0.05,0.06,0.94,0.95,0.01,0.01,75689.29,1776785326000
1776785327.722,227.722,0.05,0.06,0.94,0.95,0.01,0.01,75689.29,1776785326000
1776785328.206,228.206,0.05,0.06,0.94,0.95,0.01,0.01,75689.29,1776785326000
1776785328.618,228.618,0.05,0.06,0.94,0.95,0.01,0.01,75687.88,1776785327000
1776785328.963,228.963,0.04,0.05,0.94,0.96,0.01,0.02,75687.88,1776785327000
1776785329.358,229.358,0.04,0.05,0.95,0.96,0.01,0.01,75687.88,1776785328000
1776785329.744,229.744,0.04,0.05,0.95,0.96,0.01,0.01,75687.88,1776785328000
1776785330.118,230.118,0.04,0.05,0.95,0.96,0.01,0.01,75687.88,1776785328000
1776785330.472,230.472,0.04,0.05,0.95,0.96,0.01,0.01,75687.68,1776785329000
1776785330.821,230.821,0.04,0.05,0.95,0.96,0.01,0.01,75687.68,1776785329000
1776785331.202,231.202,0.04,0.05,0.95,0.96,0.01,0.01,75688.0,1776785330000
1776785331.684,231.684,0.04,0.05,0.95,0.96,0.01,0.01,75688.0,1776785330000
1776785332.052,232.052,0.04,0.05,0.95,0.96,0.01,0.01,75686.72,1776785331000
1776785332.403,232.403,0.04,0.05,0.95,0.96,0.01,0.01,75686.72,1776785331000
1776785332.739,232.739,0.04,0.05,0.95,0.96,0.01,0.01,75686.72,1776785331000
1776785333.154,233.154,0.04,0.05,0.95,0.96,0.01,0.01,75682.85,1776785332000
1776785333.534,233.534,0.03,0.04,0.95,0.96,0.01,0.01,75682.85,1776785332000
1776785334.021,234.021,0.03,0.04,0.96,0.97,0.01,0.01,75682.85,1776785332000
1776785334.383,234.383,0.03,0.04,0.96,0.97,0.01,0.01,75676.71,1776785333000
1776785334.721,234.721,0.03,0.04,0.96,0.97,0.01,0.01,75676.71,1776785333000
1776785335.08,235.08,0.03,0.04,0.96,0.97,0.01,0.01,75677.62,1776785334000
1776785335.452,235.452,0.03,0.04,0.96,0.97,0.01,0.01,75677.62,1776785334000
1776785335.893,235.893,0.03,0.04,0.96,0.97,0.01,0.01,75677.62,1776785334000
1776785336.269,236.269,0.03,0.04,0.96,0.97,0.01,0.01,75679.83,1776785335000
1776785336.625,236.625,0.02,0.03,0.97,0.98,0.01,0.01,75679.83,1776785335000
1776785337.105,237.105,0.02,0.03,0.97,0.98,0.01,0.01,75679.83,1776785335000
1776785337.545,237.545,0.02,0.03,0.97,0.98,0.01,0.01,75679.83,1776785335000
1776785337.945,237.945,0.02,0.03,0.97,0.98,0.01,0.01,75667.98,1776785336000
1776785338.364,238.364,0.02,0.03,0.97,0.98,0.01,0.01,75667.98,1776785337000
1776785338.748,238.748,0.02,0.03,0.97,0.98,0.01,0.01,75667.98,1776785337000
1776785339.088,239.088,0.02,0.03,0.97,0.98,0.01,0.01,75667.98,1776785337000
1776785339.459,239.459,0.02,0.03,0.97,0.98,0.01,0.01,75669.46,1776785338000
1776785339.992,239.992,0.02,0.03,0.97,0.98,0.01,0.01,75669.46,1776785338000
1776785340.412,240.412,0.02,0.03,0.97,0.98,0.01,0.01,75669.78,1776785339000
1776785340.767,240.767,0.02,0.03,0.97,0.98,0.01,0.01,75669.78,1776785339000
1776785341.104,241.104,0.01,0.02,0.98,0.99,0.01,0.01,75669.78,1776785339000
1776785341.448,241.448,0.01,0.02,0.98,0.99,0.01,0.01,75669.78,1776785339000
1776785341.816,241.816,0.01,0.02,0.98,0.99,0.01,0.01,75666.11,1776785340000
1776785342.156,242.156,0.01,0.02,0.98,0.99,0.01,0.01,75666.11,1776785340000
1776785342.491,242.491,0.01,0.02,0.98,0.99,0.01,0.01,75655.78,1776785341000
1776785342.968,242.968,0.01,0.02,0.98,0.99,0.01,0.01,75655.78,1776785341000
1776785343.334,243.334,0.01,0.01,0.99,0.99,0.0,0.0,75651.16,1776785342000
1776785343.69,243.69,0.01,0.01,0.99,0.99,0.0,0.0,75651.16,1776785342000
1776785344.052,244.052,0.01,0.01,0.99,0.99,0.0,0.0,75651.16,1776785342000
1776785344.559,244.559,0.01,0.01,0.99,0.99,0.0,0.0,75635.98,1776785343000
1776785345.239,245.239,0.01,0.01,0.99,0.99,0.0,0.0,75630.97,1776785344000
1776785345.616,245.616,0.01,0.01,0.99,0.99,0.0,0.0,75630.97,1776785344000
1776785346.155,246.155,0.01,0.01,0.99,0.99,0.0,0.0,75630.97,1776785344000
1776785346.6,246.6,0.01,0.01,0.99,0.99,0.0,0.0,75624.48,1776785345000
1776785347.135,247.135,0.01,0.01,0.99,0.99,0.0,0.0,75624.48,1776785345000
1776785347.564,247.564,0.01,0.01,0.99,0.99,0.0,0.0,75622.63,1776785346000
1776785348.089,248.089,0.01,0.01,0.99,0.99,0.0,0.0,75622.63,1776785346000
1776785348.438,248.438,0.01,0.01,0.99,0.99,0.0,0.0,75622.72,1776785347000
1776785348.934,248.934,0.01,0.01,0.99,0.99,0.0,0.0,75622.72,1776785347000
1776785349.506,249.506,0.01,0.01,0.99,0.99,0.0,0.0,75633.8,1776785348000
1776785349.994,249.994,0.01,0.01,0.99,0.99,0.0,0.0,75637.33,1776785349000
1776785350.401,250.401,0.01,0.01,0.99,0.99,0.0,0.0,75637.33,1776785349000
1776785350.981,250.981,0.01,0.01,0.99,0.99,0.0,0.0,75637.33,1776785349000
1776785351.446,251.446,0.01,0.01,0.99,0.99,0.0,0.0,75637.33,1776785349000
1776785351.947,251.947,0.01,0.01,0.99,0.99,0.0,0.0,75645.06,1776785350000
1776785352.307,252.307,0.01,0.01,0.99,0.99,0.0,0.0,75644.0,1776785351000
1776785352.666,252.666,0.01,0.01,0.99,0.99,0.0,0.0,75644.0,1776785351000
1776785353.161,253.161,0.01,0.01,0.99,0.99,0.0,0.0,75644.0,1776785351000
1776785353.529,253.529,0.01,0.01,0.99,0.99,0.0,0.0,75636.7,1776785352000
1776785354.02,254.02,0.01,0.01,0.99,0.99,0.0,0.0,75635.13,1776785353000
1776785354.531,254.531,0.01,0.01,0.99,0.99,0.0,0.0,75635.13,1776785353000
1776785354.988,254.988,0.01,0.01,0.99,0.99,0.0,0.0,75635.13,1776785353000
1776785356.012,256.012,0.01,0.01,0.99,0.99,0.0,0.0,75636.84,1776785354000
1776785356.542,256.542,0.01,0.01,0.99,0.99,0.0,0.0,75634.62,1776785355000
1776785356.976,256.976,0.01,0.01,0.99,0.99,0.0,0.0,75637.19,1776785356000
1776785358.109,258.109,0.01,0.01,0.99,0.99,0.0,0.0,75642.19,1776785357000
1776785359.288,259.288,0.01,0.01,0.99,0.99,0.0,0.0,75644.81,1776785358000
1776785359.81,259.81,0.01,0.01,0.99,0.99,0.0,0.0,75644.81,1776785358000
1776785360.368,260.368,0.01,0.01,0.99,0.99,0.0,0.0,75644.81,1776785358000
1776785360.994,260.994,0.01,0.01,0.99,0.99,0.0,0.0,75644.82,1776785360000
1776785362.205,262.205,0.01,0.01,0.99,0.99,0.0,0.0,75646.37,1776785361000
1776785362.703,262.703,0.01,0.01,0.99,0.99,0.0,0.0,75646.37,1776785361000
1776785363.514,263.514,0.01,0.01,0.99,0.99,0.0,0.0,75647.04,1776785362000
1776785363.937,263.937,0.01,0.01,0.99,0.99,0.0,0.0,75645.97,1776785363000
1776785365.181,265.181,0.01,0.01,0.99,0.99,0.0,0.0,75643.7,1776785364000
1776785365.765,265.765,0.01,0.01,0.99,0.99,0.0,0.0,75643.7,1776785364000
1776785366.921,266.921,0.01,0.01,0.99,0.99,0.0,0.0,75650.63,1776785365000
1776785367.346,267.346,0.01,0.01,0.99,0.99,0.0,0.0,75650.63,1776785365000
1776785367.738,267.738,0.01,0.01,0.99,0.99,0.0,0.0,75653.45,1776785366000
1776785368.354,268.354,0.01,0.01,0.99,0.99,0.0,0.0,75662.91,1776785367000
1776785368.938,268.938,0.01,0.01,0.99,0.99,0.0,0.0,75673.18,1776785368000
1776785369.603,269.603,0.01,0.01,0.99,0.99,0.0,0.0,75673.18,1776785368000
1776785370.009,270.009,0.01,0.02,0.98,0.99,0.01,0.01,75673.18,1776785368000
1776785370.369,270.369,0.01,0.02,0.98,0.99,0.01,0.01,75675.98,1776785369000
1776785370.754,270.754,0.01,0.02,0.98,0.99,0.01,0.01,75675.98,1776785369000
1776785371.127,271.127,0.01,0.02,0.98,0.99,0.01,0.01,75675.98,1776785369000
1776785371.574,271.574,0.01,0.02,0.98,0.99,0.01,0.01,75675.98,1776785369000
1776785372.023,272.023,0.01,0.01,0.99,0.99,0.0,0.0,75680.86,1776785370000
1776785372.694,272.694,0.01,0.01,0.99,0.99,0.0,0.0,75691.06,1776785371000
1776785373.04,273.04,0.01,0.01,0.99,0.99,0.0,0.0,75695.39,1776785372000
1776785373.459,273.459,0.01,0.01,0.99,0.99,0.0,0.0,75695.39,1776785372000
1776785374.075,274.075,0.01,0.01,0.99,0.99,0.0,0.0,75695.39,1776785372000
1776785375.168,275.168,0.01,0.01,0.99,0.99,0.0,0.0,75693.91,1776785373000
1776785375.507,275.507,0.01,0.01,0.99,0.99,0.0,0.0,75690.4,1776785374000
1776785376.071,276.071,0.01,0.01,0.99,0.99,0.0,0.0,75688.02,1776785375000
1776785376.614,276.614,0.01,0.01,0.99,0.99,0.0,0.0,75688.02,1776785375000
1776785377.212,277.212,0.01,0.01,0.99,0.99,0.0,0.0,75682.71,1776785376000
1776785378.327,278.327,0.01,0.01,0.99,0.99,0.0,0.0,75685.73,1776785377000
1776785379.075,279.075,0.01,0.01,0.99,0.99,0.0,0.0,75689.49,1776785378000
1776785380.147,280.147,0.01,0.01,0.99,0.99,0.0,0.0,75691.51,1776785379000
1776785381.293,281.293,0.01,0.01,0.99,0.99,0.0,0.0,75688.65,1776785380000
1776785381.888,281.888,0.01,0.01,0.99,0.99,0.0,0.0,75688.65,1776785380000
1776785382.359,282.359,0.01,0.01,0.99,0.99,0.0,0.0,75688.17,1776785381000
1776785383.186,283.186,0.01,0.01,0.99,0.99,0.0,0.0,75690.35,1776785382000
1776785384.056,284.056,0.01,0.01,0.99,0.99,0.0,0.0,75690.35,1776785382000
1776785384.975,284.975,0.01,0.01,0.99,0.99,0.0,0.0,75697.57,1776785384000
1776785386.399,286.399,0.01,0.01,0.99,0.99,0.0,0.0,75701.16,1776785385000
1776785386.797,286.797,0.01,0.01,0.99,0.99,0.0,0.0,75701.16,1776785385000
1776785388.367,288.367,0.01,0.01,0.99,0.99,0.0,0.0,75702.97,1776785386000
1776785388.956,288.956,0.01,0.01,0.99,0.99,0.0,0.0,75706.96,1776785387000
1776785390.509,290.509,0.01,0.01,0.99,0.99,0.0,0.0,75702.04,1776785389000
1776785390.96,290.96,0.01,0.01,0.99,0.99,0.0,0.0,75702.04,1776785389000
1776785391.652,291.652,0.01,0.01,0.99,0.99,0.0,0.0,75705.24,1776785390000
1776785392.158,292.158,0.01,0.01,0.99,0.99,0.0,0.0,75705.24,1776785390000
1776785392.7,292.7,0.01,0.01,0.99,0.99,0.0,0.0,75704.54,1776785391000
1776785393.598,293.598,0.01,0.01,0.99,0.99,0.0,0.0,75699.28,1776785392000
1776785394.066,294.066,0.01,0.01,0.99,0.99,0.0,0.0,75699.28,1776785392000
1776785394.633,294.633,0.01,0.01,0.99,0.99,0.0,0.0,75699.26,1776785393000
1776785395.622,295.622,0.01,0.01,0.99,0.99,0.0,0.0,75702.66,1776785394000
1776785396.35,296.35,0.01,0.01,0.99,0.99,0.0,0.0,75699.25,1776785395000
1776785397.024,297.024,0.01,0.01,0.99,0.99,0.0,0.0,75699.25,1776785395000
1776785397.611,297.611,0.01,0.01,0.99,0.99,0.0,0.0,75699.04,1776785396000
1776785398.145,298.145,0.01,0.01,0.99,0.99,0.0,0.0,75700.47,1776785397000
1776785398.727,298.727,0.01,0.01,0.99,0.99,0.0,0.0,75700.47,1776785397000
1776785399.279,299.279,0.01,0.01,0.99,0.99,0.0,0.0,75700.47,1776785397000
1776785399.706,299.706,0.01,0.01,0.99,0.99,0.0,0.0,75700.47,1776785397000
1776785400.438,300.438,0.01,0.01,0.99,0.99,0.0,0.0,75705.53,1776785399000
1776785400.981,300.981,0.01,0.01,0.99,0.99,0.0,0.0,75705.53,1776785400000
1776785401.906,301.906,0.01,0.01,0.99,0.99,0.0,0.0,75701.61,1776785401000

# RESULT,winner=Down,slug=btc-updown-5m-1776785100,ticks=635
