timestamp,elapsed_sec,up_bid,up_ask,down_bid,down_ask,up_spread,down_spread,btc_price,btc_oracle_ts
1777154700.521,0.521,0.47,0.48,0.52,0.53,0.01,0.01,77545.53,1777154699000
1777154700.919,0.919,0.47,0.48,0.51,0.53,0.01,0.02,77545.53,1777154699000
1777154701.256,1.256,0.47,0.48,0.52,0.53,0.01,0.01,77545.54,1777154700000
1777154701.672,1.672,0.47,0.48,0.52,0.53,0.01,0.01,77545.54,1777154700000
1777154702.07,2.07,0.47,0.48,0.52,0.53,0.01,0.01,77545.54,1777154700000
1777154702.425,2.425,0.47,0.48,0.52,0.53,0.01,0.01,77545.54,1777154700000
1777154702.773,2.773,0.47,0.48,0.52,0.53,0.01,0.01,77545.54,1777154701000
1777154703.23,3.23,0.47,0.48,0.52,0.53,0.01,0.01,77545.67,1777154702000
1777154703.565,3.565,0.47,0.48,0.52,0.53,0.01,0.01,77545.67,1777154702000
1777154703.905,3.905,0.47,0.48,0.52,0.53,0.01,0.01,77545.67,1777154702000
1777154704.28,4.28,0.47,0.48,0.52,0.53,0.01,0.01,77547.56,1777154703000
1777154704.687,4.687,0.47,0.48,0.52,0.53,0.01,0.01,77547.56,1777154703000
1777154705.272,5.272,0.47,0.48,0.52,0.53,0.01,0.01,77547.56,1777154703000
1777154705.689,5.689,0.48,0.49,0.52,0.53,0.01,0.01,77547.57,1777154704000
1777154706.107,6.107,0.48,0.49,0.51,0.52,0.01,0.01,77547.57,1777154704000
1777154706.444,6.444,0.48,0.49,0.51,0.52,0.01,0.01,77547.65,1777154705000
1777154706.846,6.846,0.48,0.49,0.51,0.52,0.01,0.01,77547.65,1777154705000
1777154707.458,7.458,0.48,0.49,0.51,0.52,0.01,0.01,77547.75,1777154706000
1777154707.954,7.954,0.48,0.49,0.51,0.52,0.01,0.01,77547.75,1777154706000
1777154708.518,8.518,0.48,0.49,0.51,0.52,0.01,0.01,77547.97,1777154707000
1777154709.135,9.135,0.48,0.49,0.51,0.52,0.01,0.01,77547.97,1777154707000
1777154709.667,9.667,0.48,0.49,0.51,0.52,0.01,0.01,77547.97,1777154708000
1777154710.151,10.151,0.48,0.49,0.51,0.52,0.01,0.01,77547.96,1777154709000
1777154710.5,10.5,0.48,0.49,0.51,0.52,0.01,0.01,77547.96,1777154709000
1777154711.179,11.179,0.48,0.49,0.51,0.52,0.01,0.01,77547.97,1777154710000
1777154711.678,11.678,0.48,0.49,0.51,0.52,0.01,0.01,77547.97,1777154710000
1777154712.202,12.202,0.48,0.49,0.51,0.52,0.01,0.01,77547.96,1777154711000
1777154712.738,12.738,0.48,0.49,0.51,0.52,0.01,0.01,77547.96,1777154711000
1777154713.249,13.249,0.48,0.49,0.51,0.52,0.01,0.01,77547.98,1777154712000
1777154713.879,13.879,0.48,0.49,0.51,0.52,0.01,0.01,77547.98,1777154712000
1777154714.345,14.345,0.48,0.49,0.51,0.52,0.01,0.01,77547.97,1777154713000
1777154715.051,15.051,0.48,0.49,0.5,0.52,0.01,0.02,77547.97,1777154713000
1777154715.653,15.653,0.48,0.49,0.5,0.52,0.01,0.02,77547.98,1777154714000
1777154715.998,15.998,0.48,0.49,0.51,0.52,0.01,0.01,77547.98,1777154714000
1777154716.403,16.403,0.48,0.49,0.51,0.52,0.01,0.01,77547.97,1777154715000
1777154717.026,17.026,0.48,0.49,0.51,0.52,0.01,0.01,77547.97,1777154715000
1777154717.384,17.384,0.48,0.5,0.51,0.52,0.02,0.01,77548.09,1777154716000
1777154717.72,17.72,0.48,0.49,0.51,0.52,0.01,0.01,77548.09,1777154716000
1777154718.137,18.137,0.49,0.5,0.51,0.52,0.01,0.01,77548.09,1777154716000
1777154719.16,19.16,0.49,0.5,0.5,0.51,0.01,0.01,77548.01,1777154718000
1777154719.982,19.982,0.49,0.5,0.5,0.51,0.01,0.01,77548.01,1777154719000
1777154720.932,20.932,0.49,0.5,0.5,0.51,0.01,0.01,77548.01,1777154719000
1777154721.948,21.948,0.49,0.5,0.5,0.51,0.01,0.01,77548.01,1777154721000
1777154722.482,22.482,0.49,0.5,0.5,0.51,0.01,0.01,77548.01,1777154721000
1777154722.837,22.837,0.53,0.55,0.42,0.47,0.02,0.05,77548.01,1777154721000
1777154723.298,23.298,0.55,0.57,0.42,0.45,0.02,0.03,77548.8,1777154722000
1777154723.974,23.974,0.56,0.58,0.42,0.44,0.02,0.02,77554.28,1777154723000
1777154724.371,24.371,0.57,0.58,0.42,0.43,0.01,0.01,77554.28,1777154723000
1777154724.791,24.791,0.57,0.58,0.42,0.43,0.01,0.01,77554.28,1777154723000
1777154725.188,25.188,0.57,0.59,0.41,0.43,0.02,0.02,77554.27,1777154724000
1777154725.819,25.819,0.58,0.59,0.41,0.43,0.01,0.02,77554.27,1777154724000
1777154726.449,26.449,0.58,0.59,0.41,0.42,0.01,0.01,77554.31,1777154725000
1777154727.111,27.111,0.58,0.59,0.41,0.42,0.01,0.01,77555.46,1777154726000
1777154727.513,27.513,0.58,0.59,0.41,0.42,0.01,0.01,77555.46,1777154726000
1777154727.882,27.882,0.58,0.59,0.4,0.42,0.01,0.02,77555.46,1777154726000
1777154728.266,28.266,0.58,0.6,0.4,0.42,0.02,0.02,77555.34,1777154727000
1777154728.604,28.604,0.59,0.6,0.4,0.41,0.01,0.01,77555.34,1777154727000
1777154728.942,28.942,0.59,0.62,0.38,0.41,0.03,0.03,77555.34,1777154727000
1777154729.289,29.289,0.61,0.66,0.36,0.39,0.05,0.03,77555.68,1777154728000
1777154729.702,29.702,0.62,0.67,0.33,0.39,0.05,0.06,77555.68,1777154728000
1777154730.119,30.119,0.65,0.66,0.34,0.35,0.01,0.01,77555.68,1777154728000
1777154730.458,30.458,0.64,0.65,0.35,0.36,0.01,0.01,77564.31,1777154729000
1777154730.793,30.793,0.64,0.65,0.35,0.36,0.01,0.01,77564.31,1777154729000
1777154731.135,31.135,0.64,0.65,0.35,0.36,0.01,0.01,77566.58,1777154730000
1777154731.542,31.542,0.64,0.65,0.35,0.36,0.01,0.01,77566.58,1777154730000
1777154731.936,31.936,0.64,0.65,0.35,0.36,0.01,0.01,77566.58,1777154730000
1777154732.592,32.592,0.64,0.65,0.35,0.36,0.01,0.01,77565.78,1777154731000
1777154733.047,33.047,0.67,0.68,0.32,0.33,0.01,0.01,77565.78,1777154731000
1777154733.399,33.399,0.67,0.68,0.32,0.33,0.01,0.01,77565.93,1777154732000
1777154733.894,33.894,0.67,0.68,0.32,0.33,0.01,0.01,77565.93,1777154732000
1777154734.568,34.568,0.67,0.68,0.32,0.33,0.01,0.01,77566.64,1777154733000
1777154734.913,34.913,0.67,0.7,0.3,0.33,0.03,0.03,77566.64,1777154733000
1777154735.377,35.377,0.69,0.7,0.3,0.31,0.01,0.01,77567.12,1777154734000
1777154735.728,35.728,0.69,0.7,0.3,0.31,0.01,0.01,77567.12,1777154734000
1777154736.133,36.133,0.69,0.7,0.3,0.31,0.01,0.01,77567.62,1777154735000
1777154736.682,36.682,0.7,0.71,0.29,0.31,0.01,0.02,77567.62,1777154735000
1777154737.036,37.036,0.7,0.71,0.29,0.3,0.01,0.01,77567.62,1777154735000
1777154737.405,37.405,0.7,0.71,0.29,0.3,0.01,0.01,77567.62,1777154735000
1777154737.782,37.782,0.71,0.72,0.28,0.29,0.01,0.01,77567.62,1777154735000
1777154738.284,38.284,0.71,0.72,0.28,0.29,0.01,0.01,77570.69,1777154736000
1777154738.922,38.922,0.71,0.72,0.28,0.29,0.01,0.01,77568.82,1777154737000
1777154739.723,39.723,0.71,0.72,0.28,0.29,0.01,0.01,77569.11,1777154738000
1777154740.065,40.065,0.71,0.72,0.28,0.29,0.01,0.01,77569.11,1777154738000
1777154740.442,40.442,0.71,0.72,0.28,0.29,0.01,0.01,77571.0,1777154739000
1777154741.323,41.323,0.71,0.72,0.28,0.29,0.01,0.01,77571.0,1777154740000
1777154741.674,41.674,0.71,0.72,0.28,0.29,0.01,0.01,77571.0,1777154740000
1777154742.011,42.011,0.71,0.72,0.28,0.29,0.01,0.01,77571.0,1777154740000
1777154742.584,42.584,0.71,0.72,0.28,0.29,0.01,0.01,77571.0,1777154741000
1777154742.932,42.932,0.71,0.72,0.28,0.29,0.01,0.01,77571.0,1777154741000
1777154743.332,43.332,0.68,0.69,0.3,0.32,0.01,0.02,77571.0,1777154741000
1777154743.711,43.711,0.68,0.69,0.31,0.32,0.01,0.01,77569.59,1777154742000
1777154744.078,44.078,0.65,0.67,0.33,0.34,0.02,0.01,77569.59,1777154743000
1777154744.454,44.454,0.66,0.67,0.33,0.34,0.01,0.01,77569.59,1777154743000
1777154744.87,44.87,0.67,0.68,0.32,0.33,0.01,0.01,77569.59,1777154743000
1777154745.272,45.272,0.68,0.71,0.31,0.32,0.03,0.01,77569.45,1777154744000
1777154745.666,45.666,0.7,0.71,0.27,0.3,0.01,0.03,77569.45,1777154744000
1777154746.303,46.303,0.7,0.71,0.29,0.3,0.01,0.01,77569.54,1777154745000
1777154746.647,46.647,0.7,0.72,0.29,0.3,0.02,0.01,77569.54,1777154745000
1777154747.062,47.062,0.7,0.72,0.28,0.3,0.02,0.02,77569.54,1777154745000
1777154747.528,47.528,0.71,0.72,0.28,0.3,0.01,0.02,77569.54,1777154745000
1777154747.97,47.97,0.71,0.72,0.28,0.29,0.01,0.01,77571.22,1777154746000
1777154748.327,48.327,0.71,0.72,0.28,0.29,0.01,0.01,77571.22,1777154747000
1777154748.799,48.799,0.71,0.72,0.28,0.29,0.01,0.01,77571.22,1777154747000
1777154749.152,49.152,0.71,0.72,0.28,0.29,0.01,0.01,77571.22,1777154747000
1777154749.626,49.626,0.71,0.72,0.28,0.29,0.01,0.01,77571.16,1777154748000
1777154749.96,49.96,0.69,0.7,0.3,0.35,0.01,0.05,77571.16,1777154748000
1777154750.297,50.297,0.65,0.68,0.32,0.33,0.03,0.01,77571.22,1777154749000
1777154750.637,50.637,0.65,0.66,0.34,0.35,0.01,0.01,77571.22,1777154749000
1777154750.999,50.999,0.58,0.62,0.38,0.42,0.04,0.04,77571.22,1777154749000
1777154751.387,51.387,0.57,0.58,0.42,0.43,0.01,0.01,77569.24,1777154750000
1777154751.807,51.807,0.57,0.59,0.42,0.43,0.02,0.01,77569.24,1777154750000
1777154752.237,52.237,0.58,0.59,0.41,0.42,0.01,0.01,77571.22,1777154751000
1777154752.59,52.59,0.57,0.58,0.42,0.43,0.01,0.01,77571.22,1777154751000
1777154752.972,52.972,0.57,0.58,0.42,0.43,0.01,0.01,77571.22,1777154751000
1777154753.322,53.322,0.54,0.56,0.44,0.45,0.02,0.01,77571.21,1777154752000
1777154754.03,54.03,0.54,0.55,0.45,0.46,0.01,0.01,77571.21,1777154752000
1777154754.364,54.364,0.54,0.55,0.45,0.46,0.01,0.01,77570.5,1777154753000
1777154754.75,54.75,0.54,0.55,0.45,0.46,0.01,0.01,77570.5,1777154753000
1777154755.134,55.134,0.54,0.55,0.45,0.46,0.01,0.01,77570.5,1777154753000
1777154755.555,55.555,0.55,0.56,0.44,0.45,0.01,0.01,77569.56,1777154754000
1777154755.899,55.899,0.55,0.56,0.44,0.45,0.01,0.01,77569.56,1777154754000
1777154756.258,56.258,0.55,0.56,0.44,0.45,0.01,0.01,77569.37,1777154755000
1777154756.611,56.611,0.54,0.56,0.44,0.45,0.02,0.01,77569.37,1777154755000
1777154757.035,57.035,0.54,0.55,0.45,0.46,0.01,0.01,77569.46,1777154756000
1777154757.377,57.377,0.53,0.54,0.45,0.6,0.01,0.15,77569.46,1777154756000
1777154757.753,57.753,0.51,0.54,0.46,0.48,0.03,0.02,77569.46,1777154756000
1777154758.16,58.16,0.5,0.51,0.48,0.5,0.01,0.02,77569.46,1777154757000
1777154758.504,58.504,0.48,0.49,0.51,0.52,0.01,0.01,77569.46,1777154757000
1777154758.888,58.888,0.46,0.47,0.53,0.54,0.01,0.01,77569.47,1777154758000
1777154759.273,59.273,0.46,0.47,0.53,0.54,0.01,0.01,77569.47,1777154758000
1777154759.719,59.719,0.5,0.51,0.49,0.5,0.01,0.01,77569.47,1777154758000
1777154760.111,60.111,0.5,0.51,0.49,0.5,0.01,0.01,77569.47,1777154758000
1777154760.531,60.531,0.5,0.51,0.49,0.5,0.01,0.01,77569.47,1777154758000
1777154760.927,60.927,0.5,0.51,0.49,0.5,0.01,0.01,77569.47,1777154759000
1777154761.276,61.276,0.5,0.52,0.48,0.5,0.02,0.02,77569.48,1777154760000
1777154761.64,61.64,0.52,0.54,0.46,0.48,0.02,0.02,77569.48,1777154760000
1777154761.982,61.982,0.51,0.54,0.48,0.49,0.03,0.01,77569.48,1777154760000
1777154762.338,62.338,0.51,0.52,0.48,0.49,0.01,0.01,77569.48,1777154760000
1777154762.672,62.672,0.51,0.52,0.48,0.49,0.01,0.01,77569.59,1777154761000
1777154763.052,63.052,0.51,0.52,0.48,0.49,0.01,0.01,77569.59,1777154761000
1777154763.394,63.394,0.47,0.52,0.48,0.52,0.05,0.04,77569.59,1777154761000
1777154763.779,63.779,0.41,0.44,0.53,0.59,0.03,0.06,77569.8,1777154762000
1777154764.155,64.155,0.42,0.43,0.57,0.6,0.01,0.03,77569.71,1777154763000
1777154764.505,64.505,0.42,0.43,0.57,0.58,0.01,0.01,77569.71,1777154763000
1777154764.873,64.873,0.41,0.43,0.57,0.58,0.02,0.01,77569.71,1777154763000
1777154765.218,65.218,0.41,0.42,0.58,0.6,0.01,0.02,77562.97,1777154764000
1777154765.56,65.56,0.42,0.43,0.57,0.58,0.01,0.01,77562.97,1777154764000
1777154766.0,66.0,0.42,0.43,0.57,0.58,0.01,0.01,77562.97,1777154764000
1777154766.691,66.691,0.42,0.43,0.57,0.58,0.01,0.01,77560.25,1777154765000
1777154767.052,67.052,0.41,0.42,0.58,0.59,0.01,0.01,77560.25,1777154765000
1777154767.53,67.53,0.41,0.42,0.58,0.59,0.01,0.01,77559.44,1777154766000
1777154767.872,67.872,0.41,0.42,0.58,0.59,0.01,0.01,77559.44,1777154766000
1777154768.21,68.21,0.39,0.4,0.6,0.61,0.01,0.01,77559.44,1777154766000
1777154768.608,68.608,0.38,0.39,0.6,0.62,0.01,0.02,77559.32,1777154767000
1777154768.998,68.998,0.38,0.39,0.61,0.62,0.01,0.01,77559.32,1777154767000
1777154769.407,69.407,0.38,0.39,0.61,0.62,0.01,0.01,77560.43,1777154768000
1777154769.882,69.882,0.38,0.39,0.61,0.62,0.01,0.01,77560.43,1777154768000
1777154770.293,70.293,0.38,0.39,0.61,0.62,0.01,0.01,77560.43,1777154768000
1777154770.632,70.632,0.38,0.39,0.61,0.62,0.01,0.01,77560.43,1777154769000
1777154771.052,71.052,0.38,0.39,0.61,0.62,0.01,0.01,77560.43,1777154769000
1777154771.537,71.537,0.38,0.39,0.61,0.62,0.01,0.01,77560.03,1777154770000
1777154772.065,72.065,0.38,0.39,0.61,0.62,0.01,0.01,77560.03,1777154770000
1777154772.591,72.591,0.38,0.39,0.61,0.62,0.01,0.01,77559.57,1777154771000
1777154772.973,72.973,0.38,0.39,0.61,0.62,0.01,0.01,77559.57,1777154772000
1777154773.323,73.323,0.38,0.39,0.61,0.62,0.01,0.01,77559.57,1777154772000
1777154773.735,73.735,0.38,0.39,0.61,0.62,0.01,0.01,77559.57,1777154772000
1777154774.084,74.084,0.43,0.44,0.56,0.57,0.01,0.01,77559.57,1777154772000
1777154774.531,74.531,0.43,0.44,0.56,0.57,0.01,0.01,77559.57,1777154772000
1777154775.039,75.039,0.43,0.44,0.56,0.57,0.01,0.01,77559.68,1777154773000
1777154775.432,75.432,0.43,0.44,0.56,0.57,0.01,0.01,77559.68,1777154773000
1777154775.863,75.863,0.43,0.44,0.56,0.57,0.01,0.01,77559.66,1777154774000
1777154776.213,76.213,0.43,0.44,0.56,0.57,0.01,0.01,77559.66,1777154775000
1777154776.584,76.584,0.43,0.44,0.56,0.57,0.01,0.01,77559.66,1777154775000
1777154776.922,76.922,0.43,0.44,0.56,0.57,0.01,0.01,77559.66,1777154775000
1777154777.266,77.266,0.43,0.44,0.56,0.57,0.01,0.01,77559.66,1777154775000
1777154777.599,77.599,0.43,0.44,0.56,0.57,0.01,0.01,77561.6,1777154776000
1777154778.01,78.01,0.44,0.49,0.51,0.56,0.05,0.05,77561.6,1777154776000
1777154778.417,78.417,0.47,0.48,0.52,0.53,0.01,0.01,77561.6,1777154777000
1777154778.817,78.817,0.46,0.47,0.53,0.54,0.01,0.01,77561.6,1777154777000
1777154779.344,79.344,0.46,0.47,0.53,0.54,0.01,0.01,77561.72,1777154778000
1777154779.78,79.78,0.46,0.47,0.53,0.54,0.01,0.01,77561.72,1777154778000
1777154780.115,80.115,0.46,0.47,0.53,0.54,0.01,0.01,77561.72,1777154778000
1777154780.747,80.747,0.46,0.47,0.53,0.54,0.01,0.01,77561.72,1777154779000
1777154781.21,81.21,0.46,0.47,0.53,0.54,0.01,0.01,77560.28,1777154780000
1777154781.59,81.59,0.46,0.47,0.53,0.54,0.01,0.01,77560.28,1777154780000
1777154781.938,81.938,0.46,0.48,0.52,0.54,0.02,0.02,77560.28,1777154780000
1777154782.444,82.444,0.47,0.48,0.52,0.53,0.01,0.01,77559.9,1777154781000
1777154782.889,82.889,0.49,0.5,0.5,0.53,0.01,0.03,77559.9,1777154781000
1777154783.432,83.432,0.49,0.5,0.5,0.51,0.01,0.01,77559.9,1777154782000
1777154784.063,84.063,0.49,0.5,0.5,0.51,0.01,0.01,77559.9,1777154782000
1777154784.398,84.398,0.49,0.5,0.5,0.51,0.01,0.01,77560.24,1777154783000
1777154784.769,84.769,0.49,0.5,0.5,0.51,0.01,0.01,77560.24,1777154783000
1777154785.137,85.137,0.49,0.5,0.5,0.51,0.01,0.01,77560.24,1777154783000
1777154785.642,85.642,0.49,0.5,0.5,0.51,0.01,0.01,77560.24,1777154783000
1777154786.166,86.166,0.49,0.5,0.5,0.51,0.01,0.01,77560.27,1777154784000
1777154786.505,86.505,0.49,0.5,0.5,0.51,0.01,0.01,77560.3,1777154785000
1777154786.938,86.938,0.48,0.49,0.51,0.52,0.01,0.01,77560.3,1777154785000
1777154787.302,87.302,0.5,0.51,0.49,0.52,0.01,0.03,77560.3,1777154785000
1777154787.648,87.648,0.5,0.51,0.49,0.5,0.01,0.01,77559.96,1777154786000
1777154788.011,88.011,0.5,0.51,0.49,0.5,0.01,0.01,77559.96,1777154787000
1777154788.824,88.824,0.51,0.52,0.48,0.5,0.01,0.02,77559.96,1777154787000
1777154789.196,89.196,0.51,0.52,0.48,0.49,0.01,0.01,77559.97,1777154788000
1777154789.65,89.65,0.51,0.52,0.48,0.49,0.01,0.01,77559.97,1777154788000
1777154790.034,90.034,0.51,0.52,0.48,0.49,0.01,0.01,77559.97,1777154788000
1777154790.564,90.564,0.51,0.52,0.48,0.49,0.01,0.01,77559.97,1777154788000
1777154791.08,91.08,0.53,0.54,0.47,0.48,0.01,0.01,77559.97,1777154788000
1777154791.701,91.701,0.53,0.54,0.46,0.47,0.01,0.01,77559.97,1777154788000
1777154792.125,92.125,0.54,0.55,0.45,0.47,0.01,0.02,77559.97,1777154788000
1777154792.467,92.467,0.54,0.55,0.45,0.46,0.01,0.01,77560.44,1777154791000
1777154792.886,92.886,0.54,0.56,0.45,0.46,0.02,0.01,77560.44,1777154791000
1777154793.327,93.327,0.55,0.56,0.44,0.45,0.01,0.01,77560.44,1777154791000
1777154793.772,93.772,0.54,0.56,0.44,0.46,0.02,0.02,77560.44,1777154791000
1777154794.126,94.126,0.54,0.55,0.45,0.47,0.01,0.02,77560.39,1777154792000
1777154794.607,94.607,0.54,0.55,0.45,0.46,0.01,0.01,77560.39,1777154793000
1777154795.106,95.106,0.54,0.55,0.45,0.46,0.01,0.01,77560.39,1777154793000
1777154795.54,95.54,0.54,0.55,0.45,0.46,0.01,0.01,77559.55,1777154794000
1777154795.965,95.965,0.54,0.55,0.45,0.46,0.01,0.01,77559.55,1777154794000
1777154796.361,96.361,0.54,0.56,0.45,0.46,0.02,0.01,77559.53,1777154795000
1777154796.853,96.853,0.55,0.56,0.44,0.46,0.01,0.02,77559.53,1777154795000
1777154797.292,97.292,0.55,0.57,0.43,0.45,0.02,0.02,77559.53,1777154795000
1777154797.66,97.66,0.56,0.57,0.43,0.44,0.01,0.01,77560.52,1777154796000
1777154798.016,98.016,0.56,0.57,0.43,0.44,0.01,0.01,77560.52,1777154796000
1777154798.424,98.424,0.56,0.59,0.41,0.44,0.03,0.03,77560.52,1777154796000
1777154798.869,98.869,0.58,0.59,0.41,0.42,0.01,0.01,77560.76,1777154797000
1777154799.411,99.411,0.58,0.59,0.41,0.42,0.01,0.01,77560.76,1777154798000
1777154800.032,100.032,0.57,0.58,0.42,0.43,0.01,0.01,77560.76,1777154798000
1777154800.695,100.695,0.57,0.58,0.42,0.43,0.01,0.01,77559.4,1777154799000
1777154801.153,101.153,0.57,0.58,0.42,0.43,0.01,0.01,77559.4,1777154799000
1777154801.521,101.521,0.56,0.57,0.42,0.43,0.01,0.01,77560.84,1777154800000
1777154801.959,101.959,0.56,0.57,0.43,0.44,0.01,0.01,77560.84,1777154800000
1777154802.431,102.431,0.56,0.57,0.43,0.44,0.01,0.01,77560.84,1777154800000
1777154802.995,102.995,0.56,0.57,0.43,0.44,0.01,0.01,77560.66,1777154802000
1777154803.341,103.341,0.56,0.57,0.43,0.44,0.01,0.01,77560.66,1777154802000
1777154804.092,104.092,0.57,0.58,0.42,0.43,0.01,0.01,77560.66,1777154802000
1777154804.588,104.588,0.54,0.55,0.42,0.43,0.01,0.01,77559.96,1777154803000
1777154804.961,104.961,0.54,0.55,0.45,0.46,0.01,0.01,77559.96,1777154803000
1777154805.407,105.407,0.54,0.55,0.45,0.46,0.01,0.01,77560.78,1777154804000
1777154805.843,105.843,0.54,0.55,0.45,0.46,0.01,0.01,77560.78,1777154804000
1777154806.408,106.408,0.52,0.53,0.46,0.47,0.01,0.01,77560.78,1777154805000
1777154807.034,107.034,0.51,0.52,0.46,0.48,0.01,0.02,77560.78,1777154805000
1777154807.557,107.557,0.51,0.52,0.48,0.49,0.01,0.01,77560.7,1777154806000
1777154807.893,107.893,0.44,0.46,0.49,0.56,0.02,0.07,77560.7,1777154806000
1777154808.375,108.375,0.36,0.43,0.57,0.64,0.07,0.07,77560.58,1777154807000
1777154808.713,108.713,0.42,0.43,0.57,0.58,0.01,0.01,77560.58,1777154807000
1777154809.075,109.075,0.48,0.49,0.51,0.52,0.01,0.01,77555.7,1777154808000
1777154809.43,109.43,0.51,0.53,0.48,0.49,0.02,0.01,77555.7,1777154808000
1777154809.769,109.769,0.51,0.52,0.48,0.49,0.01,0.01,77555.7,1777154808000
1777154810.189,110.189,0.51,0.52,0.48,0.49,0.01,0.01,77549.35,1777154809000
1777154811.203,111.203,0.51,0.52,0.48,0.49,0.01,0.01,77549.35,1777154809000
1777154811.644,111.644,0.51,0.52,0.48,0.49,0.01,0.01,77551.79,1777154810000
1777154812.309,112.309,0.51,0.52,0.48,0.49,0.01,0.01,77551.79,1777154810000
1777154812.728,112.728,0.51,0.52,0.48,0.49,0.01,0.01,77552.63,1777154811000
1777154813.064,113.064,0.51,0.52,0.48,0.49,0.01,0.01,77552.57,1777154812000
1777154813.69,113.69,0.51,0.52,0.48,0.49,0.01,0.01,77552.57,1777154812000
1777154814.525,114.525,0.5,0.52,0.48,0.49,0.02,0.01,77552.7,1777154813000
1777154814.909,114.909,0.5,0.51,0.49,0.5,0.01,0.01,77552.7,1777154813000
1777154815.483,115.483,0.51,0.52,0.48,0.49,0.01,0.01,77552.74,1777154814000
1777154815.852,115.852,0.51,0.52,0.48,0.49,0.01,0.01,77552.73,1777154815000
1777154816.26,116.26,0.52,0.53,0.47,0.48,0.01,0.01,77552.73,1777154815000
1777154816.789,116.789,0.52,0.53,0.47,0.48,0.01,0.01,77552.73,1777154815000
1777154817.547,117.547,0.52,0.53,0.47,0.48,0.01,0.01,77552.71,1777154816000
1777154818.286,118.286,0.38,0.53,0.47,0.62,0.15,0.15,77552.77,1777154817000
1777154818.62,118.62,0.45,0.46,0.54,0.55,0.01,0.01,77552.77,1777154817000
1777154819.008,119.008,0.44,0.45,0.54,0.56,0.01,0.02,77552.77,1777154817000
1777154819.511,119.511,0.43,0.44,0.56,0.57,0.01,0.01,77552.73,1777154818000
1777154819.932,119.932,0.42,0.43,0.57,0.58,0.01,0.01,77552.73,1777154818000
1777154820.323,120.323,0.42,0.43,0.57,0.58,0.01,0.01,77552.73,1777154818000
1777154820.845,120.845,0.39,0.41,0.57,0.58,0.02,0.01,77552.73,1777154818000
1777154821.214,121.214,0.37,0.4,0.6,0.63,0.03,0.03,77552.83,1777154819000
1777154821.565,121.565,0.37,0.38,0.62,0.63,0.01,0.01,77552.83,1777154819000
1777154821.918,121.918,0.39,0.4,0.6,0.61,0.01,0.01,77552.84,1777154820000
1777154822.253,122.253,0.39,0.4,0.6,0.61,0.01,0.01,77552.87,1777154821000
1777154822.595,122.595,0.4,0.41,0.59,0.6,0.01,0.01,77552.87,1777154821000
1777154823.036,123.036,0.39,0.4,0.59,0.6,0.01,0.01,77552.87,1777154821000
1777154823.512,123.512,0.39,0.4,0.6,0.61,0.01,0.01,77552.75,1777154822000
1777154823.918,123.918,0.37,0.39,0.6,0.61,0.02,0.01,77552.75,1777154822000
1777154824.308,124.308,0.37,0.38,0.61,0.62,0.01,0.01,77552.74,1777154823000
1777154824.682,124.682,0.37,0.38,0.62,0.63,0.01,0.01,77552.74,1777154823000
1777154825.131,125.131,0.35,0.36,0.62,0.63,0.01,0.01,77552.72,1777154824000
1777154825.557,125.557,0.33,0.39,0.66,0.67,0.06,0.01,77552.72,1777154824000
1777154825.991,125.991,0.37,0.38,0.62,0.63,0.01,0.01,77552.72,1777154824000
1777154826.416,126.416,0.38,0.41,0.61,0.62,0.03,0.01,77552.7,1777154825000
1777154826.766,126.766,0.36,0.42,0.58,0.59,0.06,0.01,77552.7,1777154825000
1777154827.106,127.106,0.41,0.42,0.58,0.59,0.01,0.01,77552.7,1777154825000
1777154827.528,127.528,0.36,0.37,0.61,0.65,0.01,0.04,77552.7,1777154826000
1777154827.946,127.946,0.36,0.37,0.63,0.64,0.01,0.01,77552.73,1777154827000
1777154828.305,128.305,0.36,0.37,0.63,0.64,0.01,0.01,77552.73,1777154827000
1777154828.721,128.721,0.37,0.38,0.62,0.64,0.01,0.02,77552.73,1777154827000
1777154829.315,129.315,0.38,0.4,0.6,0.61,0.02,0.01,77552.72,1777154828000
1777154829.723,129.723,0.4,0.41,0.55,0.63,0.01,0.08,77552.72,1777154828000
1777154830.082,130.082,0.43,0.44,0.56,0.57,0.01,0.01,77552.72,1777154828000
1777154830.49,130.49,0.45,0.46,0.54,0.55,0.01,0.01,77552.72,1777154829000
1777154830.943,130.943,0.45,0.46,0.54,0.55,0.01,0.01,77552.72,1777154829000
1777154831.412,131.412,0.45,0.46,0.54,0.55,0.01,0.01,77552.72,1777154830000
1777154831.921,131.921,0.46,0.57,0.43,0.54,0.11,0.11,77553.64,1777154831000
1777154832.386,132.386,0.4,0.53,0.47,0.49,0.13,0.02,77553.64,1777154831000
1777154832.798,132.798,0.5,0.51,0.49,0.5,0.01,0.01,77553.64,1777154831000
1777154833.131,133.131,0.49,0.51,0.49,0.51,0.02,0.02,77553.77,1777154832000
1777154833.52,133.52,0.49,0.5,0.5,0.51,0.01,0.01,77553.77,1777154832000
1777154833.899,133.899,0.42,0.5,0.5,0.58,0.08,0.08,77553.77,1777154832000
1777154834.279,134.279,0.44,0.46,0.54,0.56,0.02,0.02,77553.74,1777154833000
1777154834.773,134.773,0.44,0.45,0.55,0.56,0.01,0.01,77553.74,1777154833000
1777154835.135,135.135,0.41,0.42,0.55,0.6,0.01,0.05,77553.74,1777154833000
1777154835.559,135.559,0.41,0.43,0.58,0.59,0.02,0.01,77553.74,1777154833000
1777154835.99,135.99,0.43,0.44,0.56,0.57,0.01,0.01,77553.72,1777154834000
1777154836.33,136.33,0.41,0.42,0.58,0.59,0.01,0.01,77553.72,1777154834000
1777154836.874,136.874,0.44,0.45,0.55,0.56,0.01,0.01,77553.72,1777154834000
1777154837.243,137.243,0.44,0.45,0.55,0.56,0.01,0.01,77553.75,1777154835000
1777154837.63,137.63,0.47,0.48,0.52,0.56,0.01,0.04,77553.69,1777154836000
1777154838.051,138.051,0.47,0.48,0.52,0.53,0.01,0.01,77553.69,1777154837000
1777154838.438,138.438,0.47,0.48,0.52,0.53,0.01,0.01,77553.69,1777154837000
1777154838.777,138.777,0.45,0.46,0.54,0.55,0.01,0.01,77553.69,1777154837000
1777154839.242,139.242,0.45,0.46,0.54,0.55,0.01,0.01,77553.72,1777154838000
1777154839.7,139.7,0.44,0.46,0.54,0.55,0.02,0.01,77553.72,1777154838000
1777154840.045,140.045,0.44,0.53,0.55,0.56,0.09,0.01,77553.72,1777154839000
1777154840.447,140.447,0.46,0.52,0.48,0.54,0.06,0.06,77553.72,1777154839000
1777154840.888,140.888,0.49,0.5,0.48,0.54,0.01,0.06,77553.72,1777154839000
1777154841.677,141.677,0.49,0.5,0.5,0.51,0.01,0.01,77553.73,1777154840000
1777154842.011,142.011,0.44,0.48,0.51,0.55,0.04,0.04,77553.73,1777154841000
1777154842.607,142.607,0.44,0.47,0.52,0.56,0.03,0.04,77553.73,1777154841000
1777154843.062,143.062,0.43,0.47,0.53,0.57,0.04,0.04,77553.73,1777154841000
1777154843.404,143.404,0.44,0.46,0.55,0.56,0.02,0.01,77551.67,1777154842000
1777154843.781,143.781,0.44,0.45,0.55,0.56,0.01,0.01,77551.67,1777154842000
1777154844.116,144.116,0.44,0.45,0.55,0.56,0.01,0.01,77550.39,1777154843000
1777154844.72,144.72,0.4,0.46,0.54,0.55,0.06,0.01,77550.39,1777154843000
1777154845.066,145.066,0.4,0.41,0.59,0.6,0.01,0.01,77550.21,1777154844000
1777154845.441,145.441,0.4,0.41,0.59,0.6,0.01,0.01,77550.21,1777154844000
1777154845.776,145.776,0.55,0.56,0.43,0.45,0.01,0.02,77550.21,1777154844000
1777154846.219,146.219,0.6,0.63,0.37,0.4,0.03,0.03,77550.21,1777154844000
1777154846.561,146.561,0.6,0.63,0.37,0.38,0.03,0.01,77549.98,1777154845000
1777154846.956,146.956,0.62,0.63,0.37,0.39,0.01,0.02,77549.98,1777154845000
1777154847.291,147.291,0.62,0.63,0.37,0.38,0.01,0.01,77547.78,1777154846000
1777154847.695,147.695,0.62,0.63,0.37,0.38,0.01,0.01,77547.78,1777154846000
1777154848.035,148.035,0.62,0.63,0.37,0.38,0.01,0.01,77547.78,1777154846000
1777154848.39,148.39,0.62,0.63,0.37,0.38,0.01,0.01,77559.21,1777154847000
1777154849.027,149.027,0.6,0.61,0.37,0.41,0.01,0.04,77559.21,1777154847000
1777154849.361,149.361,0.62,0.63,0.37,0.38,0.01,0.01,77557.85,1777154848000
1777154849.725,149.725,0.62,0.63,0.37,0.38,0.01,0.01,77557.85,1777154848000
1777154850.227,150.227,0.61,0.62,0.37,0.39,0.01,0.02,77557.85,1777154848000
1777154850.562,150.562,0.61,0.64,0.36,0.39,0.03,0.03,77559.1,1777154849000
1777154851.095,151.095,0.63,0.64,0.36,0.37,0.01,0.01,77559.1,1777154849000
1777154851.454,151.454,0.62,0.63,0.36,0.38,0.01,0.02,77559.26,1777154850000
1777154851.802,151.802,0.61,0.62,0.38,0.39,0.01,0.01,77559.26,1777154850000
1777154852.16,152.16,0.61,0.62,0.38,0.39,0.01,0.01,77559.26,1777154850000
1777154852.659,152.659,0.6,0.62,0.39,0.41,0.02,0.02,77559.48,1777154851000
1777154853.012,153.012,0.61,0.63,0.37,0.39,0.02,0.02,77559.61,1777154852000
1777154853.36,153.36,0.54,0.56,0.4,0.48,0.02,0.08,77559.61,1777154852000
1777154853.732,153.732,0.53,0.54,0.44,0.48,0.01,0.04,77559.61,1777154852000
1777154854.241,154.241,0.53,0.54,0.46,0.47,0.01,0.01,77559.53,1777154853000
1777154854.598,154.598,0.53,0.55,0.45,0.47,0.02,0.02,77559.53,1777154853000
1777154854.961,154.961,0.54,0.56,0.45,0.46,0.02,0.01,77559.53,1777154853000
1777154855.297,155.297,0.54,0.56,0.44,0.46,0.02,0.02,77559.53,1777154853000
1777154855.929,155.929,0.54,0.56,0.44,0.46,0.02,0.02,77559.53,1777154855000
1777154856.344,156.344,0.54,0.55,0.44,0.46,0.01,0.02,77559.53,1777154855000
1777154856.763,156.763,0.54,0.55,0.45,0.46,0.01,0.01,77559.53,1777154855000
1777154857.103,157.103,0.47,0.55,0.45,0.51,0.08,0.06,77559.53,1777154855000
1777154857.568,157.568,0.43,0.48,0.52,0.57,0.05,0.05,77558.46,1777154856000
1777154857.905,157.905,0.43,0.45,0.55,0.56,0.02,0.01,77558.46,1777154856000
1777154858.243,158.243,0.43,0.44,0.56,0.57,0.01,0.01,77558.46,1777154856000
1777154858.685,158.685,0.43,0.44,0.56,0.57,0.01,0.01,77551.13,1777154857000
1777154859.041,159.041,0.42,0.43,0.57,0.58,0.01,0.01,77551.13,1777154857000
1777154859.445,159.445,0.39,0.4,0.6,0.61,0.01,0.01,77549.03,1777154858000
1777154859.835,159.835,0.39,0.4,0.6,0.61,0.01,0.01,77549.03,1777154858000
1777154860.364,160.364,0.38,0.39,0.61,0.62,0.01,0.01,77547.19,1777154859000
1777154860.728,160.728,0.37,0.38,0.62,0.63,0.01,0.01,77547.19,1777154859000
1777154861.147,161.147,0.37,0.38,0.62,0.63,0.01,0.01,77545.82,1777154860000
1777154861.724,161.724,0.37,0.39,0.62,0.63,0.02,0.01,77545.82,1777154860000
1777154862.078,162.078,0.38,0.39,0.61,0.62,0.01,0.01,77545.82,1777154860000
1777154862.61,162.61,0.38,0.39,0.61,0.62,0.01,0.01,77544.28,1777154861000
1777154862.96,162.96,0.38,0.4,0.61,0.62,0.02,0.01,77544.28,1777154861000
1777154863.474,163.474,0.39,0.4,0.6,0.61,0.01,0.01,77544.26,1777154862000
1777154863.838,163.838,0.39,0.42,0.6,0.61,0.03,0.01,77544.26,1777154862000
1777154864.281,164.281,0.41,0.42,0.58,0.59,0.01,0.01,77543.58,1777154863000
1777154864.65,164.65,0.4,0.41,0.58,0.6,0.01,0.02,77543.58,1777154863000
1777154865.048,165.048,0.4,0.41,0.59,0.6,0.01,0.01,77543.58,1777154863000
1777154865.431,165.431,0.39,0.4,0.6,0.61,0.01,0.01,77543.58,1777154863000
1777154865.77,165.77,0.38,0.39,0.61,0.62,0.01,0.01,77543.58,1777154863000
1777154866.274,166.274,0.38,0.39,0.61,0.62,0.01,0.01,77543.55,1777154865000
1777154866.651,166.651,0.38,0.39,0.61,0.62,0.01,0.01,77543.55,1777154865000
1777154867.0,167.0,0.38,0.39,0.61,0.62,0.01,0.01,77543.55,1777154865000
1777154867.546,167.546,0.39,0.4,0.61,0.62,0.01,0.01,77543.55,1777154865000
1777154867.881,167.881,0.39,0.4,0.6,0.61,0.01,0.01,77543.55,1777154865000
1777154868.459,168.459,0.39,0.4,0.6,0.61,0.01,0.01,77543.53,1777154866000
1777154868.792,168.792,0.39,0.4,0.6,0.61,0.01,0.01,77543.53,1777154866000
1777154869.261,169.261,0.37,0.38,0.6,0.63,0.01,0.03,77543.51,1777154867000
1777154869.62,169.62,0.37,0.38,0.62,0.63,0.01,0.01,77543.49,1777154868000
1777154870.263,170.263,0.37,0.38,0.62,0.63,0.01,0.01,77543.49,1777154869000
1777154870.641,170.641,0.39,0.4,0.6,0.63,0.01,0.03,77543.49,1777154869000
1777154871.139,171.139,0.4,0.41,0.59,0.6,0.01,0.01,77543.49,1777154869000
1777154871.499,171.499,0.41,0.42,0.58,0.59,0.01,0.01,77543.49,1777154869000
1777154871.926,171.926,0.41,0.42,0.58,0.59,0.01,0.01,77543.49,1777154869000
1777154872.292,172.292,0.41,0.42,0.58,0.59,0.01,0.01,77543.49,1777154870000
1777154872.661,172.661,0.41,0.42,0.58,0.59,0.01,0.01,77543.49,1777154870000
1777154873.043,173.043,0.39,0.4,0.6,0.61,0.01,0.01,77543.4,1777154871000
1777154873.428,173.428,0.39,0.4,0.6,0.61,0.01,0.01,77543.5,1777154872000
1777154873.77,173.77,0.39,0.4,0.6,0.61,0.01,0.01,77543.5,1777154872000
1777154874.126,174.126,0.39,0.4,0.6,0.61,0.01,0.01,77543.5,1777154872000
1777154874.566,174.566,0.38,0.39,0.61,0.62,0.01,0.01,77543.51,1777154873000
1777154875.089,175.089,0.38,0.39,0.61,0.62,0.01,0.01,77543.51,1777154873000
1777154875.524,175.524,0.38,0.39,0.61,0.62,0.01,0.01,77543.52,1777154874000
1777154875.958,175.958,0.38,0.39,0.61,0.62,0.01,0.01,77543.52,1777154874000
1777154876.313,176.313,0.38,0.39,0.61,0.62,0.01,0.01,77543.52,1777154874000
1777154876.7,176.7,0.38,0.39,0.61,0.62,0.01,0.01,77543.41,1777154875000
1777154877.12,177.12,0.38,0.39,0.61,0.62,0.01,0.01,77543.41,1777154875000
1777154877.732,177.732,0.4,0.43,0.57,0.6,0.03,0.03,77543.43,1777154876000
1777154878.211,178.211,0.42,0.43,0.57,0.58,0.01,0.01,77543.43,1777154876000
1777154878.931,178.931,0.41,0.42,0.57,0.59,0.01,0.02,77543.51,1777154877000
1777154879.327,179.327,0.39,0.42,0.58,0.61,0.03,0.03,77543.5,1777154878000
1777154879.668,179.668,0.39,0.4,0.6,0.61,0.01,0.01,77543.5,1777154878000
1777154880.064,180.064,0.39,0.4,0.6,0.61,0.01,0.01,77543.5,1777154878000
1777154880.426,180.426,0.39,0.4,0.6,0.61,0.01,0.01,77543.5,1777154878000
1777154880.76,180.76,0.39,0.4,0.6,0.61,0.01,0.01,77543.38,1777154879000
1777154881.185,181.185,0.38,0.39,0.61,0.62,0.01,0.01,77543.38,1777154879000
1777154881.658,181.658,0.39,0.4,0.6,0.61,0.01,0.01,77543.38,1777154879000
1777154881.995,181.995,0.39,0.4,0.6,0.61,0.01,0.01,77543.17,1777154880000
1777154882.352,182.352,0.39,0.4,0.6,0.61,0.01,0.01,77543.38,1777154881000
1777154882.704,182.704,0.39,0.4,0.6,0.61,0.01,0.01,77543.38,1777154881000
1777154883.119,183.119,0.38,0.39,0.61,0.62,0.01,0.01,77543.38,1777154881000
1777154883.463,183.463,0.39,0.4,0.6,0.61,0.01,0.01,77543.38,1777154881000
1777154883.83,183.83,0.36,0.38,0.6,0.61,0.02,0.01,77543.18,1777154882000
1777154884.165,184.165,0.35,0.36,0.64,0.65,0.01,0.01,77543.18,1777154882000
1777154884.508,184.508,0.35,0.36,0.64,0.65,0.01,0.01,77543.06,1777154883000
1777154884.959,184.959,0.35,0.36,0.64,0.65,0.01,0.01,77543.06,1777154883000
1777154885.343,185.343,0.35,0.36,0.64,0.65,0.01,0.01,77543.06,1777154883000
1777154885.683,185.683,0.35,0.36,0.64,0.65,0.01,0.01,77540.51,1777154884000
1777154886.017,186.017,0.35,0.36,0.64,0.65,0.01,0.01,77540.51,1777154884000
1777154886.356,186.356,0.35,0.36,0.64,0.65,0.01,0.01,77537.62,1777154885000
1777154886.697,186.697,0.35,0.36,0.64,0.65,0.01,0.01,77537.62,1777154885000
1777154887.08,187.08,0.35,0.36,0.64,0.65,0.01,0.01,77537.62,1777154885000
1777154887.438,187.438,0.35,0.36,0.64,0.65,0.01,0.01,77537.26,1777154886000
1777154887.776,187.776,0.35,0.37,0.64,0.65,0.02,0.01,77537.26,1777154886000
1777154888.125,188.125,0.36,0.37,0.63,0.64,0.01,0.01,77537.26,1777154886000
1777154888.482,188.482,0.36,0.37,0.63,0.64,0.01,0.01,77536.78,1777154887000
1777154888.869,188.869,0.36,0.37,0.63,0.64,0.01,0.01,77536.78,1777154887000
1777154889.207,189.207,0.36,0.37,0.63,0.64,0.01,0.01,77536.78,1777154887000
1777154889.542,189.542,0.36,0.37,0.63,0.64,0.01,0.01,77538.1,1777154888000
1777154889.876,189.876,0.36,0.37,0.63,0.64,0.01,0.01,77538.1,1777154888000
1777154890.236,190.236,0.36,0.37,0.63,0.64,0.01,0.01,77538.1,1777154888000
1777154890.575,190.575,0.36,0.37,0.63,0.64,0.01,0.01,77536.7,1777154889000
1777154890.94,190.94,0.36,0.37,0.63,0.64,0.01,0.01,77536.7,1777154889000
1777154891.279,191.279,0.36,0.37,0.63,0.64,0.01,0.01,77537.77,1777154890000
1777154891.629,191.629,0.36,0.37,0.63,0.64,0.01,0.01,77537.77,1777154890000
1777154891.975,191.975,0.36,0.37,0.63,0.64,0.01,0.01,77537.77,1777154890000
1777154892.318,192.318,0.36,0.37,0.63,0.64,0.01,0.01,77536.54,1777154891000
1777154892.697,192.697,0.36,0.37,0.63,0.64,0.01,0.01,77536.54,1777154891000
1777154893.136,193.136,0.35,0.36,0.64,0.65,0.01,0.01,77536.54,1777154891000
1777154893.489,193.489,0.35,0.36,0.64,0.65,0.01,0.01,77535.99,1777154892000
1777154894.008,194.008,0.35,0.36,0.64,0.65,0.01,0.01,77535.99,1777154892000
1777154894.378,194.378,0.35,0.36,0.64,0.65,0.01,0.01,77536.6,1777154893000
1777154894.738,194.738,0.35,0.36,0.64,0.65,0.01,0.01,77536.6,1777154893000
1777154895.125,195.125,0.35,0.36,0.64,0.65,0.01,0.01,77536.6,1777154893000
1777154895.551,195.551,0.35,0.37,0.63,0.65,0.02,0.02,77535.59,1777154894000
1777154895.899,195.899,0.36,0.37,0.63,0.64,0.01,0.01,77535.74,1777154895000
1777154896.27,196.27,0.38,0.39,0.61,0.63,0.01,0.02,77535.74,1777154895000
1777154896.606,196.606,0.39,0.4,0.6,0.61,0.01,0.01,77535.74,1777154895000
1777154896.941,196.941,0.39,0.4,0.6,0.61,0.01,0.01,77535.74,1777154895000
1777154897.327,197.327,0.39,0.4,0.6,0.61,0.01,0.01,77537.07,1777154896000
1777154897.666,197.666,0.37,0.38,0.61,0.63,0.01,0.02,77537.07,1777154896000
1777154898.013,198.013,0.36,0.37,0.62,0.64,0.01,0.02,77537.07,1777154896000
1777154898.35,198.35,0.37,0.38,0.62,0.63,0.01,0.01,77537.07,1777154897000
1777154898.688,198.688,0.38,0.39,0.61,0.62,0.01,0.01,77537.07,1777154897000
1777154899.045,199.045,0.37,0.38,0.62,0.63,0.01,0.01,77537.07,1777154897000
1777154899.379,199.379,0.37,0.38,0.62,0.63,0.01,0.01,77537.07,1777154897000
1777154899.725,199.725,0.37,0.38,0.62,0.63,0.01,0.01,77537.07,1777154897000
1777154900.117,200.117,0.36,0.37,0.63,0.64,0.01,0.01,77537,1777154898000
1777154900.469,200.469,0.37,0.38,0.62,0.63,0.01,0.01,77536.91,1777154899000
1777154900.882,200.882,0.36,0.37,0.63,0.64,0.01,0.01,77536.91,1777154899000
1777154901.246,201.246,0.36,0.37,0.63,0.64,0.01,0.01,77536.91,1777154900000
1777154901.602,201.602,0.34,0.35,0.65,0.66,0.01,0.01,77536.91,1777154900000
1777154901.956,201.956,0.34,0.35,0.65,0.66,0.01,0.01,77536.91,1777154900000
1777154902.311,202.311,0.34,0.35,0.65,0.66,0.01,0.01,77536.46,1777154901000
1777154902.861,202.861,0.34,0.35,0.65,0.66,0.01,0.01,77536.46,1777154901000
1777154903.35,203.35,0.33,0.35,0.65,0.67,0.02,0.02,77536.15,1777154902000
1777154903.753,203.753,0.36,0.37,0.63,0.66,0.01,0.03,77536.15,1777154902000
1777154904.089,204.089,0.36,0.37,0.63,0.64,0.01,0.01,77534.67,1777154903000
1777154904.481,204.481,0.38,0.39,0.61,0.62,0.01,0.01,77534.67,1777154903000
1777154904.995,204.995,0.38,0.39,0.61,0.62,0.01,0.01,77534.67,1777154903000
1777154905.329,205.329,0.38,0.39,0.61,0.62,0.01,0.01,77537.15,1777154904000
1777154905.707,205.707,0.38,0.39,0.61,0.62,0.01,0.01,77537.15,1777154904000
1777154906.126,206.126,0.38,0.42,0.61,0.62,0.04,0.01,77537.15,1777154904000
1777154906.462,206.462,0.4,0.41,0.59,0.6,0.01,0.01,77537.15,1777154904000
1777154906.857,206.857,0.4,0.41,0.59,0.6,0.01,0.01,77537.15,1777154905000
1777154907.251,207.251,0.44,0.45,0.55,0.56,0.01,0.01,77537.15,1777154906000
1777154907.606,207.606,0.44,0.45,0.55,0.56,0.01,0.01,77537.15,1777154906000
1777154907.969,207.969,0.45,0.46,0.54,0.55,0.01,0.01,77537.15,1777154906000
1777154908.458,208.458,0.41,0.42,0.56,0.59,0.01,0.03,77537.17,1777154907000
1777154909.096,209.096,0.41,0.42,0.58,0.59,0.01,0.01,77537.17,1777154907000
1777154909.443,209.443,0.4,0.41,0.58,0.59,0.01,0.01,77537.16,1777154908000
1777154909.794,209.794,0.38,0.39,0.61,0.62,0.01,0.01,77537.16,1777154908000
1777154910.147,210.147,0.38,0.39,0.61,0.62,0.01,0.01,77537.16,1777154909000
1777154910.5,210.5,0.37,0.38,0.62,0.63,0.01,0.01,77537.16,1777154909000
1777154910.943,210.943,0.36,0.37,0.62,0.64,0.01,0.02,77537.16,1777154909000
1777154911.294,211.294,0.36,0.37,0.63,0.64,0.01,0.01,77537.16,1777154909000
1777154911.649,211.649,0.36,0.37,0.63,0.64,0.01,0.01,77537.16,1777154910000
1777154912.002,212.002,0.36,0.38,0.63,0.64,0.02,0.01,77537.16,1777154910000
1777154912.367,212.367,0.36,0.37,0.62,0.64,0.01,0.02,77537.16,1777154911000
1777154912.763,212.763,0.36,0.37,0.63,0.64,0.01,0.01,77537.16,1777154911000
1777154913.169,213.169,0.36,0.37,0.63,0.64,0.01,0.01,77535.58,1777154912000
1777154913.583,213.583,0.37,0.38,0.62,0.63,0.01,0.01,77535.58,1777154912000
1777154914.148,214.148,0.37,0.38,0.62,0.63,0.01,0.01,77535.58,1777154913000
1777154914.602,214.602,0.38,0.39,0.61,0.62,0.01,0.01,77535.58,1777154913000
1777154914.95,214.95,0.38,0.39,0.61,0.62,0.01,0.01,77535.79,1777154914000
1777154915.318,215.318,0.37,0.38,0.62,0.63,0.01,0.01,77535.79,1777154914000
1777154915.68,215.68,0.37,0.38,0.62,0.63,0.01,0.01,77535.79,1777154914000
1777154916.151,216.151,0.37,0.38,0.62,0.63,0.01,0.01,77535.79,1777154915000
1777154916.805,216.805,0.37,0.38,0.62,0.63,0.01,0.01,77535.79,1777154915000
1777154917.142,217.142,0.37,0.38,0.62,0.63,0.01,0.01,77535.79,1777154916000
1777154917.511,217.511,0.36,0.37,0.63,0.64,0.01,0.01,77535.79,1777154916000
1777154917.864,217.864,0.36,0.37,0.63,0.64,0.01,0.01,77535.79,1777154916000
1777154918.209,218.209,0.34,0.35,0.63,0.65,0.01,0.02,77536.46,1777154917000
1777154918.567,218.567,0.34,0.35,0.65,0.66,0.01,0.01,77536.46,1777154917000
1777154919.039,219.039,0.34,0.35,0.65,0.66,0.01,0.01,77536.46,1777154917000
1777154919.472,219.472,0.34,0.35,0.65,0.66,0.01,0.01,77535.79,1777154918000
1777154919.834,219.834,0.34,0.35,0.65,0.66,0.01,0.01,77535.51,1777154919000
1777154920.2,220.2,0.34,0.35,0.65,0.66,0.01,0.01,77535.51,1777154919000
1777154920.76,220.76,0.32,0.33,0.66,0.67,0.01,0.01,77535.51,1777154919000
1777154921.128,221.128,0.32,0.33,0.67,0.68,0.01,0.01,77535.22,1777154920000
1777154921.819,221.819,0.32,0.33,0.67,0.68,0.01,0.01,77535.22,1777154920000
1777154922.241,222.241,0.3,0.32,0.68,0.69,0.02,0.01,77535.22,1777154921000
1777154923.009,223.009,0.3,0.31,0.64,0.7,0.01,0.06,77535.22,1777154921000
1777154923.372,223.372,0.34,0.35,0.65,0.66,0.01,0.01,77535.2,1777154922000
1777154923.706,223.706,0.38,0.39,0.61,0.62,0.01,0.01,77535.2,1777154922000
1777154924.05,224.05,0.37,0.39,0.61,0.62,0.02,0.01,77535.2,1777154922000
1777154924.516,224.516,0.31,0.32,0.67,0.68,0.01,0.01,77535.2,1777154923000
1777154924.886,224.886,0.3,0.31,0.69,0.7,0.01,0.01,77535.2,1777154923000
1777154925.241,225.241,0.33,0.34,0.66,0.67,0.01,0.01,77535.5,1777154924000
1777154925.741,225.741,0.33,0.34,0.66,0.67,0.01,0.01,77535.5,1777154924000
1777154926.114,226.114,0.35,0.36,0.64,0.65,0.01,0.01,77535.05,1777154925000
1777154926.71,226.71,0.35,0.36,0.64,0.65,0.01,0.01,77535.05,1777154925000
1777154927.366,227.366,0.36,0.37,0.63,0.64,0.01,0.01,77535.05,1777154925000
1777154927.764,227.764,0.38,0.39,0.6,0.64,0.01,0.04,77535.05,1777154925000
1777154928.205,228.205,0.4,0.42,0.59,0.61,0.02,0.02,77535.05,1777154925000
1777154928.706,228.706,0.43,0.44,0.56,0.57,0.01,0.01,77534.71,1777154926000
1777154929.062,229.062,0.43,0.44,0.56,0.57,0.01,0.01,77534.71,1777154926000
1777154929.678,229.678,0.43,0.44,0.56,0.57,0.01,0.01,77534.22,1777154928000
1777154930.097,230.097,0.41,0.42,0.57,0.59,0.01,0.02,77534.22,1777154928000
1777154930.481,230.481,0.4,0.42,0.58,0.59,0.02,0.01,77534.22,1777154928000
1777154930.827,230.827,0.39,0.4,0.58,0.6,0.01,0.02,77534.22,1777154928000
1777154931.367,231.367,0.4,0.41,0.59,0.6,0.01,0.01,77533.36,1777154929000
1777154931.826,231.826,0.36,0.38,0.61,0.64,0.02,0.03,77533.36,1777154929000
1777154932.229,232.229,0.34,0.35,0.65,0.66,0.01,0.01,77532.12,1777154930000
1777154932.784,232.784,0.34,0.35,0.65,0.66,0.01,0.01,77532.77,1777154931000
1777154933.193,233.193,0.34,0.35,0.65,0.66,0.01,0.01,77532.77,1777154931000
1777154933.612,233.612,0.34,0.35,0.65,0.66,0.01,0.01,77532.77,1777154931000
1777154934.218,234.218,0.34,0.35,0.65,0.66,0.01,0.01,77531.45,1777154932000
1777154934.564,234.564,0.28,0.35,0.65,0.66,0.07,0.01,77531.45,1777154932000
1777154934.962,234.962,0.34,0.35,0.65,0.72,0.01,0.07,77531.45,1777154933000
1777154935.533,235.533,0.31,0.32,0.68,0.69,0.01,0.01,77530.64,1777154934000
1777154935.92,235.92,0.28,0.29,0.71,0.72,0.01,0.01,77530.64,1777154934000
1777154936.321,236.321,0.28,0.3,0.71,0.72,0.02,0.01,77530.64,1777154934000
1777154936.696,236.696,0.29,0.3,0.7,0.71,0.01,0.01,77532.05,1777154935000
1777154937.085,237.085,0.29,0.3,0.7,0.71,0.01,0.01,77532.05,1777154935000
1777154937.425,237.425,0.31,0.42,0.68,0.69,0.11,0.01,77530.72,1777154936000
1777154937.77,237.77,0.4,0.41,0.59,0.6,0.01,0.01,77530.72,1777154936000
1777154938.168,238.168,0.43,0.44,0.56,0.57,0.01,0.01,77530.72,1777154936000
1777154938.555,238.555,0.43,0.44,0.56,0.57,0.01,0.01,77530.78,1777154937000
1777154938.98,238.98,0.43,0.45,0.56,0.57,0.02,0.01,77530.78,1777154937000
1777154939.319,239.319,0.44,0.45,0.55,0.56,0.01,0.01,77530.78,1777154938000
1777154939.756,239.756,0.44,0.45,0.55,0.56,0.01,0.01,77530.78,1777154938000
1777154940.174,240.174,0.37,0.38,0.62,0.63,0.01,0.01,77530.78,1777154938000
1777154940.512,240.512,0.37,0.38,0.62,0.63,0.01,0.01,77530.78,1777154938000
1777154940.853,240.853,0.37,0.38,0.62,0.63,0.01,0.01,77530.7,1777154939000
1777154941.188,241.188,0.48,0.5,0.5,0.52,0.02,0.02,77530.64,1777154940000
1777154941.526,241.526,0.49,0.5,0.5,0.51,0.01,0.01,77530.64,1777154940000
1777154941.901,241.901,0.55,0.57,0.44,0.45,0.02,0.01,77530.64,1777154940000
1777154942.431,242.431,0.56,0.57,0.43,0.44,0.01,0.01,77530.64,1777154940000
1777154942.786,242.786,0.56,0.58,0.42,0.43,0.02,0.01,77530.64,1777154940000
1777154943.56,243.56,0.57,0.58,0.42,0.43,0.01,0.01,77531.23,1777154941000
1777154943.893,243.893,0.56,0.57,0.43,0.44,0.01,0.01,77538,1777154942000
1777154944.335,244.335,0.56,0.57,0.43,0.44,0.01,0.01,77540.52,1777154943000
1777154944.678,244.678,0.58,0.59,0.41,0.42,0.01,0.01,77540.52,1777154943000
1777154945.093,245.093,0.57,0.58,0.44,0.45,0.01,0.01,77540.52,1777154943000
1777154945.501,245.501,0.57,0.58,0.42,0.43,0.01,0.01,77540.52,1777154943000
1777154945.94,245.94,0.59,0.6,0.4,0.43,0.01,0.03,77543.08,1777154944000
1777154946.314,246.314,0.59,0.62,0.4,0.41,0.03,0.01,77543.08,1777154944000
1777154946.858,246.858,0.52,0.53,0.42,0.46,0.01,0.04,77543.08,1777154945000
1777154947.238,247.238,0.52,0.53,0.47,0.48,0.01,0.01,77543.08,1777154945000
1777154947.601,247.601,0.51,0.54,0.43,0.5,0.03,0.07,77543.08,1777154946000
1777154948.019,248.019,0.52,0.53,0.47,0.48,0.01,0.01,77543.08,1777154946000
1777154948.754,248.754,0.52,0.53,0.47,0.48,0.01,0.01,77543.08,1777154946000
1777154949.094,249.094,0.56,0.58,0.47,0.48,0.02,0.01,77543.08,1777154947000
1777154949.432,249.432,0.56,0.57,0.43,0.44,0.01,0.01,77543.08,1777154947000
1777154949.901,249.901,0.56,0.57,0.43,0.44,0.01,0.01,77543.08,1777154948000
1777154950.287,250.287,0.56,0.57,0.43,0.44,0.01,0.01,77543.08,1777154948000
1777154950.627,250.627,0.56,0.57,0.43,0.44,0.01,0.01,77541.59,1777154949000
1777154951.144,251.144,0.56,0.57,0.43,0.44,0.01,0.01,77543.08,1777154950000
1777154951.554,251.554,0.57,0.58,0.42,0.43,0.01,0.01,77543.08,1777154950000
1777154951.965,251.965,0.57,0.58,0.42,0.43,0.01,0.01,77543.08,1777154950000
1777154952.333,252.333,0.6,0.61,0.37,0.43,0.01,0.06,77543.08,1777154950000
1777154952.683,252.683,0.54,0.58,0.42,0.46,0.04,0.04,77543.08,1777154951000
1777154953.076,253.076,0.53,0.54,0.46,0.47,0.01,0.01,77543.08,1777154951000
1777154953.437,253.437,0.48,0.5,0.5,0.52,0.02,0.02,77543.05,1777154952000
1777154953.786,253.786,0.46,0.47,0.53,0.54,0.01,0.01,77543.05,1777154952000
1777154954.122,254.122,0.51,0.52,0.48,0.49,0.01,0.01,77543.05,1777154952000
1777154954.584,254.584,0.47,0.48,0.48,0.56,0.01,0.08,77541.6,1777154953000
1777154955.079,255.079,0.46,0.52,0.53,0.54,0.06,0.01,77541.6,1777154953000
1777154955.454,255.454,0.47,0.63,0.52,0.53,0.16,0.01,77541.6,1777154953000
1777154955.909,255.909,0.47,0.62,0.38,0.53,0.15,0.15,77543.03,1777154954000
1777154956.649,256.649,0.47,0.62,0.38,0.53,0.15,0.15,77543.03,1777154955000
1777154957.323,257.323,0.47,0.62,0.38,0.53,0.15,0.15,77543.02,1777154956000
1777154957.742,257.742,0.49,0.55,0.38,0.53,0.06,0.15,77543.02,1777154956000
1777154958.1,258.1,0.45,0.5,0.5,0.54,0.05,0.04,77543.02,1777154956000
1777154958.472,258.472,0.49,0.5,0.5,0.51,0.01,0.01,77543.02,1777154956000
1777154958.809,258.809,0.38,0.39,0.61,0.62,0.01,0.01,77543.02,1777154957000
1777154959.244,259.244,0.37,0.38,0.62,0.63,0.01,0.01,77543.02,1777154957000
1777154959.642,259.642,0.37,0.38,0.62,0.63,0.01,0.01,77541.15,1777154958000
1777154960.089,260.089,0.37,0.38,0.61,0.63,0.01,0.02,77541.15,1777154958000
1777154960.622,260.622,0.37,0.38,0.61,0.63,0.01,0.02,77541.93,1777154959000
1777154961.263,261.263,0.39,0.4,0.43,0.62,0.01,0.19,77541.93,1777154959000
1777154961.637,261.637,0.39,0.4,0.6,0.61,0.01,0.01,77539.7,1777154960000
1777154962.002,262.002,0.55,0.56,0.43,0.45,0.01,0.02,77539.7,1777154960000
1777154962.402,262.402,0.55,0.56,0.44,0.45,0.01,0.01,77539.7,1777154961000
1777154962.937,262.937,0.55,0.56,0.44,0.45,0.01,0.01,77539.7,1777154961000
1777154963.485,263.485,0.55,0.56,0.44,0.45,0.01,0.01,77539.64,1777154962000
1777154963.861,263.861,0.4,0.41,0.44,0.65,0.01,0.21,77539.64,1777154962000
1777154964.315,264.315,0.4,0.41,0.59,0.6,0.01,0.01,77539.64,1777154962000
1777154964.696,264.696,0.4,0.41,0.59,0.6,0.01,0.01,77539.58,1777154963000
1777154965.19,265.19,0.4,0.41,0.59,0.6,0.01,0.01,77539.52,1777154964000
1777154965.578,265.578,0.43,0.44,0.56,0.57,0.01,0.01,77539.52,1777154964000
1777154965.969,265.969,0.43,0.44,0.56,0.57,0.01,0.01,77539.52,1777154964000
1777154966.339,266.339,0.46,0.47,0.51,0.57,0.01,0.06,77539.52,1777154964000
1777154966.712,266.712,0.45,0.46,0.54,0.55,0.01,0.01,77539.1,1777154965000
1777154967.55,267.55,0.45,0.46,0.54,0.55,0.01,0.01,77539.1,1777154965000
1777154967.889,267.889,0.44,0.46,0.54,0.55,0.02,0.01,77539.1,1777154965000
1777154968.395,268.395,0.44,0.45,0.55,0.56,0.01,0.01,77539.54,1777154966000
1777154969.013,269.013,0.44,0.45,0.55,0.56,0.01,0.01,77539.47,1777154967000
1777154969.451,269.451,0.45,0.46,0.52,0.53,0.01,0.01,77539.57,1777154968000
1777154969.842,269.842,0.45,0.46,0.54,0.55,0.01,0.01,77539.57,1777154968000
1777154970.182,270.182,0.45,0.46,0.54,0.55,0.01,0.01,77539.57,1777154968000
1777154970.533,270.533,0.45,0.46,0.54,0.55,0.01,0.01,77539.6,1777154969000
1777154970.983,270.983,0.45,0.46,0.54,0.55,0.01,0.01,77539.6,1777154969000
1777154971.345,271.345,0.45,0.46,0.54,0.55,0.01,0.01,77539.6,1777154970000
1777154971.685,271.685,0.47,0.48,0.51,0.52,0.01,0.01,77539.6,1777154970000
1777154972.219,272.219,0.47,0.48,0.52,0.53,0.01,0.01,77539.6,1777154970000
1777154972.666,272.666,0.46,0.47,0.52,0.53,0.01,0.01,77539.49,1777154971000
1777154973.154,273.154,0.46,0.6,0.53,0.54,0.14,0.01,77539.49,1777154971000
1777154973.788,273.788,0.5,0.51,0.49,0.5,0.01,0.01,77539.62,1777154972000
1777154974.287,274.287,0.5,0.51,0.49,0.5,0.01,0.01,77539.63,1777154973000
1777154974.783,274.783,0.49,0.5,0.49,0.5,0.01,0.01,77539.63,1777154973000
1777154975.477,275.477,0.48,0.49,0.5,0.51,0.01,0.01,77539.63,1777154973000
1777154975.869,275.869,0.48,0.49,0.51,0.52,0.01,0.01,77539.63,1777154974000
1777154976.218,276.218,0.46,0.47,0.51,0.53,0.01,0.02,77539.48,1777154975000
1777154976.649,276.649,0.45,0.46,0.54,0.55,0.01,0.01,77539.48,1777154975000
1777154977.274,277.274,0.45,0.46,0.54,0.55,0.01,0.01,77539.57,1777154976000
1777154977.61,277.61,0.45,0.46,0.54,0.55,0.01,0.01,77539.57,1777154976000
1777154977.971,277.971,0.41,0.42,0.58,0.59,0.01,0.01,77539.57,1777154976000
1777154978.366,278.366,0.41,0.42,0.58,0.59,0.01,0.01,77539.64,1777154977000
1777154978.805,278.805,0.41,0.42,0.58,0.59,0.01,0.01,77539.64,1777154977000
1777154979.27,279.27,0.41,0.42,0.58,0.59,0.01,0.01,77539.03,1777154978000
1777154979.695,279.695,0.39,0.4,0.58,0.59,0.01,0.01,77539.03,1777154978000
1777154980.044,280.044,0.39,0.4,0.6,0.61,0.01,0.01,77538.92,1777154979000
1777154980.64,280.64,0.4,0.41,0.6,0.61,0.01,0.01,77538.92,1777154979000
1777154980.976,280.976,0.4,0.41,0.59,0.6,0.01,0.01,77538.92,1777154979000
1777154981.516,281.516,0.4,0.41,0.59,0.6,0.01,0.01,77538.92,1777154980000
1777154981.903,281.903,0.39,0.4,0.59,0.6,0.01,0.01,77538.92,1777154980000
1777154982.465,282.465,0.38,0.4,0.6,0.62,0.02,0.02,77539,1777154981000
1777154982.883,282.883,0.36,0.37,0.63,0.64,0.01,0.01,77539,1777154981000
1777154983.547,283.547,0.36,0.38,0.63,0.64,0.02,0.01,77539,1777154982000
1777154983.88,283.88,0.31,0.36,0.62,0.7,0.05,0.08,77539,1777154982000
1777154984.6,284.6,0.31,0.32,0.68,0.69,0.01,0.01,77538.99,1777154983000
1777154984.98,284.98,0.28,0.29,0.68,0.73,0.01,0.05,77538.99,1777154983000
1777154985.342,285.342,0.27,0.28,0.71,0.73,0.01,0.02,77538.99,1777154983000
1777154985.72,285.72,0.3,0.35,0.69,0.7,0.05,0.01,77538.99,1777154984000
1777154986.104,286.104,0.3,0.31,0.69,0.7,0.01,0.01,77538.99,1777154984000
1777154986.456,286.456,0.3,0.31,0.69,0.7,0.01,0.01,77539.02,1777154985000
1777154986.929,286.929,0.29,0.3,0.7,0.71,0.01,0.01,77539.02,1777154985000
1777154987.621,287.621,0.29,0.3,0.7,0.71,0.01,0.01,77538.98,1777154986000
1777154988.138,288.138,0.28,0.29,0.7,0.72,0.01,0.02,77538.98,1777154986000
1777154988.526,288.526,0.28,0.29,0.71,0.72,0.01,0.01,77538.88,1777154987000
1777154988.912,288.912,0.27,0.7,0.72,0.73,0.43,0.01,77538.88,1777154987000
1777154989.267,289.267,0.27,0.28,0.72,0.73,0.01,0.01,77538.88,1777154988000
1777154989.642,289.642,0.31,0.4,0.32,0.73,0.09,0.41,77538.88,1777154988000
1777154989.988,289.988,0.37,0.38,0.62,0.63,0.01,0.01,77538.88,1777154988000
1777154990.331,290.331,0.37,0.38,0.62,0.63,0.01,0.01,77538.8,1777154989000
1777154990.712,290.712,0.44,0.46,0.51,0.58,0.02,0.07,77538.8,1777154989000
1777154991.056,291.056,0.55,0.73,0.15,0.54,0.18,0.39,77538.8,1777154989000
1777154991.414,291.414,0.6,0.61,0.39,0.4,0.01,0.01,77538.73,1777154990000
1777154991.807,291.807,0.69,0.72,0.27,0.36,0.03,0.09,77538.73,1777154990000
1777154992.199,292.199,0.77,0.78,0.2,0.23,0.01,0.03,77538.73,1777154990000
1777154992.611,292.611,0.82,0.83,0.15,0.23,0.01,0.08,77538.71,1777154991000
1777154992.97,292.97,0.83,0.84,0.16,0.17,0.01,0.01,77538.71,1777154991000
1777154993.34,293.34,0.85,0.86,0.14,0.15,0.01,0.01,77538.71,1777154992000
1777154993.719,293.719,0.85,0.89,0.18,0.31,0.04,0.13,77538.71,1777154992000
1777154994.071,294.071,0.86,0.87,0.13,0.18,0.01,0.05,77538.71,1777154992000
1777154994.426,294.426,0.27,0.75,0.24,0.79,0.48,0.55,77538.47,1777154993000
1777154994.791,294.791,0.37,0.38,0.62,0.63,0.01,0.01,77538.47,1777154993000
1777154995.129,295.129,0.34,0.35,0.65,0.66,0.01,0.01,77538.47,1777154993000
1777154995.474,295.474,0.33,0.34,0.66,0.67,0.01,0.01,77538.52,1777154994000
1777154995.809,295.809,0.84,0.86,0.14,0.16,0.02,0.02,77538.52,1777154994000
1777154996.143,296.143,0.85,0.86,0.14,0.15,0.01,0.01,77538.52,1777154994000
1777154996.478,296.478,0.89,0.9,0.1,0.11,0.01,0.01,77538.52,1777154994000
1777154996.817,296.817,0.86,0.9,0.1,0.14,0.04,0.04,77538.42,1777154995000
1777154997.156,297.156,0.89,0.9,0.1,0.11,0.01,0.01,77538.42,1777154995000
1777154997.544,297.544,0.88,0.89,0.11,0.12,0.01,0.01,77538.42,1777154995000
1777154997.9,297.9,0.89,0.9,0.1,0.11,0.01,0.01,77544.84,1777154996000
1777154998.235,298.235,0.89,0.9,0.1,0.11,0.01,0.01,77544.84,1777154996000
1777154998.612,298.612,0.91,0.92,0.08,0.1,0.01,0.02,77552.7,1777154997000
1777154998.946,298.946,0.92,0.93,0.07,0.08,0.01,0.01,77552.7,1777154997000
1777154999.287,299.287,0.94,0.99,0.05,0.06,0.05,0.01,77554.51,1777154998000
1777154999.621,299.621,0.99,0.99,0.01,0.01,0.0,0.0,77554.51,1777154998000
1777154999.994,299.994,0.99,0.99,0.01,0.01,0.0,0.0,77554.51,1777154998000
1777155000.349,300.349,0.99,0.99,0.01,0.01,0.0,0.0,77555.05,1777154999000
1777155000.714,300.714,0.99,0.99,0.01,0.01,0.0,0.0,77555.05,1777154999000
1777155001.256,301.256,0.99,0.99,0.01,0.01,0.0,0.0,77555.04,1777155000000
1777155002.377,302.377,0.99,0.99,0.01,0.01,0.0,0.0,77550.42,1777155001000

# RESULT,winner=Up,slug=btc-updown-5m-1777154700,ticks=705
