timestamp,elapsed_sec,up_bid,up_ask,down_bid,down_ask,up_spread,down_spread,btc_price,btc_oracle_ts
1776554400.524,0.524,0.52,0.53,0.47,0.48,0.01,0.01,75843.12,1776554399000
1776554400.864,0.864,0.52,0.53,0.47,0.48,0.01,0.01,75843.12,1776554399000
1776554401.255,1.255,0.52,0.53,0.47,0.48,0.01,0.01,75843.12,1776554399000
1776554401.689,1.689,0.52,0.53,0.47,0.48,0.01,0.01,75842.71,1776554400000
1776554402.366,2.366,0.52,0.53,0.47,0.48,0.01,0.01,75842.71,1776554401000
1776554403.121,3.121,0.52,0.53,0.47,0.48,0.01,0.01,75842.71,1776554401000
1776554403.729,3.729,0.52,0.53,0.47,0.48,0.01,0.01,75843.21,1776554402000
1776554404.135,4.135,0.52,0.53,0.47,0.48,0.01,0.01,75843.21,1776554402000
1776554404.825,4.825,0.52,0.53,0.47,0.48,0.01,0.01,75843.19,1776554403000
1776554405.253,5.253,0.52,0.53,0.47,0.48,0.01,0.01,75843.19,1776554404000
1776554405.611,5.611,0.52,0.53,0.47,0.48,0.01,0.01,75843.19,1776554404000
1776554406.004,6.004,0.51,0.52,0.48,0.49,0.01,0.01,75843.19,1776554404000
1776554406.406,6.406,0.51,0.52,0.48,0.49,0.01,0.01,75843.07,1776554405000
1776554406.787,6.787,0.51,0.52,0.48,0.49,0.01,0.01,75843.07,1776554405000
1776554407.134,7.134,0.51,0.52,0.48,0.49,0.01,0.01,75843.07,1776554405000
1776554407.545,7.545,0.51,0.52,0.48,0.49,0.01,0.01,75843.07,1776554406000
1776554407.959,7.959,0.51,0.52,0.48,0.49,0.01,0.01,75843.07,1776554406000
1776554408.364,8.364,0.51,0.52,0.48,0.49,0.01,0.01,75843.07,1776554407000
1776554408.779,8.779,0.51,0.52,0.48,0.49,0.01,0.01,75843.07,1776554407000
1776554409.327,9.327,0.51,0.52,0.48,0.49,0.01,0.01,75843.08,1776554408000
1776554409.786,9.786,0.5,0.51,0.49,0.5,0.01,0.01,75843.08,1776554408000
1776554410.148,10.148,0.5,0.51,0.49,0.5,0.01,0.01,75842.94,1776554409000
1776554410.525,10.525,0.5,0.51,0.49,0.5,0.01,0.01,75842.94,1776554409000
1776554411.042,11.042,0.5,0.51,0.49,0.5,0.01,0.01,75842.94,1776554409000
1776554411.599,11.599,0.5,0.51,0.49,0.5,0.01,0.01,75842.94,1776554410000
1776554412.015,12.015,0.5,0.51,0.49,0.5,0.01,0.01,75842.94,1776554410000
1776554412.449,12.449,0.5,0.51,0.49,0.5,0.01,0.01,75842.93,1776554411000
1776554412.953,12.953,0.48,0.49,0.51,0.52,0.01,0.01,75842.93,1776554411000
1776554413.336,13.336,0.48,0.49,0.51,0.52,0.01,0.01,75842.93,1776554411000
1776554413.722,13.722,0.48,0.49,0.51,0.52,0.01,0.01,75842.61,1776554412000
1776554414.3,14.3,0.49,0.5,0.51,0.52,0.01,0.01,75842.61,1776554412000
1776554414.802,14.802,0.48,0.5,0.5,0.51,0.02,0.01,75842.61,1776554413000
1776554415.241,15.241,0.49,0.5,0.51,0.52,0.01,0.01,75841.85,1776554414000
1776554415.687,15.687,0.49,0.5,0.5,0.51,0.01,0.01,75841.85,1776554414000
1776554416.3,16.3,0.49,0.5,0.5,0.51,0.01,0.01,75841.67,1776554415000
1776554417.088,17.088,0.48,0.5,0.5,0.51,0.02,0.01,75841.67,1776554415000
1776554417.551,17.551,0.48,0.5,0.5,0.52,0.02,0.02,75841.68,1776554416000
1776554417.907,17.907,0.48,0.49,0.51,0.52,0.01,0.01,75841.68,1776554416000
1776554418.345,18.345,0.48,0.49,0.51,0.52,0.01,0.01,75841.68,1776554417000
1776554418.858,18.858,0.48,0.49,0.51,0.52,0.01,0.01,75841.68,1776554417000
1776554419.366,19.366,0.48,0.49,0.51,0.52,0.01,0.01,75841.68,1776554418000
1776554419.772,19.772,0.48,0.49,0.51,0.52,0.01,0.01,75841.68,1776554418000
1776554420.179,20.179,0.48,0.49,0.51,0.52,0.01,0.01,75841.68,1776554418000
1776554420.558,20.558,0.48,0.49,0.51,0.52,0.01,0.01,75841.68,1776554418000
1776554421.105,21.105,0.48,0.49,0.51,0.52,0.01,0.01,75841.68,1776554419000
1776554421.663,21.663,0.48,0.49,0.51,0.52,0.01,0.01,75841.69,1776554420000
1776554422.2,22.2,0.48,0.49,0.51,0.52,0.01,0.01,75841.69,1776554420000
1776554422.561,22.561,0.48,0.49,0.51,0.52,0.01,0.01,75841.61,1776554421000
1776554423.372,23.372,0.48,0.49,0.51,0.52,0.01,0.01,75841.61,1776554421000
1776554423.903,23.903,0.48,0.49,0.51,0.52,0.01,0.01,75841.61,1776554423000
1776554424.255,24.255,0.48,0.49,0.51,0.52,0.01,0.01,75841.61,1776554423000
1776554425.21,25.21,0.48,0.49,0.51,0.52,0.01,0.01,75841.61,1776554423000
1776554425.578,25.578,0.48,0.49,0.51,0.52,0.01,0.01,75841.61,1776554424000
1776554426.075,26.075,0.48,0.49,0.51,0.52,0.01,0.01,75841.61,1776554424000
1776554426.855,26.855,0.48,0.49,0.51,0.52,0.01,0.01,75841.62,1776554425000
1776554427.416,27.416,0.48,0.49,0.51,0.52,0.01,0.01,75841.62,1776554425000
1776554428.18,28.18,0.48,0.49,0.51,0.52,0.01,0.01,75841.44,1776554427000
1776554429.333,29.333,0.48,0.49,0.51,0.52,0.01,0.01,75841.39,1776554428000
1776554429.668,29.668,0.48,0.49,0.51,0.52,0.01,0.01,75841.39,1776554428000
1776554430.15,30.15,0.47,0.48,0.51,0.52,0.01,0.01,75841.39,1776554428000
1776554430.511,30.511,0.47,0.48,0.52,0.53,0.01,0.01,75841.39,1776554428000
1776554431.408,31.408,0.47,0.48,0.52,0.53,0.01,0.01,75841.39,1776554430000
1776554432.151,32.151,0.47,0.48,0.52,0.53,0.01,0.01,75841.39,1776554430000
1776554432.548,32.548,0.47,0.48,0.52,0.53,0.01,0.01,75841.45,1776554431000
1776554432.936,32.936,0.47,0.48,0.52,0.53,0.01,0.01,75841.45,1776554431000
1776554433.452,33.452,0.47,0.48,0.52,0.53,0.01,0.01,75841.33,1776554432000
1776554434.006,34.006,0.47,0.48,0.52,0.53,0.01,0.01,75841.33,1776554432000
1776554435.25,35.25,0.47,0.48,0.52,0.53,0.01,0.01,75841.34,1776554433000
1776554435.767,35.767,0.47,0.48,0.52,0.53,0.01,0.01,75841.41,1776554434000
1776554436.128,36.128,0.46,0.48,0.52,0.54,0.02,0.02,75841.41,1776554434000
1776554436.559,36.559,0.46,0.47,0.53,0.54,0.01,0.01,75841.38,1776554435000
1776554436.931,36.931,0.46,0.47,0.53,0.54,0.01,0.01,75841.38,1776554435000
1776554437.338,37.338,0.46,0.47,0.53,0.54,0.01,0.01,75841.4,1776554436000
1776554437.958,37.958,0.46,0.47,0.53,0.54,0.01,0.01,75841.4,1776554436000
1776554438.396,38.396,0.46,0.47,0.53,0.54,0.01,0.01,75841.4,1776554436000
1776554438.81,38.81,0.46,0.47,0.53,0.54,0.01,0.01,75841.41,1776554437000
1776554439.219,39.219,0.46,0.47,0.53,0.54,0.01,0.01,75841.41,1776554438000
1776554439.571,39.571,0.46,0.47,0.53,0.54,0.01,0.01,75841.41,1776554438000
1776554439.913,39.913,0.46,0.47,0.53,0.54,0.01,0.01,75841.41,1776554438000
1776554440.254,40.254,0.46,0.47,0.53,0.54,0.01,0.01,75841.42,1776554439000
1776554440.621,40.621,0.46,0.47,0.53,0.54,0.01,0.01,75841.42,1776554439000
1776554440.966,40.966,0.46,0.47,0.53,0.54,0.01,0.01,75841.42,1776554439000
1776554442.555,42.555,0.46,0.47,0.53,0.54,0.01,0.01,75841.36,1776554441000
1776554443.151,43.151,0.46,0.47,0.53,0.54,0.01,0.01,75841.36,1776554442000
1776554443.658,43.658,0.46,0.47,0.53,0.54,0.01,0.01,75841.36,1776554442000
1776554444.218,44.218,0.46,0.47,0.53,0.54,0.01,0.01,75841.36,1776554442000
1776554445.053,45.053,0.46,0.47,0.53,0.54,0.01,0.01,75841.43,1776554443000
1776554445.453,45.453,0.47,0.48,0.52,0.53,0.01,0.01,75841.43,1776554443000
1776554445.796,45.796,0.47,0.48,0.52,0.53,0.01,0.01,75841.43,1776554444000
1776554446.306,46.306,0.47,0.48,0.52,0.53,0.01,0.01,75841.43,1776554445000
1776554446.649,46.649,0.47,0.48,0.52,0.53,0.01,0.01,75841.43,1776554445000
1776554447.494,47.494,0.47,0.48,0.52,0.53,0.01,0.01,75841.43,1776554446000
1776554447.896,47.896,0.47,0.48,0.52,0.53,0.01,0.01,75841.43,1776554447000
1776554448.445,48.445,0.47,0.48,0.52,0.53,0.01,0.01,75841.43,1776554447000
1776554448.958,48.958,0.47,0.48,0.52,0.53,0.01,0.01,75841.44,1776554448000
1776554450.125,50.125,0.47,0.48,0.52,0.53,0.01,0.01,75841.44,1776554449000
1776554450.476,50.476,0.47,0.48,0.52,0.53,0.01,0.01,75841.44,1776554449000
1776554451.675,51.675,0.47,0.48,0.52,0.53,0.01,0.01,75841.44,1776554450000
1776554452.137,52.137,0.47,0.48,0.52,0.53,0.01,0.01,75841.45,1776554451000
1776554452.643,52.643,0.46,0.47,0.52,0.53,0.01,0.01,75841.45,1776554451000
1776554453.185,53.185,0.46,0.47,0.53,0.54,0.01,0.01,75841.45,1776554452000
1776554453.63,53.63,0.46,0.47,0.53,0.54,0.01,0.01,75841.45,1776554452000
1776554454.156,54.156,0.46,0.47,0.53,0.54,0.01,0.01,75841.45,1776554453000
1776554455.201,55.201,0.46,0.47,0.53,0.54,0.01,0.01,75841.45,1776554454000
1776554455.749,55.749,0.46,0.47,0.53,0.54,0.01,0.01,75841.45,1776554454000
1776554456.179,56.179,0.52,0.55,0.45,0.48,0.03,0.03,75841.45,1776554455000
1776554456.529,56.529,0.53,0.55,0.46,0.47,0.02,0.01,75841.45,1776554455000
1776554456.867,56.867,0.54,0.55,0.45,0.46,0.01,0.01,75841.45,1776554455000
1776554457.318,57.318,0.54,0.55,0.45,0.46,0.01,0.01,75841.45,1776554456000
1776554457.746,57.746,0.54,0.55,0.45,0.46,0.01,0.01,75841.45,1776554456000
1776554458.089,58.089,0.54,0.55,0.45,0.46,0.01,0.01,75841.45,1776554456000
1776554459.447,59.447,0.54,0.55,0.45,0.46,0.01,0.01,75845.49,1776554458000
1776554460.336,60.336,0.54,0.55,0.45,0.46,0.01,0.01,75846.05,1776554459000
1776554460.675,60.675,0.54,0.55,0.45,0.46,0.01,0.01,75846.05,1776554459000
1776554461.2,61.2,0.54,0.55,0.45,0.46,0.01,0.01,75846.05,1776554459000
1776554461.545,61.545,0.54,0.56,0.44,0.46,0.02,0.02,75846.71,1776554460000
1776554461.882,61.882,0.55,0.56,0.44,0.45,0.01,0.01,75846.71,1776554460000
1776554462.301,62.301,0.55,0.56,0.44,0.45,0.01,0.01,75846.71,1776554460000
1776554462.644,62.644,0.55,0.56,0.44,0.45,0.01,0.01,75846.64,1776554461000
1776554463.013,63.013,0.55,0.56,0.44,0.45,0.01,0.01,75846.63,1776554462000
1776554463.516,63.516,0.56,0.57,0.43,0.45,0.01,0.02,75846.63,1776554462000
1776554464.034,64.034,0.56,0.57,0.43,0.44,0.01,0.01,75847.6,1776554463000
1776554464.456,64.456,0.56,0.57,0.43,0.44,0.01,0.01,75847.6,1776554463000
1776554464.955,64.955,0.56,0.57,0.43,0.44,0.01,0.01,75847.6,1776554463000
1776554465.408,65.408,0.56,0.57,0.43,0.44,0.01,0.01,75847.6,1776554464000
1776554466.379,66.379,0.56,0.57,0.43,0.44,0.01,0.01,75847.6,1776554464000
1776554466.796,66.796,0.56,0.57,0.43,0.44,0.01,0.01,75847.6,1776554464000
1776554467.249,67.249,0.56,0.57,0.43,0.44,0.01,0.01,75847.63,1776554465000
1776554467.628,67.628,0.56,0.57,0.43,0.44,0.01,0.01,75847.63,1776554466000
1776554468.177,68.177,0.56,0.57,0.43,0.44,0.01,0.01,75847.63,1776554466000
1776554468.771,68.771,0.56,0.57,0.43,0.44,0.01,0.01,75847.63,1776554467000
1776554469.39,69.39,0.56,0.57,0.43,0.44,0.01,0.01,75847.63,1776554467000
1776554469.839,69.839,0.56,0.57,0.43,0.44,0.01,0.01,75847.63,1776554467000
1776554470.198,70.198,0.56,0.57,0.43,0.44,0.01,0.01,75847.65,1776554468000
1776554470.562,70.562,0.56,0.57,0.43,0.44,0.01,0.01,75847.65,1776554468000
1776554470.916,70.916,0.56,0.57,0.43,0.44,0.01,0.01,75847.65,1776554469000
1776554471.463,71.463,0.56,0.57,0.43,0.44,0.01,0.01,75847.65,1776554469000
1776554472.263,72.263,0.56,0.57,0.43,0.44,0.01,0.01,75848.0,1776554470000
1776554472.774,72.774,0.56,0.57,0.43,0.44,0.01,0.01,75848.12,1776554471000
1776554473.355,73.355,0.56,0.57,0.43,0.44,0.01,0.01,75848.12,1776554471000
1776554473.798,73.798,0.56,0.57,0.43,0.44,0.01,0.01,75848.04,1776554472000
1776554474.219,74.219,0.56,0.57,0.43,0.44,0.01,0.01,75848.04,1776554472000
1776554475.14,75.14,0.56,0.57,0.43,0.44,0.01,0.01,75848.05,1776554474000
1776554475.77,75.77,0.56,0.57,0.43,0.44,0.01,0.01,75848.05,1776554474000
1776554476.355,76.355,0.56,0.57,0.43,0.44,0.01,0.01,75848.05,1776554474000
1776554477.331,77.331,0.56,0.57,0.43,0.44,0.01,0.01,75848.07,1776554476000
1776554478.133,78.133,0.56,0.57,0.43,0.44,0.01,0.01,75848.07,1776554477000
1776554478.715,78.715,0.56,0.57,0.43,0.44,0.01,0.01,75848.07,1776554477000
1776554479.286,79.286,0.56,0.57,0.43,0.44,0.01,0.01,75848.07,1776554477000
1776554479.671,79.671,0.56,0.57,0.43,0.44,0.01,0.01,75848.07,1776554477000
1776554480.257,80.257,0.56,0.57,0.43,0.44,0.01,0.01,75848.07,1776554479000
1776554481.647,81.647,0.56,0.57,0.43,0.44,0.01,0.01,75848.07,1776554479000
1776554482.097,82.097,0.56,0.57,0.43,0.44,0.01,0.01,75848.07,1776554480000
1776554482.454,82.454,0.56,0.57,0.43,0.44,0.01,0.01,75848.11,1776554481000
1776554483.175,83.175,0.56,0.57,0.43,0.44,0.01,0.01,75848.08,1776554482000
1776554484.107,84.107,0.57,0.58,0.43,0.44,0.01,0.01,75848.08,1776554482000
1776554484.511,84.511,0.57,0.58,0.42,0.43,0.01,0.01,75848.08,1776554483000
1776554484.931,84.931,0.57,0.58,0.42,0.43,0.01,0.01,75848.08,1776554484000
1776554485.278,85.278,0.57,0.58,0.42,0.43,0.01,0.01,75848.08,1776554484000
1776554486.226,86.226,0.57,0.58,0.42,0.43,0.01,0.01,75848.11,1776554485000
1776554487.522,87.522,0.57,0.58,0.42,0.43,0.01,0.01,75848.06,1776554486000
1776554488.107,88.107,0.57,0.58,0.42,0.43,0.01,0.01,75848.11,1776554487000
1776554489.163,89.163,0.57,0.58,0.42,0.43,0.01,0.01,75848.11,1776554487000
1776554489.511,89.511,0.57,0.58,0.42,0.43,0.01,0.01,75848.09,1776554488000
1776554490.05,90.05,0.57,0.58,0.42,0.43,0.01,0.01,75845.59,1776554489000
1776554490.552,90.552,0.57,0.58,0.42,0.43,0.01,0.01,75845.59,1776554489000
1776554491.501,91.501,0.57,0.58,0.42,0.43,0.01,0.01,75848.08,1776554490000
1776554491.873,91.873,0.57,0.58,0.42,0.43,0.01,0.01,75848.08,1776554490000
1776554493.461,93.461,0.57,0.58,0.42,0.43,0.01,0.01,75848.08,1776554492000
1776554494.095,94.095,0.57,0.58,0.42,0.43,0.01,0.01,75848.11,1776554493000
1776554494.646,94.646,0.57,0.58,0.42,0.43,0.01,0.01,75848.11,1776554493000
1776554495.096,95.096,0.57,0.58,0.42,0.43,0.01,0.01,75848.3,1776554494000
1776554495.514,95.514,0.57,0.58,0.42,0.43,0.01,0.01,75848.3,1776554494000
1776554496.012,96.012,0.57,0.58,0.42,0.43,0.01,0.01,75848.3,1776554494000
1776554496.361,96.361,0.59,0.65,0.35,0.41,0.06,0.06,75848.28,1776554495000
1776554496.734,96.734,0.64,0.65,0.33,0.36,0.01,0.03,75848.28,1776554495000
1776554497.068,97.068,0.66,0.68,0.32,0.34,0.02,0.02,75848.28,1776554495000
1776554497.405,97.405,0.67,0.68,0.32,0.33,0.01,0.01,75848.28,1776554495000
1776554497.767,97.767,0.67,0.68,0.32,0.33,0.01,0.01,75848.28,1776554495000
1776554498.247,98.247,0.67,0.68,0.32,0.33,0.01,0.01,75848.28,1776554495000
1776554498.837,98.837,0.67,0.68,0.32,0.33,0.01,0.01,75848.28,1776554495000
1776554499.173,99.173,0.67,0.68,0.32,0.33,0.01,0.01,75848.28,1776554495000
1776554499.542,99.542,0.67,0.68,0.32,0.33,0.01,0.01,75848.28,1776554495000
1776554499.967,99.967,0.67,0.68,0.32,0.33,0.01,0.01,75848.28,1776554495000
1776554500.366,100.366,0.67,0.69,0.32,0.33,0.02,0.01,75848.28,1776554495000
1776554501.416,101.416,0.67,0.68,0.32,0.33,0.01,0.01,75848.28,1776554495000
1776554501.765,101.765,0.67,0.68,0.32,0.33,0.01,0.01,75848.28,1776554495000
1776554502.15,102.15,0.67,0.68,0.32,0.33,0.01,0.01,75848.28,1776554495000
1776554502.505,102.505,0.67,0.68,0.32,0.33,0.01,0.01,75848.28,1776554495000
1776554503.035,103.035,0.66,0.68,0.32,0.33,0.02,0.01,75848.28,1776554495000
1776554503.381,103.381,0.67,0.68,0.32,0.33,0.01,0.01,75848.28,1776554495000
1776554503.72,103.72,0.67,0.68,0.32,0.33,0.01,0.01,75848.28,1776554495000
1776554504.666,104.666,0.66,0.68,0.32,0.33,0.02,0.01,75848.28,1776554495000
1776554505.149,105.149,0.67,0.68,0.32,0.33,0.01,0.01,75854.22,1776554503000
1776554505.488,105.488,0.67,0.68,0.32,0.33,0.01,0.01,75854.21,1776554504000
1776554505.886,105.886,0.67,0.68,0.32,0.33,0.01,0.01,75854.21,1776554504000
1776554506.223,106.223,0.67,0.68,0.32,0.33,0.01,0.01,75854.21,1776554504000
1776554506.575,106.575,0.67,0.68,0.32,0.33,0.01,0.01,75854.22,1776554505000
1776554507.016,107.016,0.66,0.67,0.32,0.34,0.01,0.02,75854.22,1776554505000
1776554507.354,107.354,0.66,0.67,0.33,0.34,0.01,0.01,75854.22,1776554506000
1776554507.709,107.709,0.67,0.68,0.32,0.34,0.01,0.02,75854.22,1776554506000
1776554508.045,108.045,0.67,0.68,0.32,0.33,0.01,0.01,75854.22,1776554506000
1776554508.937,108.937,0.67,0.68,0.32,0.33,0.01,0.01,75854.23,1776554508000
1776554509.297,109.297,0.67,0.69,0.32,0.33,0.02,0.01,75854.23,1776554508000
1776554509.894,109.894,0.68,0.69,0.31,0.33,0.01,0.02,75854.23,1776554508000
1776554510.436,110.436,0.68,0.69,0.31,0.32,0.01,0.01,75854.23,1776554509000
1776554510.898,110.898,0.68,0.69,0.31,0.32,0.01,0.01,75854.23,1776554510000
1776554511.251,111.251,0.68,0.69,0.31,0.32,0.01,0.01,75854.23,1776554510000
1776554511.753,111.753,0.68,0.69,0.31,0.32,0.01,0.01,75854.23,1776554510000
1776554512.503,112.503,0.68,0.69,0.31,0.32,0.01,0.01,75854.22,1776554511000
1776554513.056,113.056,0.68,0.69,0.31,0.32,0.01,0.01,75854.52,1776554512000
1776554513.59,113.59,0.68,0.69,0.31,0.32,0.01,0.01,75854.52,1776554512000
1776554514.028,114.028,0.68,0.69,0.31,0.32,0.01,0.01,75854.62,1776554513000
1776554514.849,114.849,0.68,0.69,0.31,0.32,0.01,0.01,75854.62,1776554513000
1776554515.381,115.381,0.68,0.69,0.31,0.32,0.01,0.01,75854.62,1776554513000
1776554516.119,116.119,0.68,0.69,0.31,0.32,0.01,0.01,75854.68,1776554515000
1776554516.695,116.695,0.68,0.69,0.31,0.32,0.01,0.01,75854.68,1776554515000
1776554517.148,117.148,0.68,0.69,0.31,0.32,0.01,0.01,75854.68,1776554515000
1776554517.678,117.678,0.69,0.7,0.3,0.32,0.01,0.02,75854.68,1776554516000
1776554518.046,118.046,0.69,0.7,0.3,0.31,0.01,0.01,75854.68,1776554516000
1776554518.397,118.397,0.69,0.7,0.3,0.31,0.01,0.01,75854.68,1776554516000
1776554518.831,118.831,0.69,0.7,0.3,0.31,0.01,0.01,75854.68,1776554517000
1776554519.212,119.212,0.69,0.7,0.3,0.31,0.01,0.01,75854.69,1776554518000
1776554519.711,119.711,0.69,0.7,0.3,0.31,0.01,0.01,75854.69,1776554518000
1776554520.084,120.084,0.69,0.7,0.3,0.31,0.01,0.01,75854.69,1776554518000
1776554520.487,120.487,0.69,0.7,0.3,0.31,0.01,0.01,75854.86,1776554519000
1776554520.831,120.831,0.69,0.7,0.3,0.31,0.01,0.01,75854.86,1776554519000
1776554521.405,121.405,0.69,0.7,0.3,0.31,0.01,0.01,75854.86,1776554520000
1776554521.862,121.862,0.69,0.7,0.3,0.31,0.01,0.01,75854.86,1776554520000
1776554522.458,122.458,0.69,0.7,0.3,0.31,0.01,0.01,75854.86,1776554521000
1776554523.036,123.036,0.69,0.7,0.3,0.31,0.01,0.01,75854.81,1776554522000
1776554523.402,123.402,0.69,0.7,0.3,0.31,0.01,0.01,75854.81,1776554522000
1776554523.756,123.756,0.69,0.7,0.3,0.31,0.01,0.01,75854.81,1776554522000
1776554524.138,124.138,0.69,0.7,0.3,0.31,0.01,0.01,75854.79,1776554523000
1776554524.613,124.613,0.69,0.7,0.3,0.31,0.01,0.01,75854.79,1776554523000
1776554525.226,125.226,0.69,0.7,0.3,0.31,0.01,0.01,75854.81,1776554524000
1776554525.88,125.88,0.69,0.7,0.3,0.31,0.01,0.01,75854.81,1776554524000
1776554526.407,126.407,0.69,0.7,0.3,0.31,0.01,0.01,75854.81,1776554524000
1776554526.812,126.812,0.69,0.7,0.3,0.31,0.01,0.01,75854.81,1776554525000
1776554527.452,127.452,0.69,0.7,0.3,0.31,0.01,0.01,75854.81,1776554525000
1776554527.819,127.819,0.69,0.7,0.3,0.31,0.01,0.01,75854.81,1776554526000
1776554528.16,128.16,0.69,0.7,0.3,0.31,0.01,0.01,75854.83,1776554527000
1776554528.521,128.521,0.69,0.7,0.3,0.31,0.01,0.01,75854.83,1776554527000
1776554528.977,128.977,0.69,0.7,0.3,0.31,0.01,0.01,75854.74,1776554528000
1776554529.98,129.98,0.69,0.7,0.3,0.31,0.01,0.01,75854.74,1776554529000
1776554530.448,130.448,0.69,0.7,0.3,0.31,0.01,0.01,75854.74,1776554529000
1776554530.825,130.825,0.69,0.7,0.3,0.31,0.01,0.01,75854.74,1776554529000
1776554531.762,131.762,0.69,0.7,0.3,0.31,0.01,0.01,75854.74,1776554530000
1776554532.192,132.192,0.69,0.7,0.3,0.31,0.01,0.01,75854.8,1776554531000
1776554532.901,132.901,0.69,0.7,0.3,0.31,0.01,0.01,75854.8,1776554532000
1776554533.35,133.35,0.69,0.7,0.3,0.31,0.01,0.01,75854.8,1776554532000
1776554533.888,133.888,0.69,0.7,0.3,0.31,0.01,0.01,75854.8,1776554533000
1776554534.626,134.626,0.69,0.7,0.3,0.31,0.01,0.01,75854.8,1776554533000
1776554535.158,135.158,0.69,0.7,0.3,0.31,0.01,0.01,75854.81,1776554534000
1776554536.298,136.298,0.69,0.7,0.3,0.31,0.01,0.01,75854.81,1776554535000
1776554536.912,136.912,0.69,0.7,0.3,0.31,0.01,0.01,75854.81,1776554535000
1776554537.294,137.294,0.69,0.7,0.3,0.31,0.01,0.01,75854.81,1776554536000
1776554537.793,137.793,0.69,0.7,0.3,0.31,0.01,0.01,75854.81,1776554536000
1776554538.133,138.133,0.69,0.7,0.3,0.31,0.01,0.01,75854.81,1776554536000
1776554538.484,138.484,0.69,0.7,0.3,0.31,0.01,0.01,75854.81,1776554537000
1776554538.898,138.898,0.69,0.7,0.3,0.31,0.01,0.01,75854.81,1776554537000
1776554539.752,139.752,0.69,0.7,0.3,0.31,0.01,0.01,75854.83,1776554538000
1776554540.178,140.178,0.69,0.7,0.3,0.31,0.01,0.01,75854.83,1776554539000
1776554540.678,140.678,0.67,0.7,0.3,0.31,0.03,0.01,75854.83,1776554539000
1776554541.18,141.18,0.68,0.69,0.3,0.33,0.01,0.03,75854.83,1776554539000
1776554541.564,141.564,0.68,0.69,0.31,0.32,0.01,0.01,75854.83,1776554539000
1776554542.046,142.046,0.68,0.69,0.31,0.32,0.01,0.01,75854.83,1776554540000
1776554542.858,142.858,0.68,0.69,0.31,0.32,0.01,0.01,75854.83,1776554541000
1776554543.252,143.252,0.68,0.69,0.31,0.32,0.01,0.01,75854.84,1776554542000
1776554544.154,144.154,0.68,0.69,0.31,0.32,0.01,0.01,75854.84,1776554542000
1776554545.038,145.038,0.68,0.69,0.31,0.32,0.01,0.01,75854.84,1776554543000
1776554546.244,146.244,0.68,0.69,0.31,0.32,0.01,0.01,75854.9,1776554545000
1776554546.798,146.798,0.68,0.69,0.31,0.32,0.01,0.01,75854.9,1776554545000
1776554547.151,147.151,0.68,0.69,0.31,0.32,0.01,0.01,75854.9,1776554545000
1776554548.459,148.459,0.68,0.69,0.31,0.32,0.01,0.01,75854.92,1776554547000
1776554548.948,148.948,0.68,0.69,0.31,0.32,0.01,0.01,75854.93,1776554548000
1776554549.301,149.301,0.68,0.69,0.31,0.32,0.01,0.01,75854.93,1776554548000
1776554549.753,149.753,0.68,0.69,0.31,0.32,0.01,0.01,75854.93,1776554548000
1776554550.164,150.164,0.68,0.69,0.31,0.32,0.01,0.01,75854.93,1776554549000
1776554550.569,150.569,0.68,0.7,0.31,0.32,0.02,0.01,75854.93,1776554549000
1776554551.11,151.11,0.68,0.69,0.31,0.32,0.01,0.01,75854.93,1776554549000
1776554551.525,151.525,0.68,0.69,0.31,0.32,0.01,0.01,75854.93,1776554550000
1776554552.302,152.302,0.68,0.69,0.31,0.32,0.01,0.01,75854.93,1776554551000
1776554552.656,152.656,0.68,0.69,0.31,0.34,0.01,0.03,75854.93,1776554551000
1776554553.068,153.068,0.68,0.69,0.31,0.32,0.01,0.01,75854.93,1776554551000
1776554553.519,153.519,0.68,0.69,0.31,0.32,0.01,0.01,75854.93,1776554552000
1776554553.912,153.912,0.68,0.69,0.31,0.32,0.01,0.01,75854.93,1776554552000
1776554554.44,154.44,0.68,0.69,0.31,0.32,0.01,0.01,75854.93,1776554553000
1776554554.938,154.938,0.68,0.69,0.31,0.32,0.01,0.01,75854.93,1776554553000
1776554555.303,155.303,0.68,0.69,0.31,0.32,0.01,0.01,75854.93,1776554554000
1776554556.065,156.065,0.68,0.69,0.31,0.32,0.01,0.01,75854.91,1776554555000
1776554556.863,156.863,0.68,0.69,0.31,0.32,0.01,0.01,75854.91,1776554555000
1776554557.561,157.561,0.68,0.69,0.31,0.32,0.01,0.01,75854.92,1776554556000
1776554557.935,157.935,0.68,0.69,0.31,0.32,0.01,0.01,75854.92,1776554556000
1776554558.32,158.32,0.68,0.69,0.31,0.32,0.01,0.01,75854.95,1776554557000
1776554559.033,159.033,0.68,0.69,0.31,0.32,0.01,0.01,75854.95,1776554557000
1776554559.481,159.481,0.68,0.69,0.31,0.32,0.01,0.01,75854.92,1776554558000
1776554559.96,159.96,0.69,0.7,0.3,0.31,0.01,0.01,75854.92,1776554559000
1776554560.554,160.554,0.69,0.7,0.3,0.31,0.01,0.01,75854.92,1776554559000
1776554561.046,161.046,0.69,0.7,0.3,0.31,0.01,0.01,75855.73,1776554560000
1776554562.03,162.03,0.69,0.7,0.3,0.31,0.01,0.01,75855.73,1776554561000
1776554562.935,162.935,0.69,0.7,0.3,0.31,0.01,0.01,75855.77,1776554562000
1776554563.359,163.359,0.69,0.7,0.3,0.31,0.01,0.01,75855.77,1776554562000
1776554563.999,163.999,0.69,0.7,0.3,0.31,0.01,0.01,75855.78,1776554563000
1776554564.366,164.366,0.69,0.7,0.3,0.31,0.01,0.01,75855.78,1776554563000
1776554564.822,164.822,0.69,0.7,0.3,0.31,0.01,0.01,75855.78,1776554563000
1776554565.186,165.186,0.69,0.7,0.3,0.31,0.01,0.01,75859.87,1776554564000
1776554565.52,165.52,0.69,0.7,0.3,0.31,0.01,0.01,75859.87,1776554564000
1776554565.947,165.947,0.69,0.7,0.3,0.31,0.01,0.01,75859.87,1776554564000
1776554566.485,166.485,0.69,0.7,0.3,0.31,0.01,0.01,75859.86,1776554565000
1776554566.832,166.832,0.69,0.71,0.3,0.31,0.02,0.01,75859.86,1776554565000
1776554567.183,167.183,0.71,0.72,0.28,0.29,0.01,0.01,75859.87,1776554566000
1776554567.522,167.522,0.72,0.73,0.27,0.28,0.01,0.01,75859.87,1776554566000
1776554568.027,168.027,0.73,0.74,0.26,0.28,0.01,0.02,75859.87,1776554566000
1776554568.703,168.703,0.73,0.74,0.26,0.27,0.01,0.01,75859.87,1776554567000
1776554569.204,169.204,0.73,0.74,0.26,0.27,0.01,0.01,75859.87,1776554567000
1776554569.551,169.551,0.73,0.75,0.25,0.27,0.02,0.02,75859.87,1776554567000
1776554570.218,170.218,0.73,0.75,0.25,0.27,0.02,0.02,75859.87,1776554569000
1776554571.333,171.333,0.73,0.75,0.25,0.27,0.02,0.02,75859.9,1776554570000
1776554571.774,171.774,0.74,0.75,0.25,0.26,0.01,0.01,75859.9,1776554570000
1776554572.271,172.271,0.74,0.75,0.25,0.26,0.01,0.01,75859.9,1776554571000
1776554572.697,172.697,0.74,0.75,0.24,0.26,0.01,0.02,75859.9,1776554571000
1776554573.138,173.138,0.75,0.76,0.24,0.26,0.01,0.02,75859.9,1776554571000
1776554573.666,173.666,0.75,0.77,0.24,0.25,0.02,0.01,75859.9,1776554572000
1776554574.191,174.191,0.76,0.77,0.23,0.24,0.01,0.01,75859.9,1776554572000
1776554574.526,174.526,0.76,0.77,0.23,0.24,0.01,0.01,75859.9,1776554573000
1776554574.863,174.863,0.76,0.77,0.23,0.24,0.01,0.01,75859.9,1776554573000
1776554575.218,175.218,0.77,0.78,0.22,0.23,0.01,0.01,75859.9,1776554573000
1776554575.566,175.566,0.77,0.78,0.22,0.23,0.01,0.01,75859.87,1776554574000
1776554575.908,175.908,0.77,0.78,0.22,0.23,0.01,0.01,75859.87,1776554574000
1776554576.364,176.364,0.77,0.78,0.22,0.23,0.01,0.01,75859.9,1776554575000
1776554577.158,177.158,0.77,0.78,0.22,0.23,0.01,0.01,75860.42,1776554576000
1776554577.834,177.834,0.77,0.78,0.22,0.23,0.01,0.01,75860.42,1776554576000
1776554578.276,178.276,0.77,0.78,0.22,0.23,0.01,0.01,75860.42,1776554577000
1776554579.112,179.112,0.77,0.78,0.22,0.23,0.01,0.01,75860.42,1776554578000
1776554579.921,179.921,0.77,0.78,0.22,0.23,0.01,0.01,75860.42,1776554578000
1776554580.662,180.662,0.77,0.78,0.22,0.23,0.01,0.01,75860.43,1776554579000
1776554581.041,181.041,0.77,0.78,0.22,0.23,0.01,0.01,75860.43,1776554579000
1776554581.479,181.479,0.77,0.78,0.22,0.23,0.01,0.01,75860.62,1776554580000
1776554581.933,181.933,0.77,0.78,0.22,0.23,0.01,0.01,75860.62,1776554580000
1776554582.789,182.789,0.77,0.79,0.21,0.23,0.02,0.02,75860.61,1776554581000
1776554583.275,183.275,0.77,0.78,0.22,0.23,0.01,0.01,75860.54,1776554582000
1776554583.953,183.953,0.77,0.78,0.22,0.23,0.01,0.01,75860.54,1776554582000
1776554584.308,184.308,0.77,0.78,0.22,0.23,0.01,0.01,75860.54,1776554583000
1776554584.703,184.703,0.78,0.79,0.22,0.23,0.01,0.01,75860.54,1776554583000
1776554585.156,185.156,0.78,0.79,0.21,0.22,0.01,0.01,75860.54,1776554583000
1776554585.554,185.554,0.77,0.78,0.21,0.23,0.01,0.02,75860.53,1776554584000
1776554586.336,186.336,0.77,0.78,0.22,0.23,0.01,0.01,75858.57,1776554585000
1776554587.39,187.39,0.77,0.78,0.22,0.23,0.01,0.01,75860.31,1776554586000
1776554588.084,188.084,0.77,0.78,0.22,0.23,0.01,0.01,75860.31,1776554586000
1776554588.421,188.421,0.77,0.78,0.22,0.23,0.01,0.01,75860.24,1776554587000
1776554588.934,188.934,0.76,0.78,0.22,0.24,0.02,0.02,75860.22,1776554588000
1776554589.978,189.978,0.77,0.78,0.22,0.23,0.01,0.01,75860.23,1776554589000
1776554590.627,190.627,0.77,0.78,0.22,0.23,0.01,0.01,75860.23,1776554589000
1776554591.031,191.031,0.77,0.78,0.22,0.23,0.01,0.01,75860.27,1776554590000
1776554591.618,191.618,0.77,0.78,0.22,0.23,0.01,0.01,75860.27,1776554590000
1776554592.055,192.055,0.77,0.78,0.22,0.23,0.01,0.01,75860.27,1776554591000
1776554592.482,192.482,0.77,0.78,0.22,0.23,0.01,0.01,75860.27,1776554591000
1776554592.855,192.855,0.77,0.78,0.22,0.23,0.01,0.01,75860.26,1776554592000
1776554593.267,193.267,0.77,0.78,0.22,0.23,0.01,0.01,75860.26,1776554592000
1776554593.681,193.681,0.77,0.78,0.22,0.23,0.01,0.01,75860.26,1776554592000
1776554594.099,194.099,0.78,0.79,0.21,0.23,0.01,0.02,75860.26,1776554592000
1776554594.583,194.583,0.78,0.79,0.21,0.22,0.01,0.01,75859.94,1776554593000
1776554595.261,195.261,0.78,0.79,0.21,0.22,0.01,0.01,75860.29,1776554594000
1776554596.392,196.392,0.78,0.79,0.21,0.22,0.01,0.01,75859.54,1776554595000
1776554596.977,196.977,0.78,0.79,0.21,0.22,0.01,0.01,75859.54,1776554595000
1776554597.706,197.706,0.78,0.79,0.21,0.22,0.01,0.01,75859.54,1776554595000
1776554598.067,198.067,0.78,0.79,0.21,0.22,0.01,0.01,75859.54,1776554595000
1776554598.791,198.791,0.78,0.79,0.21,0.22,0.01,0.01,75859.54,1776554597000
1776554599.463,199.463,0.78,0.79,0.21,0.22,0.01,0.01,75859.54,1776554598000
1776554600.097,200.097,0.78,0.79,0.21,0.22,0.01,0.01,75859.54,1776554599000
1776554600.433,200.433,0.78,0.79,0.21,0.22,0.01,0.01,75859.54,1776554599000
1776554601.084,201.084,0.78,0.8,0.21,0.22,0.02,0.01,75859.54,1776554599000
1776554601.435,201.435,0.78,0.79,0.21,0.22,0.01,0.01,75859.53,1776554600000
1776554602.416,202.416,0.78,0.8,0.2,0.22,0.02,0.02,75859.54,1776554601000
1776554602.751,202.751,0.78,0.79,0.21,0.22,0.01,0.01,75859.54,1776554601000
1776554603.089,203.089,0.78,0.79,0.21,0.22,0.01,0.01,75859.54,1776554601000
1776554603.576,203.576,0.78,0.79,0.21,0.22,0.01,0.01,75859.54,1776554602000
1776554604.063,204.063,0.78,0.79,0.21,0.22,0.01,0.01,75859.54,1776554602000
1776554604.548,204.548,0.78,0.79,0.21,0.22,0.01,0.01,75856.98,1776554603000
1776554605.291,205.291,0.78,0.79,0.21,0.22,0.01,0.01,75859.53,1776554604000
1776554605.649,205.649,0.78,0.79,0.21,0.22,0.01,0.01,75859.53,1776554604000
1776554606.685,206.685,0.78,0.79,0.21,0.22,0.01,0.01,75859.53,1776554605000
1776554607.018,207.018,0.78,0.79,0.21,0.22,0.01,0.01,75859.53,1776554605000
1776554607.356,207.356,0.78,0.79,0.21,0.22,0.01,0.01,75859.53,1776554606000
1776554608.068,208.068,0.78,0.79,0.21,0.22,0.01,0.01,75859.54,1776554607000
1776554608.435,208.435,0.78,0.81,0.19,0.22,0.03,0.03,75859.54,1776554607000
1776554609.561,209.561,0.79,0.81,0.19,0.21,0.02,0.02,75859.22,1776554608000
1776554609.902,209.902,0.8,0.81,0.19,0.2,0.01,0.01,75859.22,1776554608000
1776554610.864,210.864,0.8,0.81,0.19,0.2,0.01,0.01,75859.22,1776554609000
1776554611.708,211.708,0.8,0.81,0.19,0.2,0.01,0.01,75859.22,1776554609000
1776554612.045,212.045,0.81,0.82,0.18,0.19,0.01,0.01,75859.24,1776554610000
1776554612.52,212.52,0.81,0.82,0.18,0.19,0.01,0.01,75859.24,1776554611000
1776554613.31,213.31,0.81,0.82,0.18,0.19,0.01,0.01,75859.24,1776554611000
1776554613.679,213.679,0.81,0.82,0.18,0.19,0.01,0.01,75859.34,1776554612000
1776554614.014,214.014,0.81,0.83,0.17,0.19,0.02,0.02,75859.26,1776554613000
1776554614.375,214.375,0.82,0.83,0.17,0.19,0.01,0.02,75859.26,1776554613000
1776554615.169,215.169,0.82,0.83,0.17,0.18,0.01,0.01,75859.3,1776554614000
1776554616.093,216.093,0.82,0.83,0.17,0.18,0.01,0.01,75859.3,1776554614000
1776554616.903,216.903,0.82,0.83,0.17,0.18,0.01,0.01,75859.3,1776554615000
1776554617.278,217.278,0.82,0.83,0.17,0.18,0.01,0.01,75859.33,1776554616000
1776554617.649,217.649,0.82,0.83,0.17,0.18,0.01,0.01,75859.33,1776554616000
1776554618.192,218.192,0.82,0.83,0.17,0.18,0.01,0.01,75859.33,1776554616000
1776554618.936,218.936,0.82,0.83,0.17,0.18,0.01,0.01,75856.54,1776554618000
1776554620.049,220.049,0.82,0.83,0.17,0.18,0.01,0.01,75856.54,1776554618000
1776554620.396,220.396,0.8,0.83,0.17,0.2,0.03,0.03,75859.2,1776554619000
1776554620.736,220.736,0.71,0.72,0.28,0.3,0.01,0.02,75859.2,1776554619000
1776554621.129,221.129,0.71,0.72,0.28,0.29,0.01,0.01,75856.04,1776554620000
1776554621.48,221.48,0.66,0.7,0.28,0.34,0.04,0.06,75856.04,1776554620000
1776554621.824,221.824,0.69,0.7,0.3,0.31,0.01,0.01,75856.04,1776554620000
1776554622.162,222.162,0.66,0.68,0.3,0.32,0.02,0.02,75851.04,1776554621000
1776554622.541,222.541,0.66,0.67,0.33,0.34,0.01,0.01,75851.04,1776554621000
1776554622.978,222.978,0.66,0.67,0.33,0.34,0.01,0.01,75851.04,1776554621000
1776554623.346,223.346,0.66,0.67,0.33,0.34,0.01,0.01,75849.67,1776554622000
1776554623.68,223.68,0.66,0.67,0.33,0.34,0.01,0.01,75849.67,1776554622000
1776554624.354,224.354,0.66,0.67,0.33,0.34,0.01,0.01,75849.67,1776554622000
1776554624.847,224.847,0.66,0.67,0.33,0.34,0.01,0.01,75849.52,1776554623000
1776554625.413,225.413,0.66,0.67,0.33,0.34,0.01,0.01,75851.59,1776554624000
1776554625.969,225.969,0.66,0.67,0.33,0.34,0.01,0.01,75851.59,1776554625000
1776554626.497,226.497,0.66,0.67,0.33,0.34,0.01,0.01,75851.59,1776554625000
1776554627.04,227.04,0.66,0.67,0.33,0.34,0.01,0.01,75851.59,1776554625000
1776554627.749,227.749,0.66,0.67,0.33,0.34,0.01,0.01,75851.55,1776554626000
1776554628.396,228.396,0.66,0.67,0.33,0.34,0.01,0.01,75851.54,1776554627000
1776554628.824,228.824,0.66,0.67,0.33,0.34,0.01,0.01,75851.54,1776554627000
1776554630.128,230.128,0.66,0.67,0.33,0.34,0.01,0.01,75851.54,1776554628000
1776554630.52,230.52,0.66,0.67,0.33,0.34,0.01,0.01,75851.54,1776554629000
1776554630.921,230.921,0.66,0.67,0.33,0.34,0.01,0.01,75851.54,1776554629000
1776554631.277,231.277,0.66,0.67,0.33,0.34,0.01,0.01,75851.54,1776554629000
1776554631.97,231.97,0.66,0.67,0.33,0.34,0.01,0.01,75851.55,1776554630000
1776554632.588,232.588,0.66,0.67,0.33,0.34,0.01,0.01,75851.57,1776554631000
1776554633.188,233.188,0.66,0.67,0.33,0.34,0.01,0.01,75851.57,1776554632000
1776554633.622,233.622,0.66,0.67,0.33,0.34,0.01,0.01,75851.57,1776554632000
1776554634.043,234.043,0.66,0.67,0.33,0.34,0.01,0.01,75851.57,1776554632000
1776554634.437,234.437,0.66,0.67,0.33,0.34,0.01,0.01,75851.55,1776554633000
1776554634.948,234.948,0.66,0.67,0.33,0.34,0.01,0.01,75851.41,1776554634000
1776554635.36,235.36,0.66,0.67,0.33,0.34,0.01,0.01,75851.41,1776554634000
1776554636.244,236.244,0.66,0.67,0.33,0.34,0.01,0.01,75851.43,1776554635000
1776554636.662,236.662,0.66,0.67,0.33,0.34,0.01,0.01,75851.43,1776554635000
1776554637.457,237.457,0.66,0.67,0.33,0.34,0.01,0.01,75851.34,1776554636000
1776554637.874,237.874,0.66,0.67,0.33,0.34,0.01,0.01,75851.34,1776554636000
1776554638.676,238.676,0.66,0.7,0.33,0.34,0.04,0.01,75851.39,1776554637000
1776554639.144,239.144,0.66,0.7,0.3,0.34,0.04,0.04,75851.38,1776554638000
1776554640.002,240.002,0.69,0.7,0.3,0.31,0.01,0.01,75851.38,1776554638000
1776554640.471,240.471,0.69,0.7,0.3,0.31,0.01,0.01,75851.38,1776554639000
1776554640.95,240.95,0.69,0.74,0.26,0.31,0.05,0.05,75851.4,1776554640000
1776554641.307,241.307,0.74,0.79,0.23,0.27,0.05,0.04,75851.4,1776554640000
1776554641.714,241.714,0.77,0.79,0.2,0.26,0.02,0.06,75851.4,1776554640000
1776554642.102,242.102,0.78,0.79,0.21,0.22,0.01,0.01,75851.4,1776554641000
1776554642.483,242.483,0.78,0.8,0.2,0.22,0.02,0.02,75851.4,1776554641000
1776554642.948,242.948,0.79,0.8,0.2,0.21,0.01,0.01,75851.4,1776554641000
1776554643.416,243.416,0.79,0.8,0.2,0.21,0.01,0.01,75851.36,1776554642000
1776554643.993,243.993,0.79,0.8,0.2,0.21,0.01,0.01,75851.36,1776554642000
1776554644.465,244.465,0.79,0.8,0.2,0.21,0.01,0.01,75852.49,1776554643000
1776554644.852,244.852,0.79,0.83,0.2,0.21,0.04,0.01,75852.49,1776554643000
1776554645.415,245.415,0.81,0.82,0.18,0.19,0.01,0.01,75852.49,1776554644000
1776554645.808,245.808,0.81,0.82,0.18,0.19,0.01,0.01,75852.49,1776554644000
1776554646.146,246.146,0.81,0.82,0.18,0.19,0.01,0.01,75854.39,1776554645000
1776554646.529,246.529,0.81,0.82,0.18,0.19,0.01,0.01,75854.39,1776554645000
1776554646.901,246.901,0.82,0.83,0.17,0.18,0.01,0.01,75854.39,1776554645000
1776554647.267,247.267,0.82,0.83,0.17,0.18,0.01,0.01,75854.43,1776554646000
1776554648.039,248.039,0.83,0.84,0.16,0.17,0.01,0.01,75854.43,1776554646000
1776554648.562,248.562,0.83,0.84,0.16,0.17,0.01,0.01,75854.4,1776554647000
1776554649.045,249.045,0.83,0.84,0.16,0.17,0.01,0.01,75854.4,1776554648000
1776554649.457,249.457,0.83,0.84,0.16,0.17,0.01,0.01,75854.4,1776554648000
1776554649.905,249.905,0.83,0.84,0.16,0.17,0.01,0.01,75854.4,1776554648000
1776554650.4,250.4,0.84,0.85,0.16,0.17,0.01,0.01,75854.41,1776554649000
1776554650.786,250.786,0.84,0.85,0.15,0.16,0.01,0.01,75854.41,1776554649000
1776554651.543,251.543,0.84,0.85,0.15,0.16,0.01,0.01,75854.88,1776554650000
1776554651.968,251.968,0.86,0.87,0.13,0.14,0.01,0.01,75854.88,1776554650000
1776554652.396,252.396,0.89,0.9,0.1,0.11,0.01,0.01,75854.88,1776554651000
1776554652.881,252.881,0.89,0.9,0.1,0.11,0.01,0.01,75854.88,1776554651000
1776554653.27,253.27,0.89,0.9,0.1,0.11,0.01,0.01,75854.88,1776554652000
1776554653.686,253.686,0.89,0.91,0.08,0.11,0.02,0.03,75854.88,1776554652000
1776554654.331,254.331,0.9,0.91,0.08,0.1,0.01,0.02,75854.88,1776554652000
1776554654.685,254.685,0.91,0.93,0.08,0.09,0.02,0.01,75859.13,1776554653000
1776554655.025,255.025,0.92,0.93,0.07,0.08,0.01,0.01,75859.5,1776554654000
1776554655.543,255.543,0.92,0.93,0.07,0.08,0.01,0.01,75859.5,1776554654000
1776554655.908,255.908,0.92,0.94,0.07,0.08,0.02,0.01,75859.5,1776554654000
1776554656.268,256.268,0.93,0.94,0.06,0.07,0.01,0.01,75860.06,1776554655000
1776554656.66,256.66,0.93,0.94,0.06,0.07,0.01,0.01,75860.06,1776554655000
1776554656.999,256.999,0.93,0.94,0.06,0.07,0.01,0.01,75860.06,1776554655000
1776554657.352,257.352,0.93,0.94,0.06,0.07,0.01,0.01,75860.65,1776554656000
1776554657.698,257.698,0.93,0.94,0.06,0.07,0.01,0.01,75860.65,1776554656000
1776554658.032,258.032,0.94,0.95,0.05,0.06,0.01,0.01,75860.65,1776554656000
1776554658.405,258.405,0.94,0.95,0.05,0.06,0.01,0.01,75860.65,1776554656000
1776554658.77,258.77,0.94,0.95,0.05,0.06,0.01,0.01,75860.65,1776554657000
1776554659.182,259.182,0.94,0.95,0.05,0.06,0.01,0.01,75860.64,1776554658000
1776554659.684,259.684,0.94,0.95,0.05,0.06,0.01,0.01,75860.64,1776554658000
1776554660.102,260.102,0.93,0.95,0.05,0.06,0.02,0.01,75860.64,1776554658000
1776554660.559,260.559,0.94,0.95,0.05,0.06,0.01,0.01,75860.67,1776554659000
1776554660.909,260.909,0.94,0.95,0.05,0.06,0.01,0.01,75860.67,1776554659000
1776554661.258,261.258,0.94,0.95,0.05,0.06,0.01,0.01,75860.5,1776554660000
1776554661.654,261.654,0.94,0.95,0.05,0.06,0.01,0.01,75860.5,1776554660000
1776554662.057,262.057,0.94,0.95,0.05,0.06,0.01,0.01,75860.5,1776554661000
1776554662.613,262.613,0.94,0.95,0.05,0.06,0.01,0.01,75860.5,1776554661000
1776554662.946,262.946,0.95,0.96,0.04,0.05,0.01,0.01,75860.5,1776554661000
1776554663.326,263.326,0.95,0.96,0.04,0.05,0.01,0.01,75860.56,1776554662000
1776554663.673,263.673,0.95,0.96,0.04,0.05,0.01,0.01,75860.56,1776554662000
1776554664.055,264.055,0.94,0.95,0.05,0.06,0.01,0.01,75860.56,1776554662000
1776554664.404,264.404,0.94,0.95,0.05,0.06,0.01,0.01,75860.55,1776554663000
1776554664.77,264.77,0.94,0.95,0.05,0.06,0.01,0.01,75860.55,1776554663000
1776554665.172,265.172,0.94,0.95,0.05,0.06,0.01,0.01,75860.55,1776554663000
1776554665.542,265.542,0.94,0.95,0.05,0.06,0.01,0.01,75863.84,1776554664000
1776554665.975,265.975,0.94,0.95,0.05,0.06,0.01,0.01,75863.84,1776554664000
1776554666.516,266.516,0.94,0.95,0.05,0.06,0.01,0.01,75863.84,1776554664000
1776554666.934,266.934,0.94,0.95,0.05,0.06,0.01,0.01,75869.19,1776554665000
1776554667.625,267.625,0.94,0.95,0.05,0.06,0.01,0.01,75869.48,1776554666000
1776554668.092,268.092,0.94,0.95,0.05,0.06,0.01,0.01,75869.48,1776554666000
1776554668.436,268.436,0.94,0.95,0.05,0.06,0.01,0.01,75870.31,1776554667000
1776554668.837,268.837,0.94,0.95,0.05,0.06,0.01,0.01,75870.31,1776554667000
1776554669.327,269.327,0.94,0.95,0.05,0.06,0.01,0.01,75870.31,1776554667000
1776554669.751,269.751,0.94,0.95,0.05,0.06,0.01,0.01,75870.42,1776554668000
1776554670.405,270.405,0.94,0.95,0.05,0.06,0.01,0.01,75870.42,1776554669000
1776554670.766,270.766,0.94,0.95,0.05,0.06,0.01,0.01,75870.42,1776554669000
1776554671.184,271.184,0.94,0.95,0.05,0.06,0.01,0.01,75870.41,1776554670000
1776554671.529,271.529,0.94,0.95,0.05,0.06,0.01,0.01,75870.41,1776554670000
1776554672.233,272.233,0.94,0.95,0.05,0.06,0.01,0.01,75870.42,1776554671000
1776554672.615,272.615,0.94,0.95,0.05,0.06,0.01,0.01,75870.42,1776554671000
1776554673.122,273.122,0.94,0.95,0.05,0.06,0.01,0.01,75870.42,1776554671000
1776554673.812,273.812,0.94,0.95,0.05,0.06,0.01,0.01,75870.9,1776554672000
1776554674.244,274.244,0.94,0.95,0.05,0.06,0.01,0.01,75870.9,1776554672000
1776554674.8,274.8,0.94,0.95,0.05,0.06,0.01,0.01,75870.79,1776554673000
1776554675.262,275.262,0.94,0.96,0.05,0.06,0.02,0.01,75870.79,1776554674000
1776554675.678,275.678,0.95,0.96,0.04,0.05,0.01,0.01,75870.79,1776554674000
1776554676.035,276.035,0.95,0.96,0.04,0.05,0.01,0.01,75870.79,1776554674000
1776554676.564,276.564,0.95,0.96,0.04,0.05,0.01,0.01,75870.77,1776554675000
1776554677.505,277.505,0.95,0.96,0.04,0.05,0.01,0.01,75870.77,1776554675000
1776554678.035,278.035,0.95,0.96,0.04,0.05,0.01,0.01,75870.85,1776554676000
1776554678.523,278.523,0.95,0.96,0.04,0.05,0.01,0.01,75870.81,1776554677000
1776554678.889,278.889,0.95,0.96,0.04,0.05,0.01,0.01,75870.81,1776554677000
1776554679.229,279.229,0.95,0.96,0.04,0.05,0.01,0.01,75870.83,1776554678000
1776554679.672,279.672,0.95,0.96,0.04,0.05,0.01,0.01,75870.83,1776554678000
1776554680.094,280.094,0.95,0.96,0.04,0.05,0.01,0.01,75870.83,1776554678000
1776554680.496,280.496,0.95,0.96,0.04,0.05,0.01,0.01,75870.79,1776554679000
1776554680.933,280.933,0.95,0.96,0.04,0.05,0.01,0.01,75870.79,1776554679000
1776554681.275,281.275,0.96,0.98,0.03,0.04,0.02,0.01,75870.79,1776554679000
1776554681.67,281.67,0.97,0.98,0.02,0.03,0.01,0.01,75870.8,1776554680000
1776554682.013,282.013,0.97,0.98,0.02,0.03,0.01,0.01,75870.8,1776554680000
1776554682.364,282.364,0.97,0.98,0.02,0.03,0.01,0.01,75870.82,1776554681000
1776554682.742,282.742,0.97,0.98,0.02,0.03,0.01,0.01,75870.82,1776554681000
1776554683.127,283.127,0.97,0.98,0.02,0.03,0.01,0.01,75870.92,1776554682000
1776554683.559,283.559,0.97,0.98,0.02,0.03,0.01,0.01,75870.92,1776554682000
1776554683.995,283.995,0.97,0.98,0.02,0.03,0.01,0.01,75870.92,1776554682000
1776554684.556,284.556,0.97,0.98,0.02,0.03,0.01,0.01,75870.92,1776554683000
1776554684.925,284.925,0.97,0.98,0.02,0.03,0.01,0.01,75870.92,1776554683000
1776554685.341,285.341,0.97,0.98,0.02,0.03,0.01,0.01,75870.92,1776554684000
1776554685.686,285.686,0.97,0.98,0.02,0.03,0.01,0.01,75870.92,1776554684000
1776554686.029,286.029,0.97,0.99,0.02,0.03,0.02,0.01,75870.92,1776554684000
1776554686.374,286.374,0.98,0.99,0.01,0.02,0.01,0.01,75870.92,1776554684000
1776554686.803,286.803,0.98,0.99,0.01,0.02,0.01,0.01,75870.93,1776554685000
1776554687.153,287.153,0.98,0.99,0.01,0.02,0.01,0.01,75870.93,1776554686000
1776554687.652,287.652,0.98,0.99,0.01,0.02,0.01,0.01,75870.93,1776554686000
1776554688.019,288.019,0.98,0.99,0.01,0.02,0.01,0.01,75870.93,1776554686000
1776554688.451,288.451,0.98,0.99,0.01,0.02,0.01,0.01,75870.93,1776554687000
1776554689.097,289.097,0.98,0.99,0.01,0.02,0.01,0.01,75870.93,1776554687000
1776554690.198,290.198,0.98,0.99,0.01,0.02,0.01,0.01,75868.64,1776554689000
1776554690.728,290.728,0.98,0.99,0.01,0.02,0.01,0.01,75868.64,1776554689000
1776554691.11,291.11,0.98,0.99,0.01,0.02,0.01,0.01,75868.64,1776554689000
1776554691.502,291.502,0.98,0.99,0.01,0.02,0.01,0.01,75868.64,1776554689000
1776554691.948,291.948,0.98,0.99,0.01,0.02,0.01,0.01,75870.92,1776554690000
1776554692.56,292.56,0.98,0.99,0.01,0.02,0.01,0.01,75870.91,1776554691000
1776554692.924,292.924,0.98,0.99,0.01,0.02,0.01,0.01,75870.91,1776554691000
1776554693.466,293.466,0.98,0.99,0.01,0.02,0.01,0.01,75870.91,1776554691000
1776554693.811,293.811,0.98,0.99,0.01,0.02,0.01,0.01,75870.92,1776554692000
1776554694.375,294.375,0.98,0.99,0.01,0.02,0.01,0.01,75870.92,1776554692000
1776554694.794,294.794,0.98,0.99,0.01,0.02,0.01,0.01,75870.95,1776554693000
1776554695.15,295.15,0.98,0.99,0.01,0.02,0.01,0.01,75870.95,1776554694000
1776554695.487,295.487,0.98,0.99,0.01,0.02,0.01,0.01,75870.95,1776554694000
1776554695.981,295.981,0.99,0.99,0.01,0.01,0.0,0.0,75870.95,1776554694000
1776554696.467,296.467,0.99,0.99,0.01,0.01,0.0,0.0,75870.95,1776554694000
1776554696.88,296.88,0.99,0.99,0.01,0.01,0.0,0.0,75870.94,1776554695000
1776554697.28,297.28,0.99,0.99,0.01,0.01,0.0,0.0,75870.94,1776554696000
1776554698.412,298.412,0.99,0.99,0.01,0.01,0.0,0.0,75870.94,1776554696000
1776554698.9,298.9,0.99,0.99,0.01,0.01,0.0,0.0,75871.81,1776554697000
1776554699.56,299.56,0.99,0.99,0.01,0.01,0.0,0.0,75871.81,1776554697000
1776554700.292,300.292,0.99,0.99,0.01,0.01,0.0,0.0,75871.82,1776554698000
1776554700.779,300.779,0.99,0.99,0.01,0.01,0.0,0.0,75871.99,1776554699000
1776554701.201,301.201,0.99,0.99,0.01,0.01,0.0,0.0,75872.0,1776554700000
1776554702.858,302.858,0.99,0.99,0.01,0.01,0.0,0.0,75871.98,1776554701000

# RESULT,winner=Up,slug=btc-updown-5m-1776554400,ticks=579
