timestamp,elapsed_sec,up_bid,up_ask,down_bid,down_ask,up_spread,down_spread,btc_price
1775899200.643,0.643,0.45,0.46,0.54,0.55,0.01,0.01,72826.09
1775899200.983,0.983,0.45,0.46,0.54,0.55,0.01,0.01,72826.74
1775899201.339,1.339,0.45,0.47,0.54,0.55,0.02,0.01,72826.74
1775899201.771,1.771,0.46,0.47,0.53,0.55,0.01,0.02,72826.74
1775899202.566,2.566,0.46,0.47,0.53,0.54,0.01,0.01,72827.52
1775899203.076,3.076,0.46,0.48,0.53,0.54,0.02,0.01,72829.12
1775899203.607,3.607,0.46,0.48,0.52,0.53,0.02,0.01,72829.12
1775899204.06,4.06,0.47,0.48,0.52,0.53,0.01,0.01,72831.19
1775899204.516,4.516,0.46,0.47,0.53,0.54,0.01,0.01,72831.19
1775899205.25,5.25,0.46,0.47,0.53,0.54,0.01,0.01,72831.87
1775899205.675,5.675,0.46,0.47,0.53,0.54,0.01,0.01,72831.87
1775899206.145,6.145,0.46,0.47,0.53,0.54,0.01,0.01,72831.87
1775899206.489,6.489,0.46,0.47,0.53,0.54,0.01,0.01,72832.61
1775899206.866,6.866,0.49,0.5,0.5,0.52,0.01,0.02,72832.61
1775899207.405,7.405,0.48,0.49,0.52,0.53,0.01,0.01,72832.58
1775899207.794,7.794,0.48,0.49,0.51,0.52,0.01,0.01,72832.58
1775899208.224,8.224,0.49,0.5,0.5,0.52,0.01,0.02,72832.58
1775899208.664,8.664,0.49,0.5,0.5,0.51,0.01,0.01,72832.58
1775899209.016,9.016,0.47,0.48,0.52,0.54,0.01,0.02,72832.58
1775899209.421,9.421,0.47,0.48,0.52,0.53,0.01,0.01,72833.66
1775899209.805,9.805,0.48,0.49,0.51,0.52,0.01,0.01,72833.66
1775899210.255,10.255,0.46,0.48,0.51,0.54,0.02,0.03,72834.22
1775899210.67,10.67,0.44,0.5,0.5,0.52,0.06,0.02,72834.22
1775899211.062,11.062,0.45,0.46,0.54,0.55,0.01,0.01,72834.22
1775899211.459,11.459,0.47,0.48,0.52,0.53,0.01,0.01,72834.22
1775899212.159,12.159,0.47,0.48,0.52,0.53,0.01,0.01,72834.22
1775899212.506,12.506,0.47,0.48,0.52,0.53,0.01,0.01,72834.22
1775899212.857,12.857,0.45,0.46,0.54,0.55,0.01,0.01,72834.22
1775899213.238,13.238,0.46,0.47,0.53,0.54,0.01,0.01,72834.22
1775899213.692,13.692,0.46,0.48,0.53,0.54,0.02,0.01,72834.31
1775899214.049,14.049,0.48,0.49,0.51,0.52,0.01,0.01,72834.31
1775899214.432,14.432,0.48,0.49,0.51,0.52,0.01,0.01,72834.31
1775899215.053,15.053,0.48,0.49,0.51,0.52,0.01,0.01,72834.46
1775899215.417,15.417,0.48,0.49,0.51,0.52,0.01,0.01,72832.92
1775899215.772,15.772,0.5,0.51,0.5,0.51,0.01,0.01,72832.92
1775899216.121,16.121,0.54,0.55,0.45,0.46,0.01,0.01,72832.92
1775899216.469,16.469,0.54,0.55,0.45,0.46,0.01,0.01,72832.92
1775899216.819,16.819,0.54,0.55,0.45,0.46,0.01,0.01,72835.1
1775899217.168,17.168,0.54,0.55,0.45,0.46,0.01,0.01,72835.1
1775899217.543,17.543,0.54,0.55,0.45,0.46,0.01,0.01,72835.1
1775899217.936,17.936,0.54,0.55,0.45,0.46,0.01,0.01,72835.1
1775899218.32,18.32,0.55,0.56,0.44,0.45,0.01,0.01,72838.48
1775899218.712,18.712,0.55,0.56,0.44,0.45,0.01,0.01,72838.48
1775899219.057,19.057,0.55,0.56,0.44,0.45,0.01,0.01,72838.48
1775899219.512,19.512,0.55,0.56,0.44,0.45,0.01,0.01,72841.51
1775899219.871,19.871,0.56,0.57,0.43,0.45,0.01,0.02,72841.51
1775899220.39,20.39,0.57,0.58,0.42,0.44,0.01,0.02,72841.52
1775899220.729,20.729,0.5,0.58,0.42,0.45,0.08,0.03,72841.52
1775899221.077,21.077,0.47,0.49,0.51,0.54,0.02,0.03,72841.52
1775899221.453,21.453,0.46,0.47,0.52,0.53,0.01,0.01,72841.52
1775899221.86,21.86,0.46,0.47,0.53,0.54,0.01,0.01,72841.65
1775899222.234,22.234,0.46,0.47,0.53,0.54,0.01,0.01,72838.75
1775899222.572,22.572,0.46,0.47,0.53,0.54,0.01,0.01,72838.75
1775899222.92,22.92,0.46,0.47,0.53,0.54,0.01,0.01,72838.75
1775899223.316,23.316,0.46,0.47,0.53,0.54,0.01,0.01,72838.75
1775899223.741,23.741,0.46,0.47,0.53,0.54,0.01,0.01,72828.77
1775899224.137,24.137,0.46,0.47,0.53,0.54,0.01,0.01,72828.99
1775899224.478,24.478,0.46,0.47,0.53,0.54,0.01,0.01,72828.99
1775899224.842,24.842,0.46,0.47,0.53,0.54,0.01,0.01,72828.99
1775899225.196,25.196,0.46,0.47,0.53,0.54,0.01,0.01,72828.99
1775899225.584,25.584,0.47,0.48,0.52,0.54,0.01,0.02,72828.73
1775899226.002,26.002,0.46,0.47,0.52,0.53,0.01,0.01,72828.73
1775899226.344,26.344,0.46,0.47,0.53,0.54,0.01,0.01,72828.73
1775899226.677,26.677,0.46,0.47,0.53,0.54,0.01,0.01,72827.42
1775899227.215,27.215,0.46,0.47,0.53,0.54,0.01,0.01,72827.35
1775899227.595,27.595,0.45,0.47,0.53,0.54,0.02,0.01,72827.35
1775899228.267,28.267,0.45,0.46,0.54,0.55,0.01,0.01,72827.35
1775899228.658,28.658,0.46,0.47,0.51,0.55,0.01,0.04,72827.35
1775899229.108,29.108,0.46,0.47,0.53,0.54,0.01,0.01,72827.35
1775899229.59,29.59,0.46,0.47,0.53,0.54,0.01,0.01,72828.77
1775899229.949,29.949,0.46,0.47,0.53,0.54,0.01,0.01,72828.77
1775899230.287,30.287,0.46,0.47,0.53,0.54,0.01,0.01,72828.77
1775899230.696,30.696,0.48,0.49,0.53,0.54,0.01,0.01,72828.77
1775899231.467,31.467,0.51,0.52,0.51,0.52,0.01,0.01,72829.03
1775899231.808,31.808,0.52,0.54,0.46,0.49,0.02,0.03,72829.03
1775899232.184,32.184,0.53,0.54,0.46,0.47,0.01,0.01,72827.78
1775899232.582,32.582,0.51,0.53,0.46,0.47,0.02,0.01,72827.78
1775899232.984,32.984,0.48,0.49,0.48,0.52,0.01,0.04,72827.78
1775899233.41,33.41,0.48,0.49,0.51,0.52,0.01,0.01,72828.46
1775899233.86,33.86,0.49,0.5,0.5,0.51,0.01,0.01,72828.46
1775899234.353,34.353,0.49,0.5,0.5,0.51,0.01,0.01,72829.42
1775899234.701,34.701,0.48,0.49,0.51,0.52,0.01,0.01,72829.42
1775899235.319,35.319,0.47,0.48,0.52,0.53,0.01,0.01,72832.26
1775899235.733,35.733,0.49,0.5,0.49,0.53,0.01,0.04,72832.26
1775899236.345,36.345,0.49,0.5,0.5,0.51,0.01,0.01,72831.03
1775899236.792,36.792,0.49,0.5,0.5,0.51,0.01,0.01,72831.03
1775899237.131,37.131,0.49,0.5,0.5,0.51,0.01,0.01,72830.49
1775899237.788,37.788,0.49,0.52,0.5,0.51,0.03,0.01,72830.49
1775899238.19,38.19,0.54,0.55,0.45,0.47,0.01,0.02,72830.49
1775899238.873,38.873,0.57,0.58,0.42,0.44,0.01,0.02,72830.59
1775899239.329,39.329,0.57,0.58,0.42,0.43,0.01,0.01,72830.69
1775899239.852,39.852,0.58,0.59,0.41,0.42,0.01,0.01,72830.69
1775899240.186,40.186,0.58,0.59,0.41,0.42,0.01,0.01,72830.69
1775899240.536,40.536,0.57,0.58,0.41,0.43,0.01,0.02,72832.57
1775899240.871,40.871,0.57,0.58,0.42,0.43,0.01,0.01,72832.57
1775899241.213,41.213,0.59,0.6,0.4,0.41,0.01,0.01,72832.57
1775899241.576,41.576,0.59,0.6,0.4,0.41,0.01,0.01,72835.81
1775899241.918,41.918,0.59,0.6,0.4,0.41,0.01,0.01,72835.81
1775899242.393,42.393,0.59,0.6,0.4,0.41,0.01,0.01,72836.02
1775899242.737,42.737,0.59,0.6,0.4,0.41,0.01,0.01,72836.02
1775899243.119,43.119,0.58,0.59,0.4,0.41,0.01,0.01,72836.02
1775899243.555,43.555,0.58,0.59,0.41,0.42,0.01,0.01,72837.55
1775899244.049,44.049,0.57,0.58,0.4,0.43,0.01,0.03,72837.55
1775899244.43,44.43,0.57,0.58,0.42,0.43,0.01,0.01,72839.47
1775899244.926,44.926,0.57,0.58,0.41,0.43,0.01,0.02,72839.47
1775899245.307,45.307,0.57,0.59,0.42,0.43,0.02,0.01,72839.49
1775899245.722,45.722,0.56,0.57,0.42,0.44,0.01,0.02,72839.49
1775899246.065,46.065,0.55,0.57,0.42,0.45,0.02,0.03,72839.49
1775899246.422,46.422,0.56,0.57,0.43,0.45,0.01,0.02,72839.49
1775899246.819,46.819,0.55,0.56,0.43,0.45,0.01,0.02,72839.49
1775899247.223,47.223,0.55,0.56,0.44,0.45,0.01,0.01,72839.49
1775899247.626,47.626,0.54,0.56,0.44,0.45,0.02,0.01,72839.79
1775899248.083,48.083,0.54,0.55,0.45,0.46,0.01,0.01,72839.79
1775899248.484,48.484,0.54,0.55,0.45,0.46,0.01,0.01,72839.87
1775899248.821,48.821,0.56,0.57,0.43,0.44,0.01,0.01,72839.87
1775899249.233,49.233,0.55,0.87,0.44,0.45,0.32,0.01,72839.87
1775899249.573,49.573,0.6,0.62,0.38,0.39,0.02,0.01,72839.87
1775899249.972,49.972,0.61,0.62,0.39,0.4,0.01,0.01,72839.87
1775899250.393,50.393,0.64,0.65,0.35,0.36,0.01,0.01,72839.87
1775899250.738,50.738,0.64,0.65,0.35,0.36,0.01,0.01,72839.87
1775899251.111,51.111,0.64,0.65,0.35,0.36,0.01,0.01,72839.87
1775899251.488,51.488,0.64,0.65,0.35,0.36,0.01,0.01,72839.87
1775899251.827,51.827,0.64,0.65,0.35,0.36,0.01,0.01,72839.87
1775899252.162,52.162,0.64,0.65,0.35,0.36,0.01,0.01,72840.63
1775899252.595,52.595,0.62,0.65,0.35,0.36,0.03,0.01,72840.63
1775899252.936,52.936,0.63,0.64,0.36,0.37,0.01,0.01,72840.63
1775899253.293,53.293,0.62,0.63,0.37,0.38,0.01,0.01,72840.73
1775899253.707,53.707,0.62,0.63,0.38,0.39,0.01,0.01,72840.73
1775899254.077,54.077,0.63,0.64,0.36,0.37,0.01,0.01,72840.73
1775899254.441,54.441,0.63,0.64,0.36,0.37,0.01,0.01,72840.73
1775899254.996,54.996,0.63,0.65,0.36,0.37,0.02,0.01,72840.73
1775899255.374,55.374,0.64,0.65,0.35,0.37,0.01,0.02,72840.73
1775899255.982,55.982,0.64,0.65,0.35,0.36,0.01,0.01,72840.8
1775899256.332,56.332,0.63,0.64,0.36,0.37,0.01,0.01,72840.8
1775899256.762,56.762,0.63,0.64,0.36,0.37,0.01,0.01,72840.8
1775899257.191,57.191,0.63,0.64,0.36,0.37,0.01,0.01,72840.9
1775899257.564,57.564,0.63,0.64,0.36,0.37,0.01,0.01,72840.9
1775899257.962,57.962,0.63,0.64,0.36,0.37,0.01,0.01,72840.9
1775899258.431,58.431,0.63,0.64,0.36,0.37,0.01,0.01,72840.9
1775899258.867,58.867,0.63,0.64,0.36,0.37,0.01,0.01,72840.9
1775899259.258,59.258,0.63,0.64,0.36,0.37,0.01,0.01,72840.9
1775899259.69,59.69,0.63,0.64,0.36,0.37,0.01,0.01,72840.99
1775899260.284,60.284,0.63,0.64,0.36,0.37,0.01,0.01,72840.99
1775899260.918,60.918,0.63,0.64,0.36,0.37,0.01,0.01,72841.12
1775899261.264,61.264,0.63,0.64,0.36,0.37,0.01,0.01,72841.12
1775899261.826,61.826,0.63,0.64,0.36,0.37,0.01,0.01,72841.12
1775899262.258,62.258,0.63,0.64,0.36,0.37,0.01,0.01,72841.15
1775899262.616,62.616,0.63,0.64,0.36,0.37,0.01,0.01,72841.15
1775899263.104,63.104,0.64,0.65,0.35,0.36,0.01,0.01,72841.16
1775899263.485,63.485,0.65,0.66,0.34,0.36,0.01,0.02,72841.16
1775899263.836,63.836,0.65,0.66,0.34,0.35,0.01,0.01,72841.16
1775899264.34,64.34,0.65,0.66,0.34,0.35,0.01,0.01,72841.38
1775899264.704,64.704,0.65,0.66,0.34,0.35,0.01,0.01,72841.38
1775899265.14,65.14,0.65,0.67,0.34,0.35,0.02,0.01,72841.38
1775899265.898,65.898,0.66,0.67,0.33,0.35,0.01,0.02,72842.79
1775899266.25,66.25,0.72,0.78,0.22,0.28,0.06,0.06,72842.79
1775899266.663,66.663,0.75,0.78,0.22,0.25,0.03,0.03,72843.16
1775899267.024,67.024,0.77,0.78,0.21,0.23,0.01,0.02,72843.16
1775899267.496,67.496,0.78,0.83,0.17,0.22,0.05,0.05,72846.93
1775899267.831,67.831,0.8,0.81,0.19,0.2,0.01,0.01,72846.93
1775899268.201,68.201,0.81,0.82,0.18,0.19,0.01,0.01,72861.16
1775899268.613,68.613,0.81,0.82,0.18,0.19,0.01,0.01,72861.16
1775899269.132,69.132,0.81,0.82,0.18,0.19,0.01,0.01,72861.16
1775899269.467,69.467,0.81,0.82,0.18,0.19,0.01,0.01,72861.16
1775899269.82,69.82,0.81,0.82,0.18,0.19,0.01,0.01,72867.24
1775899270.206,70.206,0.81,0.82,0.18,0.19,0.01,0.01,72867.59
1775899270.59,70.59,0.81,0.82,0.18,0.19,0.01,0.01,72867.59
1775899270.924,70.924,0.81,0.82,0.18,0.19,0.01,0.01,72867.59
1775899271.297,71.297,0.81,0.82,0.18,0.19,0.01,0.01,72870.11
1775899271.749,71.749,0.81,0.82,0.18,0.19,0.01,0.01,72870.11
1775899272.11,72.11,0.81,0.82,0.18,0.19,0.01,0.01,72870.96
1775899272.502,72.502,0.81,0.82,0.18,0.19,0.01,0.01,72870.96
1775899273.013,73.013,0.8,0.81,0.18,0.2,0.01,0.02,72870.88
1775899273.356,73.356,0.86,0.87,0.13,0.14,0.01,0.01,72870.88
1775899273.758,73.758,0.87,0.88,0.11,0.13,0.01,0.02,72870.88
1775899274.102,74.102,0.88,0.89,0.11,0.12,0.01,0.01,72870.97
1775899274.486,74.486,0.88,0.89,0.11,0.13,0.01,0.02,72870.97
1775899274.871,74.871,0.87,0.88,0.12,0.13,0.01,0.01,72870.97
1775899275.337,75.337,0.87,0.88,0.12,0.13,0.01,0.01,72879.13
1775899275.816,75.816,0.88,0.89,0.11,0.13,0.01,0.02,72879.13
1775899276.155,76.155,0.88,0.89,0.11,0.12,0.01,0.01,72888.88
1775899276.663,76.663,0.87,0.88,0.11,0.12,0.01,0.01,72888.88
1775899277.188,77.188,0.87,0.88,0.11,0.13,0.01,0.02,72891.73
1775899277.586,77.586,0.87,0.88,0.12,0.13,0.01,0.01,72891.73
1775899277.98,77.98,0.88,0.89,0.11,0.12,0.01,0.01,72891.73
1775899278.347,78.347,0.87,0.89,0.11,0.12,0.02,0.01,72893.44
1775899278.742,78.742,0.88,0.89,0.11,0.13,0.01,0.02,72893.44
1775899279.115,79.115,0.87,0.88,0.12,0.13,0.01,0.01,72893.44
1775899279.454,79.454,0.86,0.87,0.13,0.14,0.01,0.01,72891.36
1775899279.936,79.936,0.86,0.87,0.13,0.14,0.01,0.01,72891.36
1775899280.529,80.529,0.86,0.87,0.13,0.14,0.01,0.01,72893.6
1775899280.911,80.911,0.86,0.87,0.13,0.14,0.01,0.01,72893.6
1775899281.405,81.405,0.86,0.87,0.13,0.14,0.01,0.01,72891.92
1775899281.743,81.743,0.87,0.88,0.13,0.14,0.01,0.01,72891.92
1775899282.137,82.137,0.87,0.88,0.12,0.13,0.01,0.01,72891.92
1775899282.609,82.609,0.87,0.88,0.13,0.14,0.01,0.01,72891.92
1775899282.991,82.991,0.87,0.88,0.12,0.13,0.01,0.01,72891.92
1775899283.332,83.332,0.87,0.88,0.12,0.13,0.01,0.01,72891.92
1775899284.124,84.124,0.87,0.88,0.12,0.13,0.01,0.01,72892.96
1775899284.489,84.489,0.89,0.9,0.1,0.11,0.01,0.01,72892.96
1775899284.86,84.86,0.92,0.93,0.07,0.08,0.01,0.01,72891.16
1775899285.239,85.239,0.92,0.93,0.07,0.08,0.01,0.01,72891.16
1775899285.583,85.583,0.92,0.93,0.07,0.08,0.01,0.01,72891.16
1775899285.964,85.964,0.92,0.93,0.07,0.08,0.01,0.01,72891.16
1775899286.362,86.362,0.91,0.92,0.08,0.09,0.01,0.01,72891.16
1775899286.719,86.719,0.91,0.92,0.08,0.09,0.01,0.01,72891.16
1775899287.08,87.08,0.93,0.94,0.07,0.08,0.01,0.01,72898.18
1775899287.493,87.493,0.92,0.93,0.06,0.08,0.01,0.02,72905.71
1775899287.838,87.838,0.92,0.93,0.07,0.08,0.01,0.01,72905.71
1775899288.337,88.337,0.92,0.93,0.07,0.09,0.01,0.02,72907.18
1775899288.673,88.673,0.92,0.93,0.07,0.09,0.01,0.02,72907.18
1775899289.108,89.108,0.92,0.93,0.07,0.08,0.01,0.01,72907.18
1775899289.47,89.47,0.92,0.93,0.06,0.08,0.01,0.02,72911.57
1775899289.804,89.804,0.93,0.94,0.07,0.08,0.01,0.01,72911.57
1775899290.237,90.237,0.93,0.94,0.06,0.07,0.01,0.01,72912.71
1775899290.803,90.803,0.93,0.94,0.06,0.07,0.01,0.01,72912.71
1775899291.432,91.432,0.93,0.94,0.06,0.07,0.01,0.01,72912.71
1775899291.766,91.766,0.93,0.94,0.06,0.07,0.01,0.01,72913.88
1775899292.22,92.22,0.93,0.94,0.06,0.07,0.01,0.01,72913.81
1775899292.764,92.764,0.93,0.94,0.06,0.07,0.01,0.01,72913.81
1775899293.177,93.177,0.94,0.95,0.05,0.06,0.01,0.01,72913.81
1775899293.552,93.552,0.94,0.95,0.05,0.06,0.01,0.01,72913.59
1775899293.891,93.891,0.94,0.95,0.05,0.7,0.01,0.65,72913.59
1775899294.243,94.243,0.91,0.92,0.06,0.1,0.01,0.04,72913.59
1775899294.589,94.589,0.88,0.89,0.1,0.12,0.01,0.02,72913.59
1775899294.923,94.923,0.89,0.9,0.1,0.11,0.01,0.01,72916.77
1775899295.366,95.366,0.89,0.9,0.1,0.11,0.01,0.01,72916.77
1775899295.728,95.728,0.89,0.9,0.1,0.11,0.01,0.01,72917.33
1775899296.124,96.124,0.89,0.9,0.1,0.11,0.01,0.01,72917.27
1775899296.596,96.596,0.89,0.9,0.1,0.11,0.01,0.01,72917.27
1775899296.954,96.954,0.89,0.9,0.1,0.11,0.01,0.01,72917.27
1775899297.292,97.292,0.89,0.9,0.1,0.11,0.01,0.01,72917.27
1775899297.647,97.647,0.89,0.9,0.1,0.11,0.01,0.01,72917.11
1775899297.98,97.98,0.89,0.9,0.1,0.11,0.01,0.01,72917.11
1775899298.33,98.33,0.89,0.9,0.1,0.11,0.01,0.01,72917.11
1775899298.727,98.727,0.89,0.9,0.1,0.11,0.01,0.01,72916.0
1775899299.218,99.218,0.89,0.9,0.1,0.11,0.01,0.01,72916.0
1775899299.734,99.734,0.91,0.93,0.07,0.08,0.02,0.01,72917.16
1775899300.082,100.082,0.91,0.94,0.06,0.09,0.03,0.03,72916.34
1775899300.417,100.417,0.94,0.95,0.05,0.06,0.01,0.01,72916.34
1775899300.766,100.766,0.94,0.95,0.05,0.06,0.01,0.01,72916.34
1775899301.102,101.102,0.9,0.91,0.09,0.11,0.01,0.02,72918.58
1775899301.508,101.508,0.88,0.89,0.11,0.12,0.01,0.01,72918.58
1775899301.959,101.959,0.88,0.89,0.11,0.12,0.01,0.01,72918.58
1775899302.36,102.36,0.88,0.89,0.11,0.12,0.01,0.01,72915.56
1775899302.707,102.707,0.88,0.89,0.11,0.12,0.01,0.01,72915.56
1775899303.197,103.197,0.88,0.89,0.11,0.12,0.01,0.01,72915.56
1775899303.537,103.537,0.9,0.91,0.09,0.1,0.01,0.01,72913.54
1775899303.978,103.978,0.89,0.92,0.08,0.09,0.03,0.01,72913.54
1775899304.553,104.553,0.04,0.92,0.08,0.09,0.88,0.01,72912.94
1775899304.889,104.889,0.83,0.84,0.16,0.17,0.01,0.01,72912.94
1775899305.224,105.224,0.84,0.85,0.15,0.16,0.01,0.01,72912.94
1775899305.566,105.566,0.73,0.76,0.23,0.28,0.03,0.05,72912.96
1775899305.904,105.904,0.72,0.75,0.26,0.27,0.03,0.01,72912.96
1775899306.241,106.241,0.76,0.77,0.23,0.24,0.01,0.01,72912.96
1775899306.604,106.604,0.77,0.78,0.17,0.23,0.01,0.06,72914.97
1775899306.957,106.957,0.8,0.86,0.18,0.23,0.06,0.05,72914.97
1775899307.301,107.301,0.83,0.84,0.15,0.17,0.01,0.02,72915.0
1775899307.77,107.77,0.83,0.84,0.16,0.17,0.01,0.01,72915.0
1775899308.2,108.2,0.83,0.84,0.16,0.17,0.01,0.01,72916.28
1775899308.604,108.604,0.83,0.84,0.16,0.17,0.01,0.01,72916.28
1775899308.958,108.958,0.83,0.84,0.16,0.17,0.01,0.01,72916.28
1775899309.321,109.321,0.89,0.9,0.1,0.11,0.01,0.01,72915.99
1775899309.669,109.669,0.88,0.9,0.1,0.12,0.02,0.02,72915.99
1775899310.055,110.055,0.88,0.9,0.1,0.11,0.02,0.01,72915.99
1775899310.392,110.392,0.88,0.89,0.1,0.12,0.01,0.02,72915.32
1775899310.751,110.751,0.88,0.89,0.11,0.12,0.01,0.01,72915.32
1775899311.106,111.106,0.88,0.89,0.11,0.12,0.01,0.01,72915.32
1775899311.49,111.49,0.88,0.89,0.11,0.13,0.01,0.02,72915.44
1775899311.985,111.985,0.88,0.89,0.11,0.12,0.01,0.01,72915.44
1775899312.375,112.375,0.88,0.89,0.11,0.12,0.01,0.01,72915.43
1775899312.716,112.716,0.89,0.9,0.1,0.11,0.01,0.01,72915.43
1775899313.052,113.052,0.89,0.92,0.1,0.11,0.03,0.01,72915.43
1775899313.385,113.385,0.91,0.92,0.08,0.09,0.01,0.01,72915.26
1775899313.726,113.726,0.9,0.91,0.09,0.1,0.01,0.01,72915.26
1775899314.126,114.126,0.88,0.91,0.09,0.1,0.03,0.01,72915.26
1775899314.542,114.542,0.91,0.92,0.08,0.1,0.01,0.02,72916.64
1775899315.04,115.04,0.91,0.92,0.08,0.09,0.01,0.01,72916.64
1775899315.526,115.526,0.91,0.92,0.08,0.09,0.01,0.01,72916.65
1775899315.927,115.927,0.91,0.92,0.08,0.09,0.01,0.01,72916.65
1775899316.269,116.269,0.9,0.92,0.08,0.1,0.02,0.02,72916.65
1775899316.655,116.655,0.9,0.91,0.09,0.1,0.01,0.01,72916.65
1775899316.989,116.989,0.89,0.9,0.08,0.11,0.01,0.03,72916.65
1775899317.514,117.514,0.88,0.89,0.1,0.12,0.01,0.02,72916.65
1775899317.967,117.967,0.89,0.9,0.1,0.12,0.01,0.02,72916.65
1775899318.305,118.305,0.89,0.9,0.1,0.11,0.01,0.01,72916.82
1775899318.668,118.668,0.88,0.89,0.11,0.12,0.01,0.01,72916.82
1775899319.02,119.02,0.78,0.79,0.21,0.22,0.01,0.01,72916.82
1775899319.43,119.43,0.79,0.81,0.2,0.21,0.02,0.01,72916.82
1775899319.964,119.964,0.8,0.81,0.19,0.2,0.01,0.01,72916.73
1775899320.402,120.402,0.84,0.85,0.15,0.17,0.01,0.02,72916.73
1775899320.761,120.761,0.84,0.85,0.15,0.16,0.01,0.01,72916.73
1775899321.24,121.24,0.85,0.87,0.14,0.15,0.02,0.01,72915.05
1775899321.641,121.641,0.86,0.87,0.13,0.14,0.01,0.01,72915.05
1775899322.109,122.109,0.88,0.89,0.11,0.12,0.01,0.01,72914.71
1775899322.509,122.509,0.91,0.92,0.08,0.09,0.01,0.01,72914.71
1775899322.858,122.858,0.92,0.93,0.07,0.08,0.01,0.01,72914.71
1775899323.236,123.236,0.92,0.93,0.07,0.08,0.01,0.01,72915.61
1775899323.579,123.579,0.92,0.93,0.07,0.08,0.01,0.01,72915.61
1775899323.929,123.929,0.92,0.93,0.07,0.08,0.01,0.01,72919.75
1775899324.268,124.268,0.92,0.93,0.07,0.08,0.01,0.01,72919.75
1775899324.74,124.74,0.91,0.92,0.07,0.09,0.01,0.02,72919.75
1775899325.109,125.109,0.9,0.91,0.08,0.1,0.01,0.02,72919.75
1775899325.532,125.532,0.91,0.92,0.07,0.1,0.01,0.03,72919.75
1775899325.997,125.997,0.9,0.91,0.09,0.1,0.01,0.01,72927.63
1775899326.401,126.401,0.9,0.91,0.09,0.1,0.01,0.01,72927.63
1775899326.796,126.796,0.9,0.91,0.09,0.1,0.01,0.01,72928.02
1775899327.178,127.178,0.88,0.89,0.11,0.12,0.01,0.01,72927.66
1775899327.525,127.525,0.88,0.89,0.11,0.12,0.01,0.01,72927.66
1775899327.871,127.871,0.88,0.89,0.11,0.12,0.01,0.01,72927.66
1775899328.206,128.206,0.88,0.89,0.11,0.12,0.01,0.01,72927.66
1775899328.568,128.568,0.88,0.89,0.11,0.12,0.01,0.01,72927.66
1775899328.985,128.985,0.88,0.89,0.11,0.12,0.01,0.01,72927.9
1775899329.349,129.349,0.88,0.89,0.11,0.12,0.01,0.01,72923.54
1775899329.685,129.685,0.88,0.89,0.1,0.12,0.01,0.02,72923.54
1775899330.065,130.065,0.88,0.9,0.11,0.12,0.02,0.01,72923.54
1775899330.665,130.665,0.89,0.9,0.1,0.11,0.01,0.01,72922.18
1775899331.052,131.052,0.92,0.93,0.05,0.08,0.01,0.03,72922.18
1775899331.441,131.441,0.92,0.93,0.07,0.08,0.01,0.01,72922.18
1775899331.845,131.845,0.91,0.92,0.07,0.09,0.01,0.02,72923.74
1775899332.224,132.224,0.91,0.92,0.06,0.09,0.01,0.03,72923.57
1775899332.578,132.578,0.91,0.92,0.08,0.09,0.01,0.01,72923.57
1775899332.996,132.996,0.91,0.92,0.08,0.09,0.01,0.01,72923.57
1775899333.454,133.454,0.92,0.93,0.07,0.1,0.01,0.03,72922.63
1775899333.849,133.849,0.92,0.93,0.07,0.08,0.01,0.01,72922.63
1775899334.258,134.258,0.92,0.93,0.07,0.08,0.01,0.01,72920.74
1775899334.657,134.657,0.92,0.93,0.07,0.08,0.01,0.01,72920.74
1775899335.081,135.081,0.93,0.94,0.06,0.07,0.01,0.01,72920.74
1775899335.762,135.762,0.93,0.94,0.06,0.07,0.01,0.01,72920.23
1775899336.181,136.181,0.93,0.94,0.06,0.07,0.01,0.01,72920.23
1775899336.524,136.524,0.93,0.94,0.06,0.07,0.01,0.01,72920.23
1775899336.866,136.866,0.93,0.94,0.06,0.07,0.01,0.01,72920.43
1775899337.293,137.293,0.9,0.91,0.09,0.1,0.01,0.01,72920.43
1775899337.64,137.64,0.89,0.9,0.1,0.11,0.01,0.01,72920.43
1775899338.025,138.025,0.89,0.9,0.1,0.11,0.01,0.01,72920.43
1775899338.506,138.506,0.88,0.89,0.1,0.12,0.01,0.02,72916.23
1775899338.917,138.917,0.88,0.89,0.11,0.12,0.01,0.01,72916.23
1775899339.341,139.341,0.88,0.89,0.11,0.12,0.01,0.01,72912.92
1775899339.732,139.732,0.87,0.88,0.1,0.13,0.01,0.03,72912.92
1775899340.126,140.126,0.89,0.9,0.09,0.13,0.01,0.04,72912.92
1775899340.546,140.546,0.89,0.9,0.1,0.11,0.01,0.01,72912.92
1775899340.955,140.955,0.89,0.9,0.1,0.11,0.01,0.01,72907.89
1775899341.355,141.355,0.86,0.87,0.13,0.14,0.01,0.01,72907.89
1775899341.752,141.752,0.86,0.87,0.13,0.14,0.01,0.01,72907.89
1775899342.168,142.168,0.87,0.88,0.12,0.13,0.01,0.01,72906.28
1775899342.545,142.545,0.87,0.88,0.12,0.13,0.01,0.01,72906.28
1775899342.961,142.961,0.87,0.88,0.13,0.14,0.01,0.01,72906.28
1775899343.306,143.306,0.86,0.87,0.13,0.14,0.01,0.01,72900.57
1775899343.971,143.971,0.87,0.88,0.12,0.13,0.01,0.01,72900.57
1775899344.456,144.456,0.87,0.88,0.12,0.13,0.01,0.01,72898.89
1775899344.915,144.915,0.87,0.88,0.12,0.13,0.01,0.01,72898.89
1775899345.305,145.305,0.85,0.88,0.12,0.13,0.03,0.01,72899.22
1775899345.856,145.856,0.87,0.89,0.12,0.14,0.02,0.02,72899.22
1775899346.281,146.281,0.88,0.89,0.11,0.12,0.01,0.01,72899.22
1775899346.649,146.649,0.88,0.9,0.11,0.12,0.02,0.01,72899.67
1775899347.16,147.16,0.88,0.89,0.11,0.12,0.01,0.01,72899.64
1775899347.546,147.546,0.89,0.9,0.1,0.12,0.01,0.02,72899.64
1775899347.937,147.937,0.89,0.9,0.1,0.11,0.01,0.01,72899.64
1775899348.306,148.306,0.89,0.9,0.1,0.11,0.01,0.01,72899.64
1775899348.771,148.771,0.9,0.91,0.09,0.1,0.01,0.01,72899.64
1775899349.153,149.153,0.9,0.91,0.09,0.1,0.01,0.01,72899.64
1775899349.553,149.553,0.9,0.91,0.09,0.1,0.01,0.01,72898.83
1775899349.897,149.897,0.89,0.91,0.1,0.11,0.02,0.01,72898.83
1775899350.337,150.337,0.89,0.9,0.1,0.11,0.01,0.01,72898.69
1775899350.672,150.672,0.9,0.91,0.09,0.1,0.01,0.01,72898.69
1775899351.083,151.083,0.92,0.93,0.09,0.11,0.01,0.02,72898.69
1775899351.438,151.438,0.92,0.93,0.07,0.08,0.01,0.01,72898.67
1775899351.923,151.923,0.93,0.94,0.06,0.07,0.01,0.01,72898.67
1775899352.268,152.268,0.93,0.94,0.06,0.07,0.01,0.01,72898.67
1775899352.737,152.737,0.93,0.94,0.07,0.08,0.01,0.01,72898.73
1775899353.129,153.129,0.92,0.93,0.07,0.08,0.01,0.01,72898.73
1775899353.53,153.53,0.93,0.94,0.06,0.07,0.01,0.01,72901.28
1775899353.869,153.869,0.93,0.94,0.06,0.07,0.01,0.01,72901.28
1775899354.261,154.261,0.93,0.94,0.06,0.07,0.01,0.01,72904.7
1775899354.674,154.674,0.93,0.94,0.06,0.07,0.01,0.01,72904.7
1775899355.088,155.088,0.92,0.94,0.06,0.08,0.02,0.02,72904.14
1775899355.525,155.525,0.92,0.93,0.07,0.08,0.01,0.01,72904.14
1775899355.916,155.916,0.92,0.93,0.07,0.08,0.01,0.01,72904.14
1775899356.327,156.327,0.92,0.93,0.07,0.08,0.01,0.01,72907
1775899356.684,156.684,0.92,0.93,0.07,0.08,0.01,0.01,72907
1775899357.064,157.064,0.92,0.93,0.07,0.09,0.01,0.02,72907
1775899357.486,157.486,0.92,0.93,0.07,0.09,0.01,0.02,72907.96
1775899357.905,157.905,0.91,0.92,0.07,0.09,0.01,0.02,72907.96
1775899358.261,158.261,0.91,0.93,0.08,0.09,0.02,0.01,72907.27
1775899358.626,158.626,0.91,0.92,0.07,0.1,0.01,0.03,72907.27
1775899359.021,159.021,0.91,0.92,0.09,0.1,0.01,0.01,72907.27
1775899359.388,159.388,0.91,0.92,0.08,0.1,0.01,0.02,72907.1
1775899359.753,159.753,0.9,0.91,0.08,0.11,0.01,0.03,72907.1
1775899360.202,160.202,0.89,0.9,0.09,0.1,0.01,0.01,72907.13
1775899360.606,160.606,0.89,0.9,0.1,0.11,0.01,0.01,72907.13
1775899361.004,161.004,0.89,0.9,0.1,0.11,0.01,0.01,72907.13
1775899361.404,161.404,0.89,0.9,0.1,0.11,0.01,0.01,72907.17
1775899361.761,161.761,0.89,0.9,0.1,0.11,0.01,0.01,72907.17
1775899362.179,162.179,0.9,0.91,0.1,0.11,0.01,0.01,72907.17
1775899362.573,162.573,0.9,0.91,0.09,0.1,0.01,0.01,72907.21
1775899362.938,162.938,0.93,0.94,0.06,0.09,0.01,0.03,72907.21
1775899363.287,163.287,0.89,0.93,0.07,0.08,0.04,0.01,72907.19
1775899363.801,163.801,0.92,0.93,0.07,0.09,0.01,0.02,72907.19
1775899364.161,164.161,0.92,0.93,0.07,0.08,0.01,0.01,72907.19
1775899364.563,164.563,0.9,0.91,0.07,0.11,0.01,0.04,72907.22
1775899364.957,164.957,0.9,0.91,0.08,0.1,0.01,0.02,72907.22
1775899365.342,165.342,0.88,0.89,0.11,0.12,0.01,0.01,72907.82
1775899365.736,165.736,0.88,0.89,0.11,0.12,0.01,0.01,72907.82
1775899366.132,166.132,0.88,0.89,0.11,0.12,0.01,0.01,72907.82
1775899366.503,166.503,0.88,0.89,0.11,0.12,0.01,0.01,72907.86
1775899366.966,166.966,0.87,0.88,0.11,0.12,0.01,0.01,72907.86
1775899367.352,167.352,0.87,0.88,0.12,0.13,0.01,0.01,72907.12
1775899367.768,167.768,0.87,0.88,0.12,0.13,0.01,0.01,72907.12
1775899368.168,168.168,0.87,0.89,0.12,0.13,0.02,0.01,72907.13
1775899368.956,168.956,0.89,0.9,0.1,0.12,0.01,0.02,72907.13
1775899369.316,169.316,0.88,0.89,0.11,0.12,0.01,0.01,72905.62
1775899369.683,169.683,0.88,0.89,0.11,0.12,0.01,0.01,72905.62
1775899370.202,170.202,0.89,0.9,0.1,0.11,0.01,0.01,72901.66
1775899370.563,170.563,0.88,0.89,0.09,0.11,0.01,0.02,72901.66
1775899370.924,170.924,0.88,0.89,0.11,0.12,0.01,0.01,72901.66
1775899371.263,171.263,0.88,0.89,0.11,0.12,0.01,0.01,72901.66
1775899371.674,171.674,0.88,0.89,0.11,0.12,0.01,0.01,72899.99
1775899372.177,172.177,0.88,0.89,0.11,0.12,0.01,0.01,72899.99
1775899372.602,172.602,0.88,0.89,0.11,0.12,0.01,0.01,72899.87
1775899373.078,173.078,0.88,0.89,0.11,0.12,0.01,0.01,72899.87
1775899373.429,173.429,0.88,0.89,0.11,0.12,0.01,0.01,72897.5
1775899373.792,173.792,0.88,0.89,0.11,0.12,0.01,0.01,72897.5
1775899374.361,174.361,0.88,0.89,0.11,0.12,0.01,0.01,72897.68
1775899374.886,174.886,0.88,0.89,0.11,0.12,0.01,0.01,72897.68
1775899375.717,175.717,0.88,0.89,0.11,0.12,0.01,0.01,72897.76
1775899376.302,176.302,0.88,0.89,0.11,0.12,0.01,0.01,72898.21
1775899376.774,176.774,0.9,0.91,0.09,0.1,0.01,0.01,72898.21
1775899377.126,177.126,0.89,0.9,0.1,0.11,0.01,0.01,72898.01
1775899377.794,177.794,0.87,0.88,0.11,0.13,0.01,0.02,72898.01
1775899378.44,178.44,0.87,0.88,0.12,0.13,0.01,0.01,72898.0
1775899378.906,178.906,0.87,0.88,0.12,0.13,0.01,0.01,72898.0
1775899379.407,179.407,0.87,0.88,0.12,0.13,0.01,0.01,72895.97
1775899379.765,179.765,0.87,0.88,0.12,0.13,0.01,0.01,72895.97
1775899380.288,180.288,0.87,0.89,0.11,0.13,0.02,0.02,72893.18
1775899380.737,180.737,0.88,0.89,0.11,0.12,0.01,0.01,72893.18
1775899381.171,181.171,0.88,0.89,0.11,0.12,0.01,0.01,72893.18
1775899381.512,181.512,0.92,0.93,0.07,0.08,0.01,0.01,72892.6
1775899382.004,182.004,0.92,0.93,0.07,0.08,0.01,0.01,72892.6
1775899382.373,182.373,0.92,0.93,0.07,0.08,0.01,0.01,72892.42
1775899382.732,182.732,0.92,0.93,0.07,0.08,0.01,0.01,72892.42
1775899383.253,183.253,0.92,0.93,0.07,0.08,0.01,0.01,72893.33
1775899383.592,183.592,0.92,0.93,0.07,0.08,0.01,0.01,72893.33
1775899383.941,183.941,0.92,0.93,0.07,0.08,0.01,0.01,72899.33
1775899384.364,184.364,0.92,0.93,0.07,0.08,0.01,0.01,72899.33
1775899384.837,184.837,0.92,0.93,0.07,0.08,0.01,0.01,72899.33
1775899385.306,185.306,0.93,0.94,0.06,0.08,0.01,0.02,72901.53
1775899385.683,185.683,0.92,0.93,0.06,0.08,0.01,0.02,72901.53
1775899386.1,186.1,0.92,0.93,0.07,0.08,0.01,0.01,72901.53
1775899386.531,186.531,0.92,0.94,0.07,0.08,0.02,0.01,72901.94
1775899386.97,186.97,0.93,0.94,0.06,0.07,0.01,0.01,72901.94
1775899387.677,187.677,0.92,0.94,0.06,0.07,0.02,0.01,72902.06
1775899388.041,188.041,0.91,0.93,0.06,0.07,0.02,0.01,72902.06
1775899388.662,188.662,0.92,0.94,0.07,0.09,0.02,0.02,72902.29
1775899389.307,189.307,0.92,0.93,0.07,0.08,0.01,0.01,72903.3
1775899390.057,190.057,0.93,0.94,0.06,0.07,0.01,0.01,72903.3
1775899390.542,190.542,0.93,0.94,0.06,0.07,0.01,0.01,72903.57
1775899390.882,190.882,0.93,0.94,0.06,0.07,0.01,0.01,72903.57
1775899391.365,191.365,0.93,0.95,0.05,0.07,0.02,0.02,72903.59
1775899391.784,191.784,0.94,0.95,0.05,0.06,0.01,0.01,72903.59
1775899392.118,192.118,0.94,0.95,0.05,0.06,0.01,0.01,72903.93
1775899392.508,192.508,0.93,0.94,0.05,0.07,0.01,0.02,72903.93
1775899392.88,192.88,0.93,0.94,0.06,0.07,0.01,0.01,72903.93
1775899393.271,193.271,0.94,0.95,0.05,0.06,0.01,0.01,72904.83
1775899393.745,193.745,0.94,0.95,0.05,0.06,0.01,0.01,72904.83
1775899394.258,194.258,0.94,0.95,0.05,0.06,0.01,0.01,72904.83
1775899394.603,194.603,0.94,0.95,0.05,0.06,0.01,0.01,72905.27
1775899394.94,194.94,0.94,0.95,0.05,0.06,0.01,0.01,72905.41
1775899395.423,195.423,0.95,0.96,0.04,0.05,0.01,0.01,72905.41
1775899395.765,195.765,0.95,0.96,0.04,0.05,0.01,0.01,72905.41
1775899396.117,196.117,0.95,0.96,0.04,0.05,0.01,0.01,72905.54
1775899396.454,196.454,0.95,0.96,0.04,0.05,0.01,0.01,72905.54
1775899396.84,196.84,0.95,0.96,0.04,0.05,0.01,0.01,72905.54
1775899397.205,197.205,0.95,0.96,0.04,0.05,0.01,0.01,72906.85
1775899397.681,197.681,0.95,0.96,0.04,0.05,0.01,0.01,72906.85
1775899398.104,198.104,0.95,0.96,0.04,0.05,0.01,0.01,72909.07
1775899398.595,198.595,0.95,0.96,0.04,0.05,0.01,0.01,72909.07
1775899399.073,199.073,0.95,0.96,0.04,0.05,0.01,0.01,72910.52
1775899399.433,199.433,0.95,0.96,0.04,0.05,0.01,0.01,72910.52
1775899399.826,199.826,0.95,0.96,0.04,0.05,0.01,0.01,72910.52
1775899400.337,200.337,0.95,0.96,0.04,0.05,0.01,0.01,72910.52
1775899400.794,200.794,0.95,0.96,0.04,0.05,0.01,0.01,72913.25
1775899401.274,201.274,0.95,0.96,0.04,0.05,0.01,0.01,72913.25
1775899401.626,201.626,0.95,0.96,0.04,0.05,0.01,0.01,72915.81
1775899402.26,202.26,0.96,0.97,0.03,0.05,0.01,0.02,72915.81
1775899402.602,202.602,0.96,0.97,0.03,0.04,0.01,0.01,72921.62
1775899402.936,202.936,0.96,0.97,0.03,0.04,0.01,0.01,72921.62
1775899403.276,203.276,0.96,0.97,0.03,0.04,0.01,0.01,72924.13
1775899403.677,203.677,0.96,0.97,0.03,0.04,0.01,0.01,72924.13
1775899404.082,204.082,0.96,0.97,0.03,0.04,0.01,0.01,72924.13
1775899404.589,204.589,0.96,0.97,0.03,0.04,0.01,0.01,72926.76
1775899404.965,204.965,0.96,0.97,0.03,0.04,0.01,0.01,72926.76
1775899405.607,205.607,0.96,0.97,0.03,0.04,0.01,0.01,72927.19
1775899406.319,206.319,0.96,0.97,0.03,0.04,0.01,0.01,72927.19
1775899406.723,206.723,0.96,0.97,0.03,0.04,0.01,0.01,72927.19
1775899407.113,207.113,0.96,0.97,0.03,0.04,0.01,0.01,72927.61
1775899407.588,207.588,0.97,0.98,0.02,0.03,0.01,0.01,72927.61
1775899407.984,207.984,0.97,0.98,0.02,0.03,0.01,0.01,72927.61
1775899408.33,208.33,0.97,0.98,0.02,0.03,0.01,0.01,72927.82
1775899408.697,208.697,0.97,0.98,0.02,0.03,0.01,0.01,72927.82
1775899409.133,209.133,0.97,0.98,0.02,0.03,0.01,0.01,72927.82
1775899409.578,209.578,0.97,0.98,0.02,0.03,0.01,0.01,72927.9
1775899409.998,209.998,0.97,0.98,0.02,0.03,0.01,0.01,72927.9
1775899410.369,210.369,0.97,0.98,0.02,0.03,0.01,0.01,72929.86
1775899410.821,210.821,0.97,0.98,0.02,0.03,0.01,0.01,72929.86
1775899411.444,211.444,0.97,0.98,0.02,0.03,0.01,0.01,72929.87
1775899411.842,211.842,0.97,0.98,0.02,0.03,0.01,0.01,72929.87
1775899412.357,212.357,0.97,0.98,0.02,0.03,0.01,0.01,72929.87
1775899412.783,212.783,0.97,0.98,0.02,0.03,0.01,0.01,72929.87
1775899413.217,213.217,0.97,0.98,0.02,0.03,0.01,0.01,72929.87
1775899413.678,213.678,0.98,0.99,0.01,0.02,0.01,0.01,72929.87
1775899414.055,214.055,0.98,0.99,0.01,0.02,0.01,0.01,72929.87
1775899414.414,214.414,0.98,0.99,0.01,0.02,0.01,0.01,72929.87
1775899414.796,214.796,0.98,0.99,0.01,0.02,0.01,0.01,72929.87
1775899415.175,215.175,0.98,0.99,0.01,0.02,0.01,0.01,72929.88
1775899415.653,215.653,0.98,0.99,0.01,0.02,0.01,0.01,72929.88
1775899416.078,216.078,0.98,0.99,0.01,0.02,0.01,0.01,72929.88
1775899416.693,216.693,0.98,0.99,0.01,0.02,0.01,0.01,72925.36
1775899417.041,217.041,0.98,0.99,0.01,0.02,0.01,0.01,72925.36
1775899417.71,217.71,0.97,0.98,0.02,0.03,0.01,0.01,72922.49
1775899418.128,218.128,0.98,0.99,0.02,0.03,0.01,0.01,72917.99
1775899418.562,218.562,0.98,0.99,0.01,0.02,0.01,0.01,72917.99
1775899418.991,218.991,0.98,0.99,0.01,0.02,0.01,0.01,72917.99
1775899419.531,219.531,0.98,0.99,0.01,0.02,0.01,0.01,72916.38
1775899420.203,220.203,0.98,0.99,0.01,0.02,0.01,0.01,72915.77
1775899420.817,220.817,0.98,0.99,0.01,0.02,0.01,0.01,72915.77
1775899421.391,221.391,0.98,0.99,0.01,0.02,0.01,0.01,72915.77
1775899421.756,221.756,0.98,0.99,0.01,0.02,0.01,0.01,72913.72
1775899422.308,222.308,0.98,0.99,0.01,0.02,0.01,0.01,72913.72
1775899422.731,222.731,0.98,0.99,0.01,0.02,0.01,0.01,72913.72
1775899423.255,223.255,0.98,0.99,0.01,0.02,0.01,0.01,72913.73
1775899423.616,223.616,0.98,0.99,0.01,0.02,0.01,0.01,72913.73
1775899424.142,224.142,0.98,0.99,0.01,0.02,0.01,0.01,72913.73
1775899424.64,224.64,0.98,0.99,0.01,0.02,0.01,0.01,72913.09
1775899424.995,224.995,0.97,0.99,0.01,0.02,0.02,0.01,72913.09
1775899425.419,225.419,0.96,0.99,0.01,0.02,0.03,0.01,72912.59
1775899425.8,225.8,0.97,0.98,0.02,0.03,0.01,0.01,72912.59
1775899426.507,226.507,0.97,0.98,0.02,0.03,0.01,0.01,72912.59
1775899426.875,226.875,0.97,0.98,0.02,0.03,0.01,0.01,72912.59
1775899427.541,227.541,0.98,0.99,0.01,0.02,0.01,0.01,72910.92
1775899428.121,228.121,0.98,0.99,0.01,0.02,0.01,0.01,72910.92
1775899428.454,228.454,0.98,0.99,0.01,0.02,0.01,0.01,72910.92
1775899429.147,229.147,0.98,0.99,0.01,0.02,0.01,0.01,72911.07
1775899430.01,230.01,0.98,0.99,0.01,0.02,0.01,0.01,72911.07
1775899430.346,230.346,0.98,0.99,0.01,0.02,0.01,0.01,72911.07
1775899430.795,230.795,0.98,0.99,0.01,0.02,0.01,0.01,72911.07
1775899431.378,231.378,0.97,0.99,0.02,0.03,0.02,0.01,72910.76
1775899431.733,231.733,0.98,0.99,0.01,0.02,0.01,0.01,72910.76
1775899432.345,232.345,0.97,0.98,0.02,0.03,0.01,0.01,72910.76
1775899432.804,232.804,0.97,0.99,0.02,0.03,0.02,0.01,72910.64
1775899433.232,233.232,0.97,0.99,0.02,0.03,0.02,0.01,72910.15
1775899433.586,233.586,0.97,0.98,0.01,0.03,0.01,0.02,72910.15
1775899433.981,233.981,0.97,0.98,0.02,0.03,0.01,0.01,72910.15
1775899434.717,234.717,0.97,0.98,0.02,0.03,0.01,0.01,72909.06
1775899435.518,235.518,0.98,0.99,0.01,0.03,0.01,0.02,72908.5
1775899435.951,235.951,0.98,0.99,0.01,0.02,0.01,0.01,72908.5
1775899436.403,236.403,0.98,0.99,0.01,0.02,0.01,0.01,72907.94
1775899436.82,236.82,0.98,0.99,0.01,0.02,0.01,0.01,72907.94
1775899437.173,237.173,0.98,0.99,0.01,0.02,0.01,0.01,72907.78
1775899437.874,237.874,0.98,0.99,0.01,0.02,0.01,0.01,72907.78
1775899439.371,239.371,0.98,0.99,0.01,0.02,0.01,0.01,72904.86
1775899439.73,239.73,0.98,0.99,0.01,0.02,0.01,0.01,72904.86
1775899440.067,240.067,0.97,0.98,0.02,0.03,0.01,0.01,72904.86
1775899440.443,240.443,0.97,0.98,0.02,0.03,0.01,0.01,72904.88
1775899440.84,240.84,0.97,0.98,0.02,0.03,0.01,0.01,72904.88
1775899441.467,241.467,0.97,0.98,0.02,0.03,0.01,0.01,72903.01
1775899441.843,241.843,0.97,0.98,0.02,0.03,0.01,0.01,72903.01
1775899442.243,242.243,0.97,0.98,0.02,0.03,0.01,0.01,72903.01
1775899442.678,242.678,0.97,0.98,0.02,0.03,0.01,0.01,72901.3
1775899443.034,243.034,0.97,0.98,0.02,0.03,0.01,0.01,72901.3
1775899443.63,243.63,0.97,0.98,0.02,0.03,0.01,0.01,72900.07
1775899444.185,244.185,0.97,0.99,0.02,0.03,0.02,0.01,72900.07
1775899444.541,244.541,0.97,0.98,0.02,0.03,0.01,0.01,72900.07
1775899444.877,244.877,0.97,0.98,0.02,0.03,0.01,0.01,72900.07
1775899445.262,245.262,0.97,0.98,0.02,0.03,0.01,0.01,72898.62
1775899446.246,246.246,0.97,0.98,0.02,0.03,0.01,0.01,72897.68
1775899446.718,246.718,0.97,0.98,0.02,0.03,0.01,0.01,72897.68
1775899447.536,247.536,0.97,0.98,0.02,0.03,0.01,0.01,72897.51
1775899447.951,247.951,0.97,0.98,0.02,0.03,0.01,0.01,72897.51
1775899448.306,248.306,0.97,0.98,0.02,0.03,0.01,0.01,72895.76
1775899448.844,248.844,0.97,0.98,0.02,0.03,0.01,0.01,72895.76
1775899449.318,249.318,0.97,0.98,0.02,0.03,0.01,0.01,72895.76
1775899450.062,250.062,0.97,0.98,0.02,0.03,0.01,0.01,72896.13
1775899450.409,250.409,0.97,0.98,0.02,0.03,0.01,0.01,72897.05
1775899450.875,250.875,0.97,0.98,0.02,0.03,0.01,0.01,72897.05
1775899451.413,251.413,0.97,0.98,0.02,0.03,0.01,0.01,72897.05
1775899451.887,251.887,0.97,0.98,0.02,0.03,0.01,0.01,72897.05
1775899452.37,252.37,0.96,0.98,0.02,0.03,0.02,0.01,72896.71
1775899452.771,252.771,0.96,0.97,0.03,0.04,0.01,0.01,72896.71
1775899453.132,253.132,0.96,0.97,0.03,0.04,0.01,0.01,72895.77
1775899453.579,253.579,0.96,0.98,0.02,0.04,0.02,0.02,72895.61
1775899454.524,254.524,0.96,0.98,0.02,0.04,0.02,0.02,72895.29
1775899454.889,254.889,0.97,0.98,0.02,0.04,0.01,0.02,72895.29
1775899455.703,255.703,0.97,0.98,0.02,0.03,0.01,0.01,72892.49
1775899456.227,256.227,0.97,0.98,0.02,0.03,0.01,0.01,72892.49
1775899456.684,256.684,0.97,0.98,0.02,0.03,0.01,0.01,72893.27
1775899457.561,257.561,0.97,0.98,0.02,0.03,0.01,0.01,72893.27
1775899458.012,258.012,0.96,0.98,0.02,0.03,0.02,0.01,72892.85
1775899458.43,258.43,0.97,0.98,0.02,0.03,0.01,0.01,72892.85
1775899458.838,258.838,0.97,0.98,0.02,0.03,0.01,0.01,72892.85
1775899459.697,259.697,0.97,0.98,0.02,0.03,0.01,0.01,72892.1
1775899460.34,260.34,0.97,0.98,0.02,0.03,0.01,0.01,72892.1
1775899460.791,260.791,0.97,0.98,0.02,0.03,0.01,0.01,72893.31
1775899461.219,261.219,0.97,0.98,0.02,0.03,0.01,0.01,72893.31
1775899461.6,261.6,0.97,0.98,0.02,0.03,0.01,0.01,72893.31
1775899461.966,261.966,0.96,0.97,0.02,0.04,0.01,0.02,72893.79
1775899462.746,262.746,0.97,0.98,0.02,0.04,0.01,0.02,72894.06
1775899463.145,263.145,0.97,0.98,0.02,0.03,0.01,0.01,72894.4
1775899463.515,263.515,0.97,0.98,0.02,0.03,0.01,0.01,72894.4
1775899464.088,264.088,0.97,0.98,0.02,0.03,0.01,0.01,72894.4
1775899465.233,265.233,0.97,0.98,0.02,0.03,0.01,0.01,72894.13
1775899465.589,265.589,0.97,0.98,0.02,0.03,0.01,0.01,72894.13
1775899466.367,266.367,0.97,0.98,0.02,0.03,0.01,0.01,72894.13
1775899466.707,266.707,0.97,0.98,0.02,0.03,0.01,0.01,72894.13
1775899467.448,267.448,0.97,0.98,0.02,0.03,0.01,0.01,72894.13
1775899468.024,268.024,0.97,0.98,0.02,0.03,0.01,0.01,72894.37
1775899468.555,268.555,0.97,0.98,0.02,0.03,0.01,0.01,72893.3
1775899469.311,269.311,0.97,0.98,0.01,0.03,0.01,0.02,72890.22
1775899470.075,270.075,0.97,0.99,0.01,0.03,0.02,0.02,72890.22
1775899470.441,270.441,0.97,0.99,0.02,0.03,0.02,0.01,72890.31
1775899470.858,270.858,0.98,0.99,0.01,0.02,0.01,0.01,72890.31
1775899471.419,271.419,0.97,0.98,0.02,0.03,0.01,0.01,72890.87
1775899471.93,271.93,0.97,0.98,0.01,0.03,0.01,0.02,72890.87
1775899472.264,272.264,0.97,0.98,0.01,0.03,0.01,0.02,72890.31
1775899472.816,272.816,0.97,0.99,0.02,0.03,0.02,0.01,72890.31
1775899473.176,273.176,0.97,0.98,0.01,0.03,0.01,0.02,72890.31
1775899473.792,273.792,0.98,0.99,0.02,0.03,0.01,0.01,72889.61
1775899474.153,274.153,0.98,0.99,0.01,0.02,0.01,0.01,72889.61
1775899474.812,274.812,0.98,0.99,0.01,0.02,0.01,0.01,72889.61
1775899475.215,275.215,0.98,0.99,0.01,0.02,0.01,0.01,72889.39
1775899475.553,275.553,0.98,0.99,0.01,0.02,0.01,0.01,72889.39
1775899475.9,275.9,0.99,0.99,0.01,0.01,0.0,0.0,72889.39
1775899476.281,276.281,0.99,0.99,0.01,0.01,0.0,0.0,72889.39
1775899476.676,276.676,0.99,0.99,0.01,0.01,0.0,0.0,72889.3
1775899477.043,277.043,0.99,0.99,0.01,0.01,0.0,0.0,72889.3
1775899477.439,277.439,0.99,0.99,0.01,0.01,0.0,0.0,72892.38
1775899477.772,277.772,0.99,0.99,0.01,0.01,0.0,0.0,72892.38
1775899478.124,278.124,0.99,0.99,0.01,0.01,0.0,0.0,72890.45
1775899478.465,278.465,0.99,0.99,0.01,0.01,0.0,0.0,72890.45
1775899478.814,278.814,0.99,0.99,0.01,0.01,0.0,0.0,72890.45
1775899479.254,279.254,0.99,0.99,0.01,0.01,0.0,0.0,72891.32
1775899479.806,279.806,0.99,0.99,0.01,0.01,0.0,0.0,72891.32
1775899480.157,280.157,0.99,0.99,0.01,0.01,0.0,0.0,72891.32
1775899480.522,280.522,0.99,0.99,0.01,0.01,0.0,0.0,72891.32
1775899480.993,280.993,0.99,0.99,0.01,0.01,0.0,0.0,72891.32
1775899481.623,281.623,0.99,0.99,0.01,0.01,0.0,0.0,72890.54
1775899481.961,281.961,0.98,0.99,0.01,0.02,0.01,0.01,72890.54
1775899482.315,282.315,0.98,0.99,0.01,0.02,0.01,0.01,72890.54
1775899482.697,282.697,0.96,0.97,0.02,0.04,0.01,0.02,72890.54
1775899483.059,283.059,0.96,0.97,0.03,0.04,0.01,0.01,72890.54
1775899483.429,283.429,0.96,0.97,0.03,0.04,0.01,0.01,72890.54
1775899483.814,283.814,0.96,0.97,0.03,0.04,0.01,0.01,72890.41
1775899484.17,284.17,0.96,0.98,0.02,0.03,0.02,0.01,72890.41
1775899484.531,284.531,0.95,0.97,0.03,0.04,0.02,0.01,72890.41
1775899484.875,284.875,0.96,0.97,0.03,0.04,0.01,0.01,72890.41
1775899485.266,285.266,0.91,0.92,0.08,0.09,0.01,0.01,72890.41
1775899485.625,285.625,0.91,0.92,0.08,0.09,0.01,0.01,72890.41
1775899485.967,285.967,0.86,0.87,0.13,0.14,0.01,0.01,72889.65
1775899486.379,286.379,0.86,0.87,0.13,0.14,0.01,0.01,72889.65
1775899486.725,286.725,0.86,0.87,0.13,0.14,0.01,0.01,72889.18
1775899487.061,287.061,0.86,0.87,0.13,0.14,0.01,0.01,72889.18
1775899487.397,287.397,0.86,0.87,0.13,0.14,0.01,0.01,72887.85
1775899487.734,287.734,0.98,0.99,0.01,0.02,0.01,0.01,72887.85
1775899488.08,288.08,0.98,0.99,0.01,0.02,0.01,0.01,72887.85
1775899488.421,288.421,0.98,0.99,0.01,0.02,0.01,0.01,72885.21
1775899488.788,288.788,0.98,0.99,0.01,0.02,0.01,0.01,72885.21
1775899489.121,289.121,0.98,0.99,0.01,0.02,0.01,0.01,72885.21
1775899489.46,289.46,0.98,0.99,0.01,0.02,0.01,0.01,72885.21
1775899489.795,289.795,0.98,0.99,0.01,0.02,0.01,0.01,72883.84
1775899490.134,290.134,0.98,0.99,0.01,0.02,0.01,0.01,72883.84
1775899490.477,290.477,0.98,0.99,0.01,0.02,0.01,0.01,72883.84
1775899490.854,290.854,0.98,0.99,0.01,0.02,0.01,0.01,72881.19
1775899491.299,291.299,0.98,0.99,0.01,0.02,0.01,0.01,72881.19
1775899491.672,291.672,0.98,0.99,0.01,0.02,0.01,0.01,72883.17
1775899492.053,292.053,0.98,0.99,0.01,0.02,0.01,0.01,72883.17
1775899492.387,292.387,0.98,0.99,0.01,0.02,0.01,0.01,72883.17
1775899492.739,292.739,0.98,0.99,0.01,0.02,0.01,0.01,72883.17
1775899493.54,293.54,0.98,0.99,0.01,0.02,0.01,0.01,72882.9
1775899493.875,293.875,0.98,0.99,0.01,0.02,0.01,0.01,72882.9
1775899494.277,294.277,0.98,0.99,0.01,0.02,0.01,0.01,72882.9
1775899494.708,294.708,0.98,0.99,0.01,0.02,0.01,0.01,72882.9
1775899495.082,295.082,0.98,0.99,0.01,0.02,0.01,0.01,72882.68
1775899495.459,295.459,0.98,0.99,0.01,0.02,0.01,0.01,72882.68
1775899495.801,295.801,0.98,0.99,0.01,0.02,0.01,0.01,72882.68
1775899496.142,296.142,0.98,0.99,0.01,0.02,0.01,0.01,72882.68
1775899496.516,296.516,0.98,0.99,0.01,0.02,0.01,0.01,72882.68
1775899496.866,296.866,0.96,0.97,0.02,0.04,0.01,0.02,72882.68
1775899497.232,297.232,0.98,0.99,0.01,0.02,0.01,0.01,72883.17
1775899497.582,297.582,0.98,0.99,0.01,0.02,0.01,0.01,72883.28
1775899497.984,297.984,0.98,0.99,0.01,0.02,0.01,0.01,72883.17
1775899498.327,298.327,0.98,0.99,0.01,0.02,0.01,0.01,72883.17
1775899498.763,298.763,0.99,0.99,0.01,0.01,0.0,0.0,72883.17
1775899499.109,299.109,0.99,0.99,0.01,0.01,0.0,0.0,72883.17
1775899499.505,299.505,0.99,0.99,0.01,0.01,0.0,0.0,72883.17
1775899499.999,299.999,0.99,0.99,0.01,0.01,0.0,0.0,72884.64
1775899500.397,300.397,0.99,0.99,0.01,0.01,0.0,0.0,72884.64
1775899500.731,300.731,0.99,0.99,0.01,0.01,0.0,0.0,72884.64
