timestamp,elapsed_sec,up_bid,up_ask,down_bid,down_ask,up_spread,down_spread,btc_price,btc_oracle_ts
1777264200.551,0.551,0.54,0.55,0.45,0.46,0.01,0.01,79132.57,1777264199000
1777264201.008,1.008,0.54,0.55,0.45,0.46,0.01,0.01,79132.57,1777264199000
1777264201.39,1.39,0.54,0.55,0.45,0.46,0.01,0.01,79132.57,1777264200000
1777264201.786,1.786,0.55,0.56,0.44,0.46,0.01,0.02,79132.57,1777264200000
1777264202.401,2.401,0.55,0.56,0.44,0.45,0.01,0.01,79132.57,1777264201000
1777264202.983,2.983,0.55,0.56,0.44,0.45,0.01,0.01,79132.57,1777264201000
1777264203.321,3.321,0.55,0.56,0.44,0.45,0.01,0.01,79132.57,1777264202000
1777264203.683,3.683,0.56,0.57,0.43,0.45,0.01,0.02,79132.57,1777264202000
1777264204.095,4.095,0.56,0.57,0.43,0.44,0.01,0.01,79132.57,1777264203000
1777264204.488,4.488,0.56,0.57,0.43,0.44,0.01,0.01,79132.57,1777264203000
1777264205.141,5.141,0.56,0.57,0.43,0.44,0.01,0.01,79132.57,1777264203000
1777264205.633,5.633,0.56,0.57,0.43,0.44,0.01,0.01,79135.25,1777264204000
1777264206.316,6.316,0.56,0.57,0.43,0.44,0.01,0.01,79135.25,1777264204000
1777264206.884,6.884,0.57,0.58,0.42,0.43,0.01,0.01,79135.3,1777264205000
1777264207.475,7.475,0.57,0.58,0.42,0.43,0.01,0.01,79135.3,1777264206000
1777264207.817,7.817,0.62,0.63,0.37,0.38,0.01,0.01,79135.3,1777264206000
1777264208.152,8.152,0.64,0.69,0.31,0.32,0.05,0.01,79135.29,1777264207000
1777264208.564,8.564,0.68,0.69,0.31,0.32,0.01,0.01,79135.29,1777264207000
1777264208.92,8.92,0.68,0.69,0.31,0.32,0.01,0.01,79135.29,1777264207000
1777264209.281,9.281,0.68,0.69,0.31,0.32,0.01,0.01,79136.0,1777264208000
1777264209.855,9.855,0.68,0.69,0.31,0.32,0.01,0.01,79136.0,1777264208000
1777264210.37,10.37,0.68,0.69,0.31,0.32,0.01,0.01,79150.95,1777264209000
1777264210.731,10.731,0.65,0.69,0.31,0.32,0.04,0.01,79150.95,1777264209000
1777264211.099,11.099,0.67,0.68,0.32,0.33,0.01,0.01,79150.95,1777264209000
1777264211.493,11.493,0.65,0.67,0.33,0.34,0.02,0.01,79150.95,1777264209000
1777264211.837,11.837,0.66,0.67,0.33,0.34,0.01,0.01,79152.84,1777264210000
1777264212.245,12.245,0.66,0.67,0.33,0.34,0.01,0.01,79152.77,1777264211000
1777264213.003,13.003,0.66,0.67,0.33,0.34,0.01,0.01,79152.77,1777264211000
1777264213.388,13.388,0.66,0.67,0.33,0.34,0.01,0.01,79153.04,1777264212000
1777264213.93,13.93,0.66,0.67,0.33,0.34,0.01,0.01,79153.04,1777264212000
1777264214.276,14.276,0.65,0.67,0.33,0.35,0.02,0.02,79153.04,1777264212000
1777264214.757,14.757,0.65,0.66,0.33,0.35,0.01,0.02,79153.57,1777264213000
1777264215.109,15.109,0.71,0.76,0.25,0.29,0.05,0.04,79153.41,1777264214000
1777264215.456,15.456,0.7,0.79,0.21,0.25,0.09,0.04,79153.41,1777264214000
1777264215.789,15.789,0.7,0.75,0.25,0.3,0.05,0.05,79153.41,1777264214000
1777264216.146,16.146,0.7,0.73,0.25,0.33,0.03,0.08,79153.41,1777264214000
1777264216.9,16.9,0.7,0.71,0.25,0.3,0.01,0.05,79153.53,1777264215000
1777264217.237,17.237,0.62,0.71,0.28,0.38,0.09,0.1,79153.53,1777264215000
1777264217.609,17.609,0.63,0.64,0.36,0.37,0.01,0.01,79162.2,1777264216000
1777264217.95,17.95,0.64,0.65,0.35,0.36,0.01,0.01,79162.13,1777264217000
1777264218.295,18.295,0.64,0.65,0.35,0.36,0.01,0.01,79162.13,1777264217000
1777264218.638,18.638,0.66,0.67,0.33,0.34,0.01,0.01,79162.13,1777264217000
1777264218.977,18.977,0.65,0.67,0.33,0.35,0.02,0.02,79162.13,1777264217000
1777264219.328,19.328,0.64,0.65,0.35,0.36,0.01,0.01,79162.13,1777264217000
1777264219.687,19.687,0.64,0.65,0.35,0.39,0.01,0.04,79157.39,1777264218000
1777264220.043,20.043,0.64,0.65,0.35,0.36,0.01,0.01,79157.39,1777264218000
1777264220.458,20.458,0.67,0.68,0.32,0.33,0.01,0.01,79157.39,1777264218000
1777264221.001,21.001,0.67,0.71,0.32,0.33,0.04,0.01,79157.23,1777264219000
1777264221.371,21.371,0.67,0.68,0.32,0.33,0.01,0.01,79157.25,1777264220000
1777264222.097,22.097,0.67,0.69,0.31,0.33,0.02,0.02,79157.31,1777264221000
1777264222.463,22.463,0.67,0.68,0.31,0.33,0.01,0.02,79157.31,1777264221000
1777264223.062,23.062,0.67,0.68,0.32,0.33,0.01,0.01,79157.31,1777264221000
1777264223.442,23.442,0.67,0.68,0.32,0.33,0.01,0.01,79157.3,1777264222000
1777264224.259,24.259,0.67,0.68,0.32,0.33,0.01,0.01,79157.3,1777264223000
1777264224.876,24.876,0.67,0.68,0.32,0.33,0.01,0.01,79157.3,1777264223000
1777264225.475,25.475,0.68,0.69,0.31,0.32,0.01,0.01,79157.3,1777264223000
1777264226.168,26.168,0.67,0.69,0.31,0.32,0.02,0.01,79157.3,1777264224000
1777264226.518,26.518,0.68,0.76,0.28,0.32,0.08,0.04,79157.3,1777264224000
1777264226.857,26.857,0.75,0.77,0.23,0.25,0.02,0.02,79157.3,1777264224000
1777264227.216,27.216,0.78,0.79,0.21,0.23,0.01,0.02,79157.3,1777264225000
1777264227.586,27.586,0.79,0.8,0.19,0.22,0.01,0.03,79157.3,1777264225000
1777264227.937,27.937,0.79,0.8,0.2,0.21,0.01,0.01,79157.49,1777264226000
1777264228.406,28.406,0.78,0.79,0.2,0.21,0.01,0.01,79160.62,1777264227000
1777264228.772,28.772,0.76,0.77,0.23,0.24,0.01,0.01,79160.62,1777264227000
1777264229.583,29.583,0.76,0.77,0.23,0.24,0.01,0.01,79172.65,1777264228000
1777264229.996,29.996,0.76,0.77,0.23,0.24,0.01,0.01,79172.65,1777264228000
1777264230.344,30.344,0.75,0.77,0.23,0.25,0.02,0.02,79172.31,1777264229000
1777264230.833,30.833,0.74,0.75,0.24,0.26,0.01,0.02,79172.31,1777264229000
1777264231.2,31.2,0.73,0.75,0.25,0.27,0.02,0.02,79172.31,1777264230000
1777264232.032,32.032,0.74,0.75,0.25,0.27,0.01,0.02,79172.31,1777264230000
1777264232.384,32.384,0.73,0.74,0.25,0.27,0.01,0.02,79172.31,1777264231000
1777264232.888,32.888,0.73,0.74,0.26,0.27,0.01,0.01,79172.31,1777264231000
1777264233.236,33.236,0.59,0.67,0.33,0.41,0.08,0.08,79172.31,1777264231000
1777264233.592,33.592,0.65,0.67,0.33,0.41,0.02,0.08,79172.63,1777264232000
1777264233.956,33.956,0.61,0.63,0.37,0.38,0.02,0.01,79172.63,1777264232000
1777264234.3,34.3,0.61,0.62,0.38,0.39,0.01,0.01,79152.4,1777264233000
1777264234.681,34.681,0.58,0.59,0.4,0.42,0.01,0.02,79152.4,1777264233000
1777264235.047,35.047,0.58,0.59,0.41,0.42,0.01,0.01,79152.4,1777264233000
1777264235.394,35.394,0.58,0.59,0.41,0.42,0.01,0.01,79147.4,1777264234000
1777264235.895,35.895,0.58,0.59,0.41,0.42,0.01,0.01,79147.4,1777264234000
1777264236.228,36.228,0.57,0.58,0.42,0.43,0.01,0.01,79147.4,1777264234000
1777264236.598,36.598,0.57,0.58,0.42,0.43,0.01,0.01,79147.1,1777264235000
1777264236.973,36.973,0.57,0.58,0.42,0.43,0.01,0.01,79147.1,1777264235000
1777264237.353,37.353,0.57,0.58,0.42,0.43,0.01,0.01,79145.64,1777264236000
1777264237.775,37.775,0.56,0.57,0.43,0.44,0.01,0.01,79145.64,1777264236000
1777264238.154,38.154,0.55,0.56,0.43,0.45,0.01,0.02,79145.64,1777264236000
1777264238.592,38.592,0.54,0.55,0.45,0.46,0.01,0.01,79143.94,1777264237000
1777264239.26,39.26,0.54,0.55,0.45,0.46,0.01,0.01,79143.94,1777264237000
1777264239.665,39.665,0.54,0.55,0.45,0.46,0.01,0.01,79143.31,1777264238000
1777264240.125,40.125,0.54,0.55,0.45,0.46,0.01,0.01,79143.31,1777264238000
1777264240.492,40.492,0.51,0.53,0.47,0.49,0.02,0.02,79143.3,1777264239000
1777264240.919,40.919,0.52,0.53,0.47,0.48,0.01,0.01,79143.3,1777264239000
1777264241.365,41.365,0.52,0.55,0.47,0.48,0.03,0.01,79143.3,1777264239000
1777264241.798,41.798,0.52,0.53,0.47,0.48,0.01,0.01,79138.62,1777264240000
1777264242.131,42.131,0.52,0.53,0.47,0.48,0.01,0.01,79136.15,1777264241000
1777264242.943,42.943,0.52,0.53,0.47,0.48,0.01,0.01,79136.15,1777264241000
1777264243.317,43.317,0.52,0.53,0.47,0.48,0.01,0.01,79136.15,1777264242000
1777264243.866,43.866,0.52,0.53,0.47,0.48,0.01,0.01,79136.15,1777264242000
1777264244.413,44.413,0.52,0.53,0.47,0.48,0.01,0.01,79136.25,1777264243000
1777264245.169,45.169,0.52,0.53,0.47,0.48,0.01,0.01,79136.25,1777264244000
1777264245.552,45.552,0.52,0.53,0.47,0.48,0.01,0.01,79136.25,1777264244000
1777264245.963,45.963,0.52,0.53,0.47,0.48,0.01,0.01,79136.25,1777264244000
1777264246.298,46.298,0.52,0.53,0.47,0.48,0.01,0.01,79136.25,1777264245000
1777264247.193,47.193,0.52,0.53,0.47,0.48,0.01,0.01,79136.25,1777264245000
1777264247.587,47.587,0.52,0.53,0.47,0.48,0.01,0.01,79136.25,1777264246000
1777264247.921,47.921,0.5,0.51,0.49,0.5,0.01,0.01,79136.25,1777264246000
1777264248.274,48.274,0.48,0.49,0.5,0.51,0.01,0.01,79136.25,1777264247000
1777264248.649,48.649,0.47,0.48,0.52,0.53,0.01,0.01,79136.25,1777264247000
1777264248.993,48.993,0.47,0.48,0.52,0.53,0.01,0.01,79136.25,1777264247000
1777264249.571,49.571,0.47,0.48,0.52,0.53,0.01,0.01,79136.25,1777264248000
1777264250.045,50.045,0.46,0.47,0.52,0.54,0.01,0.02,79136.25,1777264248000
1777264250.674,50.674,0.46,0.47,0.53,0.54,0.01,0.01,79135.5,1777264249000
1777264251.062,51.062,0.46,0.47,0.53,0.54,0.01,0.01,79135.5,1777264249000
1777264251.493,51.493,0.46,0.47,0.53,0.54,0.01,0.01,79134.81,1777264250000
1777264251.86,51.86,0.47,0.48,0.52,0.54,0.01,0.02,79134.81,1777264250000
1777264252.221,52.221,0.48,0.5,0.51,0.52,0.02,0.01,79134.3,1777264251000
1777264253.02,53.02,0.48,0.5,0.5,0.52,0.02,0.02,79133.61,1777264252000
1777264253.614,53.614,0.49,0.5,0.5,0.51,0.01,0.01,79133.61,1777264252000
1777264253.981,53.981,0.49,0.5,0.5,0.51,0.01,0.01,79133.61,1777264252000
1777264254.924,54.924,0.49,0.5,0.5,0.51,0.01,0.01,79133.81,1777264254000
1777264255.785,55.785,0.49,0.5,0.5,0.51,0.01,0.01,79133.81,1777264254000
1777264256.688,56.688,0.49,0.5,0.5,0.51,0.01,0.01,79133.81,1777264255000
1777264257.42,57.42,0.48,0.49,0.51,0.52,0.01,0.01,79133.81,1777264256000
1777264257.902,57.902,0.45,0.46,0.53,0.55,0.01,0.02,79133.81,1777264256000
1777264258.325,58.325,0.44,0.45,0.54,0.56,0.01,0.02,79133.81,1777264257000
1777264258.66,58.66,0.44,0.45,0.55,0.56,0.01,0.01,79133.81,1777264257000
1777264259.164,59.164,0.44,0.45,0.55,0.56,0.01,0.01,79133.81,1777264257000
1777264259.972,59.972,0.44,0.45,0.55,0.56,0.01,0.01,79132.4,1777264259000
1777264260.406,60.406,0.44,0.45,0.55,0.56,0.01,0.01,79132.4,1777264259000
1777264260.956,60.956,0.44,0.45,0.55,0.56,0.01,0.01,79132.4,1777264259000
1777264261.295,61.295,0.4,0.42,0.58,0.6,0.02,0.02,79132.41,1777264260000
1777264261.678,61.678,0.38,0.39,0.61,0.62,0.01,0.01,79132.41,1777264260000
1777264262.025,62.025,0.38,0.39,0.61,0.62,0.01,0.01,79132.41,1777264260000
1777264262.37,62.37,0.37,0.39,0.61,0.62,0.02,0.01,79131.71,1777264261000
1777264262.858,62.858,0.36,0.37,0.63,0.64,0.01,0.01,79131.71,1777264261000
1777264263.265,63.265,0.36,0.37,0.63,0.64,0.01,0.01,79131.71,1777264261000
1777264263.71,63.71,0.36,0.37,0.63,0.64,0.01,0.01,79131.71,1777264261000
1777264264.046,64.046,0.36,0.37,0.63,0.64,0.01,0.01,79131.71,1777264261000
1777264264.553,64.553,0.36,0.37,0.63,0.64,0.01,0.01,79120.75,1777264262000
1777264264.962,64.962,0.36,0.37,0.63,0.64,0.01,0.01,79120.1,1777264263000
1777264265.301,65.301,0.36,0.37,0.63,0.64,0.01,0.01,79120.1,1777264263000
1777264265.672,65.672,0.32,0.33,0.66,0.69,0.01,0.03,79119.98,1777264264000
1777264266.046,66.046,0.3,0.32,0.68,0.69,0.02,0.01,79119.98,1777264264000
1777264266.38,66.38,0.3,0.31,0.69,0.7,0.01,0.01,79120.56,1777264265000
1777264266.847,66.847,0.3,0.31,0.69,0.7,0.01,0.01,79120.56,1777264265000
1777264267.276,67.276,0.3,0.31,0.69,0.7,0.01,0.01,79120.56,1777264265000
1777264267.663,67.663,0.3,0.31,0.69,0.7,0.01,0.01,79114.94,1777264266000
1777264268.045,68.045,0.3,0.31,0.69,0.7,0.01,0.01,79114.94,1777264266000
1777264268.551,68.551,0.3,0.31,0.69,0.7,0.01,0.01,79113.71,1777264267000
1777264268.988,68.988,0.3,0.31,0.69,0.7,0.01,0.01,79113.71,1777264267000
1777264269.431,69.431,0.3,0.31,0.69,0.7,0.01,0.01,79111.87,1777264268000
1777264270.043,70.043,0.3,0.31,0.69,0.7,0.01,0.01,79111.87,1777264268000
1777264270.437,70.437,0.38,0.42,0.58,0.62,0.04,0.04,79111.87,1777264268000
1777264270.87,70.87,0.41,0.42,0.58,0.59,0.01,0.01,79111.87,1777264268000
1777264271.213,71.213,0.43,0.45,0.55,0.57,0.02,0.02,79111.87,1777264268000
1777264271.638,71.638,0.44,0.45,0.55,0.56,0.01,0.01,79112.79,1777264270000
1777264272.146,72.146,0.44,0.45,0.55,0.56,0.01,0.01,79112.79,1777264270000
1777264272.654,72.654,0.44,0.45,0.55,0.56,0.01,0.01,79112.79,1777264270000
1777264273.05,73.05,0.44,0.45,0.55,0.56,0.01,0.01,79120.77,1777264271000
1777264273.383,73.383,0.44,0.45,0.55,0.56,0.01,0.01,79120.77,1777264271000
1777264273.759,73.759,0.44,0.45,0.55,0.56,0.01,0.01,79120.77,1777264271000
1777264274.202,74.202,0.44,0.45,0.55,0.56,0.01,0.01,79120.79,1777264272000
1777264275.223,75.223,0.44,0.45,0.55,0.56,0.01,0.01,79120.79,1777264272000
1777264275.723,75.723,0.44,0.45,0.55,0.56,0.01,0.01,79120.79,1777264273000
1777264276.268,76.268,0.44,0.45,0.55,0.56,0.01,0.01,79120.79,1777264273000
1777264277.645,77.645,0.44,0.45,0.55,0.56,0.01,0.01,79120.79,1777264276000
1777264278.624,78.624,0.44,0.45,0.55,0.56,0.01,0.01,79120.79,1777264277000
1777264279.025,79.025,0.43,0.44,0.56,0.57,0.01,0.01,79120.79,1777264277000
1777264279.386,79.386,0.5,0.51,0.49,0.5,0.01,0.01,79120.79,1777264277000
1777264279.753,79.753,0.5,0.51,0.49,0.51,0.01,0.02,79120.79,1777264278000
1777264280.105,80.105,0.48,0.5,0.5,0.52,0.02,0.02,79120.79,1777264278000
1777264280.633,80.633,0.48,0.49,0.51,0.52,0.01,0.01,79120.79,1777264279000
1777264280.97,80.97,0.48,0.49,0.51,0.52,0.01,0.01,79120.79,1777264279000
1777264281.364,81.364,0.49,0.5,0.5,0.51,0.01,0.01,79124.88,1777264280000
1777264281.708,81.708,0.49,0.5,0.5,0.51,0.01,0.01,79124.88,1777264280000
1777264282.117,82.117,0.49,0.5,0.5,0.51,0.01,0.01,79124.88,1777264280000
1777264282.507,82.507,0.49,0.5,0.5,0.51,0.01,0.01,79125.96,1777264281000
1777264282.865,82.865,0.48,0.5,0.5,0.51,0.02,0.01,79125.96,1777264281000
1777264283.2,83.2,0.48,0.49,0.51,0.52,0.01,0.01,79126.67,1777264282000
1777264283.703,83.703,0.48,0.49,0.51,0.52,0.01,0.01,79126.67,1777264282000
1777264284.163,84.163,0.47,0.49,0.51,0.52,0.02,0.01,79126.67,1777264282000
1777264284.545,84.545,0.44,0.45,0.55,0.56,0.01,0.01,79126.67,1777264282000
1777264285.172,85.172,0.43,0.44,0.55,0.56,0.01,0.01,79126.67,1777264282000
1777264285.589,85.589,0.43,0.44,0.56,0.57,0.01,0.01,79126.81,1777264284000
1777264286.45,86.45,0.43,0.44,0.56,0.57,0.01,0.01,79126.81,1777264284000
1777264286.813,86.813,0.43,0.44,0.56,0.57,0.01,0.01,79126.81,1777264284000
1777264287.476,87.476,0.43,0.44,0.56,0.57,0.01,0.01,79126.32,1777264286000
1777264287.812,87.812,0.43,0.44,0.56,0.57,0.01,0.01,79126.32,1777264286000
1777264288.155,88.155,0.42,0.43,0.57,0.58,0.01,0.01,79126.32,1777264286000
1777264288.819,88.819,0.41,0.42,0.58,0.59,0.01,0.01,79125.95,1777264287000
1777264289.858,89.858,0.41,0.42,0.58,0.59,0.01,0.01,79123.57,1777264288000
1777264290.209,90.209,0.38,0.39,0.61,0.62,0.01,0.01,79123.57,1777264288000
1777264290.543,90.543,0.38,0.39,0.61,0.62,0.01,0.01,79123.57,1777264288000
1777264290.878,90.878,0.38,0.39,0.61,0.62,0.01,0.01,79121.92,1777264289000
1777264291.304,91.304,0.38,0.39,0.61,0.62,0.01,0.01,79121.92,1777264289000
1777264291.682,91.682,0.38,0.39,0.61,0.62,0.01,0.01,79121.79,1777264290000
1777264292.05,92.05,0.38,0.39,0.61,0.62,0.01,0.01,79121.79,1777264290000
1777264292.405,92.405,0.38,0.39,0.61,0.62,0.01,0.01,79121.62,1777264291000
1777264292.857,92.857,0.38,0.39,0.61,0.62,0.01,0.01,79121.62,1777264291000
1777264293.221,93.221,0.35,0.36,0.64,0.65,0.01,0.01,79121.62,1777264291000
1777264293.896,93.896,0.35,0.36,0.64,0.65,0.01,0.01,79120.46,1777264292000
1777264294.296,94.296,0.33,0.34,0.64,0.66,0.01,0.02,79121.63,1777264293000
1777264294.669,94.669,0.31,0.32,0.68,0.69,0.01,0.01,79121.63,1777264293000
1777264295.214,95.214,0.33,0.34,0.66,0.67,0.01,0.01,79121.63,1777264293000
1777264295.959,95.959,0.33,0.34,0.66,0.67,0.01,0.01,79121.63,1777264293000
1777264296.438,96.438,0.33,0.34,0.66,0.67,0.01,0.01,79116.07,1777264295000
1777264296.793,96.793,0.33,0.34,0.66,0.67,0.01,0.01,79116.07,1777264295000
1777264297.169,97.169,0.33,0.34,0.66,0.67,0.01,0.01,79115.56,1777264296000
1777264298.007,98.007,0.33,0.34,0.66,0.67,0.01,0.01,79114.23,1777264297000
1777264298.438,98.438,0.33,0.34,0.66,0.67,0.01,0.01,79114.23,1777264297000
1777264299.165,99.165,0.33,0.34,0.66,0.67,0.01,0.01,79114.23,1777264298000
1777264299.606,99.606,0.33,0.34,0.66,0.67,0.01,0.01,79114.23,1777264298000
1777264300.304,100.304,0.33,0.34,0.66,0.67,0.01,0.01,79114.13,1777264299000
1777264300.69,100.69,0.33,0.34,0.66,0.67,0.01,0.01,79114.13,1777264299000
1777264301.592,101.592,0.33,0.34,0.66,0.67,0.01,0.01,79114.13,1777264300000
1777264302.025,102.025,0.32,0.33,0.67,0.68,0.01,0.01,79114.13,1777264300000
1777264303.019,103.019,0.28,0.31,0.69,0.7,0.03,0.01,79113.85,1777264301000
1777264303.428,103.428,0.26,0.27,0.73,0.74,0.01,0.01,79113.74,1777264302000
1777264303.848,103.848,0.24,0.25,0.74,0.76,0.01,0.02,79113.74,1777264302000
1777264304.304,104.304,0.24,0.25,0.75,0.76,0.01,0.01,79113.74,1777264302000
1777264305.522,105.522,0.24,0.25,0.75,0.76,0.01,0.01,79105.39,1777264304000
1777264306.003,106.003,0.24,0.25,0.75,0.76,0.01,0.01,79104.57,1777264305000
1777264306.526,106.526,0.24,0.25,0.75,0.76,0.01,0.01,79104.57,1777264305000
1777264306.996,106.996,0.23,0.24,0.76,0.77,0.01,0.01,79104.24,1777264306000
1777264307.547,107.547,0.23,0.24,0.76,0.77,0.01,0.01,79104.24,1777264306000
1777264308.088,108.088,0.23,0.24,0.76,0.77,0.01,0.01,79104.24,1777264306000
1777264308.491,108.491,0.23,0.24,0.76,0.77,0.01,0.01,79103.92,1777264307000
1777264308.929,108.929,0.23,0.24,0.76,0.77,0.01,0.01,79104.28,1777264308000
1777264309.266,109.266,0.22,0.23,0.77,0.78,0.01,0.01,79104.28,1777264308000
1777264309.807,109.807,0.22,0.23,0.77,0.78,0.01,0.01,79104.28,1777264308000
1777264310.143,110.143,0.22,0.23,0.77,0.78,0.01,0.01,79103.25,1777264309000
1777264310.587,110.587,0.22,0.23,0.77,0.78,0.01,0.01,79103.25,1777264309000
1777264310.978,110.978,0.22,0.23,0.77,0.78,0.01,0.01,79103.25,1777264309000
1777264311.313,111.313,0.22,0.23,0.77,0.78,0.01,0.01,79102.27,1777264310000
1777264311.881,111.881,0.22,0.23,0.77,0.78,0.01,0.01,79102.27,1777264310000
1777264312.324,112.324,0.22,0.23,0.77,0.78,0.01,0.01,79102.85,1777264311000
1777264312.68,112.68,0.22,0.23,0.77,0.78,0.01,0.01,79102.85,1777264311000
1777264313.122,113.122,0.22,0.23,0.77,0.78,0.01,0.01,79102.85,1777264311000
1777264313.481,113.481,0.22,0.23,0.77,0.78,0.01,0.01,79100.93,1777264312000
1777264314.009,114.009,0.22,0.23,0.77,0.78,0.01,0.01,79100.93,1777264312000
1777264314.392,114.392,0.22,0.24,0.77,0.78,0.02,0.01,79100.91,1777264313000
1777264314.952,114.952,0.22,0.23,0.77,0.78,0.01,0.01,79100.91,1777264313000
1777264315.301,115.301,0.22,0.23,0.77,0.78,0.01,0.01,79100.89,1777264314000
1777264316.192,116.192,0.22,0.23,0.77,0.78,0.01,0.01,79100.89,1777264314000
1777264316.552,116.552,0.22,0.23,0.77,0.78,0.01,0.01,79101.94,1777264315000
1777264317.289,117.289,0.22,0.23,0.77,0.78,0.01,0.01,79102.0,1777264316000
1777264317.629,117.629,0.22,0.23,0.77,0.78,0.01,0.01,79102.0,1777264316000
1777264317.986,117.986,0.22,0.23,0.77,0.78,0.01,0.01,79102.0,1777264316000
1777264318.435,118.435,0.22,0.23,0.77,0.78,0.01,0.01,79099.99,1777264317000
1777264318.771,118.771,0.22,0.23,0.77,0.78,0.01,0.01,79099.99,1777264317000
1777264319.118,119.118,0.22,0.23,0.77,0.78,0.01,0.01,79099.99,1777264317000
1777264319.589,119.589,0.21,0.24,0.78,0.79,0.03,0.01,79099.89,1777264318000
1777264319.952,119.952,0.22,0.24,0.76,0.77,0.02,0.01,79099.89,1777264318000
1777264320.314,120.314,0.22,0.23,0.76,0.78,0.01,0.02,79099.89,1777264318000
1777264320.684,120.684,0.21,0.22,0.78,0.79,0.01,0.01,79099.87,1777264319000
1777264321.296,121.296,0.21,0.22,0.78,0.79,0.01,0.01,79100.86,1777264320000
1777264321.649,121.649,0.21,0.22,0.78,0.79,0.01,0.01,79100.86,1777264320000
1777264322.018,122.018,0.21,0.22,0.78,0.79,0.01,0.01,79100.86,1777264320000
1777264322.391,122.391,0.21,0.22,0.78,0.79,0.01,0.01,79101.12,1777264321000
1777264322.88,122.88,0.21,0.22,0.78,0.79,0.01,0.01,79101.12,1777264321000
1777264323.291,123.291,0.21,0.22,0.78,0.79,0.01,0.01,79101.08,1777264322000
1777264323.851,123.851,0.21,0.22,0.78,0.79,0.01,0.01,79101.08,1777264322000
1777264324.193,124.193,0.21,0.23,0.77,0.79,0.02,0.02,79101.08,1777264322000
1777264324.547,124.547,0.21,0.22,0.77,0.79,0.01,0.02,79099.42,1777264323000
1777264325.005,125.005,0.21,0.22,0.78,0.79,0.01,0.01,79099.42,1777264323000
1777264325.571,125.571,0.21,0.22,0.78,0.79,0.01,0.01,79099.73,1777264324000
1777264325.999,125.999,0.21,0.22,0.78,0.79,0.01,0.01,79098.95,1777264325000
1777264326.591,126.591,0.2,0.22,0.78,0.79,0.02,0.01,79098.95,1777264325000
1777264326.932,126.932,0.2,0.21,0.79,0.8,0.01,0.01,79098.95,1777264325000
1777264327.405,127.405,0.2,0.21,0.79,0.8,0.01,0.01,79100.34,1777264326000
1777264327.898,127.898,0.2,0.21,0.79,0.8,0.01,0.01,79100.34,1777264326000
1777264328.258,128.258,0.2,0.21,0.79,0.8,0.01,0.01,79099.75,1777264327000
1777264328.905,128.905,0.19,0.21,0.79,0.8,0.02,0.01,79099.75,1777264327000
1777264329.247,129.247,0.18,0.19,0.8,0.82,0.01,0.02,79099.82,1777264328000
1777264329.717,129.717,0.18,0.19,0.81,0.82,0.01,0.01,79099.82,1777264328000
1777264330.156,130.156,0.2,0.21,0.79,0.8,0.01,0.01,79099.18,1777264329000
1777264330.732,130.732,0.21,0.22,0.78,0.79,0.01,0.01,79099.18,1777264329000
1777264331.16,131.16,0.21,0.22,0.78,0.79,0.01,0.01,79099.18,1777264330000
1777264332.105,132.105,0.21,0.22,0.78,0.79,0.01,0.01,79098.1,1777264331000
1777264332.79,132.79,0.21,0.22,0.78,0.79,0.01,0.01,79098.1,1777264331000
1777264333.126,133.126,0.21,0.22,0.78,0.79,0.01,0.01,79099.08,1777264332000
1777264333.473,133.473,0.21,0.22,0.78,0.79,0.01,0.01,79099.08,1777264332000
1777264334.154,134.154,0.21,0.22,0.78,0.79,0.01,0.01,79099.08,1777264332000
1777264334.584,134.584,0.21,0.22,0.78,0.79,0.01,0.01,79099.08,1777264332000
1777264335.119,135.119,0.21,0.22,0.78,0.79,0.01,0.01,79099.08,1777264332000
1777264335.567,135.567,0.21,0.22,0.78,0.79,0.01,0.01,79099.08,1777264332000
1777264336.093,136.093,0.23,0.24,0.76,0.77,0.01,0.01,79099.08,1777264332000
1777264336.522,136.522,0.24,0.25,0.75,0.77,0.01,0.02,79099.08,1777264332000
1777264336.863,136.863,0.24,0.25,0.75,0.76,0.01,0.01,79099.08,1777264332000
1777264337.244,137.244,0.24,0.26,0.75,0.76,0.02,0.01,79099.08,1777264332000
1777264337.775,137.775,0.25,0.26,0.74,0.75,0.01,0.01,79099.08,1777264332000
1777264338.16,138.16,0.25,0.26,0.74,0.75,0.01,0.01,79099.08,1777264332000
1777264338.512,138.512,0.26,0.27,0.73,0.74,0.01,0.01,79099.08,1777264332000
1777264338.893,138.893,0.26,0.27,0.73,0.74,0.01,0.01,79099.08,1777264332000
1777264339.415,139.415,0.26,0.27,0.73,0.74,0.01,0.01,79099.08,1777264332000
1777264340.394,140.394,0.26,0.27,0.73,0.74,0.01,0.01,79099.08,1777264332000
1777264340.905,140.905,0.26,0.27,0.73,0.74,0.01,0.01,79099.08,1777264332000
1777264341.276,141.276,0.26,0.27,0.73,0.74,0.01,0.01,79099.08,1777264332000
1777264341.73,141.73,0.26,0.27,0.73,0.74,0.01,0.01,79099.08,1777264332000
1777264342.385,142.385,0.26,0.27,0.73,0.74,0.01,0.01,79103.88,1777264341000
1777264342.777,142.777,0.26,0.27,0.73,0.74,0.01,0.01,79103.88,1777264341000
1777264343.151,143.151,0.26,0.27,0.73,0.74,0.01,0.01,79103.88,1777264342000
1777264343.599,143.599,0.26,0.27,0.73,0.74,0.01,0.01,79103.88,1777264342000
1777264344.003,144.003,0.26,0.27,0.73,0.74,0.01,0.01,79103.88,1777264342000
1777264344.57,144.57,0.26,0.27,0.73,0.74,0.01,0.01,79103.89,1777264343000
1777264345.054,145.054,0.26,0.27,0.73,0.74,0.01,0.01,79103.89,1777264343000
1777264345.455,145.455,0.25,0.27,0.73,0.74,0.02,0.01,79103.89,1777264344000
1777264345.829,145.829,0.23,0.24,0.76,0.77,0.01,0.01,79103.89,1777264344000
1777264346.179,146.179,0.23,0.24,0.76,0.77,0.01,0.01,79103.89,1777264344000
1777264346.638,146.638,0.22,0.23,0.77,0.78,0.01,0.01,79103.89,1777264344000
1777264347.079,147.079,0.22,0.23,0.77,0.78,0.01,0.01,79103.89,1777264345000
1777264347.879,147.879,0.22,0.23,0.77,0.78,0.01,0.01,79103.89,1777264346000
1777264348.52,148.52,0.23,0.24,0.76,0.77,0.01,0.01,79103.89,1777264346000
1777264349.278,149.278,0.23,0.24,0.76,0.77,0.01,0.01,79103.89,1777264348000
1777264349.701,149.701,0.23,0.24,0.76,0.77,0.01,0.01,79103.89,1777264348000
1777264350.085,150.085,0.22,0.23,0.76,0.77,0.01,0.01,79103.89,1777264348000
1777264350.475,150.475,0.15,0.22,0.78,0.84,0.07,0.06,79103.89,1777264348000
1777264350.862,150.862,0.18,0.19,0.8,0.82,0.01,0.02,79103.94,1777264349000
1777264351.302,151.302,0.18,0.19,0.81,0.82,0.01,0.01,79103.94,1777264349000
1777264351.673,151.673,0.18,0.19,0.81,0.82,0.01,0.01,79103.94,1777264350000
1777264352.017,152.017,0.18,0.19,0.81,0.82,0.01,0.01,79103.94,1777264351000
1777264352.394,152.394,0.18,0.19,0.81,0.82,0.01,0.01,79103.94,1777264351000
1777264352.767,152.767,0.18,0.19,0.81,0.82,0.01,0.01,79103.94,1777264351000
1777264353.398,153.398,0.18,0.19,0.81,0.82,0.01,0.01,79103.94,1777264351000
1777264353.819,153.819,0.18,0.19,0.81,0.82,0.01,0.01,79102.85,1777264352000
1777264354.153,154.153,0.15,0.18,0.82,0.84,0.03,0.02,79102.85,1777264353000
1777264354.493,154.493,0.13,0.14,0.86,0.88,0.01,0.02,79102.85,1777264353000
1777264354.852,154.852,0.13,0.14,0.86,0.87,0.01,0.01,79102.85,1777264353000
1777264355.225,155.225,0.13,0.14,0.86,0.87,0.01,0.01,79102.85,1777264353000
1777264355.726,155.726,0.13,0.14,0.86,0.87,0.01,0.01,79102.85,1777264353000
1777264356.22,156.22,0.13,0.14,0.86,0.87,0.01,0.01,79102.32,1777264354000
1777264356.569,156.569,0.13,0.14,0.86,0.87,0.01,0.01,79097.46,1777264355000
1777264357.054,157.054,0.13,0.14,0.86,0.87,0.01,0.01,79096.26,1777264356000
1777264357.541,157.541,0.13,0.14,0.86,0.87,0.01,0.01,79096.26,1777264356000
1777264357.971,157.971,0.13,0.14,0.86,0.87,0.01,0.01,79096.26,1777264356000
1777264358.312,158.312,0.11,0.13,0.87,0.88,0.02,0.01,79096.26,1777264356000
1777264358.652,158.652,0.11,0.12,0.88,0.89,0.01,0.01,79095.43,1777264357000
1777264358.997,158.997,0.11,0.12,0.88,0.89,0.01,0.01,79095.43,1777264357000
1777264359.49,159.49,0.1,0.11,0.89,0.9,0.01,0.01,79095.43,1777264357000
1777264359.853,159.853,0.1,0.11,0.89,0.9,0.01,0.01,79094.15,1777264358000
1777264360.278,160.278,0.1,0.11,0.89,0.9,0.01,0.01,79094.15,1777264358000
1777264360.641,160.641,0.1,0.11,0.89,0.9,0.01,0.01,79092.21,1777264359000
1777264361.093,161.093,0.1,0.11,0.89,0.9,0.01,0.01,79092.21,1777264359000
1777264361.434,161.434,0.1,0.11,0.89,0.9,0.01,0.01,79088.28,1777264360000
1777264361.833,161.833,0.1,0.11,0.89,0.9,0.01,0.01,79088.28,1777264360000
1777264362.33,162.33,0.1,0.11,0.89,0.9,0.01,0.01,79087.38,1777264361000
1777264362.665,162.665,0.1,0.11,0.89,0.9,0.01,0.01,79087.38,1777264361000
1777264363.037,163.037,0.1,0.11,0.89,0.9,0.01,0.01,79087.38,1777264361000
1777264363.549,163.549,0.1,0.11,0.89,0.9,0.01,0.01,79085.74,1777264362000
1777264364.174,164.174,0.08,0.09,0.91,0.92,0.01,0.01,79085.74,1777264362000
1777264365.037,165.037,0.08,0.09,0.91,0.92,0.01,0.01,79082.6,1777264364000
1777264365.386,165.386,0.07,0.08,0.92,0.93,0.01,0.01,79082.6,1777264364000
1777264365.756,165.756,0.06,0.07,0.93,0.94,0.01,0.01,79082.6,1777264364000
1777264366.11,166.11,0.06,0.07,0.93,0.94,0.01,0.01,79082.6,1777264364000
1777264366.474,166.474,0.05,0.06,0.94,0.95,0.01,0.01,79080.81,1777264365000
1777264366.826,166.826,0.05,0.06,0.94,0.95,0.01,0.01,79080.81,1777264365000
1777264367.171,167.171,0.05,0.06,0.94,0.95,0.01,0.01,79080.81,1777264365000
1777264367.569,167.569,0.05,0.06,0.94,0.95,0.01,0.01,79080.81,1777264365000
1777264368.01,168.01,0.05,0.06,0.94,0.95,0.01,0.01,79068.54,1777264366000
1777264368.492,168.492,0.05,0.06,0.94,0.95,0.01,0.01,79068.02,1777264367000
1777264368.841,168.841,0.05,0.06,0.94,0.95,0.01,0.01,79068.02,1777264367000
1777264369.367,169.367,0.05,0.06,0.94,0.95,0.01,0.01,79062.79,1777264368000
1777264369.75,169.75,0.05,0.06,0.94,0.95,0.01,0.01,79062.79,1777264368000
1777264370.252,170.252,0.05,0.06,0.94,0.95,0.01,0.01,79062.79,1777264368000
1777264370.611,170.611,0.05,0.06,0.94,0.95,0.01,0.01,79060.62,1777264369000
1777264371.125,171.125,0.05,0.06,0.94,0.95,0.01,0.01,79060.62,1777264369000
1777264371.509,171.509,0.05,0.06,0.94,0.95,0.01,0.01,79060.62,1777264369000
1777264371.907,171.907,0.05,0.06,0.94,0.95,0.01,0.01,79060.39,1777264370000
1777264372.473,172.473,0.06,0.07,0.93,0.94,0.01,0.01,79060.22,1777264371000
1777264372.971,172.971,0.06,0.07,0.93,0.94,0.01,0.01,79060.22,1777264371000
1777264373.393,173.393,0.06,0.07,0.93,0.94,0.01,0.01,79056.48,1777264372000
1777264373.729,173.729,0.06,0.07,0.93,0.94,0.01,0.01,79056.48,1777264372000
1777264374.14,174.14,0.06,0.07,0.93,0.94,0.01,0.01,79056.48,1777264372000
1777264374.64,174.64,0.06,0.07,0.93,0.94,0.01,0.01,79062.7,1777264373000
1777264375.268,175.268,0.06,0.07,0.93,0.94,0.01,0.01,79062.7,1777264374000
1777264375.696,175.696,0.06,0.07,0.93,0.94,0.01,0.01,79062.7,1777264374000
1777264376.183,176.183,0.06,0.07,0.93,0.94,0.01,0.01,79062.38,1777264375000
1777264377.043,177.043,0.05,0.06,0.93,0.95,0.01,0.02,79062.38,1777264375000
1777264377.805,177.805,0.05,0.07,0.94,0.95,0.02,0.01,79062.09,1777264376000
1777264378.144,178.144,0.06,0.07,0.93,0.94,0.01,0.01,79062.09,1777264377000
1777264378.615,178.615,0.06,0.07,0.93,0.94,0.01,0.01,79062.09,1777264377000
1777264379.19,179.19,0.06,0.07,0.93,0.94,0.01,0.01,79062.31,1777264378000
1777264379.54,179.54,0.06,0.07,0.93,0.94,0.01,0.01,79062.31,1777264378000
1777264379.876,179.876,0.06,0.07,0.93,0.94,0.01,0.01,79062.31,1777264378000
1777264380.228,180.228,0.07,0.08,0.92,0.93,0.01,0.01,79064.62,1777264379000
1777264380.79,180.79,0.06,0.07,0.92,0.95,0.01,0.03,79064.62,1777264379000
1777264381.37,181.37,0.05,0.06,0.94,0.95,0.01,0.01,79064.62,1777264379000
1777264381.855,181.855,0.05,0.06,0.94,0.95,0.01,0.01,79066.13,1777264380000
1777264382.198,182.198,0.06,0.07,0.93,0.94,0.01,0.01,79066.13,1777264380000
1777264382.754,182.754,0.06,0.07,0.93,0.94,0.01,0.01,79066.13,1777264381000
1777264383.103,183.103,0.05,0.06,0.93,0.95,0.01,0.02,79066.13,1777264381000
1777264383.554,183.554,0.05,0.06,0.94,0.95,0.01,0.01,79066.13,1777264381000
1777264383.97,183.97,0.05,0.06,0.94,0.95,0.01,0.01,79066.13,1777264382000
1777264384.688,184.688,0.05,0.06,0.94,0.95,0.01,0.01,79066.13,1777264383000
1777264385.087,185.087,0.05,0.06,0.94,0.95,0.01,0.01,79066.13,1777264383000
1777264385.458,185.458,0.05,0.06,0.94,0.95,0.01,0.01,79066.13,1777264383000
1777264386.218,186.218,0.05,0.07,0.93,0.95,0.02,0.02,79066.13,1777264385000
1777264386.816,186.816,0.06,0.07,0.93,0.94,0.01,0.01,79066.13,1777264385000
1777264387.489,187.489,0.06,0.07,0.93,0.94,0.01,0.01,79066.13,1777264385000
1777264387.903,187.903,0.06,0.07,0.93,0.94,0.01,0.01,79066.14,1777264386000
1777264388.288,188.288,0.06,0.07,0.93,0.94,0.01,0.01,79064.65,1777264387000
1777264388.724,188.724,0.05,0.06,0.94,0.95,0.01,0.01,79064.65,1777264387000
1777264389.062,189.062,0.04,0.05,0.95,0.96,0.01,0.01,79064.65,1777264387000
1777264389.433,189.433,0.04,0.05,0.95,0.96,0.01,0.01,79066.14,1777264388000
1777264389.844,189.844,0.04,0.05,0.95,0.96,0.01,0.01,79066.14,1777264388000
1777264390.449,190.449,0.04,0.05,0.95,0.96,0.01,0.01,79066.14,1777264389000
1777264390.933,190.933,0.04,0.05,0.95,0.96,0.01,0.01,79066.14,1777264389000
1777264391.332,191.332,0.04,0.05,0.95,0.96,0.01,0.01,79061.27,1777264390000
1777264391.925,191.925,0.04,0.05,0.95,0.96,0.01,0.01,79061.27,1777264390000
1777264392.304,192.304,0.04,0.05,0.95,0.96,0.01,0.01,79061.27,1777264390000
1777264392.671,192.671,0.04,0.05,0.95,0.96,0.01,0.01,79060.89,1777264391000
1777264393.171,193.171,0.04,0.05,0.95,0.96,0.01,0.01,79060.91,1777264392000
1777264393.675,193.675,0.04,0.05,0.95,0.96,0.01,0.01,79060.91,1777264392000
1777264394.05,194.05,0.04,0.05,0.95,0.96,0.01,0.01,79060.91,1777264392000
1777264394.531,194.531,0.04,0.05,0.95,0.96,0.01,0.01,79060.91,1777264393000
1777264395.232,195.232,0.04,0.05,0.95,0.96,0.01,0.01,79060.91,1777264393000
1777264395.91,195.91,0.04,0.05,0.95,0.96,0.01,0.01,79061.1,1777264394000
1777264396.303,196.303,0.04,0.05,0.95,0.96,0.01,0.01,79061.16,1777264395000
1777264396.7,196.7,0.04,0.05,0.95,0.96,0.01,0.01,79061.16,1777264395000
1777264397.159,197.159,0.04,0.05,0.95,0.96,0.01,0.01,79062.07,1777264396000
1777264397.859,197.859,0.04,0.05,0.95,0.96,0.01,0.01,79062.07,1777264396000
1777264398.255,198.255,0.04,0.05,0.95,0.96,0.01,0.01,79062.02,1777264397000
1777264399.157,199.157,0.04,0.05,0.95,0.96,0.01,0.01,79062.02,1777264397000
1777264399.503,199.503,0.04,0.05,0.95,0.96,0.01,0.01,79062.02,1777264398000
1777264400.085,200.085,0.04,0.05,0.95,0.96,0.01,0.01,79062.03,1777264399000
1777264400.655,200.655,0.04,0.05,0.95,0.96,0.01,0.01,79062.03,1777264399000
1777264401.378,201.378,0.04,0.05,0.95,0.96,0.01,0.01,79062.03,1777264399000
1777264401.826,201.826,0.04,0.05,0.95,0.96,0.01,0.01,79064.08,1777264400000
1777264402.308,202.308,0.04,0.05,0.95,0.96,0.01,0.01,79064.22,1777264401000
1777264402.886,202.886,0.03,0.04,0.95,0.97,0.01,0.02,79064.22,1777264401000
1777264403.392,203.392,0.03,0.04,0.96,0.97,0.01,0.01,79064.22,1777264401000
1777264403.76,203.76,0.03,0.04,0.96,0.97,0.01,0.01,79065.77,1777264402000
1777264404.14,204.14,0.03,0.04,0.96,0.97,0.01,0.01,79065.77,1777264402000
1777264404.596,204.596,0.03,0.04,0.96,0.97,0.01,0.01,79065.87,1777264403000
1777264405.034,205.034,0.03,0.04,0.96,0.97,0.01,0.01,79065.87,1777264403000
1777264405.434,205.434,0.03,0.04,0.96,0.97,0.01,0.01,79065.87,1777264403000
1777264405.779,205.779,0.03,0.04,0.96,0.97,0.01,0.01,79065.59,1777264404000
1777264406.671,206.671,0.03,0.04,0.96,0.97,0.01,0.01,79065.58,1777264405000
1777264407.067,207.067,0.03,0.04,0.96,0.97,0.01,0.01,79065.18,1777264406000
1777264407.895,207.895,0.03,0.04,0.96,0.97,0.01,0.01,79065.18,1777264406000
1777264408.247,208.247,0.03,0.05,0.95,0.97,0.02,0.02,79065.09,1777264407000
1777264409.075,209.075,0.03,0.04,0.95,0.97,0.01,0.02,79065.09,1777264407000
1777264409.967,209.967,0.03,0.04,0.96,0.97,0.01,0.01,79065.11,1777264408000
1777264410.312,210.312,0.03,0.04,0.96,0.97,0.01,0.01,79065.11,1777264408000
1777264410.655,210.655,0.03,0.04,0.96,0.97,0.01,0.01,79065.17,1777264409000
1777264411.131,211.131,0.03,0.04,0.96,0.97,0.01,0.01,79063.87,1777264410000
1777264411.748,211.748,0.02,0.03,0.96,0.97,0.01,0.01,79063.87,1777264410000
1777264412.136,212.136,0.02,0.03,0.97,0.98,0.01,0.01,79061.29,1777264411000
1777264412.509,212.509,0.02,0.03,0.97,0.98,0.01,0.01,79061.29,1777264411000
1777264413.03,213.03,0.02,0.03,0.97,0.98,0.01,0.01,79061.29,1777264411000
1777264413.585,213.585,0.02,0.03,0.97,0.98,0.01,0.01,79061.23,1777264412000
1777264414.45,214.45,0.02,0.03,0.97,0.98,0.01,0.01,79060.92,1777264413000
1777264415.05,215.05,0.02,0.03,0.97,0.98,0.01,0.01,79060.92,1777264413000
1777264415.462,215.462,0.02,0.03,0.97,0.98,0.01,0.01,79060.92,1777264414000
1777264415.889,215.889,0.02,0.03,0.97,0.98,0.01,0.01,79060.92,1777264414000
1777264416.26,216.26,0.02,0.03,0.97,0.98,0.01,0.01,79061.26,1777264415000
1777264416.737,216.737,0.02,0.03,0.97,0.98,0.01,0.01,79061.26,1777264415000
1777264417.548,217.548,0.02,0.03,0.97,0.98,0.01,0.01,79060.88,1777264416000
1777264418.061,218.061,0.02,0.03,0.97,0.98,0.01,0.01,79060.36,1777264417000
1777264418.405,218.405,0.02,0.03,0.97,0.98,0.01,0.01,79060.36,1777264417000
1777264418.924,218.924,0.02,0.03,0.97,0.98,0.01,0.01,79060.36,1777264417000
1777264419.95,219.95,0.02,0.03,0.97,0.98,0.01,0.01,79056.83,1777264419000
1777264420.474,220.474,0.02,0.03,0.97,0.98,0.01,0.01,79056.83,1777264419000
1777264420.888,220.888,0.02,0.03,0.97,0.98,0.01,0.01,79056.83,1777264419000
1777264421.254,221.254,0.02,0.03,0.97,0.98,0.01,0.01,79055.69,1777264420000
1777264421.653,221.653,0.02,0.03,0.97,0.98,0.01,0.01,79055.69,1777264420000
1777264422.008,222.008,0.02,0.03,0.97,0.98,0.01,0.01,79058.64,1777264421000
1777264422.93,222.93,0.02,0.03,0.97,0.98,0.01,0.01,79056.77,1777264422000
1777264423.311,223.311,0.02,0.03,0.97,0.98,0.01,0.01,79056.77,1777264422000
1777264423.748,223.748,0.02,0.03,0.97,0.98,0.01,0.01,79056.77,1777264422000
1777264424.18,224.18,0.02,0.03,0.97,0.98,0.01,0.01,79056.74,1777264423000
1777264424.754,224.754,0.02,0.03,0.97,0.98,0.01,0.01,79056.74,1777264423000
1777264425.148,225.148,0.02,0.03,0.97,0.98,0.01,0.01,79056.85,1777264424000
1777264425.653,225.653,0.02,0.03,0.97,0.98,0.01,0.01,79056.85,1777264424000
1777264426.283,226.283,0.02,0.03,0.97,0.98,0.01,0.01,79057.35,1777264425000
1777264426.705,226.705,0.02,0.03,0.97,0.98,0.01,0.01,79057.35,1777264425000
1777264427.121,227.121,0.02,0.03,0.97,0.98,0.01,0.01,79060.83,1777264426000
1777264427.725,227.725,0.02,0.03,0.97,0.98,0.01,0.01,79060.83,1777264426000
1777264428.141,228.141,0.02,0.03,0.97,0.98,0.01,0.01,79060.83,1777264426000
1777264428.601,228.601,0.02,0.03,0.97,0.98,0.01,0.01,79061.31,1777264427000
1777264429.085,229.085,0.02,0.03,0.97,0.98,0.01,0.01,79061.31,1777264427000
1777264429.853,229.853,0.02,0.03,0.97,0.98,0.01,0.01,79060.16,1777264428000
1777264430.284,230.284,0.02,0.03,0.97,0.98,0.01,0.01,79060.16,1777264428000
1777264430.624,230.624,0.02,0.03,0.97,0.98,0.01,0.01,79059.2,1777264429000
1777264430.994,230.994,0.02,0.03,0.97,0.98,0.01,0.01,79059.19,1777264430000
1777264431.998,231.998,0.02,0.03,0.97,0.98,0.01,0.01,79059.0,1777264431000
1777264432.358,232.358,0.02,0.03,0.97,0.98,0.01,0.01,79059.0,1777264431000
1777264432.942,232.942,0.02,0.03,0.97,0.98,0.01,0.01,79059.0,1777264431000
1777264433.375,233.375,0.02,0.03,0.97,0.98,0.01,0.01,79059.0,1777264432000
1777264433.708,233.708,0.01,0.02,0.98,0.99,0.01,0.01,79059.0,1777264432000
1777264434.209,234.209,0.01,0.02,0.98,0.99,0.01,0.01,79059.0,1777264432000
1777264435.044,235.044,0.01,0.02,0.98,0.99,0.01,0.01,79058.34,1777264434000
1777264435.555,235.555,0.01,0.02,0.98,0.99,0.01,0.01,79058.34,1777264434000
1777264435.914,235.914,0.01,0.02,0.98,0.99,0.01,0.01,79058.34,1777264434000
1777264436.309,236.309,0.01,0.02,0.98,0.99,0.01,0.01,79055.93,1777264435000
1777264436.829,236.829,0.01,0.02,0.98,0.99,0.01,0.01,79055.93,1777264435000
1777264437.312,237.312,0.01,0.02,0.98,0.99,0.01,0.01,79055.11,1777264436000
1777264437.72,237.72,0.01,0.02,0.98,0.99,0.01,0.01,79055.11,1777264436000
1777264438.329,238.329,0.01,0.02,0.98,0.99,0.01,0.01,79048.16,1777264437000
1777264438.715,238.715,0.01,0.02,0.98,0.99,0.01,0.01,79048.16,1777264437000
1777264439.197,239.197,0.01,0.02,0.98,0.99,0.01,0.01,79047.34,1777264438000
1777264439.786,239.786,0.01,0.02,0.98,0.99,0.01,0.01,79047.34,1777264438000
1777264440.427,240.427,0.01,0.02,0.98,0.99,0.01,0.01,79045.41,1777264439000
1777264440.808,240.808,0.01,0.02,0.98,0.99,0.01,0.01,79045.41,1777264439000
1777264441.156,241.156,0.01,0.02,0.98,0.99,0.01,0.01,79046.55,1777264440000
1777264441.51,241.51,0.01,0.02,0.98,0.99,0.01,0.01,79046.55,1777264440000
1777264441.892,241.892,0.01,0.02,0.98,0.99,0.01,0.01,79046.55,1777264440000
1777264442.331,242.331,0.01,0.02,0.98,0.99,0.01,0.01,79048.27,1777264441000
1777264442.737,242.737,0.01,0.02,0.98,0.99,0.01,0.01,79048.27,1777264441000
1777264443.082,243.082,0.01,0.02,0.98,0.99,0.01,0.01,79048.27,1777264441000
1777264443.491,243.491,0.01,0.02,0.98,0.99,0.01,0.01,79049.61,1777264442000
1777264443.891,243.891,0.01,0.02,0.98,0.99,0.01,0.01,79049.61,1777264442000
1777264444.326,244.326,0.01,0.02,0.98,0.99,0.01,0.01,79049.61,1777264442000
1777264444.741,244.741,0.01,0.02,0.98,0.99,0.01,0.01,79052.04,1777264443000
1777264445.091,245.091,0.01,0.02,0.98,0.99,0.01,0.01,79056.24,1777264444000
1777264445.537,245.537,0.01,0.02,0.98,0.99,0.01,0.01,79056.24,1777264444000
1777264445.987,245.987,0.01,0.02,0.98,0.99,0.01,0.01,79056.24,1777264444000
1777264446.375,246.375,0.01,0.01,0.99,0.99,0.0,0.0,79056.24,1777264444000
1777264446.905,246.905,0.01,0.01,0.99,0.99,0.0,0.0,79056.49,1777264445000
1777264448.017,248.017,0.01,0.01,0.99,0.99,0.0,0.0,79056.37,1777264447000
1777264448.454,248.454,0.01,0.01,0.99,0.99,0.0,0.0,79056.37,1777264447000
1777264449.142,249.142,0.01,0.01,0.99,0.99,0.0,0.0,79056.37,1777264447000
1777264449.532,249.532,0.01,0.01,0.99,0.99,0.0,0.0,79056.55,1777264448000
1777264449.871,249.871,0.01,0.01,0.99,0.99,0.0,0.0,79056.55,1777264448000
1777264450.436,250.436,0.01,0.01,0.99,0.99,0.0,0.0,79055.47,1777264449000
1777264450.891,250.891,0.01,0.02,0.97,0.99,0.01,0.02,79055.47,1777264449000
1777264451.237,251.237,0.01,0.02,0.98,0.99,0.01,0.01,79055.47,1777264449000
1777264451.879,251.879,0.01,0.01,0.99,0.99,0.0,0.0,79055.33,1777264451000
1777264452.595,252.595,0.01,0.02,0.98,0.99,0.01,0.01,79055.33,1777264451000
1777264452.931,252.931,0.01,0.01,0.99,0.99,0.0,0.0,79055.33,1777264451000
1777264454.122,254.122,0.01,0.01,0.99,0.99,0.0,0.0,79056.65,1777264453000
1777264454.671,254.671,0.01,0.02,0.99,0.99,0.01,0.0,79056.65,1777264453000
1777264455.254,255.254,0.01,0.02,0.98,0.99,0.01,0.01,79054.62,1777264454000
1777264455.597,255.597,0.01,0.02,0.98,0.99,0.01,0.01,79054.62,1777264454000
1777264456.222,256.222,0.01,0.02,0.98,0.99,0.01,0.01,79054.62,1777264454000
1777264456.687,256.687,0.01,0.02,0.98,0.99,0.01,0.01,79056.04,1777264455000
1777264457.077,257.077,0.01,0.02,0.98,0.99,0.01,0.01,79056.04,1777264455000
1777264457.877,257.877,0.01,0.02,0.98,0.99,0.01,0.01,79056.04,1777264455000
1777264458.332,258.332,0.01,0.02,0.98,0.99,0.01,0.01,79056.46,1777264456000
1777264458.903,258.903,0.01,0.02,0.98,0.99,0.01,0.01,79056.46,1777264457000
1777264459.455,259.455,0.01,0.02,0.98,0.99,0.01,0.01,79055.34,1777264458000
1777264460.221,260.221,0.01,0.01,0.99,0.99,0.0,0.0,79055.34,1777264459000
1777264460.946,260.946,0.01,0.01,0.99,0.99,0.0,0.0,79055.34,1777264459000
1777264461.84,261.84,0.01,0.01,0.99,0.99,0.0,0.0,79057.1,1777264460000
1777264462.503,262.503,0.01,0.01,0.99,0.99,0.0,0.0,79057.34,1777264461000
1777264463.184,263.184,0.01,0.01,0.99,0.99,0.0,0.0,79057.09,1777264462000
1777264463.809,263.809,0.01,0.01,0.99,0.99,0.0,0.0,79057.09,1777264462000
1777264464.399,264.399,0.01,0.02,0.98,0.99,0.01,0.01,79057.09,1777264462000
1777264464.756,264.756,0.01,0.02,0.98,0.99,0.01,0.01,79057.67,1777264463000
1777264465.256,265.256,0.01,0.02,0.98,0.99,0.01,0.01,79057.67,1777264463000
1777264465.602,265.602,0.01,0.02,0.98,0.99,0.01,0.01,79057.67,1777264464000
1777264465.968,265.968,0.01,0.02,0.98,0.99,0.01,0.01,79057.67,1777264464000
1777264466.407,266.407,0.01,0.02,0.98,0.99,0.01,0.01,79057.67,1777264464000
1777264466.749,266.749,0.01,0.02,0.98,0.99,0.01,0.01,79056.48,1777264465000
1777264467.368,267.368,0.01,0.02,0.98,0.99,0.01,0.01,79056.48,1777264465000
1777264467.832,267.832,0.01,0.02,0.98,0.99,0.01,0.01,79057.67,1777264466000
1777264468.292,268.292,0.01,0.02,0.98,0.99,0.01,0.01,79057.67,1777264467000
1777264468.677,268.677,0.01,0.02,0.98,0.99,0.01,0.01,79057.67,1777264467000
1777264469.077,269.077,0.01,0.02,0.98,0.99,0.01,0.01,79057.67,1777264467000
1777264469.511,269.511,0.01,0.02,0.98,0.99,0.01,0.01,79056.57,1777264468000
1777264469.853,269.853,0.01,0.02,0.98,0.99,0.01,0.01,79056.57,1777264468000
1777264470.351,270.351,0.01,0.01,0.98,0.99,0.0,0.01,79055.45,1777264469000
1777264470.831,270.831,0.01,0.01,0.99,0.99,0.0,0.0,79055.45,1777264469000
1777264471.266,271.266,0.01,0.01,0.99,0.99,0.0,0.0,79055.45,1777264469000
1777264472.756,272.756,0.01,0.01,0.99,0.99,0.0,0.0,79048.23,1777264471000
1777264473.29,273.29,0.01,0.01,0.99,0.99,0.0,0.0,79048.23,1777264471000
1777264474.719,274.719,0.01,0.01,0.99,0.99,0.0,0.0,79048.24,1777264473000
1777264475.205,275.205,0.01,0.01,0.99,0.99,0.0,0.0,79048.24,1777264473000
1777264476.078,276.078,0.01,0.01,0.99,0.99,0.0,0.0,79047.07,1777264474000
1777264476.705,276.705,0.01,0.01,0.99,0.99,0.0,0.0,79047.07,1777264475000
1777264477.29,277.29,0.01,0.01,0.99,0.99,0.0,0.0,79046.76,1777264476000
1777264478.523,278.523,0.01,0.01,0.99,0.99,0.0,0.0,79046.75,1777264477000
1777264479.235,279.235,0.01,0.01,0.99,0.99,0.0,0.0,79046.33,1777264478000
1777264479.764,279.764,0.01,0.01,0.99,0.99,0.0,0.0,79046.33,1777264478000
1777264480.722,280.722,0.01,0.01,0.99,0.99,0.0,0.0,79046.55,1777264479000
1777264481.47,281.47,0.01,0.01,0.99,0.99,0.0,0.0,79048.2,1777264480000
1777264481.911,281.911,0.01,0.01,0.99,0.99,0.0,0.0,79047.9,1777264481000
1777264482.396,282.396,0.01,0.01,0.99,0.99,0.0,0.0,79047.9,1777264481000
1777264483.153,283.153,0.01,0.01,0.99,0.99,0.0,0.0,79047.89,1777264482000
1777264484.432,284.432,0.01,0.01,0.99,0.99,0.0,0.0,79047.87,1777264483000
1777264484.985,284.985,0.01,0.01,0.99,0.99,0.0,0.0,79047.87,1777264484000
1777264485.637,285.637,0.01,0.01,0.99,0.99,0.0,0.0,79047.87,1777264484000
1777264486.146,286.146,0.01,0.01,0.99,0.99,0.0,0.0,79047.61,1777264485000
1777264487.08,287.08,0.01,0.01,0.99,0.99,0.0,0.0,79047.61,1777264485000
1777264487.968,287.968,0.01,0.01,0.99,0.99,0.0,0.0,79047.86,1777264487000
1777264488.746,288.746,0.01,0.01,0.99,0.99,0.0,0.0,79047.86,1777264487000
1777264489.125,289.125,0.01,0.01,0.99,0.99,0.0,0.0,79047.87,1777264488000
1777264489.488,289.488,0.01,0.01,0.99,0.99,0.0,0.0,79047.87,1777264488000
1777264489.926,289.926,0.01,0.02,0.98,0.99,0.01,0.01,79047.87,1777264488000
1777264490.26,290.26,0.01,0.02,0.98,0.99,0.01,0.01,79047.87,1777264488000
1777264490.976,290.976,0.01,0.01,0.99,0.99,0.0,0.0,79047.53,1777264490000
1777264491.545,291.545,0.01,0.01,0.99,0.99,0.0,0.0,79047.53,1777264490000
1777264492.711,292.711,0.01,0.01,0.99,0.99,0.0,0.0,79047.53,1777264490000
1777264493.376,293.376,0.01,0.01,0.99,0.99,0.0,0.0,79043.33,1777264492000
1777264494.021,294.021,0.01,0.01,0.99,0.99,0.0,0.0,79043.33,1777264492000
1777264494.415,294.415,0.01,0.01,0.99,0.99,0.0,0.0,79042.62,1777264493000
1777264495.443,295.443,0.01,0.01,0.99,0.99,0.0,0.0,79041.92,1777264494000
1777264496.315,296.315,0.01,0.01,0.99,0.99,0.0,0.0,79041.92,1777264495000
1777264497.575,297.575,0.01,0.01,0.99,0.99,0.0,0.0,79042.26,1777264496000
1777264498.296,298.296,0.01,0.01,0.99,0.99,0.0,0.0,79042.26,1777264497000
1777264499.175,299.175,0.01,0.01,0.99,0.99,0.0,0.0,79042.26,1777264497000
1777264499.544,299.544,0.01,0.01,0.99,0.99,0.0,0.0,79041.99,1777264498000
1777264500.196,300.196,0.01,0.01,0.99,0.99,0.0,0.0,79041.99,1777264498000
1777264501.084,301.084,0.01,0.01,0.99,0.99,0.0,0.0,79042.39,1777264500000
1777264502.384,302.384,0.01,0.01,0.99,0.99,0.0,0.0,79041.97,1777264501000

# RESULT,winner=Down,slug=btc-updown-5m-1777264200,ticks=605
