timestamp,elapsed_sec,up_bid,up_ask,down_bid,down_ask,up_spread,down_spread,btc_price,btc_oracle_ts
1776969900.591,0.591,0.48,0.49,0.51,0.52,0.01,0.01,78072.99,1776969899000
1776969900.933,0.933,0.48,0.49,0.5,0.52,0.01,0.02,78072.99,1776969899000
1776969901.433,1.433,0.48,0.49,0.51,0.52,0.01,0.01,78072.99,1776969899000
1776969901.86,1.86,0.48,0.49,0.51,0.52,0.01,0.01,78058.48,1776969900000
1776969902.21,2.21,0.48,0.49,0.51,0.52,0.01,0.01,78058.48,1776969900000
1776969902.582,2.582,0.48,0.49,0.51,0.52,0.01,0.01,78058.48,1776969900000
1776969902.993,2.993,0.46,0.47,0.51,0.54,0.01,0.03,78054.52,1776969901000
1776969903.34,3.34,0.43,0.47,0.53,0.55,0.04,0.02,78054.52,1776969901000
1776969903.735,3.735,0.42,0.43,0.57,0.58,0.01,0.01,78055.8,1776969902000
1776969904.261,4.261,0.42,0.43,0.57,0.58,0.01,0.01,78055.8,1776969902000
1776969905.104,5.104,0.42,0.43,0.57,0.58,0.01,0.01,78054.31,1776969903000
1776969905.538,5.538,0.42,0.43,0.57,0.58,0.01,0.01,78054.31,1776969903000
1776969906.347,6.347,0.42,0.43,0.57,0.58,0.01,0.01,78042.92,1776969904000
1776969906.736,6.736,0.42,0.43,0.57,0.58,0.01,0.01,78040.98,1776969905000
1776969907.084,7.084,0.42,0.43,0.57,0.58,0.01,0.01,78040.98,1776969905000
1776969907.425,7.425,0.42,0.43,0.57,0.58,0.01,0.01,78040.98,1776969905000
1776969907.893,7.893,0.42,0.43,0.57,0.58,0.01,0.01,78041.02,1776969906000
1776969908.428,8.428,0.41,0.43,0.57,0.59,0.02,0.02,78037.63,1776969907000
1776969909.202,9.202,0.41,0.43,0.57,0.59,0.02,0.02,78037.63,1776969907000
1776969909.542,9.542,0.41,0.42,0.58,0.59,0.01,0.01,78037.63,1776969907000
1776969910.163,10.163,0.41,0.42,0.58,0.6,0.01,0.02,78040.52,1776969908000
1776969910.651,10.651,0.42,0.43,0.57,0.58,0.01,0.01,78044.65,1776969909000
1776969910.991,10.991,0.42,0.43,0.57,0.58,0.01,0.01,78044.65,1776969909000
1776969911.324,11.324,0.42,0.49,0.51,0.58,0.07,0.07,78053.8,1776969910000
1776969911.659,11.659,0.48,0.49,0.51,0.52,0.01,0.01,78053.8,1776969910000
1776969911.994,11.994,0.48,0.49,0.51,0.52,0.01,0.01,78053.8,1776969910000
1776969912.381,12.381,0.48,0.49,0.51,0.52,0.01,0.01,78053.8,1776969910000
1776969912.804,12.804,0.48,0.49,0.51,0.52,0.01,0.01,78060.97,1776969911000
1776969913.157,13.157,0.48,0.49,0.51,0.52,0.01,0.01,78057.92,1776969912000
1776969913.576,13.576,0.48,0.49,0.51,0.52,0.01,0.01,78057.92,1776969912000
1776969914.633,14.633,0.48,0.49,0.51,0.52,0.01,0.01,78054.09,1776969913000
1776969915.78,15.78,0.48,0.49,0.51,0.52,0.01,0.01,78053.84,1776969914000
1776969916.445,16.445,0.48,0.49,0.51,0.52,0.01,0.01,78053.84,1776969914000
1776969917.244,17.244,0.48,0.49,0.51,0.52,0.01,0.01,78050.46,1776969916000
1776969917.597,17.597,0.47,0.49,0.51,0.53,0.02,0.02,78050.46,1776969916000
1776969917.96,17.96,0.46,0.48,0.52,0.54,0.02,0.02,78050.46,1776969916000
1776969918.299,18.299,0.46,0.47,0.53,0.54,0.01,0.01,78050.46,1776969916000
1776969918.693,18.693,0.46,0.49,0.51,0.54,0.03,0.03,78047.6,1776969917000
1776969919.136,19.136,0.46,0.49,0.51,0.54,0.03,0.03,78047.6,1776969917000
1776969919.48,19.48,0.45,0.49,0.51,0.54,0.04,0.03,78047.6,1776969917000
1776969919.911,19.911,0.45,0.49,0.51,0.55,0.04,0.04,78047.05,1776969918000
1776969920.388,20.388,0.46,0.48,0.51,0.55,0.02,0.04,78052.79,1776969919000
1776969920.74,20.74,0.48,0.5,0.5,0.52,0.02,0.02,78052.79,1776969919000
1776969921.077,21.077,0.47,0.48,0.52,0.53,0.01,0.01,78052.79,1776969919000
1776969921.507,21.507,0.5,0.51,0.49,0.5,0.01,0.01,78052.79,1776969919000
1776969921.86,21.86,0.52,0.54,0.46,0.47,0.02,0.01,78061.28,1776969920000
1776969922.215,22.215,0.53,0.55,0.45,0.47,0.02,0.02,78061.28,1776969920000
1776969922.55,22.55,0.53,0.56,0.44,0.47,0.03,0.03,78061.5,1776969921000
1776969922.916,22.916,0.55,0.56,0.44,0.46,0.01,0.02,78061.5,1776969921000
1776969923.441,23.441,0.54,0.56,0.43,0.45,0.02,0.02,78066.52,1776969922000
1776969924.424,24.424,0.54,0.55,0.44,0.46,0.01,0.02,78066.52,1776969922000
1776969924.824,24.824,0.54,0.56,0.45,0.46,0.02,0.01,78073.76,1776969923000
1776969925.525,25.525,0.54,0.56,0.44,0.46,0.02,0.02,78075.44,1776969924000
1776969926.24,26.24,0.54,0.56,0.44,0.46,0.02,0.02,78074.6,1776969925000
1776969926.629,26.629,0.55,0.58,0.44,0.45,0.03,0.01,78074.6,1776969925000
1776969927.513,27.513,0.56,0.58,0.42,0.45,0.02,0.03,78074.6,1776969925000
1776969927.871,27.871,0.54,0.56,0.44,0.46,0.02,0.02,78073.35,1776969926000
1776969928.424,28.424,0.54,0.56,0.44,0.46,0.02,0.02,78073.35,1776969926000
1776969928.916,28.916,0.55,0.57,0.44,0.46,0.02,0.02,78073.35,1776969927000
1776969929.432,29.432,0.55,0.58,0.42,0.45,0.03,0.03,78073.34,1776969928000
1776969929.915,29.915,0.56,0.57,0.43,0.46,0.01,0.03,78073.34,1776969928000
1776969930.324,30.324,0.52,0.53,0.47,0.48,0.01,0.01,78073.34,1776969928000
1776969930.692,30.692,0.54,0.55,0.45,0.48,0.01,0.03,78073.34,1776969928000
1776969931.046,31.046,0.52,0.55,0.47,0.49,0.03,0.02,78072.6,1776969929000
1776969931.385,31.385,0.5,0.53,0.47,0.5,0.03,0.03,78072.6,1776969929000
1776969931.733,31.733,0.5,0.51,0.49,0.51,0.01,0.02,78069.1,1776969930000
1776969932.067,32.067,0.49,0.5,0.5,0.52,0.01,0.02,78069.1,1776969930000
1776969932.445,32.445,0.48,0.49,0.51,0.52,0.01,0.01,78069.1,1776969930000
1776969932.793,32.793,0.47,0.48,0.52,0.53,0.01,0.01,78067.21,1776969931000
1776969933.204,33.204,0.47,0.48,0.52,0.53,0.01,0.01,78060.9,1776969932000
1776969933.598,33.598,0.47,0.48,0.52,0.53,0.01,0.01,78060.9,1776969932000
1776969934.086,34.086,0.46,0.47,0.53,0.54,0.01,0.01,78060.9,1776969932000
1776969934.601,34.601,0.46,0.47,0.53,0.54,0.01,0.01,78060.9,1776969932000
1776969935.228,35.228,0.45,0.46,0.53,0.54,0.01,0.01,78060.9,1776969932000
1776969935.614,35.614,0.45,0.47,0.53,0.55,0.02,0.02,78051.93,1776969934000
1776969936.336,36.336,0.45,0.47,0.53,0.55,0.02,0.02,78050.46,1776969935000
1776969936.674,36.674,0.45,0.47,0.53,0.54,0.02,0.01,78050.46,1776969935000
1776969937.01,37.01,0.44,0.46,0.55,0.56,0.02,0.01,78050.46,1776969935000
1776969937.479,37.479,0.45,0.46,0.54,0.56,0.01,0.02,78050.46,1776969935000
1776969937.82,37.82,0.43,0.46,0.54,0.57,0.03,0.03,78050.46,1776969935000
1776969938.198,38.198,0.43,0.44,0.56,0.57,0.01,0.01,78044.49,1776969936000
1776969938.547,38.547,0.41,0.43,0.56,0.57,0.02,0.01,78044.49,1776969936000
1776969938.91,38.91,0.41,0.42,0.58,0.59,0.01,0.01,78044.49,1776969936000
1776969939.263,39.263,0.41,0.42,0.58,0.59,0.01,0.01,78039.95,1776969938000
1776969939.836,39.836,0.41,0.42,0.58,0.6,0.01,0.02,78039.95,1776969938000
1776969940.292,40.292,0.4,0.41,0.59,0.6,0.01,0.01,78039.95,1776969938000
1776969940.814,40.814,0.4,0.41,0.59,0.6,0.01,0.01,78039.95,1776969938000
1776969941.157,41.157,0.4,0.41,0.59,0.6,0.01,0.01,78034.63,1776969939000
1776969941.655,41.655,0.4,0.41,0.59,0.6,0.01,0.01,78034.63,1776969939000
1776969942.126,42.126,0.4,0.41,0.59,0.6,0.01,0.01,78032.63,1776969940000
1776969942.466,42.466,0.4,0.41,0.59,0.6,0.01,0.01,78032.63,1776969940000
1776969943.465,43.465,0.4,0.41,0.59,0.6,0.01,0.01,78032.05,1776969942000
1776969944.301,44.301,0.4,0.41,0.59,0.6,0.01,0.01,78032.02,1776969943000
1776969945.211,45.211,0.4,0.41,0.59,0.6,0.01,0.01,78032.02,1776969944000
1776969945.578,45.578,0.4,0.41,0.59,0.6,0.01,0.01,78032.02,1776969944000
1776969946.311,46.311,0.38,0.41,0.59,0.6,0.03,0.01,78032.02,1776969944000
1776969946.661,46.661,0.38,0.41,0.59,0.62,0.03,0.03,78032.02,1776969944000
1776969946.994,46.994,0.33,0.36,0.64,0.67,0.03,0.03,78032.02,1776969944000
1776969947.396,47.396,0.33,0.34,0.66,0.67,0.01,0.01,78025.55,1776969945000
1776969947.734,47.734,0.33,0.34,0.66,0.67,0.01,0.01,78025.55,1776969945000
1776969948.116,48.116,0.33,0.34,0.66,0.67,0.01,0.01,78021.57,1776969946000
1776969948.536,48.536,0.33,0.34,0.66,0.67,0.01,0.01,78021.57,1776969946000
1776969948.891,48.891,0.33,0.34,0.66,0.67,0.01,0.01,78014.42,1776969947000
1776969949.283,49.283,0.32,0.33,0.67,0.68,0.01,0.01,78014.42,1776969947000
1776969949.637,49.637,0.32,0.33,0.67,0.68,0.01,0.01,78014.3,1776969948000
1776969950.024,50.024,0.32,0.33,0.67,0.68,0.01,0.01,78014.3,1776969948000
1776969950.505,50.505,0.32,0.33,0.67,0.68,0.01,0.01,78014.3,1776969949000
1776969951.101,51.101,0.32,0.33,0.67,0.68,0.01,0.01,78015.13,1776969950000
1776969951.562,51.562,0.32,0.33,0.67,0.68,0.01,0.01,78015.13,1776969950000
1776969951.912,51.912,0.32,0.33,0.67,0.68,0.01,0.01,78015.13,1776969950000
1776969952.292,52.292,0.32,0.33,0.67,0.68,0.01,0.01,78015.13,1776969950000
1776969952.744,52.744,0.32,0.33,0.67,0.68,0.01,0.01,78013.85,1776969951000
1776969953.266,53.266,0.32,0.33,0.67,0.68,0.01,0.01,78013.85,1776969951000
1776969953.629,53.629,0.32,0.33,0.67,0.68,0.01,0.01,78013.85,1776969951000
1776969953.972,53.972,0.32,0.33,0.67,0.68,0.01,0.01,78013.84,1776969952000
1776969954.32,54.32,0.31,0.32,0.68,0.69,0.01,0.01,78013.84,1776969952000
1776969954.669,54.669,0.31,0.32,0.68,0.69,0.01,0.01,78012.96,1776969953000
1776969955.111,55.111,0.31,0.32,0.68,0.69,0.01,0.01,78012.96,1776969953000
1776969955.514,55.514,0.31,0.32,0.68,0.69,0.01,0.01,78012.98,1776969954000
1776969955.951,55.951,0.31,0.32,0.68,0.69,0.01,0.01,78012.98,1776969954000
1776969956.57,56.57,0.31,0.32,0.68,0.69,0.01,0.01,78012.98,1776969954000
1776969956.956,56.956,0.32,0.34,0.66,0.68,0.02,0.02,78012.98,1776969954000
1776969957.305,57.305,0.34,0.35,0.65,0.67,0.01,0.02,78013.52,1776969955000
1776969957.705,57.705,0.35,0.36,0.64,0.65,0.01,0.01,78013.59,1776969956000
1776969958.122,58.122,0.36,0.37,0.63,0.64,0.01,0.01,78015.72,1776969957000
1776969958.522,58.522,0.33,0.35,0.64,0.67,0.02,0.03,78015.72,1776969957000
1776969958.87,58.87,0.33,0.34,0.66,0.67,0.01,0.01,78015.72,1776969957000
1776969959.217,59.217,0.33,0.34,0.66,0.67,0.01,0.01,78024.01,1776969958000
1776969959.572,59.572,0.32,0.33,0.67,0.68,0.01,0.01,78024.01,1776969958000
1776969960.366,60.366,0.31,0.32,0.68,0.69,0.01,0.01,78017.55,1776969959000
1776969960.706,60.706,0.3,0.32,0.68,0.7,0.02,0.02,78017.55,1776969959000
1776969961.526,61.526,0.3,0.31,0.69,0.7,0.01,0.01,78017.55,1776969959000
1776969961.865,61.865,0.3,0.31,0.69,0.7,0.01,0.01,78013.35,1776969960000
1776969962.416,62.416,0.3,0.31,0.69,0.7,0.01,0.01,78011.71,1776969961000
1776969962.821,62.821,0.3,0.31,0.69,0.7,0.01,0.01,78011.71,1776969961000
1776969963.594,63.594,0.3,0.31,0.69,0.7,0.01,0.01,78005.68,1776969962000
1776969963.936,63.936,0.26,0.28,0.72,0.74,0.02,0.02,78005.68,1776969962000
1776969964.292,64.292,0.26,0.29,0.71,0.74,0.03,0.03,77997.36,1776969963000
1776969964.684,64.684,0.26,0.3,0.7,0.74,0.04,0.04,77997.36,1776969963000
1776969965.025,65.025,0.29,0.31,0.69,0.71,0.02,0.02,77997.36,1776969963000
1776969965.424,65.424,0.28,0.29,0.71,0.72,0.01,0.01,77996.35,1776969964000
1776969965.821,65.821,0.26,0.27,0.73,0.74,0.01,0.01,77996.35,1776969964000
1776969966.436,66.436,0.26,0.27,0.72,0.74,0.01,0.02,77997.31,1776969965000
1776969966.868,66.868,0.26,0.27,0.73,0.74,0.01,0.01,77997.31,1776969965000
1776969967.236,67.236,0.26,0.27,0.73,0.74,0.01,0.01,77998.77,1776969966000
1776969967.573,67.573,0.26,0.27,0.73,0.74,0.01,0.01,77998.77,1776969966000
1776969967.948,67.948,0.26,0.27,0.73,0.74,0.01,0.01,77998.77,1776969966000
1776969968.281,68.281,0.26,0.27,0.73,0.74,0.01,0.01,77998.77,1776969966000
1776969969.006,69.006,0.26,0.27,0.73,0.74,0.01,0.01,77997.14,1776969968000
1776969969.629,69.629,0.26,0.27,0.73,0.74,0.01,0.01,77997.14,1776969968000
1776969970.209,70.209,0.26,0.27,0.73,0.74,0.01,0.01,77998.02,1776969969000
1776969970.824,70.824,0.26,0.27,0.73,0.74,0.01,0.01,77998.02,1776969969000
1776969971.801,71.801,0.26,0.27,0.73,0.74,0.01,0.01,77998.02,1776969969000
1776969972.21,72.21,0.26,0.27,0.73,0.74,0.01,0.01,78005.49,1776969970000
1776969972.66,72.66,0.26,0.27,0.73,0.74,0.01,0.01,78003.92,1776969971000
1776969973.007,73.007,0.26,0.28,0.72,0.74,0.02,0.02,78003.92,1776969971000
1776969973.344,73.344,0.26,0.27,0.73,0.74,0.01,0.01,78003.99,1776969972000
1776969973.794,73.794,0.26,0.29,0.68,0.74,0.03,0.06,78003.99,1776969972000
1776969974.221,74.221,0.26,0.27,0.73,0.74,0.01,0.01,78003.99,1776969972000
1776969974.666,74.666,0.26,0.3,0.66,0.74,0.04,0.08,78002.52,1776969973000
1776969975.11,75.11,0.26,0.27,0.73,0.74,0.01,0.01,77998.68,1776969974000
1776969975.512,75.512,0.26,0.27,0.73,0.74,0.01,0.01,77998.68,1776969974000
1776969975.846,75.846,0.26,0.27,0.73,0.74,0.01,0.01,77998.68,1776969974000
1776969976.245,76.245,0.25,0.27,0.73,0.75,0.02,0.02,77997.69,1776969975000
1776969976.631,76.631,0.24,0.25,0.75,0.76,0.01,0.01,77997.69,1776969975000
1776969977.162,77.162,0.23,0.24,0.75,0.77,0.01,0.02,77997.69,1776969975000
1776969977.518,77.518,0.23,0.24,0.76,0.77,0.01,0.01,77992.0,1776969976000
1776969977.884,77.884,0.22,0.23,0.77,0.78,0.01,0.01,77992.0,1776969976000
1776969978.847,78.847,0.22,0.23,0.77,0.78,0.01,0.01,77986.42,1776969977000
1776969979.235,79.235,0.22,0.23,0.77,0.78,0.01,0.01,77983.44,1776969978000
1776969979.604,79.604,0.22,0.23,0.77,0.78,0.01,0.01,77983.44,1776969978000
1776969980.245,80.245,0.22,0.23,0.77,0.78,0.01,0.01,77982.31,1776969979000
1776969980.595,80.595,0.22,0.23,0.77,0.78,0.01,0.01,77982.31,1776969979000
1776969981.383,81.383,0.22,0.23,0.77,0.78,0.01,0.01,77981.57,1776969980000
1776969981.923,81.923,0.22,0.23,0.77,0.78,0.01,0.01,77981.57,1776969980000
1776969982.259,82.259,0.22,0.23,0.77,0.78,0.01,0.01,77981.57,1776969981000
1776969982.696,82.696,0.21,0.23,0.77,0.79,0.02,0.02,77981.57,1776969981000
1776969983.09,83.09,0.21,0.23,0.77,0.79,0.02,0.02,77981.13,1776969982000
1776969983.529,83.529,0.21,0.23,0.77,0.79,0.02,0.02,77981.13,1776969982000
1776969984.077,84.077,0.21,0.23,0.77,0.79,0.02,0.02,77981.13,1776969982000
1776969984.444,84.444,0.22,0.23,0.78,0.79,0.01,0.01,77980.43,1776969983000
1776969984.941,84.941,0.22,0.23,0.77,0.78,0.01,0.01,77980.43,1776969983000
1776969985.306,85.306,0.24,0.25,0.72,0.76,0.01,0.04,77980.43,1776969983000
1776969985.67,85.67,0.29,0.34,0.67,0.72,0.05,0.05,77991.93,1776969984000
1776969986.063,86.063,0.3,0.33,0.67,0.7,0.03,0.03,78000.48,1776969985000
1776969986.511,86.511,0.33,0.34,0.66,0.67,0.01,0.01,78000.48,1776969985000
1776969987.003,87.003,0.34,0.35,0.66,0.67,0.01,0.01,78000.48,1776969985000
1776969987.637,87.637,0.34,0.35,0.65,0.66,0.01,0.01,78007.48,1776969986000
1776969988.335,88.335,0.34,0.35,0.65,0.66,0.01,0.01,78012.5,1776969987000
1776969988.719,88.719,0.34,0.35,0.65,0.66,0.01,0.01,78012.5,1776969987000
1776969989.234,89.234,0.34,0.35,0.65,0.66,0.01,0.01,78012.5,1776969987000
1776969990.504,90.504,0.34,0.35,0.65,0.66,0.01,0.01,78018.7,1776969989000
1776969990.878,90.878,0.34,0.35,0.65,0.66,0.01,0.01,78018.7,1776969989000
1776969991.55,91.55,0.34,0.35,0.65,0.66,0.01,0.01,78018.7,1776969990000
1776969991.938,91.938,0.34,0.35,0.65,0.66,0.01,0.01,78018.72,1776969991000
1776969992.288,92.288,0.34,0.37,0.63,0.66,0.03,0.03,78018.72,1776969991000
1776969992.837,92.837,0.34,0.35,0.65,0.66,0.01,0.01,78018.72,1776969991000
1776969993.255,93.255,0.34,0.35,0.65,0.66,0.01,0.01,78018.63,1776969992000
1776969993.675,93.675,0.34,0.35,0.65,0.66,0.01,0.01,78018.63,1776969992000
1776969994.117,94.117,0.34,0.35,0.65,0.66,0.01,0.01,78018.63,1776969993000
1776969994.624,94.624,0.34,0.35,0.65,0.66,0.01,0.01,78018.63,1776969993000
1776969995.126,95.126,0.29,0.3,0.7,0.72,0.01,0.02,78018.63,1776969993000
1776969995.549,95.549,0.29,0.3,0.7,0.71,0.01,0.01,78017.48,1776969994000
1776969995.941,95.941,0.29,0.3,0.7,0.71,0.01,0.01,78017.48,1776969994000
1776969996.379,96.379,0.3,0.31,0.69,0.7,0.01,0.01,78015.48,1776969995000
1776969997.328,97.328,0.3,0.31,0.69,0.7,0.01,0.01,78009.25,1776969996000
1776969997.942,97.942,0.3,0.31,0.69,0.7,0.01,0.01,78009.25,1776969996000
1776969998.424,98.424,0.3,0.31,0.69,0.7,0.01,0.01,78009.98,1776969997000
1776969998.899,98.899,0.3,0.31,0.69,0.7,0.01,0.01,78009.98,1776969998000
1776969999.498,99.498,0.3,0.31,0.69,0.7,0.01,0.01,78009.98,1776969998000
1776969999.992,99.992,0.3,0.31,0.69,0.7,0.01,0.01,78012.71,1776969999000
1776970000.902,100.902,0.3,0.31,0.69,0.7,0.01,0.01,78012.71,1776969999000
1776970002.284,102.284,0.3,0.31,0.69,0.7,0.01,0.01,78010.66,1776970000000
1776970002.855,102.855,0.3,0.31,0.69,0.7,0.01,0.01,78005.73,1776970001000
1776970003.206,103.206,0.3,0.31,0.69,0.7,0.01,0.01,78005.82,1776970002000
1776970003.661,103.661,0.3,0.31,0.69,0.7,0.01,0.01,78005.82,1776970002000
1776970004.007,104.007,0.3,0.31,0.69,0.7,0.01,0.01,78005.82,1776970002000
1776970004.376,104.376,0.3,0.31,0.69,0.7,0.01,0.01,78005.85,1776970003000
1776970004.973,104.973,0.3,0.31,0.69,0.7,0.01,0.01,78005.85,1776970003000
1776970005.343,105.343,0.31,0.32,0.68,0.69,0.01,0.01,78005.85,1776970003000
1776970005.709,105.709,0.31,0.32,0.68,0.69,0.01,0.01,78005.82,1776970004000
1776970006.255,106.255,0.32,0.33,0.68,0.69,0.01,0.01,78005.82,1776970004000
1776970006.853,106.853,0.32,0.33,0.67,0.68,0.01,0.01,78015.13,1776970006000
1776970007.204,107.204,0.32,0.33,0.67,0.68,0.01,0.01,78015.13,1776970006000
1776970008.124,108.124,0.32,0.33,0.67,0.68,0.01,0.01,78015.56,1776970007000
1776970008.593,108.593,0.32,0.33,0.67,0.68,0.01,0.01,78015.56,1776970007000
1776970008.996,108.996,0.32,0.33,0.67,0.68,0.01,0.01,78015.56,1776970007000
1776970009.796,109.796,0.32,0.33,0.67,0.68,0.01,0.01,78016.21,1776970008000
1776970010.456,110.456,0.32,0.33,0.67,0.68,0.01,0.01,78014.49,1776970009000
1776970010.832,110.832,0.32,0.33,0.67,0.68,0.01,0.01,78014.49,1776970009000
1776970011.299,111.299,0.32,0.33,0.67,0.68,0.01,0.01,78016.04,1776970010000
1776970011.789,111.789,0.32,0.33,0.67,0.68,0.01,0.01,78016.04,1776970010000
1776970012.139,112.139,0.32,0.33,0.67,0.68,0.01,0.01,78034.97,1776970011000
1776970012.492,112.492,0.32,0.33,0.67,0.68,0.01,0.01,78034.97,1776970011000
1776970012.859,112.859,0.34,0.35,0.65,0.66,0.01,0.01,78034.97,1776970011000
1776970013.268,113.268,0.32,0.41,0.64,0.65,0.09,0.01,78034.97,1776970011000
1776970013.613,113.613,0.4,0.41,0.59,0.6,0.01,0.01,78034.97,1776970012000
1776970013.951,113.951,0.4,0.41,0.54,0.6,0.01,0.06,78034.97,1776970012000
1776970014.323,114.323,0.4,0.41,0.59,0.6,0.01,0.01,78034.97,1776970012000
1776970014.776,114.776,0.4,0.41,0.59,0.6,0.01,0.01,78039.28,1776970013000
1776970015.123,115.123,0.4,0.41,0.59,0.6,0.01,0.01,78039.28,1776970014000
1776970015.639,115.639,0.4,0.41,0.59,0.6,0.01,0.01,78039.28,1776970014000
1776970016.078,116.078,0.4,0.43,0.57,0.6,0.03,0.03,78039.28,1776970014000
1776970016.662,116.662,0.4,0.43,0.57,0.6,0.03,0.03,78039.14,1776970015000
1776970017.071,117.071,0.41,0.42,0.58,0.59,0.01,0.01,78039.14,1776970016000
1776970017.934,117.934,0.41,0.42,0.58,0.59,0.01,0.01,78039.14,1776970016000
1776970018.989,118.989,0.41,0.42,0.58,0.59,0.01,0.01,78037.15,1776970018000
1776970019.841,119.841,0.41,0.42,0.58,0.59,0.01,0.01,78037.15,1776970018000
1776970020.207,120.207,0.41,0.42,0.58,0.59,0.01,0.01,78034.81,1776970019000
1776970020.723,120.723,0.41,0.42,0.57,0.6,0.01,0.03,78034.81,1776970019000
1776970022.013,122.013,0.41,0.42,0.58,0.59,0.01,0.01,78034.39,1776970021000
1776970022.37,122.37,0.39,0.42,0.58,0.59,0.03,0.01,78034.39,1776970021000
1776970022.845,122.845,0.4,0.41,0.59,0.6,0.01,0.01,78034.39,1776970021000
1776970023.799,123.799,0.4,0.41,0.59,0.6,0.01,0.01,78034.68,1776970022000
1776970024.222,124.222,0.41,0.42,0.58,0.59,0.01,0.01,78034.99,1776970023000
1776970024.676,124.676,0.42,0.43,0.57,0.59,0.01,0.02,78034.99,1776970023000
1776970025.116,125.116,0.42,0.43,0.57,0.58,0.01,0.01,78034.75,1776970024000
1776970026.016,126.016,0.42,0.43,0.57,0.58,0.01,0.01,78034.75,1776970024000
1776970026.554,126.554,0.42,0.44,0.57,0.58,0.02,0.01,78039.6,1776970025000
1776970026.998,126.998,0.42,0.43,0.56,0.58,0.01,0.02,78039.6,1776970025000
1776970027.379,127.379,0.42,0.43,0.57,0.58,0.01,0.01,78040.04,1776970026000
1776970028.049,128.049,0.42,0.43,0.57,0.58,0.01,0.01,78051.89,1776970027000
1776970029.009,129.009,0.42,0.43,0.57,0.58,0.01,0.01,78051.89,1776970027000
1776970029.345,129.345,0.42,0.45,0.55,0.58,0.03,0.03,78054.64,1776970028000
1776970029.687,129.687,0.42,0.45,0.55,0.58,0.03,0.03,78054.64,1776970028000
1776970030.046,130.046,0.42,0.46,0.54,0.58,0.04,0.04,78054.57,1776970029000
1776970030.436,130.436,0.44,0.45,0.55,0.56,0.01,0.01,78054.57,1776970029000
1776970030.786,130.786,0.44,0.5,0.5,0.56,0.06,0.06,78054.57,1776970029000
1776970031.158,131.158,0.47,0.5,0.5,0.54,0.03,0.04,78053.61,1776970030000
1776970031.513,131.513,0.49,0.5,0.5,0.51,0.01,0.01,78053.61,1776970030000
1776970032.013,132.013,0.49,0.5,0.5,0.51,0.01,0.01,78053.61,1776970030000
1776970032.375,132.375,0.49,0.5,0.5,0.51,0.01,0.01,78054.96,1776970031000
1776970032.768,132.768,0.49,0.5,0.5,0.51,0.01,0.01,78054.96,1776970031000
1776970033.144,133.144,0.44,0.45,0.54,0.57,0.01,0.03,78054.96,1776970031000
1776970033.481,133.481,0.44,0.45,0.55,0.56,0.01,0.01,78054.97,1776970032000
1776970033.909,133.909,0.44,0.45,0.55,0.56,0.01,0.01,78054.97,1776970032000
1776970034.243,134.243,0.43,0.45,0.55,0.57,0.02,0.02,78054.97,1776970032000
1776970034.58,134.58,0.41,0.43,0.57,0.59,0.02,0.02,78049.9,1776970033000
1776970034.993,134.993,0.39,0.42,0.57,0.61,0.03,0.04,78049.9,1776970033000
1776970035.506,135.506,0.39,0.43,0.57,0.61,0.04,0.04,78047.45,1776970034000
1776970035.898,135.898,0.37,0.38,0.57,0.63,0.01,0.06,78047.45,1776970034000
1776970036.232,136.232,0.37,0.42,0.62,0.63,0.05,0.01,78043.74,1776970035000
1776970036.7,136.7,0.38,0.42,0.58,0.63,0.04,0.05,78043.74,1776970035000
1776970037.442,137.442,0.41,0.42,0.58,0.62,0.01,0.04,78040.36,1776970036000
1776970037.778,137.778,0.38,0.42,0.58,0.62,0.04,0.04,78040.36,1776970036000
1776970038.218,138.218,0.38,0.42,0.58,0.62,0.04,0.04,78036.98,1776970037000
1776970038.671,138.671,0.38,0.4,0.58,0.62,0.02,0.04,78036.98,1776970037000
1776970039.024,139.024,0.39,0.43,0.57,0.61,0.04,0.04,78036.98,1776970037000
1776970039.502,139.502,0.38,0.42,0.57,0.62,0.04,0.05,78036.1,1776970038000
1776970039.876,139.876,0.38,0.42,0.58,0.62,0.04,0.04,78036.1,1776970038000
1776970040.343,140.343,0.37,0.42,0.58,0.63,0.05,0.05,78036.4,1776970039000
1776970040.758,140.758,0.37,0.4,0.6,0.62,0.03,0.02,78036.4,1776970039000
1776970041.102,141.102,0.4,0.43,0.58,0.6,0.03,0.02,78036.4,1776970039000
1776970041.459,141.459,0.4,0.43,0.57,0.6,0.03,0.03,78036.4,1776970039000
1776970041.896,141.896,0.41,0.43,0.57,0.59,0.02,0.02,78038.94,1776970041000
1776970042.229,142.229,0.41,0.42,0.58,0.59,0.01,0.01,78038.94,1776970041000
1776970042.63,142.63,0.41,0.42,0.58,0.59,0.01,0.01,78038.94,1776970041000
1776970043.025,143.025,0.41,0.42,0.58,0.59,0.01,0.01,78038.94,1776970041000
1776970043.466,143.466,0.39,0.4,0.6,0.61,0.01,0.01,78038.94,1776970041000
1776970043.953,143.953,0.39,0.4,0.6,0.61,0.01,0.01,78045.41,1776970042000
1776970044.663,144.663,0.39,0.4,0.6,0.61,0.01,0.01,78040.12,1776970043000
1776970045.134,145.134,0.39,0.4,0.6,0.61,0.01,0.01,78037.54,1776970044000
1776970045.987,145.987,0.38,0.39,0.6,0.61,0.01,0.01,78037.54,1776970044000
1776970047.256,147.256,0.38,0.39,0.61,0.62,0.01,0.01,78027.36,1776970046000
1776970047.595,147.595,0.38,0.39,0.61,0.62,0.01,0.01,78027.36,1776970046000
1776970048.256,148.256,0.38,0.39,0.61,0.62,0.01,0.01,78018.27,1776970047000
1776970048.756,148.756,0.37,0.39,0.61,0.62,0.02,0.01,78018.27,1776970047000
1776970049.182,149.182,0.35,0.36,0.6,0.65,0.01,0.05,78018.27,1776970047000
1776970049.778,149.778,0.35,0.36,0.64,0.65,0.01,0.01,78006.96,1776970048000
1776970050.134,150.134,0.34,0.37,0.63,0.66,0.03,0.03,78006.96,1776970048000
1776970050.476,150.476,0.31,0.37,0.63,0.69,0.06,0.06,78003.12,1776970049000
1776970050.905,150.905,0.31,0.37,0.63,0.69,0.06,0.06,78003.12,1776970050000
1776970051.293,151.293,0.29,0.34,0.66,0.69,0.05,0.03,78003.12,1776970050000
1776970051.628,151.628,0.31,0.32,0.68,0.69,0.01,0.01,78003.12,1776970050000
1776970051.978,151.978,0.25,0.33,0.67,0.75,0.08,0.08,78012.48,1776970051000
1776970052.315,152.315,0.29,0.3,0.7,0.71,0.01,0.01,78012.48,1776970051000
1776970052.67,152.67,0.27,0.28,0.72,0.73,0.01,0.01,78012.48,1776970051000
1776970053.073,153.073,0.27,0.28,0.72,0.73,0.01,0.01,78012.48,1776970051000
1776970053.477,153.477,0.21,0.23,0.77,0.79,0.02,0.02,78012.48,1776970051000
1776970054.001,154.001,0.21,0.22,0.75,0.79,0.01,0.04,78013.61,1776970052000
1776970054.695,154.695,0.21,0.22,0.78,0.79,0.01,0.01,78012.8,1776970053000
1776970055.408,155.408,0.21,0.22,0.78,0.79,0.01,0.01,78003.36,1776970054000
1776970055.973,155.973,0.21,0.22,0.78,0.79,0.01,0.01,78003.36,1776970054000
1776970056.63,156.63,0.21,0.22,0.78,0.79,0.01,0.01,77997.01,1776970055000
1776970056.979,156.979,0.21,0.22,0.78,0.79,0.01,0.01,77997.01,1776970055000
1776970057.435,157.435,0.21,0.22,0.78,0.79,0.01,0.01,77996.16,1776970056000
1776970058.052,158.052,0.21,0.22,0.78,0.79,0.01,0.01,77996.16,1776970056000
1776970058.397,158.397,0.21,0.22,0.78,0.79,0.01,0.01,77995.38,1776970057000
1776970058.829,158.829,0.21,0.22,0.78,0.79,0.01,0.01,77995.38,1776970057000
1776970059.28,159.28,0.2,0.22,0.78,0.8,0.02,0.02,77995.38,1776970057000
1776970059.708,159.708,0.2,0.22,0.78,0.79,0.02,0.01,77991.69,1776970058000
1776970060.178,160.178,0.2,0.21,0.78,0.8,0.01,0.02,77990.51,1776970059000
1776970060.516,160.516,0.19,0.2,0.8,0.81,0.01,0.01,77990.51,1776970059000
1776970060.881,160.881,0.18,0.2,0.8,0.81,0.02,0.01,77990.51,1776970059000
1776970061.264,161.264,0.19,0.2,0.8,0.81,0.01,0.01,77987.56,1776970060000
1776970061.605,161.605,0.19,0.2,0.8,0.81,0.01,0.01,77987.56,1776970060000
1776970061.983,161.983,0.18,0.19,0.81,0.82,0.01,0.01,77987.56,1776970060000
1776970062.326,162.326,0.18,0.19,0.81,0.82,0.01,0.01,77987.55,1776970061000
1776970062.683,162.683,0.18,0.19,0.81,0.82,0.01,0.01,77987.55,1776970061000
1776970063.041,163.041,0.18,0.19,0.81,0.82,0.01,0.01,77987.55,1776970061000
1776970064.23,164.23,0.18,0.19,0.81,0.82,0.01,0.01,77988.85,1776970063000
1776970065.221,165.221,0.18,0.19,0.81,0.82,0.01,0.01,77988.85,1776970063000
1776970065.73,165.73,0.18,0.19,0.81,0.82,0.01,0.01,77988.28,1776970064000
1776970066.216,166.216,0.18,0.19,0.81,0.82,0.01,0.01,77989.26,1776970065000
1776970066.597,166.597,0.18,0.19,0.81,0.82,0.01,0.01,77989.26,1776970065000
1776970066.992,166.992,0.18,0.19,0.81,0.82,0.01,0.01,77990.7,1776970066000
1776970067.412,167.412,0.18,0.19,0.81,0.82,0.01,0.01,77990.7,1776970066000
1776970068.011,168.011,0.18,0.19,0.81,0.82,0.01,0.01,77991.08,1776970067000
1776970068.376,168.376,0.18,0.19,0.81,0.82,0.01,0.01,77991.08,1776970067000
1776970068.762,168.762,0.18,0.19,0.81,0.82,0.01,0.01,77991.08,1776970067000
1776970069.258,169.258,0.18,0.19,0.81,0.82,0.01,0.01,77990.86,1776970068000
1776970069.625,169.625,0.18,0.19,0.81,0.82,0.01,0.01,77990.86,1776970068000
1776970069.963,169.963,0.18,0.19,0.81,0.82,0.01,0.01,77990.86,1776970068000
1776970070.299,170.299,0.18,0.19,0.81,0.82,0.01,0.01,77989.11,1776970069000
1776970070.645,170.645,0.18,0.19,0.81,0.82,0.01,0.01,77989.11,1776970069000
1776970071.045,171.045,0.19,0.2,0.8,0.81,0.01,0.01,77989.7,1776970070000
1776970071.44,171.44,0.19,0.2,0.8,0.81,0.01,0.01,77989.7,1776970070000
1776970071.782,171.782,0.19,0.2,0.8,0.81,0.01,0.01,77989.7,1776970070000
1776970072.228,172.228,0.19,0.2,0.8,0.81,0.01,0.01,77991.55,1776970071000
1776970072.653,172.653,0.19,0.2,0.8,0.81,0.01,0.01,77991.55,1776970071000
1776970073.566,173.566,0.19,0.2,0.8,0.81,0.01,0.01,77995.9,1776970072000
1776970073.924,173.924,0.19,0.2,0.8,0.81,0.01,0.01,77999.12,1776970073000
1776970074.904,174.904,0.19,0.2,0.8,0.81,0.01,0.01,77999.09,1776970074000
1776970076.241,176.241,0.19,0.2,0.8,0.81,0.01,0.01,77999.09,1776970074000
1776970076.908,176.908,0.19,0.2,0.8,0.81,0.01,0.01,78002.35,1776970075000
1776970078.166,178.166,0.19,0.2,0.8,0.81,0.01,0.01,78001.49,1776970076000
1776970078.516,178.516,0.19,0.23,0.77,0.81,0.04,0.04,77996.3,1776970077000
1776970079.159,179.159,0.19,0.24,0.76,0.81,0.05,0.05,77987.43,1776970078000
1776970079.521,179.521,0.19,0.2,0.8,0.81,0.01,0.01,77987.43,1776970078000
1776970079.856,179.856,0.18,0.19,0.81,0.82,0.01,0.01,77987.43,1776970078000
1776970080.236,180.236,0.18,0.19,0.8,0.82,0.01,0.02,77985.87,1776970079000
1776970080.591,180.591,0.17,0.18,0.82,0.83,0.01,0.01,77985.87,1776970079000
1776970081.015,181.015,0.16,0.18,0.82,0.84,0.02,0.02,77985.87,1776970079000
1776970081.371,181.371,0.15,0.16,0.84,0.85,0.01,0.01,77986.05,1776970080000
1776970081.845,181.845,0.12,0.13,0.87,0.88,0.01,0.01,77986.05,1776970080000
1776970082.404,182.404,0.12,0.13,0.87,0.88,0.01,0.01,77986.05,1776970081000
1776970082.816,182.816,0.12,0.13,0.87,0.88,0.01,0.01,77986.05,1776970081000
1776970083.591,183.591,0.12,0.13,0.87,0.88,0.01,0.01,77986.05,1776970081000
1776970084.027,184.027,0.12,0.13,0.87,0.88,0.01,0.01,77973.18,1776970082000
1776970084.435,184.435,0.12,0.13,0.87,0.88,0.01,0.01,77971.13,1776970083000
1776970085.107,185.107,0.12,0.13,0.87,0.88,0.01,0.01,77971.13,1776970083000
1776970085.446,185.446,0.12,0.13,0.87,0.88,0.01,0.01,77970.03,1776970084000
1776970086.133,186.133,0.12,0.13,0.87,0.88,0.01,0.01,77970.03,1776970084000
1776970086.492,186.492,0.12,0.13,0.87,0.88,0.01,0.01,77970.03,1776970084000
1776970086.877,186.877,0.11,0.13,0.87,0.89,0.02,0.02,77968.57,1776970085000
1776970087.313,187.313,0.11,0.12,0.88,0.89,0.01,0.01,77962.21,1776970086000
1776970087.71,187.71,0.11,0.13,0.87,0.89,0.02,0.02,77962.21,1776970086000
1776970088.283,188.283,0.11,0.13,0.87,0.89,0.02,0.02,77962.21,1776970086000
1776970088.753,188.753,0.1,0.12,0.87,0.89,0.02,0.02,77956.58,1776970087000
1776970089.089,189.089,0.08,0.12,0.9,0.92,0.04,0.02,77956.58,1776970087000
1776970089.422,189.422,0.07,0.1,0.89,0.92,0.03,0.03,77955.28,1776970088000
1776970089.824,189.824,0.08,0.09,0.91,0.92,0.01,0.01,77955.28,1776970088000
1776970090.203,190.203,0.08,0.09,0.91,0.92,0.01,0.01,77955.28,1776970088000
1776970090.545,190.545,0.08,0.09,0.91,0.92,0.01,0.01,77952.34,1776970089000
1776970090.908,190.908,0.08,0.09,0.91,0.92,0.01,0.01,77952.34,1776970089000
1776970091.253,191.253,0.08,0.09,0.91,0.92,0.01,0.01,77952.24,1776970090000
1776970091.789,191.789,0.08,0.09,0.91,0.92,0.01,0.01,77952.24,1776970090000
1776970092.162,192.162,0.08,0.09,0.91,0.92,0.01,0.01,77952.24,1776970090000
1776970092.548,192.548,0.08,0.09,0.91,0.92,0.01,0.01,77952.77,1776970091000
1776970092.985,192.985,0.08,0.09,0.91,0.92,0.01,0.01,77952.77,1776970091000
1776970093.322,193.322,0.08,0.09,0.91,0.92,0.01,0.01,77952.77,1776970091000
1776970093.685,193.685,0.08,0.09,0.91,0.92,0.01,0.01,77959.05,1776970092000
1776970094.686,194.686,0.08,0.09,0.91,0.92,0.01,0.01,77960.74,1776970093000
1776970095.089,195.089,0.08,0.09,0.91,0.92,0.01,0.01,77960.31,1776970094000
1776970095.482,195.482,0.08,0.09,0.91,0.92,0.01,0.01,77960.31,1776970094000
1776970095.828,195.828,0.08,0.09,0.91,0.92,0.01,0.01,77960.31,1776970094000
1776970096.184,196.184,0.08,0.09,0.91,0.92,0.01,0.01,77960.31,1776970094000
1776970096.71,196.71,0.08,0.09,0.91,0.92,0.01,0.01,77961.01,1776970095000
1776970097.225,197.225,0.08,0.09,0.91,0.92,0.01,0.01,77961.01,1776970095000
1776970097.67,197.67,0.08,0.09,0.91,0.92,0.01,0.01,77962.26,1776970096000
1776970098.204,198.204,0.08,0.09,0.91,0.92,0.01,0.01,77962.26,1776970096000
1776970098.556,198.556,0.08,0.09,0.91,0.92,0.01,0.01,77961.94,1776970097000
1776970098.985,198.985,0.08,0.09,0.91,0.92,0.01,0.01,77961.94,1776970097000
1776970099.365,199.365,0.07,0.09,0.91,0.92,0.02,0.01,77961.94,1776970098000
1776970099.894,199.894,0.07,0.08,0.92,0.93,0.01,0.01,77962.32,1776970099000
1776970100.355,200.355,0.07,0.08,0.92,0.93,0.01,0.01,77962.32,1776970099000
1776970100.886,200.886,0.07,0.08,0.92,0.93,0.01,0.01,77963.11,1776970100000
1776970101.885,201.885,0.07,0.08,0.92,0.93,0.01,0.01,77961.86,1776970101000
1776970102.277,202.277,0.07,0.08,0.92,0.93,0.01,0.01,77961.86,1776970101000
1776970102.908,202.908,0.07,0.08,0.92,0.93,0.01,0.01,77963.2,1776970102000
1776970103.287,203.287,0.07,0.08,0.92,0.93,0.01,0.01,77963.2,1776970102000
1776970103.932,203.932,0.07,0.08,0.92,0.93,0.01,0.01,77960.72,1776970103000
1776970104.858,204.858,0.07,0.08,0.92,0.93,0.01,0.01,77967.09,1776970104000
1776970105.506,205.506,0.07,0.08,0.92,0.93,0.01,0.01,77967.09,1776970104000
1776970106.186,206.186,0.07,0.08,0.92,0.93,0.01,0.01,77981.55,1776970105000
1776970106.519,206.519,0.07,0.09,0.92,0.93,0.02,0.01,77981.55,1776970105000
1776970107.004,207.004,0.08,0.09,0.91,0.92,0.01,0.01,77981.55,1776970105000
1776970107.619,207.619,0.07,0.1,0.91,0.93,0.03,0.02,77977.17,1776970106000
1776970107.982,207.982,0.08,0.1,0.9,0.92,0.02,0.02,77977.17,1776970106000
1776970108.337,208.337,0.09,0.1,0.9,0.91,0.01,0.01,77975.43,1776970107000
1776970108.675,208.675,0.1,0.11,0.9,0.91,0.01,0.01,77975.43,1776970107000
1776970109.054,209.054,0.1,0.11,0.89,0.9,0.01,0.01,77975.43,1776970107000
1776970109.843,209.843,0.1,0.11,0.89,0.9,0.01,0.01,77974.38,1776970108000
1776970110.233,210.233,0.11,0.12,0.88,0.9,0.01,0.02,77980.98,1776970109000
1776970110.702,210.702,0.12,0.14,0.87,0.88,0.02,0.01,77980.98,1776970109000
1776970111.081,211.081,0.12,0.15,0.86,0.88,0.03,0.02,77980.98,1776970109000
1776970111.795,211.795,0.12,0.15,0.85,0.88,0.03,0.03,77986.67,1776970110000
1776970112.219,212.219,0.12,0.15,0.85,0.88,0.03,0.03,77986.67,1776970110000
1776970113.035,213.035,0.12,0.14,0.86,0.88,0.02,0.02,77991.25,1776970111000
1776970113.694,213.694,0.12,0.14,0.86,0.88,0.02,0.02,77995.91,1776970112000
1776970114.234,214.234,0.12,0.14,0.86,0.88,0.02,0.02,77993.34,1776970113000
1776970115.047,215.047,0.14,0.15,0.85,0.87,0.01,0.02,77993.34,1776970113000
1776970115.443,215.443,0.13,0.14,0.85,0.87,0.01,0.02,77992.21,1776970114000
1776970115.864,215.864,0.13,0.14,0.86,0.87,0.01,0.01,77992.21,1776970114000
1776970116.22,216.22,0.13,0.14,0.86,0.87,0.01,0.01,77990.73,1776970115000
1776970116.609,216.609,0.13,0.14,0.86,0.87,0.01,0.01,77990.73,1776970115000
1776970117.223,217.223,0.13,0.14,0.86,0.87,0.01,0.01,77989.63,1776970116000
1776970117.562,217.562,0.13,0.14,0.86,0.87,0.01,0.01,77989.63,1776970116000
1776970117.912,217.912,0.13,0.14,0.86,0.87,0.01,0.01,77989.63,1776970116000
1776970118.313,218.313,0.13,0.14,0.86,0.87,0.01,0.01,77988.1,1776970117000
1776970118.868,218.868,0.13,0.14,0.86,0.87,0.01,0.01,77988.1,1776970117000
1776970119.33,219.33,0.13,0.14,0.86,0.87,0.01,0.01,77983.47,1776970118000
1776970119.767,219.767,0.12,0.13,0.87,0.88,0.01,0.01,77983.47,1776970118000
1776970120.24,220.24,0.12,0.14,0.86,0.88,0.02,0.02,77983.47,1776970118000
1776970120.849,220.849,0.11,0.14,0.86,0.89,0.03,0.03,77970.07,1776970119000
1776970121.271,221.271,0.11,0.13,0.87,0.89,0.02,0.02,77970.07,1776970119000
1776970121.766,221.766,0.12,0.13,0.87,0.89,0.01,0.02,77968.89,1776970120000
1776970122.127,222.127,0.1,0.13,0.87,0.9,0.03,0.03,77968.89,1776970120000
1776970122.489,222.489,0.09,0.12,0.88,0.91,0.03,0.03,77967.13,1776970121000
1776970123.206,223.206,0.08,0.1,0.9,0.91,0.02,0.01,77967.13,1776970121000
1776970123.653,223.653,0.08,0.13,0.87,0.92,0.05,0.05,77967.11,1776970122000
1776970124.241,224.241,0.11,0.12,0.88,0.89,0.01,0.01,77967.11,1776970122000
1776970124.605,224.605,0.08,0.1,0.88,0.89,0.02,0.01,77967.11,1776970122000
1776970124.962,224.962,0.08,0.1,0.9,0.92,0.02,0.02,77967.81,1776970123000
1776970125.327,225.327,0.07,0.08,0.92,0.93,0.01,0.01,77967.81,1776970123000
1776970125.854,225.854,0.07,0.08,0.92,0.94,0.01,0.02,77967.81,1776970123000
1776970126.187,226.187,0.08,0.09,0.91,0.92,0.01,0.01,77967.81,1776970124000
1776970126.586,226.586,0.07,0.09,0.92,0.93,0.02,0.01,77967.81,1776970124000
1776970127.11,227.11,0.07,0.08,0.92,0.93,0.01,0.01,77969.82,1776970126000
1776970127.511,227.511,0.06,0.08,0.92,0.93,0.02,0.01,77969.82,1776970126000
1776970127.898,227.898,0.06,0.07,0.93,0.94,0.01,0.01,77969.82,1776970126000
1776970128.252,228.252,0.06,0.07,0.93,0.94,0.01,0.01,77970.39,1776970127000
1776970128.601,228.601,0.06,0.07,0.93,0.94,0.01,0.01,77970.39,1776970127000
1776970129.009,229.009,0.06,0.07,0.93,0.94,0.01,0.01,77970.39,1776970127000
1776970129.396,229.396,0.06,0.07,0.93,0.94,0.01,0.01,77970.12,1776970128000
1776970129.773,229.773,0.05,0.07,0.93,0.94,0.02,0.01,77970.12,1776970128000
1776970130.162,230.162,0.05,0.06,0.94,0.95,0.01,0.01,77969.37,1776970129000
1776970130.547,230.547,0.05,0.06,0.94,0.95,0.01,0.01,77969.37,1776970129000
1776970131.031,231.031,0.05,0.06,0.94,0.95,0.01,0.01,77969.37,1776970129000
1776970131.364,231.364,0.05,0.06,0.94,0.95,0.01,0.01,77969.47,1776970130000
1776970131.909,231.909,0.05,0.06,0.94,0.95,0.01,0.01,77969.47,1776970130000
1776970132.662,232.662,0.05,0.06,0.94,0.95,0.01,0.01,77969.45,1776970131000
1776970133.253,233.253,0.05,0.06,0.94,0.95,0.01,0.01,77969.45,1776970131000
1776970133.686,233.686,0.04,0.06,0.94,0.96,0.02,0.02,77968.38,1776970132000
1776970134.431,234.431,0.04,0.06,0.94,0.96,0.02,0.02,77971.46,1776970133000
1776970135.028,235.028,0.04,0.06,0.94,0.96,0.02,0.02,77973.17,1776970134000
1776970135.447,235.447,0.05,0.06,0.94,0.96,0.01,0.02,77973.17,1776970134000
1776970135.782,235.782,0.05,0.06,0.94,0.95,0.01,0.01,77973.17,1776970134000
1776970136.119,236.119,0.05,0.06,0.94,0.95,0.01,0.01,77981.44,1776970135000
1776970136.466,236.466,0.05,0.06,0.94,0.95,0.01,0.01,77981.44,1776970135000
1776970136.964,236.964,0.05,0.06,0.93,0.95,0.01,0.02,77981.44,1776970135000
1776970137.316,237.316,0.05,0.06,0.93,0.95,0.01,0.02,77983.4,1776970136000
1776970137.68,237.68,0.06,0.07,0.93,0.94,0.01,0.01,77983.4,1776970136000
1776970138.017,238.017,0.06,0.07,0.93,0.94,0.01,0.01,77983.4,1776970136000
1776970138.626,238.626,0.06,0.07,0.93,0.94,0.01,0.01,77981.44,1776970137000
1776970138.99,238.99,0.06,0.07,0.93,0.94,0.01,0.01,77981.44,1776970137000
1776970139.39,239.39,0.06,0.07,0.93,0.94,0.01,0.01,77981.44,1776970137000
1776970139.907,239.907,0.06,0.07,0.93,0.94,0.01,0.01,77981.44,1776970137000
1776970140.288,240.288,0.06,0.07,0.93,0.94,0.01,0.01,77979.53,1776970139000
1776970140.66,240.66,0.06,0.07,0.93,0.94,0.01,0.01,77979.53,1776970139000
1776970141.006,241.006,0.05,0.06,0.93,0.95,0.01,0.02,77979.53,1776970139000
1776970141.432,241.432,0.05,0.06,0.94,0.95,0.01,0.01,77974.13,1776970140000
1776970142.283,242.283,0.05,0.06,0.94,0.95,0.01,0.01,77973.81,1776970141000
1776970142.639,242.639,0.05,0.06,0.94,0.95,0.01,0.01,77973.81,1776970141000
1776970143.116,243.116,0.05,0.06,0.94,0.95,0.01,0.01,77973.81,1776970141000
1776970143.459,243.459,0.05,0.06,0.94,0.95,0.01,0.01,77971.54,1776970142000
1776970143.851,243.851,0.04,0.06,0.94,0.96,0.02,0.02,77971.54,1776970142000
1776970144.274,244.274,0.04,0.05,0.94,0.96,0.01,0.02,77971.54,1776970143000
1776970144.641,244.641,0.04,0.05,0.95,0.96,0.01,0.01,77971.54,1776970143000
1776970145.086,245.086,0.04,0.05,0.95,0.96,0.01,0.01,77970.32,1776970144000
1776970145.499,245.499,0.04,0.05,0.95,0.96,0.01,0.01,77970.32,1776970144000
1776970145.832,245.832,0.04,0.05,0.95,0.97,0.01,0.02,77970.32,1776970144000
1776970146.201,246.201,0.03,0.04,0.95,0.96,0.01,0.01,77970.16,1776970145000
1776970146.535,246.535,0.03,0.04,0.96,0.97,0.01,0.01,77970.16,1776970145000
1776970146.962,246.962,0.03,0.04,0.96,0.97,0.01,0.01,77970.16,1776970145000
1776970147.371,247.371,0.03,0.04,0.96,0.97,0.01,0.01,77967.99,1776970146000
1776970147.891,247.891,0.03,0.04,0.96,0.97,0.01,0.01,77967.99,1776970146000
1776970148.226,248.226,0.03,0.04,0.96,0.97,0.01,0.01,77967.99,1776970146000
1776970148.575,248.575,0.03,0.04,0.96,0.97,0.01,0.01,77975.05,1776970147000
1776970148.935,248.935,0.03,0.04,0.96,0.97,0.01,0.01,77975.05,1776970147000
1776970149.335,249.335,0.03,0.04,0.96,0.97,0.01,0.01,77975.27,1776970148000
1776970149.788,249.788,0.03,0.04,0.96,0.97,0.01,0.01,77975.27,1776970148000
1776970150.243,250.243,0.03,0.04,0.96,0.97,0.01,0.01,77977.48,1776970149000
1776970150.593,250.593,0.02,0.03,0.97,0.98,0.01,0.01,77977.48,1776970149000
1776970151.056,251.056,0.02,0.03,0.97,0.98,0.01,0.01,77977.48,1776970149000
1776970151.478,251.478,0.02,0.03,0.97,0.98,0.01,0.01,77977.16,1776970150000
1776970151.835,251.835,0.02,0.03,0.97,0.98,0.01,0.01,77977.16,1776970150000
1776970152.23,252.23,0.02,0.03,0.97,0.98,0.01,0.01,77974.23,1776970151000
1776970152.611,252.611,0.02,0.03,0.97,0.98,0.01,0.01,77974.23,1776970151000
1776970152.974,252.974,0.02,0.03,0.97,0.98,0.01,0.01,77974.23,1776970151000
1776970153.331,253.331,0.02,0.03,0.97,0.98,0.01,0.01,77974.23,1776970151000
1776970153.692,253.692,0.02,0.03,0.97,0.98,0.01,0.01,77970.46,1776970152000
1776970154.129,254.129,0.01,0.02,0.98,0.99,0.01,0.01,77970.46,1776970152000
1776970154.606,254.606,0.01,0.02,0.98,0.99,0.01,0.01,77961.62,1776970153000
1776970155.313,255.313,0.01,0.02,0.98,0.99,0.01,0.01,77961.62,1776970153000
1776970155.689,255.689,0.01,0.02,0.98,0.99,0.01,0.01,77955.28,1776970154000
1776970156.078,256.078,0.01,0.02,0.98,0.99,0.01,0.01,77955.28,1776970154000
1776970156.442,256.442,0.01,0.02,0.98,0.99,0.01,0.01,77953.41,1776970155000
1776970156.844,256.844,0.01,0.02,0.98,0.99,0.01,0.01,77953.41,1776970155000
1776970157.32,257.32,0.01,0.02,0.98,0.99,0.01,0.01,77953.41,1776970156000
1776970157.675,257.675,0.01,0.02,0.98,0.99,0.01,0.01,77953.41,1776970156000
1776970158.312,258.312,0.01,0.02,0.98,0.99,0.01,0.01,77952.7,1776970157000
1776970158.909,258.909,0.01,0.01,0.99,0.99,0.0,0.0,77951.32,1776970158000
1776970159.273,259.273,0.01,0.01,0.99,0.99,0.0,0.0,77951.32,1776970158000
1776970159.612,259.612,0.01,0.01,0.99,0.99,0.0,0.0,77951.32,1776970158000
1776970159.998,259.998,0.01,0.01,0.99,0.99,0.0,0.0,77951.32,1776970158000
1776970160.496,260.496,0.01,0.01,0.99,0.99,0.0,0.0,77954.11,1776970159000
1776970161.332,261.332,0.01,0.01,0.99,0.99,0.0,0.0,77955.69,1776970160000
1776970161.74,261.74,0.01,0.01,0.99,0.99,0.0,0.0,77955.69,1776970160000
1776970162.11,262.11,0.01,0.01,0.99,0.99,0.0,0.0,77955.69,1776970160000
1776970163.326,263.326,0.01,0.01,0.99,0.99,0.0,0.0,77954.79,1776970161000
1776970163.873,263.873,0.01,0.01,0.99,0.99,0.0,0.0,77950.86,1776970162000
1776970164.311,264.311,0.01,0.01,0.99,0.99,0.0,0.0,77950.86,1776970163000
1776970165.244,265.244,0.01,0.01,0.99,0.99,0.0,0.0,77950.31,1776970164000
1776970165.603,265.603,0.01,0.01,0.99,0.99,0.0,0.0,77950.31,1776970164000
1776970166.254,266.254,0.01,0.01,0.99,0.99,0.0,0.0,77949.9,1776970165000
1776970166.828,266.828,0.01,0.01,0.99,0.99,0.0,0.0,77949.9,1776970165000
1776970167.323,267.323,0.01,0.01,0.99,0.99,0.0,0.0,77949.72,1776970166000
1776970168.648,268.648,0.01,0.01,0.99,0.99,0.0,0.0,77949.72,1776970166000
1776970169.061,269.061,0.01,0.01,0.99,0.99,0.0,0.0,77949.57,1776970167000
1776970169.47,269.47,0.01,0.01,0.99,0.99,0.0,0.0,77948.72,1776970168000
1776970170.054,270.054,0.01,0.01,0.99,0.99,0.0,0.0,77945.51,1776970169000
1776970171.007,271.007,0.01,0.01,0.99,0.99,0.0,0.0,77945.51,1776970169000
1776970171.38,271.38,0.01,0.01,0.99,0.99,0.0,0.0,77942.71,1776970170000
1776970172.156,272.156,0.01,0.01,0.99,0.99,0.0,0.0,77941.04,1776970171000
1776970173.504,273.504,0.01,0.01,0.99,0.99,0.0,0.0,77935.47,1776970172000
1776970174.088,274.088,0.01,0.01,0.99,0.99,0.0,0.0,77930.35,1776970173000
1776970175.261,275.261,0.01,0.01,0.99,0.99,0.0,0.0,77930.35,1776970173000
1776970176.025,276.025,0.01,0.01,0.99,0.99,0.0,0.0,77929.06,1776970174000
1776970176.759,276.759,0.01,0.01,0.99,0.99,0.0,0.0,77928.63,1776970175000
1776970177.605,277.605,0.01,0.01,0.99,0.99,0.0,0.0,77928.63,1776970175000
1776970178.081,278.081,0.01,0.01,0.99,0.99,0.0,0.0,77927.43,1776970176000
1776970178.559,278.559,0.01,0.01,0.99,0.99,0.0,0.0,77928.09,1776970177000
1776970179.469,279.469,0.01,0.01,0.99,0.99,0.0,0.0,77923.41,1776970178000
1776970180.052,280.052,0.01,0.01,0.99,0.99,0.0,0.0,77923.23,1776970179000
1776970180.63,280.63,0.01,0.01,0.99,0.99,0.0,0.0,77923.23,1776970179000
1776970181.581,281.581,0.01,0.01,0.99,0.99,0.0,0.0,77907.85,1776970180000
1776970182.193,282.193,0.01,0.01,0.99,0.99,0.0,0.0,77900.54,1776970181000
1776970183.624,283.624,0.01,0.01,0.99,0.99,0.0,0.0,77898.09,1776970182000
1776970184.215,284.215,0.01,0.01,0.99,0.99,0.0,0.0,77898.16,1776970183000
1776970185.402,285.402,0.01,0.01,0.99,0.99,0.0,0.0,77897.95,1776970184000
1776970185.887,285.887,0.01,0.01,0.99,0.99,0.0,0.0,77896.53,1776970185000
1776970186.836,286.836,0.01,0.01,0.99,0.99,0.0,0.0,77897.5,1776970186000
1776970188.006,288.006,0.01,0.01,0.99,0.99,0.0,0.0,77894.46,1776970187000
1776970188.434,288.434,0.01,0.01,0.99,0.99,0.0,0.0,77894.46,1776970187000
1776970188.831,288.831,0.01,0.01,0.99,0.99,0.0,0.0,77896.7,1776970188000
1776970189.837,289.837,0.01,0.01,0.99,0.99,0.0,0.0,77897.28,1776970189000
1776970190.607,290.607,0.01,0.01,0.99,0.99,0.0,0.0,77897.28,1776970189000
1776970191.279,291.279,0.01,0.01,0.99,0.99,0.0,0.0,77898.21,1776970190000
1776970191.751,291.751,0.01,0.01,0.99,0.99,0.0,0.0,77898.21,1776970190000
1776970192.308,292.308,0.01,0.01,0.99,0.99,0.0,0.0,77902.15,1776970191000
1776970193.384,293.384,0.01,0.01,0.99,0.99,0.0,0.0,77902.33,1776970192000
1776970194.313,294.313,0.01,0.01,0.99,0.99,0.0,0.0,77900.58,1776970193000
1776970194.685,294.685,0.01,0.01,0.99,0.99,0.0,0.0,77900.58,1776970193000
1776970195.329,295.329,0.01,0.01,0.99,0.99,0.0,0.0,77901.53,1776970194000
1776970195.821,295.821,0.01,0.01,0.99,0.99,0.0,0.0,77901.53,1776970194000
1776970196.369,296.369,0.01,0.01,0.99,0.99,0.0,0.0,77901.65,1776970195000
1776970197.098,297.098,0.01,0.01,0.99,0.99,0.0,0.0,77901.65,1776970195000
1776970198.421,298.421,0.01,0.01,0.99,0.99,0.0,0.0,77902.35,1776970197000
1776970198.975,298.975,0.01,0.01,0.99,0.99,0.0,0.0,77902.8,1776970198000
1776970200.057,300.057,0.01,0.01,0.99,0.99,0.0,0.0,77902.8,1776970198000
1776970200.61,300.61,0.01,0.01,0.99,0.99,0.0,0.0,77902.8,1776970198000
1776970200.99,300.99,0.01,0.01,0.99,0.99,0.0,0.0,77902.3,1776970199000

# RESULT,winner=Down,slug=btc-updown-5m-1776969900,ticks=603
