timestamp,elapsed_sec,up_bid,up_ask,down_bid,down_ask,up_spread,down_spread,btc_price,btc_oracle_ts
1776537000.567,0.567,0.51,0.54,0.5,0.51,0.03,0.01,75690.71,1776536998000
1776537001.04,1.04,0.53,0.54,0.46,0.48,0.01,0.02,75690.47,1776536999000
1776537001.385,1.385,0.58,0.59,0.41,0.42,0.01,0.01,75690.47,1776536999000
1776537001.74,1.74,0.54,0.55,0.45,0.46,0.01,0.01,75690.31,1776537000000
1776537002.205,2.205,0.54,0.55,0.45,0.48,0.01,0.03,75690.31,1776537000000
1776537002.554,2.554,0.5,0.51,0.46,0.49,0.01,0.03,75690.17,1776537001000
1776537002.954,2.954,0.44,0.45,0.55,0.58,0.01,0.03,75690.17,1776537001000
1776537003.308,3.308,0.42,0.43,0.57,0.58,0.01,0.01,75691.11,1776537002000
1776537003.711,3.711,0.41,0.42,0.58,0.59,0.01,0.01,75691.11,1776537002000
1776537004.062,4.062,0.4,0.41,0.59,0.6,0.01,0.01,75691.11,1776537002000
1776537004.401,4.401,0.4,0.41,0.59,0.6,0.01,0.01,75691.11,1776537002000
1776537004.82,4.82,0.39,0.4,0.59,0.61,0.01,0.02,75679.9,1776537003000
1776537005.203,5.203,0.38,0.39,0.61,0.62,0.01,0.01,75677.78,1776537004000
1776537005.54,5.54,0.38,0.39,0.61,0.62,0.01,0.01,75677.78,1776537004000
1776537005.95,5.95,0.38,0.39,0.61,0.62,0.01,0.01,75677.78,1776537004000
1776537006.364,6.364,0.38,0.39,0.61,0.62,0.01,0.01,75673.54,1776537005000
1776537007.135,7.135,0.38,0.39,0.61,0.62,0.01,0.01,75673.54,1776537005000
1776537007.482,7.482,0.38,0.39,0.61,0.62,0.01,0.01,75672.7,1776537006000
1776537008.115,8.115,0.38,0.39,0.61,0.62,0.01,0.01,75672.7,1776537006000
1776537008.494,8.494,0.38,0.39,0.61,0.62,0.01,0.01,75672.7,1776537006000
1776537008.869,8.869,0.37,0.38,0.61,0.63,0.01,0.02,75672.15,1776537007000
1776537009.212,9.212,0.37,0.38,0.62,0.63,0.01,0.01,75672.15,1776537007000
1776537009.735,9.735,0.37,0.38,0.62,0.63,0.01,0.01,75671.39,1776537008000
1776537010.104,10.104,0.37,0.38,0.62,0.63,0.01,0.01,75671.39,1776537008000
1776537010.454,10.454,0.37,0.38,0.62,0.63,0.01,0.01,75672.15,1776537009000
1776537010.81,10.81,0.37,0.38,0.62,0.63,0.01,0.01,75672.15,1776537009000
1776537011.496,11.496,0.35,0.36,0.62,0.63,0.01,0.01,75672.15,1776537010000
1776537011.855,11.855,0.3,0.35,0.65,0.7,0.05,0.05,75672.15,1776537010000
1776537012.452,12.452,0.31,0.32,0.68,0.69,0.01,0.01,75671.81,1776537011000
1776537012.811,12.811,0.31,0.32,0.68,0.69,0.01,0.01,75671.81,1776537011000
1776537013.23,13.23,0.3,0.32,0.68,0.73,0.02,0.05,75671.81,1776537011000
1776537013.66,13.66,0.27,0.29,0.71,0.73,0.02,0.02,75667.72,1776537012000
1776537013.995,13.995,0.27,0.31,0.69,0.73,0.04,0.04,75667.72,1776537012000
1776537014.612,14.612,0.27,0.31,0.69,0.73,0.04,0.04,75656.71,1776537013000
1776537015.024,15.024,0.31,0.32,0.68,0.73,0.01,0.05,75656.71,1776537013000
1776537015.362,15.362,0.3,0.31,0.69,0.7,0.01,0.01,75656.71,1776537013000
1776537015.962,15.962,0.31,0.32,0.68,0.69,0.01,0.01,75662.67,1776537014000
1776537016.336,16.336,0.31,0.32,0.68,0.69,0.01,0.01,75663.82,1776537015000
1776537016.874,16.874,0.31,0.32,0.68,0.69,0.01,0.01,75663.82,1776537015000
1776537017.21,17.21,0.31,0.32,0.68,0.69,0.01,0.01,75663.82,1776537015000
1776537017.545,17.545,0.31,0.32,0.68,0.69,0.01,0.01,75672.76,1776537016000
1776537017.893,17.893,0.31,0.32,0.68,0.69,0.01,0.01,75672.76,1776537016000
1776537018.246,18.246,0.31,0.32,0.68,0.69,0.01,0.01,75672.76,1776537016000
1776537018.626,18.626,0.28,0.29,0.71,0.72,0.01,0.01,75669.08,1776537017000
1776537018.981,18.981,0.28,0.29,0.71,0.72,0.01,0.01,75669.08,1776537017000
1776537019.329,19.329,0.28,0.29,0.71,0.72,0.01,0.01,75669.08,1776537017000
1776537019.689,19.689,0.29,0.3,0.7,0.71,0.01,0.01,75660.99,1776537018000
1776537020.029,20.029,0.29,0.3,0.7,0.71,0.01,0.01,75660.99,1776537018000
1776537020.396,20.396,0.29,0.3,0.7,0.71,0.01,0.01,75660.33,1776537019000
1776537020.793,20.793,0.3,0.31,0.69,0.7,0.01,0.01,75660.33,1776537019000
1776537021.244,21.244,0.29,0.3,0.7,0.71,0.01,0.01,75660.33,1776537019000
1776537021.588,21.588,0.29,0.3,0.7,0.71,0.01,0.01,75657.28,1776537020000
1776537022.08,22.08,0.28,0.29,0.71,0.72,0.01,0.01,75657.28,1776537020000
1776537022.441,22.441,0.28,0.29,0.7,0.72,0.01,0.02,75657.28,1776537020000
1776537022.778,22.778,0.29,0.3,0.69,0.72,0.01,0.03,75656.58,1776537021000
1776537023.131,23.131,0.3,0.31,0.69,0.7,0.01,0.01,75656.58,1776537021000
1776537023.497,23.497,0.3,0.31,0.69,0.7,0.01,0.01,75656.58,1776537021000
1776537023.864,23.864,0.3,0.31,0.69,0.7,0.01,0.01,75656.58,1776537022000
1776537024.353,24.353,0.3,0.31,0.69,0.7,0.01,0.01,75656.58,1776537022000
1776537024.951,24.951,0.3,0.31,0.69,0.7,0.01,0.01,75655.45,1776537023000
1776537025.307,25.307,0.3,0.31,0.69,0.7,0.01,0.01,75655.45,1776537023000
1776537025.652,25.652,0.3,0.31,0.69,0.7,0.01,0.01,75661.14,1776537024000
1776537026.048,26.048,0.3,0.31,0.69,0.7,0.01,0.01,75661.14,1776537024000
1776537026.491,26.491,0.31,0.32,0.68,0.69,0.01,0.01,75661.14,1776537024000
1776537026.883,26.883,0.31,0.32,0.68,0.69,0.01,0.01,75660.48,1776537025000
1776537027.404,27.404,0.31,0.32,0.68,0.69,0.01,0.01,75660.48,1776537025000
1776537027.801,27.801,0.31,0.32,0.68,0.69,0.01,0.01,75663.52,1776537026000
1776537028.136,28.136,0.32,0.33,0.67,0.69,0.01,0.02,75663.52,1776537026000
1776537028.476,28.476,0.32,0.33,0.67,0.68,0.01,0.01,75663.52,1776537026000
1776537028.818,28.818,0.32,0.34,0.67,0.68,0.02,0.01,75663.52,1776537026000
1776537029.228,29.228,0.33,0.34,0.66,0.67,0.01,0.01,75663.4,1776537027000
1776537029.615,29.615,0.33,0.34,0.66,0.67,0.01,0.01,75663.4,1776537027000
1776537030.016,30.016,0.33,0.34,0.66,0.67,0.01,0.01,75663.4,1776537027000
1776537030.384,30.384,0.33,0.35,0.66,0.67,0.02,0.01,75663.35,1776537028000
1776537030.886,30.886,0.33,0.35,0.65,0.67,0.02,0.02,75666.2,1776537029000
1776537031.355,31.355,0.35,0.36,0.64,0.65,0.01,0.01,75666.2,1776537029000
1776537031.78,31.78,0.36,0.37,0.63,0.64,0.01,0.01,75666.2,1776537029000
1776537032.184,32.184,0.37,0.38,0.63,0.64,0.01,0.01,75667.29,1776537030000
1776537032.607,32.607,0.37,0.38,0.62,0.63,0.01,0.01,75667.68,1776537031000
1776537033.112,33.112,0.37,0.38,0.62,0.63,0.01,0.01,75667.68,1776537031000
1776537033.832,33.832,0.37,0.38,0.62,0.63,0.01,0.01,75671.19,1776537032000
1776537034.463,34.463,0.37,0.38,0.62,0.63,0.01,0.01,75671.19,1776537032000
1776537034.797,34.797,0.37,0.39,0.61,0.63,0.02,0.02,75671.09,1776537033000
1776537035.136,35.136,0.38,0.39,0.61,0.62,0.01,0.01,75671.09,1776537033000
1776537035.472,35.472,0.38,0.39,0.61,0.62,0.01,0.01,75671.09,1776537033000
1776537035.889,35.889,0.37,0.39,0.61,0.62,0.02,0.01,75671.09,1776537034000
1776537036.327,36.327,0.35,0.36,0.64,0.65,0.01,0.01,75671.09,1776537034000
1776537036.714,36.714,0.34,0.35,0.65,0.66,0.01,0.01,75671.42,1776537035000
1776537037.054,37.054,0.32,0.33,0.65,0.68,0.01,0.03,75671.42,1776537035000
1776537037.461,37.461,0.3,0.31,0.67,0.7,0.01,0.03,75671.42,1776537035000
1776537037.818,37.818,0.3,0.31,0.69,0.7,0.01,0.01,75671.81,1776537036000
1776537038.216,38.216,0.28,0.29,0.69,0.71,0.01,0.02,75671.81,1776537036000
1776537038.613,38.613,0.28,0.29,0.71,0.72,0.01,0.01,75668.14,1776537037000
1776537039.059,39.059,0.28,0.29,0.71,0.73,0.01,0.02,75668.14,1776537037000
1776537039.408,39.408,0.28,0.29,0.71,0.72,0.01,0.01,75661.94,1776537038000
1776537039.838,39.838,0.27,0.28,0.72,0.73,0.01,0.01,75661.94,1776537038000
1776537040.229,40.229,0.27,0.28,0.72,0.73,0.01,0.01,75661.94,1776537038000
1776537040.619,40.619,0.27,0.28,0.72,0.73,0.01,0.01,75655.97,1776537039000
1776537041.204,41.204,0.27,0.28,0.72,0.73,0.01,0.01,75652.11,1776537040000
1776537041.773,41.773,0.27,0.28,0.72,0.73,0.01,0.01,75652.11,1776537040000
1776537042.16,42.16,0.27,0.28,0.72,0.73,0.01,0.01,75652.11,1776537040000
1776537042.825,42.825,0.27,0.28,0.72,0.73,0.01,0.01,75649.95,1776537041000
1776537043.166,43.166,0.25,0.28,0.72,0.74,0.03,0.02,75649.95,1776537041000
1776537043.539,43.539,0.26,0.27,0.73,0.74,0.01,0.01,75649.95,1776537041000
1776537043.919,43.919,0.26,0.27,0.73,0.74,0.01,0.01,75650.36,1776537042000
1776537044.288,44.288,0.26,0.27,0.73,0.74,0.01,0.01,75650.36,1776537042000
1776537044.638,44.638,0.25,0.26,0.74,0.75,0.01,0.01,75649.68,1776537043000
1776537045.039,45.039,0.25,0.26,0.74,0.75,0.01,0.01,75649.68,1776537043000
1776537045.555,45.555,0.25,0.26,0.74,0.75,0.01,0.01,75649.68,1776537043000
1776537045.968,45.968,0.24,0.25,0.74,0.75,0.01,0.01,75647.0,1776537044000
1776537046.577,46.577,0.24,0.25,0.75,0.76,0.01,0.01,75647.21,1776537045000
1776537047.225,47.225,0.24,0.25,0.75,0.76,0.01,0.01,75647.33,1776537046000
1776537047.694,47.694,0.24,0.25,0.75,0.76,0.01,0.01,75647.33,1776537046000
1776537048.179,48.179,0.24,0.25,0.75,0.76,0.01,0.01,75647.33,1776537046000
1776537048.535,48.535,0.24,0.25,0.75,0.76,0.01,0.01,75647.35,1776537047000
1776537048.869,48.869,0.24,0.25,0.75,0.76,0.01,0.01,75647.35,1776537047000
1776537049.203,49.203,0.21,0.23,0.77,0.79,0.02,0.02,75644.85,1776537048000
1776537049.577,49.577,0.21,0.22,0.78,0.79,0.01,0.01,75644.85,1776537048000
1776537049.979,49.979,0.22,0.23,0.77,0.78,0.01,0.01,75644.85,1776537048000
1776537050.314,50.314,0.22,0.24,0.76,0.78,0.02,0.02,75644.85,1776537048000
1776537050.656,50.656,0.22,0.24,0.77,0.78,0.02,0.01,75643.38,1776537049000
1776537051.004,51.004,0.22,0.23,0.77,0.78,0.01,0.01,75640.68,1776537050000
1776537051.343,51.343,0.22,0.23,0.77,0.78,0.01,0.01,75640.68,1776537050000
1776537051.785,51.785,0.22,0.23,0.77,0.78,0.01,0.01,75640.68,1776537050000
1776537052.126,52.126,0.23,0.24,0.76,0.78,0.01,0.02,75642.93,1776537051000
1776537052.562,52.562,0.23,0.24,0.76,0.77,0.01,0.01,75642.93,1776537051000
1776537053.03,53.03,0.23,0.24,0.76,0.77,0.01,0.01,75642.93,1776537051000
1776537054.152,54.152,0.23,0.24,0.76,0.77,0.01,0.01,75645.22,1776537053000
1776537054.533,54.533,0.23,0.24,0.76,0.77,0.01,0.01,75645.22,1776537053000
1776537054.902,54.902,0.23,0.24,0.76,0.77,0.01,0.01,75645.22,1776537053000
1776537055.334,55.334,0.23,0.24,0.76,0.77,0.01,0.01,75647.54,1776537054000
1776537055.795,55.795,0.23,0.24,0.76,0.77,0.01,0.01,75647.54,1776537054000
1776537056.196,56.196,0.23,0.24,0.76,0.77,0.01,0.01,75647.54,1776537054000
1776537057.105,57.105,0.23,0.24,0.76,0.77,0.01,0.01,75647.36,1776537056000
1776537057.544,57.544,0.24,0.25,0.75,0.77,0.01,0.02,75647.36,1776537056000
1776537057.956,57.956,0.24,0.25,0.75,0.76,0.01,0.01,75647.36,1776537056000
1776537058.391,58.391,0.25,0.26,0.74,0.76,0.01,0.02,75647.36,1776537056000
1776537058.79,58.79,0.25,0.26,0.74,0.75,0.01,0.01,75647.16,1776537057000
1776537059.149,59.149,0.25,0.26,0.74,0.75,0.01,0.01,75647.16,1776537057000
1776537059.599,59.599,0.25,0.26,0.74,0.75,0.01,0.01,75649.42,1776537058000
1776537059.971,59.971,0.25,0.26,0.74,0.75,0.01,0.01,75649.42,1776537058000
1776537060.401,60.401,0.25,0.26,0.74,0.75,0.01,0.01,75649.42,1776537059000
1776537060.781,60.781,0.25,0.26,0.74,0.75,0.01,0.01,75649.42,1776537059000
1776537061.193,61.193,0.25,0.26,0.74,0.75,0.01,0.01,75649.42,1776537059000
1776537061.609,61.609,0.25,0.26,0.74,0.75,0.01,0.01,75649.88,1776537060000
1776537062.337,62.337,0.25,0.26,0.74,0.75,0.01,0.01,75649.88,1776537060000
1776537063.046,63.046,0.25,0.26,0.74,0.75,0.01,0.01,75649.87,1776537061000
1776537063.47,63.47,0.25,0.26,0.74,0.75,0.01,0.01,75649.54,1776537062000
1776537063.822,63.822,0.25,0.26,0.74,0.75,0.01,0.01,75649.54,1776537062000
1776537064.239,64.239,0.25,0.26,0.74,0.75,0.01,0.01,75649.54,1776537062000
1776537064.612,64.612,0.25,0.26,0.74,0.75,0.01,0.01,75649.16,1776537063000
1776537064.954,64.954,0.25,0.26,0.74,0.75,0.01,0.01,75649.16,1776537063000
1776537065.386,65.386,0.25,0.26,0.74,0.75,0.01,0.01,75649.52,1776537064000
1776537066.008,66.008,0.25,0.26,0.74,0.75,0.01,0.01,75649.52,1776537065000
1776537066.471,66.471,0.25,0.26,0.74,0.75,0.01,0.01,75649.52,1776537065000
1776537066.918,66.918,0.24,0.26,0.74,0.75,0.02,0.01,75649.52,1776537065000
1776537067.692,67.692,0.23,0.24,0.76,0.77,0.01,0.01,75650.4,1776537066000
1776537068.109,68.109,0.23,0.24,0.76,0.77,0.01,0.01,75650.4,1776537066000
1776537068.489,68.489,0.23,0.24,0.76,0.77,0.01,0.01,75650.46,1776537067000
1776537068.9,68.9,0.23,0.24,0.76,0.77,0.01,0.01,75650.46,1776537067000
1776537069.275,69.275,0.2,0.21,0.77,0.8,0.01,0.03,75650.46,1776537067000
1776537069.681,69.681,0.2,0.21,0.79,0.8,0.01,0.01,75649.5,1776537068000
1776537070.02,70.02,0.2,0.21,0.79,0.8,0.01,0.01,75649.5,1776537068000
1776537070.368,70.368,0.2,0.21,0.79,0.8,0.01,0.01,75649.5,1776537068000
1776537070.913,70.913,0.19,0.21,0.79,0.81,0.02,0.02,75645.14,1776537070000
1776537071.463,71.463,0.19,0.2,0.8,0.81,0.01,0.01,75645.14,1776537070000
1776537071.829,71.829,0.19,0.21,0.8,0.81,0.02,0.01,75645.14,1776537070000
1776537072.188,72.188,0.2,0.21,0.79,0.81,0.01,0.02,75642.14,1776537071000
1776537072.605,72.605,0.2,0.22,0.78,0.8,0.02,0.02,75642.14,1776537071000
1776537072.945,72.945,0.21,0.22,0.78,0.79,0.01,0.01,75642.14,1776537071000
1776537073.348,73.348,0.21,0.22,0.78,0.79,0.01,0.01,75642.16,1776537072000
1776537073.71,73.71,0.21,0.22,0.78,0.79,0.01,0.01,75642.16,1776537072000
1776537074.16,74.16,0.21,0.22,0.78,0.79,0.01,0.01,75645.35,1776537073000
1776537075.071,75.071,0.22,0.23,0.77,0.79,0.01,0.02,75645.35,1776537073000
1776537075.429,75.429,0.22,0.23,0.77,0.78,0.01,0.01,75645.39,1776537074000
1776537075.856,75.856,0.21,0.23,0.77,0.78,0.02,0.01,75645.39,1776537074000
1776537076.195,76.195,0.2,0.22,0.78,0.8,0.02,0.02,75645.39,1776537074000
1776537076.583,76.583,0.21,0.22,0.78,0.79,0.01,0.01,75645.39,1776537074000
1776537076.92,76.92,0.21,0.22,0.78,0.79,0.01,0.01,75645.56,1776537075000
1776537077.262,77.262,0.21,0.22,0.78,0.79,0.01,0.01,75645.4,1776537076000
1776537077.976,77.976,0.2,0.21,0.78,0.79,0.01,0.01,75645.4,1776537076000
1776537078.333,78.333,0.2,0.21,0.79,0.8,0.01,0.01,75645.4,1776537076000
1776537078.667,78.667,0.2,0.21,0.79,0.8,0.01,0.01,75645.4,1776537076000
1776537079.058,79.058,0.2,0.21,0.79,0.8,0.01,0.01,75644.31,1776537077000
1776537079.411,79.411,0.2,0.21,0.79,0.8,0.01,0.01,75644.75,1776537078000
1776537079.85,79.85,0.2,0.21,0.79,0.8,0.01,0.01,75644.75,1776537078000
1776537080.284,80.284,0.2,0.21,0.79,0.8,0.01,0.01,75644.8,1776537079000
1776537080.695,80.695,0.2,0.21,0.79,0.8,0.01,0.01,75644.8,1776537079000
1776537081.344,81.344,0.2,0.21,0.79,0.8,0.01,0.01,75644.68,1776537080000
1776537081.739,81.739,0.2,0.21,0.79,0.8,0.01,0.01,75644.68,1776537080000
1776537082.152,82.152,0.2,0.21,0.79,0.8,0.01,0.01,75644.16,1776537081000
1776537082.601,82.601,0.2,0.21,0.79,0.8,0.01,0.01,75644.16,1776537081000
1776537082.934,82.934,0.2,0.21,0.79,0.8,0.01,0.01,75646.26,1776537082000
1776537084.041,84.041,0.17,0.21,0.79,0.83,0.04,0.04,75643.75,1776537083000
1776537084.406,84.406,0.16,0.17,0.83,0.84,0.01,0.01,75643.75,1776537083000
1776537085.024,85.024,0.16,0.17,0.83,0.84,0.01,0.01,75637.53,1776537084000
1776537085.444,85.444,0.15,0.16,0.84,0.85,0.01,0.01,75637.53,1776537084000
1776537085.845,85.845,0.14,0.15,0.84,0.86,0.01,0.02,75637.53,1776537084000
1776537086.201,86.201,0.14,0.15,0.85,0.86,0.01,0.01,75634.18,1776537085000
1776537086.564,86.564,0.14,0.15,0.85,0.86,0.01,0.01,75634.18,1776537085000
1776537086.905,86.905,0.14,0.15,0.85,0.86,0.01,0.01,75634.18,1776537085000
1776537087.265,87.265,0.15,0.16,0.84,0.85,0.01,0.01,75631.44,1776537086000
1776537087.741,87.741,0.15,0.16,0.84,0.85,0.01,0.01,75631.44,1776537086000
1776537088.159,88.159,0.15,0.16,0.84,0.85,0.01,0.01,75630.98,1776537087000
1776537088.508,88.508,0.15,0.16,0.84,0.85,0.01,0.01,75630.98,1776537087000
1776537088.969,88.969,0.15,0.16,0.84,0.85,0.01,0.01,75630.98,1776537087000
1776537089.306,89.306,0.15,0.16,0.84,0.85,0.01,0.01,75634.4,1776537088000
1776537089.784,89.784,0.15,0.16,0.84,0.85,0.01,0.01,75634.4,1776537088000
1776537090.244,90.244,0.15,0.16,0.84,0.85,0.01,0.01,75636.36,1776537089000
1776537090.588,90.588,0.15,0.16,0.84,0.85,0.01,0.01,75636.36,1776537089000
1776537090.944,90.944,0.15,0.16,0.84,0.85,0.01,0.01,75636.36,1776537089000
1776537091.285,91.285,0.15,0.16,0.84,0.85,0.01,0.01,75634.76,1776537090000
1776537091.69,91.69,0.15,0.16,0.84,0.85,0.01,0.01,75634.76,1776537090000
1776537092.265,92.265,0.14,0.15,0.84,0.86,0.01,0.02,75634.76,1776537090000
1776537092.736,92.736,0.14,0.15,0.85,0.86,0.01,0.01,75634.76,1776537091000
1776537093.099,93.099,0.14,0.15,0.85,0.86,0.01,0.01,75634.76,1776537091000
1776537093.586,93.586,0.14,0.15,0.85,0.86,0.01,0.01,75635.35,1776537092000
1776537094.221,94.221,0.14,0.15,0.85,0.86,0.01,0.01,75635.35,1776537092000
1776537094.595,94.595,0.15,0.16,0.84,0.86,0.01,0.02,75634.96,1776537093000
1776537094.993,94.993,0.15,0.16,0.84,0.85,0.01,0.01,75634.96,1776537093000
1776537095.383,95.383,0.15,0.17,0.84,0.85,0.02,0.01,75634.96,1776537093000
1776537095.844,95.844,0.16,0.17,0.83,0.85,0.01,0.02,75635.68,1776537094000
1776537096.334,96.334,0.16,0.17,0.83,0.84,0.01,0.01,75636.44,1776537095000
1776537096.727,96.727,0.16,0.17,0.83,0.84,0.01,0.01,75636.44,1776537095000
1776537097.485,97.485,0.15,0.18,0.82,0.84,0.03,0.02,75636.68,1776537096000
1776537097.945,97.945,0.17,0.18,0.82,0.83,0.01,0.01,75639.13,1776537097000
1776537098.302,98.302,0.17,0.18,0.82,0.83,0.01,0.01,75639.13,1776537097000
1776537098.72,98.72,0.17,0.18,0.82,0.83,0.01,0.01,75639.13,1776537097000
1776537099.065,99.065,0.17,0.18,0.82,0.83,0.01,0.01,75640.12,1776537098000
1776537099.5,99.5,0.17,0.18,0.82,0.83,0.01,0.01,75640.12,1776537098000
1776537099.945,99.945,0.17,0.18,0.82,0.83,0.01,0.01,75639.52,1776537099000
1776537100.544,100.544,0.17,0.18,0.82,0.83,0.01,0.01,75639.52,1776537099000
1776537100.928,100.928,0.17,0.18,0.82,0.83,0.01,0.01,75639.52,1776537099000
1776537101.309,101.309,0.17,0.18,0.82,0.83,0.01,0.01,75639.58,1776537100000
1776537101.921,101.921,0.17,0.18,0.82,0.83,0.01,0.01,75639.47,1776537101000
1776537102.997,102.997,0.17,0.18,0.82,0.83,0.01,0.01,75639.51,1776537102000
1776537103.549,103.549,0.17,0.18,0.82,0.83,0.01,0.01,75639.51,1776537102000
1776537103.947,103.947,0.18,0.19,0.81,0.82,0.01,0.01,75639.51,1776537102000
1776537104.313,104.313,0.18,0.19,0.81,0.82,0.01,0.01,75639.59,1776537103000
1776537104.716,104.716,0.18,0.19,0.81,0.82,0.01,0.01,75639.59,1776537103000
1776537105.161,105.161,0.18,0.19,0.81,0.82,0.01,0.01,75639.59,1776537103000
1776537105.555,105.555,0.18,0.19,0.81,0.82,0.01,0.01,75639.59,1776537103000
1776537106.083,106.083,0.18,0.2,0.81,0.82,0.02,0.01,75643.23,1776537104000
1776537106.54,106.54,0.2,0.21,0.79,0.8,0.01,0.01,75641.84,1776537105000
1776537106.884,106.884,0.21,0.22,0.78,0.79,0.01,0.01,75641.84,1776537105000
1776537107.936,107.936,0.21,0.22,0.78,0.79,0.01,0.01,75643.51,1776537106000
1776537108.375,108.375,0.21,0.23,0.78,0.79,0.02,0.01,75643.51,1776537106000
1776537108.873,108.873,0.22,0.24,0.77,0.78,0.02,0.01,75646.55,1776537107000
1776537109.494,109.494,0.24,0.25,0.75,0.76,0.01,0.01,75648.11,1776537108000
1776537109.839,109.839,0.29,0.31,0.69,0.71,0.02,0.02,75648.11,1776537108000
1776537110.205,110.205,0.36,0.37,0.63,0.69,0.01,0.06,75648.11,1776537108000
1776537110.565,110.565,0.38,0.39,0.61,0.62,0.01,0.01,75648.11,1776537108000
1776537110.914,110.914,0.38,0.39,0.61,0.62,0.01,0.01,75650.26,1776537109000
1776537111.267,111.267,0.38,0.39,0.61,0.62,0.01,0.01,75661.47,1776537110000
1776537111.603,111.603,0.39,0.4,0.6,0.61,0.01,0.01,75661.47,1776537110000
1776537112.044,112.044,0.4,0.41,0.59,0.6,0.01,0.01,75661.47,1776537110000
1776537112.429,112.429,0.4,0.42,0.58,0.6,0.02,0.02,75661.47,1776537110000
1776537112.78,112.78,0.41,0.43,0.57,0.59,0.02,0.02,75677.32,1776537111000
1776537113.284,113.284,0.41,0.43,0.57,0.59,0.02,0.02,75678.24,1776537112000
1776537113.655,113.655,0.41,0.42,0.58,0.59,0.01,0.01,75678.24,1776537112000
1776537114.008,114.008,0.41,0.42,0.58,0.59,0.01,0.01,75678.24,1776537112000
1776537114.367,114.367,0.41,0.42,0.58,0.59,0.01,0.01,75678.24,1776537112000
1776537114.713,114.713,0.41,0.42,0.58,0.59,0.01,0.01,75678.24,1776537112000
1776537115.092,115.092,0.41,0.42,0.58,0.59,0.01,0.01,75679.96,1776537113000
1776537115.768,115.768,0.42,0.43,0.57,0.59,0.01,0.02,75681.77,1776537114000
1776537116.156,116.156,0.42,0.43,0.57,0.58,0.01,0.01,75681.77,1776537114000
1776537116.573,116.573,0.42,0.43,0.57,0.58,0.01,0.01,75681.77,1776537114000
1776537117.106,117.106,0.4,0.41,0.59,0.6,0.01,0.01,75681.1,1776537115000
1776537117.468,117.468,0.4,0.41,0.59,0.6,0.01,0.01,75681.1,1776537116000
1776537117.802,117.802,0.4,0.41,0.59,0.6,0.01,0.01,75681.1,1776537116000
1776537118.216,118.216,0.4,0.41,0.59,0.6,0.01,0.01,75681.1,1776537116000
1776537118.601,118.601,0.4,0.41,0.59,0.6,0.01,0.01,75680.42,1776537117000
1776537119.065,119.065,0.39,0.4,0.6,0.61,0.01,0.01,75680.42,1776537117000
1776537119.448,119.448,0.39,0.4,0.6,0.61,0.01,0.01,75678.08,1776537118000
1776537119.936,119.936,0.39,0.4,0.6,0.61,0.01,0.01,75678.08,1776537118000
1776537120.276,120.276,0.39,0.4,0.6,0.61,0.01,0.01,75678.08,1776537118000
1776537120.643,120.643,0.39,0.4,0.6,0.61,0.01,0.01,75678.01,1776537119000
1776537121.008,121.008,0.39,0.4,0.6,0.61,0.01,0.01,75678.01,1776537119000
1776537121.413,121.413,0.39,0.4,0.6,0.61,0.01,0.01,75676.93,1776537120000
1776537121.8,121.8,0.39,0.4,0.6,0.61,0.01,0.01,75676.93,1776537120000
1776537122.284,122.284,0.39,0.4,0.6,0.61,0.01,0.01,75676.29,1776537121000
1776537122.682,122.682,0.39,0.4,0.6,0.61,0.01,0.01,75676.29,1776537121000
1776537123.055,123.055,0.42,0.43,0.58,0.61,0.01,0.03,75676.29,1776537121000
1776537123.533,123.533,0.42,0.46,0.54,0.58,0.04,0.04,75676.29,1776537121000
1776537123.866,123.866,0.45,0.46,0.54,0.55,0.01,0.01,75676.75,1776537122000
1776537124.226,124.226,0.45,0.46,0.54,0.55,0.01,0.01,75676.75,1776537122000
1776537124.653,124.653,0.46,0.47,0.53,0.54,0.01,0.01,75676.66,1776537123000
1776537125.045,125.045,0.46,0.47,0.53,0.54,0.01,0.01,75676.66,1776537123000
1776537125.386,125.386,0.46,0.47,0.53,0.54,0.01,0.01,75681.32,1776537124000
1776537125.828,125.828,0.46,0.48,0.53,0.54,0.02,0.01,75681.32,1776537124000
1776537126.288,126.288,0.47,0.48,0.52,0.53,0.01,0.01,75681.32,1776537124000
1776537126.787,126.787,0.47,0.48,0.52,0.53,0.01,0.01,75684.41,1776537125000
1776537127.175,127.175,0.47,0.48,0.52,0.53,0.01,0.01,75684.35,1776537126000
1776537127.559,127.559,0.47,0.48,0.52,0.53,0.01,0.01,75684.35,1776537126000
1776537128.169,128.169,0.47,0.48,0.52,0.53,0.01,0.01,75684.35,1776537126000
1776537128.665,128.665,0.47,0.48,0.52,0.53,0.01,0.01,75685.51,1776537127000
1776537129.22,129.22,0.47,0.48,0.52,0.53,0.01,0.01,75685.51,1776537128000
1776537129.574,129.574,0.47,0.48,0.52,0.53,0.01,0.01,75685.51,1776537128000
1776537130.249,130.249,0.47,0.48,0.52,0.53,0.01,0.01,75685.75,1776537129000
1776537130.589,130.589,0.47,0.48,0.52,0.53,0.01,0.01,75685.75,1776537129000
1776537130.946,130.946,0.47,0.48,0.52,0.53,0.01,0.01,75685.75,1776537129000
1776537131.685,131.685,0.47,0.48,0.52,0.53,0.01,0.01,75685.76,1776537130000
1776537132.146,132.146,0.47,0.48,0.52,0.53,0.01,0.01,75685.76,1776537130000
1776537132.487,132.487,0.47,0.48,0.52,0.53,0.01,0.01,75685.5,1776537131000
1776537132.963,132.963,0.46,0.47,0.53,0.54,0.01,0.01,75685.49,1776537132000
1776537133.993,133.993,0.45,0.46,0.53,0.54,0.01,0.01,75685.49,1776537132000
1776537134.344,134.344,0.45,0.46,0.54,0.55,0.01,0.01,75684.96,1776537133000
1776537134.761,134.761,0.45,0.46,0.54,0.55,0.01,0.01,75684.96,1776537133000
1776537135.235,135.235,0.45,0.46,0.54,0.55,0.01,0.01,75684.96,1776537133000
1776537135.584,135.584,0.45,0.46,0.54,0.55,0.01,0.01,75684.39,1776537134000
1776537136.04,136.04,0.45,0.46,0.54,0.55,0.01,0.01,75684.39,1776537134000
1776537136.406,136.406,0.45,0.46,0.54,0.55,0.01,0.01,75684.21,1776537135000
1776537136.819,136.819,0.45,0.46,0.54,0.55,0.01,0.01,75684.21,1776537135000
1776537137.183,137.183,0.45,0.46,0.54,0.55,0.01,0.01,75684.21,1776537136000
1776537137.528,137.528,0.46,0.48,0.53,0.54,0.02,0.01,75684.21,1776537136000
1776537138.069,138.069,0.46,0.47,0.53,0.54,0.01,0.01,75684.21,1776537136000
1776537138.689,138.689,0.46,0.47,0.53,0.54,0.01,0.01,75684.21,1776537137000
1776537139.228,139.228,0.46,0.47,0.53,0.54,0.01,0.01,75684.21,1776537137000
1776537139.659,139.659,0.46,0.47,0.53,0.54,0.01,0.01,75684.21,1776537138000
1776537140.046,140.046,0.46,0.47,0.53,0.54,0.01,0.01,75684.21,1776537138000
1776537140.45,140.45,0.46,0.47,0.53,0.54,0.01,0.01,75684.21,1776537138000
1776537140.83,140.83,0.46,0.47,0.53,0.54,0.01,0.01,75685.14,1776537139000
1776537141.28,141.28,0.45,0.46,0.54,0.55,0.01,0.01,75685.14,1776537140000
1776537141.927,141.927,0.45,0.46,0.54,0.55,0.01,0.01,75685.14,1776537140000
1776537142.313,142.313,0.45,0.46,0.54,0.55,0.01,0.01,75685.23,1776537141000
1776537142.665,142.665,0.45,0.46,0.54,0.55,0.01,0.01,75685.23,1776537141000
1776537143.253,143.253,0.45,0.47,0.54,0.55,0.02,0.01,75685.23,1776537141000
1776537143.605,143.605,0.47,0.48,0.52,0.53,0.01,0.01,75688.08,1776537142000
1776537144.049,144.049,0.47,0.48,0.52,0.53,0.01,0.01,75685.24,1776537143000
1776537144.484,144.484,0.47,0.48,0.52,0.54,0.01,0.02,75685.24,1776537143000
1776537145.064,145.064,0.47,0.48,0.52,0.53,0.01,0.01,75685.24,1776537143000
1776537145.929,145.929,0.47,0.48,0.52,0.53,0.01,0.01,75685.14,1776537144000
1776537146.277,146.277,0.47,0.48,0.52,0.53,0.01,0.01,75684.85,1776537145000
1776537146.638,146.638,0.47,0.48,0.52,0.53,0.01,0.01,75684.85,1776537145000
1776537147.29,147.29,0.47,0.48,0.52,0.53,0.01,0.01,75684.85,1776537145000
1776537148.015,148.015,0.47,0.48,0.52,0.53,0.01,0.01,75684.91,1776537147000
1776537148.564,148.564,0.46,0.47,0.52,0.53,0.01,0.01,75684.91,1776537147000
1776537149.047,149.047,0.46,0.47,0.53,0.54,0.01,0.01,75684.92,1776537148000
1776537149.779,149.779,0.44,0.47,0.53,0.54,0.03,0.01,75684.92,1776537148000
1776537150.131,150.131,0.36,0.39,0.61,0.64,0.03,0.03,75685.1,1776537149000
1776537150.518,150.518,0.3,0.31,0.67,0.74,0.01,0.07,75685.1,1776537149000
1776537150.854,150.854,0.3,0.31,0.69,0.7,0.01,0.01,75685.1,1776537149000
1776537151.285,151.285,0.28,0.29,0.71,0.74,0.01,0.03,75685.1,1776537149000
1776537151.639,151.639,0.27,0.29,0.71,0.72,0.02,0.01,75675.83,1776537150000
1776537152.021,152.021,0.26,0.27,0.73,0.74,0.01,0.01,75675.83,1776537150000
1776537152.388,152.388,0.25,0.26,0.74,0.75,0.01,0.01,75675.83,1776537150000
1776537152.749,152.749,0.25,0.26,0.74,0.75,0.01,0.01,75663.57,1776537151000
1776537153.168,153.168,0.25,0.26,0.74,0.75,0.01,0.01,75663.57,1776537151000
1776537153.666,153.666,0.24,0.25,0.75,0.76,0.01,0.01,75663.57,1776537151000
1776537154.009,154.009,0.24,0.25,0.75,0.77,0.01,0.02,75662.7,1776537152000
1776537154.394,154.394,0.22,0.23,0.76,0.78,0.01,0.02,75662.7,1776537152000
1776537154.739,154.739,0.22,0.23,0.77,0.78,0.01,0.01,75658.62,1776537153000
1776537155.354,155.354,0.22,0.23,0.77,0.78,0.01,0.01,75658.62,1776537153000
1776537155.832,155.832,0.22,0.23,0.77,0.78,0.01,0.01,75656.07,1776537154000
1776537156.462,156.462,0.21,0.22,0.77,0.79,0.01,0.02,75652.42,1776537155000
1776537156.87,156.87,0.21,0.22,0.78,0.79,0.01,0.01,75652.42,1776537155000
1776537157.222,157.222,0.21,0.22,0.78,0.79,0.01,0.01,75649.35,1776537156000
1776537157.6,157.6,0.21,0.22,0.78,0.79,0.01,0.01,75649.35,1776537156000
1776537158.217,158.217,0.2,0.21,0.79,0.8,0.01,0.01,75649.35,1776537156000
1776537158.573,158.573,0.2,0.21,0.79,0.8,0.01,0.01,75647.5,1776537157000
1776537159.182,159.182,0.2,0.21,0.79,0.8,0.01,0.01,75647.43,1776537158000
1776537159.568,159.568,0.2,0.21,0.79,0.8,0.01,0.01,75647.43,1776537158000
1776537159.968,159.968,0.2,0.21,0.79,0.8,0.01,0.01,75647.43,1776537158000
1776537160.381,160.381,0.2,0.21,0.79,0.8,0.01,0.01,75647.26,1776537159000
1776537160.724,160.724,0.21,0.22,0.78,0.79,0.01,0.01,75647.26,1776537159000
1776537161.099,161.099,0.21,0.22,0.78,0.79,0.01,0.01,75647.24,1776537160000
1776537161.561,161.561,0.21,0.22,0.78,0.79,0.01,0.01,75647.24,1776537160000
1776537161.987,161.987,0.21,0.22,0.78,0.79,0.01,0.01,75647.24,1776537160000
1776537162.394,162.394,0.21,0.22,0.78,0.79,0.01,0.01,75650.34,1776537161000
1776537162.838,162.838,0.21,0.22,0.78,0.79,0.01,0.01,75650.34,1776537161000
1776537163.382,163.382,0.2,0.22,0.78,0.79,0.02,0.01,75650.34,1776537161000
1776537163.776,163.776,0.2,0.21,0.78,0.8,0.01,0.02,75650.34,1776537161000
1776537164.199,164.199,0.19,0.2,0.8,0.81,0.01,0.01,75651.44,1776537162000
1776537164.552,164.552,0.19,0.2,0.78,0.81,0.01,0.03,75651.44,1776537162000
1776537165.026,165.026,0.19,0.2,0.8,0.81,0.01,0.01,75651.44,1776537163000
1776537165.45,165.45,0.19,0.2,0.8,0.81,0.01,0.01,75650.08,1776537164000
1776537165.92,165.92,0.19,0.2,0.8,0.81,0.01,0.01,75650.08,1776537165000
1776537166.3,166.3,0.19,0.2,0.8,0.81,0.01,0.01,75650.08,1776537165000
1776537166.649,166.649,0.17,0.18,0.81,0.83,0.01,0.02,75650.08,1776537165000
1776537167.015,167.015,0.16,0.17,0.83,0.84,0.01,0.01,75650.08,1776537165000
1776537167.675,167.675,0.16,0.17,0.83,0.84,0.01,0.01,75649.81,1776537166000
1776537168.041,168.041,0.16,0.17,0.83,0.84,0.01,0.01,75649.81,1776537166000
1776537168.594,168.594,0.16,0.17,0.83,0.84,0.01,0.01,75644.69,1776537167000
1776537168.931,168.931,0.16,0.17,0.83,0.84,0.01,0.01,75644.69,1776537167000
1776537169.297,169.297,0.16,0.17,0.83,0.84,0.01,0.01,75643.73,1776537168000
1776537169.755,169.755,0.16,0.17,0.83,0.84,0.01,0.01,75643.73,1776537168000
1776537170.097,170.097,0.14,0.15,0.85,0.86,0.01,0.01,75643.73,1776537168000
1776537170.639,170.639,0.14,0.15,0.85,0.87,0.01,0.02,75643.73,1776537168000
1776537170.994,170.994,0.14,0.15,0.85,0.86,0.01,0.01,75642.56,1776537169000
1776537171.346,171.346,0.12,0.14,0.86,0.88,0.02,0.02,75642.34,1776537170000
1776537171.698,171.698,0.12,0.13,0.87,0.88,0.01,0.01,75642.34,1776537170000
1776537172.057,172.057,0.12,0.13,0.87,0.88,0.01,0.01,75637.76,1776537171000
1776537172.411,172.411,0.12,0.13,0.87,0.88,0.01,0.01,75637.76,1776537171000
1776537172.766,172.766,0.12,0.13,0.87,0.88,0.01,0.01,75637.76,1776537171000
1776537173.107,173.107,0.12,0.13,0.87,0.88,0.01,0.01,75637.76,1776537171000
1776537173.535,173.535,0.12,0.13,0.87,0.88,0.01,0.01,75633.28,1776537172000
1776537173.968,173.968,0.12,0.13,0.87,0.88,0.01,0.01,75633.28,1776537172000
1776537174.335,174.335,0.11,0.12,0.87,0.89,0.01,0.02,75633.28,1776537172000
1776537174.761,174.761,0.1,0.11,0.89,0.9,0.01,0.01,75631.24,1776537173000
1776537175.191,175.191,0.1,0.11,0.89,0.9,0.01,0.01,75631.24,1776537174000
1776537175.554,175.554,0.1,0.11,0.89,0.9,0.01,0.01,75631.24,1776537174000
1776537176.024,176.024,0.1,0.11,0.89,0.9,0.01,0.01,75631.24,1776537174000
1776537176.431,176.431,0.1,0.11,0.89,0.9,0.01,0.01,75631.54,1776537175000
1776537176.774,176.774,0.09,0.1,0.9,0.91,0.01,0.01,75631.54,1776537175000
1776537177.229,177.229,0.09,0.1,0.9,0.91,0.01,0.01,75631.54,1776537175000
1776537177.633,177.633,0.09,0.1,0.9,0.91,0.01,0.01,75631.43,1776537176000
1776537177.989,177.989,0.09,0.1,0.9,0.91,0.01,0.01,75631.43,1776537176000
1776537179.485,179.485,0.09,0.1,0.9,0.91,0.01,0.01,75631.61,1776537177000
1776537179.83,179.83,0.05,0.06,0.94,0.95,0.01,0.01,75630.42,1776537178000
1776537180.24,180.24,0.05,0.06,0.94,0.95,0.01,0.01,75630.42,1776537178000
1776537180.782,180.782,0.05,0.06,0.94,0.95,0.01,0.01,75630.42,1776537179000
1776537181.219,181.219,0.05,0.06,0.94,0.95,0.01,0.01,75597.64,1776537180000
1776537181.631,181.631,0.05,0.06,0.94,0.95,0.01,0.01,75597.64,1776537180000
1776537181.967,181.967,0.05,0.06,0.94,0.95,0.01,0.01,75597.64,1776537180000
1776537182.402,182.402,0.05,0.07,0.93,0.95,0.02,0.02,75597.26,1776537181000
1776537182.745,182.745,0.05,0.06,0.94,0.95,0.01,0.01,75597.26,1776537181000
1776537183.161,183.161,0.05,0.06,0.94,0.95,0.01,0.01,75596.62,1776537182000
1776537183.586,183.586,0.05,0.06,0.94,0.95,0.01,0.01,75596.62,1776537182000
1776537183.92,183.92,0.04,0.05,0.95,0.96,0.01,0.01,75596.62,1776537182000
1776537184.255,184.255,0.04,0.05,0.92,0.96,0.01,0.04,75596.62,1776537182000
1776537184.626,184.626,0.04,0.05,0.94,0.96,0.01,0.02,75601.53,1776537183000
1776537184.959,184.959,0.06,0.08,0.92,0.94,0.02,0.02,75601.53,1776537183000
1776537185.303,185.303,0.06,0.07,0.93,0.94,0.01,0.01,75601.53,1776537183000
1776537185.644,185.644,0.06,0.07,0.93,0.94,0.01,0.01,75601.53,1776537183000
1776537185.992,185.992,0.06,0.07,0.93,0.94,0.01,0.01,75601.53,1776537183000
1776537186.327,186.327,0.06,0.07,0.93,0.94,0.01,0.01,75601.53,1776537183000
1776537186.731,186.731,0.06,0.07,0.93,0.94,0.01,0.01,75608.23,1776537185000
1776537187.148,187.148,0.06,0.07,0.93,0.94,0.01,0.01,75608.23,1776537185000
1776537187.481,187.481,0.06,0.07,0.93,0.94,0.01,0.01,75608.23,1776537185000
1776537188.384,188.384,0.06,0.07,0.93,0.94,0.01,0.01,75612.5,1776537187000
1776537188.801,188.801,0.06,0.07,0.93,0.94,0.01,0.01,75612.5,1776537187000
1776537189.173,189.173,0.06,0.07,0.93,0.94,0.01,0.01,75612.5,1776537187000
1776537189.533,189.533,0.06,0.07,0.93,0.94,0.01,0.01,75612.5,1776537187000
1776537189.997,189.997,0.05,0.07,0.93,0.95,0.02,0.02,75613.29,1776537188000
1776537190.456,190.456,0.04,0.05,0.94,0.96,0.01,0.02,75613.29,1776537188000
1776537190.942,190.942,0.04,0.05,0.95,0.96,0.01,0.01,75607.89,1776537189000
1776537191.275,191.275,0.04,0.05,0.95,0.96,0.01,0.01,75607.89,1776537189000
1776537191.655,191.655,0.04,0.05,0.95,0.96,0.01,0.01,75607.89,1776537189000
1776537192.195,192.195,0.03,0.04,0.95,0.97,0.01,0.02,75603.87,1776537190000
1776537192.674,192.674,0.03,0.04,0.96,0.97,0.01,0.01,75600.07,1776537191000
1776537193.016,193.016,0.03,0.04,0.96,0.97,0.01,0.01,75600.07,1776537191000
1776537193.353,193.353,0.03,0.04,0.96,0.97,0.01,0.01,75600.07,1776537191000
1776537193.689,193.689,0.03,0.04,0.96,0.97,0.01,0.01,75600.07,1776537191000
1776537194.036,194.036,0.03,0.04,0.96,0.97,0.01,0.01,75596.93,1776537192000
1776537194.369,194.369,0.03,0.04,0.96,0.97,0.01,0.01,75597.22,1776537193000
1776537194.911,194.911,0.03,0.04,0.96,0.97,0.01,0.01,75597.22,1776537193000
1776537195.69,195.69,0.03,0.04,0.96,0.97,0.01,0.01,75594.14,1776537194000
1776537196.495,196.495,0.03,0.04,0.96,0.97,0.01,0.01,75595.39,1776537195000
1776537197.774,197.774,0.03,0.04,0.96,0.97,0.01,0.01,75602.26,1776537196000
1776537198.469,198.469,0.04,0.06,0.94,0.96,0.02,0.02,75602.26,1776537196000
1776537198.871,198.871,0.03,0.06,0.94,0.96,0.03,0.02,75608.72,1776537197000
1776537199.453,199.453,0.03,0.06,0.94,0.97,0.03,0.03,75615.19,1776537198000
1776537199.796,199.796,0.05,0.08,0.92,0.95,0.03,0.03,75615.19,1776537198000
1776537200.135,200.135,0.07,0.08,0.92,0.93,0.01,0.01,75615.19,1776537198000
1776537200.494,200.494,0.07,0.08,0.92,0.93,0.01,0.01,75621.38,1776537199000
1776537200.835,200.835,0.07,0.08,0.92,0.93,0.01,0.01,75621.38,1776537199000
1776537201.22,201.22,0.07,0.08,0.92,0.93,0.01,0.01,75621.38,1776537199000
1776537201.625,201.625,0.07,0.08,0.92,0.93,0.01,0.01,75623.16,1776537200000
1776537202.052,202.052,0.07,0.08,0.92,0.93,0.01,0.01,75623.16,1776537200000
1776537202.612,202.612,0.07,0.08,0.92,0.93,0.01,0.01,75621.98,1776537201000
1776537202.946,202.946,0.07,0.08,0.92,0.93,0.01,0.01,75621.98,1776537201000
1776537203.367,203.367,0.07,0.08,0.92,0.93,0.01,0.01,75621.66,1776537202000
1776537203.821,203.821,0.07,0.08,0.92,0.93,0.01,0.01,75621.66,1776537202000
1776537204.163,204.163,0.07,0.08,0.92,0.93,0.01,0.01,75621.66,1776537202000
1776537204.542,204.542,0.07,0.08,0.92,0.93,0.01,0.01,75621.66,1776537202000
1776537205.045,205.045,0.06,0.08,0.92,0.94,0.02,0.02,75623.29,1776537204000
1776537205.424,205.424,0.06,0.07,0.93,0.94,0.01,0.01,75623.29,1776537204000
1776537206.111,206.111,0.06,0.07,0.93,0.94,0.01,0.01,75619.36,1776537205000
1776537206.537,206.537,0.05,0.06,0.94,0.95,0.01,0.01,75619.36,1776537205000
1776537206.983,206.983,0.04,0.05,0.95,0.96,0.01,0.01,75619.36,1776537205000
1776537207.39,207.39,0.04,0.05,0.95,0.96,0.01,0.01,75614.14,1776537206000
1776537207.777,207.777,0.03,0.04,0.96,0.97,0.01,0.01,75614.14,1776537206000
1776537208.122,208.122,0.03,0.04,0.96,0.97,0.01,0.01,75614.14,1776537206000
1776537208.591,208.591,0.03,0.04,0.96,0.97,0.01,0.01,75605.03,1776537207000
1776537209.05,209.05,0.04,0.05,0.96,0.97,0.01,0.01,75605.03,1776537207000
1776537209.507,209.507,0.04,0.05,0.95,0.96,0.01,0.01,75603.61,1776537208000
1776537210.121,210.121,0.04,0.05,0.95,0.96,0.01,0.01,75602.42,1776537209000
1776537210.781,210.781,0.04,0.05,0.95,0.96,0.01,0.01,75602.42,1776537209000
1776537211.157,211.157,0.04,0.05,0.95,0.96,0.01,0.01,75602.42,1776537209000
1776537211.554,211.554,0.04,0.05,0.95,0.96,0.01,0.01,75603.81,1776537210000
1776537212.153,212.153,0.03,0.05,0.95,0.97,0.02,0.02,75604.23,1776537211000
1776537212.929,212.929,0.03,0.05,0.95,0.97,0.02,0.02,75604.23,1776537211000
1776537213.283,213.283,0.03,0.04,0.96,0.97,0.01,0.01,75599.4,1776537212000
1776537213.727,213.727,0.03,0.04,0.96,0.97,0.01,0.01,75599.4,1776537212000
1776537214.201,214.201,0.03,0.04,0.96,0.97,0.01,0.01,75597.94,1776537213000
1776537214.55,214.55,0.03,0.04,0.96,0.97,0.01,0.01,75597.94,1776537213000
1776537214.901,214.901,0.02,0.04,0.96,0.97,0.02,0.01,75597.94,1776537213000
1776537215.271,215.271,0.02,0.03,0.97,0.98,0.01,0.01,75597.01,1776537214000
1776537215.618,215.618,0.02,0.03,0.97,0.98,0.01,0.01,75597.01,1776537214000
1776537216.006,216.006,0.02,0.03,0.97,0.98,0.01,0.01,75597.01,1776537214000
1776537216.354,216.354,0.02,0.03,0.97,0.98,0.01,0.01,75597.01,1776537215000
1776537216.785,216.785,0.02,0.03,0.97,0.98,0.01,0.01,75597.01,1776537215000
1776537217.168,217.168,0.02,0.03,0.97,0.98,0.01,0.01,75597.01,1776537215000
1776537217.607,217.607,0.03,0.04,0.96,0.97,0.01,0.01,75597.7,1776537216000
1776537218.235,218.235,0.03,0.04,0.96,0.97,0.01,0.01,75595.67,1776537217000
1776537218.676,218.676,0.03,0.04,0.96,0.97,0.01,0.01,75595.67,1776537217000
1776537219.046,219.046,0.02,0.04,0.96,0.97,0.02,0.01,75595.67,1776537217000
1776537219.516,219.516,0.03,0.04,0.96,0.97,0.01,0.01,75596.4,1776537218000
1776537220.024,220.024,0.03,0.04,0.96,0.97,0.01,0.01,75600.51,1776537219000
1776537220.431,220.431,0.02,0.03,0.96,0.97,0.01,0.01,75600.51,1776537219000
1776537221.002,221.002,0.02,0.03,0.97,0.98,0.01,0.01,75600.51,1776537219000
1776537221.561,221.561,0.02,0.03,0.97,0.98,0.01,0.01,75600.16,1776537220000
1776537221.916,221.916,0.02,0.03,0.97,0.98,0.01,0.01,75600.16,1776537220000
1776537222.527,222.527,0.02,0.03,0.97,0.98,0.01,0.01,75600.16,1776537220000
1776537222.883,222.883,0.02,0.03,0.97,0.98,0.01,0.01,75601.09,1776537221000
1776537223.233,223.233,0.02,0.03,0.97,0.98,0.01,0.01,75603.13,1776537222000
1776537223.68,223.68,0.02,0.03,0.97,0.98,0.01,0.01,75603.13,1776537222000
1776537224.1,224.1,0.02,0.03,0.97,0.98,0.01,0.01,75603.13,1776537222000
1776537224.631,224.631,0.02,0.03,0.97,0.98,0.01,0.01,75605.55,1776537223000
1776537225.247,225.247,0.02,0.03,0.97,0.98,0.01,0.01,75604.07,1776537224000
1776537225.919,225.919,0.02,0.03,0.97,0.98,0.01,0.01,75604.07,1776537224000
1776537226.262,226.262,0.02,0.03,0.97,0.98,0.01,0.01,75604.07,1776537224000
1776537226.751,226.751,0.02,0.03,0.97,0.98,0.01,0.01,75601.39,1776537225000
1776537227.09,227.09,0.02,0.03,0.97,0.98,0.01,0.01,75601.39,1776537226000
1776537227.427,227.427,0.02,0.03,0.97,0.98,0.01,0.01,75601.39,1776537226000
1776537227.864,227.864,0.02,0.04,0.97,0.98,0.02,0.01,75601.39,1776537226000
1776537228.207,228.207,0.03,0.04,0.96,0.98,0.01,0.02,75601.95,1776537227000
1776537228.888,228.888,0.03,0.04,0.96,0.97,0.01,0.01,75601.95,1776537227000
1776537229.23,229.23,0.03,0.04,0.96,0.97,0.01,0.01,75598.45,1776537228000
1776537229.676,229.676,0.03,0.04,0.96,0.97,0.01,0.01,75598.45,1776537228000
1776537230.012,230.012,0.03,0.04,0.96,0.97,0.01,0.01,75598.45,1776537228000
1776537230.394,230.394,0.03,0.04,0.96,0.97,0.01,0.01,75598.45,1776537228000
1776537230.971,230.971,0.03,0.04,0.96,0.97,0.01,0.01,75608.66,1776537229000
1776537231.312,231.312,0.02,0.03,0.96,0.97,0.01,0.01,75612.18,1776537230000
1776537231.8,231.8,0.02,0.03,0.97,0.98,0.01,0.01,75612.18,1776537230000
1776537232.22,232.22,0.02,0.03,0.97,0.98,0.01,0.01,75612.05,1776537231000
1776537232.621,232.621,0.02,0.03,0.97,0.98,0.01,0.01,75612.05,1776537231000
1776537233.383,233.383,0.02,0.03,0.97,0.98,0.01,0.01,75612.21,1776537232000
1776537233.874,233.874,0.02,0.03,0.97,0.98,0.01,0.01,75612.21,1776537232000
1776537234.579,234.579,0.02,0.03,0.97,0.98,0.01,0.01,75612.21,1776537232000
1776537235.045,235.045,0.01,0.03,0.97,0.98,0.02,0.01,75611.84,1776537233000
1776537235.461,235.461,0.01,0.03,0.97,0.99,0.02,0.02,75611.58,1776537234000
1776537235.796,235.796,0.01,0.02,0.98,0.99,0.01,0.01,75611.58,1776537234000
1776537236.449,236.449,0.01,0.02,0.98,0.99,0.01,0.01,75608.01,1776537235000
1776537236.803,236.803,0.01,0.02,0.98,0.99,0.01,0.01,75608.01,1776537235000
1776537237.234,237.234,0.01,0.02,0.98,0.99,0.01,0.01,75608.01,1776537235000
1776537237.626,237.626,0.01,0.02,0.98,0.99,0.01,0.01,75604.29,1776537236000
1776537237.981,237.981,0.01,0.02,0.98,0.99,0.01,0.01,75604.29,1776537236000
1776537238.315,238.315,0.02,0.04,0.95,0.99,0.02,0.04,75604.29,1776537236000
1776537238.87,238.87,0.02,0.03,0.97,0.98,0.01,0.01,75605.77,1776537237000
1776537239.294,239.294,0.02,0.03,0.97,0.98,0.01,0.01,75605.78,1776537238000
1776537239.633,239.633,0.02,0.03,0.97,0.98,0.01,0.01,75605.78,1776537238000
1776537240.013,240.013,0.02,0.03,0.97,0.98,0.01,0.01,75605.78,1776537238000
1776537240.749,240.749,0.03,0.04,0.96,0.97,0.01,0.01,75607.56,1776537239000
1776537241.1,241.1,0.03,0.04,0.96,0.97,0.01,0.01,75607.56,1776537239000
1776537241.49,241.49,0.03,0.04,0.96,0.97,0.01,0.01,75611.21,1776537240000
1776537241.848,241.848,0.03,0.04,0.96,0.97,0.01,0.01,75611.21,1776537240000
1776537242.258,242.258,0.03,0.04,0.96,0.97,0.01,0.01,75611.21,1776537240000
1776537242.633,242.633,0.03,0.04,0.96,0.97,0.01,0.01,75615.92,1776537241000
1776537242.99,242.99,0.03,0.04,0.96,0.97,0.01,0.01,75615.92,1776537241000
1776537243.777,243.777,0.03,0.04,0.96,0.97,0.01,0.01,75619.35,1776537242000
1776537244.258,244.258,0.03,0.04,0.96,0.97,0.01,0.01,75622.28,1776537243000
1776537245.078,245.078,0.03,0.04,0.96,0.97,0.01,0.01,75622.28,1776537243000
1776537245.447,245.447,0.03,0.07,0.93,0.97,0.04,0.04,75626.34,1776537244000
1776537245.996,245.996,0.03,0.04,0.96,0.97,0.01,0.01,75626.34,1776537244000
1776537246.397,246.397,0.03,0.04,0.96,0.97,0.01,0.01,75626.34,1776537245000
1776537246.796,246.796,0.03,0.04,0.94,0.97,0.01,0.03,75626.34,1776537245000
1776537247.129,247.129,0.03,0.04,0.96,0.97,0.01,0.01,75626.22,1776537246000
1776537247.663,247.663,0.03,0.04,0.96,0.97,0.01,0.01,75626.22,1776537246000
1776537248.252,248.252,0.03,0.06,0.96,0.97,0.03,0.01,75626.22,1776537246000
1776537248.605,248.605,0.05,0.06,0.94,0.95,0.01,0.01,75626.22,1776537246000
1776537248.939,248.939,0.06,0.07,0.91,0.94,0.01,0.03,75631.56,1776537247000
1776537249.335,249.335,0.05,0.07,0.93,0.94,0.02,0.01,75631.56,1776537247000
1776537249.668,249.668,0.05,0.07,0.94,0.95,0.02,0.01,75631.56,1776537247000
1776537250.147,250.147,0.07,0.08,0.92,0.93,0.01,0.01,75630.19,1776537248000
1776537250.622,250.622,0.05,0.06,0.92,0.96,0.01,0.04,75634.45,1776537249000
1776537250.965,250.965,0.05,0.06,0.94,0.95,0.01,0.01,75634.45,1776537249000
1776537251.33,251.33,0.05,0.06,0.94,0.95,0.01,0.01,75639.51,1776537250000
1776537251.761,251.761,0.07,0.08,0.92,0.93,0.01,0.01,75639.51,1776537250000
1776537252.328,252.328,0.08,0.09,0.91,0.93,0.01,0.02,75639.51,1776537250000
1776537253.137,253.137,0.08,0.09,0.91,0.92,0.01,0.01,75639.58,1776537252000
1776537253.476,253.476,0.09,0.1,0.9,0.91,0.01,0.01,75639.58,1776537252000
1776537253.837,253.837,0.09,0.11,0.89,0.91,0.02,0.02,75639.58,1776537252000
1776537254.254,254.254,0.09,0.1,0.9,0.91,0.01,0.01,75639.58,1776537252000
1776537254.614,254.614,0.1,0.11,0.89,0.9,0.01,0.01,75644.54,1776537253000
1776537255.279,255.279,0.1,0.12,0.89,0.9,0.02,0.01,75644.54,1776537253000
1776537255.673,255.673,0.1,0.11,0.89,0.9,0.01,0.01,75648.16,1776537254000
1776537256.057,256.057,0.1,0.11,0.89,0.9,0.01,0.01,75648.16,1776537254000
1776537256.623,256.623,0.1,0.11,0.89,0.9,0.01,0.01,75648.6,1776537255000
1776537257.039,257.039,0.1,0.11,0.89,0.9,0.01,0.01,75648.63,1776537256000
1776537257.508,257.508,0.09,0.1,0.9,0.92,0.01,0.02,75648.63,1776537256000
1776537257.886,257.886,0.08,0.1,0.9,0.92,0.02,0.02,75648.6,1776537257000
1776537258.309,258.309,0.08,0.09,0.91,0.92,0.01,0.01,75648.6,1776537257000
1776537258.651,258.651,0.07,0.08,0.92,0.93,0.01,0.01,75648.6,1776537257000
1776537259.22,259.22,0.05,0.06,0.94,0.95,0.01,0.01,75648.25,1776537258000
1776537259.582,259.582,0.05,0.06,0.94,0.95,0.01,0.01,75648.25,1776537258000
1776537259.97,259.97,0.05,0.06,0.94,0.95,0.01,0.01,75648.25,1776537258000
1776537260.41,260.41,0.05,0.06,0.94,0.95,0.01,0.01,75648.09,1776537259000
1776537260.795,260.795,0.05,0.06,0.94,0.95,0.01,0.01,75648.09,1776537259000
1776537261.276,261.276,0.05,0.06,0.94,0.95,0.01,0.01,75648.09,1776537259000
1776537261.649,261.649,0.05,0.06,0.94,0.95,0.01,0.01,75643.96,1776537260000
1776537262.163,262.163,0.05,0.06,0.94,0.95,0.01,0.01,75643.96,1776537261000
1776537262.532,262.532,0.04,0.05,0.94,0.95,0.01,0.01,75643.96,1776537261000
1776537262.87,262.87,0.04,0.05,0.95,0.96,0.01,0.01,75643.96,1776537261000
1776537263.679,263.679,0.04,0.05,0.95,0.96,0.01,0.01,75640.78,1776537262000
1776537264.327,264.327,0.03,0.04,0.95,0.96,0.01,0.01,75640.78,1776537262000
1776537264.989,264.989,0.03,0.04,0.96,0.97,0.01,0.01,75640.13,1776537263000
1776537265.6,265.6,0.03,0.04,0.96,0.97,0.01,0.01,75640.19,1776537264000
1776537265.966,265.966,0.03,0.04,0.96,0.97,0.01,0.01,75640.19,1776537264000
1776537266.338,266.338,0.03,0.04,0.96,0.97,0.01,0.01,75640.09,1776537265000
1776537266.699,266.699,0.03,0.04,0.96,0.97,0.01,0.01,75640.09,1776537265000
1776537267.192,267.192,0.03,0.04,0.96,0.97,0.01,0.01,75640.09,1776537265000
1776537267.525,267.525,0.03,0.04,0.96,0.97,0.01,0.01,75640.09,1776537266000
1776537267.871,267.871,0.06,0.07,0.93,0.95,0.01,0.02,75640.09,1776537266000
1776537268.212,268.212,0.06,0.07,0.93,0.97,0.01,0.04,75640.25,1776537267000
1776537268.727,268.727,0.04,0.05,0.95,0.96,0.01,0.01,75640.25,1776537267000
1776537269.318,269.318,0.04,0.05,0.95,0.96,0.01,0.01,75640.25,1776537267000
1776537269.844,269.844,0.04,0.05,0.95,0.96,0.01,0.01,75640.26,1776537268000
1776537270.35,270.35,0.04,0.05,0.95,0.96,0.01,0.01,75640.26,1776537268000
1776537270.717,270.717,0.01,0.02,0.98,0.99,0.01,0.01,75646.5,1776537269000
1776537271.059,271.059,0.02,0.03,0.97,0.98,0.01,0.01,75646.5,1776537270000
1776537271.646,271.646,0.02,0.03,0.97,0.98,0.01,0.01,75646.5,1776537270000
1776537272.026,272.026,0.02,0.03,0.97,0.99,0.01,0.02,75646.5,1776537270000
1776537272.53,272.53,0.02,0.03,0.97,0.98,0.01,0.01,75646.89,1776537271000
1776537273.353,273.353,0.02,0.03,0.97,0.98,0.01,0.01,75646.89,1776537271000
1776537273.722,273.722,0.01,0.02,0.97,0.98,0.01,0.01,75646.88,1776537272000
1776537274.076,274.076,0.01,0.02,0.98,0.99,0.01,0.01,75646.88,1776537272000
1776537274.505,274.505,0.01,0.02,0.98,0.99,0.01,0.01,75646.87,1776537273000
1776537274.888,274.888,0.01,0.02,0.98,0.99,0.01,0.01,75646.87,1776537273000
1776537275.342,275.342,0.01,0.02,0.98,0.99,0.01,0.01,75646.81,1776537274000
1776537275.687,275.687,0.01,0.02,0.98,0.99,0.01,0.01,75646.81,1776537274000
1776537276.215,276.215,0.01,0.02,0.98,0.99,0.01,0.01,75646.81,1776537274000
1776537276.608,276.608,0.01,0.02,0.98,0.99,0.01,0.01,75646.64,1776537275000
1776537277.22,277.22,0.01,0.02,0.98,0.99,0.01,0.01,75646.53,1776537276000
1776537277.559,277.559,0.01,0.02,0.98,0.99,0.01,0.01,75646.53,1776537276000
1776537278.143,278.143,0.01,0.02,0.98,0.99,0.01,0.01,75646.53,1776537276000
1776537278.538,278.538,0.01,0.02,0.98,0.99,0.01,0.01,75646.54,1776537277000
1776537278.917,278.917,0.01,0.02,0.98,0.99,0.01,0.01,75646.54,1776537277000
1776537279.36,279.36,0.01,0.02,0.98,0.99,0.01,0.01,75646.54,1776537277000
1776537279.708,279.708,0.01,0.02,0.98,0.99,0.01,0.01,75646.66,1776537278000
1776537280.043,280.043,0.01,0.02,0.98,0.99,0.01,0.01,75646.66,1776537278000
1776537280.491,280.491,0.01,0.02,0.98,0.99,0.01,0.01,75646.66,1776537278000
1776537280.961,280.961,0.01,0.02,0.98,0.99,0.01,0.01,75647.92,1776537279000
1776537281.357,281.357,0.01,0.02,0.98,0.99,0.01,0.01,75648.49,1776537280000
1776537281.705,281.705,0.01,0.02,0.98,0.99,0.01,0.01,75648.49,1776537280000
1776537282.532,282.532,0.01,0.02,0.98,0.99,0.01,0.01,75648.49,1776537280000
1776537283.039,283.039,0.01,0.02,0.98,0.99,0.01,0.01,75650.69,1776537281000
1776537283.606,283.606,0.01,0.02,0.98,0.99,0.01,0.01,75651.13,1776537282000
1776537284.061,284.061,0.01,0.02,0.98,0.99,0.01,0.01,75651.13,1776537282000
1776537284.404,284.404,0.01,0.02,0.98,0.99,0.01,0.01,75651.14,1776537283000
1776537284.937,284.937,0.01,0.02,0.98,0.99,0.01,0.01,75651.14,1776537283000
1776537285.699,285.699,0.01,0.02,0.98,0.99,0.01,0.01,75651.14,1776537284000
1776537286.047,286.047,0.01,0.02,0.98,0.99,0.01,0.01,75651.14,1776537284000
1776537286.572,286.572,0.01,0.02,0.98,0.99,0.01,0.01,75651.19,1776537285000
1776537287.184,287.184,0.01,0.02,0.98,0.99,0.01,0.01,75651.19,1776537285000
1776537287.966,287.966,0.01,0.02,0.98,0.99,0.01,0.01,75652.72,1776537286000
1776537288.508,288.508,0.01,0.02,0.98,0.99,0.01,0.01,75652.72,1776537286000
1776537288.973,288.973,0.01,0.02,0.98,0.99,0.01,0.01,75651.12,1776537287000
1776537289.385,289.385,0.01,0.02,0.98,0.99,0.01,0.01,75651.12,1776537287000
1776537289.741,289.741,0.01,0.02,0.98,0.99,0.01,0.01,75651.11,1776537288000
1776537290.206,290.206,0.01,0.02,0.98,0.99,0.01,0.01,75651.11,1776537288000
1776537290.548,290.548,0.01,0.02,0.98,0.99,0.01,0.01,75651.12,1776537289000
1776537290.965,290.965,0.04,0.05,0.94,0.98,0.01,0.04,75651.12,1776537289000
1776537291.358,291.358,0.04,0.05,0.95,0.96,0.01,0.01,75651.12,1776537289000
1776537291.803,291.803,0.04,0.07,0.95,0.96,0.03,0.01,75651.27,1776537290000
1776537292.137,292.137,0.04,0.05,0.95,0.96,0.01,0.01,75651.27,1776537290000
1776537292.52,292.52,0.02,0.03,0.96,0.97,0.01,0.01,75657.14,1776537291000
1776537292.944,292.944,0.01,0.02,0.98,0.99,0.01,0.01,75657.14,1776537291000
1776537293.324,293.324,0.01,0.02,0.98,0.99,0.01,0.01,75657.14,1776537291000
1776537293.665,293.665,0.01,0.02,0.98,0.99,0.01,0.01,75657.14,1776537291000
1776537294.069,294.069,0.01,0.02,0.98,0.99,0.01,0.01,75659.5,1776537292000
1776537294.429,294.429,0.01,0.02,0.98,0.99,0.01,0.01,75661.57,1776537293000
1776537294.771,294.771,0.01,0.02,0.98,0.99,0.01,0.01,75661.57,1776537293000
1776537295.129,295.129,0.01,0.02,0.98,0.99,0.01,0.01,75661.57,1776537293000
1776537295.5,295.5,0.01,0.02,0.98,0.99,0.01,0.01,75663.42,1776537294000
1776537295.852,295.852,0.01,0.02,0.98,0.99,0.01,0.01,75663.42,1776537294000
1776537296.252,296.252,0.01,0.02,0.98,0.99,0.01,0.01,75663.42,1776537294000
1776537296.606,296.606,0.01,0.02,0.98,0.99,0.01,0.01,75663.43,1776537295000
1776537296.947,296.947,0.01,0.02,0.98,0.99,0.01,0.01,75663.43,1776537295000
1776537297.291,297.291,0.01,0.01,0.99,0.99,0.0,0.0,75663.42,1776537296000
1776537297.74,297.74,0.01,0.01,0.99,0.99,0.0,0.0,75663.42,1776537296000
1776537298.205,298.205,0.01,0.01,0.99,0.99,0.0,0.0,75663.42,1776537296000
1776537298.748,298.748,0.01,0.01,0.99,0.99,0.0,0.0,75663.42,1776537297000
1776537299.372,299.372,0.01,0.01,0.99,0.99,0.0,0.0,75663.42,1776537298000
1776537299.995,299.995,0.01,0.01,0.99,0.99,0.0,0.0,75663.42,1776537298000
1776537300.355,300.355,0.01,0.01,0.99,0.99,0.0,0.0,75663.42,1776537298000
1776537300.842,300.842,0.01,0.01,0.99,0.99,0.0,0.0,75663.42,1776537299000

# RESULT,winner=Down,slug=btc-updown-5m-1776537000,ticks=677
