timestamp,elapsed_sec,up_bid,up_ask,down_bid,down_ask,up_spread,down_spread,btc_price,btc_oracle_ts
1776346800.535,0.535,0.46,0.47,0.53,0.54,0.01,0.01,74623.63,1776346799000
1776346800.987,0.987,0.51,0.52,0.49,0.54,0.01,0.05,74623.63,1776346799000
1776346801.372,1.372,0.51,0.52,0.48,0.55,0.01,0.07,74624.42,1776346800000
1776346801.782,1.782,0.49,0.5,0.48,0.49,0.01,0.01,74624.42,1776346800000
1776346802.124,2.124,0.45,0.46,0.53,0.55,0.01,0.02,74624.42,1776346800000
1776346802.463,2.463,0.45,0.46,0.54,0.55,0.01,0.01,74624.42,1776346800000
1776346802.797,2.797,0.45,0.46,0.54,0.55,0.01,0.01,74625.29,1776346801000
1776346803.161,3.161,0.45,0.46,0.54,0.55,0.01,0.01,74625.29,1776346801000
1776346803.543,3.543,0.45,0.46,0.54,0.55,0.01,0.01,74626.1,1776346802000
1776346804.01,4.01,0.45,0.46,0.54,0.55,0.01,0.01,74626.1,1776346802000
1776346804.427,4.427,0.45,0.46,0.54,0.55,0.01,0.01,74620.78,1776346803000
1776346804.954,4.954,0.45,0.46,0.54,0.55,0.01,0.01,74620.78,1776346803000
1776346805.381,5.381,0.45,0.46,0.54,0.55,0.01,0.01,74620.78,1776346803000
1776346805.716,5.716,0.46,0.48,0.52,0.54,0.02,0.02,74610.14,1776346804000
1776346806.093,6.093,0.49,0.54,0.47,0.51,0.05,0.04,74610.14,1776346804000
1776346806.469,6.469,0.53,0.54,0.46,0.47,0.01,0.01,74609.51,1776346805000
1776346806.921,6.921,0.52,0.54,0.46,0.47,0.02,0.01,74609.51,1776346805000
1776346807.352,7.352,0.52,0.53,0.47,0.48,0.01,0.01,74609.7,1776346806000
1776346807.785,7.785,0.48,0.49,0.5,0.52,0.01,0.02,74609.7,1776346806000
1776346808.242,8.242,0.48,0.49,0.51,0.52,0.01,0.01,74609.7,1776346806000
1776346808.576,8.576,0.45,0.46,0.54,0.55,0.01,0.01,74609.7,1776346806000
1776346809.043,9.043,0.45,0.46,0.54,0.55,0.01,0.01,74623.4,1776346807000
1776346809.41,9.41,0.44,0.46,0.54,0.55,0.02,0.01,74623.4,1776346807000
1776346809.77,9.77,0.44,0.45,0.55,0.56,0.01,0.01,74622.33,1776346808000
1776346810.14,10.14,0.43,0.45,0.56,0.57,0.02,0.01,74622.33,1776346808000
1776346810.695,10.695,0.44,0.45,0.55,0.56,0.01,0.01,74616.5,1776346809000
1776346811.071,11.071,0.44,0.45,0.55,0.56,0.01,0.01,74616.5,1776346809000
1776346811.451,11.451,0.41,0.45,0.55,0.59,0.04,0.04,74616.5,1776346809000
1776346811.988,11.988,0.38,0.41,0.58,0.62,0.03,0.04,74610.42,1776346810000
1776346812.367,12.367,0.38,0.42,0.58,0.62,0.04,0.04,74610.42,1776346810000
1776346812.745,12.745,0.37,0.41,0.61,0.63,0.04,0.02,74608.6,1776346811000
1776346813.126,13.126,0.36,0.42,0.58,0.64,0.06,0.06,74608.6,1776346811000
1776346813.598,13.598,0.35,0.42,0.58,0.6,0.07,0.02,74589.62,1776346812000
1776346813.942,13.942,0.31,0.37,0.63,0.69,0.06,0.06,74589.62,1776346812000
1776346814.279,14.279,0.39,0.4,0.6,0.61,0.01,0.01,74589.62,1776346812000
1776346814.62,14.62,0.37,0.38,0.62,0.63,0.01,0.01,74589.62,1776346812000
1776346814.977,14.977,0.36,0.37,0.62,0.64,0.01,0.02,74578.84,1776346813000
1776346815.328,15.328,0.34,0.36,0.63,0.65,0.02,0.02,74578.84,1776346813000
1776346815.707,15.707,0.34,0.36,0.65,0.66,0.02,0.01,74578.84,1776346813000
1776346816.04,16.04,0.33,0.35,0.65,0.67,0.02,0.02,74580.59,1776346814000
1776346816.409,16.409,0.32,0.34,0.66,0.69,0.02,0.03,74578.15,1776346815000
1776346816.743,16.743,0.33,0.34,0.66,0.67,0.01,0.01,74578.15,1776346815000
1776346817.113,17.113,0.32,0.34,0.66,0.69,0.02,0.03,74578.15,1776346815000
1776346817.448,17.448,0.32,0.33,0.67,0.68,0.01,0.01,74578.15,1776346815000
1776346817.819,17.819,0.32,0.33,0.67,0.68,0.01,0.01,74571.88,1776346816000
1776346818.203,18.203,0.32,0.33,0.67,0.68,0.01,0.01,74571.88,1776346816000
1776346818.796,18.796,0.34,0.35,0.65,0.67,0.01,0.02,74569.17,1776346817000
1776346819.157,19.157,0.34,0.35,0.65,0.66,0.01,0.01,74569.17,1776346817000
1776346819.494,19.494,0.34,0.35,0.65,0.66,0.01,0.01,74569.61,1776346818000
1776346819.928,19.928,0.34,0.36,0.64,0.66,0.02,0.02,74569.61,1776346818000
1776346820.294,20.294,0.35,0.36,0.64,0.65,0.01,0.01,74574.64,1776346819000
1776346820.65,20.65,0.35,0.38,0.62,0.64,0.03,0.02,74574.64,1776346819000
1776346821.187,21.187,0.38,0.41,0.59,0.62,0.03,0.03,74584.47,1776346820000
1776346821.683,21.683,0.4,0.41,0.59,0.6,0.01,0.01,74584.47,1776346820000
1776346822.031,22.031,0.4,0.41,0.59,0.6,0.01,0.01,74584.47,1776346820000
1776346822.417,22.417,0.42,0.43,0.57,0.58,0.01,0.01,74595.45,1776346821000
1776346822.754,22.754,0.43,0.46,0.54,0.58,0.03,0.04,74595.45,1776346821000
1776346823.09,23.09,0.44,0.46,0.54,0.56,0.02,0.02,74595.45,1776346821000
1776346823.442,23.442,0.49,0.52,0.49,0.55,0.03,0.06,74595.45,1776346821000
1776346823.778,23.778,0.51,0.52,0.48,0.49,0.01,0.01,74599.07,1776346822000
1776346824.117,24.117,0.51,0.52,0.48,0.49,0.01,0.01,74611.27,1776346823000
1776346824.483,24.483,0.5,0.52,0.49,0.5,0.02,0.01,74611.27,1776346823000
1776346824.824,24.824,0.5,0.51,0.49,0.51,0.01,0.02,74611.27,1776346823000
1776346825.182,25.182,0.5,0.51,0.49,0.5,0.01,0.01,74623.38,1776346824000
1776346825.543,25.543,0.5,0.51,0.49,0.5,0.01,0.01,74623.38,1776346824000
1776346826.307,26.307,0.48,0.5,0.5,0.52,0.02,0.02,74623.61,1776346825000
1776346826.77,26.77,0.48,0.49,0.5,0.52,0.01,0.02,74623.61,1776346825000
1776346827.116,27.116,0.47,0.49,0.51,0.53,0.02,0.02,74623.61,1776346825000
1776346827.478,27.478,0.46,0.48,0.52,0.54,0.02,0.02,74623.61,1776346825000
1776346827.818,27.818,0.45,0.47,0.53,0.56,0.02,0.03,74621.58,1776346826000
1776346828.168,28.168,0.45,0.46,0.54,0.55,0.01,0.01,74618.63,1776346827000
1776346828.504,28.504,0.45,0.46,0.54,0.55,0.01,0.01,74618.63,1776346827000
1776346828.935,28.935,0.45,0.46,0.54,0.55,0.01,0.01,74618.63,1776346827000
1776346829.397,29.397,0.48,0.49,0.49,0.52,0.01,0.03,74609.79,1776346828000
1776346829.772,29.772,0.48,0.51,0.49,0.52,0.03,0.03,74609.79,1776346828000
1776346830.158,30.158,0.5,0.51,0.49,0.5,0.01,0.01,74609.79,1776346828000
1776346830.604,30.604,0.5,0.51,0.49,0.5,0.01,0.01,74609.79,1776346828000
1776346830.991,30.991,0.52,0.53,0.47,0.48,0.01,0.01,74612.54,1776346829000
1776346831.325,31.325,0.53,0.55,0.46,0.47,0.02,0.01,74619.96,1776346830000
1776346831.665,31.665,0.54,0.55,0.45,0.46,0.01,0.01,74619.96,1776346830000
1776346832.007,32.007,0.54,0.56,0.44,0.46,0.02,0.02,74622.91,1776346831000
1776346832.35,32.35,0.55,0.58,0.42,0.45,0.03,0.03,74622.91,1776346831000
1776346832.703,32.703,0.56,0.57,0.43,0.45,0.01,0.02,74622.91,1776346831000
1776346833.045,33.045,0.56,0.57,0.42,0.44,0.01,0.02,74629.99,1776346832000
1776346833.56,33.56,0.56,0.57,0.43,0.44,0.01,0.01,74629.99,1776346832000
1776346834.029,34.029,0.56,0.57,0.43,0.44,0.01,0.01,74629.99,1776346832000
1776346834.382,34.382,0.59,0.6,0.4,0.41,0.01,0.01,74640.79,1776346833000
1776346834.769,34.769,0.6,0.61,0.39,0.4,0.01,0.01,74640.79,1776346833000
1776346835.106,35.106,0.6,0.61,0.39,0.4,0.01,0.01,74640.79,1776346833000
1776346835.47,35.47,0.61,0.63,0.37,0.39,0.02,0.02,74647.6,1776346834000
1776346835.807,35.807,0.59,0.62,0.38,0.41,0.03,0.03,74647.6,1776346834000
1776346836.155,36.155,0.56,0.58,0.42,0.44,0.02,0.02,74654.66,1776346835000
1776346836.53,36.53,0.53,0.57,0.43,0.45,0.04,0.02,74654.66,1776346835000
1776346836.873,36.873,0.54,0.56,0.44,0.46,0.02,0.02,74654.66,1776346835000
1776346837.206,37.206,0.53,0.55,0.45,0.47,0.02,0.02,74655.8,1776346836000
1776346837.543,37.543,0.53,0.54,0.45,0.47,0.01,0.02,74655.8,1776346836000
1776346837.892,37.892,0.51,0.54,0.46,0.49,0.03,0.03,74655.8,1776346836000
1776346838.233,38.233,0.49,0.5,0.47,0.51,0.01,0.04,74655.8,1776346836000
1776346838.567,38.567,0.48,0.5,0.5,0.52,0.02,0.02,74633.36,1776346837000
1776346838.91,38.91,0.45,0.49,0.53,0.55,0.04,0.02,74633.36,1776346837000
1776346839.323,39.323,0.44,0.46,0.54,0.56,0.02,0.02,74633.36,1776346837000
1776346839.674,39.674,0.44,0.45,0.54,0.56,0.01,0.02,74625.98,1776346838000
1776346840.015,40.015,0.44,0.45,0.55,0.56,0.01,0.01,74625.98,1776346838000
1776346840.368,40.368,0.44,0.45,0.55,0.56,0.01,0.01,74625.98,1776346838000
1776346840.748,40.748,0.43,0.44,0.56,0.57,0.01,0.01,74609.91,1776346839000
1776346841.173,41.173,0.43,0.44,0.56,0.57,0.01,0.01,74607.11,1776346840000
1776346841.546,41.546,0.43,0.44,0.56,0.57,0.01,0.01,74607.11,1776346840000
1776346841.894,41.894,0.43,0.44,0.56,0.57,0.01,0.01,74607.11,1776346840000
1776346842.332,42.332,0.43,0.44,0.56,0.57,0.01,0.01,74606.06,1776346841000
1776346842.74,42.74,0.43,0.44,0.56,0.57,0.01,0.01,74606.06,1776346841000
1776346843.327,43.327,0.42,0.44,0.56,0.58,0.02,0.02,74604.72,1776346842000
1776346843.679,43.679,0.4,0.41,0.58,0.6,0.01,0.02,74604.72,1776346842000
1776346844.505,44.505,0.4,0.41,0.59,0.6,0.01,0.01,74605.31,1776346843000
1776346844.851,44.851,0.4,0.42,0.58,0.6,0.02,0.02,74605.31,1776346843000
1776346845.227,45.227,0.41,0.42,0.58,0.59,0.01,0.01,74605.31,1776346843000
1776346845.567,45.567,0.41,0.42,0.58,0.59,0.01,0.01,74605.31,1776346843000
1776346845.903,45.903,0.41,0.42,0.58,0.59,0.01,0.01,74597.08,1776346844000
1776346846.333,46.333,0.41,0.42,0.58,0.59,0.01,0.01,74597.08,1776346844000
1776346846.698,46.698,0.41,0.42,0.58,0.59,0.01,0.01,74599.76,1776346845000
1776346847.098,47.098,0.41,0.42,0.58,0.59,0.01,0.01,74600.5,1776346846000
1776346847.468,47.468,0.41,0.42,0.58,0.59,0.01,0.01,74600.5,1776346846000
1776346847.849,47.849,0.4,0.42,0.58,0.59,0.02,0.01,74600.5,1776346846000
1776346848.322,48.322,0.4,0.41,0.59,0.61,0.01,0.02,74598.67,1776346847000
1776346848.857,48.857,0.39,0.4,0.59,0.61,0.01,0.02,74598.67,1776346847000
1776346849.343,49.343,0.39,0.4,0.6,0.61,0.01,0.01,74598.67,1776346847000
1776346849.832,49.832,0.42,0.43,0.57,0.59,0.01,0.02,74598.67,1776346847000
1776346850.284,50.284,0.42,0.43,0.57,0.58,0.01,0.01,74597.14,1776346848000
1776346850.638,50.638,0.45,0.46,0.54,0.57,0.01,0.03,74597.14,1776346848000
1776346851.04,51.04,0.46,0.47,0.53,0.54,0.01,0.01,74597.14,1776346848000
1776346851.393,51.393,0.46,0.47,0.53,0.54,0.01,0.01,74597.14,1776346848000
1776346851.85,51.85,0.46,0.48,0.53,0.54,0.02,0.01,74595.65,1776346849000
1776346852.209,52.209,0.47,0.5,0.5,0.53,0.03,0.03,74595.65,1776346849000
1776346852.56,52.56,0.5,0.52,0.48,0.5,0.02,0.02,74604.98,1776346851000
1776346852.958,52.958,0.53,0.54,0.46,0.47,0.01,0.01,74604.98,1776346851000
1776346853.371,53.371,0.53,0.55,0.45,0.47,0.02,0.02,74607.96,1776346852000
1776346853.711,53.711,0.54,0.55,0.45,0.46,0.01,0.01,74607.96,1776346852000
1776346854.06,54.06,0.54,0.55,0.44,0.46,0.01,0.02,74607.96,1776346852000
1776346854.417,54.417,0.56,0.57,0.43,0.45,0.01,0.02,74607.96,1776346852000
1776346854.792,54.792,0.56,0.58,0.43,0.44,0.02,0.01,74633.33,1776346853000
1776346855.144,55.144,0.57,0.59,0.41,0.43,0.02,0.02,74633.33,1776346853000
1776346855.527,55.527,0.59,0.61,0.4,0.41,0.02,0.01,74639.89,1776346854000
1776346855.868,55.868,0.61,0.62,0.38,0.39,0.01,0.01,74639.89,1776346854000
1776346856.227,56.227,0.62,0.63,0.37,0.38,0.01,0.01,74639.89,1776346854000
1776346856.605,56.605,0.63,0.64,0.36,0.37,0.01,0.01,74639.89,1776346854000
1776346856.949,56.949,0.63,0.64,0.35,0.37,0.01,0.02,74649.47,1776346855000
1776346857.361,57.361,0.63,0.65,0.35,0.37,0.02,0.02,74658.92,1776346856000
1776346857.722,57.722,0.63,0.64,0.36,0.37,0.01,0.01,74658.92,1776346856000
1776346858.109,58.109,0.64,0.65,0.35,0.37,0.01,0.02,74658.92,1776346856000
1776346858.442,58.442,0.65,0.67,0.34,0.35,0.02,0.01,74658.92,1776346856000
1776346858.808,58.808,0.65,0.66,0.33,0.35,0.01,0.02,74660.56,1776346857000
1776346859.146,59.146,0.65,0.66,0.34,0.35,0.01,0.01,74660.56,1776346857000
1776346859.505,59.505,0.65,0.67,0.33,0.35,0.02,0.02,74660.86,1776346858000
1776346859.846,59.846,0.66,0.69,0.31,0.34,0.03,0.03,74660.86,1776346858000
1776346860.188,60.188,0.66,0.67,0.33,0.34,0.01,0.01,74670.57,1776346859000
1776346860.56,60.56,0.67,0.68,0.32,0.33,0.01,0.01,74670.57,1776346859000
1776346860.909,60.909,0.67,0.68,0.32,0.33,0.01,0.01,74670.57,1776346859000
1776346861.246,61.246,0.67,0.68,0.32,0.33,0.01,0.01,74670.57,1776346859000
1776346861.594,61.594,0.67,0.68,0.32,0.33,0.01,0.01,74676.58,1776346860000
1776346861.934,61.934,0.66,0.67,0.33,0.34,0.01,0.01,74676.58,1776346860000
1776346862.272,62.272,0.66,0.67,0.33,0.34,0.01,0.01,74676.58,1776346860000
1776346862.778,62.778,0.67,0.68,0.31,0.33,0.01,0.02,74676.58,1776346860000
1776346863.172,63.172,0.69,0.7,0.3,0.31,0.01,0.01,74676.58,1776346860000
1776346863.512,63.512,0.7,0.71,0.28,0.3,0.01,0.02,74676.58,1776346860000
1776346863.995,63.995,0.7,0.71,0.29,0.3,0.01,0.01,74676.58,1776346860000
1776346864.355,64.355,0.7,0.71,0.3,0.31,0.01,0.01,74676.58,1776346860000
1776346864.688,64.688,0.69,0.7,0.3,0.31,0.01,0.01,74676.58,1776346860000
1776346865.039,65.039,0.67,0.68,0.32,0.33,0.01,0.01,74676.58,1776346860000
1776346865.39,65.39,0.66,0.67,0.32,0.34,0.01,0.02,74676.58,1776346860000
1776346865.906,65.906,0.66,0.67,0.33,0.34,0.01,0.01,74676.58,1776346860000
1776346866.254,66.254,0.66,0.67,0.33,0.34,0.01,0.01,74676.58,1776346860000
1776346866.594,66.594,0.66,0.67,0.33,0.34,0.01,0.01,74676.58,1776346860000
1776346866.963,66.963,0.66,0.67,0.33,0.34,0.01,0.01,74676.58,1776346860000
1776346867.343,67.343,0.66,0.67,0.33,0.34,0.01,0.01,74676.58,1776346860000
1776346867.849,67.849,0.66,0.67,0.33,0.34,0.01,0.01,74676.58,1776346860000
1776346868.185,68.185,0.64,0.66,0.34,0.35,0.02,0.01,74676.58,1776346860000
1776346868.532,68.532,0.64,0.65,0.35,0.36,0.01,0.01,74676.58,1776346860000
1776346868.891,68.891,0.63,0.64,0.35,0.37,0.01,0.02,74676.58,1776346860000
1776346869.243,69.243,0.63,0.64,0.36,0.38,0.01,0.02,74676.58,1776346860000
1776346869.875,69.875,0.63,0.64,0.36,0.37,0.01,0.01,74676.58,1776346860000
1776346870.343,70.343,0.63,0.64,0.36,0.37,0.01,0.01,74656.85,1776346869000
1776346870.702,70.702,0.65,0.67,0.34,0.37,0.02,0.03,74656.85,1776346869000
1776346871.039,71.039,0.68,0.69,0.31,0.32,0.01,0.01,74656.85,1776346869000
1776346871.401,71.401,0.67,0.68,0.32,0.33,0.01,0.01,74656.85,1776346869000
1776346871.746,71.746,0.67,0.68,0.32,0.33,0.01,0.01,74660.23,1776346870000
1776346872.102,72.102,0.67,0.68,0.32,0.33,0.01,0.01,74660.23,1776346870000
1776346872.566,72.566,0.67,0.68,0.32,0.33,0.01,0.01,74666.01,1776346871000
1776346872.903,72.903,0.68,0.7,0.3,0.32,0.02,0.02,74666.01,1776346871000
1776346873.297,73.297,0.69,0.7,0.3,0.32,0.01,0.02,74666.01,1776346871000
1776346873.642,73.642,0.69,0.7,0.29,0.31,0.01,0.02,74666.01,1776346871000
1776346873.981,73.981,0.69,0.71,0.3,0.31,0.02,0.01,74673.63,1776346872000
1776346874.368,74.368,0.7,0.71,0.29,0.3,0.01,0.01,74673.63,1776346872000
1776346874.738,74.738,0.7,0.71,0.29,0.3,0.01,0.01,74673.63,1776346872000
1776346875.221,75.221,0.7,0.71,0.29,0.3,0.01,0.01,74673.63,1776346872000
1776346875.575,75.575,0.7,0.71,0.29,0.3,0.01,0.01,74673.63,1776346872000
1776346875.916,75.916,0.66,0.68,0.32,0.34,0.02,0.02,74673.63,1776346872000
1776346876.295,76.295,0.65,0.67,0.33,0.35,0.02,0.02,74673.63,1776346872000
1776346876.655,76.655,0.65,0.66,0.34,0.35,0.01,0.01,74673.63,1776346872000
1776346877.02,77.02,0.65,0.67,0.34,0.35,0.02,0.01,74673.63,1776346872000
1776346877.491,77.491,0.65,0.66,0.34,0.35,0.01,0.01,74681.08,1776346875000
1776346877.904,77.904,0.65,0.66,0.34,0.35,0.01,0.01,74673.53,1776346876000
1776346878.391,78.391,0.65,0.66,0.34,0.35,0.01,0.01,74670.97,1776346877000
1776346878.75,78.75,0.65,0.66,0.34,0.35,0.01,0.01,74670.97,1776346877000
1776346879.135,79.135,0.67,0.69,0.32,0.34,0.02,0.02,74670.97,1776346877000
1776346879.742,79.742,0.69,0.7,0.31,0.32,0.01,0.01,74669.13,1776346878000
1776346880.114,80.114,0.7,0.71,0.29,0.3,0.01,0.01,74669.13,1776346878000
1776346880.523,80.523,0.7,0.71,0.29,0.3,0.01,0.01,74673.34,1776346879000
1776346880.893,80.893,0.7,0.71,0.29,0.3,0.01,0.01,74673.34,1776346879000
1776346881.248,81.248,0.7,0.71,0.29,0.3,0.01,0.01,74675.05,1776346880000
1776346881.702,81.702,0.68,0.69,0.29,0.3,0.01,0.01,74675.05,1776346880000
1776346882.098,82.098,0.68,0.69,0.31,0.32,0.01,0.01,74675.05,1776346880000
1776346882.457,82.457,0.66,0.68,0.31,0.35,0.02,0.04,74680.98,1776346881000
1776346882.84,82.84,0.65,0.66,0.34,0.35,0.01,0.01,74680.98,1776346881000
1776346883.24,83.24,0.65,0.66,0.34,0.35,0.01,0.01,74680.98,1776346881000
1776346883.806,83.806,0.65,0.66,0.34,0.35,0.01,0.01,74678.84,1776346882000
1776346884.162,84.162,0.65,0.66,0.34,0.35,0.01,0.01,74678.84,1776346882000
1776346884.638,84.638,0.65,0.66,0.34,0.35,0.01,0.01,74669.5,1776346883000
1776346884.982,84.982,0.63,0.64,0.34,0.37,0.01,0.03,74669.5,1776346883000
1776346885.438,85.438,0.63,0.65,0.35,0.37,0.02,0.02,74666.47,1776346884000
1776346886.075,86.075,0.62,0.63,0.37,0.38,0.01,0.01,74666.47,1776346884000
1776346886.474,86.474,0.62,0.63,0.37,0.38,0.01,0.01,74663.0,1776346885000
1776346886.809,86.809,0.62,0.65,0.35,0.38,0.03,0.03,74663.0,1776346885000
1776346887.189,87.189,0.63,0.64,0.36,0.37,0.01,0.01,74657.05,1776346886000
1776346887.558,87.558,0.63,0.64,0.36,0.37,0.01,0.01,74657.05,1776346886000
1776346888.001,88.001,0.62,0.64,0.36,0.37,0.02,0.01,74657.05,1776346886000
1776346888.428,88.428,0.63,0.64,0.36,0.37,0.01,0.01,74653.54,1776346887000
1776346888.973,88.973,0.65,0.67,0.35,0.36,0.02,0.01,74653.54,1776346887000
1776346889.356,89.356,0.66,0.67,0.33,0.35,0.01,0.02,74655.51,1776346888000
1776346889.743,89.743,0.66,0.67,0.33,0.34,0.01,0.01,74655.51,1776346888000
1776346890.086,90.086,0.66,0.67,0.33,0.34,0.01,0.01,74655.51,1776346888000
1776346890.442,90.442,0.64,0.66,0.33,0.35,0.02,0.02,74660.73,1776346889000
1776346890.883,90.883,0.64,0.65,0.35,0.37,0.01,0.02,74660.73,1776346889000
1776346891.492,91.492,0.64,0.65,0.35,0.36,0.01,0.01,74663.37,1776346890000
1776346891.917,91.917,0.62,0.63,0.35,0.38,0.01,0.03,74663.37,1776346890000
1776346892.407,92.407,0.61,0.62,0.37,0.39,0.01,0.02,74663.37,1776346890000
1776346892.828,92.828,0.6,0.61,0.39,0.4,0.01,0.01,74662.17,1776346891000
1776346893.298,93.298,0.59,0.6,0.39,0.4,0.01,0.01,74660.33,1776346892000
1776346893.883,93.883,0.59,0.6,0.4,0.41,0.01,0.01,74660.33,1776346892000
1776346894.238,94.238,0.66,0.7,0.3,0.36,0.04,0.06,74651.22,1776346893000
1776346894.668,94.668,0.68,0.72,0.28,0.32,0.04,0.04,74651.22,1776346893000
1776346895.005,95.005,0.7,0.73,0.29,0.3,0.03,0.01,74651.22,1776346893000
1776346895.366,95.366,0.68,0.69,0.31,0.32,0.01,0.01,74650.8,1776346894000
1776346895.71,95.71,0.68,0.71,0.31,0.34,0.03,0.03,74650.8,1776346894000
1776346896.062,96.062,0.68,0.69,0.31,0.32,0.01,0.01,74650.8,1776346894000
1776346896.416,96.416,0.68,0.69,0.31,0.32,0.01,0.01,74685.6,1776346895000
1776346896.782,96.782,0.68,0.69,0.31,0.32,0.01,0.01,74685.6,1776346895000
1776346897.159,97.159,0.68,0.69,0.31,0.32,0.01,0.01,74685.6,1776346895000
1776346897.496,97.496,0.64,0.66,0.34,0.36,0.02,0.02,74670.91,1776346896000
1776346897.874,97.874,0.64,0.65,0.35,0.36,0.01,0.01,74670.91,1776346896000
1776346898.795,98.795,0.64,0.65,0.35,0.36,0.01,0.01,74666.99,1776346897000
1776346899.263,99.263,0.63,0.64,0.36,0.37,0.01,0.01,74658.18,1776346898000
1776346899.686,99.686,0.62,0.64,0.36,0.38,0.02,0.02,74658.18,1776346898000
1776346900.064,100.064,0.62,0.63,0.37,0.38,0.01,0.01,74658.18,1776346898000
1776346900.491,100.491,0.62,0.63,0.37,0.38,0.01,0.01,74655.46,1776346899000
1776346900.875,100.875,0.61,0.62,0.38,0.39,0.01,0.01,74655.46,1776346899000
1776346901.215,101.215,0.6,0.61,0.39,0.4,0.01,0.01,74652.46,1776346900000
1776346901.613,101.613,0.59,0.6,0.4,0.41,0.01,0.01,74652.46,1776346900000
1776346902.015,102.015,0.59,0.6,0.4,0.41,0.01,0.01,74652.46,1776346900000
1776346902.359,102.359,0.59,0.6,0.4,0.41,0.01,0.01,74649.09,1776346901000
1776346902.8,102.8,0.59,0.6,0.4,0.41,0.01,0.01,74649.09,1776346901000
1776346903.154,103.154,0.59,0.6,0.4,0.41,0.01,0.01,74649.09,1776346901000
1776346903.497,103.497,0.58,0.6,0.4,0.41,0.02,0.01,74647.61,1776346902000
1776346903.877,103.877,0.58,0.59,0.41,0.42,0.01,0.01,74647.61,1776346902000
1776346904.222,104.222,0.58,0.59,0.41,0.42,0.01,0.01,74652.38,1776346903000
1776346904.564,104.564,0.58,0.59,0.41,0.42,0.01,0.01,74652.38,1776346903000
1776346904.93,104.93,0.57,0.59,0.41,0.42,0.02,0.01,74652.38,1776346903000
1776346905.618,105.618,0.56,0.57,0.42,0.43,0.01,0.01,74644.59,1776346904000
1776346906.009,106.009,0.57,0.59,0.42,0.43,0.02,0.01,74644.59,1776346904000
1776346906.361,106.361,0.6,0.61,0.39,0.41,0.01,0.02,74642.94,1776346905000
1776346906.813,106.813,0.6,0.61,0.39,0.41,0.01,0.02,74642.94,1776346905000
1776346907.162,107.162,0.6,0.61,0.39,0.4,0.01,0.01,74644.21,1776346906000
1776346907.512,107.512,0.48,0.5,0.5,0.52,0.02,0.02,74644.21,1776346906000
1776346907.872,107.872,0.4,0.48,0.52,0.6,0.08,0.08,74644.21,1776346906000
1776346908.213,108.213,0.39,0.4,0.6,0.61,0.01,0.01,74644.21,1776346906000
1776346908.577,108.577,0.38,0.4,0.6,0.62,0.02,0.02,74642.79,1776346907000
1776346908.919,108.919,0.35,0.4,0.6,0.65,0.05,0.05,74642.79,1776346907000
1776346909.261,109.261,0.32,0.33,0.64,0.67,0.01,0.03,74642.79,1776346907000
1776346909.604,109.604,0.3,0.33,0.67,0.7,0.03,0.03,74589.97,1776346908000
1776346909.971,109.971,0.28,0.3,0.7,0.71,0.02,0.01,74589.97,1776346908000
1776346910.31,110.31,0.27,0.3,0.7,0.71,0.03,0.01,74569.15,1776346909000
1776346910.645,110.645,0.26,0.29,0.7,0.74,0.03,0.04,74569.15,1776346909000
1776346910.997,110.997,0.31,0.32,0.7,0.71,0.01,0.01,74569.15,1776346909000
1776346911.392,111.392,0.24,0.32,0.68,0.71,0.08,0.03,74534.94,1776346910000
1776346911.729,111.729,0.25,0.28,0.74,0.75,0.03,0.01,74534.94,1776346910000
1776346912.065,112.065,0.26,0.27,0.72,0.74,0.01,0.02,74534.94,1776346910000
1776346912.646,112.646,0.26,0.27,0.73,0.74,0.01,0.01,74540.35,1776346911000
1776346912.994,112.994,0.26,0.27,0.73,0.74,0.01,0.01,74540.35,1776346911000
1776346913.358,113.358,0.26,0.27,0.73,0.74,0.01,0.01,74540.94,1776346912000
1776346913.701,113.701,0.23,0.26,0.74,0.77,0.03,0.03,74540.94,1776346912000
1776346914.043,114.043,0.22,0.24,0.74,0.78,0.02,0.04,74540.94,1776346912000
1776346914.376,114.376,0.22,0.25,0.75,0.78,0.03,0.03,74543.98,1776346913000
1776346914.71,114.71,0.22,0.23,0.77,0.79,0.01,0.02,74543.98,1776346913000
1776346915.075,115.075,0.21,0.22,0.78,0.79,0.01,0.01,74543.98,1776346913000
1776346915.414,115.414,0.21,0.22,0.78,0.79,0.01,0.01,74527.59,1776346914000
1776346915.752,115.752,0.21,0.22,0.78,0.79,0.01,0.01,74527.59,1776346914000
1776346916.094,116.094,0.21,0.22,0.78,0.79,0.01,0.01,74524.26,1776346915000
1776346916.439,116.439,0.21,0.22,0.78,0.79,0.01,0.01,74524.26,1776346915000
1776346916.821,116.821,0.21,0.22,0.78,0.79,0.01,0.01,74524.26,1776346915000
1776346917.183,117.183,0.21,0.22,0.78,0.79,0.01,0.01,74515.64,1776346916000
1776346917.522,117.522,0.21,0.22,0.78,0.79,0.01,0.01,74515.64,1776346916000
1776346917.871,117.871,0.22,0.24,0.76,0.78,0.02,0.02,74515.64,1776346916000
1776346918.267,118.267,0.22,0.23,0.77,0.78,0.01,0.01,74513.26,1776346917000
1776346918.75,118.75,0.22,0.23,0.77,0.78,0.01,0.01,74513.26,1776346917000
1776346919.09,119.09,0.22,0.23,0.77,0.78,0.01,0.01,74513.26,1776346917000
1776346919.497,119.497,0.22,0.23,0.77,0.78,0.01,0.01,74519.22,1776346918000
1776346920.027,120.027,0.22,0.23,0.77,0.78,0.01,0.01,74519.22,1776346918000
1776346920.472,120.472,0.22,0.23,0.77,0.78,0.01,0.01,74527.75,1776346919000
1776346920.841,120.841,0.22,0.23,0.77,0.78,0.01,0.01,74527.75,1776346919000
1776346921.205,121.205,0.22,0.23,0.77,0.78,0.01,0.01,74527.75,1776346919000
1776346921.62,121.62,0.22,0.23,0.77,0.78,0.01,0.01,74532.0,1776346920000
1776346921.998,121.998,0.22,0.23,0.77,0.78,0.01,0.01,74532.0,1776346920000
1776346922.377,122.377,0.19,0.2,0.8,0.81,0.01,0.01,74529.53,1776346921000
1776346922.729,122.729,0.19,0.2,0.8,0.81,0.01,0.01,74529.53,1776346921000
1776346923.067,123.067,0.19,0.2,0.8,0.81,0.01,0.01,74529.53,1776346921000
1776346923.428,123.428,0.19,0.2,0.8,0.81,0.01,0.01,74526.99,1776346922000
1776346923.805,123.805,0.22,0.23,0.77,0.8,0.01,0.03,74526.99,1776346922000
1776346924.185,124.185,0.22,0.23,0.77,0.78,0.01,0.01,74515.98,1776346923000
1776346924.525,124.525,0.21,0.22,0.77,0.79,0.01,0.02,74515.98,1776346923000
1776346924.963,124.963,0.2,0.21,0.78,0.8,0.01,0.02,74515.98,1776346923000
1776346925.305,125.305,0.2,0.21,0.79,0.8,0.01,0.01,74524.81,1776346924000
1776346925.714,125.714,0.19,0.2,0.79,0.81,0.01,0.02,74524.81,1776346924000
1776346926.062,126.062,0.19,0.2,0.8,0.81,0.01,0.01,74526.11,1776346925000
1776346926.418,126.418,0.19,0.2,0.8,0.81,0.01,0.01,74526.11,1776346925000
1776346926.754,126.754,0.19,0.2,0.8,0.81,0.01,0.01,74526.11,1776346925000
1776346927.208,127.208,0.19,0.2,0.8,0.81,0.01,0.01,74523.43,1776346926000
1776346927.602,127.602,0.19,0.2,0.8,0.81,0.01,0.01,74523.43,1776346926000
1776346928.123,128.123,0.19,0.2,0.8,0.81,0.01,0.01,74525.35,1776346927000
1776346928.464,128.464,0.19,0.2,0.8,0.81,0.01,0.01,74525.35,1776346927000
1776346928.818,128.818,0.19,0.2,0.8,0.81,0.01,0.01,74525.35,1776346927000
1776346929.188,129.188,0.19,0.2,0.8,0.81,0.01,0.01,74528.12,1776346928000
1776346929.534,129.534,0.19,0.2,0.8,0.81,0.01,0.01,74528.12,1776346928000
1776346929.945,129.945,0.2,0.21,0.79,0.8,0.01,0.01,74528.12,1776346928000
1776346930.417,130.417,0.2,0.21,0.79,0.8,0.01,0.01,74528.83,1776346929000
1776346930.939,130.939,0.2,0.21,0.79,0.8,0.01,0.01,74528.83,1776346929000
1776346931.287,131.287,0.2,0.21,0.79,0.8,0.01,0.01,74533.9,1776346930000
1776346931.676,131.676,0.2,0.21,0.79,0.8,0.01,0.01,74533.9,1776346930000
1776346932.031,132.031,0.2,0.21,0.79,0.8,0.01,0.01,74534.4,1776346931000
1776346932.442,132.442,0.2,0.21,0.79,0.8,0.01,0.01,74534.4,1776346931000
1776346932.816,132.816,0.2,0.21,0.79,0.8,0.01,0.01,74534.4,1776346931000
1776346933.206,133.206,0.2,0.21,0.79,0.8,0.01,0.01,74536.25,1776346932000
1776346933.72,133.72,0.2,0.21,0.79,0.8,0.01,0.01,74536.25,1776346932000
1776346934.077,134.077,0.2,0.21,0.79,0.8,0.01,0.01,74536.25,1776346932000
1776346934.45,134.45,0.2,0.21,0.79,0.8,0.01,0.01,74538.98,1776346933000
1776346934.861,134.861,0.2,0.21,0.79,0.8,0.01,0.01,74538.98,1776346933000
1776346935.301,135.301,0.2,0.21,0.79,0.8,0.01,0.01,74540.23,1776346934000
1776346935.802,135.802,0.2,0.21,0.79,0.8,0.01,0.01,74540.23,1776346934000
1776346936.16,136.16,0.2,0.21,0.79,0.8,0.01,0.01,74539.49,1776346935000
1776346936.641,136.641,0.2,0.21,0.79,0.8,0.01,0.01,74539.49,1776346935000
1776346937.014,137.014,0.2,0.21,0.79,0.8,0.01,0.01,74539.49,1776346935000
1776346937.375,137.375,0.2,0.21,0.79,0.8,0.01,0.01,74540.85,1776346936000
1776346937.767,137.767,0.21,0.22,0.78,0.79,0.01,0.01,74540.85,1776346936000
1776346938.223,138.223,0.21,0.22,0.78,0.79,0.01,0.01,74540.85,1776346936000
1776346938.559,138.559,0.21,0.22,0.78,0.79,0.01,0.01,74540.85,1776346936000
1776346939.101,139.101,0.21,0.22,0.78,0.79,0.01,0.01,74542.25,1776346938000
1776346939.449,139.449,0.21,0.22,0.78,0.79,0.01,0.01,74542.25,1776346938000
1776346940.115,140.115,0.21,0.22,0.78,0.79,0.01,0.01,74542.25,1776346938000
1776346940.597,140.597,0.21,0.22,0.78,0.79,0.01,0.01,74543.3,1776346939000
1776346940.941,140.941,0.21,0.22,0.78,0.79,0.01,0.01,74543.3,1776346939000
1776346941.289,141.289,0.22,0.23,0.78,0.79,0.01,0.01,74543.3,1776346939000
1776346941.709,141.709,0.22,0.23,0.77,0.78,0.01,0.01,74545.44,1776346940000
1776346942.093,142.093,0.22,0.23,0.77,0.78,0.01,0.01,74545.34,1776346941000
1776346942.438,142.438,0.22,0.23,0.77,0.78,0.01,0.01,74545.34,1776346941000
1776346942.871,142.871,0.24,0.25,0.75,0.76,0.01,0.01,74545.34,1776346941000
1776346943.243,143.243,0.24,0.25,0.75,0.76,0.01,0.01,74551.31,1776346942000
1776346943.602,143.602,0.24,0.25,0.75,0.76,0.01,0.01,74551.31,1776346942000
1776346943.985,143.985,0.21,0.22,0.75,0.8,0.01,0.05,74551.31,1776346942000
1776346944.331,144.331,0.21,0.22,0.78,0.79,0.01,0.01,74557.65,1776346943000
1776346944.922,144.922,0.21,0.22,0.78,0.79,0.01,0.01,74557.65,1776346943000
1776346945.297,145.297,0.21,0.22,0.78,0.79,0.01,0.01,74557.65,1776346943000
1776346945.775,145.775,0.18,0.19,0.79,0.82,0.01,0.03,74552.95,1776346944000
1776346946.166,146.166,0.17,0.18,0.81,0.83,0.01,0.02,74547.73,1776346945000
1776346946.532,146.532,0.16,0.18,0.82,0.84,0.02,0.02,74547.73,1776346945000
1776346946.892,146.892,0.16,0.17,0.83,0.84,0.01,0.01,74547.73,1776346945000
1776346947.238,147.238,0.16,0.17,0.83,0.84,0.01,0.01,74509.43,1776346946000
1776346947.577,147.577,0.12,0.14,0.86,0.87,0.02,0.01,74509.43,1776346946000
1776346947.911,147.911,0.11,0.12,0.87,0.89,0.01,0.02,74509.43,1776346946000
1776346948.329,148.329,0.11,0.12,0.88,0.89,0.01,0.01,74505.8,1776346947000
1776346948.68,148.68,0.1,0.12,0.88,0.9,0.02,0.02,74505.8,1776346947000
1776346949.173,149.173,0.1,0.12,0.88,0.9,0.02,0.02,74500.15,1776346948000
1776346949.561,149.561,0.1,0.11,0.89,0.9,0.01,0.01,74500.15,1776346948000
1776346949.916,149.916,0.1,0.11,0.89,0.9,0.01,0.01,74500.15,1776346948000
1776346950.268,150.268,0.1,0.11,0.89,0.9,0.01,0.01,74499.31,1776346949000
1776346950.601,150.601,0.1,0.11,0.89,0.9,0.01,0.01,74499.31,1776346949000
1776346950.962,150.962,0.1,0.11,0.89,0.9,0.01,0.01,74499.31,1776346949000
1776346951.308,151.308,0.09,0.11,0.89,0.91,0.02,0.02,74499.31,1776346949000
1776346951.656,151.656,0.09,0.1,0.9,0.91,0.01,0.01,74498.34,1776346950000
1776346952.013,152.013,0.09,0.1,0.9,0.91,0.01,0.01,74497.98,1776346951000
1776346952.37,152.37,0.09,0.1,0.9,0.91,0.01,0.01,74497.98,1776346951000
1776346952.707,152.707,0.09,0.1,0.9,0.91,0.01,0.01,74497.98,1776346951000
1776346953.088,153.088,0.12,0.13,0.87,0.88,0.01,0.01,74497.45,1776346952000
1776346953.424,153.424,0.12,0.13,0.87,0.88,0.01,0.01,74497.45,1776346952000
1776346953.758,153.758,0.14,0.15,0.85,0.86,0.01,0.01,74497.45,1776346952000
1776346954.16,154.16,0.15,0.17,0.84,0.86,0.02,0.02,74500.77,1776346953000
1776346954.512,154.512,0.15,0.17,0.83,0.85,0.02,0.02,74500.77,1776346953000
1776346954.848,154.848,0.15,0.16,0.83,0.85,0.01,0.02,74500.77,1776346953000
1776346955.198,155.198,0.16,0.17,0.83,0.84,0.01,0.01,74514.04,1776346954000
1776346955.576,155.576,0.16,0.17,0.83,0.84,0.01,0.01,74514.04,1776346954000
1776346956.026,156.026,0.16,0.17,0.83,0.84,0.01,0.01,74514.04,1776346954000
1776346956.425,156.425,0.16,0.17,0.83,0.84,0.01,0.01,74518.2,1776346955000
1776346956.765,156.765,0.15,0.17,0.83,0.85,0.02,0.02,74518.2,1776346955000
1776346957.108,157.108,0.13,0.14,0.86,0.87,0.01,0.01,74518.2,1776346955000
1776346957.449,157.449,0.13,0.14,0.86,0.87,0.01,0.01,74522.76,1776346956000
1776346957.802,157.802,0.13,0.14,0.86,0.87,0.01,0.01,74522.76,1776346956000
1776346958.188,158.188,0.13,0.14,0.86,0.87,0.01,0.01,74518.35,1776346957000
1776346958.581,158.581,0.13,0.14,0.86,0.87,0.01,0.01,74518.35,1776346957000
1776346958.916,158.916,0.12,0.13,0.86,0.88,0.01,0.02,74518.35,1776346957000
1776346959.371,159.371,0.12,0.13,0.87,0.88,0.01,0.01,74517.94,1776346958000
1776346959.798,159.798,0.11,0.12,0.87,0.89,0.01,0.02,74517.94,1776346958000
1776346960.171,160.171,0.11,0.12,0.88,0.89,0.01,0.01,74517.94,1776346958000
1776346960.512,160.512,0.11,0.12,0.88,0.89,0.01,0.01,74517.94,1776346958000
1776346960.929,160.929,0.11,0.12,0.88,0.89,0.01,0.01,74515.38,1776346959000
1776346961.387,161.387,0.11,0.12,0.88,0.89,0.01,0.01,74515.38,1776346959000
1776346961.843,161.843,0.11,0.12,0.88,0.89,0.01,0.01,74510.89,1776346960000
1776346962.356,162.356,0.11,0.12,0.88,0.89,0.01,0.01,74510.11,1776346961000
1776346962.704,162.704,0.11,0.12,0.88,0.89,0.01,0.01,74510.11,1776346961000
1776346963.42,163.42,0.1,0.11,0.88,0.89,0.01,0.01,74509.48,1776346962000
1776346963.879,163.879,0.1,0.11,0.89,0.9,0.01,0.01,74509.48,1776346962000
1776346964.234,164.234,0.1,0.11,0.89,0.9,0.01,0.01,74509.75,1776346963000
1776346964.639,164.639,0.1,0.11,0.89,0.9,0.01,0.01,74509.75,1776346963000
1776346965.002,165.002,0.1,0.11,0.89,0.9,0.01,0.01,74510.23,1776346964000
1776346965.373,165.373,0.09,0.11,0.89,0.9,0.02,0.01,74510.23,1776346964000
1776346966.026,166.026,0.09,0.1,0.9,0.91,0.01,0.01,74510.23,1776346964000
1776346966.408,166.408,0.08,0.1,0.9,0.91,0.02,0.01,74510.44,1776346965000
1776346966.742,166.742,0.08,0.09,0.91,0.93,0.01,0.02,74510.44,1776346965000
1776346967.086,167.086,0.08,0.09,0.91,0.92,0.01,0.01,74510.44,1776346965000
1776346967.458,167.458,0.08,0.09,0.91,0.92,0.01,0.01,74509.54,1776346966000
1776346967.853,167.853,0.08,0.09,0.91,0.92,0.01,0.01,74509.54,1776346966000
1776346968.236,168.236,0.08,0.09,0.91,0.92,0.01,0.01,74500.87,1776346967000
1776346968.687,168.687,0.08,0.09,0.91,0.92,0.01,0.01,74500.87,1776346967000
1776346969.09,169.09,0.08,0.09,0.91,0.92,0.01,0.01,74500.87,1776346967000
1776346969.602,169.602,0.07,0.09,0.91,0.92,0.02,0.01,74501.51,1776346968000
1776346969.961,169.961,0.08,0.09,0.91,0.92,0.01,0.01,74501.51,1776346968000
1776346970.299,170.299,0.09,0.1,0.9,0.92,0.01,0.02,74501.51,1776346968000
1776346970.712,170.712,0.09,0.11,0.89,0.91,0.02,0.02,74504.8,1776346969000
1776346971.16,171.16,0.1,0.11,0.89,0.9,0.01,0.01,74504.8,1776346969000
1776346971.504,171.504,0.1,0.11,0.89,0.9,0.01,0.01,74507.95,1776346970000
1776346972.027,172.027,0.1,0.11,0.89,0.9,0.01,0.01,74507.95,1776346970000
1776346972.394,172.394,0.09,0.11,0.89,0.9,0.02,0.01,74513.12,1776346971000
1776346972.756,172.756,0.08,0.09,0.9,0.92,0.01,0.02,74513.12,1776346971000
1776346973.129,173.129,0.08,0.09,0.91,0.92,0.01,0.01,74513.78,1776346972000
1776346973.484,173.484,0.08,0.09,0.91,0.92,0.01,0.01,74513.78,1776346972000
1776346973.854,173.854,0.09,0.1,0.9,0.91,0.01,0.01,74513.78,1776346972000
1776346974.228,174.228,0.09,0.1,0.9,0.91,0.01,0.01,74513.78,1776346972000
1776346974.58,174.58,0.07,0.09,0.91,0.93,0.02,0.02,74513.67,1776346973000
1776346975.02,175.02,0.07,0.09,0.91,0.93,0.02,0.02,74513.67,1776346973000
1776346975.422,175.422,0.07,0.09,0.92,0.93,0.02,0.01,74513.2,1776346974000
1776346975.838,175.838,0.08,0.1,0.91,0.92,0.02,0.01,74513.2,1776346974000
1776346976.207,176.207,0.08,0.09,0.91,0.92,0.01,0.01,74513.2,1776346974000
1776346976.573,176.573,0.08,0.09,0.91,0.92,0.01,0.01,74508.76,1776346975000
1776346976.936,176.936,0.08,0.09,0.91,0.92,0.01,0.01,74508.76,1776346975000
1776346977.297,177.297,0.08,0.09,0.91,0.92,0.01,0.01,74508.76,1776346975000
1776346977.761,177.761,0.08,0.09,0.91,0.92,0.01,0.01,74508.57,1776346976000
1776346978.115,178.115,0.08,0.1,0.91,0.92,0.02,0.01,74508.64,1776346977000
1776346978.744,178.744,0.12,0.15,0.85,0.88,0.03,0.03,74508.64,1776346977000
1776346979.1,179.1,0.11,0.13,0.88,0.89,0.02,0.01,74511.0,1776346978000
1776346979.447,179.447,0.11,0.12,0.88,0.89,0.01,0.01,74511.0,1776346978000
1776346979.803,179.803,0.11,0.12,0.88,0.89,0.01,0.01,74511.0,1776346978000
1776346980.15,180.15,0.1,0.12,0.88,0.89,0.02,0.01,74511.0,1776346978000
1776346980.524,180.524,0.1,0.11,0.89,0.9,0.01,0.01,74528.25,1776346979000
1776346980.873,180.873,0.1,0.11,0.89,0.9,0.01,0.01,74528.25,1776346979000
1776346981.256,181.256,0.1,0.11,0.89,0.9,0.01,0.01,74528.25,1776346979000
1776346981.595,181.595,0.1,0.11,0.89,0.9,0.01,0.01,74519.59,1776346980000
1776346982.125,182.125,0.1,0.11,0.89,0.9,0.01,0.01,74519.59,1776346980000
1776346982.662,182.662,0.12,0.13,0.87,0.89,0.01,0.02,74515.8,1776346981000
1776346983.012,183.012,0.12,0.13,0.87,0.88,0.01,0.01,74518.68,1776346982000
1776346983.351,183.351,0.12,0.14,0.87,0.88,0.02,0.01,74518.68,1776346982000
1776346983.84,183.84,0.13,0.15,0.86,0.88,0.02,0.02,74518.68,1776346982000
1776346984.201,184.201,0.13,0.14,0.85,0.87,0.01,0.02,74530.51,1776346983000
1776346984.604,184.604,0.15,0.16,0.84,0.85,0.01,0.01,74530.51,1776346983000
1776346984.967,184.967,0.14,0.15,0.85,0.86,0.01,0.01,74530.51,1776346983000
1776346985.348,185.348,0.13,0.14,0.87,0.88,0.01,0.01,74540.55,1776346984000
1776346985.789,185.789,0.11,0.13,0.87,0.88,0.02,0.01,74540.55,1776346984000
1776346986.185,186.185,0.11,0.12,0.88,0.89,0.01,0.01,74540.55,1776346984000
1776346986.543,186.543,0.11,0.13,0.88,0.89,0.02,0.01,74538.3,1776346985000
1776346986.878,186.878,0.11,0.14,0.87,0.89,0.03,0.02,74538.3,1776346985000
1776346987.432,187.432,0.12,0.13,0.87,0.88,0.01,0.01,74524.19,1776346986000
1776346987.767,187.767,0.12,0.13,0.87,0.88,0.01,0.01,74524.19,1776346986000
1776346988.103,188.103,0.11,0.12,0.88,0.89,0.01,0.01,74524.19,1776346986000
1776346988.465,188.465,0.11,0.12,0.88,0.89,0.01,0.01,74521.74,1776346987000
1776346988.864,188.864,0.11,0.12,0.88,0.89,0.01,0.01,74521.74,1776346987000
1776346989.292,189.292,0.11,0.12,0.88,0.89,0.01,0.01,74530.23,1776346988000
1776346989.973,189.973,0.11,0.12,0.88,0.89,0.01,0.01,74530.23,1776346988000
1776346990.489,190.489,0.1,0.11,0.89,0.9,0.01,0.01,74525.82,1776346989000
1776346991.132,191.132,0.09,0.11,0.89,0.91,0.02,0.02,74525.82,1776346989000
1776346991.968,191.968,0.09,0.11,0.89,0.91,0.02,0.02,74522.06,1776346991000
1776346992.333,192.333,0.09,0.1,0.89,0.91,0.01,0.02,74522.06,1776346991000
1776346992.857,192.857,0.09,0.1,0.9,0.91,0.01,0.01,74522.06,1776346991000
1776346993.27,193.27,0.09,0.1,0.9,0.91,0.01,0.01,74515.4,1776346992000
1776346993.723,193.723,0.09,0.1,0.9,0.91,0.01,0.01,74515.4,1776346992000
1776346994.191,194.191,0.09,0.1,0.9,0.91,0.01,0.01,74511.67,1776346993000
1776346994.627,194.627,0.09,0.1,0.9,0.91,0.01,0.01,74511.67,1776346993000
1776346994.973,194.973,0.09,0.1,0.9,0.91,0.01,0.01,74511.67,1776346993000
1776346995.314,195.314,0.09,0.1,0.9,0.91,0.01,0.01,74511.8,1776346994000
1776346995.758,195.758,0.09,0.1,0.9,0.91,0.01,0.01,74511.8,1776346994000
1776346996.162,196.162,0.09,0.1,0.9,0.91,0.01,0.01,74511.8,1776346994000
1776346996.794,196.794,0.09,0.1,0.9,0.91,0.01,0.01,74516.92,1776346995000
1776346997.284,197.284,0.1,0.11,0.89,0.9,0.01,0.01,74516.92,1776346995000
1776346997.966,197.966,0.1,0.11,0.89,0.9,0.01,0.01,74521.54,1776346997000
1776346998.311,198.311,0.1,0.11,0.89,0.9,0.01,0.01,74521.54,1776346997000
1776346998.691,198.691,0.1,0.11,0.89,0.9,0.01,0.01,74521.54,1776346997000
1776346999.038,199.038,0.1,0.11,0.89,0.9,0.01,0.01,74523.44,1776346998000
1776346999.373,199.373,0.1,0.11,0.89,0.9,0.01,0.01,74523.44,1776346998000
1776347000.105,200.105,0.1,0.11,0.89,0.9,0.01,0.01,74525.81,1776346999000
1776347000.582,200.582,0.1,0.11,0.89,0.9,0.01,0.01,74525.81,1776346999000
1776347000.935,200.935,0.1,0.11,0.89,0.9,0.01,0.01,74525.81,1776346999000
1776347001.306,201.306,0.1,0.11,0.89,0.9,0.01,0.01,74526.76,1776347000000
1776347001.966,201.966,0.1,0.11,0.89,0.91,0.01,0.02,74526.76,1776347000000
1776347002.332,202.332,0.1,0.11,0.89,0.9,0.01,0.01,74526.76,1776347000000
1776347002.89,202.89,0.1,0.11,0.89,0.9,0.01,0.01,74528.75,1776347001000
1776347003.326,203.326,0.1,0.11,0.89,0.9,0.01,0.01,74528.75,1776347001000
1776347003.942,203.942,0.1,0.11,0.89,0.9,0.01,0.01,74528.26,1776347002000
1776347005.229,205.229,0.1,0.12,0.88,0.9,0.02,0.02,74535.77,1776347004000
1776347005.901,205.901,0.1,0.11,0.88,0.9,0.01,0.02,74535.77,1776347004000
1776347006.504,206.504,0.12,0.13,0.87,0.88,0.01,0.01,74538.27,1776347005000
1776347006.873,206.873,0.12,0.13,0.87,0.88,0.01,0.01,74538.27,1776347005000
1776347007.217,207.217,0.11,0.12,0.88,0.89,0.01,0.01,74539.19,1776347006000
1776347007.638,207.638,0.11,0.12,0.88,0.89,0.01,0.01,74539.19,1776347006000
1776347007.997,207.997,0.1,0.13,0.87,0.88,0.03,0.01,74539.19,1776347006000
1776347008.433,208.433,0.12,0.13,0.87,0.9,0.01,0.03,74540.94,1776347007000
1776347008.906,208.906,0.11,0.12,0.88,0.89,0.01,0.01,74540.94,1776347007000
1776347009.242,209.242,0.11,0.12,0.88,0.89,0.01,0.01,74540.94,1776347007000
1776347009.592,209.592,0.11,0.12,0.88,0.89,0.01,0.01,74538.12,1776347008000
1776347010.0,210.0,0.11,0.12,0.88,0.89,0.01,0.01,74538.12,1776347008000
1776347010.357,210.357,0.11,0.12,0.88,0.89,0.01,0.01,74537.38,1776347009000
1776347011.118,211.118,0.11,0.12,0.88,0.89,0.01,0.01,74537.38,1776347009000
1776347011.591,211.591,0.11,0.12,0.88,0.89,0.01,0.01,74537.8,1776347010000
1776347012.031,212.031,0.11,0.12,0.88,0.89,0.01,0.01,74537.93,1776347011000
1776347012.48,212.48,0.11,0.12,0.88,0.89,0.01,0.01,74537.93,1776347011000
1776347012.818,212.818,0.11,0.12,0.88,0.89,0.01,0.01,74537.93,1776347011000
1776347013.27,213.27,0.11,0.12,0.88,0.89,0.01,0.01,74539.71,1776347012000
1776347013.631,213.631,0.11,0.12,0.88,0.89,0.01,0.01,74539.71,1776347012000
1776347014.573,214.573,0.11,0.12,0.88,0.89,0.01,0.01,74539.73,1776347013000
1776347014.915,214.915,0.11,0.12,0.88,0.89,0.01,0.01,74538.61,1776347014000
1776347015.269,215.269,0.1,0.12,0.88,0.9,0.02,0.02,74538.61,1776347014000
1776347015.622,215.622,0.11,0.12,0.88,0.9,0.01,0.02,74538.61,1776347014000
1776347015.974,215.974,0.11,0.13,0.87,0.89,0.02,0.02,74538.61,1776347014000
1776347016.324,216.324,0.11,0.12,0.88,0.89,0.01,0.01,74538.61,1776347014000
1776347016.66,216.66,0.11,0.12,0.88,0.89,0.01,0.01,74538.61,1776347014000
1776347017.122,217.122,0.11,0.12,0.88,0.89,0.01,0.01,74536.88,1776347015000
1776347017.565,217.565,0.11,0.12,0.88,0.89,0.01,0.01,74536.88,1776347015000
1776347018.175,218.175,0.11,0.12,0.88,0.89,0.01,0.01,74543.13,1776347016000
1776347019.315,219.315,0.11,0.12,0.88,0.89,0.01,0.01,74545.56,1776347018000
1776347019.949,219.949,0.11,0.12,0.88,0.89,0.01,0.01,74545.1,1776347019000
1776347020.406,220.406,0.11,0.12,0.88,0.89,0.01,0.01,74545.1,1776347019000
1776347020.747,220.747,0.1,0.12,0.88,0.9,0.02,0.02,74545.1,1776347019000
1776347021.393,221.393,0.1,0.11,0.89,0.9,0.01,0.01,74545.01,1776347020000
1776347021.727,221.727,0.08,0.12,0.9,0.92,0.04,0.02,74545.01,1776347020000
1776347022.389,222.389,0.08,0.09,0.9,0.91,0.01,0.01,74531.15,1776347021000
1776347022.875,222.875,0.08,0.09,0.91,0.92,0.01,0.01,74531.15,1776347021000
1776347023.213,223.213,0.08,0.1,0.9,0.92,0.02,0.02,74528.61,1776347022000
1776347023.644,223.644,0.08,0.09,0.91,0.92,0.01,0.01,74528.61,1776347022000
1776347024.022,224.022,0.08,0.09,0.91,0.92,0.01,0.01,74531.96,1776347023000
1776347024.372,224.372,0.08,0.09,0.91,0.92,0.01,0.01,74531.96,1776347023000
1776347024.878,224.878,0.08,0.09,0.91,0.92,0.01,0.01,74530.68,1776347024000
1776347025.355,225.355,0.08,0.09,0.91,0.92,0.01,0.01,74530.68,1776347024000
1776347025.823,225.823,0.08,0.09,0.91,0.92,0.01,0.01,74530.68,1776347024000
1776347026.734,226.734,0.08,0.09,0.91,0.92,0.01,0.01,74529.96,1776347025000
1776347027.584,227.584,0.08,0.09,0.91,0.92,0.01,0.01,74531.65,1776347026000
1776347027.95,227.95,0.08,0.09,0.91,0.92,0.01,0.01,74531.65,1776347026000
1776347028.496,228.496,0.08,0.09,0.91,0.92,0.01,0.01,74535.3,1776347027000
1776347028.842,228.842,0.09,0.1,0.9,0.91,0.01,0.01,74535.3,1776347027000
1776347029.349,229.349,0.08,0.09,0.91,0.92,0.01,0.01,74525.16,1776347028000
1776347029.699,229.699,0.08,0.09,0.91,0.92,0.01,0.01,74525.16,1776347028000
1776347030.053,230.053,0.07,0.08,0.92,0.93,0.01,0.01,74525.16,1776347028000
1776347030.414,230.414,0.06,0.07,0.93,0.94,0.01,0.01,74525.16,1776347028000
1776347030.765,230.765,0.06,0.07,0.93,0.94,0.01,0.01,74525.16,1776347028000
1776347031.157,231.157,0.06,0.07,0.93,0.94,0.01,0.01,74521.42,1776347029000
1776347031.639,231.639,0.06,0.07,0.93,0.94,0.01,0.01,74521.42,1776347030000
1776347032.418,232.418,0.06,0.07,0.93,0.94,0.01,0.01,74525.15,1776347031000
1776347032.785,232.785,0.06,0.08,0.92,0.94,0.02,0.02,74525.15,1776347031000
1776347033.818,233.818,0.06,0.08,0.92,0.94,0.02,0.02,74527.23,1776347032000
1776347034.298,234.298,0.07,0.08,0.93,0.94,0.01,0.01,74531.77,1776347033000
1776347034.698,234.698,0.07,0.08,0.91,0.93,0.01,0.02,74531.77,1776347033000
1776347035.166,235.166,0.08,0.09,0.91,0.92,0.01,0.01,74540.11,1776347034000
1776347035.687,235.687,0.08,0.09,0.91,0.92,0.01,0.01,74540.11,1776347034000
1776347036.025,236.025,0.07,0.08,0.92,0.93,0.01,0.01,74541.75,1776347035000
1776347036.367,236.367,0.07,0.08,0.92,0.93,0.01,0.01,74541.75,1776347035000
1776347036.816,236.816,0.07,0.08,0.92,0.93,0.01,0.01,74541.75,1776347035000
1776347037.337,237.337,0.07,0.08,0.92,0.93,0.01,0.01,74541.85,1776347036000
1776347037.88,237.88,0.07,0.08,0.92,0.93,0.01,0.01,74541.06,1776347037000
1776347038.833,238.833,0.07,0.08,0.92,0.93,0.01,0.01,74540.96,1776347038000
1776347039.802,239.802,0.07,0.08,0.92,0.93,0.01,0.01,74542.01,1776347039000
1776347041.253,241.253,0.07,0.08,0.92,0.93,0.01,0.01,74542.01,1776347039000
1776347041.682,241.682,0.07,0.08,0.92,0.93,0.01,0.01,74556.52,1776347040000
1776347042.034,242.034,0.07,0.08,0.92,0.93,0.01,0.01,74560.66,1776347041000
1776347042.72,242.72,0.07,0.08,0.92,0.93,0.01,0.01,74560.66,1776347041000
1776347043.054,243.054,0.08,0.09,0.91,0.92,0.01,0.01,74565.68,1776347042000
1776347043.41,243.41,0.08,0.1,0.9,0.92,0.02,0.02,74565.68,1776347042000
1776347043.75,243.75,0.1,0.11,0.89,0.9,0.01,0.01,74565.68,1776347042000
1776347044.101,244.101,0.11,0.12,0.88,0.89,0.01,0.01,74565.68,1776347042000
1776347044.434,244.434,0.11,0.12,0.88,0.89,0.01,0.01,74576.11,1776347043000
1776347044.876,244.876,0.11,0.12,0.88,0.89,0.01,0.01,74576.11,1776347043000
1776347045.298,245.298,0.11,0.12,0.88,0.89,0.01,0.01,74576.11,1776347043000
1776347045.694,245.694,0.11,0.13,0.87,0.89,0.02,0.02,74573.43,1776347044000
1776347046.062,246.062,0.13,0.14,0.86,0.87,0.01,0.01,74573.43,1776347044000
1776347046.409,246.409,0.13,0.14,0.86,0.87,0.01,0.01,74573.48,1776347045000
1776347046.813,246.813,0.13,0.14,0.86,0.87,0.01,0.01,74573.48,1776347045000
1776347047.298,247.298,0.13,0.14,0.86,0.87,0.01,0.01,74573.48,1776347045000
1776347047.664,247.664,0.13,0.14,0.86,0.87,0.01,0.01,74574.39,1776347046000
1776347048.133,248.133,0.13,0.14,0.86,0.87,0.01,0.01,74574.39,1776347046000
1776347048.721,248.721,0.13,0.14,0.86,0.87,0.01,0.01,74576.27,1776347047000
1776347049.204,249.204,0.13,0.14,0.86,0.87,0.01,0.01,74576.27,1776347047000
1776347049.572,249.572,0.13,0.14,0.86,0.87,0.01,0.01,74576.97,1776347048000
1776347050.199,250.199,0.13,0.14,0.86,0.87,0.01,0.01,74576.47,1776347049000
1776347050.544,250.544,0.13,0.14,0.86,0.87,0.01,0.01,74576.47,1776347049000
1776347050.935,250.935,0.13,0.14,0.86,0.87,0.01,0.01,74576.47,1776347049000
1776347051.389,251.389,0.13,0.14,0.86,0.87,0.01,0.01,74576.39,1776347050000
1776347052.079,252.079,0.13,0.14,0.86,0.87,0.01,0.01,74576.39,1776347050000
1776347052.542,252.542,0.11,0.12,0.87,0.91,0.01,0.04,74573.89,1776347051000
1776347052.884,252.884,0.1,0.11,0.89,0.91,0.01,0.02,74573.89,1776347051000
1776347053.608,253.608,0.09,0.1,0.9,0.91,0.01,0.01,74572.97,1776347052000
1776347053.984,253.984,0.08,0.1,0.9,0.91,0.02,0.01,74572.97,1776347052000
1776347054.442,254.442,0.07,0.08,0.92,0.93,0.01,0.01,74567.55,1776347053000
1776347054.983,254.983,0.07,0.08,0.92,0.93,0.01,0.01,74567.55,1776347053000
1776347055.805,255.805,0.07,0.08,0.92,0.93,0.01,0.01,74562.88,1776347054000
1776347056.155,256.155,0.08,0.09,0.91,0.93,0.01,0.02,74562.88,1776347054000
1776347056.489,256.489,0.09,0.1,0.9,0.91,0.01,0.01,74558.06,1776347055000
1776347056.838,256.838,0.11,0.12,0.88,0.89,0.01,0.01,74558.06,1776347055000
1776347057.295,257.295,0.11,0.12,0.88,0.89,0.01,0.01,74558.06,1776347055000
1776347057.933,257.933,0.11,0.12,0.88,0.89,0.01,0.01,74556.72,1776347056000
1776347058.335,258.335,0.11,0.12,0.88,0.89,0.01,0.01,74556.72,1776347056000
1776347058.672,258.672,0.11,0.12,0.88,0.89,0.01,0.01,74560.94,1776347057000
1776347059.025,259.025,0.11,0.12,0.88,0.89,0.01,0.01,74562.05,1776347058000
1776347059.912,259.912,0.1,0.11,0.88,0.89,0.01,0.01,74562.05,1776347058000
1776347060.357,260.357,0.1,0.11,0.89,0.9,0.01,0.01,74565.3,1776347059000
1776347060.851,260.851,0.09,0.1,0.9,0.91,0.01,0.01,74565.3,1776347059000
1776347061.36,261.36,0.08,0.09,0.9,0.91,0.01,0.01,74564.88,1776347060000
1776347061.724,261.724,0.08,0.09,0.91,0.92,0.01,0.01,74564.88,1776347060000
1776347062.114,262.114,0.08,0.09,0.91,0.92,0.01,0.01,74564.16,1776347061000
1776347062.47,262.47,0.06,0.07,0.93,0.94,0.01,0.01,74564.16,1776347061000
1776347062.849,262.849,0.06,0.07,0.93,0.94,0.01,0.01,74564.16,1776347061000
1776347063.787,263.787,0.06,0.07,0.93,0.94,0.01,0.01,74562.45,1776347062000
1776347064.199,264.199,0.07,0.09,0.91,0.93,0.02,0.02,74557.49,1776347063000
1776347064.647,264.647,0.07,0.08,0.92,0.93,0.01,0.01,74557.49,1776347063000
1776347065.046,265.046,0.06,0.07,0.92,0.93,0.01,0.01,74557.49,1776347063000
1776347065.446,265.446,0.06,0.07,0.93,0.94,0.01,0.01,74564.22,1776347064000
1776347065.844,265.844,0.06,0.07,0.93,0.94,0.01,0.01,74564.22,1776347064000
1776347066.209,266.209,0.06,0.07,0.93,0.94,0.01,0.01,74562.2,1776347065000
1776347067.062,267.062,0.06,0.07,0.93,0.94,0.01,0.01,74562.2,1776347065000
1776347067.672,267.672,0.06,0.07,0.93,0.94,0.01,0.01,74562.21,1776347066000
1776347068.112,268.112,0.06,0.07,0.93,0.94,0.01,0.01,74562.21,1776347066000
1776347068.479,268.479,0.06,0.07,0.93,0.94,0.01,0.01,74563.8,1776347067000
1776347069.065,269.065,0.05,0.06,0.94,0.95,0.01,0.01,74563.8,1776347067000
1776347069.525,269.525,0.05,0.06,0.94,0.95,0.01,0.01,74563.28,1776347068000
1776347070.022,270.022,0.05,0.06,0.94,0.95,0.01,0.01,74563.28,1776347068000
1776347070.362,270.362,0.05,0.06,0.92,0.95,0.01,0.03,74563.21,1776347069000
1776347070.718,270.718,0.06,0.07,0.93,0.94,0.01,0.01,74563.21,1776347069000
1776347071.08,271.08,0.06,0.07,0.93,0.94,0.01,0.01,74563.21,1776347069000
1776347071.418,271.418,0.05,0.06,0.94,0.95,0.01,0.01,74563.21,1776347069000
1776347071.847,271.847,0.05,0.07,0.94,0.95,0.02,0.01,74563.21,1776347069000
1776347072.188,272.188,0.07,0.08,0.92,0.93,0.01,0.01,74561.05,1776347070000
1776347072.535,272.535,0.08,0.09,0.91,0.92,0.01,0.01,74560.8,1776347071000
1776347072.887,272.887,0.08,0.09,0.91,0.92,0.01,0.01,74560.8,1776347071000
1776347073.235,273.235,0.08,0.09,0.91,0.92,0.01,0.01,74560.47,1776347072000
1776347073.627,273.627,0.08,0.09,0.91,0.92,0.01,0.01,74560.47,1776347072000
1776347074.074,274.074,0.06,0.08,0.92,0.94,0.02,0.02,74563.12,1776347073000
1776347074.611,274.611,0.09,0.1,0.9,0.91,0.01,0.01,74563.12,1776347073000
1776347074.966,274.966,0.09,0.1,0.9,0.91,0.01,0.01,74563.12,1776347073000
1776347075.358,275.358,0.09,0.1,0.9,0.91,0.01,0.01,74565.75,1776347074000
1776347075.875,275.875,0.06,0.07,0.9,0.94,0.01,0.04,74565.75,1776347074000
1776347076.25,276.25,0.05,0.06,0.93,0.94,0.01,0.01,74567.9,1776347075000
1776347076.624,276.624,0.05,0.06,0.94,0.95,0.01,0.01,74567.9,1776347075000
1776347076.962,276.962,0.05,0.06,0.94,0.95,0.01,0.01,74567.9,1776347075000
1776347077.447,277.447,0.05,0.06,0.94,0.95,0.01,0.01,74570.65,1776347076000
1776347077.905,277.905,0.05,0.06,0.94,0.95,0.01,0.01,74570.65,1776347076000
1776347078.269,278.269,0.05,0.06,0.94,0.95,0.01,0.01,74571.3,1776347077000
1776347078.614,278.614,0.05,0.09,0.94,0.95,0.04,0.01,74571.3,1776347077000
1776347079.101,279.101,0.08,0.09,0.91,0.92,0.01,0.01,74571.3,1776347077000
1776347079.57,279.57,0.08,0.09,0.91,0.92,0.01,0.01,74568.03,1776347078000
1776347079.941,279.941,0.05,0.06,0.94,0.95,0.01,0.01,74568.15,1776347079000
1776347080.631,280.631,0.05,0.06,0.94,0.95,0.01,0.01,74568.15,1776347079000
1776347080.966,280.966,0.05,0.06,0.94,0.95,0.01,0.01,74571.48,1776347080000
1776347081.425,281.425,0.04,0.05,0.95,0.96,0.01,0.01,74571.48,1776347080000
1776347081.812,281.812,0.04,0.05,0.95,0.96,0.01,0.01,74571.48,1776347080000
1776347082.206,282.206,0.04,0.05,0.95,0.96,0.01,0.01,74572.97,1776347081000
1776347082.862,282.862,0.04,0.05,0.95,0.96,0.01,0.01,74572.97,1776347081000
1776347083.2,283.2,0.04,0.05,0.95,0.96,0.01,0.01,74572.91,1776347082000
1776347083.627,283.627,0.04,0.05,0.95,0.96,0.01,0.01,74572.91,1776347082000
1776347084.047,284.047,0.04,0.05,0.95,0.96,0.01,0.01,74572.28,1776347083000
1776347084.438,284.438,0.04,0.05,0.95,0.96,0.01,0.01,74572.28,1776347083000
1776347084.842,284.842,0.04,0.05,0.95,0.96,0.01,0.01,74572.28,1776347083000
1776347085.178,285.178,0.04,0.05,0.95,0.96,0.01,0.01,74572.28,1776347083000
1776347085.527,285.527,0.05,0.06,0.94,0.95,0.01,0.01,74572.28,1776347083000
1776347085.873,285.873,0.11,0.12,0.88,0.9,0.01,0.02,74572.36,1776347084000
1776347086.217,286.217,0.12,0.15,0.85,0.88,0.03,0.03,74575.72,1776347085000
1776347086.591,286.591,0.12,0.13,0.87,0.88,0.01,0.01,74575.72,1776347085000
1776347087.019,287.019,0.12,0.13,0.87,0.88,0.01,0.01,74575.72,1776347085000
1776347087.414,287.414,0.11,0.12,0.88,0.89,0.01,0.01,74584.33,1776347086000
1776347087.812,287.812,0.09,0.1,0.9,0.91,0.01,0.01,74584.33,1776347086000
1776347088.148,288.148,0.08,0.09,0.91,0.92,0.01,0.01,74593.37,1776347087000
1776347088.598,288.598,0.04,0.05,0.94,0.96,0.01,0.02,74593.37,1776347087000
1776347088.977,288.977,0.05,0.06,0.94,0.95,0.01,0.01,74593.37,1776347087000
1776347089.401,289.401,0.15,0.16,0.84,0.85,0.01,0.01,74592.65,1776347088000
1776347089.773,289.773,0.08,0.13,0.86,0.92,0.05,0.06,74592.65,1776347088000
1776347090.259,290.259,0.09,0.1,0.87,0.92,0.01,0.05,74592.65,1776347088000
1776347090.629,290.629,0.08,0.1,0.9,0.91,0.02,0.01,74591.99,1776347089000
1776347091.009,291.009,0.08,0.09,0.91,0.92,0.01,0.01,74591.99,1776347089000
1776347091.486,291.486,0.08,0.09,0.91,0.92,0.01,0.01,74590.88,1776347090000
1776347091.841,291.841,0.11,0.16,0.84,0.89,0.05,0.05,74590.88,1776347090000
1776347092.327,292.327,0.11,0.13,0.84,0.89,0.02,0.05,74590.88,1776347090000
1776347092.746,292.746,0.12,0.13,0.87,0.88,0.01,0.01,74591.16,1776347091000
1776347093.125,293.125,0.09,0.1,0.9,0.91,0.01,0.01,74591.16,1776347091000
1776347093.497,293.497,0.09,0.1,0.9,0.91,0.01,0.01,74599.77,1776347092000
1776347093.857,293.857,0.13,0.14,0.87,0.89,0.01,0.02,74599.77,1776347092000
1776347094.244,294.244,0.13,0.14,0.86,0.87,0.01,0.01,74600.68,1776347093000
1776347094.631,294.631,0.17,0.18,0.82,0.83,0.01,0.01,74600.68,1776347093000
1776347094.977,294.977,0.17,0.18,0.82,0.83,0.01,0.01,74600.68,1776347093000
1776347095.327,295.327,0.18,0.19,0.81,0.82,0.01,0.01,74602.03,1776347094000
1776347095.663,295.663,0.21,0.22,0.75,0.79,0.01,0.04,74602.03,1776347094000
1776347096.001,296.001,0.21,0.22,0.78,0.79,0.01,0.01,74602.03,1776347094000
1776347096.345,296.345,0.21,0.22,0.78,0.86,0.01,0.08,74607.2,1776347095000
1776347096.678,296.678,0.12,0.14,0.85,0.88,0.02,0.03,74607.2,1776347095000
1776347097.026,297.026,0.08,0.1,0.9,0.94,0.02,0.04,74607.2,1776347095000
1776347097.381,297.381,0.03,0.05,0.94,0.97,0.02,0.03,74614.0,1776347096000
1776347097.877,297.877,0.03,0.05,0.96,0.97,0.02,0.01,74614.0,1776347096000
1776347098.269,298.269,0.05,0.06,0.94,0.95,0.01,0.01,74614.0,1776347096000
1776347098.673,298.673,0.02,0.05,0.95,0.98,0.03,0.03,74611.91,1776347097000
1776347099.006,299.006,0.02,0.03,0.97,0.98,0.01,0.01,74611.91,1776347097000
1776347099.351,299.351,0.01,0.03,0.97,0.98,0.02,0.01,74611.51,1776347098000
1776347099.688,299.688,0.01,0.03,0.98,0.99,0.02,0.01,74611.51,1776347098000
1776347100.061,300.061,0.01,0.01,0.99,0.99,0.0,0.0,74611.51,1776347098000
1776347100.408,300.408,0.01,0.01,0.99,0.99,0.0,0.0,74611.51,1776347098000
1776347100.985,300.985,0.01,0.01,0.99,0.99,0.0,0.0,74611.97,1776347100000

# RESULT,winner=Down,slug=btc-updown-5m-1776346800,ticks=722
