timestamp,elapsed_sec,up_bid,up_ask,down_bid,down_ask,up_spread,down_spread,btc_price,btc_oracle_ts
1776629400.513,0.513,0.51,0.52,0.48,0.49,0.01,0.01,74833.38,1776629399000
1776629400.972,0.972,0.42,0.43,0.56,0.58,0.01,0.02,74833.38,1776629399000
1776629401.464,1.464,0.43,0.46,0.51,0.52,0.03,0.01,74833.38,1776629399000
1776629401.85,1.85,0.43,0.44,0.55,0.56,0.01,0.01,74833.27,1776629400000
1776629402.317,2.317,0.43,0.44,0.56,0.57,0.01,0.01,74833.27,1776629400000
1776629402.72,2.72,0.42,0.43,0.56,0.58,0.01,0.02,74828.18,1776629401000
1776629403.08,3.08,0.42,0.43,0.57,0.58,0.01,0.01,74828.18,1776629401000
1776629403.424,3.424,0.42,0.43,0.57,0.58,0.01,0.01,74828.18,1776629401000
1776629403.844,3.844,0.41,0.42,0.58,0.59,0.01,0.01,74824.79,1776629402000
1776629404.298,4.298,0.41,0.42,0.58,0.59,0.01,0.01,74824.79,1776629402000
1776629404.681,4.681,0.41,0.42,0.58,0.59,0.01,0.01,74822.79,1776629403000
1776629405.019,5.019,0.42,0.43,0.57,0.58,0.01,0.01,74822.79,1776629403000
1776629405.383,5.383,0.42,0.43,0.57,0.58,0.01,0.01,74822.79,1776629403000
1776629405.838,5.838,0.42,0.43,0.57,0.58,0.01,0.01,74822.79,1776629403000
1776629406.265,6.265,0.42,0.43,0.57,0.58,0.01,0.01,74823.37,1776629405000
1776629406.738,6.738,0.42,0.43,0.57,0.58,0.01,0.01,74823.37,1776629405000
1776629407.081,7.081,0.42,0.43,0.57,0.58,0.01,0.01,74823.37,1776629405000
1776629407.496,7.496,0.42,0.43,0.57,0.58,0.01,0.01,74823.85,1776629406000
1776629407.843,7.843,0.42,0.43,0.57,0.58,0.01,0.01,74823.85,1776629406000
1776629408.276,8.276,0.42,0.43,0.57,0.58,0.01,0.01,74822.88,1776629407000
1776629408.632,8.632,0.42,0.43,0.57,0.58,0.01,0.01,74822.88,1776629407000
1776629408.972,8.972,0.42,0.43,0.57,0.58,0.01,0.01,74822.88,1776629407000
1776629409.311,9.311,0.42,0.43,0.57,0.58,0.01,0.01,74822.88,1776629407000
1776629409.663,9.663,0.42,0.43,0.57,0.58,0.01,0.01,74823.33,1776629408000
1776629410.085,10.085,0.42,0.43,0.57,0.58,0.01,0.01,74823.33,1776629408000
1776629410.446,10.446,0.42,0.43,0.57,0.58,0.01,0.01,74823.78,1776629409000
1776629410.813,10.813,0.42,0.43,0.57,0.58,0.01,0.01,74823.78,1776629409000
1776629411.176,11.176,0.42,0.43,0.57,0.58,0.01,0.01,74821.78,1776629410000
1776629411.594,11.594,0.42,0.43,0.57,0.58,0.01,0.01,74821.78,1776629410000
1776629412.021,12.021,0.42,0.43,0.57,0.58,0.01,0.01,74821.78,1776629410000
1776629412.368,12.368,0.42,0.43,0.57,0.58,0.01,0.01,74819.06,1776629411000
1776629412.716,12.716,0.42,0.43,0.57,0.58,0.01,0.01,74819.06,1776629411000
1776629413.195,13.195,0.42,0.43,0.57,0.58,0.01,0.01,74817.96,1776629412000
1776629413.572,13.572,0.4,0.42,0.58,0.59,0.02,0.01,74817.96,1776629412000
1776629413.915,13.915,0.4,0.41,0.59,0.6,0.01,0.01,74817.96,1776629412000
1776629414.385,14.385,0.4,0.41,0.59,0.6,0.01,0.01,74818.08,1776629413000
1776629414.827,14.827,0.4,0.41,0.59,0.6,0.01,0.01,74818.08,1776629413000
1776629415.208,15.208,0.4,0.41,0.59,0.6,0.01,0.01,74818.0,1776629414000
1776629415.689,15.689,0.4,0.41,0.59,0.6,0.01,0.01,74818.0,1776629414000
1776629416.26,16.26,0.4,0.41,0.59,0.6,0.01,0.01,74816.52,1776629415000
1776629416.863,16.863,0.4,0.41,0.59,0.6,0.01,0.01,74816.52,1776629415000
1776629417.296,17.296,0.4,0.41,0.59,0.6,0.01,0.01,74816.52,1776629415000
1776629417.638,17.638,0.4,0.41,0.59,0.6,0.01,0.01,74816.52,1776629416000
1776629418.127,18.127,0.4,0.41,0.59,0.6,0.01,0.01,74816.52,1776629416000
1776629418.74,18.74,0.4,0.41,0.59,0.6,0.01,0.01,74816.29,1776629417000
1776629419.092,19.092,0.4,0.41,0.59,0.6,0.01,0.01,74816.29,1776629417000
1776629419.49,19.49,0.4,0.41,0.59,0.6,0.01,0.01,74816.3,1776629418000
1776629419.952,19.952,0.4,0.41,0.59,0.6,0.01,0.01,74816.3,1776629418000
1776629420.413,20.413,0.4,0.41,0.59,0.6,0.01,0.01,74816.3,1776629418000
1776629420.828,20.828,0.4,0.41,0.59,0.6,0.01,0.01,74816.3,1776629418000
1776629421.414,21.414,0.4,0.41,0.59,0.6,0.01,0.01,74816.32,1776629419000
1776629422.017,22.017,0.4,0.41,0.59,0.6,0.01,0.01,74816.32,1776629420000
1776629422.408,22.408,0.41,0.42,0.58,0.6,0.01,0.02,74816.04,1776629421000
1776629422.839,22.839,0.41,0.42,0.58,0.59,0.01,0.01,74816.04,1776629421000
1776629423.286,23.286,0.41,0.42,0.58,0.59,0.01,0.01,74815.86,1776629422000
1776629423.692,23.692,0.41,0.42,0.58,0.59,0.01,0.01,74815.86,1776629422000
1776629424.123,24.123,0.41,0.42,0.58,0.59,0.01,0.01,74815.86,1776629422000
1776629424.479,24.479,0.41,0.42,0.58,0.59,0.01,0.01,74816.37,1776629423000
1776629424.951,24.951,0.41,0.42,0.58,0.59,0.01,0.01,74816.37,1776629423000
1776629425.657,25.657,0.41,0.42,0.58,0.59,0.01,0.01,74818.47,1776629424000
1776629426.047,26.047,0.41,0.42,0.58,0.59,0.01,0.01,74817.0,1776629425000
1776629426.382,26.382,0.41,0.42,0.58,0.59,0.01,0.01,74817.0,1776629425000
1776629426.76,26.76,0.41,0.42,0.58,0.59,0.01,0.01,74817.0,1776629425000
1776629427.118,27.118,0.41,0.42,0.58,0.59,0.01,0.01,74817.06,1776629426000
1776629427.458,27.458,0.43,0.45,0.55,0.57,0.02,0.02,74817.06,1776629426000
1776629427.84,27.84,0.45,0.48,0.54,0.55,0.03,0.01,74817.06,1776629426000
1776629428.173,28.173,0.47,0.48,0.52,0.53,0.01,0.01,74817.06,1776629426000
1776629428.513,28.513,0.47,0.48,0.52,0.53,0.01,0.01,74817.08,1776629427000
1776629428.931,28.931,0.49,0.5,0.5,0.52,0.01,0.02,74817.08,1776629427000
1776629429.29,29.29,0.5,0.51,0.49,0.5,0.01,0.01,74818.52,1776629428000
1776629429.642,29.642,0.5,0.52,0.48,0.5,0.02,0.02,74818.52,1776629428000
1776629430.003,30.003,0.52,0.53,0.47,0.49,0.01,0.02,74818.52,1776629428000
1776629430.353,30.353,0.53,0.54,0.46,0.47,0.01,0.01,74828.37,1776629429000
1776629430.71,30.71,0.53,0.54,0.46,0.47,0.01,0.01,74828.37,1776629429000
1776629431.192,31.192,0.53,0.54,0.46,0.47,0.01,0.01,74829.76,1776629430000
1776629431.588,31.588,0.53,0.54,0.46,0.47,0.01,0.01,74829.76,1776629430000
1776629432.12,32.12,0.53,0.54,0.46,0.47,0.01,0.01,74829.76,1776629430000
1776629432.476,32.476,0.54,0.55,0.45,0.46,0.01,0.01,74835.06,1776629431000
1776629432.889,32.889,0.55,0.56,0.44,0.46,0.01,0.02,74835.06,1776629431000
1776629433.243,33.243,0.55,0.56,0.44,0.45,0.01,0.01,74835.06,1776629431000
1776629433.615,33.615,0.55,0.56,0.44,0.45,0.01,0.01,74837.59,1776629432000
1776629434.129,34.129,0.55,0.56,0.44,0.45,0.01,0.01,74837.59,1776629432000
1776629434.496,34.496,0.56,0.57,0.42,0.44,0.01,0.02,74838.48,1776629433000
1776629434.829,34.829,0.57,0.58,0.42,0.43,0.01,0.01,74838.48,1776629433000
1776629435.232,35.232,0.58,0.59,0.41,0.42,0.01,0.01,74838.48,1776629433000
1776629435.609,35.609,0.58,0.59,0.41,0.42,0.01,0.01,74838.48,1776629433000
1776629436.019,36.019,0.58,0.59,0.41,0.42,0.01,0.01,74838.56,1776629434000
1776629436.355,36.355,0.58,0.59,0.41,0.42,0.01,0.01,74838.66,1776629435000
1776629436.695,36.695,0.59,0.6,0.4,0.41,0.01,0.01,74838.66,1776629435000
1776629437.036,37.036,0.59,0.6,0.4,0.41,0.01,0.01,74842.22,1776629436000
1776629437.377,37.377,0.59,0.6,0.4,0.41,0.01,0.01,74842.22,1776629436000
1776629437.761,37.761,0.59,0.6,0.4,0.41,0.01,0.01,74842.22,1776629436000
1776629438.167,38.167,0.59,0.6,0.4,0.41,0.01,0.01,74842.22,1776629436000
1776629438.579,38.579,0.59,0.6,0.4,0.41,0.01,0.01,74842.22,1776629437000
1776629438.95,38.95,0.59,0.6,0.4,0.41,0.01,0.01,74842.22,1776629437000
1776629439.563,39.563,0.59,0.6,0.4,0.41,0.01,0.01,74846.34,1776629438000
1776629439.912,39.912,0.59,0.6,0.4,0.41,0.01,0.01,74846.34,1776629438000
1776629440.341,40.341,0.59,0.6,0.4,0.41,0.01,0.01,74846.45,1776629439000
1776629440.829,40.829,0.59,0.6,0.4,0.41,0.01,0.01,74846.45,1776629439000
1776629441.394,41.394,0.59,0.6,0.4,0.41,0.01,0.01,74846.45,1776629439000
1776629441.732,41.732,0.48,0.49,0.51,0.52,0.01,0.01,74846.86,1776629440000
1776629442.077,42.077,0.47,0.48,0.51,0.53,0.01,0.02,74846.86,1776629440000
1776629442.439,42.439,0.47,0.48,0.52,0.53,0.01,0.01,74846.77,1776629441000
1776629442.81,42.81,0.47,0.48,0.52,0.53,0.01,0.01,74846.77,1776629441000
1776629443.176,43.176,0.47,0.48,0.52,0.53,0.01,0.01,74846.77,1776629441000
1776629443.719,43.719,0.47,0.48,0.52,0.53,0.01,0.01,74837.65,1776629442000
1776629444.333,44.333,0.47,0.48,0.52,0.53,0.01,0.01,74837.65,1776629442000
1776629444.682,44.682,0.47,0.48,0.52,0.53,0.01,0.01,74831.04,1776629443000
1776629445.029,45.029,0.47,0.48,0.52,0.53,0.01,0.01,74831.04,1776629443000
1776629445.49,45.49,0.47,0.48,0.52,0.53,0.01,0.01,74830.02,1776629444000
1776629446.132,46.132,0.47,0.48,0.52,0.53,0.01,0.01,74830.02,1776629444000
1776629446.849,46.849,0.47,0.48,0.52,0.53,0.01,0.01,74829.55,1776629445000
1776629447.304,47.304,0.47,0.48,0.52,0.53,0.01,0.01,74829.31,1776629446000
1776629447.68,47.68,0.51,0.52,0.48,0.49,0.01,0.01,74829.31,1776629446000
1776629448.016,48.016,0.51,0.52,0.48,0.49,0.01,0.01,74829.31,1776629446000
1776629448.389,48.389,0.51,0.52,0.48,0.49,0.01,0.01,74829.31,1776629447000
1776629449.267,49.267,0.51,0.52,0.48,0.49,0.01,0.01,74829.31,1776629447000
1776629449.722,49.722,0.51,0.52,0.48,0.49,0.01,0.01,74833.45,1776629448000
1776629450.112,50.112,0.51,0.52,0.48,0.49,0.01,0.01,74833.45,1776629448000
1776629450.702,50.702,0.48,0.49,0.48,0.51,0.01,0.03,74833.45,1776629449000
1776629451.053,51.053,0.47,0.48,0.52,0.53,0.01,0.01,74833.45,1776629449000
1776629451.756,51.756,0.45,0.46,0.54,0.55,0.01,0.01,74833.79,1776629450000
1776629452.361,52.361,0.44,0.45,0.54,0.55,0.01,0.01,74833.79,1776629450000
1776629452.75,52.75,0.44,0.45,0.55,0.56,0.01,0.01,74828.29,1776629451000
1776629453.251,53.251,0.44,0.45,0.55,0.56,0.01,0.01,74827.5,1776629452000
1776629453.68,53.68,0.44,0.45,0.55,0.56,0.01,0.01,74827.5,1776629452000
1776629454.374,54.374,0.44,0.45,0.55,0.56,0.01,0.01,74827.5,1776629452000
1776629454.78,54.78,0.44,0.45,0.55,0.56,0.01,0.01,74824.49,1776629453000
1776629455.116,55.116,0.44,0.45,0.55,0.56,0.01,0.01,74823.29,1776629454000
1776629455.567,55.567,0.44,0.45,0.55,0.56,0.01,0.01,74823.29,1776629454000
1776629456.207,56.207,0.44,0.45,0.55,0.56,0.01,0.01,74823.29,1776629454000
1776629456.56,56.56,0.44,0.45,0.55,0.56,0.01,0.01,74822.7,1776629455000
1776629457.043,57.043,0.44,0.45,0.55,0.56,0.01,0.01,74822.7,1776629455000
1776629457.411,57.411,0.44,0.45,0.55,0.56,0.01,0.01,74822.59,1776629456000
1776629458.04,58.04,0.44,0.45,0.55,0.56,0.01,0.01,74822.59,1776629457000
1776629458.819,58.819,0.44,0.45,0.55,0.56,0.01,0.01,74822.59,1776629457000
1776629459.237,59.237,0.44,0.45,0.55,0.56,0.01,0.01,74822.59,1776629457000
1776629459.584,59.584,0.44,0.45,0.55,0.56,0.01,0.01,74824.67,1776629458000
1776629459.924,59.924,0.44,0.45,0.55,0.56,0.01,0.01,74824.67,1776629458000
1776629460.333,60.333,0.44,0.45,0.55,0.56,0.01,0.01,74824.67,1776629458000
1776629460.742,60.742,0.44,0.45,0.55,0.56,0.01,0.01,74823.41,1776629459000
1776629461.122,61.122,0.44,0.45,0.55,0.56,0.01,0.01,74823.31,1776629460000
1776629461.465,61.465,0.48,0.49,0.51,0.54,0.01,0.03,74823.31,1776629460000
1776629461.822,61.822,0.5,0.51,0.49,0.5,0.01,0.01,74823.31,1776629460000
1776629462.183,62.183,0.5,0.51,0.49,0.5,0.01,0.01,74823.4,1776629461000
1776629462.559,62.559,0.5,0.51,0.49,0.5,0.01,0.01,74823.4,1776629461000
1776629462.899,62.899,0.5,0.51,0.49,0.5,0.01,0.01,74823.4,1776629461000
1776629463.291,63.291,0.5,0.51,0.49,0.5,0.01,0.01,74826.9,1776629462000
1776629463.714,63.714,0.5,0.51,0.49,0.5,0.01,0.01,74826.9,1776629462000
1776629464.4,64.4,0.5,0.51,0.49,0.5,0.01,0.01,74826.9,1776629462000
1776629464.79,64.79,0.5,0.51,0.49,0.5,0.01,0.01,74829.56,1776629463000
1776629465.203,65.203,0.5,0.51,0.49,0.5,0.01,0.01,74831.46,1776629464000
1776629465.551,65.551,0.5,0.51,0.49,0.5,0.01,0.01,74831.46,1776629464000
1776629466.037,66.037,0.5,0.51,0.49,0.5,0.01,0.01,74831.46,1776629464000
1776629466.439,66.439,0.51,0.52,0.48,0.5,0.01,0.02,74831.46,1776629464000
1776629466.842,66.842,0.51,0.52,0.48,0.49,0.01,0.01,74831.5,1776629465000
1776629467.45,67.45,0.51,0.52,0.48,0.49,0.01,0.01,74831.5,1776629466000
1776629467.886,67.886,0.51,0.52,0.48,0.49,0.01,0.01,74831.5,1776629466000
1776629468.595,68.595,0.51,0.52,0.48,0.49,0.01,0.01,74834.15,1776629467000
1776629469.007,69.007,0.51,0.52,0.48,0.49,0.01,0.01,74834.15,1776629467000
1776629469.851,69.851,0.51,0.52,0.48,0.49,0.01,0.01,74833.72,1776629468000
1776629470.346,70.346,0.51,0.52,0.48,0.49,0.01,0.01,74833.79,1776629469000
1776629470.706,70.706,0.51,0.53,0.48,0.49,0.02,0.01,74833.79,1776629469000
1776629471.165,71.165,0.52,0.53,0.47,0.48,0.01,0.01,74833.79,1776629469000
1776629471.499,71.499,0.52,0.53,0.47,0.48,0.01,0.01,74833.91,1776629470000
1776629472.061,72.061,0.52,0.53,0.47,0.48,0.01,0.01,74834.18,1776629471000
1776629472.428,72.428,0.52,0.53,0.47,0.48,0.01,0.01,74834.18,1776629471000
1776629472.806,72.806,0.52,0.53,0.47,0.48,0.01,0.01,74834.18,1776629471000
1776629473.173,73.173,0.52,0.53,0.47,0.48,0.01,0.01,74829.33,1776629472000
1776629473.973,73.973,0.52,0.53,0.47,0.48,0.01,0.01,74829.33,1776629472000
1776629474.323,74.323,0.52,0.53,0.47,0.48,0.01,0.01,74829.33,1776629472000
1776629474.659,74.659,0.52,0.53,0.47,0.48,0.01,0.01,74830.49,1776629473000
1776629475.422,75.422,0.52,0.53,0.47,0.48,0.01,0.01,74832.82,1776629474000
1776629476.006,76.006,0.52,0.53,0.47,0.48,0.01,0.01,74832.82,1776629474000
1776629476.363,76.363,0.52,0.53,0.47,0.48,0.01,0.01,74832.82,1776629475000
1776629476.736,76.736,0.52,0.53,0.47,0.48,0.01,0.01,74832.82,1776629475000
1776629477.084,77.084,0.52,0.53,0.47,0.48,0.01,0.01,74832.82,1776629475000
1776629477.453,77.453,0.52,0.53,0.47,0.48,0.01,0.01,74832.82,1776629476000
1776629477.852,77.852,0.51,0.52,0.48,0.49,0.01,0.01,74832.82,1776629476000
1776629478.202,78.202,0.51,0.52,0.48,0.49,0.01,0.01,74832.82,1776629476000
1776629478.723,78.723,0.51,0.52,0.48,0.49,0.01,0.01,74831.13,1776629477000
1776629479.078,79.078,0.51,0.52,0.48,0.49,0.01,0.01,74831.13,1776629477000
1776629479.67,79.67,0.51,0.52,0.48,0.49,0.01,0.01,74832.47,1776629478000
1776629480.011,80.011,0.51,0.52,0.48,0.49,0.01,0.01,74832.47,1776629478000
1776629480.403,80.403,0.51,0.52,0.48,0.49,0.01,0.01,74832.47,1776629479000
1776629480.84,80.84,0.51,0.52,0.48,0.49,0.01,0.01,74832.47,1776629479000
1776629481.307,81.307,0.51,0.52,0.48,0.49,0.01,0.01,74832.47,1776629479000
1776629481.705,81.705,0.51,0.52,0.48,0.49,0.01,0.01,74828.57,1776629480000
1776629482.704,82.704,0.51,0.52,0.48,0.49,0.01,0.01,74828.57,1776629481000
1776629483.746,83.746,0.51,0.52,0.48,0.49,0.01,0.01,74830.23,1776629482000
1776629484.21,84.21,0.51,0.52,0.48,0.49,0.01,0.01,74828.56,1776629483000
1776629484.641,84.641,0.51,0.52,0.48,0.49,0.01,0.01,74828.56,1776629483000
1776629484.977,84.977,0.51,0.52,0.48,0.49,0.01,0.01,74828.56,1776629483000
1776629485.478,85.478,0.51,0.52,0.48,0.49,0.01,0.01,74828.43,1776629484000
1776629486.09,86.09,0.51,0.52,0.48,0.49,0.01,0.01,74830.99,1776629485000
1776629486.432,86.432,0.51,0.52,0.48,0.49,0.01,0.01,74830.99,1776629485000
1776629486.832,86.832,0.51,0.52,0.48,0.49,0.01,0.01,74830.99,1776629485000
1776629487.539,87.539,0.51,0.52,0.48,0.49,0.01,0.01,74830.99,1776629486000
1776629487.972,87.972,0.51,0.52,0.48,0.49,0.01,0.01,74833.69,1776629487000
1776629488.614,88.614,0.51,0.52,0.48,0.49,0.01,0.01,74833.69,1776629487000
1776629488.989,88.989,0.51,0.52,0.48,0.49,0.01,0.01,74831.31,1776629488000
1776629489.512,89.512,0.51,0.52,0.48,0.49,0.01,0.01,74831.31,1776629488000
1776629490.028,90.028,0.51,0.52,0.48,0.49,0.01,0.01,74831.31,1776629488000
1776629490.556,90.556,0.51,0.52,0.48,0.49,0.01,0.01,74829.88,1776629489000
1776629490.982,90.982,0.51,0.52,0.48,0.49,0.01,0.01,74829.88,1776629490000
1776629491.441,91.441,0.51,0.52,0.48,0.49,0.01,0.01,74829.88,1776629490000
1776629492.049,92.049,0.51,0.52,0.48,0.49,0.01,0.01,74834.17,1776629491000
1776629492.528,92.528,0.51,0.52,0.48,0.49,0.01,0.01,74834.17,1776629491000
1776629492.869,92.869,0.51,0.52,0.48,0.49,0.01,0.01,74834.17,1776629491000
1776629493.205,93.205,0.52,0.53,0.47,0.48,0.01,0.01,74834.17,1776629492000
1776629494.073,94.073,0.51,0.53,0.47,0.48,0.02,0.01,74834.17,1776629492000
1776629494.837,94.837,0.51,0.52,0.47,0.49,0.01,0.02,74829.88,1776629493000
1776629495.218,95.218,0.5,0.51,0.49,0.5,0.01,0.01,74829.59,1776629494000
1776629495.592,95.592,0.5,0.51,0.49,0.5,0.01,0.01,74829.59,1776629494000
1776629495.99,95.99,0.5,0.51,0.49,0.5,0.01,0.01,74829.58,1776629495000
1776629496.344,96.344,0.5,0.51,0.49,0.5,0.01,0.01,74829.58,1776629495000
1776629497.107,97.107,0.5,0.51,0.49,0.5,0.01,0.01,74831.64,1776629496000
1776629497.489,97.489,0.5,0.51,0.49,0.5,0.01,0.01,74831.64,1776629496000
1776629497.864,97.864,0.5,0.51,0.49,0.5,0.01,0.01,74831.64,1776629496000
1776629498.516,98.516,0.5,0.51,0.49,0.5,0.01,0.01,74831.73,1776629497000
1776629498.964,98.964,0.5,0.51,0.49,0.5,0.01,0.01,74831.73,1776629497000
1776629499.305,99.305,0.5,0.51,0.49,0.5,0.01,0.01,74831.58,1776629498000
1776629499.668,99.668,0.51,0.52,0.48,0.49,0.01,0.01,74831.58,1776629498000
1776629500.054,100.054,0.51,0.52,0.48,0.49,0.01,0.01,74831.58,1776629498000
1776629500.548,100.548,0.51,0.52,0.48,0.49,0.01,0.01,74831.65,1776629499000
1776629501.425,101.425,0.51,0.52,0.48,0.49,0.01,0.01,74831.65,1776629500000
1776629501.888,101.888,0.51,0.52,0.48,0.49,0.01,0.01,74831.82,1776629501000
1776629502.887,102.887,0.51,0.52,0.48,0.49,0.01,0.01,74831.82,1776629501000
1776629503.284,103.284,0.52,0.53,0.47,0.49,0.01,0.02,74832.72,1776629502000
1776629503.972,103.972,0.52,0.53,0.47,0.48,0.01,0.01,74832.9,1776629503000
1776629504.58,104.58,0.52,0.53,0.47,0.48,0.01,0.01,74832.9,1776629503000
1776629504.97,104.97,0.52,0.53,0.47,0.48,0.01,0.01,74830.76,1776629504000
1776629505.312,105.312,0.52,0.53,0.47,0.48,0.01,0.01,74830.76,1776629504000
1776629505.889,105.889,0.52,0.53,0.47,0.48,0.01,0.01,74830.76,1776629504000
1776629506.602,106.602,0.52,0.53,0.47,0.48,0.01,0.01,74832.74,1776629505000
1776629506.953,106.953,0.52,0.53,0.47,0.48,0.01,0.01,74832.66,1776629506000
1776629507.481,107.481,0.52,0.53,0.47,0.48,0.01,0.01,74832.66,1776629506000
1776629508.141,108.141,0.52,0.53,0.47,0.48,0.01,0.01,74832.66,1776629506000
1776629508.521,108.521,0.52,0.53,0.47,0.48,0.01,0.01,74832.95,1776629507000
1776629509.127,109.127,0.52,0.53,0.47,0.48,0.01,0.01,74830.35,1776629508000
1776629509.843,109.843,0.52,0.54,0.47,0.48,0.02,0.01,74830.35,1776629508000
1776629510.318,110.318,0.59,0.62,0.39,0.41,0.03,0.02,74830.35,1776629508000
1776629510.666,110.666,0.61,0.64,0.36,0.4,0.03,0.04,74830.33,1776629509000
1776629511.045,111.045,0.63,0.64,0.35,0.38,0.01,0.03,74830.33,1776629509000
1776629511.418,111.418,0.64,0.65,0.35,0.36,0.01,0.01,74834.39,1776629510000
1776629511.763,111.763,0.66,0.7,0.33,0.36,0.04,0.03,74834.39,1776629510000
1776629512.206,112.206,0.69,0.7,0.3,0.33,0.01,0.03,74834.39,1776629510000
1776629512.554,112.554,0.71,0.72,0.28,0.31,0.01,0.03,74844.99,1776629511000
1776629512.915,112.915,0.71,0.72,0.28,0.29,0.01,0.01,74844.99,1776629511000
1776629513.284,113.284,0.71,0.73,0.28,0.29,0.02,0.01,74844.99,1776629511000
1776629513.734,113.734,0.71,0.72,0.27,0.29,0.01,0.02,74848.86,1776629512000
1776629514.085,114.085,0.72,0.74,0.27,0.28,0.02,0.01,74848.86,1776629512000
1776629514.473,114.473,0.73,0.74,0.26,0.27,0.01,0.01,74852.86,1776629513000
1776629514.831,114.831,0.73,0.74,0.26,0.27,0.01,0.01,74852.86,1776629513000
1776629515.209,115.209,0.73,0.74,0.26,0.27,0.01,0.01,74852.86,1776629513000
1776629515.625,115.625,0.73,0.74,0.26,0.27,0.01,0.01,74854.28,1776629514000
1776629516.056,116.056,0.73,0.74,0.26,0.27,0.01,0.01,74857.65,1776629515000
1776629516.517,116.517,0.73,0.74,0.26,0.27,0.01,0.01,74857.65,1776629515000
1776629516.886,116.886,0.73,0.74,0.26,0.27,0.01,0.01,74857.65,1776629515000
1776629517.276,117.276,0.74,0.75,0.25,0.26,0.01,0.01,74859.82,1776629516000
1776629517.639,117.639,0.74,0.75,0.25,0.26,0.01,0.01,74859.82,1776629516000
1776629518.235,118.235,0.74,0.75,0.25,0.26,0.01,0.01,74859.82,1776629516000
1776629518.593,118.593,0.74,0.75,0.25,0.26,0.01,0.01,74860.09,1776629517000
1776629519.004,119.004,0.74,0.75,0.25,0.26,0.01,0.01,74860.09,1776629517000
1776629519.352,119.352,0.75,0.76,0.25,0.26,0.01,0.01,74860.09,1776629517000
1776629519.701,119.701,0.75,0.76,0.24,0.25,0.01,0.01,74861.44,1776629518000
1776629520.042,120.042,0.76,0.77,0.23,0.25,0.01,0.02,74861.44,1776629518000
1776629520.394,120.394,0.76,0.77,0.23,0.24,0.01,0.01,74861.46,1776629519000
1776629520.757,120.757,0.76,0.77,0.23,0.24,0.01,0.01,74861.46,1776629519000
1776629521.142,121.142,0.76,0.77,0.23,0.24,0.01,0.01,74861.46,1776629519000
1776629521.644,121.644,0.76,0.77,0.23,0.24,0.01,0.01,74861.52,1776629520000
1776629522.007,122.007,0.76,0.77,0.23,0.24,0.01,0.01,74861.52,1776629520000
1776629522.429,122.429,0.76,0.77,0.23,0.24,0.01,0.01,74862.0,1776629521000
1776629522.954,122.954,0.78,0.79,0.21,0.22,0.01,0.01,74862.0,1776629521000
1776629523.3,123.3,0.78,0.79,0.21,0.22,0.01,0.01,74862.0,1776629521000
1776629523.815,123.815,0.78,0.79,0.21,0.22,0.01,0.01,74861.79,1776629522000
1776629524.163,124.163,0.78,0.79,0.21,0.22,0.01,0.01,74861.79,1776629522000
1776629524.543,124.543,0.78,0.79,0.21,0.22,0.01,0.01,74861.79,1776629522000
1776629524.981,124.981,0.78,0.79,0.21,0.22,0.01,0.01,74862.21,1776629523000
1776629525.372,125.372,0.78,0.79,0.21,0.22,0.01,0.01,74867.0,1776629524000
1776629525.794,125.794,0.78,0.79,0.21,0.22,0.01,0.01,74867.0,1776629524000
1776629526.139,126.139,0.78,0.79,0.21,0.22,0.01,0.01,74867.0,1776629524000
1776629526.7,126.7,0.78,0.8,0.2,0.22,0.02,0.02,74867.09,1776629525000
1776629527.154,127.154,0.79,0.8,0.2,0.21,0.01,0.01,74867.09,1776629525000
1776629527.556,127.556,0.79,0.8,0.2,0.21,0.01,0.01,74867.24,1776629526000
1776629528.196,128.196,0.79,0.8,0.2,0.21,0.01,0.01,74867.24,1776629526000
1776629528.567,128.567,0.75,0.76,0.24,0.25,0.01,0.01,74866.17,1776629527000
1776629528.996,128.996,0.75,0.76,0.24,0.25,0.01,0.01,74866.17,1776629527000
1776629529.35,129.35,0.75,0.76,0.24,0.25,0.01,0.01,74866.17,1776629527000
1776629529.756,129.756,0.75,0.76,0.24,0.25,0.01,0.01,74867.5,1776629528000
1776629530.149,130.149,0.74,0.76,0.24,0.25,0.02,0.01,74867.5,1776629528000
1776629530.546,130.546,0.74,0.76,0.24,0.26,0.02,0.02,74864.37,1776629529000
1776629531.068,131.068,0.74,0.75,0.25,0.26,0.01,0.01,74864.37,1776629529000
1776629531.468,131.468,0.74,0.75,0.25,0.26,0.01,0.01,74861.87,1776629530000
1776629531.86,131.86,0.74,0.75,0.25,0.26,0.01,0.01,74861.87,1776629530000
1776629532.26,132.26,0.74,0.75,0.25,0.26,0.01,0.01,74861.87,1776629530000
1776629532.734,132.734,0.74,0.75,0.25,0.26,0.01,0.01,74861.66,1776629531000
1776629533.098,133.098,0.74,0.75,0.25,0.26,0.01,0.01,74861.66,1776629531000
1776629533.455,133.455,0.74,0.75,0.25,0.26,0.01,0.01,74861.66,1776629531000
1776629534.187,134.187,0.74,0.75,0.25,0.26,0.01,0.01,74862,1776629533000
1776629534.602,134.602,0.74,0.75,0.25,0.26,0.01,0.01,74862,1776629533000
1776629535.061,135.061,0.74,0.75,0.25,0.26,0.01,0.01,74862,1776629533000
1776629535.504,135.504,0.74,0.75,0.25,0.26,0.01,0.01,74862,1776629533000
1776629536.06,136.06,0.74,0.75,0.25,0.26,0.01,0.01,74861.81,1776629534000
1776629536.394,136.394,0.74,0.75,0.25,0.26,0.01,0.01,74861.81,1776629535000
1776629536.738,136.738,0.74,0.75,0.25,0.26,0.01,0.01,74861.81,1776629535000
1776629537.2,137.2,0.74,0.75,0.25,0.26,0.01,0.01,74861.81,1776629535000
1776629537.58,137.58,0.74,0.75,0.25,0.26,0.01,0.01,74861.81,1776629535000
1776629538.385,138.385,0.74,0.75,0.25,0.26,0.01,0.01,74861.98,1776629537000
1776629538.798,138.798,0.74,0.75,0.25,0.26,0.01,0.01,74861.98,1776629537000
1776629539.314,139.314,0.74,0.75,0.25,0.26,0.01,0.01,74861.98,1776629538000
1776629539.689,139.689,0.74,0.76,0.25,0.26,0.02,0.01,74861.98,1776629538000
1776629540.372,140.372,0.75,0.77,0.24,0.25,0.02,0.01,74861.98,1776629538000
1776629540.705,140.705,0.77,0.78,0.22,0.23,0.01,0.01,74861.98,1776629538000
1776629541.217,141.217,0.77,0.78,0.22,0.23,0.01,0.01,74862.43,1776629539000
1776629541.899,141.899,0.78,0.79,0.21,0.22,0.01,0.01,74862.42,1776629540000
1776629542.279,142.279,0.78,0.79,0.21,0.22,0.01,0.01,74862.42,1776629540000
1776629542.616,142.616,0.78,0.79,0.21,0.22,0.01,0.01,74862.41,1776629541000
1776629543.03,143.03,0.78,0.79,0.21,0.22,0.01,0.01,74862.41,1776629541000
1776629543.458,143.458,0.78,0.79,0.21,0.22,0.01,0.01,74862.97,1776629542000
1776629543.838,143.838,0.78,0.79,0.21,0.22,0.01,0.01,74862.97,1776629542000
1776629544.339,144.339,0.78,0.79,0.21,0.22,0.01,0.01,74865.89,1776629543000
1776629544.72,144.72,0.78,0.79,0.21,0.22,0.01,0.01,74865.89,1776629543000
1776629545.094,145.094,0.78,0.79,0.21,0.22,0.01,0.01,74865.89,1776629544000
1776629545.456,145.456,0.78,0.79,0.21,0.22,0.01,0.01,74865.89,1776629544000
1776629546.061,146.061,0.78,0.79,0.21,0.22,0.01,0.01,74865.89,1776629544000
1776629546.434,146.434,0.78,0.79,0.21,0.22,0.01,0.01,74865.89,1776629545000
1776629546.854,146.854,0.78,0.79,0.21,0.22,0.01,0.01,74865.89,1776629545000
1776629548.134,148.134,0.78,0.79,0.21,0.22,0.01,0.01,74865.89,1776629546000
1776629548.608,148.608,0.78,0.79,0.21,0.22,0.01,0.01,74865.89,1776629547000
1776629549.256,149.256,0.78,0.8,0.21,0.22,0.02,0.01,74865.89,1776629547000
1776629549.6,149.6,0.79,0.8,0.2,0.21,0.01,0.01,74865.89,1776629548000
1776629549.999,149.999,0.79,0.8,0.2,0.21,0.01,0.01,74865.89,1776629548000
1776629550.387,150.387,0.79,0.8,0.2,0.21,0.01,0.01,74865.89,1776629549000
1776629550.858,150.858,0.79,0.8,0.2,0.21,0.01,0.01,74865.89,1776629549000
1776629551.519,151.519,0.79,0.8,0.2,0.21,0.01,0.01,74865.89,1776629550000
1776629551.883,151.883,0.79,0.8,0.2,0.21,0.01,0.01,74865.89,1776629550000
1776629552.583,152.583,0.79,0.8,0.2,0.21,0.01,0.01,74865.89,1776629551000
1776629552.986,152.986,0.79,0.8,0.2,0.21,0.01,0.01,74862.92,1776629552000
1776629553.42,153.42,0.79,0.8,0.2,0.21,0.01,0.01,74862.92,1776629552000
1776629553.96,153.96,0.79,0.8,0.2,0.21,0.01,0.01,74862.92,1776629552000
1776629554.439,154.439,0.79,0.8,0.2,0.21,0.01,0.01,74862.92,1776629552000
1776629554.898,154.898,0.79,0.8,0.2,0.21,0.01,0.01,74863.03,1776629553000
1776629555.725,155.725,0.79,0.8,0.2,0.21,0.01,0.01,74863.0,1776629554000
1776629556.058,156.058,0.43,0.47,0.53,0.57,0.04,0.04,74863.0,1776629554000
1776629556.416,156.416,0.41,0.42,0.43,0.55,0.01,0.12,74863.0,1776629554000
1776629556.755,156.755,0.42,0.46,0.54,0.58,0.04,0.04,74863.0,1776629555000
1776629557.095,157.095,0.41,0.46,0.54,0.59,0.05,0.05,74830.85,1776629556000
1776629557.433,157.433,0.41,0.46,0.54,0.59,0.05,0.05,74830.85,1776629556000
1776629557.776,157.776,0.44,0.46,0.54,0.56,0.02,0.02,74830.85,1776629556000
1776629558.111,158.111,0.46,0.47,0.53,0.54,0.01,0.01,74830.85,1776629556000
1776629558.482,158.482,0.46,0.47,0.53,0.54,0.01,0.01,74819.04,1776629557000
1776629558.848,158.848,0.46,0.47,0.53,0.54,0.01,0.01,74819.04,1776629557000
1776629559.191,159.191,0.45,0.46,0.53,0.55,0.01,0.02,74824.2,1776629558000
1776629559.577,159.577,0.46,0.47,0.53,0.54,0.01,0.01,74824.2,1776629558000
1776629559.934,159.934,0.46,0.47,0.53,0.54,0.01,0.01,74824.2,1776629558000
1776629560.51,160.51,0.46,0.47,0.53,0.54,0.01,0.01,74829.41,1776629559000
1776629560.884,160.884,0.46,0.47,0.53,0.54,0.01,0.01,74829.41,1776629559000
1776629561.406,161.406,0.46,0.47,0.53,0.54,0.01,0.01,74829.41,1776629559000
1776629561.754,161.754,0.46,0.47,0.53,0.54,0.01,0.01,74829.41,1776629560000
1776629562.111,162.111,0.46,0.47,0.53,0.54,0.01,0.01,74829.41,1776629560000
1776629562.446,162.446,0.46,0.48,0.53,0.54,0.02,0.01,74829.41,1776629561000
1776629562.783,162.783,0.47,0.48,0.52,0.53,0.01,0.01,74829.41,1776629561000
1776629563.236,163.236,0.47,0.48,0.52,0.53,0.01,0.01,74829.42,1776629562000
1776629563.577,163.577,0.47,0.48,0.52,0.53,0.01,0.01,74829.42,1776629562000
1776629563.932,163.932,0.47,0.48,0.52,0.53,0.01,0.01,74829.42,1776629562000
1776629564.335,164.335,0.47,0.48,0.52,0.53,0.01,0.01,74829.42,1776629562000
1776629564.677,164.677,0.47,0.48,0.52,0.53,0.01,0.01,74828.86,1776629563000
1776629565.164,165.164,0.47,0.48,0.52,0.53,0.01,0.01,74828.51,1776629564000
1776629565.589,165.589,0.47,0.48,0.52,0.53,0.01,0.01,74828.51,1776629564000
1776629566.305,166.305,0.47,0.48,0.52,0.53,0.01,0.01,74828.92,1776629565000
1776629566.885,166.885,0.47,0.48,0.52,0.53,0.01,0.01,74828.92,1776629565000
1776629567.247,167.247,0.47,0.48,0.52,0.53,0.01,0.01,74828.92,1776629565000
1776629567.781,167.781,0.47,0.48,0.52,0.53,0.01,0.01,74828.92,1776629566000
1776629568.586,168.586,0.47,0.48,0.52,0.53,0.01,0.01,74828.51,1776629567000
1776629569.086,169.086,0.47,0.48,0.52,0.53,0.01,0.01,74828.51,1776629567000
1776629569.863,169.863,0.48,0.49,0.52,0.53,0.01,0.01,74829.01,1776629568000
1776629570.251,170.251,0.48,0.49,0.51,0.52,0.01,0.01,74828.96,1776629569000
1776629570.849,170.849,0.48,0.5,0.51,0.52,0.02,0.01,74828.96,1776629569000
1776629571.187,171.187,0.53,0.55,0.45,0.47,0.02,0.02,74828.96,1776629569000
1776629571.563,171.563,0.54,0.55,0.45,0.46,0.01,0.01,74830.35,1776629570000
1776629571.959,171.959,0.54,0.55,0.45,0.46,0.01,0.01,74830.35,1776629570000
1776629572.31,172.31,0.55,0.56,0.44,0.45,0.01,0.01,74831.04,1776629571000
1776629573.37,173.37,0.55,0.56,0.44,0.45,0.01,0.01,74831.04,1776629571000
1776629573.767,173.767,0.55,0.56,0.44,0.45,0.01,0.01,74831.04,1776629571000
1776629574.384,174.384,0.55,0.56,0.44,0.45,0.01,0.01,74837.53,1776629572000
1776629574.906,174.906,0.55,0.56,0.44,0.45,0.01,0.01,74837.53,1776629573000
1776629575.351,175.351,0.55,0.56,0.44,0.45,0.01,0.01,74838.51,1776629574000
1776629575.873,175.873,0.55,0.56,0.44,0.45,0.01,0.01,74838.51,1776629574000
1776629576.285,176.285,0.55,0.56,0.44,0.45,0.01,0.01,74838.51,1776629574000
1776629576.685,176.685,0.55,0.56,0.44,0.45,0.01,0.01,74838.55,1776629575000
1776629577.132,177.132,0.55,0.56,0.44,0.45,0.01,0.01,74838.56,1776629576000
1776629577.531,177.531,0.55,0.56,0.44,0.45,0.01,0.01,74838.56,1776629576000
1776629578.042,178.042,0.55,0.56,0.44,0.45,0.01,0.01,74838.56,1776629576000
1776629578.566,178.566,0.55,0.56,0.44,0.45,0.01,0.01,74838.56,1776629576000
1776629578.99,178.99,0.55,0.56,0.44,0.45,0.01,0.01,74838.5,1776629577000
1776629579.468,179.468,0.55,0.56,0.43,0.45,0.01,0.02,74838.5,1776629577000
1776629580.171,180.171,0.55,0.56,0.44,0.45,0.01,0.01,74838.34,1776629579000
1776629581.397,181.397,0.55,0.56,0.44,0.45,0.01,0.01,74838.34,1776629579000
1776629581.892,181.892,0.55,0.57,0.43,0.45,0.02,0.02,74838.37,1776629580000
1776629582.281,182.281,0.55,0.58,0.43,0.45,0.03,0.02,74838.37,1776629580000
1776629582.688,182.688,0.56,0.58,0.42,0.45,0.02,0.03,74838.37,1776629581000
1776629583.074,183.074,0.56,0.58,0.42,0.44,0.02,0.02,74838.37,1776629581000
1776629583.608,183.608,0.57,0.59,0.42,0.44,0.02,0.02,74839.39,1776629582000
1776629584.12,184.12,0.57,0.59,0.41,0.43,0.02,0.02,74839.39,1776629582000
1776629584.585,184.585,0.57,0.58,0.42,0.43,0.01,0.01,74842.13,1776629583000
1776629585.022,185.022,0.57,0.58,0.42,0.43,0.01,0.01,74842.13,1776629583000
1776629586.174,186.174,0.59,0.6,0.4,0.41,0.01,0.01,74842.13,1776629584000
1776629586.512,186.512,0.59,0.6,0.4,0.41,0.01,0.01,74842.13,1776629584000
1776629586.847,186.847,0.6,0.61,0.39,0.4,0.01,0.01,74841.41,1776629585000
1776629587.188,187.188,0.6,0.61,0.39,0.4,0.01,0.01,74841.41,1776629585000
1776629587.612,187.612,0.61,0.65,0.35,0.39,0.04,0.04,74841.41,1776629586000
1776629588.008,188.008,0.62,0.64,0.35,0.38,0.02,0.03,74841.41,1776629586000
1776629588.503,188.503,0.64,0.65,0.35,0.36,0.01,0.01,74841.41,1776629586000
1776629589.127,189.127,0.64,0.65,0.35,0.36,0.01,0.01,74845.55,1776629588000
1776629589.776,189.776,0.64,0.65,0.35,0.36,0.01,0.01,74845.55,1776629588000
1776629590.204,190.204,0.64,0.65,0.35,0.36,0.01,0.01,74844.54,1776629589000
1776629591.247,191.247,0.64,0.65,0.35,0.36,0.01,0.01,74844.54,1776629589000
1776629591.581,191.581,0.64,0.65,0.35,0.36,0.01,0.01,74847.98,1776629590000
1776629591.94,191.94,0.64,0.65,0.35,0.36,0.01,0.01,74847.98,1776629590000
1776629592.294,192.294,0.64,0.65,0.35,0.36,0.01,0.01,74847.98,1776629590000
1776629592.86,192.86,0.65,0.67,0.33,0.36,0.02,0.03,74850.35,1776629591000
1776629593.304,193.304,0.65,0.67,0.33,0.35,0.02,0.02,74851.47,1776629592000
1776629593.704,193.704,0.65,0.67,0.33,0.35,0.02,0.02,74851.47,1776629592000
1776629594.049,194.049,0.68,0.7,0.33,0.35,0.02,0.02,74851.47,1776629592000
1776629594.507,194.507,0.65,0.66,0.33,0.35,0.01,0.02,74852.8,1776629593000
1776629594.971,194.971,0.65,0.66,0.34,0.35,0.01,0.01,74852.8,1776629593000
1776629595.43,195.43,0.58,0.61,0.39,0.42,0.03,0.03,74808.58,1776629594000
1776629595.766,195.766,0.54,0.55,0.45,0.46,0.01,0.01,74808.58,1776629594000
1776629596.106,196.106,0.37,0.41,0.59,0.62,0.04,0.03,74808.58,1776629594000
1776629596.44,196.44,0.31,0.4,0.53,0.69,0.09,0.16,74782.02,1776629595000
1776629596.855,196.855,0.3,0.4,0.6,0.67,0.1,0.07,74782.02,1776629595000
1776629597.719,197.719,0.38,0.39,0.63,0.7,0.01,0.07,74779.78,1776629596000
1776629598.107,198.107,0.33,0.41,0.6,0.67,0.08,0.07,74779.78,1776629596000
1776629599.059,199.059,0.29,0.41,0.59,0.71,0.12,0.12,74768.13,1776629597000
1776629599.42,199.42,0.29,0.38,0.66,0.71,0.09,0.05,74760.71,1776629598000
1776629599.86,199.86,0.28,0.34,0.66,0.72,0.06,0.06,74760.71,1776629598000
1776629600.447,200.447,0.25,0.28,0.66,0.75,0.03,0.09,74760.71,1776629598000
1776629600.898,200.898,0.21,0.28,0.72,0.79,0.07,0.07,74752.46,1776629599000
1776629601.44,201.44,0.2,0.29,0.72,0.8,0.09,0.08,74752.46,1776629599000
1776629601.81,201.81,0.2,0.38,0.66,0.8,0.18,0.14,74749.07,1776629600000
1776629602.278,202.278,0.19,0.29,0.71,0.8,0.1,0.09,74747.11,1776629601000
1776629602.618,202.618,0.18,0.25,0.75,0.82,0.07,0.07,74747.11,1776629601000
1776629602.955,202.955,0.1,0.27,0.75,0.9,0.17,0.15,74747.11,1776629601000
1776629603.293,203.293,0.08,0.1,0.9,0.92,0.02,0.02,74745.85,1776629602000
1776629603.642,203.642,0.13,0.16,0.81,0.86,0.03,0.05,74745.85,1776629602000
1776629603.976,203.976,0.09,0.1,0.9,0.91,0.01,0.01,74745.85,1776629602000
1776629604.31,204.31,0.07,0.22,0.77,0.93,0.15,0.16,74750.99,1776629603000
1776629604.648,204.648,0.13,0.14,0.86,0.87,0.01,0.01,74750.99,1776629603000
1776629604.983,204.983,0.07,0.09,0.91,0.93,0.02,0.02,74750.99,1776629603000
1776629605.322,205.322,0.08,0.09,0.91,0.92,0.01,0.01,74750.99,1776629603000
1776629605.803,205.803,0.08,0.1,0.9,0.92,0.02,0.02,74761.98,1776629604000
1776629606.296,206.296,0.09,0.1,0.9,0.92,0.01,0.02,74762.04,1776629605000
1776629606.647,206.647,0.08,0.09,0.91,0.92,0.01,0.01,74762.04,1776629605000
1776629607.172,207.172,0.08,0.09,0.91,0.92,0.01,0.01,74762.04,1776629605000
1776629607.843,207.843,0.08,0.09,0.91,0.92,0.01,0.01,74763.04,1776629606000
1776629608.209,208.209,0.08,0.09,0.91,0.92,0.01,0.01,74763.04,1776629606000
1776629608.85,208.85,0.08,0.1,0.9,0.92,0.02,0.02,74765.91,1776629607000
1776629609.217,209.217,0.07,0.08,0.92,0.93,0.01,0.01,74765.91,1776629607000
1776629609.634,209.634,0.07,0.08,0.92,0.93,0.01,0.01,74767.54,1776629608000
1776629609.977,209.977,0.07,0.08,0.92,0.93,0.01,0.01,74767.54,1776629608000
1776629610.323,210.323,0.07,0.08,0.92,0.93,0.01,0.01,74767.57,1776629609000
1776629610.662,210.662,0.07,0.08,0.92,0.93,0.01,0.01,74767.57,1776629609000
1776629611.005,211.005,0.07,0.08,0.92,0.93,0.01,0.01,74767.57,1776629609000
1776629611.35,211.35,0.07,0.08,0.92,0.93,0.01,0.01,74767.42,1776629610000
1776629611.685,211.685,0.07,0.08,0.92,0.93,0.01,0.01,74767.42,1776629610000
1776629612.086,212.086,0.07,0.08,0.92,0.93,0.01,0.01,74767.42,1776629610000
1776629612.461,212.461,0.08,0.09,0.91,0.92,0.01,0.01,74767.33,1776629611000
1776629612.816,212.816,0.08,0.09,0.9,0.92,0.01,0.02,74767.33,1776629611000
1776629613.165,213.165,0.09,0.1,0.9,0.91,0.01,0.01,74767.33,1776629611000
1776629613.994,213.994,0.09,0.1,0.9,0.91,0.01,0.01,74767.73,1776629612000
1776629615.009,215.009,0.09,0.1,0.9,0.91,0.01,0.01,74771.79,1776629614000
1776629615.584,215.584,0.09,0.1,0.9,0.91,0.01,0.01,74771.79,1776629614000
1776629616.311,216.311,0.09,0.1,0.9,0.91,0.01,0.01,74773.27,1776629615000
1776629616.711,216.711,0.09,0.1,0.9,0.91,0.01,0.01,74773.27,1776629615000
1776629617.141,217.141,0.09,0.1,0.9,0.91,0.01,0.01,74773.27,1776629616000
1776629617.541,217.541,0.09,0.1,0.9,0.91,0.01,0.01,74773.27,1776629616000
1776629617.912,217.912,0.09,0.1,0.9,0.91,0.01,0.01,74773.27,1776629616000
1776629618.361,218.361,0.09,0.1,0.9,0.91,0.01,0.01,74773.9,1776629617000
1776629618.741,218.741,0.09,0.1,0.9,0.91,0.01,0.01,74773.9,1776629617000
1776629619.079,219.079,0.09,0.1,0.9,0.91,0.01,0.01,74773.9,1776629617000
1776629619.5,219.5,0.09,0.11,0.89,0.91,0.02,0.02,74774.78,1776629618000
1776629619.833,219.833,0.1,0.12,0.88,0.9,0.02,0.02,74774.78,1776629618000
1776629620.173,220.173,0.11,0.12,0.88,0.89,0.01,0.01,74774.78,1776629618000
1776629620.507,220.507,0.11,0.12,0.88,0.89,0.01,0.01,74774.83,1776629619000
1776629620.934,220.934,0.11,0.12,0.88,0.89,0.01,0.01,74774.83,1776629619000
1776629621.295,221.295,0.11,0.12,0.88,0.89,0.01,0.01,74774.83,1776629619000
1776629621.632,221.632,0.1,0.12,0.88,0.9,0.02,0.02,74774.83,1776629620000
1776629622.005,222.005,0.1,0.11,0.89,0.9,0.01,0.01,74774.83,1776629620000
1776629622.349,222.349,0.1,0.11,0.89,0.9,0.01,0.01,74774.86,1776629621000
1776629622.685,222.685,0.1,0.11,0.89,0.9,0.01,0.01,74774.86,1776629621000
1776629623.024,223.024,0.11,0.12,0.88,0.9,0.01,0.02,74774.86,1776629621000
1776629623.364,223.364,0.11,0.12,0.88,0.89,0.01,0.01,74774.87,1776629622000
1776629623.711,223.711,0.11,0.12,0.88,0.89,0.01,0.01,74774.87,1776629622000
1776629624.06,224.06,0.11,0.12,0.88,0.9,0.01,0.02,74774.87,1776629622000
1776629624.4,224.4,0.11,0.12,0.88,0.89,0.01,0.01,74775.36,1776629623000
1776629624.755,224.755,0.1,0.11,0.88,0.89,0.01,0.01,74775.36,1776629623000
1776629625.1,225.1,0.1,0.11,0.89,0.9,0.01,0.01,74775.36,1776629623000
1776629625.531,225.531,0.1,0.11,0.89,0.9,0.01,0.01,74775.38,1776629624000
1776629625.904,225.904,0.12,0.13,0.87,0.88,0.01,0.01,74775.38,1776629624000
1776629626.246,226.246,0.12,0.13,0.87,0.88,0.01,0.01,74775.38,1776629624000
1776629626.717,226.717,0.12,0.14,0.87,0.88,0.02,0.01,74776.2,1776629625000
1776629627.055,227.055,0.13,0.14,0.86,0.87,0.01,0.01,74776.2,1776629625000
1776629627.51,227.51,0.13,0.14,0.86,0.87,0.01,0.01,74776.2,1776629625000
1776629627.879,227.879,0.13,0.14,0.86,0.87,0.01,0.01,74778.28,1776629626000
1776629628.298,228.298,0.13,0.14,0.86,0.87,0.01,0.01,74781.4,1776629627000
1776629628.637,228.637,0.13,0.14,0.86,0.87,0.01,0.01,74781.4,1776629627000
1776629629.06,229.06,0.16,0.17,0.83,0.84,0.01,0.01,74781.4,1776629627000
1776629629.408,229.408,0.16,0.18,0.83,0.84,0.02,0.01,74785.51,1776629628000
1776629629.854,229.854,0.17,0.18,0.82,0.83,0.01,0.01,74785.51,1776629628000
1776629630.251,230.251,0.18,0.19,0.81,0.82,0.01,0.01,74785.54,1776629629000
1776629630.734,230.734,0.18,0.19,0.81,0.82,0.01,0.01,74785.54,1776629629000
1776629631.122,231.122,0.18,0.19,0.81,0.82,0.01,0.01,74785.54,1776629629000
1776629631.61,231.61,0.18,0.19,0.81,0.82,0.01,0.01,74789.21,1776629630000
1776629631.989,231.989,0.18,0.19,0.81,0.82,0.01,0.01,74789.21,1776629630000
1776629632.388,232.388,0.18,0.19,0.81,0.82,0.01,0.01,74789.21,1776629630000
1776629632.829,232.829,0.18,0.19,0.81,0.82,0.01,0.01,74791.38,1776629631000
1776629633.303,233.303,0.18,0.19,0.81,0.82,0.01,0.01,74791.38,1776629631000
1776629633.822,233.822,0.18,0.19,0.81,0.82,0.01,0.01,74792.27,1776629632000
1776629634.254,234.254,0.18,0.19,0.81,0.82,0.01,0.01,74792.95,1776629633000
1776629634.785,234.785,0.18,0.19,0.81,0.82,0.01,0.01,74792.95,1776629633000
1776629635.252,235.252,0.18,0.19,0.81,0.82,0.01,0.01,74792.93,1776629634000
1776629635.646,235.646,0.18,0.19,0.81,0.82,0.01,0.01,74792.93,1776629634000
1776629635.983,235.983,0.18,0.19,0.81,0.82,0.01,0.01,74792.93,1776629634000
1776629636.364,236.364,0.17,0.19,0.81,0.82,0.02,0.01,74792.93,1776629634000
1776629636.729,236.729,0.18,0.19,0.81,0.82,0.01,0.01,74792.97,1776629635000
1776629637.135,237.135,0.18,0.19,0.81,0.82,0.01,0.01,74792.97,1776629635000
1776629637.643,237.643,0.18,0.19,0.81,0.82,0.01,0.01,74793.04,1776629636000
1776629638.003,238.003,0.18,0.19,0.81,0.82,0.01,0.01,74793.04,1776629636000
1776629638.455,238.455,0.18,0.19,0.81,0.82,0.01,0.01,74794.23,1776629637000
1776629638.803,238.803,0.18,0.19,0.81,0.82,0.01,0.01,74794.23,1776629637000
1776629639.137,239.137,0.18,0.19,0.81,0.82,0.01,0.01,74794.23,1776629637000
1776629639.487,239.487,0.2,0.22,0.78,0.81,0.02,0.03,74794.23,1776629637000
1776629639.831,239.831,0.21,0.22,0.78,0.79,0.01,0.01,74795.16,1776629638000
1776629640.194,240.194,0.21,0.22,0.78,0.79,0.01,0.01,74796.43,1776629639000
1776629640.626,240.626,0.21,0.22,0.78,0.79,0.01,0.01,74796.43,1776629639000
1776629640.961,240.961,0.17,0.2,0.8,0.83,0.03,0.03,74796.43,1776629639000
1776629641.302,241.302,0.17,0.18,0.83,0.84,0.01,0.01,74796.43,1776629639000
1776629641.656,241.656,0.16,0.17,0.83,0.84,0.01,0.01,74798.32,1776629640000
1776629641.996,241.996,0.16,0.17,0.83,0.84,0.01,0.01,74798.32,1776629640000
1776629642.424,242.424,0.16,0.17,0.83,0.84,0.01,0.01,74798.32,1776629640000
1776629642.772,242.772,0.17,0.18,0.82,0.83,0.01,0.01,74800.02,1776629641000
1776629643.124,243.124,0.17,0.18,0.82,0.83,0.01,0.01,74800.02,1776629642000
1776629643.849,243.849,0.17,0.18,0.82,0.83,0.01,0.01,74800.02,1776629642000
1776629644.189,244.189,0.17,0.18,0.82,0.83,0.01,0.01,74800.02,1776629642000
1776629644.707,244.707,0.17,0.18,0.82,0.83,0.01,0.01,74800.11,1776629643000
1776629645.37,245.37,0.17,0.18,0.82,0.83,0.01,0.01,74800.11,1776629643000
1776629645.822,245.822,0.17,0.18,0.82,0.83,0.01,0.01,74800.12,1776629644000
1776629646.299,246.299,0.17,0.18,0.82,0.83,0.01,0.01,74800.12,1776629645000
1776629646.693,246.693,0.17,0.18,0.82,0.83,0.01,0.01,74800.12,1776629645000
1776629647.185,247.185,0.17,0.18,0.82,0.83,0.01,0.01,74800.12,1776629645000
1776629647.788,247.788,0.17,0.18,0.82,0.83,0.01,0.01,74802.42,1776629646000
1776629648.198,248.198,0.17,0.18,0.82,0.83,0.01,0.01,74802.39,1776629647000
1776629648.846,248.846,0.12,0.13,0.84,0.88,0.01,0.04,74802.39,1776629647000
1776629649.278,249.278,0.12,0.13,0.87,0.88,0.01,0.01,74802.39,1776629647000
1776629649.633,249.633,0.11,0.12,0.87,0.89,0.01,0.02,74802.39,1776629648000
1776629650.028,250.028,0.11,0.12,0.88,0.89,0.01,0.01,74802.39,1776629648000
1776629650.555,250.555,0.11,0.12,0.88,0.89,0.01,0.01,74800.54,1776629649000
1776629651.215,251.215,0.11,0.12,0.88,0.89,0.01,0.01,74796.97,1776629650000
1776629651.593,251.593,0.11,0.12,0.88,0.89,0.01,0.01,74796.97,1776629650000
1776629652.204,252.204,0.11,0.12,0.88,0.89,0.01,0.01,74796.97,1776629650000
1776629652.555,252.555,0.13,0.14,0.86,0.87,0.01,0.01,74794.69,1776629651000
1776629652.9,252.9,0.13,0.15,0.86,0.87,0.02,0.01,74794.69,1776629651000
1776629653.266,253.266,0.15,0.17,0.83,0.86,0.02,0.03,74794.69,1776629651000
1776629653.635,253.635,0.16,0.17,0.83,0.85,0.01,0.02,74799.06,1776629652000
1776629654.224,254.224,0.16,0.17,0.83,0.84,0.01,0.01,74802.67,1776629653000
1776629654.574,254.574,0.16,0.17,0.83,0.84,0.01,0.01,74802.67,1776629653000
1776629654.937,254.937,0.16,0.17,0.83,0.84,0.01,0.01,74802.67,1776629653000
1776629655.331,255.331,0.16,0.17,0.83,0.84,0.01,0.01,74802.67,1776629654000
1776629655.694,255.694,0.16,0.17,0.83,0.84,0.01,0.01,74802.67,1776629654000
1776629656.039,256.039,0.16,0.17,0.83,0.84,0.01,0.01,74802.67,1776629654000
1776629656.704,256.704,0.15,0.16,0.84,0.85,0.01,0.01,74802.91,1776629655000
1776629657.161,257.161,0.15,0.16,0.84,0.85,0.01,0.01,74802.91,1776629655000
1776629657.781,257.781,0.14,0.15,0.84,0.86,0.01,0.02,74802.92,1776629656000
1776629658.172,258.172,0.14,0.15,0.85,0.86,0.01,0.01,74802.89,1776629657000
1776629658.552,258.552,0.14,0.15,0.85,0.86,0.01,0.01,74802.89,1776629657000
1776629658.986,258.986,0.13,0.14,0.86,0.87,0.01,0.01,74802.89,1776629657000
1776629659.386,259.386,0.13,0.14,0.86,0.87,0.01,0.01,74802.84,1776629658000
1776629660.128,260.128,0.13,0.14,0.86,0.87,0.01,0.01,74802.92,1776629659000
1776629660.583,260.583,0.12,0.13,0.87,0.88,0.01,0.01,74802.92,1776629659000
1776629660.924,260.924,0.12,0.13,0.87,0.88,0.01,0.01,74802.92,1776629659000
1776629661.638,261.638,0.12,0.13,0.87,0.88,0.01,0.01,74802.92,1776629659000
1776629662.035,262.035,0.18,0.19,0.81,0.82,0.01,0.01,74802.89,1776629660000
1776629662.407,262.407,0.18,0.19,0.81,0.82,0.01,0.01,74802.94,1776629661000
1776629662.744,262.744,0.19,0.2,0.8,0.81,0.01,0.01,74802.94,1776629661000
1776629663.16,263.16,0.19,0.2,0.8,0.81,0.01,0.01,74802.94,1776629661000
1776629663.499,263.499,0.19,0.2,0.8,0.81,0.01,0.01,74802.94,1776629661000
1776629664.051,264.051,0.19,0.2,0.8,0.81,0.01,0.01,74802.93,1776629662000
1776629664.428,264.428,0.19,0.2,0.8,0.81,0.01,0.01,74804.64,1776629663000
1776629664.767,264.767,0.2,0.26,0.74,0.8,0.06,0.06,74804.64,1776629663000
1776629665.106,265.106,0.21,0.23,0.77,0.79,0.02,0.02,74804.64,1776629663000
1776629665.518,265.518,0.22,0.23,0.77,0.78,0.01,0.01,74804.64,1776629663000
1776629665.908,265.908,0.22,0.23,0.77,0.78,0.01,0.01,74807.69,1776629664000
1776629666.256,266.256,0.22,0.23,0.77,0.78,0.01,0.01,74807.69,1776629664000
1776629666.624,266.624,0.21,0.22,0.77,0.79,0.01,0.02,74807.69,1776629664000
1776629667.093,267.093,0.21,0.22,0.78,0.79,0.01,0.01,74808.4,1776629665000
1776629667.461,267.461,0.21,0.22,0.78,0.79,0.01,0.01,74808.4,1776629665000
1776629668.024,268.024,0.21,0.22,0.78,0.79,0.01,0.01,74810.14,1776629666000
1776629668.456,268.456,0.21,0.22,0.78,0.79,0.01,0.01,74810.3,1776629667000
1776629668.947,268.947,0.21,0.22,0.78,0.79,0.01,0.01,74810.3,1776629667000
1776629669.349,269.349,0.21,0.22,0.78,0.79,0.01,0.01,74808.31,1776629668000
1776629670.081,270.081,0.21,0.22,0.78,0.79,0.01,0.01,74808.31,1776629668000
1776629670.422,270.422,0.21,0.22,0.78,0.79,0.01,0.01,74808.31,1776629668000
1776629670.81,270.81,0.21,0.22,0.78,0.79,0.01,0.01,74810.43,1776629669000
1776629671.209,271.209,0.2,0.21,0.78,0.8,0.01,0.02,74810.43,1776629669000
1776629671.592,271.592,0.19,0.2,0.8,0.81,0.01,0.01,74810.92,1776629670000
1776629671.929,271.929,0.19,0.2,0.8,0.81,0.01,0.01,74810.92,1776629670000
1776629672.38,272.38,0.19,0.2,0.8,0.81,0.01,0.01,74810.92,1776629671000
1776629672.884,272.884,0.18,0.19,0.81,0.82,0.01,0.01,74810.92,1776629671000
1776629673.239,273.239,0.18,0.19,0.81,0.82,0.01,0.01,74810.92,1776629671000
1776629673.603,273.603,0.18,0.19,0.81,0.82,0.01,0.01,74810.44,1776629672000
1776629674.018,274.018,0.18,0.19,0.81,0.82,0.01,0.01,74810.44,1776629672000
1776629674.391,274.391,0.18,0.19,0.81,0.82,0.01,0.01,74810.44,1776629672000
1776629674.725,274.725,0.18,0.19,0.81,0.82,0.01,0.01,74810.44,1776629672000
1776629675.1,275.1,0.21,0.22,0.78,0.8,0.01,0.02,74811.09,1776629673000
1776629675.481,275.481,0.21,0.22,0.78,0.79,0.01,0.01,74811.09,1776629673000
1776629675.824,275.824,0.21,0.22,0.78,0.79,0.01,0.01,74811.12,1776629674000
1776629676.313,276.313,0.21,0.22,0.78,0.79,0.01,0.01,74811.12,1776629674000
1776629676.695,276.695,0.21,0.22,0.78,0.79,0.01,0.01,74811.2,1776629675000
1776629677.089,277.089,0.21,0.22,0.78,0.79,0.01,0.01,74811.2,1776629675000
1776629677.428,277.428,0.2,0.21,0.79,0.8,0.01,0.01,74811.2,1776629676000
1776629677.829,277.829,0.19,0.2,0.79,0.8,0.01,0.01,74811.2,1776629676000
1776629678.164,278.164,0.19,0.23,0.79,0.81,0.04,0.02,74811.2,1776629676000
1776629678.529,278.529,0.23,0.24,0.76,0.77,0.01,0.01,74811.2,1776629676000
1776629678.904,278.904,0.23,0.24,0.76,0.77,0.01,0.01,74811.29,1776629677000
1776629679.257,279.257,0.23,0.24,0.76,0.77,0.01,0.01,74811.29,1776629677000
1776629679.747,279.747,0.23,0.24,0.76,0.77,0.01,0.01,74812.37,1776629678000
1776629680.141,280.141,0.23,0.24,0.76,0.77,0.01,0.01,74812.37,1776629678000
1776629680.507,280.507,0.23,0.24,0.76,0.77,0.01,0.01,74812.65,1776629679000
1776629680.905,280.905,0.25,0.26,0.74,0.75,0.01,0.01,74812.65,1776629679000
1776629681.382,281.382,0.24,0.25,0.75,0.76,0.01,0.01,74814.84,1776629680000
1776629681.794,281.794,0.22,0.23,0.76,0.77,0.01,0.01,74814.84,1776629680000
1776629682.321,282.321,0.22,0.23,0.77,0.78,0.01,0.01,74815.56,1776629681000
1776629682.71,282.71,0.21,0.22,0.78,0.79,0.01,0.01,74815.56,1776629681000
1776629683.07,283.07,0.21,0.22,0.78,0.79,0.01,0.01,74816.46,1776629682000
1776629683.664,283.664,0.21,0.22,0.78,0.79,0.01,0.01,74816.46,1776629682000
1776629684.034,284.034,0.21,0.22,0.78,0.79,0.01,0.01,74816.46,1776629682000
1776629684.405,284.405,0.21,0.22,0.78,0.79,0.01,0.01,74816.84,1776629683000
1776629684.825,284.825,0.21,0.22,0.78,0.79,0.01,0.01,74816.84,1776629683000
1776629685.296,285.296,0.21,0.23,0.77,0.79,0.02,0.02,74816.78,1776629684000
1776629685.666,285.666,0.21,0.22,0.78,0.79,0.01,0.01,74816.78,1776629684000
1776629686.025,286.025,0.21,0.22,0.78,0.79,0.01,0.01,74816.78,1776629684000
1776629686.429,286.429,0.2,0.21,0.78,0.8,0.01,0.02,74817.13,1776629685000
1776629686.812,286.812,0.2,0.21,0.79,0.8,0.01,0.01,74817.13,1776629685000
1776629687.225,287.225,0.17,0.18,0.79,0.83,0.01,0.04,74817.13,1776629685000
1776629687.597,287.597,0.17,0.18,0.82,0.83,0.01,0.01,74817.2,1776629686000
1776629687.959,287.959,0.17,0.18,0.82,0.83,0.01,0.01,74817.2,1776629687000
1776629688.321,288.321,0.16,0.17,0.82,0.83,0.01,0.01,74817.2,1776629687000
1776629688.725,288.725,0.16,0.17,0.83,0.84,0.01,0.01,74817.2,1776629687000
1776629689.078,289.078,0.16,0.17,0.83,0.84,0.01,0.01,74817.2,1776629687000
1776629689.445,289.445,0.16,0.17,0.83,0.84,0.01,0.01,74817.24,1776629688000
1776629689.907,289.907,0.17,0.18,0.82,0.83,0.01,0.01,74817.24,1776629688000
1776629690.328,290.328,0.17,0.18,0.82,0.83,0.01,0.01,74817.26,1776629689000
1776629690.71,290.71,0.14,0.15,0.85,0.86,0.01,0.01,74817.26,1776629689000
1776629691.044,291.044,0.25,0.26,0.72,0.75,0.01,0.03,74817.26,1776629689000
1776629691.386,291.386,0.27,0.28,0.72,0.73,0.01,0.01,74817.27,1776629690000
1776629691.721,291.721,0.27,0.28,0.72,0.73,0.01,0.01,74817.27,1776629690000
1776629692.129,292.129,0.25,0.26,0.73,0.75,0.01,0.02,74817.27,1776629690000
1776629692.535,292.535,0.21,0.22,0.75,0.79,0.01,0.04,74818.55,1776629691000
1776629692.879,292.879,0.19,0.2,0.79,0.8,0.01,0.01,74818.55,1776629691000
1776629693.215,293.215,0.17,0.18,0.82,0.83,0.01,0.01,74818.55,1776629691000
1776629693.582,293.582,0.15,0.16,0.84,0.85,0.01,0.01,74822.52,1776629692000
1776629693.969,293.969,0.15,0.16,0.84,0.85,0.01,0.01,74822.52,1776629692000
1776629694.472,294.472,0.15,0.16,0.84,0.85,0.01,0.01,74822.52,1776629693000
1776629695.2,295.2,0.13,0.14,0.85,0.86,0.01,0.01,74822.52,1776629693000
1776629695.542,295.542,0.13,0.14,0.86,0.87,0.01,0.01,74822.52,1776629693000
1776629695.875,295.875,0.2,0.22,0.79,0.84,0.02,0.05,74822.52,1776629693000
1776629696.22,296.22,0.2,0.21,0.79,0.8,0.01,0.01,74824.09,1776629694000
1776629696.58,296.58,0.14,0.16,0.83,0.86,0.02,0.03,74824.09,1776629694000
1776629696.994,296.994,0.14,0.15,0.85,0.86,0.01,0.01,74824.16,1776629695000
1776629697.336,297.336,0.11,0.13,0.85,0.88,0.02,0.03,74824.16,1776629695000
1776629697.676,297.676,0.11,0.12,0.88,0.89,0.01,0.01,74824.22,1776629696000
1776629698.01,298.01,0.11,0.12,0.88,0.89,0.01,0.01,74824.22,1776629696000
1776629698.346,298.346,0.09,0.1,0.88,0.9,0.01,0.02,74824.74,1776629697000
1776629698.694,298.694,0.05,0.06,0.93,0.95,0.01,0.02,74824.74,1776629697000
1776629699.045,299.045,0.03,0.04,0.96,0.97,0.01,0.01,74824.74,1776629697000
1776629699.394,299.394,0.01,0.03,0.97,0.99,0.02,0.02,74824.74,1776629697000
1776629699.744,299.744,0.02,0.01,0.99,0.98,-0.01,-0.01,74826.22,1776629698000
1776629700.087,300.087,0.02,0.01,0.99,0.98,-0.01,-0.01,74826.22,1776629698000
1776629700.59,300.59,0.02,0.01,0.99,0.98,-0.01,-0.01,74826.22,1776629699000
1776629700.927,300.927,0.02,0.01,0.99,0.98,-0.01,-0.01,74826.22,1776629699000
1776629701.359,301.359,0.02,0.01,0.99,0.98,-0.01,-0.01,74826.22,1776629700000

# RESULT,winner=Down,slug=btc-updown-5m-1776629400,ticks=682
