timestamp,elapsed_sec,up_bid,up_ask,down_bid,down_ask,up_spread,down_spread,btc_price,btc_oracle_ts
1777343700.546,0.546,0.52,0.54,0.41,0.42,0.02,0.01,76958.0,1777343698000
1777343701.244,1.244,0.52,0.54,0.46,0.48,0.02,0.02,76958.28,1777343699000
1777343701.658,1.658,0.52,0.53,0.47,0.48,0.01,0.01,76958.27,1777343700000
1777343702.052,2.052,0.52,0.53,0.46,0.48,0.01,0.02,76958.27,1777343700000
1777343702.523,2.523,0.51,0.52,0.47,0.49,0.01,0.02,76958.27,1777343700000
1777343702.906,2.906,0.48,0.49,0.5,0.52,0.01,0.02,76958.95,1777343701000
1777343703.304,3.304,0.42,0.43,0.55,0.58,0.01,0.03,76958.95,1777343701000
1777343703.716,3.716,0.4,0.41,0.59,0.6,0.01,0.01,76959,1777343702000
1777343704.054,4.054,0.4,0.41,0.59,0.6,0.01,0.01,76959,1777343702000
1777343704.425,4.425,0.4,0.41,0.59,0.6,0.01,0.01,76958.84,1777343703000
1777343704.873,4.873,0.4,0.41,0.59,0.6,0.01,0.01,76958.84,1777343703000
1777343705.401,5.401,0.4,0.41,0.59,0.6,0.01,0.01,76945.4,1777343704000
1777343705.946,5.946,0.4,0.41,0.59,0.6,0.01,0.01,76945.4,1777343704000
1777343706.406,6.406,0.4,0.41,0.59,0.6,0.01,0.01,76942.68,1777343705000
1777343706.92,6.92,0.4,0.41,0.59,0.6,0.01,0.01,76942.68,1777343705000
1777343707.272,7.272,0.4,0.41,0.59,0.6,0.01,0.01,76941.59,1777343706000
1777343707.73,7.73,0.4,0.41,0.59,0.6,0.01,0.01,76941.59,1777343706000
1777343708.141,8.141,0.4,0.41,0.59,0.6,0.01,0.01,76941.17,1777343707000
1777343708.51,8.51,0.39,0.41,0.59,0.6,0.02,0.01,76941.17,1777343707000
1777343708.886,8.886,0.38,0.4,0.6,0.62,0.02,0.02,76941.17,1777343707000
1777343709.246,9.246,0.38,0.39,0.6,0.62,0.01,0.02,76940.48,1777343708000
1777343709.696,9.696,0.35,0.36,0.64,0.65,0.01,0.01,76940.48,1777343708000
1777343710.216,10.216,0.36,0.37,0.63,0.64,0.01,0.01,76939.21,1777343709000
1777343710.593,10.593,0.36,0.37,0.63,0.64,0.01,0.01,76939.21,1777343709000
1777343710.93,10.93,0.41,0.44,0.59,0.63,0.03,0.04,76939.21,1777343709000
1777343711.388,11.388,0.42,0.43,0.57,0.58,0.01,0.01,76938.94,1777343710000
1777343711.873,11.873,0.44,0.45,0.55,0.57,0.01,0.02,76938.94,1777343710000
1777343712.224,12.224,0.44,0.45,0.55,0.56,0.01,0.01,76938.18,1777343711000
1777343712.638,12.638,0.44,0.45,0.55,0.56,0.01,0.01,76938.18,1777343711000
1777343712.976,12.976,0.44,0.45,0.55,0.56,0.01,0.01,76938.18,1777343711000
1777343713.363,13.363,0.44,0.45,0.55,0.56,0.01,0.01,76939.23,1777343712000
1777343713.804,13.804,0.41,0.42,0.55,0.56,0.01,0.01,76939.23,1777343712000
1777343714.252,14.252,0.39,0.41,0.59,0.61,0.02,0.02,76940.61,1777343713000
1777343714.722,14.722,0.39,0.4,0.6,0.61,0.01,0.01,76940.61,1777343713000
1777343715.112,15.112,0.39,0.4,0.6,0.61,0.01,0.01,76940.61,1777343713000
1777343715.458,15.458,0.39,0.41,0.6,0.61,0.02,0.01,76940.21,1777343714000
1777343715.927,15.927,0.4,0.41,0.58,0.6,0.01,0.02,76940.21,1777343714000
1777343716.474,16.474,0.41,0.42,0.58,0.59,0.01,0.01,76940.21,1777343714000
1777343716.857,16.857,0.41,0.42,0.58,0.59,0.01,0.01,76934.4,1777343715000
1777343717.318,17.318,0.41,0.42,0.58,0.59,0.01,0.01,76934.4,1777343715000
1777343717.696,17.696,0.4,0.41,0.59,0.6,0.01,0.01,76934.62,1777343716000
1777343718.244,18.244,0.4,0.41,0.59,0.6,0.01,0.01,76934.62,1777343716000
1777343718.806,18.806,0.4,0.41,0.59,0.6,0.01,0.01,76936.13,1777343717000
1777343719.306,19.306,0.4,0.41,0.59,0.6,0.01,0.01,76936.63,1777343718000
1777343719.687,19.687,0.39,0.4,0.59,0.61,0.01,0.02,76936.63,1777343718000
1777343720.289,20.289,0.39,0.4,0.6,0.61,0.01,0.01,76936.63,1777343719000
1777343720.682,20.682,0.38,0.39,0.61,0.62,0.01,0.01,76936.63,1777343719000
1777343721.153,21.153,0.38,0.39,0.61,0.62,0.01,0.01,76936.32,1777343720000
1777343721.751,21.751,0.41,0.42,0.61,0.62,0.01,0.01,76936.32,1777343720000
1777343722.161,22.161,0.43,0.44,0.56,0.59,0.01,0.03,76935.43,1777343721000
1777343722.791,22.791,0.43,0.44,0.56,0.57,0.01,0.01,76935.43,1777343721000
1777343723.199,23.199,0.43,0.44,0.56,0.57,0.01,0.01,76935.3,1777343722000
1777343723.784,23.784,0.43,0.44,0.56,0.57,0.01,0.01,76935.3,1777343722000
1777343724.139,24.139,0.42,0.43,0.57,0.58,0.01,0.01,76935.3,1777343722000
1777343724.644,24.644,0.42,0.43,0.57,0.58,0.01,0.01,76937.85,1777343723000
1777343725.042,25.042,0.41,0.42,0.58,0.59,0.01,0.01,76937.85,1777343723000
1777343725.604,25.604,0.4,0.42,0.58,0.59,0.02,0.01,76939.01,1777343724000
1777343726.362,26.362,0.4,0.42,0.58,0.6,0.02,0.02,76939.11,1777343725000
1777343726.976,26.976,0.4,0.41,0.59,0.6,0.01,0.01,76939.11,1777343725000
1777343727.385,27.385,0.4,0.41,0.59,0.6,0.01,0.01,76939.39,1777343726000
1777343727.964,27.964,0.4,0.41,0.59,0.6,0.01,0.01,76939.39,1777343726000
1777343728.436,28.436,0.4,0.41,0.59,0.6,0.01,0.01,76938.83,1777343727000
1777343728.873,28.873,0.42,0.43,0.57,0.59,0.01,0.02,76938.83,1777343727000
1777343729.448,29.448,0.41,0.43,0.57,0.59,0.02,0.02,76938.72,1777343728000
1777343729.844,29.844,0.42,0.43,0.57,0.58,0.01,0.01,76938.72,1777343728000
1777343730.387,30.387,0.41,0.43,0.57,0.58,0.02,0.01,76938.72,1777343728000
1777343731.0,31.0,0.41,0.42,0.58,0.59,0.01,0.01,76939.68,1777343729000
1777343731.454,31.454,0.41,0.42,0.58,0.59,0.01,0.01,76939.18,1777343730000
1777343731.794,31.794,0.4,0.41,0.59,0.6,0.01,0.01,76939.18,1777343730000
1777343732.207,32.207,0.4,0.41,0.59,0.6,0.01,0.01,76939.18,1777343730000
1777343732.701,32.701,0.4,0.41,0.59,0.6,0.01,0.01,76939.58,1777343731000
1777343733.245,33.245,0.41,0.42,0.58,0.59,0.01,0.01,76939.58,1777343731000
1777343733.718,33.718,0.41,0.42,0.58,0.59,0.01,0.01,76939.59,1777343732000
1777343734.67,34.67,0.39,0.42,0.58,0.59,0.03,0.01,76939.68,1777343733000
1777343735.06,35.06,0.38,0.4,0.6,0.62,0.02,0.02,76939.95,1777343734000
1777343735.788,35.788,0.38,0.39,0.6,0.62,0.01,0.02,76939.95,1777343734000
1777343736.327,36.327,0.38,0.39,0.61,0.62,0.01,0.01,76938.88,1777343735000
1777343736.665,36.665,0.37,0.39,0.61,0.63,0.02,0.02,76938.88,1777343735000
1777343737.316,37.316,0.37,0.38,0.62,0.63,0.01,0.01,76935.99,1777343736000
1777343738.134,38.134,0.37,0.38,0.62,0.63,0.01,0.01,76935.99,1777343736000
1777343738.736,38.736,0.37,0.38,0.62,0.63,0.01,0.01,76935.99,1777343737000
1777343739.351,39.351,0.37,0.38,0.62,0.63,0.01,0.01,76935.97,1777343738000
1777343739.852,39.852,0.37,0.38,0.62,0.63,0.01,0.01,76935.97,1777343738000
1777343740.201,40.201,0.39,0.41,0.59,0.61,0.02,0.02,76935.99,1777343739000
1777343740.544,40.544,0.41,0.42,0.58,0.59,0.01,0.01,76935.99,1777343739000
1777343740.88,40.88,0.41,0.42,0.58,0.59,0.01,0.01,76935.99,1777343739000
1777343741.28,41.28,0.41,0.42,0.58,0.59,0.01,0.01,76935.99,1777343739000
1777343741.712,41.712,0.41,0.42,0.58,0.59,0.01,0.01,76935.99,1777343740000
1777343742.112,42.112,0.41,0.42,0.58,0.59,0.01,0.01,76935.99,1777343740000
1777343742.467,42.467,0.41,0.42,0.58,0.59,0.01,0.01,76935.99,1777343740000
1777343742.883,42.883,0.41,0.42,0.58,0.59,0.01,0.01,76935.87,1777343741000
1777343743.288,43.288,0.41,0.43,0.58,0.59,0.02,0.01,76936.35,1777343742000
1777343744.014,44.014,0.42,0.43,0.57,0.58,0.01,0.01,76936.35,1777343742000
1777343744.506,44.506,0.42,0.43,0.57,0.58,0.01,0.01,76938.7,1777343743000
1777343745.017,45.017,0.42,0.43,0.57,0.59,0.01,0.02,76938.7,1777343743000
1777343745.454,45.454,0.42,0.43,0.57,0.58,0.01,0.01,76939.35,1777343744000
1777343745.823,45.823,0.42,0.43,0.57,0.58,0.01,0.01,76939.35,1777343744000
1777343746.207,46.207,0.42,0.43,0.57,0.58,0.01,0.01,76939.23,1777343745000
1777343746.902,46.902,0.42,0.43,0.57,0.58,0.01,0.01,76939.23,1777343745000
1777343747.385,47.385,0.42,0.43,0.57,0.58,0.01,0.01,76938.76,1777343746000
1777343747.72,47.72,0.42,0.43,0.57,0.58,0.01,0.01,76938.76,1777343746000
1777343748.148,48.148,0.44,0.45,0.55,0.56,0.01,0.01,76938.76,1777343746000
1777343748.562,48.562,0.44,0.45,0.55,0.56,0.01,0.01,76938.76,1777343746000
1777343748.906,48.906,0.44,0.45,0.55,0.56,0.01,0.01,76938.65,1777343747000
1777343749.332,49.332,0.44,0.45,0.55,0.56,0.01,0.01,76938.62,1777343748000
1777343749.674,49.674,0.44,0.45,0.55,0.56,0.01,0.01,76938.62,1777343748000
1777343750.012,50.012,0.43,0.44,0.55,0.57,0.01,0.02,76938.62,1777343748000
1777343750.37,50.37,0.4,0.42,0.58,0.6,0.02,0.02,76938.62,1777343748000
1777343751.045,51.045,0.39,0.4,0.59,0.61,0.01,0.02,76938.62,1777343749000
1777343751.803,51.803,0.38,0.39,0.6,0.61,0.01,0.01,76938.62,1777343750000
1777343752.709,52.709,0.38,0.39,0.61,0.62,0.01,0.01,76935.09,1777343751000
1777343753.316,53.316,0.38,0.39,0.61,0.62,0.01,0.01,76935.09,1777343752000
1777343754.499,54.499,0.38,0.39,0.61,0.62,0.01,0.01,76934.81,1777343753000
1777343755.015,55.015,0.38,0.39,0.61,0.62,0.01,0.01,76934.78,1777343754000
1777343755.373,55.373,0.38,0.39,0.61,0.62,0.01,0.01,76934.78,1777343754000
1777343755.882,55.882,0.38,0.39,0.61,0.62,0.01,0.01,76934.78,1777343754000
1777343756.449,56.449,0.38,0.39,0.61,0.62,0.01,0.01,76934.67,1777343755000
1777343757.067,57.067,0.38,0.39,0.61,0.62,0.01,0.01,76935.17,1777343756000
1777343757.481,57.481,0.38,0.39,0.61,0.62,0.01,0.01,76935.17,1777343756000
1777343758.442,58.442,0.38,0.39,0.61,0.62,0.01,0.01,76936.19,1777343757000
1777343758.811,58.811,0.38,0.39,0.61,0.62,0.01,0.01,76936.19,1777343757000
1777343759.397,59.397,0.38,0.39,0.61,0.62,0.01,0.01,76936.19,1777343758000
1777343760.051,60.051,0.38,0.39,0.61,0.62,0.01,0.01,76936.19,1777343758000
1777343760.419,60.419,0.36,0.37,0.63,0.64,0.01,0.01,76937.05,1777343759000
1777343760.928,60.928,0.33,0.34,0.66,0.67,0.01,0.01,76937.05,1777343759000
1777343761.435,61.435,0.33,0.34,0.66,0.67,0.01,0.01,76937.05,1777343759000
1777343761.837,61.837,0.33,0.34,0.66,0.67,0.01,0.01,76937.05,1777343759000
1777343762.221,62.221,0.33,0.34,0.66,0.67,0.01,0.01,76937.09,1777343761000
1777343762.807,62.807,0.33,0.34,0.66,0.67,0.01,0.01,76937.09,1777343761000
1777343763.421,63.421,0.33,0.34,0.66,0.67,0.01,0.01,76937.09,1777343761000
1777343763.973,63.973,0.33,0.34,0.66,0.67,0.01,0.01,76935.65,1777343763000
1777343764.444,64.444,0.32,0.33,0.66,0.68,0.01,0.02,76935.65,1777343763000
1777343765.174,65.174,0.32,0.33,0.67,0.68,0.01,0.01,76934.25,1777343764000
1777343765.845,65.845,0.32,0.33,0.67,0.68,0.01,0.01,76934.25,1777343764000
1777343766.223,66.223,0.32,0.33,0.67,0.68,0.01,0.01,76934.25,1777343764000
1777343766.657,66.657,0.31,0.33,0.67,0.68,0.02,0.01,76933.91,1777343765000
1777343766.997,66.997,0.27,0.33,0.67,0.69,0.06,0.02,76933.91,1777343765000
1777343767.332,67.332,0.26,0.29,0.71,0.74,0.03,0.03,76933.71,1777343766000
1777343767.666,67.666,0.27,0.29,0.71,0.73,0.02,0.02,76933.71,1777343766000
1777343768.001,68.001,0.27,0.28,0.72,0.73,0.01,0.01,76933.71,1777343766000
1777343768.374,68.374,0.29,0.3,0.7,0.71,0.01,0.01,76933.41,1777343767000
1777343768.876,68.876,0.29,0.31,0.7,0.71,0.02,0.01,76933.41,1777343767000
1777343769.317,69.317,0.29,0.3,0.7,0.71,0.01,0.01,76924.17,1777343768000
1777343769.907,69.907,0.31,0.32,0.68,0.69,0.01,0.01,76924.17,1777343768000
1777343770.358,70.358,0.31,0.32,0.68,0.69,0.01,0.01,76924.17,1777343768000
1777343770.883,70.883,0.32,0.33,0.67,0.68,0.01,0.01,76924.27,1777343769000
1777343771.225,71.225,0.32,0.33,0.67,0.68,0.01,0.01,76924.27,1777343769000
1777343771.592,71.592,0.33,0.34,0.66,0.67,0.01,0.01,76926.17,1777343770000
1777343771.998,71.998,0.36,0.37,0.64,0.66,0.01,0.02,76926.17,1777343770000
1777343772.338,72.338,0.37,0.38,0.62,0.64,0.01,0.02,76926.17,1777343770000
1777343772.709,72.709,0.42,0.43,0.57,0.58,0.01,0.01,76926.07,1777343771000
1777343773.046,73.046,0.44,0.46,0.54,0.55,0.02,0.01,76926.07,1777343771000
1777343773.431,73.431,0.48,0.49,0.51,0.53,0.01,0.02,76926.07,1777343771000
1777343773.786,73.786,0.48,0.49,0.51,0.52,0.01,0.01,76926.27,1777343772000
1777343774.155,74.155,0.49,0.5,0.5,0.51,0.01,0.01,76940.38,1777343773000
1777343774.517,74.517,0.43,0.44,0.55,0.57,0.01,0.02,76940.38,1777343773000
1777343774.9,74.9,0.41,0.42,0.58,0.59,0.01,0.01,76940.38,1777343773000
1777343775.314,75.314,0.41,0.42,0.58,0.59,0.01,0.01,76940.38,1777343773000
1777343775.65,75.65,0.41,0.42,0.58,0.59,0.01,0.01,76945.84,1777343774000
1777343775.996,75.996,0.36,0.37,0.63,0.64,0.01,0.01,76945.84,1777343774000
1777343776.36,76.36,0.35,0.36,0.63,0.64,0.01,0.01,76945.84,1777343774000
1777343776.766,76.766,0.35,0.36,0.64,0.65,0.01,0.01,76944.65,1777343775000
1777343777.125,77.125,0.35,0.36,0.64,0.65,0.01,0.01,76944.65,1777343775000
1777343777.47,77.47,0.35,0.36,0.64,0.65,0.01,0.01,76944.65,1777343775000
1777343778.021,78.021,0.35,0.36,0.64,0.65,0.01,0.01,76942.62,1777343776000
1777343778.386,78.386,0.35,0.36,0.64,0.65,0.01,0.01,76936.22,1777343777000
1777343778.799,78.799,0.36,0.37,0.63,0.64,0.01,0.01,76936.22,1777343777000
1777343779.237,79.237,0.36,0.37,0.63,0.64,0.01,0.01,76934.48,1777343778000
1777343779.592,79.592,0.35,0.36,0.64,0.65,0.01,0.01,76934.48,1777343778000
1777343779.948,79.948,0.35,0.37,0.64,0.65,0.02,0.01,76934.48,1777343778000
1777343780.43,80.43,0.36,0.37,0.63,0.64,0.01,0.01,76933.43,1777343779000
1777343780.816,80.816,0.35,0.36,0.64,0.65,0.01,0.01,76933.43,1777343779000
1777343781.382,81.382,0.35,0.37,0.63,0.64,0.02,0.01,76933.38,1777343780000
1777343781.721,81.721,0.35,0.36,0.63,0.65,0.01,0.02,76933.38,1777343780000
1777343782.061,82.061,0.35,0.37,0.63,0.64,0.02,0.01,76933.38,1777343780000
1777343782.411,82.411,0.35,0.36,0.64,0.65,0.01,0.01,76933.21,1777343781000
1777343782.876,82.876,0.35,0.36,0.64,0.65,0.01,0.01,76933.21,1777343781000
1777343783.236,83.236,0.36,0.37,0.63,0.64,0.01,0.01,76932.81,1777343782000
1777343783.596,83.596,0.36,0.37,0.63,0.64,0.01,0.01,76932.81,1777343782000
1777343784.14,84.14,0.36,0.37,0.63,0.64,0.01,0.01,76932.81,1777343782000
1777343784.557,84.557,0.37,0.38,0.62,0.63,0.01,0.01,76933.2,1777343783000
1777343785.053,85.053,0.37,0.38,0.62,0.63,0.01,0.01,76932.86,1777343784000
1777343785.449,85.449,0.37,0.38,0.62,0.63,0.01,0.01,76932.86,1777343784000
1777343785.936,85.936,0.38,0.39,0.61,0.62,0.01,0.01,76932.86,1777343784000
1777343786.333,86.333,0.38,0.39,0.61,0.62,0.01,0.01,76930.95,1777343785000
1777343786.686,86.686,0.39,0.4,0.6,0.62,0.01,0.02,76930.95,1777343785000
1777343787.022,87.022,0.39,0.4,0.6,0.61,0.01,0.01,76930.95,1777343785000
1777343787.378,87.378,0.39,0.4,0.6,0.61,0.01,0.01,76930.69,1777343786000
1777343787.743,87.743,0.39,0.4,0.6,0.61,0.01,0.01,76930.69,1777343786000
1777343788.123,88.123,0.4,0.41,0.59,0.6,0.01,0.01,76930.69,1777343786000
1777343788.505,88.505,0.4,0.41,0.59,0.6,0.01,0.01,76930.69,1777343786000
1777343788.881,88.881,0.4,0.41,0.59,0.6,0.01,0.01,76932.29,1777343787000
1777343789.25,89.25,0.4,0.41,0.59,0.6,0.01,0.01,76934.37,1777343788000
1777343789.586,89.586,0.4,0.41,0.59,0.6,0.01,0.01,76934.37,1777343788000
1777343789.923,89.923,0.4,0.41,0.59,0.6,0.01,0.01,76934.37,1777343788000
1777343790.304,90.304,0.4,0.41,0.59,0.6,0.01,0.01,76934.37,1777343788000
1777343790.721,90.721,0.4,0.41,0.59,0.6,0.01,0.01,76935.83,1777343789000
1777343791.055,91.055,0.41,0.42,0.58,0.59,0.01,0.01,76935.83,1777343789000
1777343791.409,91.409,0.41,0.42,0.58,0.59,0.01,0.01,76935.43,1777343790000
1777343791.758,91.758,0.41,0.42,0.58,0.59,0.01,0.01,76935.43,1777343790000
1777343792.124,92.124,0.41,0.42,0.58,0.59,0.01,0.01,76935.43,1777343790000
1777343792.487,92.487,0.41,0.42,0.58,0.59,0.01,0.01,76935.43,1777343790000
1777343792.957,92.957,0.41,0.42,0.58,0.59,0.01,0.01,76935.13,1777343791000
1777343793.323,93.323,0.41,0.42,0.58,0.59,0.01,0.01,76935.13,1777343792000
1777343793.84,93.84,0.41,0.42,0.58,0.59,0.01,0.01,76935.13,1777343792000
1777343794.26,94.26,0.41,0.42,0.58,0.59,0.01,0.01,76935.47,1777343793000
1777343794.604,94.604,0.41,0.42,0.58,0.59,0.01,0.01,76935.47,1777343793000
1777343794.941,94.941,0.41,0.42,0.58,0.59,0.01,0.01,76935.47,1777343793000
1777343795.329,95.329,0.41,0.42,0.58,0.59,0.01,0.01,76935.47,1777343793000
1777343795.716,95.716,0.41,0.42,0.58,0.59,0.01,0.01,76935.16,1777343794000
1777343796.074,96.074,0.41,0.42,0.58,0.59,0.01,0.01,76935.16,1777343794000
1777343796.441,96.441,0.47,0.48,0.52,0.53,0.01,0.01,76932.5,1777343795000
1777343796.833,96.833,0.49,0.5,0.5,0.52,0.01,0.02,76932.5,1777343795000
1777343797.17,97.17,0.5,0.51,0.49,0.5,0.01,0.01,76932.5,1777343795000
1777343797.609,97.609,0.5,0.51,0.49,0.5,0.01,0.01,76936.03,1777343796000
1777343798.011,98.011,0.5,0.51,0.49,0.5,0.01,0.01,76936.03,1777343796000
1777343798.384,98.384,0.5,0.51,0.49,0.5,0.01,0.01,76942.22,1777343797000
1777343798.731,98.731,0.5,0.51,0.49,0.5,0.01,0.01,76942.22,1777343797000
1777343799.084,99.084,0.47,0.49,0.51,0.53,0.02,0.02,76942.22,1777343797000
1777343799.497,99.497,0.43,0.44,0.56,0.57,0.01,0.01,76944.34,1777343798000
1777343800.091,100.091,0.43,0.44,0.56,0.57,0.01,0.01,76944.34,1777343798000
1777343800.443,100.443,0.41,0.42,0.57,0.59,0.01,0.02,76945.26,1777343799000
1777343800.811,100.811,0.41,0.42,0.58,0.59,0.01,0.01,76945.26,1777343799000
1777343801.161,101.161,0.41,0.42,0.58,0.59,0.01,0.01,76945.26,1777343799000
1777343801.515,101.515,0.41,0.42,0.58,0.59,0.01,0.01,76941.97,1777343800000
1777343801.971,101.971,0.41,0.42,0.58,0.59,0.01,0.01,76941.97,1777343800000
1777343802.331,102.331,0.41,0.42,0.58,0.59,0.01,0.01,76940.97,1777343801000
1777343802.668,102.668,0.4,0.42,0.58,0.59,0.02,0.01,76940.97,1777343801000
1777343803.001,103.001,0.4,0.41,0.59,0.6,0.01,0.01,76940.97,1777343801000
1777343803.426,103.426,0.4,0.41,0.59,0.6,0.01,0.01,76940.31,1777343802000
1777343803.785,103.785,0.4,0.41,0.59,0.6,0.01,0.01,76940.31,1777343802000
1777343804.126,104.126,0.4,0.41,0.59,0.6,0.01,0.01,76940.31,1777343802000
1777343804.485,104.485,0.4,0.41,0.59,0.6,0.01,0.01,76939.1,1777343803000
1777343804.827,104.827,0.39,0.41,0.59,0.6,0.02,0.01,76939.1,1777343803000
1777343805.192,105.192,0.4,0.41,0.59,0.6,0.01,0.01,76939.1,1777343803000
1777343805.599,105.599,0.4,0.41,0.59,0.6,0.01,0.01,76939.1,1777343803000
1777343805.995,105.995,0.4,0.41,0.59,0.6,0.01,0.01,76939.1,1777343803000
1777343806.488,106.488,0.4,0.41,0.59,0.6,0.01,0.01,76938.66,1777343804000
1777343806.922,106.922,0.41,0.42,0.58,0.59,0.01,0.01,76938.61,1777343805000
1777343807.339,107.339,0.41,0.42,0.58,0.59,0.01,0.01,76939.21,1777343806000
1777343807.784,107.784,0.41,0.42,0.58,0.59,0.01,0.01,76939.21,1777343806000
1777343808.198,108.198,0.41,0.42,0.58,0.59,0.01,0.01,76939.21,1777343806000
1777343808.55,108.55,0.41,0.42,0.58,0.59,0.01,0.01,76939.21,1777343806000
1777343808.939,108.939,0.41,0.42,0.58,0.59,0.01,0.01,76941.21,1777343807000
1777343809.277,109.277,0.41,0.42,0.58,0.59,0.01,0.01,76941.56,1777343808000
1777343809.809,109.809,0.41,0.42,0.58,0.59,0.01,0.01,76941.56,1777343808000
1777343810.373,110.373,0.41,0.42,0.58,0.59,0.01,0.01,76941.56,1777343808000
1777343811.221,111.221,0.41,0.42,0.58,0.59,0.01,0.01,76939.81,1777343810000
1777343812.293,112.293,0.41,0.42,0.58,0.59,0.01,0.01,76939.81,1777343810000
1777343812.793,112.793,0.41,0.42,0.58,0.59,0.01,0.01,76940.19,1777343811000
1777343813.298,113.298,0.41,0.42,0.58,0.59,0.01,0.01,76940.6,1777343812000
1777343813.744,113.744,0.39,0.42,0.58,0.59,0.03,0.01,76940.6,1777343812000
1777343814.466,114.466,0.38,0.39,0.61,0.62,0.01,0.01,76940.6,1777343812000
1777343815.12,115.12,0.38,0.39,0.61,0.62,0.01,0.01,76940.78,1777343813000
1777343815.746,115.746,0.38,0.39,0.61,0.62,0.01,0.01,76940.77,1777343814000
1777343816.216,116.216,0.38,0.39,0.61,0.62,0.01,0.01,76940.77,1777343814000
1777343816.573,116.573,0.38,0.39,0.61,0.62,0.01,0.01,76935.86,1777343815000
1777343816.964,116.964,0.38,0.39,0.61,0.62,0.01,0.01,76935.36,1777343816000
1777343817.502,117.502,0.38,0.39,0.61,0.62,0.01,0.01,76935.36,1777343816000
1777343817.851,117.851,0.38,0.39,0.61,0.62,0.01,0.01,76935.36,1777343816000
1777343818.209,118.209,0.38,0.39,0.61,0.62,0.01,0.01,76936.02,1777343817000
1777343818.597,118.597,0.38,0.39,0.61,0.62,0.01,0.01,76936.02,1777343817000
1777343819.242,119.242,0.38,0.39,0.61,0.62,0.01,0.01,76936.02,1777343817000
1777343819.584,119.584,0.38,0.39,0.61,0.62,0.01,0.01,76935.88,1777343818000
1777343819.922,119.922,0.38,0.39,0.61,0.62,0.01,0.01,76935.88,1777343818000
1777343820.34,120.34,0.38,0.39,0.61,0.62,0.01,0.01,76935.88,1777343818000
1777343820.726,120.726,0.38,0.39,0.61,0.62,0.01,0.01,76935.64,1777343819000
1777343821.106,121.106,0.38,0.39,0.61,0.62,0.01,0.01,76935.88,1777343820000
1777343821.494,121.494,0.38,0.39,0.61,0.62,0.01,0.01,76935.88,1777343820000
1777343821.85,121.85,0.38,0.39,0.61,0.62,0.01,0.01,76935.88,1777343820000
1777343822.234,122.234,0.38,0.39,0.61,0.62,0.01,0.01,76935.88,1777343821000
1777343822.963,122.963,0.38,0.39,0.61,0.62,0.01,0.01,76935.88,1777343821000
1777343823.326,123.326,0.38,0.39,0.61,0.62,0.01,0.01,76934.33,1777343822000
1777343823.708,123.708,0.38,0.39,0.61,0.62,0.01,0.01,76934.33,1777343822000
1777343824.117,124.117,0.38,0.39,0.61,0.62,0.01,0.01,76934.33,1777343822000
1777343824.606,124.606,0.38,0.39,0.61,0.62,0.01,0.01,76933.34,1777343823000
1777343825.025,125.025,0.38,0.39,0.61,0.62,0.01,0.01,76933.92,1777343824000
1777343825.518,125.518,0.38,0.39,0.61,0.62,0.01,0.01,76933.92,1777343824000
1777343825.855,125.855,0.38,0.39,0.61,0.63,0.01,0.02,76933.92,1777343824000
1777343826.269,126.269,0.37,0.38,0.62,0.63,0.01,0.01,76934.2,1777343825000
1777343826.755,126.755,0.37,0.38,0.62,0.63,0.01,0.01,76934.2,1777343825000
1777343827.214,127.214,0.37,0.38,0.62,0.63,0.01,0.01,76935.49,1777343826000
1777343827.689,127.689,0.36,0.37,0.62,0.64,0.01,0.02,76935.49,1777343826000
1777343828.108,128.108,0.36,0.37,0.63,0.64,0.01,0.01,76927.93,1777343827000
1777343828.493,128.493,0.36,0.37,0.63,0.64,0.01,0.01,76927.93,1777343827000
1777343828.827,128.827,0.36,0.37,0.63,0.64,0.01,0.01,76927.93,1777343827000
1777343829.251,129.251,0.36,0.37,0.63,0.64,0.01,0.01,76925.59,1777343828000
1777343829.633,129.633,0.36,0.37,0.63,0.64,0.01,0.01,76925.59,1777343828000
1777343830.02,130.02,0.36,0.37,0.63,0.64,0.01,0.01,76924.98,1777343829000
1777343830.373,130.373,0.36,0.37,0.63,0.64,0.01,0.01,76924.98,1777343829000
1777343830.872,130.872,0.36,0.37,0.63,0.64,0.01,0.01,76924.98,1777343829000
1777343831.225,131.225,0.36,0.37,0.63,0.64,0.01,0.01,76924.58,1777343830000
1777343831.655,131.655,0.36,0.37,0.63,0.64,0.01,0.01,76924.58,1777343830000
1777343832.061,132.061,0.36,0.37,0.63,0.64,0.01,0.01,76924.36,1777343831000
1777343832.428,132.428,0.36,0.37,0.63,0.64,0.01,0.01,76924.36,1777343831000
1777343833.014,133.014,0.36,0.37,0.63,0.64,0.01,0.01,76924.1,1777343832000
1777343833.372,133.372,0.32,0.36,0.63,0.65,0.04,0.02,76924.1,1777343832000
1777343833.824,133.824,0.31,0.33,0.67,0.68,0.02,0.01,76924.1,1777343832000
1777343834.183,134.183,0.29,0.32,0.68,0.69,0.03,0.01,76923.88,1777343833000
1777343834.695,134.695,0.28,0.3,0.7,0.71,0.02,0.01,76923.88,1777343833000
1777343835.096,135.096,0.28,0.29,0.71,0.72,0.01,0.01,76923.88,1777343833000
1777343835.461,135.461,0.27,0.28,0.72,0.73,0.01,0.01,76923.88,1777343833000
1777343836.277,136.277,0.27,0.28,0.72,0.73,0.01,0.01,76923.77,1777343835000
1777343836.62,136.62,0.27,0.28,0.72,0.73,0.01,0.01,76923.77,1777343835000
1777343837.177,137.177,0.27,0.28,0.72,0.73,0.01,0.01,76923.77,1777343835000
1777343837.638,137.638,0.27,0.28,0.72,0.73,0.01,0.01,76922.07,1777343836000
1777343838.009,138.009,0.27,0.28,0.72,0.73,0.01,0.01,76922.07,1777343836000
1777343838.342,138.342,0.27,0.28,0.72,0.73,0.01,0.01,76921.78,1777343837000
1777343838.767,138.767,0.26,0.27,0.73,0.74,0.01,0.01,76921.78,1777343837000
1777343839.153,139.153,0.25,0.26,0.74,0.75,0.01,0.01,76919.8,1777343838000
1777343839.501,139.501,0.25,0.26,0.74,0.75,0.01,0.01,76919.8,1777343838000
1777343839.866,139.866,0.25,0.26,0.74,0.75,0.01,0.01,76919.8,1777343838000
1777343840.319,140.319,0.25,0.26,0.74,0.75,0.01,0.01,76919.8,1777343838000
1777343840.695,140.695,0.24,0.26,0.74,0.75,0.02,0.01,76919.59,1777343839000
1777343841.031,141.031,0.24,0.25,0.75,0.76,0.01,0.01,76919.6,1777343840000
1777343841.385,141.385,0.24,0.25,0.75,0.76,0.01,0.01,76919.6,1777343840000
1777343841.81,141.81,0.24,0.25,0.75,0.76,0.01,0.01,76919.6,1777343840000
1777343842.199,142.199,0.24,0.25,0.75,0.76,0.01,0.01,76919.65,1777343841000
1777343842.536,142.536,0.24,0.25,0.75,0.76,0.01,0.01,76919.65,1777343841000
1777343842.946,142.946,0.25,0.26,0.74,0.75,0.01,0.01,76919.65,1777343841000
1777343843.306,143.306,0.3,0.31,0.69,0.7,0.01,0.01,76919.65,1777343841000
1777343843.662,143.662,0.3,0.31,0.69,0.7,0.01,0.01,76919.45,1777343842000
1777343844.005,144.005,0.32,0.36,0.66,0.68,0.04,0.02,76919.45,1777343842000
1777343844.355,144.355,0.35,0.36,0.64,0.65,0.01,0.01,76919.55,1777343843000
1777343844.845,144.845,0.35,0.36,0.64,0.65,0.01,0.01,76919.55,1777343843000
1777343845.211,145.211,0.35,0.36,0.64,0.65,0.01,0.01,76919.55,1777343843000
1777343845.545,145.545,0.35,0.36,0.64,0.65,0.01,0.01,76927.56,1777343844000
1777343845.882,145.882,0.36,0.37,0.63,0.64,0.01,0.01,76927.56,1777343844000
1777343846.215,146.215,0.36,0.38,0.62,0.64,0.02,0.02,76927.56,1777343844000
1777343846.576,146.576,0.37,0.38,0.62,0.63,0.01,0.01,76929.61,1777343845000
1777343846.913,146.913,0.37,0.38,0.62,0.63,0.01,0.01,76929.61,1777343845000
1777343847.259,147.259,0.37,0.38,0.61,0.63,0.01,0.02,76929.38,1777343846000
1777343847.6,147.6,0.37,0.38,0.62,0.63,0.01,0.01,76929.38,1777343846000
1777343847.953,147.953,0.37,0.38,0.62,0.63,0.01,0.01,76929.38,1777343846000
1777343848.287,148.287,0.37,0.38,0.62,0.63,0.01,0.01,76936.02,1777343847000
1777343848.724,148.724,0.36,0.37,0.63,0.64,0.01,0.01,76936.02,1777343847000
1777343849.168,149.168,0.36,0.37,0.63,0.64,0.01,0.01,76936.02,1777343847000
1777343849.583,149.583,0.36,0.37,0.63,0.64,0.01,0.01,76936.4,1777343848000
1777343849.958,149.958,0.36,0.37,0.63,0.64,0.01,0.01,76936.4,1777343848000
1777343850.3,150.3,0.36,0.37,0.63,0.64,0.01,0.01,76936.4,1777343848000
1777343850.633,150.633,0.36,0.37,0.63,0.64,0.01,0.01,76935.85,1777343849000
1777343850.968,150.968,0.37,0.42,0.61,0.63,0.05,0.02,76935.85,1777343849000
1777343851.425,151.425,0.42,0.43,0.57,0.58,0.01,0.01,76935.85,1777343850000
1777343851.804,151.804,0.42,0.43,0.57,0.58,0.01,0.01,76935.85,1777343850000
1777343852.173,152.173,0.42,0.43,0.57,0.58,0.01,0.01,76935.85,1777343850000
1777343852.566,152.566,0.42,0.43,0.57,0.58,0.01,0.01,76935.93,1777343851000
1777343852.913,152.913,0.43,0.44,0.56,0.57,0.01,0.01,76935.93,1777343851000
1777343853.299,153.299,0.43,0.44,0.56,0.57,0.01,0.01,76943.49,1777343852000
1777343853.746,153.746,0.48,0.49,0.51,0.55,0.01,0.04,76943.49,1777343852000
1777343854.11,154.11,0.48,0.49,0.51,0.52,0.01,0.01,76943.49,1777343852000
1777343854.528,154.528,0.48,0.49,0.51,0.52,0.01,0.01,76944.74,1777343853000
1777343854.961,154.961,0.49,0.5,0.5,0.51,0.01,0.01,76944.74,1777343853000
1777343855.316,155.316,0.49,0.5,0.5,0.51,0.01,0.01,76944.74,1777343853000
1777343855.811,155.811,0.49,0.5,0.5,0.51,0.01,0.01,76948.24,1777343854000
1777343856.172,156.172,0.49,0.5,0.5,0.51,0.01,0.01,76948.24,1777343854000
1777343856.665,156.665,0.49,0.5,0.5,0.51,0.01,0.01,76950.71,1777343855000
1777343857.072,157.072,0.49,0.5,0.5,0.51,0.01,0.01,76950.71,1777343855000
1777343857.477,157.477,0.49,0.5,0.5,0.51,0.01,0.01,76951.1,1777343856000
1777343857.931,157.931,0.49,0.5,0.5,0.51,0.01,0.01,76951.1,1777343856000
1777343858.28,158.28,0.49,0.5,0.5,0.51,0.01,0.01,76951.1,1777343856000
1777343858.63,158.63,0.49,0.5,0.5,0.51,0.01,0.01,76950.18,1777343857000
1777343859.039,159.039,0.5,0.51,0.49,0.5,0.01,0.01,76950.18,1777343857000
1777343859.418,159.418,0.5,0.51,0.49,0.5,0.01,0.01,76950.18,1777343857000
1777343859.884,159.884,0.5,0.51,0.49,0.5,0.01,0.01,76951.1,1777343858000
1777343860.247,160.247,0.49,0.5,0.49,0.51,0.01,0.02,76951.13,1777343859000
1777343860.647,160.647,0.49,0.5,0.5,0.51,0.01,0.01,76951.13,1777343859000
1777343861.091,161.091,0.49,0.5,0.5,0.51,0.01,0.01,76951.46,1777343860000
1777343861.437,161.437,0.46,0.48,0.5,0.51,0.02,0.01,76951.46,1777343860000
1777343861.828,161.828,0.27,0.29,0.66,0.73,0.02,0.07,76951.46,1777343860000
1777343862.447,162.447,0.26,0.27,0.72,0.74,0.01,0.02,76952.83,1777343861000
1777343862.913,162.913,0.26,0.27,0.73,0.74,0.01,0.01,76952.83,1777343861000
1777343863.28,163.28,0.26,0.27,0.73,0.74,0.01,0.01,76928.51,1777343862000
1777343864.096,164.096,0.26,0.27,0.73,0.74,0.01,0.01,76927.15,1777343863000
1777343864.438,164.438,0.27,0.28,0.72,0.73,0.01,0.01,76927.15,1777343863000
1777343864.774,164.774,0.27,0.28,0.72,0.73,0.01,0.01,76927.15,1777343863000
1777343865.122,165.122,0.27,0.28,0.72,0.73,0.01,0.01,76927.15,1777343863000
1777343865.493,165.493,0.27,0.28,0.72,0.73,0.01,0.01,76927.01,1777343864000
1777343865.905,165.905,0.27,0.28,0.72,0.73,0.01,0.01,76927.01,1777343864000
1777343866.459,166.459,0.27,0.28,0.72,0.73,0.01,0.01,76927.01,1777343864000
1777343867.008,167.008,0.27,0.28,0.72,0.73,0.01,0.01,76927.01,1777343864000
1777343867.372,167.372,0.27,0.28,0.72,0.73,0.01,0.01,76927.01,1777343865000
1777343867.961,167.961,0.27,0.28,0.72,0.73,0.01,0.01,76927.17,1777343866000
1777343868.302,168.302,0.27,0.28,0.72,0.73,0.01,0.01,76927.17,1777343866000
1777343868.722,168.722,0.27,0.28,0.72,0.73,0.01,0.01,76927.17,1777343866000
1777343869.392,169.392,0.27,0.28,0.72,0.73,0.01,0.01,76926.55,1777343868000
1777343869.994,169.994,0.27,0.28,0.72,0.73,0.01,0.01,76926.55,1777343868000
1777343870.416,170.416,0.27,0.28,0.72,0.73,0.01,0.01,76926.55,1777343868000
1777343871.183,171.183,0.27,0.28,0.72,0.73,0.01,0.01,76926.56,1777343869000
1777343871.584,171.584,0.27,0.28,0.72,0.73,0.01,0.01,76926.56,1777343869000
1777343872.053,172.053,0.24,0.28,0.72,0.73,0.04,0.01,76926.6,1777343870000
1777343872.486,172.486,0.24,0.25,0.72,0.76,0.01,0.04,76926.6,1777343870000
1777343872.864,172.864,0.23,0.25,0.75,0.76,0.02,0.01,76925.48,1777343871000
1777343873.274,173.274,0.23,0.24,0.76,0.77,0.01,0.01,76925.48,1777343871000
1777343873.618,173.618,0.23,0.24,0.76,0.77,0.01,0.01,76926.08,1777343872000
1777343874.0,174.0,0.23,0.24,0.76,0.77,0.01,0.01,76925.34,1777343873000
1777343874.819,174.819,0.22,0.23,0.77,0.78,0.01,0.01,76925.34,1777343873000
1777343875.183,175.183,0.22,0.23,0.77,0.78,0.01,0.01,76925.34,1777343873000
1777343875.55,175.55,0.2,0.21,0.79,0.8,0.01,0.01,76925.45,1777343874000
1777343875.989,175.989,0.2,0.21,0.79,0.8,0.01,0.01,76921.68,1777343875000
1777343876.405,176.405,0.2,0.21,0.79,0.8,0.01,0.01,76921.68,1777343875000
1777343876.925,176.925,0.2,0.21,0.79,0.8,0.01,0.01,76921.68,1777343875000
1777343877.349,177.349,0.2,0.21,0.79,0.8,0.01,0.01,76921.68,1777343875000
1777343877.811,177.811,0.18,0.19,0.8,0.82,0.01,0.02,76919.2,1777343876000
1777343878.282,178.282,0.16,0.19,0.81,0.82,0.03,0.01,76919.2,1777343876000
1777343878.648,178.648,0.16,0.19,0.81,0.84,0.03,0.03,76918.38,1777343877000
1777343879.117,179.117,0.16,0.17,0.83,0.84,0.01,0.01,76918.38,1777343877000
1777343879.759,179.759,0.16,0.17,0.83,0.84,0.01,0.01,76918.31,1777343878000
1777343880.291,180.291,0.16,0.17,0.83,0.84,0.01,0.01,76918.06,1777343879000
1777343880.626,180.626,0.12,0.13,0.87,0.88,0.01,0.01,76918.06,1777343879000
1777343880.967,180.967,0.12,0.13,0.87,0.88,0.01,0.01,76918.06,1777343879000
1777343881.306,181.306,0.15,0.16,0.84,0.85,0.01,0.01,76918.06,1777343879000
1777343881.698,181.698,0.13,0.14,0.86,0.87,0.01,0.01,76918.06,1777343880000
1777343882.034,182.034,0.13,0.14,0.86,0.87,0.01,0.01,76918.06,1777343880000
1777343882.385,182.385,0.13,0.14,0.86,0.87,0.01,0.01,76918.06,1777343880000
1777343882.723,182.723,0.14,0.15,0.85,0.86,0.01,0.01,76914.0,1777343881000
1777343883.133,183.133,0.14,0.15,0.85,0.86,0.01,0.01,76914.0,1777343881000
1777343883.604,183.604,0.14,0.15,0.85,0.86,0.01,0.01,76910.48,1777343882000
1777343883.963,183.963,0.14,0.15,0.85,0.86,0.01,0.01,76910.48,1777343882000
1777343884.601,184.601,0.14,0.15,0.85,0.86,0.01,0.01,76910.48,1777343882000
1777343885.016,185.016,0.15,0.16,0.84,0.86,0.01,0.02,76908.93,1777343883000
1777343885.363,185.363,0.15,0.16,0.84,0.85,0.01,0.01,76909.86,1777343884000
1777343885.707,185.707,0.14,0.16,0.84,0.85,0.02,0.01,76909.86,1777343884000
1777343886.051,186.051,0.14,0.15,0.85,0.86,0.01,0.01,76909.86,1777343884000
1777343886.621,186.621,0.14,0.15,0.85,0.86,0.01,0.01,76909.48,1777343885000
1777343887.0,187.0,0.14,0.15,0.85,0.86,0.01,0.01,76909.48,1777343885000
1777343887.38,187.38,0.14,0.15,0.85,0.86,0.01,0.01,76908.81,1777343886000
1777343887.784,187.784,0.14,0.15,0.85,0.86,0.01,0.01,76908.81,1777343886000
1777343888.351,188.351,0.14,0.15,0.85,0.86,0.01,0.01,76908.81,1777343886000
1777343888.738,188.738,0.14,0.15,0.85,0.86,0.01,0.01,76908.78,1777343887000
1777343889.099,189.099,0.14,0.15,0.85,0.86,0.01,0.01,76908.64,1777343888000
1777343889.756,189.756,0.14,0.15,0.85,0.86,0.01,0.01,76908.64,1777343888000
1777343890.197,190.197,0.14,0.15,0.85,0.86,0.01,0.01,76908.64,1777343888000
1777343890.53,190.53,0.14,0.15,0.85,0.86,0.01,0.01,76906.56,1777343889000
1777343890.94,190.94,0.14,0.15,0.85,0.86,0.01,0.01,76906.56,1777343889000
1777343891.452,191.452,0.14,0.15,0.85,0.86,0.01,0.01,76905.58,1777343890000
1777343891.865,191.865,0.14,0.15,0.85,0.86,0.01,0.01,76905.58,1777343890000
1777343892.243,192.243,0.14,0.15,0.85,0.86,0.01,0.01,76905.11,1777343891000
1777343892.927,192.927,0.14,0.15,0.85,0.86,0.01,0.01,76905.11,1777343891000
1777343893.336,193.336,0.14,0.15,0.85,0.86,0.01,0.01,76905.11,1777343891000
1777343893.689,193.689,0.14,0.15,0.85,0.86,0.01,0.01,76904.24,1777343892000
1777343894.105,194.105,0.14,0.15,0.85,0.86,0.01,0.01,76904.24,1777343892000
1777343894.481,194.481,0.11,0.12,0.88,0.89,0.01,0.01,76904.4,1777343893000
1777343894.86,194.86,0.11,0.12,0.88,0.89,0.01,0.01,76904.4,1777343893000
1777343895.198,195.198,0.11,0.12,0.88,0.89,0.01,0.01,76904.4,1777343893000
1777343895.609,195.609,0.1,0.12,0.88,0.89,0.02,0.01,76903.48,1777343894000
1777343895.986,195.986,0.1,0.11,0.89,0.9,0.01,0.01,76903.48,1777343894000
1777343896.426,196.426,0.14,0.15,0.85,0.86,0.01,0.01,76903.48,1777343894000
1777343896.834,196.834,0.14,0.15,0.85,0.86,0.01,0.01,76904.09,1777343895000
1777343897.207,197.207,0.14,0.15,0.85,0.86,0.01,0.01,76904.09,1777343895000
1777343897.688,197.688,0.14,0.15,0.85,0.86,0.01,0.01,76903.17,1777343896000
1777343898.059,198.059,0.13,0.14,0.86,0.87,0.01,0.01,76903.17,1777343896000
1777343898.711,198.711,0.12,0.14,0.86,0.87,0.02,0.01,76903.17,1777343896000
1777343899.064,199.064,0.11,0.13,0.86,0.88,0.02,0.02,76903.17,1777343896000
1777343899.553,199.553,0.11,0.12,0.87,0.89,0.01,0.02,76904.96,1777343897000
1777343899.886,199.886,0.11,0.12,0.88,0.89,0.01,0.01,76905.31,1777343898000
1777343900.321,200.321,0.1,0.11,0.89,0.9,0.01,0.01,76905.31,1777343898000
1777343900.798,200.798,0.1,0.11,0.89,0.9,0.01,0.01,76906.33,1777343899000
1777343901.193,201.193,0.1,0.11,0.89,0.9,0.01,0.01,76906.86,1777343900000
1777343901.526,201.526,0.1,0.11,0.89,0.9,0.01,0.01,76906.86,1777343900000
1777343901.906,201.906,0.1,0.11,0.89,0.9,0.01,0.01,76906.86,1777343900000
1777343902.404,202.404,0.1,0.11,0.89,0.9,0.01,0.01,76906.83,1777343901000
1777343902.799,202.799,0.1,0.11,0.89,0.9,0.01,0.01,76906.83,1777343901000
1777343903.165,203.165,0.07,0.08,0.91,0.93,0.01,0.02,76906.29,1777343902000
1777343903.521,203.521,0.07,0.08,0.92,0.93,0.01,0.01,76906.29,1777343902000
1777343903.9,203.9,0.08,0.09,0.91,0.92,0.01,0.01,76906.29,1777343902000
1777343904.354,204.354,0.08,0.09,0.91,0.92,0.01,0.01,76904.51,1777343903000
1777343905.206,205.206,0.08,0.09,0.91,0.92,0.01,0.01,76904.51,1777343903000
1777343905.643,205.643,0.08,0.09,0.91,0.92,0.01,0.01,76903.25,1777343904000
1777343906.09,206.09,0.08,0.09,0.91,0.92,0.01,0.01,76903.25,1777343905000
1777343906.549,206.549,0.08,0.09,0.91,0.92,0.01,0.01,76903.25,1777343905000
1777343907.206,207.206,0.08,0.09,0.91,0.92,0.01,0.01,76903.25,1777343905000
1777343907.594,207.594,0.08,0.09,0.91,0.92,0.01,0.01,76903.21,1777343906000
1777343908.056,208.056,0.08,0.09,0.91,0.92,0.01,0.01,76903.21,1777343906000
1777343908.451,208.451,0.08,0.09,0.91,0.92,0.01,0.01,76903.21,1777343907000
1777343909.182,209.182,0.08,0.09,0.91,0.92,0.01,0.01,76903.21,1777343907000
1777343909.678,209.678,0.08,0.09,0.91,0.92,0.01,0.01,76903.67,1777343908000
1777343910.33,210.33,0.08,0.1,0.91,0.92,0.02,0.01,76903.67,1777343908000
1777343910.691,210.691,0.09,0.1,0.9,0.91,0.01,0.01,76903.09,1777343909000
1777343911.127,211.127,0.08,0.09,0.91,0.92,0.01,0.01,76903.09,1777343909000
1777343911.66,211.66,0.08,0.09,0.91,0.92,0.01,0.01,76903.07,1777343910000
1777343912.028,212.028,0.08,0.09,0.91,0.92,0.01,0.01,76903.03,1777343911000
1777343912.513,212.513,0.08,0.09,0.91,0.92,0.01,0.01,76903.03,1777343911000
1777343912.94,212.94,0.08,0.09,0.91,0.92,0.01,0.01,76903.03,1777343911000
1777343913.294,213.294,0.08,0.09,0.91,0.92,0.01,0.01,76902.33,1777343912000
1777343913.746,213.746,0.08,0.09,0.91,0.92,0.01,0.01,76902.33,1777343912000
1777343914.237,214.237,0.09,0.1,0.9,0.91,0.01,0.01,76902.33,1777343912000
1777343914.69,214.69,0.09,0.1,0.9,0.91,0.01,0.01,76903.01,1777343913000
1777343915.116,215.116,0.09,0.1,0.9,0.91,0.01,0.01,76903.01,1777343913000
1777343915.452,215.452,0.09,0.1,0.9,0.91,0.01,0.01,76903.01,1777343913000
1777343915.791,215.791,0.05,0.06,0.94,0.95,0.01,0.01,76902.8,1777343914000
1777343916.139,216.139,0.04,0.05,0.94,0.96,0.01,0.02,76902.8,1777343914000
1777343916.488,216.488,0.04,0.05,0.95,0.96,0.01,0.01,76901.25,1777343915000
1777343916.85,216.85,0.04,0.05,0.95,0.96,0.01,0.01,76901.25,1777343915000
1777343917.196,217.196,0.04,0.05,0.95,0.96,0.01,0.01,76901.25,1777343915000
1777343917.609,217.609,0.04,0.05,0.95,0.96,0.01,0.01,76892.03,1777343916000
1777343918.024,218.024,0.05,0.06,0.94,0.95,0.01,0.01,76892.03,1777343916000
1777343918.374,218.374,0.06,0.07,0.93,0.94,0.01,0.01,76884.35,1777343917000
1777343918.748,218.748,0.06,0.07,0.93,0.94,0.01,0.01,76884.35,1777343917000
1777343919.119,219.119,0.07,0.08,0.92,0.94,0.01,0.02,76884.35,1777343917000
1777343919.56,219.56,0.07,0.08,0.92,0.93,0.01,0.01,76888.97,1777343918000
1777343919.972,219.972,0.07,0.08,0.92,0.93,0.01,0.01,76888.97,1777343918000
1777343920.334,220.334,0.07,0.08,0.92,0.93,0.01,0.01,76894.68,1777343919000
1777343920.8,220.8,0.05,0.06,0.92,0.93,0.01,0.01,76894.68,1777343919000
1777343921.181,221.181,0.05,0.06,0.94,0.95,0.01,0.01,76894.68,1777343919000
1777343921.563,221.563,0.05,0.06,0.94,0.95,0.01,0.01,76894.87,1777343920000
1777343921.972,221.972,0.05,0.06,0.94,0.95,0.01,0.01,76895.29,1777343921000
1777343922.306,222.306,0.04,0.05,0.94,0.95,0.01,0.01,76895.29,1777343921000
1777343922.701,222.701,0.04,0.05,0.95,0.96,0.01,0.01,76895.29,1777343921000
1777343923.095,223.095,0.04,0.05,0.95,0.96,0.01,0.01,76895.29,1777343921000
1777343923.561,223.561,0.04,0.05,0.95,0.96,0.01,0.01,76893.64,1777343922000
1777343924.001,224.001,0.04,0.05,0.95,0.96,0.01,0.01,76893.64,1777343922000
1777343924.335,224.335,0.04,0.05,0.95,0.96,0.01,0.01,76887.54,1777343923000
1777343924.853,224.853,0.03,0.04,0.96,0.97,0.01,0.01,76887.54,1777343923000
1777343925.248,225.248,0.03,0.04,0.96,0.97,0.01,0.01,76887.54,1777343923000
1777343925.648,225.648,0.03,0.04,0.96,0.97,0.01,0.01,76887.36,1777343924000
1777343925.997,225.997,0.03,0.04,0.96,0.97,0.01,0.01,76887.36,1777343924000
1777343926.331,226.331,0.03,0.04,0.96,0.97,0.01,0.01,76887.36,1777343924000
1777343926.78,226.78,0.03,0.04,0.96,0.97,0.01,0.01,76885.18,1777343925000
1777343927.198,227.198,0.03,0.04,0.96,0.97,0.01,0.01,76884.82,1777343926000
1777343927.6,227.6,0.03,0.04,0.96,0.97,0.01,0.01,76884.82,1777343926000
1777343927.981,227.981,0.03,0.04,0.96,0.97,0.01,0.01,76882.9,1777343927000
1777343928.315,228.315,0.03,0.04,0.96,0.97,0.01,0.01,76882.9,1777343927000
1777343929.158,229.158,0.03,0.04,0.96,0.97,0.01,0.01,76882.9,1777343927000
1777343929.509,229.509,0.03,0.04,0.96,0.97,0.01,0.01,76882.9,1777343927000
1777343929.861,229.861,0.02,0.03,0.97,0.98,0.01,0.01,76880.19,1777343928000
1777343930.22,230.22,0.02,0.03,0.97,0.98,0.01,0.01,76878.92,1777343929000
1777343930.631,230.631,0.02,0.03,0.97,0.98,0.01,0.01,76878.92,1777343929000
1777343931.045,231.045,0.01,0.02,0.97,0.99,0.01,0.02,76878.92,1777343929000
1777343931.402,231.402,0.01,0.02,0.98,0.99,0.01,0.01,76876.78,1777343930000
1777343931.751,231.751,0.01,0.02,0.98,0.99,0.01,0.01,76876.78,1777343930000
1777343932.086,232.086,0.01,0.02,0.98,0.99,0.01,0.01,76869.95,1777343931000
1777343932.477,232.477,0.01,0.02,0.98,0.99,0.01,0.01,76869.95,1777343931000
1777343932.816,232.816,0.01,0.02,0.98,0.99,0.01,0.01,76869.95,1777343931000
1777343933.206,233.206,0.01,0.02,0.98,0.99,0.01,0.01,76865.14,1777343932000
1777343933.547,233.547,0.01,0.02,0.98,0.99,0.01,0.01,76865.14,1777343932000
1777343933.95,233.95,0.01,0.01,0.99,0.99,0.0,0.0,76865.14,1777343932000
1777343934.332,234.332,0.01,0.01,0.99,0.99,0.0,0.0,76863.73,1777343933000
1777343934.728,234.728,0.01,0.01,0.99,0.99,0.0,0.0,76863.73,1777343933000
1777343935.86,235.86,0.01,0.01,0.99,0.99,0.0,0.0,76855.64,1777343934000
1777343937.037,237.037,0.01,0.01,0.99,0.99,0.0,0.0,76856.51,1777343935000
1777343937.444,237.444,0.01,0.01,0.99,0.99,0.0,0.0,76857.38,1777343936000
1777343937.862,237.862,0.01,0.01,0.99,0.99,0.0,0.0,76857.38,1777343936000
1777343938.444,238.444,0.01,0.01,0.99,0.99,0.0,0.0,76857.74,1777343937000
1777343939.075,239.075,0.01,0.01,0.99,0.99,0.0,0.0,76857.74,1777343937000
1777343940.056,240.056,0.01,0.01,0.99,0.99,0.0,0.0,76857.6,1777343939000
1777343940.477,240.477,0.01,0.01,0.99,0.99,0.0,0.0,76857.6,1777343939000
1777343941.059,241.059,0.01,0.01,0.99,0.99,0.0,0.0,76857.6,1777343939000
1777343941.863,241.863,0.01,0.01,0.99,0.99,0.0,0.0,76856.36,1777343940000
1777343942.405,242.405,0.01,0.01,0.99,0.99,0.0,0.0,76856.36,1777343940000
1777343942.986,242.986,0.01,0.01,0.99,0.99,0.0,0.0,76853.1,1777343941000
1777343943.693,243.693,0.01,0.01,0.99,0.99,0.0,0.0,76851.09,1777343942000
1777343944.263,244.263,0.01,0.01,0.99,0.99,0.0,0.0,76850.68,1777343943000
1777343945.172,245.172,0.01,0.01,0.99,0.99,0.0,0.0,76850.68,1777343943000
1777343945.912,245.912,0.01,0.01,0.99,0.99,0.0,0.0,76848.2,1777343944000
1777343946.522,246.522,0.01,0.01,0.99,0.99,0.0,0.0,76848.2,1777343944000
1777343947.223,247.223,0.01,0.01,0.99,0.99,0.0,0.0,76846.24,1777343945000
1777343948.894,248.894,0.01,0.01,0.99,0.99,0.0,0.0,76786.76,1777343947000
1777343949.514,249.514,0.01,0.01,0.99,0.99,0.0,0.0,76770.01,1777343948000
1777343950.284,250.284,0.01,0.01,0.99,0.99,0.0,0.0,76755.43,1777343949000
1777343951.648,251.648,0.01,0.01,0.99,0.99,0.0,0.0,76755.43,1777343949000
1777343952.59,252.59,0.01,0.01,0.99,0.99,0.0,0.0,76743.77,1777343951000
1777343953.448,253.448,0.01,0.01,0.99,0.99,0.0,0.0,76727.57,1777343952000
1777343954.225,254.225,0.01,0.01,0.99,0.99,0.0,0.0,76722.24,1777343953000
1777343954.99,254.99,0.01,0.01,0.99,0.99,0.0,0.0,76722.24,1777343953000
1777343955.817,255.817,0.01,0.01,0.99,0.99,0.0,0.0,76695.54,1777343954000
1777343956.473,256.473,0.01,0.01,0.99,0.99,0.0,0.0,76691.61,1777343955000
1777343957.275,257.275,0.01,0.01,0.99,0.99,0.0,0.0,76699.6,1777343956000
1777343958.643,258.643,0.01,0.01,0.99,0.99,0.0,0.0,76701.75,1777343957000
1777343959.208,259.208,0.01,0.01,0.99,0.99,0.0,0.0,76701.75,1777343957000
1777343959.743,259.743,0.01,0.01,0.99,0.99,0.0,0.0,76700.44,1777343958000
1777343960.202,260.202,0.01,0.01,0.99,0.99,0.0,0.0,76692.61,1777343959000
1777343962.364,262.364,0.01,0.01,0.99,0.99,0.0,0.0,76684.38,1777343961000
1777343963.414,263.414,0.01,0.01,0.99,0.99,0.0,0.0,76681.04,1777343962000
1777343963.987,263.987,0.01,0.01,0.99,0.99,0.0,0.0,76683.33,1777343963000
1777343964.816,264.816,0.01,0.01,0.99,0.99,0.0,0.0,76683.33,1777343963000
1777343965.166,265.166,0.01,0.01,0.99,0.99,0.0,0.0,76691.98,1777343964000
1777343966.314,266.314,0.01,0.01,0.99,0.99,0.0,0.0,76706.1,1777343965000
1777343966.903,266.903,0.01,0.01,0.99,0.99,0.0,0.0,76706.1,1777343965000
1777343967.731,267.731,0.01,0.01,0.99,0.99,0.0,0.0,76714.05,1777343966000
1777343968.263,268.263,0.01,0.01,0.99,0.99,0.0,0.0,76721.05,1777343967000
1777343969.035,269.035,0.01,0.01,0.99,0.99,0.0,0.0,76721.05,1777343967000
1777343969.448,269.448,0.01,0.01,0.99,0.99,0.0,0.0,76734.03,1777343968000
1777343970.017,270.017,0.01,0.01,0.99,0.99,0.0,0.0,76743.76,1777343969000
1777343970.382,270.382,0.01,0.01,0.99,0.99,0.0,0.0,76743.76,1777343969000
1777343971.223,271.223,0.01,0.01,0.99,0.99,0.0,0.0,76763.83,1777343970000
1777343971.694,271.694,0.01,0.01,0.99,0.99,0.0,0.0,76763.83,1777343970000
1777343972.356,272.356,0.01,0.01,0.99,0.99,0.0,0.0,76763.83,1777343970000
1777343972.821,272.821,0.01,0.01,0.99,0.99,0.0,0.0,76777.71,1777343971000
1777343973.95,273.95,0.01,0.01,0.99,0.99,0.0,0.0,76778.01,1777343972000
1777343974.653,274.653,0.01,0.01,0.99,0.99,0.0,0.0,76777.82,1777343973000
1777343975.145,275.145,0.01,0.01,0.99,0.99,0.0,0.0,76777.82,1777343973000
1777343975.979,275.979,0.01,0.01,0.99,0.99,0.0,0.0,76778.21,1777343974000
1777343976.82,276.82,0.01,0.01,0.99,0.99,0.0,0.0,76778.83,1777343975000
1777343977.753,277.753,0.01,0.01,0.99,0.99,0.0,0.0,76769.25,1777343976000
1777343978.222,278.222,0.01,0.01,0.99,0.99,0.0,0.0,76769.25,1777343976000
1777343979.293,279.293,0.01,0.01,0.99,0.99,0.0,0.0,76744.24,1777343978000
1777343980.481,280.481,0.01,0.01,0.99,0.99,0.0,0.0,76743.14,1777343979000
1777343981.127,281.127,0.01,0.01,0.99,0.99,0.0,0.0,76741.99,1777343980000
1777343982.424,282.424,0.01,0.01,0.99,0.99,0.0,0.0,76729.44,1777343981000
1777343983.422,283.422,0.01,0.01,0.99,0.99,0.0,0.0,76728.68,1777343982000
1777343984.064,284.064,0.01,0.01,0.99,0.99,0.0,0.0,76731.88,1777343983000
1777343984.59,284.59,0.01,0.01,0.99,0.99,0.0,0.0,76731.88,1777343983000
1777343985.054,285.054,0.01,0.01,0.99,0.99,0.0,0.0,76741.13,1777343984000
1777343985.391,285.391,0.01,0.01,0.99,0.99,0.0,0.0,76741.13,1777343984000
1777343986.224,286.224,0.01,0.01,0.99,0.99,0.0,0.0,76745.3,1777343985000
1777343986.911,286.911,0.01,0.01,0.99,0.99,0.0,0.0,76745.3,1777343985000
1777343987.473,287.473,0.01,0.01,0.99,0.99,0.0,0.0,76745.3,1777343986000
1777343987.96,287.96,0.01,0.01,0.99,0.99,0.0,0.0,76743.04,1777343987000
1777343989.142,289.142,0.01,0.01,0.99,0.99,0.0,0.0,76741.66,1777343988000
1777343990.205,290.205,0.01,0.01,0.99,0.99,0.0,0.0,76741.66,1777343988000
1777343990.971,290.971,0.01,0.01,0.99,0.99,0.0,0.0,76741.12,1777343990000
1777343991.847,291.847,0.01,0.01,0.99,0.99,0.0,0.0,76741.12,1777343990000
1777343992.767,292.767,0.01,0.01,0.99,0.99,0.0,0.0,76741.05,1777343991000
1777343993.341,293.341,0.01,0.01,0.99,0.99,0.0,0.0,76748.12,1777343992000
1777343994.885,294.885,0.01,0.01,0.99,0.99,0.0,0.0,76742.77,1777343993000
1777343995.422,295.422,0.01,0.01,0.99,0.99,0.0,0.0,76742.2,1777343994000
1777343996.076,296.076,0.01,0.01,0.99,0.99,0.0,0.0,76742.2,1777343994000
1777343997.329,297.329,0.01,0.01,0.99,0.99,0.0,0.0,76734.11,1777343996000
1777343998.441,298.441,0.01,0.01,0.99,0.99,0.0,0.0,76734.11,1777343996000
1777343999.211,299.211,0.01,0.01,0.99,0.99,0.0,0.0,76703.95,1777343998000
1777343999.698,299.698,0.01,0.01,0.99,0.99,0.0,0.0,76703.95,1777343998000
1777344000.094,300.094,0.01,0.01,0.99,0.99,0.0,0.0,76703.95,1777343998000

# RESULT,winner=Down,slug=btc-updown-5m-1777343700,ticks=622
