timestamp,elapsed_sec,up_bid,up_ask,down_bid,down_ask,up_spread,down_spread,btc_price,btc_oracle_ts
1777042800.53,0.53,0.48,0.49,0.51,0.52,0.01,0.01,78067.11,1777042799000
1777042800.876,0.876,0.5,0.51,0.49,0.51,0.01,0.02,78067.11,1777042799000
1777042801.44,1.44,0.53,0.55,0.45,0.47,0.02,0.02,78068.84,1777042800000
1777042801.991,1.991,0.51,0.55,0.45,0.46,0.04,0.01,78068.84,1777042800000
1777042802.398,2.398,0.45,0.47,0.53,0.55,0.02,0.02,78068.43,1777042801000
1777042802.785,2.785,0.45,0.46,0.54,0.55,0.01,0.01,78068.43,1777042801000
1777042803.132,3.132,0.45,0.46,0.54,0.55,0.01,0.01,78068.43,1777042801000
1777042803.47,3.47,0.44,0.45,0.54,0.56,0.01,0.02,78067.15,1777042802000
1777042803.882,3.882,0.44,0.45,0.55,0.56,0.01,0.01,78067.15,1777042802000
1777042804.463,4.463,0.44,0.45,0.55,0.56,0.01,0.01,78058.09,1777042803000
1777042804.977,4.977,0.44,0.45,0.55,0.56,0.01,0.01,78059.87,1777042804000
1777042805.42,5.42,0.44,0.45,0.55,0.56,0.01,0.01,78059.87,1777042804000
1777042805.791,5.791,0.44,0.45,0.55,0.56,0.01,0.01,78059.87,1777042804000
1777042806.174,6.174,0.44,0.45,0.55,0.56,0.01,0.01,78060.03,1777042805000
1777042806.549,6.549,0.42,0.44,0.55,0.59,0.02,0.04,78060.03,1777042805000
1777042806.937,6.937,0.42,0.43,0.57,0.58,0.01,0.01,78060.03,1777042805000
1777042807.274,7.274,0.42,0.43,0.57,0.58,0.01,0.01,78059.12,1777042806000
1777042807.784,7.784,0.42,0.43,0.57,0.58,0.01,0.01,78059.12,1777042806000
1777042808.185,8.185,0.42,0.43,0.57,0.58,0.01,0.01,78057.6,1777042807000
1777042808.905,8.905,0.42,0.43,0.57,0.58,0.01,0.01,78055.45,1777042808000
1777042809.627,9.627,0.42,0.43,0.57,0.58,0.01,0.01,78055.45,1777042808000
1777042810.756,10.756,0.41,0.43,0.57,0.58,0.02,0.01,78053.21,1777042809000
1777042811.123,11.123,0.42,0.43,0.57,0.59,0.01,0.02,78053.09,1777042810000
1777042811.475,11.475,0.42,0.43,0.57,0.58,0.01,0.01,78053.09,1777042810000
1777042811.854,11.854,0.41,0.43,0.57,0.59,0.02,0.02,78053.09,1777042810000
1777042812.202,12.202,0.4,0.42,0.58,0.6,0.02,0.02,78052.57,1777042811000
1777042812.54,12.54,0.4,0.41,0.59,0.61,0.01,0.02,78052.57,1777042811000
1777042812.92,12.92,0.39,0.4,0.6,0.61,0.01,0.01,78052.57,1777042811000
1777042813.27,13.27,0.39,0.4,0.6,0.61,0.01,0.01,78047.63,1777042812000
1777042813.654,13.654,0.4,0.41,0.59,0.6,0.01,0.01,78047.63,1777042812000
1777042814.154,14.154,0.4,0.41,0.59,0.6,0.01,0.01,78044.69,1777042813000
1777042814.535,14.535,0.39,0.4,0.59,0.6,0.01,0.01,78044.69,1777042813000
1777042815.001,15.001,0.39,0.4,0.6,0.62,0.01,0.02,78044.69,1777042813000
1777042815.504,15.504,0.38,0.4,0.6,0.62,0.02,0.02,78044.69,1777042813000
1777042816.284,16.284,0.38,0.4,0.6,0.62,0.02,0.02,78043.65,1777042815000
1777042816.69,16.69,0.38,0.4,0.6,0.62,0.02,0.02,78043.65,1777042815000
1777042817.033,17.033,0.4,0.41,0.59,0.6,0.01,0.01,78043.65,1777042815000
1777042817.598,17.598,0.39,0.4,0.6,0.62,0.01,0.02,78043.56,1777042816000
1777042818.087,18.087,0.38,0.4,0.6,0.61,0.02,0.01,78043.56,1777042816000
1777042818.63,18.63,0.38,0.39,0.61,0.62,0.01,0.01,78043.65,1777042817000
1777042819.032,19.032,0.35,0.36,0.63,0.65,0.01,0.02,78043.65,1777042817000
1777042819.373,19.373,0.34,0.35,0.65,0.66,0.01,0.01,78043.85,1777042818000
1777042819.739,19.739,0.33,0.34,0.66,0.67,0.01,0.01,78043.85,1777042818000
1777042820.175,20.175,0.33,0.34,0.66,0.67,0.01,0.01,78037.83,1777042819000
1777042820.549,20.549,0.33,0.34,0.66,0.67,0.01,0.01,78037.83,1777042819000
1777042820.888,20.888,0.33,0.34,0.66,0.67,0.01,0.01,78037.83,1777042819000
1777042821.335,21.335,0.33,0.34,0.66,0.67,0.01,0.01,78033.11,1777042820000
1777042822.017,22.017,0.33,0.34,0.66,0.67,0.01,0.01,78033.11,1777042820000
1777042822.525,22.525,0.33,0.34,0.66,0.67,0.01,0.01,78031.36,1777042821000
1777042822.858,22.858,0.31,0.33,0.66,0.69,0.02,0.03,78031.36,1777042821000
1777042823.237,23.237,0.33,0.34,0.66,0.67,0.01,0.01,78030.61,1777042822000
1777042823.635,23.635,0.33,0.34,0.66,0.67,0.01,0.01,78030.61,1777042822000
1777042824.007,24.007,0.32,0.33,0.67,0.68,0.01,0.01,78030.61,1777042822000
1777042824.565,24.565,0.31,0.32,0.68,0.69,0.01,0.01,78024.66,1777042823000
1777042825.185,25.185,0.31,0.32,0.68,0.69,0.01,0.01,78024.66,1777042823000
1777042825.54,25.54,0.31,0.32,0.68,0.69,0.01,0.01,78024.23,1777042824000
1777042826.025,26.025,0.31,0.32,0.68,0.69,0.01,0.01,78024.23,1777042824000
1777042826.515,26.515,0.31,0.32,0.68,0.69,0.01,0.01,78025.48,1777042825000
1777042826.96,26.96,0.31,0.32,0.68,0.69,0.01,0.01,78025.63,1777042826000
1777042827.977,27.977,0.31,0.32,0.68,0.69,0.01,0.01,78023.52,1777042827000
1777042828.326,28.326,0.28,0.3,0.7,0.72,0.02,0.02,78023.52,1777042827000
1777042828.878,28.878,0.3,0.31,0.69,0.7,0.01,0.01,78023.52,1777042827000
1777042829.281,29.281,0.3,0.31,0.69,0.7,0.01,0.01,78023.81,1777042828000
1777042829.719,29.719,0.31,0.32,0.68,0.69,0.01,0.01,78023.81,1777042828000
1777042830.092,30.092,0.31,0.32,0.68,0.69,0.01,0.01,78023.9,1777042829000
1777042830.43,30.43,0.31,0.32,0.68,0.7,0.01,0.02,78023.9,1777042829000
1777042830.857,30.857,0.31,0.32,0.68,0.69,0.01,0.01,78023.9,1777042829000
1777042831.275,31.275,0.28,0.3,0.7,0.72,0.02,0.02,78024.25,1777042830000
1777042831.903,31.903,0.28,0.29,0.71,0.72,0.01,0.01,78024.46,1777042831000
1777042832.96,32.96,0.28,0.29,0.71,0.72,0.01,0.01,78022.1,1777042832000
1777042833.611,33.611,0.28,0.29,0.71,0.72,0.01,0.01,78022.1,1777042832000
1777042833.977,33.977,0.28,0.29,0.71,0.72,0.01,0.01,78022.1,1777042832000
1777042834.312,34.312,0.24,0.29,0.75,0.76,0.05,0.01,78008.39,1777042833000
1777042834.725,34.725,0.28,0.29,0.71,0.72,0.01,0.01,78008.39,1777042833000
1777042835.114,35.114,0.25,0.26,0.73,0.75,0.01,0.02,78007.85,1777042834000
1777042835.448,35.448,0.25,0.26,0.74,0.75,0.01,0.01,78007.85,1777042834000
1777042835.871,35.871,0.25,0.26,0.74,0.75,0.01,0.01,78007.85,1777042834000
1777042836.363,36.363,0.25,0.26,0.74,0.75,0.01,0.01,78009.62,1777042835000
1777042836.79,36.79,0.25,0.26,0.74,0.75,0.01,0.01,78009.62,1777042835000
1777042837.239,37.239,0.25,0.26,0.74,0.75,0.01,0.01,78012.74,1777042836000
1777042837.635,37.635,0.25,0.26,0.74,0.75,0.01,0.01,78012.74,1777042836000
1777042837.989,37.989,0.25,0.26,0.74,0.75,0.01,0.01,78012.74,1777042836000
1777042839.015,39.015,0.25,0.26,0.74,0.75,0.01,0.01,78013.09,1777042837000
1777042839.672,39.672,0.25,0.26,0.74,0.75,0.01,0.01,78012.93,1777042838000
1777042840.035,40.035,0.25,0.26,0.74,0.75,0.01,0.01,78012.93,1777042838000
1777042840.374,40.374,0.23,0.26,0.74,0.76,0.03,0.02,78011.8,1777042839000
1777042840.815,40.815,0.22,0.23,0.77,0.78,0.01,0.01,78011.8,1777042839000
1777042841.241,41.241,0.22,0.23,0.77,0.78,0.01,0.01,78011.8,1777042839000
1777042842.116,42.116,0.24,0.25,0.75,0.78,0.01,0.03,78008.66,1777042840000
1777042842.533,42.533,0.25,0.27,0.73,0.75,0.02,0.02,78004.48,1777042841000
1777042843.056,43.056,0.27,0.28,0.72,0.74,0.01,0.02,78004.48,1777042841000
1777042843.389,43.389,0.27,0.28,0.72,0.73,0.01,0.01,78004.48,1777042842000
1777042844.001,44.001,0.27,0.28,0.72,0.73,0.01,0.01,78004.48,1777042842000
1777042844.423,44.423,0.27,0.28,0.72,0.73,0.01,0.01,78010.94,1777042843000
1777042844.791,44.791,0.27,0.28,0.72,0.73,0.01,0.01,78010.94,1777042843000
1777042845.178,45.178,0.27,0.28,0.72,0.73,0.01,0.01,78010.94,1777042843000
1777042845.554,45.554,0.27,0.28,0.72,0.73,0.01,0.01,78013.55,1777042844000
1777042845.909,45.909,0.27,0.28,0.72,0.73,0.01,0.01,78013.55,1777042844000
1777042846.247,46.247,0.27,0.28,0.72,0.73,0.01,0.01,78013.55,1777042844000
1777042846.606,46.606,0.27,0.28,0.72,0.73,0.01,0.01,78013.03,1777042845000
1777042847.003,47.003,0.27,0.28,0.72,0.73,0.01,0.01,78013.03,1777042845000
1777042847.377,47.377,0.27,0.28,0.72,0.73,0.01,0.01,78013.18,1777042846000
1777042847.773,47.773,0.26,0.27,0.73,0.74,0.01,0.01,78013.18,1777042846000
1777042848.28,48.28,0.26,0.27,0.73,0.74,0.01,0.01,78013.31,1777042847000
1777042848.705,48.705,0.26,0.27,0.73,0.74,0.01,0.01,78013.31,1777042847000
1777042849.309,49.309,0.26,0.27,0.73,0.74,0.01,0.01,78013.4,1777042848000
1777042849.677,49.677,0.26,0.27,0.73,0.74,0.01,0.01,78013.4,1777042848000
1777042850.098,50.098,0.26,0.27,0.73,0.74,0.01,0.01,78013.4,1777042848000
1777042850.459,50.459,0.26,0.27,0.73,0.74,0.01,0.01,78013.39,1777042849000
1777042850.909,50.909,0.26,0.27,0.73,0.74,0.01,0.01,78013.39,1777042849000
1777042851.283,51.283,0.31,0.32,0.67,0.69,0.01,0.02,78013.48,1777042850000
1777042851.654,51.654,0.28,0.31,0.69,0.72,0.03,0.03,78013.48,1777042850000
1777042852.02,52.02,0.25,0.26,0.74,0.75,0.01,0.01,78013.48,1777042850000
1777042852.363,52.363,0.24,0.26,0.75,0.76,0.02,0.01,78019.56,1777042851000
1777042852.701,52.701,0.24,0.25,0.75,0.76,0.01,0.01,78019.56,1777042851000
1777042853.039,53.039,0.23,0.25,0.75,0.77,0.02,0.02,78019.56,1777042851000
1777042853.599,53.599,0.22,0.23,0.76,0.78,0.01,0.02,78012.79,1777042852000
1777042854.208,54.208,0.22,0.23,0.77,0.78,0.01,0.01,78011.92,1777042853000
1777042855.171,55.171,0.22,0.23,0.77,0.78,0.01,0.01,78010.19,1777042854000
1777042856.137,56.137,0.22,0.23,0.77,0.78,0.01,0.01,78010.19,1777042854000
1777042856.556,56.556,0.22,0.23,0.77,0.78,0.01,0.01,78010.19,1777042854000
1777042856.892,56.892,0.19,0.2,0.79,0.8,0.01,0.01,77993.52,1777042855000
1777042857.237,57.237,0.19,0.2,0.8,0.81,0.01,0.01,77993.52,1777042855000
1777042857.599,57.599,0.18,0.2,0.8,0.82,0.02,0.02,77990.51,1777042856000
1777042857.95,57.95,0.16,0.18,0.82,0.84,0.02,0.02,77990.51,1777042856000
1777042858.316,58.316,0.16,0.17,0.83,0.84,0.01,0.01,77990.51,1777042856000
1777042858.839,58.839,0.15,0.16,0.83,0.85,0.01,0.02,77987.36,1777042857000
1777042859.412,59.412,0.15,0.16,0.84,0.85,0.01,0.01,77982.47,1777042858000
1777042860.095,60.095,0.15,0.16,0.84,0.85,0.01,0.01,77979.37,1777042859000
1777042860.747,60.747,0.15,0.16,0.84,0.85,0.01,0.01,77979.37,1777042859000
1777042861.271,61.271,0.15,0.16,0.84,0.85,0.01,0.01,77969.97,1777042860000
1777042861.696,61.696,0.14,0.15,0.84,0.85,0.01,0.01,77969.97,1777042860000
1777042862.035,62.035,0.14,0.16,0.85,0.86,0.02,0.01,77969.97,1777042860000
1777042862.431,62.431,0.14,0.16,0.84,0.86,0.02,0.02,77963.93,1777042861000
1777042862.783,62.783,0.12,0.14,0.86,0.88,0.02,0.02,77963.93,1777042861000
1777042863.237,63.237,0.12,0.15,0.87,0.88,0.03,0.01,77963.93,1777042861000
1777042863.605,63.605,0.11,0.13,0.87,0.89,0.02,0.02,77961.6,1777042862000
1777042863.994,63.994,0.12,0.13,0.87,0.88,0.01,0.01,77961.6,1777042862000
1777042864.351,64.351,0.12,0.13,0.87,0.88,0.01,0.01,77961.17,1777042863000
1777042864.808,64.808,0.12,0.13,0.87,0.88,0.01,0.01,77961.17,1777042863000
1777042865.246,65.246,0.12,0.13,0.87,0.88,0.01,0.01,77961.21,1777042864000
1777042865.865,65.865,0.12,0.13,0.87,0.88,0.01,0.01,77961.21,1777042864000
1777042866.284,66.284,0.12,0.13,0.87,0.88,0.01,0.01,77961.21,1777042865000
1777042866.624,66.624,0.12,0.13,0.87,0.88,0.01,0.01,77961.21,1777042865000
1777042867.288,67.288,0.12,0.13,0.87,0.88,0.01,0.01,77961.21,1777042866000
1777042867.651,67.651,0.12,0.13,0.87,0.88,0.01,0.01,77961.21,1777042866000
1777042867.99,67.99,0.12,0.13,0.87,0.88,0.01,0.01,77961.21,1777042866000
1777042868.417,68.417,0.11,0.12,0.88,0.89,0.01,0.01,77961.21,1777042867000
1777042868.765,68.765,0.11,0.12,0.87,0.89,0.01,0.02,77961.21,1777042867000
1777042869.114,69.114,0.11,0.12,0.88,0.89,0.01,0.01,77961.21,1777042868000
1777042869.551,69.551,0.11,0.12,0.88,0.89,0.01,0.01,77961.21,1777042868000
1777042869.967,69.967,0.12,0.13,0.88,0.89,0.01,0.01,77961.21,1777042868000
1777042870.639,70.639,0.12,0.13,0.87,0.88,0.01,0.01,77963.74,1777042869000
1777042871.027,71.027,0.12,0.13,0.87,0.88,0.01,0.01,77963.74,1777042869000
1777042871.462,71.462,0.12,0.13,0.87,0.88,0.01,0.01,77968.62,1777042870000
1777042871.896,71.896,0.12,0.13,0.87,0.88,0.01,0.01,77968.62,1777042870000
1777042872.273,72.273,0.12,0.13,0.87,0.88,0.01,0.01,77969.49,1777042871000
1777042872.61,72.61,0.12,0.13,0.87,0.88,0.01,0.01,77969.49,1777042871000
1777042872.95,72.95,0.12,0.13,0.87,0.88,0.01,0.01,77969.49,1777042871000
1777042873.29,73.29,0.12,0.13,0.87,0.88,0.01,0.01,77969.49,1777042871000
1777042873.795,73.795,0.12,0.13,0.87,0.88,0.01,0.01,77968.45,1777042872000
1777042874.262,74.262,0.11,0.12,0.87,0.89,0.01,0.02,77968.45,1777042872000
1777042874.872,74.872,0.11,0.12,0.88,0.89,0.01,0.01,77966.83,1777042873000
1777042875.228,75.228,0.11,0.12,0.88,0.89,0.01,0.01,77966.83,1777042873000
1777042875.574,75.574,0.1,0.11,0.88,0.9,0.01,0.02,77965.71,1777042874000
1777042876.152,76.152,0.1,0.11,0.89,0.9,0.01,0.01,77965.63,1777042875000
1777042876.508,76.508,0.1,0.11,0.89,0.9,0.01,0.01,77965.63,1777042875000
1777042876.914,76.914,0.1,0.11,0.89,0.9,0.01,0.01,77949.75,1777042876000
1777042877.335,77.335,0.1,0.11,0.89,0.9,0.01,0.01,77949.75,1777042876000
1777042877.701,77.701,0.1,0.11,0.89,0.9,0.01,0.01,77949.75,1777042876000
1777042878.04,78.04,0.1,0.11,0.89,0.9,0.01,0.01,77947.48,1777042877000
1777042878.491,78.491,0.1,0.11,0.89,0.9,0.01,0.01,77947.48,1777042877000
1777042878.842,78.842,0.09,0.1,0.9,0.91,0.01,0.01,77947.48,1777042877000
1777042879.206,79.206,0.08,0.1,0.9,0.91,0.02,0.01,77938.98,1777042878000
1777042879.566,79.566,0.08,0.09,0.91,0.92,0.01,0.01,77938.98,1777042878000
1777042879.901,79.901,0.08,0.09,0.91,0.92,0.01,0.01,77938.98,1777042878000
1777042880.298,80.298,0.08,0.09,0.91,0.92,0.01,0.01,77938.07,1777042879000
1777042880.66,80.66,0.08,0.09,0.91,0.92,0.01,0.01,77938.07,1777042879000
1777042881.061,81.061,0.08,0.09,0.91,0.92,0.01,0.01,77938.07,1777042879000
1777042881.461,81.461,0.07,0.09,0.91,0.92,0.02,0.01,77937.53,1777042880000
1777042881.843,81.843,0.07,0.09,0.91,0.93,0.02,0.02,77937.53,1777042880000
1777042882.374,82.374,0.07,0.09,0.91,0.93,0.02,0.02,77933.24,1777042881000
1777042882.835,82.835,0.08,0.09,0.91,0.93,0.01,0.02,77933.24,1777042881000
1777042883.475,83.475,0.08,0.09,0.91,0.92,0.01,0.01,77922.81,1777042882000
1777042883.822,83.822,0.07,0.08,0.92,0.93,0.01,0.01,77922.81,1777042882000
1777042884.185,84.185,0.07,0.08,0.92,0.93,0.01,0.01,77917.73,1777042883000
1777042884.569,84.569,0.06,0.08,0.92,0.94,0.02,0.02,77917.73,1777042883000
1777042884.912,84.912,0.07,0.08,0.92,0.93,0.01,0.01,77917.73,1777042883000
1777042885.287,85.287,0.06,0.07,0.92,0.94,0.01,0.02,77917.73,1777042883000
1777042885.635,85.635,0.06,0.07,0.93,0.94,0.01,0.01,77917.21,1777042884000
1777042885.977,85.977,0.06,0.07,0.93,0.94,0.01,0.01,77917.21,1777042884000
1777042886.329,86.329,0.06,0.07,0.93,0.94,0.01,0.01,77915.48,1777042885000
1777042886.669,86.669,0.06,0.07,0.93,0.94,0.01,0.01,77915.48,1777042885000
1777042887.291,87.291,0.06,0.07,0.93,0.94,0.01,0.01,77915.23,1777042886000
1777042887.912,87.912,0.06,0.07,0.93,0.94,0.01,0.01,77915.23,1777042886000
1777042888.461,88.461,0.06,0.07,0.93,0.94,0.01,0.01,77915.09,1777042887000
1777042888.894,88.894,0.06,0.07,0.93,0.94,0.01,0.01,77915.09,1777042887000
1777042889.257,89.257,0.06,0.07,0.93,0.94,0.01,0.01,77914.44,1777042888000
1777042889.602,89.602,0.06,0.07,0.93,0.94,0.01,0.01,77914.44,1777042888000
1777042889.973,89.973,0.06,0.07,0.93,0.94,0.01,0.01,77914.44,1777042888000
1777042890.319,90.319,0.06,0.07,0.93,0.94,0.01,0.01,77914.27,1777042889000
1777042890.696,90.696,0.06,0.07,0.93,0.94,0.01,0.01,77914.27,1777042889000
1777042891.031,91.031,0.06,0.07,0.93,0.94,0.01,0.01,77914.27,1777042889000
1777042891.386,91.386,0.05,0.06,0.94,0.95,0.01,0.01,77914.27,1777042889000
1777042891.768,91.768,0.05,0.06,0.94,0.95,0.01,0.01,77915.23,1777042890000
1777042892.116,92.116,0.05,0.06,0.94,0.95,0.01,0.01,77915.23,1777042890000
1777042892.992,92.992,0.05,0.06,0.94,0.95,0.01,0.01,77916.44,1777042891000
1777042893.357,93.357,0.05,0.06,0.94,0.95,0.01,0.01,77915.25,1777042892000
1777042893.957,93.957,0.05,0.06,0.94,0.95,0.01,0.01,77915.25,1777042892000
1777042894.291,94.291,0.05,0.06,0.94,0.95,0.01,0.01,77915.25,1777042892000
1777042894.64,94.64,0.05,0.06,0.94,0.95,0.01,0.01,77914.89,1777042893000
1777042895.221,95.221,0.05,0.06,0.94,0.95,0.01,0.01,77914.89,1777042893000
1777042895.728,95.728,0.05,0.06,0.94,0.95,0.01,0.01,77915.5,1777042894000
1777042896.202,96.202,0.05,0.06,0.94,0.95,0.01,0.01,77915.5,1777042894000
1777042896.579,96.579,0.06,0.07,0.93,0.95,0.01,0.02,77916.44,1777042895000
1777042896.92,96.92,0.07,0.08,0.92,0.93,0.01,0.01,77916.44,1777042895000
1777042897.263,97.263,0.07,0.08,0.92,0.93,0.01,0.01,77916.44,1777042895000
1777042897.614,97.614,0.07,0.08,0.92,0.93,0.01,0.01,77917.89,1777042896000
1777042897.973,97.973,0.07,0.08,0.92,0.93,0.01,0.01,77918.43,1777042897000
1777042898.352,98.352,0.07,0.08,0.92,0.93,0.01,0.01,77918.43,1777042897000
1777042898.717,98.717,0.07,0.08,0.92,0.93,0.01,0.01,77918.43,1777042897000
1777042899.435,99.435,0.07,0.08,0.92,0.93,0.01,0.01,77918.43,1777042897000
1777042899.775,99.775,0.07,0.08,0.92,0.93,0.01,0.01,77917.32,1777042898000
1777042900.264,100.264,0.07,0.08,0.92,0.93,0.01,0.01,77917.32,1777042898000
1777042900.638,100.638,0.07,0.08,0.92,0.93,0.01,0.01,77917.75,1777042899000
1777042900.986,100.986,0.06,0.07,0.93,0.94,0.01,0.01,77917.75,1777042899000
1777042901.364,101.364,0.06,0.07,0.93,0.94,0.01,0.01,77917.88,1777042900000
1777042901.704,101.704,0.06,0.07,0.93,0.94,0.01,0.01,77917.88,1777042900000
1777042902.079,102.079,0.05,0.06,0.94,0.95,0.01,0.01,77917.88,1777042900000
1777042902.484,102.484,0.05,0.06,0.94,0.95,0.01,0.01,77918.59,1777042901000
1777042903.048,103.048,0.05,0.06,0.94,0.95,0.01,0.01,77918.59,1777042901000
1777042903.46,103.46,0.05,0.06,0.94,0.95,0.01,0.01,77918.59,1777042901000
1777042903.796,103.796,0.05,0.06,0.94,0.95,0.01,0.01,77916.27,1777042902000
1777042904.368,104.368,0.05,0.06,0.94,0.95,0.01,0.01,77911.37,1777042903000
1777042904.956,104.956,0.05,0.06,0.94,0.95,0.01,0.01,77911.37,1777042903000
1777042905.31,105.31,0.05,0.06,0.94,0.95,0.01,0.01,77911.37,1777042903000
1777042905.914,105.914,0.05,0.06,0.94,0.95,0.01,0.01,77909.8,1777042904000
1777042906.265,106.265,0.04,0.05,0.95,0.96,0.01,0.01,77907.13,1777042905000
1777042906.715,106.715,0.04,0.05,0.95,0.96,0.01,0.01,77907.13,1777042905000
1777042907.122,107.122,0.04,0.05,0.95,0.96,0.01,0.01,77907.13,1777042905000
1777042907.671,107.671,0.04,0.05,0.95,0.96,0.01,0.01,77896.37,1777042906000
1777042908.101,108.101,0.04,0.05,0.95,0.96,0.01,0.01,77896.37,1777042906000
1777042908.462,108.462,0.03,0.04,0.96,0.97,0.01,0.01,77892.34,1777042907000
1777042909.043,109.043,0.03,0.04,0.96,0.97,0.01,0.01,77892.15,1777042908000
1777042910.171,110.171,0.03,0.04,0.96,0.97,0.01,0.01,77887.13,1777042909000
1777042910.504,110.504,0.03,0.04,0.96,0.97,0.01,0.01,77887.13,1777042909000
1777042910.925,110.925,0.03,0.04,0.96,0.97,0.01,0.01,77887.13,1777042909000
1777042911.268,111.268,0.03,0.04,0.96,0.97,0.01,0.01,77887.13,1777042909000
1777042911.618,111.618,0.03,0.04,0.96,0.97,0.01,0.01,77886.43,1777042910000
1777042912.04,112.04,0.03,0.04,0.96,0.97,0.01,0.01,77886.43,1777042910000
1777042912.386,112.386,0.03,0.04,0.96,0.97,0.01,0.01,77887.39,1777042911000
1777042912.891,112.891,0.03,0.04,0.96,0.97,0.01,0.01,77887.39,1777042911000
1777042913.288,113.288,0.04,0.05,0.95,0.96,0.01,0.01,77888.41,1777042912000
1777042913.668,113.668,0.04,0.05,0.95,0.96,0.01,0.01,77888.41,1777042912000
1777042914.491,114.491,0.04,0.05,0.95,0.96,0.01,0.01,77888.41,1777042912000
1777042914.846,114.846,0.04,0.05,0.95,0.96,0.01,0.01,77889.17,1777042913000
1777042915.205,115.205,0.04,0.05,0.95,0.96,0.01,0.01,77889.17,1777042913000
1777042915.812,115.812,0.04,0.05,0.95,0.96,0.01,0.01,77889.17,1777042913000
1777042916.249,116.249,0.04,0.05,0.95,0.96,0.01,0.01,77895.59,1777042914000
1777042916.583,116.583,0.04,0.05,0.95,0.96,0.01,0.01,77895.59,1777042914000
1777042916.937,116.937,0.04,0.05,0.95,0.96,0.01,0.01,77895.59,1777042914000
1777042917.571,117.571,0.04,0.05,0.95,0.96,0.01,0.01,77902.27,1777042915000
1777042917.939,117.939,0.04,0.05,0.95,0.96,0.01,0.01,77902.41,1777042916000
1777042918.294,118.294,0.04,0.05,0.95,0.96,0.01,0.01,77902.41,1777042916000
1777042918.639,118.639,0.05,0.06,0.94,0.96,0.01,0.02,77902.41,1777042916000
1777042919.053,119.053,0.04,0.06,0.94,0.96,0.02,0.02,77906.26,1777042917000
1777042919.418,119.418,0.04,0.05,0.95,0.96,0.01,0.01,77906.26,1777042917000
1777042919.758,119.758,0.04,0.05,0.95,0.96,0.01,0.01,77906.26,1777042917000
1777042920.13,120.13,0.04,0.05,0.95,0.96,0.01,0.01,77907.88,1777042918000
1777042920.571,120.571,0.04,0.06,0.95,0.96,0.02,0.01,77908.86,1777042919000
1777042920.92,120.92,0.04,0.06,0.94,0.96,0.02,0.02,77908.86,1777042919000
1777042921.294,121.294,0.03,0.06,0.94,0.97,0.03,0.03,77909.11,1777042920000
1777042921.907,121.907,0.04,0.05,0.94,0.97,0.01,0.03,77909.11,1777042920000
1777042922.293,122.293,0.03,0.04,0.95,0.96,0.01,0.01,77909.11,1777042920000
1777042922.867,122.867,0.03,0.04,0.96,0.97,0.01,0.01,77909.11,1777042920000
1777042923.2,123.2,0.03,0.04,0.96,0.97,0.01,0.01,77909.11,1777042920000
1777042923.537,123.537,0.04,0.05,0.95,0.96,0.01,0.01,77911.74,1777042921000
1777042923.966,123.966,0.04,0.05,0.95,0.96,0.01,0.01,77911.74,1777042921000
1777042924.317,124.317,0.04,0.05,0.95,0.96,0.01,0.01,77911.74,1777042921000
1777042924.711,124.711,0.04,0.05,0.95,0.96,0.01,0.01,77911.52,1777042923000
1777042925.361,125.361,0.04,0.05,0.95,0.96,0.01,0.01,77911.52,1777042923000
1777042925.734,125.734,0.04,0.05,0.95,0.96,0.01,0.01,77911.52,1777042923000
1777042926.141,126.141,0.04,0.05,0.95,0.96,0.01,0.01,77921.0,1777042924000
1777042926.954,126.954,0.04,0.05,0.95,0.96,0.01,0.01,77923.1,1777042925000
1777042927.328,127.328,0.04,0.05,0.95,0.96,0.01,0.01,77923.1,1777042925000
1777042927.686,127.686,0.04,0.05,0.95,0.96,0.01,0.01,77925.71,1777042926000
1777042928.079,128.079,0.05,0.06,0.94,0.96,0.01,0.02,77925.71,1777042926000
1777042928.416,128.416,0.04,0.06,0.94,0.96,0.02,0.02,77925.71,1777042926000
1777042928.848,128.848,0.05,0.06,0.94,0.95,0.01,0.01,77931.35,1777042927000
1777042929.317,129.317,0.06,0.07,0.93,0.95,0.01,0.02,77931.35,1777042927000
1777042929.694,129.694,0.06,0.07,0.93,0.94,0.01,0.01,77931.19,1777042928000
1777042930.058,130.058,0.06,0.07,0.93,0.94,0.01,0.01,77931.19,1777042928000
1777042930.476,130.476,0.06,0.07,0.93,0.94,0.01,0.01,77929.71,1777042929000
1777042930.809,130.809,0.06,0.07,0.93,0.94,0.01,0.01,77929.71,1777042929000
1777042931.251,131.251,0.06,0.07,0.93,0.94,0.01,0.01,77929.71,1777042929000
1777042931.634,131.634,0.05,0.06,0.94,0.95,0.01,0.01,77929.71,1777042929000
1777042932.301,132.301,0.05,0.06,0.94,0.95,0.01,0.01,77930.44,1777042930000
1777042932.723,132.723,0.05,0.06,0.94,0.95,0.01,0.01,77930.52,1777042931000
1777042933.103,133.103,0.05,0.06,0.94,0.95,0.01,0.01,77930.52,1777042931000
1777042933.457,133.457,0.06,0.08,0.92,0.94,0.02,0.02,77929.01,1777042932000
1777042933.791,133.791,0.09,0.1,0.91,0.92,0.01,0.01,77929.01,1777042932000
1777042934.147,134.147,0.09,0.1,0.9,0.91,0.01,0.01,77933.49,1777042933000
1777042934.492,134.492,0.09,0.1,0.9,0.91,0.01,0.01,77933.49,1777042933000
1777042934.915,134.915,0.09,0.1,0.9,0.91,0.01,0.01,77933.49,1777042933000
1777042935.346,135.346,0.08,0.09,0.9,0.92,0.01,0.02,77933.49,1777042933000
1777042935.75,135.75,0.08,0.09,0.91,0.92,0.01,0.01,77933.49,1777042933000
1777042936.106,136.106,0.08,0.09,0.91,0.92,0.01,0.01,77952.22,1777042934000
1777042936.466,136.466,0.08,0.09,0.91,0.92,0.01,0.01,77952.22,1777042934000
1777042937.13,137.13,0.08,0.09,0.91,0.92,0.01,0.01,77952.22,1777042935000
1777042937.703,137.703,0.08,0.09,0.91,0.92,0.01,0.01,77952.22,1777042935000
1777042938.206,138.206,0.08,0.09,0.91,0.92,0.01,0.01,77953.52,1777042937000
1777042938.651,138.651,0.08,0.09,0.91,0.92,0.01,0.01,77953.52,1777042937000
1777042938.997,138.997,0.08,0.09,0.9,0.92,0.01,0.02,77953.52,1777042937000
1777042939.331,139.331,0.09,0.1,0.9,0.91,0.01,0.01,77953.52,1777042937000
1777042939.808,139.808,0.09,0.1,0.9,0.91,0.01,0.01,77955.98,1777042938000
1777042940.146,140.146,0.09,0.1,0.9,0.91,0.01,0.01,77955.98,1777042938000
1777042940.49,140.49,0.07,0.1,0.9,0.91,0.03,0.01,77957.46,1777042939000
1777042940.967,140.967,0.08,0.09,0.91,0.92,0.01,0.01,77957.46,1777042939000
1777042941.469,141.469,0.08,0.09,0.91,0.92,0.01,0.01,77957.46,1777042939000
1777042941.84,141.84,0.08,0.09,0.91,0.92,0.01,0.01,77961.03,1777042940000
1777042942.28,142.28,0.08,0.09,0.91,0.92,0.01,0.01,77961.03,1777042940000
1777042943.007,143.007,0.08,0.09,0.91,0.92,0.01,0.01,77960.9,1777042941000
1777042943.363,143.363,0.08,0.09,0.91,0.92,0.01,0.01,77960.9,1777042941000
1777042944.205,144.205,0.07,0.09,0.91,0.93,0.02,0.02,77960.6,1777042942000
1777042944.547,144.547,0.07,0.08,0.92,0.93,0.01,0.01,77959.61,1777042943000
1777042945.001,145.001,0.07,0.08,0.92,0.93,0.01,0.01,77959.61,1777042943000
1777042945.503,145.503,0.07,0.08,0.92,0.93,0.01,0.01,77959.61,1777042944000
1777042945.893,145.893,0.06,0.08,0.92,0.93,0.02,0.01,77959.61,1777042944000
1777042946.278,146.278,0.04,0.05,0.95,0.96,0.01,0.01,77959.61,1777042944000
1777042946.639,146.639,0.04,0.05,0.95,0.96,0.01,0.01,77959.61,1777042944000
1777042947.013,147.013,0.04,0.05,0.95,0.96,0.01,0.01,77957.31,1777042945000
1777042947.407,147.407,0.04,0.05,0.95,0.96,0.01,0.01,77957.31,1777042945000
1777042947.81,147.81,0.04,0.05,0.95,0.96,0.01,0.01,77957.31,1777042945000
1777042948.158,148.158,0.05,0.06,0.94,0.95,0.01,0.01,77940.3,1777042946000
1777042948.771,148.771,0.05,0.06,0.94,0.95,0.01,0.01,77938.14,1777042947000
1777042949.26,149.26,0.05,0.06,0.94,0.95,0.01,0.01,77938.14,1777042947000
1777042949.627,149.627,0.06,0.07,0.93,0.94,0.01,0.01,77938.14,1777042947000
1777042950.016,150.016,0.06,0.07,0.93,0.94,0.01,0.01,77940.65,1777042948000
1777042950.388,150.388,0.06,0.07,0.93,0.94,0.01,0.01,77940.65,1777042948000
1777042950.756,150.756,0.06,0.07,0.93,0.94,0.01,0.01,77940.42,1777042949000
1777042951.222,151.222,0.06,0.07,0.93,0.94,0.01,0.01,77940.42,1777042949000
1777042951.733,151.733,0.06,0.07,0.93,0.94,0.01,0.01,77944.91,1777042950000
1777042952.235,152.235,0.06,0.07,0.93,0.94,0.01,0.01,77944.91,1777042950000
1777042952.784,152.784,0.06,0.07,0.93,0.94,0.01,0.01,77949.66,1777042951000
1777042953.212,153.212,0.06,0.07,0.93,0.94,0.01,0.01,77949.66,1777042951000
1777042953.61,153.61,0.06,0.07,0.93,0.94,0.01,0.01,77949.66,1777042951000
1777042953.971,153.971,0.04,0.05,0.94,0.96,0.01,0.02,77946.79,1777042952000
1777042954.411,154.411,0.04,0.05,0.95,0.96,0.01,0.01,77946.64,1777042953000
1777042954.824,154.824,0.04,0.05,0.95,0.96,0.01,0.01,77946.64,1777042953000
1777042955.366,155.366,0.05,0.06,0.94,0.95,0.01,0.01,77946.64,1777042953000
1777042955.765,155.765,0.06,0.07,0.93,0.94,0.01,0.01,77943.42,1777042954000
1777042956.121,156.121,0.06,0.07,0.93,0.94,0.01,0.01,77943.42,1777042954000
1777042956.509,156.509,0.06,0.07,0.93,0.94,0.01,0.01,77943.42,1777042954000
1777042956.858,156.858,0.06,0.07,0.93,0.94,0.01,0.01,77947.02,1777042955000
1777042957.285,157.285,0.06,0.07,0.93,0.94,0.01,0.01,77950.23,1777042956000
1777042958.131,158.131,0.05,0.06,0.94,0.95,0.01,0.01,77950.23,1777042956000
1777042958.478,158.478,0.06,0.07,0.93,0.95,0.01,0.02,77953.27,1777042957000
1777042958.878,158.878,0.06,0.07,0.93,0.94,0.01,0.01,77953.27,1777042957000
1777042959.265,159.265,0.06,0.07,0.93,0.94,0.01,0.01,77953.46,1777042958000
1777042959.626,159.626,0.06,0.07,0.93,0.94,0.01,0.01,77953.46,1777042958000
1777042959.993,159.993,0.07,0.08,0.92,0.93,0.01,0.01,77953.46,1777042958000
1777042960.53,160.53,0.07,0.08,0.92,0.93,0.01,0.01,77953.46,1777042958000
1777042961.065,161.065,0.07,0.08,0.92,0.93,0.01,0.01,77953.66,1777042959000
1777042961.501,161.501,0.07,0.08,0.92,0.93,0.01,0.01,77955.29,1777042960000
1777042962.358,162.358,0.07,0.08,0.92,0.93,0.01,0.01,77957.68,1777042961000
1777042962.911,162.911,0.07,0.08,0.92,0.93,0.01,0.01,77957.68,1777042962000
1777042963.717,163.717,0.07,0.08,0.92,0.93,0.01,0.01,77957.68,1777042962000
1777042964.461,164.461,0.07,0.08,0.92,0.93,0.01,0.01,77957.68,1777042962000
1777042964.866,164.866,0.07,0.08,0.92,0.93,0.01,0.01,77957.68,1777042962000
1777042965.586,165.586,0.07,0.08,0.92,0.93,0.01,0.01,77957.9,1777042964000
1777042966.182,166.182,0.07,0.08,0.92,0.93,0.01,0.01,77957.9,1777042964000
1777042967.023,167.023,0.07,0.08,0.92,0.93,0.01,0.01,77957.82,1777042965000
1777042967.364,167.364,0.07,0.08,0.92,0.93,0.01,0.01,77957.82,1777042965000
1777042968.309,168.309,0.07,0.08,0.92,0.93,0.01,0.01,77957.59,1777042966000
1777042968.812,168.812,0.07,0.08,0.92,0.93,0.01,0.01,77958.48,1777042967000
1777042969.167,169.167,0.07,0.08,0.92,0.93,0.01,0.01,77960.89,1777042968000
1777042969.883,169.883,0.07,0.08,0.92,0.93,0.01,0.01,77960.89,1777042968000
1777042970.219,170.219,0.07,0.08,0.92,0.93,0.01,0.01,77961.6,1777042969000
1777042970.605,170.605,0.06,0.08,0.92,0.93,0.02,0.01,77961.6,1777042969000
1777042971.064,171.064,0.06,0.07,0.92,0.94,0.01,0.02,77961.6,1777042969000
1777042971.401,171.401,0.06,0.07,0.93,0.94,0.01,0.01,77961.2,1777042970000
1777042972.015,172.015,0.06,0.07,0.93,0.94,0.01,0.01,77959.06,1777042971000
1777042972.352,172.352,0.06,0.07,0.93,0.94,0.01,0.01,77959.06,1777042971000
1777042973.054,173.054,0.06,0.07,0.93,0.94,0.01,0.01,77959.06,1777042971000
1777042973.484,173.484,0.06,0.07,0.93,0.94,0.01,0.01,77959.06,1777042971000
1777042974.466,174.466,0.06,0.07,0.93,0.94,0.01,0.01,77960.27,1777042973000
1777042974.899,174.899,0.06,0.07,0.93,0.94,0.01,0.01,77960.27,1777042973000
1777042975.272,175.272,0.06,0.07,0.93,0.94,0.01,0.01,77960.38,1777042974000
1777042975.919,175.919,0.06,0.07,0.93,0.94,0.01,0.01,77960.38,1777042974000
1777042977.353,177.353,0.06,0.07,0.93,0.94,0.01,0.01,77961.34,1777042976000
1777042978.029,178.029,0.06,0.07,0.93,0.94,0.01,0.01,77961.52,1777042977000
1777042978.363,178.363,0.06,0.07,0.93,0.94,0.01,0.01,77961.52,1777042977000
1777042979.027,179.027,0.06,0.07,0.93,0.94,0.01,0.01,77961.52,1777042977000
1777042979.514,179.514,0.06,0.07,0.93,0.94,0.01,0.01,77960.84,1777042978000
1777042979.87,179.87,0.06,0.08,0.92,0.94,0.02,0.02,77960.84,1777042978000
1777042980.494,180.494,0.06,0.08,0.93,0.94,0.02,0.01,77961.25,1777042979000
1777042980.849,180.849,0.08,0.09,0.91,0.92,0.01,0.01,77961.25,1777042979000
1777042981.251,181.251,0.08,0.09,0.91,0.92,0.01,0.01,77961.43,1777042980000
1777042981.678,181.678,0.08,0.09,0.91,0.92,0.01,0.01,77961.43,1777042980000
1777042982.016,182.016,0.13,0.2,0.8,0.87,0.07,0.07,77961.43,1777042980000
1777042982.42,182.42,0.19,0.2,0.8,0.81,0.01,0.01,77961.43,1777042980000
1777042982.821,182.821,0.19,0.2,0.8,0.81,0.01,0.01,77975.21,1777042981000
1777042983.248,183.248,0.13,0.15,0.85,0.87,0.02,0.02,77978.96,1777042982000
1777042983.606,183.606,0.14,0.15,0.85,0.86,0.01,0.01,77978.96,1777042982000
1777042984.004,184.004,0.1,0.13,0.83,0.9,0.03,0.07,77978.96,1777042982000
1777042984.348,184.348,0.1,0.13,0.87,0.9,0.03,0.03,77982.58,1777042983000
1777042984.77,184.77,0.12,0.13,0.87,0.88,0.01,0.01,77982.58,1777042983000
1777042985.197,185.197,0.09,0.1,0.9,0.91,0.01,0.01,77982.58,1777042983000
1777042985.589,185.589,0.09,0.1,0.9,0.91,0.01,0.01,77980.54,1777042984000
1777042985.952,185.952,0.09,0.1,0.9,0.91,0.01,0.01,77980.54,1777042984000
1777042986.393,186.393,0.09,0.1,0.9,0.91,0.01,0.01,77980.39,1777042985000
1777042986.77,186.77,0.09,0.1,0.9,0.91,0.01,0.01,77980.39,1777042985000
1777042987.148,187.148,0.09,0.1,0.9,0.91,0.01,0.01,77980.39,1777042985000
1777042987.61,187.61,0.09,0.1,0.9,0.91,0.01,0.01,77976.57,1777042986000
1777042987.96,187.96,0.09,0.1,0.9,0.91,0.01,0.01,77976.57,1777042986000
1777042988.487,188.487,0.09,0.1,0.9,0.91,0.01,0.01,77976.57,1777042986000
1777042988.854,188.854,0.09,0.1,0.9,0.91,0.01,0.01,77976.57,1777042986000
1777042989.202,189.202,0.09,0.1,0.9,0.91,0.01,0.01,77976.71,1777042987000
1777042989.812,189.812,0.09,0.1,0.9,0.91,0.01,0.01,77976.32,1777042988000
1777042990.427,190.427,0.09,0.1,0.9,0.91,0.01,0.01,77977.9,1777042989000
1777042991.089,191.089,0.09,0.1,0.9,0.91,0.01,0.01,77978.09,1777042990000
1777042991.508,191.508,0.09,0.1,0.9,0.91,0.01,0.01,77978.09,1777042990000
1777042991.886,191.886,0.09,0.1,0.9,0.91,0.01,0.01,77978.09,1777042990000
1777042992.309,192.309,0.09,0.1,0.9,0.91,0.01,0.01,77978.31,1777042991000
1777042992.693,192.693,0.09,0.1,0.9,0.91,0.01,0.01,77978.31,1777042991000
1777042993.158,193.158,0.09,0.1,0.9,0.91,0.01,0.01,77978.31,1777042991000
1777042993.94,193.94,0.09,0.1,0.9,0.91,0.01,0.01,77977.18,1777042993000
1777042994.281,194.281,0.09,0.1,0.9,0.91,0.01,0.01,77977.18,1777042993000
1777042994.686,194.686,0.08,0.1,0.9,0.91,0.02,0.01,77977.18,1777042993000
1777042995.403,195.403,0.08,0.09,0.91,0.92,0.01,0.01,77977.38,1777042994000
1777042996.083,196.083,0.08,0.09,0.91,0.92,0.01,0.01,77977.72,1777042995000
1777042996.435,196.435,0.08,0.09,0.91,0.92,0.01,0.01,77977.72,1777042995000
1777042997.232,197.232,0.08,0.09,0.91,0.92,0.01,0.01,77977.72,1777042995000
1777042997.568,197.568,0.06,0.09,0.91,0.94,0.03,0.03,77976.62,1777042996000
1777042997.903,197.903,0.05,0.06,0.94,0.95,0.01,0.01,77976.62,1777042996000
1777042998.432,198.432,0.05,0.06,0.94,0.95,0.01,0.01,77967.89,1777042997000
1777042998.773,198.773,0.05,0.06,0.94,0.95,0.01,0.01,77967.89,1777042997000
1777042999.178,199.178,0.04,0.05,0.95,0.96,0.01,0.01,77966.3,1777042998000
1777042999.59,199.59,0.04,0.05,0.95,0.96,0.01,0.01,77966.3,1777042998000
1777043000.008,200.008,0.04,0.05,0.95,0.96,0.01,0.01,77966.3,1777042998000
1777043000.866,200.866,0.04,0.05,0.95,0.96,0.01,0.01,77959.23,1777042999000
1777043001.23,201.23,0.04,0.05,0.95,0.96,0.01,0.01,77959.04,1777043000000
1777043001.818,201.818,0.04,0.05,0.95,0.96,0.01,0.01,77959.04,1777043000000
1777043002.211,202.211,0.03,0.04,0.96,0.97,0.01,0.01,77959.04,1777043000000
1777043002.545,202.545,0.03,0.04,0.96,0.97,0.01,0.01,77953.8,1777043001000
1777043003.131,203.131,0.03,0.04,0.96,0.97,0.01,0.01,77953.8,1777043001000
1777043003.655,203.655,0.03,0.04,0.96,0.97,0.01,0.01,77950.41,1777043002000
1777043004.145,204.145,0.03,0.04,0.96,0.97,0.01,0.01,77950.41,1777043002000
1777043004.497,204.497,0.03,0.04,0.96,0.97,0.01,0.01,77950.39,1777043003000
1777043005.189,205.189,0.03,0.04,0.96,0.97,0.01,0.01,77950.39,1777043003000
1777043005.637,205.637,0.03,0.04,0.96,0.97,0.01,0.01,77949.47,1777043004000
1777043006.015,206.015,0.03,0.04,0.96,0.97,0.01,0.01,77948.86,1777043005000
1777043007.029,207.029,0.03,0.04,0.96,0.97,0.01,0.01,77948.86,1777043005000
1777043007.374,207.374,0.03,0.04,0.96,0.97,0.01,0.01,77948.9,1777043006000
1777043007.732,207.732,0.03,0.04,0.96,0.97,0.01,0.01,77948.9,1777043006000
1777043008.143,208.143,0.03,0.04,0.96,0.97,0.01,0.01,77948.9,1777043006000
1777043008.549,208.549,0.03,0.04,0.96,0.97,0.01,0.01,77948.57,1777043007000
1777043008.884,208.884,0.03,0.04,0.96,0.97,0.01,0.01,77948.57,1777043007000
1777043009.29,209.29,0.03,0.04,0.96,0.97,0.01,0.01,77948.68,1777043008000
1777043009.81,209.81,0.03,0.04,0.96,0.97,0.01,0.01,77948.68,1777043008000
1777043010.155,210.155,0.03,0.04,0.96,0.97,0.01,0.01,77951.95,1777043009000
1777043010.503,210.503,0.03,0.04,0.96,0.97,0.01,0.01,77951.95,1777043009000
1777043010.861,210.861,0.03,0.04,0.96,0.97,0.01,0.01,77951.95,1777043009000
1777043011.244,211.244,0.02,0.03,0.97,0.98,0.01,0.01,77951.95,1777043009000
1777043011.624,211.624,0.02,0.03,0.97,0.98,0.01,0.01,77956.19,1777043010000
1777043012.403,212.403,0.02,0.04,0.96,0.98,0.02,0.02,77958.56,1777043011000
1777043012.931,212.931,0.03,0.04,0.96,0.97,0.01,0.01,77958.56,1777043011000
1777043013.377,213.377,0.04,0.05,0.95,0.97,0.01,0.02,77959.95,1777043012000
1777043013.77,213.77,0.04,0.05,0.95,0.96,0.01,0.01,77959.95,1777043012000
1777043014.231,214.231,0.04,0.05,0.96,0.97,0.01,0.01,77965.9,1777043013000
1777043014.625,214.625,0.03,0.05,0.95,0.96,0.02,0.01,77965.9,1777043013000
1777043015.201,215.201,0.03,0.05,0.95,0.97,0.02,0.02,77966.72,1777043014000
1777043015.589,215.589,0.03,0.04,0.96,0.97,0.01,0.01,77966.72,1777043014000
1777043015.986,215.986,0.03,0.04,0.96,0.97,0.01,0.01,77966.72,1777043014000
1777043016.553,216.553,0.03,0.04,0.96,0.97,0.01,0.01,77967.72,1777043015000
1777043016.978,216.978,0.03,0.04,0.96,0.97,0.01,0.01,77967.72,1777043015000
1777043017.591,217.591,0.03,0.04,0.96,0.97,0.01,0.01,77967.72,1777043015000
1777043017.946,217.946,0.03,0.04,0.96,0.97,0.01,0.01,77960.56,1777043016000
1777043018.374,218.374,0.03,0.04,0.96,0.97,0.01,0.01,77960.56,1777043016000
1777043018.781,218.781,0.03,0.04,0.96,0.97,0.01,0.01,77961.48,1777043017000
1777043019.121,219.121,0.03,0.04,0.96,0.97,0.01,0.01,77961.86,1777043018000
1777043019.515,219.515,0.03,0.04,0.96,0.97,0.01,0.01,77961.86,1777043018000
1777043019.914,219.914,0.03,0.04,0.96,0.97,0.01,0.01,77961.86,1777043018000
1777043020.258,220.258,0.03,0.04,0.96,0.97,0.01,0.01,77963.37,1777043019000
1777043020.615,220.615,0.03,0.04,0.96,0.97,0.01,0.01,77963.37,1777043019000
1777043021.036,221.036,0.03,0.04,0.96,0.97,0.01,0.01,77963.57,1777043020000
1777043021.514,221.514,0.03,0.04,0.96,0.97,0.01,0.01,77963.57,1777043020000
1777043022.032,222.032,0.03,0.04,0.96,0.97,0.01,0.01,77963.57,1777043021000
1777043022.615,222.615,0.03,0.04,0.96,0.97,0.01,0.01,77963.57,1777043021000
1777043022.968,222.968,0.03,0.04,0.96,0.97,0.01,0.01,77963.57,1777043021000
1777043024.061,224.061,0.03,0.04,0.96,0.97,0.01,0.01,77955.46,1777043023000
1777043024.412,224.412,0.03,0.04,0.96,0.97,0.01,0.01,77955.46,1777043023000
1777043024.981,224.981,0.03,0.04,0.96,0.97,0.01,0.01,77956.46,1777043024000
1777043025.427,225.427,0.03,0.04,0.96,0.97,0.01,0.01,77956.46,1777043024000
1777043025.871,225.871,0.03,0.04,0.96,0.97,0.01,0.01,77956.46,1777043024000
1777043026.329,226.329,0.03,0.04,0.96,0.97,0.01,0.01,77957.17,1777043025000
1777043026.823,226.823,0.03,0.04,0.96,0.97,0.01,0.01,77957.17,1777043025000
1777043027.224,227.224,0.04,0.05,0.95,0.96,0.01,0.01,77957.15,1777043026000
1777043027.739,227.739,0.04,0.05,0.95,0.96,0.01,0.01,77957.15,1777043026000
1777043028.316,228.316,0.04,0.05,0.95,0.96,0.01,0.01,77970.12,1777043027000
1777043028.823,228.823,0.04,0.05,0.95,0.96,0.01,0.01,77970.12,1777043027000
1777043029.179,229.179,0.04,0.05,0.95,0.96,0.01,0.01,77976.07,1777043028000
1777043029.86,229.86,0.04,0.05,0.95,0.96,0.01,0.01,77976.07,1777043028000
1777043030.611,230.611,0.04,0.05,0.95,0.96,0.01,0.01,77976.4,1777043029000
1777043031.214,231.214,0.04,0.05,0.95,0.96,0.01,0.01,77976.79,1777043030000
1777043031.654,231.654,0.04,0.05,0.95,0.96,0.01,0.01,77976.79,1777043030000
1777043032.18,232.18,0.04,0.05,0.95,0.96,0.01,0.01,77976.56,1777043031000
1777043032.513,232.513,0.04,0.05,0.95,0.96,0.01,0.01,77976.56,1777043031000
1777043033.178,233.178,0.04,0.05,0.95,0.96,0.01,0.01,77976.84,1777043032000
1777043034.039,234.039,0.04,0.05,0.95,0.96,0.01,0.01,77976.84,1777043032000
1777043034.445,234.445,0.04,0.05,0.95,0.96,0.01,0.01,77976.76,1777043033000
1777043035.228,235.228,0.03,0.05,0.95,0.97,0.02,0.02,77976.76,1777043034000
1777043036.178,236.178,0.03,0.05,0.95,0.97,0.02,0.02,77976.35,1777043035000
1777043036.672,236.672,0.03,0.04,0.96,0.97,0.01,0.01,77976.35,1777043035000
1777043037.201,237.201,0.03,0.04,0.96,0.97,0.01,0.01,77975.87,1777043036000
1777043037.791,237.791,0.03,0.04,0.96,0.97,0.01,0.01,77975.87,1777043036000
1777043038.161,238.161,0.03,0.04,0.96,0.97,0.01,0.01,77975.87,1777043036000
1777043038.518,238.518,0.03,0.04,0.96,0.98,0.01,0.02,77973.23,1777043037000
1777043038.969,238.969,0.02,0.04,0.96,0.98,0.02,0.02,77973.23,1777043037000
1777043039.583,239.583,0.02,0.03,0.97,0.98,0.01,0.01,77962.76,1777043038000
1777043040.047,240.047,0.02,0.03,0.97,0.98,0.01,0.01,77963.17,1777043039000
1777043040.453,240.453,0.02,0.03,0.97,0.98,0.01,0.01,77963.17,1777043039000
1777043040.948,240.948,0.02,0.03,0.97,0.98,0.01,0.01,77964.25,1777043040000
1777043041.311,241.311,0.01,0.02,0.98,0.99,0.01,0.01,77964.25,1777043040000
1777043042.01,242.01,0.01,0.02,0.98,0.99,0.01,0.01,77964.25,1777043040000
1777043042.376,242.376,0.01,0.02,0.98,0.99,0.01,0.01,77962.57,1777043041000
1777043042.733,242.733,0.01,0.02,0.98,0.99,0.01,0.01,77962.57,1777043041000
1777043043.115,243.115,0.01,0.02,0.98,0.99,0.01,0.01,77956.78,1777043042000
1777043043.721,243.721,0.01,0.02,0.98,0.99,0.01,0.01,77956.78,1777043042000
1777043044.218,244.218,0.01,0.02,0.98,0.99,0.01,0.01,77956.78,1777043042000
1777043044.555,244.555,0.01,0.02,0.98,0.99,0.01,0.01,77956.78,1777043042000
1777043045.06,245.06,0.01,0.02,0.98,0.99,0.01,0.01,77945.02,1777043044000
1777043045.55,245.55,0.01,0.02,0.98,0.99,0.01,0.01,77945.02,1777043044000
1777043046.466,246.466,0.01,0.02,0.98,0.99,0.01,0.01,77946.0,1777043045000
1777043047.048,247.048,0.01,0.02,0.98,0.99,0.01,0.01,77946.65,1777043046000
1777043047.405,247.405,0.01,0.02,0.98,0.99,0.01,0.01,77946.65,1777043046000
1777043047.865,247.865,0.01,0.02,0.98,0.99,0.01,0.01,77946.65,1777043046000
1777043048.234,248.234,0.01,0.02,0.98,0.99,0.01,0.01,77947.08,1777043047000
1777043048.57,248.57,0.01,0.02,0.98,0.99,0.01,0.01,77947.08,1777043047000
1777043049.088,249.088,0.01,0.01,0.99,0.99,0.0,0.0,77947.08,1777043047000
1777043049.528,249.528,0.01,0.01,0.99,0.99,0.0,0.0,77939.73,1777043048000
1777043049.975,249.975,0.01,0.01,0.99,0.99,0.0,0.0,77939.73,1777043048000
1777043050.43,250.43,0.01,0.01,0.99,0.99,0.0,0.0,77932.66,1777043049000
1777043051.215,251.215,0.01,0.01,0.99,0.99,0.0,0.0,77930.84,1777043050000
1777043052.224,252.224,0.01,0.01,0.99,0.99,0.0,0.0,77930.84,1777043050000
1777043052.568,252.568,0.01,0.01,0.99,0.99,0.0,0.0,77929.33,1777043051000
1777043053.085,253.085,0.01,0.01,0.99,0.99,0.0,0.0,77927.42,1777043052000
1777043053.742,253.742,0.01,0.01,0.99,0.99,0.0,0.0,77927.42,1777043052000
1777043054.158,254.158,0.01,0.01,0.99,0.99,0.0,0.0,77927.42,1777043052000
1777043054.667,254.667,0.01,0.01,0.99,0.99,0.0,0.0,77930.23,1777043053000
1777043055.467,255.467,0.01,0.01,0.99,0.99,0.0,0.0,77929.41,1777043054000
1777043055.813,255.813,0.01,0.01,0.99,0.99,0.0,0.0,77929.41,1777043054000
1777043057.16,257.16,0.01,0.01,0.99,0.99,0.0,0.0,77927.78,1777043055000
1777043058.328,258.328,0.01,0.01,0.99,0.99,0.0,0.0,77919.17,1777043057000
1777043060.002,260.002,0.01,0.01,0.99,0.99,0.0,0.0,77917.31,1777043058000
1777043060.725,260.725,0.01,0.01,0.99,0.99,0.0,0.0,77917.31,1777043059000
1777043061.524,261.524,0.01,0.01,0.99,0.99,0.0,0.0,77917.31,1777043060000
1777043062.203,262.203,0.01,0.01,0.99,0.99,0.0,0.0,77917.31,1777043061000
1777043063.517,263.517,0.01,0.01,0.99,0.99,0.0,0.0,77907.11,1777043062000
1777043064.192,264.192,0.01,0.01,0.99,0.99,0.0,0.0,77904.67,1777043063000
1777043065.039,265.039,0.01,0.01,0.99,0.99,0.0,0.0,77904.67,1777043063000
1777043065.615,265.615,0.01,0.01,0.99,0.99,0.0,0.0,77904.67,1777043063000
1777043066.311,266.311,0.01,0.01,0.99,0.99,0.0,0.0,77901.28,1777043064000
1777043067.154,267.154,0.01,0.01,0.99,0.99,0.0,0.0,77900.7,1777043066000
1777043068.575,268.575,0.01,0.01,0.99,0.99,0.0,0.0,77900.42,1777043067000
1777043069.222,269.222,0.01,0.01,0.99,0.99,0.0,0.0,77900.88,1777043068000
1777043069.764,269.764,0.01,0.01,0.99,0.99,0.0,0.0,77900.88,1777043068000
1777043070.682,270.682,0.01,0.01,0.99,0.99,0.0,0.0,77899.33,1777043069000
1777043071.455,271.455,0.01,0.01,0.99,0.99,0.0,0.0,77900.33,1777043070000
1777043072.133,272.133,0.01,0.01,0.99,0.99,0.0,0.0,77899.88,1777043071000
1777043073.433,273.433,0.01,0.01,0.99,0.99,0.0,0.0,77899.23,1777043072000
1777043074.054,274.054,0.01,0.01,0.99,0.99,0.0,0.0,77894.43,1777043073000
1777043075.443,275.443,0.01,0.01,0.99,0.99,0.0,0.0,77882.34,1777043074000
1777043076.228,276.228,0.01,0.01,0.99,0.99,0.0,0.0,77881.35,1777043075000
1777043078.13,278.13,0.01,0.01,0.99,0.99,0.0,0.0,77880.86,1777043077000
1777043078.654,278.654,0.01,0.01,0.99,0.99,0.0,0.0,77880.86,1777043077000
1777043079.276,279.276,0.01,0.01,0.99,0.99,0.0,0.0,77880.94,1777043078000
1777043080.225,280.225,0.01,0.01,0.99,0.99,0.0,0.0,77880.94,1777043078000
1777043080.896,280.896,0.01,0.01,0.99,0.99,0.0,0.0,77881.7,1777043080000
1777043081.756,281.756,0.01,0.01,0.99,0.99,0.0,0.0,77881.7,1777043080000
1777043083.208,283.208,0.01,0.01,0.99,0.99,0.0,0.0,77884.37,1777043082000
1777043083.746,283.746,0.01,0.01,0.99,0.99,0.0,0.0,77884.37,1777043082000
1777043084.281,284.281,0.01,0.01,0.99,0.99,0.0,0.0,77887.55,1777043083000
1777043085.381,285.381,0.01,0.01,0.99,0.99,0.0,0.0,77890.15,1777043084000
1777043086.437,286.437,0.01,0.01,0.99,0.99,0.0,0.0,77888.65,1777043085000
1777043086.951,286.951,0.01,0.01,0.99,0.99,0.0,0.0,77889.03,1777043086000
1777043087.972,287.972,0.01,0.01,0.99,0.99,0.0,0.0,77888.33,1777043087000
1777043088.872,288.872,0.01,0.01,0.99,0.99,0.0,0.0,77888.33,1777043087000
1777043089.644,289.644,0.01,0.01,0.99,0.99,0.0,0.0,77886.61,1777043088000
1777043090.335,290.335,0.01,0.01,0.99,0.99,0.0,0.0,77887.31,1777043089000
1777043091.181,291.181,0.01,0.01,0.99,0.99,0.0,0.0,77888.26,1777043090000
1777043092.085,292.085,0.01,0.01,0.99,0.99,0.0,0.0,77887.3,1777043091000
1777043093.087,293.087,0.01,0.01,0.99,0.99,0.0,0.0,77887.23,1777043092000
1777043094.164,294.164,0.01,0.01,0.99,0.99,0.0,0.0,77887.31,1777043093000
1777043095.299,295.299,0.01,0.01,0.99,0.99,0.0,0.0,77887.37,1777043094000
1777043096.323,296.323,0.01,0.01,0.99,0.99,0.0,0.0,77887.53,1777043095000
1777043097.24,297.24,0.01,0.01,0.99,0.99,0.0,0.0,77887.53,1777043095000
1777043098.455,298.455,0.01,0.01,0.99,0.99,0.0,0.0,77887.38,1777043097000
1777043099.037,299.037,0.01,0.01,0.99,0.99,0.0,0.0,77887.38,1777043098000
1777043099.384,299.384,0.01,0.01,0.99,0.99,0.0,0.0,77887.38,1777043098000
1777043099.922,299.922,0.01,0.01,0.99,0.99,0.0,0.0,77887.38,1777043098000
1777043100.264,300.264,0.01,0.01,0.99,0.99,0.0,0.0,77881.47,1777043099000
1777043101.262,301.262,0.01,0.01,0.99,0.99,0.0,0.0,77879.92,1777043100000
1777043102.544,302.544,0.01,0.01,0.99,0.99,0.0,0.0,77879.82,1777043101000
1777043102.983,302.983,0.01,0.01,0.99,0.99,0.0,0.0,77879.45,1777043102000

# RESULT,winner=Down,slug=btc-updown-5m-1777042800,ticks=605
