timestamp,elapsed_sec,up_bid,up_ask,down_bid,down_ask,up_spread,down_spread,btc_price,btc_oracle_ts
1776564000.589,0.589,0.5,0.51,0.49,0.5,0.01,0.01,75642.69,1776563999000
1776564001.063,1.063,0.49,0.51,0.49,0.51,0.02,0.02,75642.69,1776563999000
1776564001.417,1.417,0.5,0.51,0.49,0.51,0.01,0.02,75642.17,1776564000000
1776564001.794,1.794,0.47,0.48,0.49,0.51,0.01,0.02,75642.17,1776564000000
1776564002.258,2.258,0.4,0.48,0.55,0.6,0.08,0.05,75642.17,1776564000000
1776564003.025,3.025,0.4,0.45,0.52,0.6,0.05,0.08,75642.1,1776564001000
1776564003.524,3.524,0.42,0.44,0.56,0.58,0.02,0.02,75642.1,1776564001000
1776564004.004,4.004,0.42,0.45,0.55,0.58,0.03,0.03,75639.38,1776564002000
1776564004.347,4.347,0.42,0.43,0.57,0.58,0.01,0.01,75639.38,1776564002000
1776564004.701,4.701,0.42,0.43,0.57,0.58,0.01,0.01,75636.57,1776564003000
1776564005.093,5.093,0.42,0.43,0.57,0.58,0.01,0.01,75636.57,1776564003000
1776564005.49,5.49,0.42,0.43,0.57,0.58,0.01,0.01,75634.82,1776564004000
1776564005.897,5.897,0.43,0.44,0.56,0.57,0.01,0.01,75634.82,1776564004000
1776564006.387,6.387,0.43,0.44,0.56,0.57,0.01,0.01,75634.82,1776564004000
1776564006.827,6.827,0.43,0.44,0.56,0.57,0.01,0.01,75634.51,1776564005000
1776564007.195,7.195,0.43,0.44,0.56,0.57,0.01,0.01,75634.53,1776564006000
1776564007.659,7.659,0.43,0.44,0.56,0.57,0.01,0.01,75634.53,1776564006000
1776564008.358,8.358,0.43,0.44,0.56,0.57,0.01,0.01,75635.6,1776564007000
1776564008.746,8.746,0.43,0.44,0.56,0.57,0.01,0.01,75635.6,1776564007000
1776564009.187,9.187,0.42,0.44,0.56,0.57,0.02,0.01,75635.6,1776564007000
1776564009.577,9.577,0.42,0.43,0.57,0.58,0.01,0.01,75635.7,1776564008000
1776564010.048,10.048,0.42,0.43,0.57,0.58,0.01,0.01,75635.84,1776564009000
1776564010.461,10.461,0.42,0.43,0.57,0.58,0.01,0.01,75635.84,1776564009000
1776564010.85,10.85,0.47,0.48,0.52,0.53,0.01,0.01,75635.84,1776564009000
1776564011.212,11.212,0.48,0.49,0.51,0.52,0.01,0.01,75635.84,1776564010000
1776564011.57,11.57,0.49,0.51,0.49,0.51,0.02,0.02,75635.84,1776564010000
1776564012.03,12.03,0.5,0.51,0.49,0.5,0.01,0.01,75635.84,1776564010000
1776564012.387,12.387,0.5,0.51,0.49,0.5,0.01,0.01,75636.08,1776564011000
1776564013.047,13.047,0.5,0.51,0.49,0.5,0.01,0.01,75636.08,1776564011000
1776564013.43,13.43,0.5,0.51,0.49,0.5,0.01,0.01,75636.09,1776564012000
1776564013.797,13.797,0.51,0.52,0.48,0.49,0.01,0.01,75636.09,1776564012000
1776564014.206,14.206,0.51,0.52,0.48,0.49,0.01,0.01,75636.09,1776564012000
1776564014.585,14.585,0.51,0.52,0.48,0.49,0.01,0.01,75639.04,1776564013000
1776564015.095,15.095,0.51,0.52,0.48,0.49,0.01,0.01,75639.14,1776564014000
1776564015.594,15.594,0.52,0.53,0.47,0.49,0.01,0.02,75639.14,1776564014000
1776564015.94,15.94,0.52,0.53,0.47,0.48,0.01,0.01,75639.14,1776564014000
1776564016.276,16.276,0.52,0.53,0.47,0.48,0.01,0.01,75640.9,1776564015000
1776564016.783,16.783,0.52,0.53,0.47,0.48,0.01,0.01,75640.9,1776564015000
1776564017.188,17.188,0.55,0.58,0.42,0.45,0.03,0.03,75640.9,1776564015000
1776564017.576,17.576,0.57,0.58,0.41,0.43,0.01,0.02,75640.95,1776564016000
1776564017.96,17.96,0.57,0.58,0.42,0.43,0.01,0.01,75640.95,1776564016000
1776564018.473,18.473,0.57,0.58,0.42,0.43,0.01,0.01,75640.95,1776564017000
1776564018.893,18.893,0.57,0.58,0.42,0.43,0.01,0.01,75640.95,1776564017000
1776564019.47,19.47,0.57,0.58,0.42,0.43,0.01,0.01,75641.62,1776564018000
1776564019.853,19.853,0.57,0.58,0.42,0.43,0.01,0.01,75641.62,1776564018000
1776564020.652,20.652,0.57,0.58,0.42,0.43,0.01,0.01,75643.82,1776564019000
1776564021.305,21.305,0.53,0.58,0.42,0.43,0.05,0.01,75643.99,1776564020000
1776564021.753,21.753,0.55,0.56,0.42,0.47,0.01,0.05,75643.99,1776564020000
1776564022.118,22.118,0.53,0.56,0.44,0.45,0.03,0.01,75643.99,1776564020000
1776564022.607,22.607,0.54,0.55,0.45,0.47,0.01,0.02,75643.98,1776564021000
1776564023.101,23.101,0.54,0.55,0.45,0.46,0.01,0.01,75643.98,1776564021000
1776564023.593,23.593,0.54,0.55,0.45,0.46,0.01,0.01,75644.44,1776564022000
1776564023.933,23.933,0.54,0.55,0.45,0.46,0.01,0.01,75644.45,1776564023000
1776564024.626,24.626,0.54,0.55,0.45,0.46,0.01,0.01,75644.45,1776564023000
1776564024.981,24.981,0.54,0.55,0.45,0.46,0.01,0.01,75644.45,1776564023000
1776564025.455,25.455,0.54,0.55,0.45,0.46,0.01,0.01,75644.38,1776564024000
1776564026.255,26.255,0.54,0.55,0.45,0.46,0.01,0.01,75644.38,1776564024000
1776564027.013,27.013,0.54,0.55,0.45,0.46,0.01,0.01,75644.48,1776564026000
1776564027.435,27.435,0.54,0.55,0.45,0.46,0.01,0.01,75644.48,1776564026000
1776564028.016,28.016,0.54,0.55,0.45,0.46,0.01,0.01,75644.48,1776564026000
1776564028.659,28.659,0.53,0.54,0.46,0.47,0.01,0.01,75644.47,1776564027000
1776564029.194,29.194,0.53,0.54,0.46,0.47,0.01,0.01,75644.47,1776564028000
1776564029.542,29.542,0.55,0.56,0.45,0.46,0.01,0.01,75644.47,1776564028000
1776564030.229,30.229,0.55,0.56,0.44,0.45,0.01,0.01,75644.38,1776564029000
1776564031.023,31.023,0.55,0.56,0.44,0.45,0.01,0.01,75644.38,1776564029000
1776564031.408,31.408,0.56,0.57,0.44,0.45,0.01,0.01,75644.38,1776564029000
1776564031.794,31.794,0.56,0.57,0.43,0.44,0.01,0.01,75644.4,1776564030000
1776564032.223,32.223,0.56,0.57,0.43,0.44,0.01,0.01,75644.4,1776564031000
1776564032.618,32.618,0.56,0.57,0.43,0.44,0.01,0.01,75644.4,1776564031000
1776564032.962,32.962,0.56,0.57,0.43,0.44,0.01,0.01,75644.4,1776564031000
1776564033.77,33.77,0.55,0.57,0.43,0.44,0.02,0.01,75644.45,1776564032000
1776564034.23,34.23,0.55,0.57,0.43,0.45,0.02,0.02,75644.45,1776564033000
1776564035.145,35.145,0.55,0.56,0.44,0.45,0.01,0.01,75644.45,1776564033000
1776564035.552,35.552,0.55,0.56,0.44,0.45,0.01,0.01,75644.45,1776564033000
1776564036.159,36.159,0.55,0.56,0.44,0.45,0.01,0.01,75646.06,1776564035000
1776564036.861,36.861,0.55,0.56,0.44,0.45,0.01,0.01,75646.06,1776564035000
1776564037.423,37.423,0.55,0.56,0.44,0.45,0.01,0.01,75644.43,1776564036000
1776564037.971,37.971,0.55,0.56,0.44,0.45,0.01,0.01,75644.43,1776564036000
1776564038.851,38.851,0.55,0.56,0.44,0.45,0.01,0.01,75644.44,1776564037000
1776564039.438,39.438,0.55,0.56,0.44,0.45,0.01,0.01,75644.44,1776564037000
1776564040.137,40.137,0.55,0.56,0.44,0.45,0.01,0.01,75646.07,1776564039000
1776564040.484,40.484,0.55,0.56,0.44,0.45,0.01,0.01,75646.07,1776564039000
1776564041.187,41.187,0.55,0.56,0.44,0.45,0.01,0.01,75646.79,1776564040000
1776564042.106,42.106,0.55,0.56,0.44,0.45,0.01,0.01,75646.79,1776564040000
1776564043.114,43.114,0.55,0.56,0.44,0.45,0.01,0.01,75644.46,1776564042000
1776564043.451,43.451,0.42,0.45,0.55,0.56,0.03,0.01,75644.46,1776564042000
1776564043.892,43.892,0.39,0.41,0.58,0.61,0.02,0.03,75644.46,1776564042000
1776564044.246,44.246,0.38,0.4,0.6,0.61,0.02,0.01,75644.46,1776564042000
1776564044.588,44.588,0.38,0.4,0.6,0.62,0.02,0.02,75644.6,1776564043000
1776564044.949,44.949,0.37,0.38,0.62,0.63,0.01,0.01,75644.6,1776564043000
1776564045.285,45.285,0.37,0.38,0.62,0.63,0.01,0.01,75644.6,1776564043000
1776564045.621,45.621,0.37,0.38,0.62,0.63,0.01,0.01,75637.85,1776564044000
1776564045.964,45.964,0.36,0.37,0.63,0.64,0.01,0.01,75637.85,1776564044000
1776564046.536,46.536,0.36,0.37,0.63,0.64,0.01,0.01,75636.7,1776564045000
1776564046.95,46.95,0.36,0.37,0.63,0.64,0.01,0.01,75636.7,1776564045000
1776564047.414,47.414,0.36,0.37,0.63,0.64,0.01,0.01,75636.7,1776564045000
1776564047.784,47.784,0.36,0.37,0.63,0.64,0.01,0.01,75633.21,1776564046000
1776564048.237,48.237,0.36,0.37,0.63,0.64,0.01,0.01,75633.21,1776564046000
1776564048.625,48.625,0.37,0.38,0.62,0.64,0.01,0.02,75633.01,1776564047000
1776564049.27,49.27,0.37,0.38,0.62,0.63,0.01,0.01,75633.01,1776564047000
1776564049.612,49.612,0.37,0.38,0.62,0.63,0.01,0.01,75632.76,1776564048000
1776564050.13,50.13,0.37,0.38,0.62,0.63,0.01,0.01,75632.76,1776564048000
1776564050.494,50.494,0.29,0.31,0.68,0.71,0.02,0.03,75632.76,1776564048000
1776564050.861,50.861,0.28,0.29,0.71,0.72,0.01,0.01,75632.76,1776564049000
1776564051.238,51.238,0.28,0.29,0.71,0.72,0.01,0.01,75632.76,1776564049000
1776564051.597,51.597,0.26,0.27,0.73,0.74,0.01,0.01,75632.76,1776564050000
1776564051.983,51.983,0.26,0.27,0.73,0.74,0.01,0.01,75632.76,1776564050000
1776564052.338,52.338,0.25,0.26,0.74,0.75,0.01,0.01,75632.3,1776564051000
1776564052.673,52.673,0.24,0.25,0.74,0.76,0.01,0.02,75632.3,1776564051000
1776564053.087,53.087,0.24,0.25,0.75,0.76,0.01,0.01,75632.3,1776564051000
1776564053.554,53.554,0.24,0.25,0.75,0.76,0.01,0.01,75622.43,1776564052000
1776564053.961,53.961,0.24,0.25,0.75,0.76,0.01,0.01,75622.43,1776564052000
1776564054.323,54.323,0.24,0.25,0.75,0.76,0.01,0.01,75618.11,1776564053000
1776564054.663,54.663,0.24,0.25,0.75,0.76,0.01,0.01,75618.11,1776564053000
1776564055.096,55.096,0.24,0.25,0.75,0.76,0.01,0.01,75618.11,1776564053000
1776564055.501,55.501,0.24,0.25,0.75,0.76,0.01,0.01,75617.77,1776564054000
1776564055.869,55.869,0.22,0.25,0.75,0.76,0.03,0.01,75617.77,1776564054000
1776564056.294,56.294,0.22,0.23,0.77,0.78,0.01,0.01,75617.76,1776564055000
1776564056.639,56.639,0.25,0.28,0.72,0.75,0.03,0.03,75617.76,1776564055000
1776564057.007,57.007,0.29,0.3,0.67,0.71,0.01,0.04,75617.76,1776564055000
1776564057.433,57.433,0.31,0.32,0.67,0.7,0.01,0.03,75616.82,1776564056000
1776564057.855,57.855,0.31,0.32,0.68,0.69,0.01,0.01,75616.82,1776564056000
1776564058.2,58.2,0.32,0.33,0.67,0.69,0.01,0.02,75616.82,1776564056000
1776564058.534,58.534,0.32,0.33,0.67,0.68,0.01,0.01,75617.69,1776564057000
1776564058.974,58.974,0.32,0.33,0.67,0.68,0.01,0.01,75617.69,1776564057000
1776564059.635,59.635,0.32,0.33,0.67,0.68,0.01,0.01,75620.15,1776564058000
1776564060.248,60.248,0.33,0.34,0.65,0.68,0.01,0.03,75620.15,1776564058000
1776564060.595,60.595,0.33,0.34,0.66,0.67,0.01,0.01,75621.58,1776564059000
1776564060.936,60.936,0.32,0.33,0.66,0.7,0.01,0.04,75621.58,1776564059000
1776564061.572,61.572,0.28,0.29,0.67,0.68,0.01,0.01,75622.15,1776564060000
1776564061.953,61.953,0.26,0.27,0.73,0.76,0.01,0.03,75622.15,1776564060000
1776564062.422,62.422,0.26,0.27,0.73,0.74,0.01,0.01,75622.37,1776564061000
1776564062.763,62.763,0.26,0.27,0.73,0.74,0.01,0.01,75622.37,1776564061000
1776564063.115,63.115,0.26,0.27,0.73,0.74,0.01,0.01,75622.37,1776564061000
1776564063.623,63.623,0.26,0.27,0.73,0.74,0.01,0.01,75622.21,1776564062000
1776564063.99,63.99,0.26,0.27,0.73,0.74,0.01,0.01,75622.21,1776564062000
1776564064.443,64.443,0.26,0.27,0.73,0.74,0.01,0.01,75619.02,1776564063000
1776564064.821,64.821,0.26,0.27,0.73,0.74,0.01,0.01,75619.02,1776564063000
1776564065.3,65.3,0.26,0.27,0.73,0.74,0.01,0.01,75619.02,1776564063000
1776564065.74,65.74,0.26,0.27,0.73,0.74,0.01,0.01,75619.02,1776564063000
1776564066.187,66.187,0.26,0.27,0.73,0.74,0.01,0.01,75619.04,1776564064000
1776564066.55,66.55,0.26,0.27,0.73,0.74,0.01,0.01,75619.07,1776564065000
1776564066.971,66.971,0.26,0.27,0.73,0.74,0.01,0.01,75619.07,1776564065000
1776564067.469,67.469,0.26,0.27,0.73,0.74,0.01,0.01,75619.07,1776564066000
1776564068.129,68.129,0.26,0.27,0.73,0.74,0.01,0.01,75619.08,1776564067000
1776564068.901,68.901,0.26,0.27,0.73,0.74,0.01,0.01,75619.08,1776564067000
1776564069.251,69.251,0.26,0.27,0.73,0.74,0.01,0.01,75619.08,1776564067000
1776564069.745,69.745,0.26,0.27,0.73,0.74,0.01,0.01,75619.08,1776564068000
1776564070.202,70.202,0.26,0.27,0.73,0.74,0.01,0.01,75619.08,1776564068000
1776564070.611,70.611,0.25,0.26,0.74,0.75,0.01,0.01,75619.09,1776564069000
1776564070.983,70.983,0.25,0.26,0.74,0.75,0.01,0.01,75619.08,1776564070000
1776564071.324,71.324,0.23,0.25,0.74,0.77,0.02,0.03,75619.08,1776564070000
1776564072.006,72.006,0.23,0.24,0.76,0.77,0.01,0.01,75619.08,1776564071000
1776564072.497,72.497,0.22,0.23,0.77,0.78,0.01,0.01,75619.08,1776564071000
1776564072.858,72.858,0.22,0.23,0.77,0.78,0.01,0.01,75619.08,1776564071000
1776564073.4,73.4,0.22,0.23,0.77,0.78,0.01,0.01,75618.38,1776564072000
1776564073.868,73.868,0.22,0.23,0.77,0.78,0.01,0.01,75618.38,1776564072000
1776564074.269,74.269,0.22,0.23,0.77,0.78,0.01,0.01,75618.26,1776564073000
1776564074.96,74.96,0.22,0.23,0.77,0.78,0.01,0.01,75618.26,1776564073000
1776564075.472,75.472,0.22,0.23,0.77,0.78,0.01,0.01,75618.27,1776564074000
1776564075.978,75.978,0.22,0.23,0.77,0.78,0.01,0.01,75618.27,1776564074000
1776564076.325,76.325,0.22,0.23,0.77,0.78,0.01,0.01,75618.27,1776564075000
1776564077.008,77.008,0.22,0.23,0.77,0.78,0.01,0.01,75618.27,1776564075000
1776564077.398,77.398,0.2,0.21,0.77,0.8,0.01,0.03,75618.17,1776564076000
1776564077.74,77.74,0.2,0.21,0.79,0.8,0.01,0.01,75618.17,1776564076000
1776564078.099,78.099,0.2,0.21,0.79,0.8,0.01,0.01,75618.17,1776564076000
1776564078.6,78.6,0.2,0.21,0.79,0.8,0.01,0.01,75616.52,1776564077000
1776564078.945,78.945,0.2,0.21,0.79,0.8,0.01,0.01,75616.52,1776564077000
1776564079.527,79.527,0.2,0.21,0.79,0.8,0.01,0.01,75616.52,1776564077000
1776564079.905,79.905,0.2,0.21,0.79,0.8,0.01,0.01,75613.25,1776564078000
1776564080.412,80.412,0.2,0.21,0.79,0.8,0.01,0.01,75613.25,1776564078000
1776564080.753,80.753,0.2,0.21,0.79,0.8,0.01,0.01,75611.85,1776564079000
1776564081.242,81.242,0.2,0.21,0.79,0.8,0.01,0.01,75611.86,1776564080000
1776564081.661,81.661,0.2,0.21,0.79,0.8,0.01,0.01,75611.86,1776564080000
1776564082.02,82.02,0.2,0.21,0.79,0.8,0.01,0.01,75611.55,1776564081000
1776564082.448,82.448,0.2,0.21,0.79,0.8,0.01,0.01,75611.55,1776564081000
1776564082.981,82.981,0.2,0.21,0.79,0.8,0.01,0.01,75611.0,1776564082000
1776564083.339,83.339,0.2,0.21,0.79,0.8,0.01,0.01,75611.0,1776564082000
1776564083.852,83.852,0.2,0.21,0.79,0.8,0.01,0.01,75611.0,1776564082000
1776564084.4,84.4,0.2,0.21,0.79,0.8,0.01,0.01,75610.99,1776564083000
1776564084.779,84.779,0.2,0.21,0.79,0.8,0.01,0.01,75610.99,1776564083000
1776564085.506,85.506,0.2,0.21,0.79,0.8,0.01,0.01,75610.83,1776564084000
1776564086.034,86.034,0.19,0.2,0.8,0.81,0.01,0.01,75610.83,1776564084000
1776564086.487,86.487,0.19,0.2,0.8,0.81,0.01,0.01,75610.79,1776564085000
1776564087.082,87.082,0.19,0.2,0.8,0.81,0.01,0.01,75610.78,1776564086000
1776564087.545,87.545,0.19,0.2,0.8,0.81,0.01,0.01,75610.78,1776564086000
1776564087.96,87.96,0.19,0.2,0.8,0.81,0.01,0.01,75610.78,1776564086000
1776564088.354,88.354,0.19,0.2,0.8,0.81,0.01,0.01,75608.68,1776564087000
1776564088.951,88.951,0.19,0.2,0.8,0.81,0.01,0.01,75608.68,1776564087000
1776564089.377,89.377,0.19,0.2,0.8,0.81,0.01,0.01,75608.55,1776564088000
1776564089.923,89.923,0.19,0.2,0.8,0.81,0.01,0.01,75608.55,1776564088000
1776564090.473,90.473,0.19,0.2,0.8,0.81,0.01,0.01,75608.54,1776564089000
1776564091.032,91.032,0.18,0.19,0.8,0.82,0.01,0.02,75608.54,1776564089000
1776564091.445,91.445,0.18,0.19,0.81,0.82,0.01,0.01,75608.54,1776564090000
1776564091.971,91.971,0.18,0.19,0.81,0.82,0.01,0.01,75608.54,1776564090000
1776564092.319,92.319,0.18,0.19,0.81,0.82,0.01,0.01,75608.52,1776564091000
1776564092.689,92.689,0.18,0.19,0.81,0.82,0.01,0.01,75608.52,1776564091000
1776564093.381,93.381,0.18,0.19,0.81,0.82,0.01,0.01,75608.52,1776564091000
1776564093.733,93.733,0.18,0.19,0.81,0.82,0.01,0.01,75608.75,1776564092000
1776564094.127,94.127,0.18,0.19,0.81,0.82,0.01,0.01,75608.75,1776564093000
1776564094.476,94.476,0.18,0.19,0.81,0.82,0.01,0.01,75608.75,1776564093000
1776564094.832,94.832,0.18,0.19,0.81,0.82,0.01,0.01,75608.75,1776564093000
1776564095.634,95.634,0.18,0.19,0.81,0.82,0.01,0.01,75608.75,1776564093000
1776564096.083,96.083,0.18,0.19,0.81,0.82,0.01,0.01,75608.66,1776564094000
1776564096.558,96.558,0.18,0.19,0.81,0.82,0.01,0.01,75608.66,1776564095000
1776564096.919,96.919,0.18,0.19,0.81,0.82,0.01,0.01,75608.66,1776564095000
1776564097.27,97.27,0.18,0.19,0.81,0.82,0.01,0.01,75608.66,1776564096000
1776564097.768,97.768,0.17,0.18,0.81,0.82,0.01,0.01,75608.66,1776564096000
1776564098.121,98.121,0.17,0.18,0.82,0.83,0.01,0.01,75608.66,1776564096000
1776564098.476,98.476,0.17,0.18,0.82,0.83,0.01,0.01,75608.66,1776564097000
1776564099.126,99.126,0.17,0.18,0.82,0.83,0.01,0.01,75608.65,1776564098000
1776564100.384,100.384,0.17,0.18,0.82,0.83,0.01,0.01,75608.66,1776564099000
1776564101.063,101.063,0.17,0.18,0.82,0.83,0.01,0.01,75608.66,1776564099000
1776564101.501,101.501,0.17,0.18,0.82,0.83,0.01,0.01,75608.66,1776564100000
1776564102.063,102.063,0.17,0.18,0.82,0.83,0.01,0.01,75608.66,1776564100000
1776564102.458,102.458,0.17,0.18,0.82,0.83,0.01,0.01,75608.61,1776564101000
1776564102.952,102.952,0.19,0.2,0.8,0.81,0.01,0.01,75608.61,1776564101000
1776564103.479,103.479,0.22,0.23,0.77,0.78,0.01,0.01,75608.61,1776564102000
1776564103.924,103.924,0.22,0.23,0.77,0.78,0.01,0.01,75608.61,1776564102000
1776564104.281,104.281,0.22,0.23,0.77,0.78,0.01,0.01,75608.61,1776564102000
1776564104.64,104.64,0.22,0.23,0.77,0.78,0.01,0.01,75608.06,1776564103000
1776564105.374,105.374,0.22,0.23,0.77,0.78,0.01,0.01,75608.93,1776564104000
1776564106.173,106.173,0.22,0.23,0.77,0.78,0.01,0.01,75608.93,1776564104000
1776564106.586,106.586,0.22,0.23,0.77,0.78,0.01,0.01,75608.93,1776564104000
1776564107.502,107.502,0.22,0.23,0.77,0.78,0.01,0.01,75610.88,1776564106000
1776564108.1,108.1,0.22,0.23,0.77,0.78,0.01,0.01,75610.88,1776564106000
1776564109.15,109.15,0.22,0.23,0.77,0.78,0.01,0.01,75610.89,1776564107000
1776564109.6,109.6,0.22,0.23,0.77,0.78,0.01,0.01,75610.89,1776564108000
1776564110.204,110.204,0.22,0.23,0.77,0.78,0.01,0.01,75610.89,1776564108000
1776564110.745,110.745,0.22,0.23,0.77,0.78,0.01,0.01,75611.01,1776564109000
1776564111.311,111.311,0.22,0.23,0.77,0.78,0.01,0.01,75610.59,1776564110000
1776564112.108,112.108,0.22,0.23,0.77,0.78,0.01,0.01,75610.59,1776564110000
1776564112.654,112.654,0.22,0.23,0.77,0.78,0.01,0.01,75611.1,1776564111000
1776564113.053,113.053,0.21,0.22,0.78,0.79,0.01,0.01,75611.1,1776564111000
1776564113.415,113.415,0.21,0.22,0.78,0.79,0.01,0.01,75611.1,1776564111000
1776564113.922,113.922,0.21,0.22,0.78,0.79,0.01,0.01,75611.05,1776564112000
1776564114.381,114.381,0.21,0.22,0.78,0.79,0.01,0.01,75610.85,1776564113000
1776564114.792,114.792,0.21,0.22,0.78,0.8,0.01,0.02,75610.85,1776564113000
1776564115.127,115.127,0.21,0.23,0.78,0.79,0.02,0.01,75610.84,1776564114000
1776564115.477,115.477,0.23,0.24,0.76,0.77,0.01,0.01,75610.84,1776564114000
1776564115.903,115.903,0.24,0.25,0.76,0.77,0.01,0.01,75610.84,1776564114000
1776564116.237,116.237,0.24,0.25,0.75,0.76,0.01,0.01,75610.82,1776564115000
1776564116.875,116.875,0.24,0.25,0.75,0.76,0.01,0.01,75610.84,1776564116000
1776564117.304,117.304,0.24,0.25,0.75,0.76,0.01,0.01,75610.84,1776564116000
1776564117.981,117.981,0.24,0.25,0.75,0.76,0.01,0.01,75612.56,1776564117000
1776564118.905,118.905,0.24,0.25,0.75,0.76,0.01,0.01,75612.6,1776564118000
1776564119.417,119.417,0.24,0.25,0.75,0.76,0.01,0.01,75612.6,1776564118000
1776564119.842,119.842,0.24,0.25,0.75,0.76,0.01,0.01,75612.6,1776564119000
1776564120.589,120.589,0.24,0.25,0.75,0.76,0.01,0.01,75612.6,1776564119000
1776564120.926,120.926,0.24,0.25,0.75,0.76,0.01,0.01,75612.6,1776564120000
1776564121.303,121.303,0.24,0.25,0.75,0.76,0.01,0.01,75612.6,1776564120000
1776564121.661,121.661,0.24,0.25,0.75,0.76,0.01,0.01,75612.6,1776564120000
1776564122.028,122.028,0.24,0.25,0.75,0.76,0.01,0.01,75612.6,1776564121000
1776564122.643,122.643,0.25,0.26,0.74,0.75,0.01,0.01,75612.6,1776564121000
1776564122.982,122.982,0.25,0.26,0.74,0.75,0.01,0.01,75612.79,1776564122000
1776564123.415,123.415,0.25,0.26,0.74,0.75,0.01,0.01,75612.79,1776564122000
1776564123.86,123.86,0.32,0.34,0.68,0.71,0.02,0.03,75612.79,1776564122000
1776564124.318,124.318,0.33,0.34,0.66,0.67,0.01,0.01,75612.79,1776564122000
1776564124.655,124.655,0.33,0.35,0.66,0.67,0.02,0.01,75614.51,1776564123000
1776564125.032,125.032,0.34,0.35,0.65,0.66,0.01,0.01,75614.51,1776564123000
1776564125.419,125.419,0.34,0.35,0.65,0.66,0.01,0.01,75620.78,1776564124000
1776564125.874,125.874,0.34,0.35,0.65,0.66,0.01,0.01,75620.78,1776564124000
1776564126.262,126.262,0.34,0.35,0.65,0.66,0.01,0.01,75620.78,1776564124000
1776564126.647,126.647,0.34,0.35,0.65,0.66,0.01,0.01,75624.56,1776564125000
1776564127.016,127.016,0.36,0.37,0.63,0.64,0.01,0.01,75624.56,1776564125000
1776564127.461,127.461,0.36,0.37,0.63,0.64,0.01,0.01,75624.56,1776564125000
1776564127.802,127.802,0.36,0.37,0.63,0.64,0.01,0.01,75625.83,1776564126000
1776564128.353,128.353,0.36,0.37,0.63,0.64,0.01,0.01,75625.93,1776564127000
1776564128.843,128.843,0.36,0.37,0.63,0.64,0.01,0.01,75625.93,1776564127000
1776564129.183,129.183,0.36,0.37,0.63,0.64,0.01,0.01,75625.93,1776564127000
1776564129.629,129.629,0.36,0.37,0.63,0.64,0.01,0.01,75626.1,1776564128000
1776564129.986,129.986,0.36,0.37,0.63,0.64,0.01,0.01,75626.1,1776564128000
1776564130.418,130.418,0.37,0.38,0.62,0.64,0.01,0.02,75626.1,1776564128000
1776564130.842,130.842,0.37,0.38,0.62,0.63,0.01,0.01,75626.78,1776564129000
1776564131.332,131.332,0.37,0.38,0.62,0.63,0.01,0.01,75627.74,1776564130000
1776564131.803,131.803,0.37,0.38,0.62,0.63,0.01,0.01,75627.74,1776564130000
1776564132.356,132.356,0.37,0.38,0.62,0.63,0.01,0.01,75627.82,1776564131000
1776564132.694,132.694,0.37,0.38,0.62,0.63,0.01,0.01,75627.82,1776564131000
1776564133.031,133.031,0.37,0.38,0.62,0.63,0.01,0.01,75627.82,1776564131000
1776564133.945,133.945,0.37,0.38,0.62,0.63,0.01,0.01,75627.83,1776564132000
1776564134.396,134.396,0.37,0.38,0.62,0.63,0.01,0.01,75627.83,1776564133000
1776564134.945,134.945,0.37,0.38,0.62,0.63,0.01,0.01,75627.83,1776564133000
1776564135.299,135.299,0.35,0.37,0.63,0.64,0.02,0.01,75627.83,1776564133000
1776564135.668,135.668,0.36,0.37,0.63,0.65,0.01,0.02,75627.83,1776564134000
1776564136.018,136.018,0.36,0.37,0.63,0.64,0.01,0.01,75627.83,1776564134000
1776564136.533,136.533,0.34,0.35,0.63,0.66,0.01,0.03,75627.83,1776564135000
1776564137.055,137.055,0.34,0.35,0.65,0.66,0.01,0.01,75627.83,1776564135000
1776564137.388,137.388,0.34,0.35,0.65,0.66,0.01,0.01,75627.83,1776564135000
1776564137.724,137.724,0.3,0.33,0.67,0.69,0.03,0.02,75626.99,1776564136000
1776564138.085,138.085,0.28,0.31,0.69,0.72,0.03,0.03,75626.99,1776564136000
1776564138.44,138.44,0.28,0.29,0.69,0.72,0.01,0.03,75626.99,1776564136000
1776564138.892,138.892,0.26,0.27,0.73,0.75,0.01,0.02,75626.79,1776564137000
1776564139.455,139.455,0.26,0.27,0.73,0.74,0.01,0.01,75625.99,1776564138000
1776564139.937,139.937,0.25,0.26,0.73,0.74,0.01,0.01,75625.99,1776564138000
1776564140.957,140.957,0.24,0.25,0.74,0.75,0.01,0.01,75624.79,1776564139000
1776564141.302,141.302,0.23,0.25,0.75,0.77,0.02,0.02,75624.79,1776564139000
1776564141.668,141.668,0.22,0.23,0.77,0.78,0.01,0.01,75624.79,1776564139000
1776564142.036,142.036,0.22,0.23,0.77,0.78,0.01,0.01,75624.57,1776564140000
1776564142.406,142.406,0.22,0.23,0.77,0.78,0.01,0.01,75624.57,1776564140000
1776564142.755,142.755,0.22,0.23,0.77,0.78,0.01,0.01,75624.56,1776564141000
1776564143.24,143.24,0.22,0.23,0.77,0.78,0.01,0.01,75624.56,1776564141000
1776564143.993,143.993,0.22,0.23,0.77,0.78,0.01,0.01,75622.72,1776564142000
1776564144.332,144.332,0.22,0.23,0.77,0.78,0.01,0.01,75622.72,1776564142000
1776564144.872,144.872,0.22,0.23,0.77,0.78,0.01,0.01,75622.56,1776564143000
1776564145.557,145.557,0.22,0.23,0.77,0.78,0.01,0.01,75622.58,1776564144000
1776564145.908,145.908,0.21,0.22,0.78,0.79,0.01,0.01,75622.58,1776564144000
1776564146.344,146.344,0.21,0.22,0.78,0.79,0.01,0.01,75622.6,1776564145000
1776564147.136,147.136,0.21,0.22,0.78,0.79,0.01,0.01,75622.54,1776564146000
1776564147.496,147.496,0.21,0.22,0.78,0.79,0.01,0.01,75622.54,1776564146000
1776564147.935,147.935,0.16,0.17,0.83,0.84,0.01,0.01,75622.54,1776564146000
1776564148.621,148.621,0.16,0.17,0.83,0.84,0.01,0.01,75622.54,1776564146000
1776564149.533,149.533,0.16,0.17,0.83,0.84,0.01,0.01,75620.19,1776564148000
1776564150.227,150.227,0.16,0.17,0.83,0.84,0.01,0.01,75617.21,1776564149000
1776564150.641,150.641,0.16,0.17,0.83,0.84,0.01,0.01,75617.21,1776564149000
1776564151.237,151.237,0.16,0.17,0.83,0.84,0.01,0.01,75617.21,1776564149000
1776564151.764,151.764,0.16,0.17,0.83,0.84,0.01,0.01,75617.21,1776564150000
1776564152.434,152.434,0.16,0.17,0.83,0.84,0.01,0.01,75617.21,1776564150000
1776564152.785,152.785,0.15,0.16,0.84,0.85,0.01,0.01,75617.02,1776564151000
1776564153.339,153.339,0.15,0.16,0.84,0.85,0.01,0.01,75617.02,1776564151000
1776564153.964,153.964,0.15,0.16,0.84,0.85,0.01,0.01,75617.02,1776564152000
1776564154.37,154.37,0.15,0.16,0.84,0.85,0.01,0.01,75617.02,1776564153000
1776564155.276,155.276,0.15,0.16,0.84,0.85,0.01,0.01,75617.02,1776564153000
1776564155.612,155.612,0.14,0.15,0.85,0.86,0.01,0.01,75617.02,1776564153000
1776564156.017,156.017,0.13,0.15,0.85,0.86,0.02,0.01,75614.31,1776564154000
1776564156.456,156.456,0.13,0.15,0.85,0.87,0.02,0.02,75614.31,1776564155000
1776564156.839,156.839,0.13,0.14,0.86,0.87,0.01,0.01,75614.31,1776564155000
1776564157.254,157.254,0.13,0.14,0.86,0.87,0.01,0.01,75614.31,1776564155000
1776564157.784,157.784,0.12,0.13,0.87,0.88,0.01,0.01,75612.35,1776564156000
1776564158.123,158.123,0.12,0.13,0.87,0.88,0.01,0.01,75612.35,1776564157000
1776564158.511,158.511,0.12,0.13,0.87,0.88,0.01,0.01,75612.35,1776564157000
1776564158.855,158.855,0.12,0.13,0.87,0.88,0.01,0.01,75612.35,1776564157000
1776564159.211,159.211,0.12,0.13,0.87,0.88,0.01,0.01,75611.21,1776564158000
1776564159.589,159.589,0.12,0.13,0.87,0.88,0.01,0.01,75611.21,1776564158000
1776564159.956,159.956,0.12,0.13,0.87,0.88,0.01,0.01,75611.21,1776564158000
1776564160.347,160.347,0.12,0.13,0.87,0.88,0.01,0.01,75611.02,1776564159000
1776564161.228,161.228,0.12,0.13,0.87,0.88,0.01,0.01,75611.02,1776564159000
1776564162.231,162.231,0.12,0.13,0.87,0.88,0.01,0.01,75610.86,1776564161000
1776564162.996,162.996,0.12,0.13,0.87,0.88,0.01,0.01,75610.86,1776564161000
1776564163.383,163.383,0.12,0.13,0.87,0.88,0.01,0.01,75610.86,1776564161000
1776564163.902,163.902,0.12,0.13,0.87,0.88,0.01,0.01,75610.81,1776564162000
1776564164.456,164.456,0.12,0.13,0.87,0.88,0.01,0.01,75610.81,1776564163000
1776564164.9,164.9,0.12,0.13,0.87,0.88,0.01,0.01,75610.81,1776564163000
1776564165.335,165.335,0.12,0.13,0.87,0.88,0.01,0.01,75610.83,1776564164000
1776564165.866,165.866,0.12,0.13,0.87,0.88,0.01,0.01,75610.83,1776564164000
1776564166.483,166.483,0.12,0.13,0.87,0.88,0.01,0.01,75610.83,1776564165000
1776564167.152,167.152,0.12,0.13,0.87,0.88,0.01,0.01,75610.89,1776564166000
1776564167.577,167.577,0.12,0.13,0.87,0.88,0.01,0.01,75610.89,1776564166000
1776564167.954,167.954,0.12,0.13,0.87,0.88,0.01,0.01,75610.89,1776564166000
1776564168.329,168.329,0.12,0.13,0.87,0.88,0.01,0.01,75610.9,1776564167000
1776564169.164,169.164,0.12,0.13,0.87,0.88,0.01,0.01,75610.9,1776564167000
1776564169.637,169.637,0.12,0.13,0.87,0.88,0.01,0.01,75610.91,1776564168000
1776564170.168,170.168,0.12,0.13,0.87,0.88,0.01,0.01,75610.91,1776564168000
1776564170.697,170.697,0.12,0.13,0.87,0.88,0.01,0.01,75610.95,1776564169000
1776564171.322,171.322,0.12,0.13,0.87,0.88,0.01,0.01,75610.95,1776564169000
1776564171.836,171.836,0.12,0.13,0.87,0.88,0.01,0.01,75610.95,1776564169000
1776564172.179,172.179,0.15,0.2,0.82,0.88,0.05,0.06,75610.95,1776564169000
1776564172.523,172.523,0.18,0.19,0.81,0.82,0.01,0.01,75610.96,1776564171000
1776564172.882,172.882,0.19,0.2,0.8,0.81,0.01,0.01,75610.96,1776564171000
1776564173.222,173.222,0.19,0.2,0.8,0.81,0.01,0.01,75611.45,1776564172000
1776564173.656,173.656,0.19,0.2,0.8,0.81,0.01,0.01,75611.45,1776564172000
1776564174.42,174.42,0.19,0.2,0.8,0.81,0.01,0.01,75614.46,1776564173000
1776564174.896,174.896,0.19,0.2,0.8,0.81,0.01,0.01,75614.46,1776564173000
1776564175.311,175.311,0.19,0.2,0.8,0.81,0.01,0.01,75617.41,1776564174000
1776564176.195,176.195,0.19,0.2,0.8,0.81,0.01,0.01,75617.82,1776564175000
1776564177.323,177.323,0.19,0.2,0.8,0.81,0.01,0.01,75617.81,1776564176000
1776564178.067,178.067,0.19,0.2,0.8,0.81,0.01,0.01,75617.81,1776564176000
1776564178.536,178.536,0.19,0.2,0.8,0.81,0.01,0.01,75617.81,1776564176000
1776564178.915,178.915,0.19,0.2,0.8,0.81,0.01,0.01,75617.82,1776564177000
1776564180.197,180.197,0.19,0.2,0.8,0.81,0.01,0.01,75617.83,1776564179000
1776564180.898,180.898,0.19,0.2,0.8,0.81,0.01,0.01,75617.83,1776564179000
1776564181.29,181.29,0.19,0.2,0.8,0.81,0.01,0.01,75617.83,1776564179000
1776564181.73,181.73,0.19,0.2,0.8,0.81,0.01,0.01,75617.82,1776564180000
1776564182.192,182.192,0.19,0.2,0.8,0.81,0.01,0.01,75617.83,1776564181000
1776564182.635,182.635,0.19,0.2,0.8,0.81,0.01,0.01,75617.83,1776564181000
1776564182.985,182.985,0.19,0.2,0.8,0.81,0.01,0.01,75617.83,1776564181000
1776564183.369,183.369,0.19,0.2,0.8,0.81,0.01,0.01,75618.01,1776564182000
1776564183.766,183.766,0.19,0.2,0.8,0.81,0.01,0.01,75618.01,1776564182000
1776564184.295,184.295,0.19,0.2,0.8,0.81,0.01,0.01,75618.01,1776564183000
1776564184.712,184.712,0.19,0.2,0.8,0.81,0.01,0.01,75618.01,1776564183000
1776564185.153,185.153,0.19,0.2,0.8,0.81,0.01,0.01,75618.01,1776564183000
1776564185.554,185.554,0.19,0.2,0.8,0.81,0.01,0.01,75618.01,1776564184000
1776564185.917,185.917,0.19,0.2,0.8,0.81,0.01,0.01,75618.01,1776564184000
1776564186.557,186.557,0.19,0.2,0.8,0.81,0.01,0.01,75618.01,1776564185000
1776564187.452,187.452,0.19,0.2,0.8,0.81,0.01,0.01,75618.01,1776564185000
1776564187.88,187.88,0.19,0.2,0.8,0.81,0.01,0.01,75618.01,1776564186000
1776564189.217,189.217,0.19,0.2,0.8,0.81,0.01,0.01,75618.01,1776564188000
1776564189.784,189.784,0.19,0.2,0.8,0.81,0.01,0.01,75618.01,1776564188000
1776564190.324,190.324,0.19,0.2,0.8,0.81,0.01,0.01,75618.02,1776564189000
1776564191.428,191.428,0.19,0.2,0.8,0.81,0.01,0.01,75618.02,1776564190000
1776564191.916,191.916,0.19,0.2,0.8,0.81,0.01,0.01,75618.04,1776564191000
1776564192.906,192.906,0.18,0.19,0.8,0.81,0.01,0.01,75618.04,1776564191000
1776564193.864,193.864,0.18,0.19,0.81,0.82,0.01,0.01,75618.05,1776564192000
1776564195.217,195.217,0.16,0.17,0.81,0.82,0.01,0.01,75618.08,1776564193000
1776564196.48,196.48,0.16,0.17,0.83,0.84,0.01,0.01,75618.07,1776564195000
1776564197.071,197.071,0.16,0.17,0.83,0.84,0.01,0.01,75618.07,1776564196000
1776564197.637,197.637,0.16,0.17,0.83,0.84,0.01,0.01,75618.07,1776564196000
1776564198.067,198.067,0.16,0.17,0.83,0.84,0.01,0.01,75618.07,1776564196000
1776564198.909,198.909,0.16,0.17,0.83,0.84,0.01,0.01,75618.07,1776564197000
1776564199.522,199.522,0.15,0.17,0.83,0.84,0.02,0.01,75618.07,1776564197000
1776564200.158,200.158,0.15,0.17,0.83,0.85,0.02,0.02,75617.93,1776564199000
1776564201.218,201.218,0.14,0.16,0.84,0.86,0.02,0.02,75616.77,1776564200000
1776564201.867,201.867,0.12,0.13,0.84,0.87,0.01,0.03,75616.77,1776564200000
1776564202.258,202.258,0.12,0.13,0.87,0.88,0.01,0.01,75616.21,1776564201000
1776564202.76,202.76,0.12,0.13,0.87,0.88,0.01,0.01,75616.21,1776564201000
1776564203.184,203.184,0.12,0.13,0.87,0.88,0.01,0.01,75616.21,1776564201000
1776564203.616,203.616,0.12,0.13,0.87,0.88,0.01,0.01,75616.29,1776564202000
1776564204.069,204.069,0.12,0.13,0.87,0.88,0.01,0.01,75616.29,1776564202000
1776564204.463,204.463,0.12,0.13,0.87,0.88,0.01,0.01,75616.29,1776564203000
1776564205.3,205.3,0.12,0.13,0.87,0.88,0.01,0.01,75616.27,1776564204000
1776564206.249,206.249,0.12,0.13,0.87,0.88,0.01,0.01,75616.27,1776564204000
1776564206.695,206.695,0.12,0.13,0.87,0.88,0.01,0.01,75616.27,1776564205000
1776564207.484,207.484,0.12,0.13,0.87,0.88,0.01,0.01,75616.27,1776564206000
1776564207.855,207.855,0.12,0.13,0.87,0.88,0.01,0.01,75616.27,1776564206000
1776564208.373,208.373,0.12,0.13,0.87,0.88,0.01,0.01,75616.27,1776564207000
1776564209.282,209.282,0.12,0.13,0.87,0.88,0.01,0.01,75616.27,1776564207000
1776564209.633,209.633,0.12,0.13,0.87,0.88,0.01,0.01,75616.31,1776564208000
1776564210.008,210.008,0.12,0.13,0.87,0.88,0.01,0.01,75616.31,1776564209000
1776564210.573,210.573,0.12,0.13,0.87,0.88,0.01,0.01,75616.31,1776564209000
1776564210.942,210.942,0.12,0.16,0.87,0.88,0.04,0.01,75616.31,1776564209000
1776564211.374,211.374,0.12,0.13,0.87,0.88,0.01,0.01,75616.31,1776564210000
1776564211.841,211.841,0.12,0.13,0.87,0.88,0.01,0.01,75616.31,1776564210000
1776564212.177,212.177,0.12,0.14,0.86,0.88,0.02,0.02,75616.31,1776564210000
1776564212.548,212.548,0.13,0.14,0.84,0.87,0.01,0.03,75616.31,1776564210000
1776564212.884,212.884,0.15,0.16,0.84,0.85,0.01,0.01,75616.31,1776564211000
1776564213.311,213.311,0.16,0.17,0.81,0.84,0.01,0.03,75616.24,1776564212000
1776564213.993,213.993,0.16,0.18,0.83,0.84,0.02,0.01,75616.24,1776564212000
1776564214.4,214.4,0.16,0.19,0.82,0.84,0.03,0.02,75616.19,1776564213000
1776564215.604,215.604,0.16,0.21,0.81,0.84,0.05,0.03,75616.19,1776564213000
1776564216.009,216.009,0.16,0.21,0.83,0.84,0.05,0.01,75616.19,1776564214000
1776564216.648,216.648,0.16,0.21,0.79,0.84,0.05,0.05,75616.18,1776564215000
1776564217.099,217.099,0.16,0.22,0.78,0.84,0.06,0.06,75616.18,1776564215000
1776564217.612,217.612,0.16,0.22,0.78,0.84,0.06,0.06,75616.18,1776564216000
1776564217.959,217.959,0.17,0.22,0.78,0.83,0.05,0.05,75616.18,1776564216000
1776564218.371,218.371,0.2,0.22,0.78,0.8,0.02,0.02,75616.18,1776564216000
1776564218.709,218.709,0.2,0.21,0.79,0.8,0.01,0.01,75616.17,1776564217000
1776564219.116,219.116,0.22,0.23,0.77,0.78,0.01,0.01,75616.17,1776564217000
1776564219.516,219.516,0.2,0.21,0.79,0.8,0.01,0.01,75616.17,1776564217000
1776564219.859,219.859,0.2,0.21,0.79,0.8,0.01,0.01,75616.17,1776564217000
1776564220.205,220.205,0.21,0.22,0.78,0.79,0.01,0.01,75616.17,1776564218000
1776564220.571,220.571,0.21,0.22,0.78,0.79,0.01,0.01,75616.15,1776564219000
1776564221.002,221.002,0.21,0.22,0.78,0.79,0.01,0.01,75615.9,1776564220000
1776564221.593,221.593,0.21,0.22,0.78,0.79,0.01,0.01,75615.9,1776564220000
1776564222.176,222.176,0.21,0.22,0.78,0.79,0.01,0.01,75615.99,1776564221000
1776564222.517,222.517,0.21,0.22,0.78,0.79,0.01,0.01,75615.99,1776564221000
1776564223.038,223.038,0.21,0.22,0.78,0.79,0.01,0.01,75615.99,1776564221000
1776564223.431,223.431,0.21,0.22,0.78,0.79,0.01,0.01,75615.99,1776564222000
1776564223.931,223.931,0.21,0.22,0.78,0.79,0.01,0.01,75615.99,1776564222000
1776564225.156,225.156,0.21,0.22,0.78,0.79,0.01,0.01,75616.05,1776564224000
1776564225.511,225.511,0.21,0.22,0.78,0.79,0.01,0.01,75616.05,1776564224000
1776564226.076,226.076,0.2,0.22,0.78,0.79,0.02,0.01,75616.05,1776564224000
1776564226.516,226.516,0.2,0.22,0.79,0.8,0.02,0.01,75616.14,1776564225000
1776564226.921,226.921,0.2,0.21,0.79,0.8,0.01,0.01,75616.14,1776564226000
1776564227.574,227.574,0.2,0.21,0.79,0.8,0.01,0.01,75616.14,1776564226000
1776564227.998,227.998,0.2,0.21,0.79,0.8,0.01,0.01,75616.03,1776564227000
1776564228.411,228.411,0.2,0.21,0.79,0.8,0.01,0.01,75616.03,1776564227000
1776564229.164,229.164,0.2,0.21,0.79,0.8,0.01,0.01,75616.04,1776564228000
1776564230.093,230.093,0.2,0.21,0.79,0.8,0.01,0.01,75616.04,1776564228000
1776564230.922,230.922,0.2,0.21,0.79,0.8,0.01,0.01,75616.14,1776564229000
1776564231.403,231.403,0.2,0.21,0.79,0.8,0.01,0.01,75616.14,1776564229000
1776564231.915,231.915,0.19,0.21,0.79,0.8,0.02,0.01,75616.14,1776564230000
1776564232.695,232.695,0.2,0.21,0.79,0.81,0.01,0.02,75616.04,1776564231000
1776564233.037,233.037,0.19,0.21,0.79,0.81,0.02,0.02,75616.04,1776564231000
1776564233.546,233.546,0.19,0.21,0.79,0.81,0.02,0.02,75616.04,1776564232000
1776564233.96,233.96,0.19,0.2,0.79,0.81,0.01,0.02,75616.04,1776564232000
1776564234.353,234.353,0.19,0.2,0.8,0.81,0.01,0.01,75616.04,1776564232000
1776564234.706,234.706,0.19,0.2,0.8,0.81,0.01,0.01,75616.04,1776564232000
1776564235.097,235.097,0.19,0.2,0.8,0.81,0.01,0.01,75616.04,1776564233000
1776564235.512,235.512,0.19,0.2,0.8,0.81,0.01,0.01,75616.07,1776564234000
1776564235.961,235.961,0.19,0.2,0.8,0.81,0.01,0.01,75616.07,1776564234000
1776564236.57,236.57,0.19,0.2,0.8,0.81,0.01,0.01,75616.06,1776564235000
1776564237.182,237.182,0.19,0.2,0.8,0.81,0.01,0.01,75616.06,1776564235000
1776564237.517,237.517,0.19,0.2,0.8,0.81,0.01,0.01,75616.06,1776564236000
1776564237.907,237.907,0.19,0.2,0.8,0.81,0.01,0.01,75616.06,1776564236000
1776564238.413,238.413,0.19,0.2,0.8,0.81,0.01,0.01,75616.06,1776564237000
1776564238.756,238.756,0.19,0.2,0.8,0.81,0.01,0.01,75616.06,1776564237000
1776564239.22,239.22,0.19,0.2,0.8,0.81,0.01,0.01,75616.06,1776564238000
1776564239.6,239.6,0.2,0.21,0.79,0.8,0.01,0.01,75616.06,1776564238000
1776564239.938,239.938,0.23,0.24,0.76,0.79,0.01,0.03,75616.06,1776564238000
1776564240.282,240.282,0.24,0.25,0.75,0.76,0.01,0.01,75616.06,1776564239000
1776564240.646,240.646,0.25,0.26,0.74,0.75,0.01,0.01,75616.06,1776564239000
1776564241.015,241.015,0.26,0.27,0.73,0.74,0.01,0.01,75616.06,1776564239000
1776564241.377,241.377,0.26,0.27,0.73,0.74,0.01,0.01,75616.06,1776564239000
1776564241.778,241.778,0.26,0.28,0.73,0.74,0.02,0.01,75616.06,1776564240000
1776564242.33,242.33,0.26,0.28,0.72,0.74,0.02,0.02,75618.15,1776564241000
1776564242.671,242.671,0.26,0.27,0.73,0.74,0.01,0.01,75618.15,1776564241000
1776564243.028,243.028,0.26,0.27,0.73,0.78,0.01,0.05,75618.15,1776564241000
1776564243.419,243.419,0.26,0.27,0.73,0.74,0.01,0.01,75621.49,1776564242000
1776564243.905,243.905,0.26,0.27,0.73,0.74,0.01,0.01,75621.49,1776564242000
1776564244.389,244.389,0.24,0.27,0.73,0.74,0.03,0.01,75621.49,1776564242000
1776564244.742,244.742,0.24,0.26,0.74,0.79,0.02,0.05,75621.12,1776564243000
1776564245.73,245.73,0.24,0.25,0.75,0.78,0.01,0.03,75621.09,1776564244000
1776564246.087,246.087,0.22,0.23,0.75,0.76,0.01,0.01,75621.09,1776564244000
1776564246.483,246.483,0.21,0.22,0.78,0.79,0.01,0.01,75619.92,1776564245000
1776564246.872,246.872,0.21,0.22,0.78,0.79,0.01,0.01,75619.92,1776564245000
1776564247.234,247.234,0.21,0.22,0.78,0.79,0.01,0.01,75619.92,1776564245000
1776564247.847,247.847,0.21,0.22,0.78,0.79,0.01,0.01,75619.82,1776564246000
1776564248.194,248.194,0.22,0.23,0.77,0.78,0.01,0.01,75619.81,1776564247000
1776564248.82,248.82,0.22,0.23,0.77,0.78,0.01,0.01,75619.81,1776564247000
1776564249.226,249.226,0.23,0.24,0.76,0.77,0.01,0.01,75619.6,1776564248000
1776564249.767,249.767,0.23,0.24,0.76,0.77,0.01,0.01,75619.6,1776564248000
1776564250.153,250.153,0.21,0.24,0.76,0.79,0.03,0.03,75619.6,1776564248000
1776564250.488,250.488,0.2,0.21,0.79,0.8,0.01,0.01,75619.6,1776564249000
1776564250.97,250.97,0.2,0.21,0.79,0.8,0.01,0.01,75619.6,1776564249000
1776564251.315,251.315,0.2,0.21,0.79,0.8,0.01,0.01,75619.82,1776564250000
1776564251.657,251.657,0.2,0.21,0.79,0.8,0.01,0.01,75619.82,1776564250000
1776564252.066,252.066,0.2,0.21,0.79,0.8,0.01,0.01,75619.82,1776564250000
1776564252.595,252.595,0.2,0.21,0.79,0.8,0.01,0.01,75616.16,1776564251000
1776564252.988,252.988,0.2,0.21,0.79,0.8,0.01,0.01,75616.16,1776564251000
1776564253.39,253.39,0.2,0.21,0.79,0.8,0.01,0.01,75615.78,1776564252000
1776564253.725,253.725,0.2,0.21,0.79,0.8,0.01,0.01,75615.78,1776564252000
1776564254.085,254.085,0.2,0.21,0.79,0.8,0.01,0.01,75615.78,1776564252000
1776564254.444,254.444,0.2,0.21,0.79,0.8,0.01,0.01,75615.78,1776564253000
1776564254.826,254.826,0.2,0.21,0.79,0.8,0.01,0.01,75615.78,1776564253000
1776564255.259,255.259,0.2,0.21,0.79,0.8,0.01,0.01,75615.78,1776564253000
1776564255.709,255.709,0.2,0.21,0.79,0.8,0.01,0.01,75615.32,1776564254000
1776564256.082,256.082,0.19,0.2,0.79,0.82,0.01,0.03,75615.32,1776564255000
1776564256.442,256.442,0.18,0.19,0.81,0.82,0.01,0.01,75615.32,1776564255000
1776564256.805,256.805,0.19,0.2,0.79,0.82,0.01,0.03,75615.32,1776564255000
1776564257.14,257.14,0.2,0.21,0.79,0.81,0.01,0.02,75615.32,1776564256000
1776564257.504,257.504,0.24,0.25,0.75,0.76,0.01,0.01,75615.32,1776564256000
1776564257.939,257.939,0.25,0.26,0.74,0.76,0.01,0.02,75615.32,1776564256000
1776564258.281,258.281,0.25,0.26,0.74,0.75,0.01,0.01,75615.3,1776564257000
1776564258.647,258.647,0.25,0.27,0.74,0.75,0.02,0.01,75615.3,1776564257000
1776564258.998,258.998,0.26,0.28,0.73,0.74,0.02,0.01,75615.3,1776564257000
1776564259.334,259.334,0.26,0.27,0.73,0.74,0.01,0.01,75615.3,1776564258000
1776564259.846,259.846,0.24,0.25,0.75,0.76,0.01,0.01,75615.3,1776564258000
1776564260.398,260.398,0.24,0.25,0.75,0.76,0.01,0.01,75615.57,1776564259000
1776564260.733,260.733,0.24,0.25,0.75,0.76,0.01,0.01,75615.57,1776564259000
1776564261.089,261.089,0.19,0.21,0.78,0.82,0.02,0.04,75615.57,1776564259000
1776564261.436,261.436,0.23,0.28,0.76,0.77,0.05,0.01,75615.64,1776564260000
1776564261.798,261.798,0.26,0.27,0.73,0.74,0.01,0.01,75615.64,1776564260000
1776564262.205,262.205,0.27,0.28,0.72,0.73,0.01,0.01,75615.63,1776564261000
1776564262.653,262.653,0.27,0.28,0.72,0.73,0.01,0.01,75615.63,1776564261000
1776564262.989,262.989,0.27,0.28,0.72,0.73,0.01,0.01,75615.63,1776564261000
1776564263.556,263.556,0.27,0.28,0.72,0.73,0.01,0.01,75615.63,1776564261000
1776564263.892,263.892,0.27,0.28,0.72,0.73,0.01,0.01,75615.63,1776564262000
1776564264.34,264.34,0.27,0.28,0.72,0.73,0.01,0.01,75615.64,1776564263000
1776564264.899,264.899,0.27,0.28,0.72,0.73,0.01,0.01,75615.64,1776564263000
1776564265.353,265.353,0.27,0.28,0.72,0.73,0.01,0.01,75615.64,1776564263000
1776564265.724,265.724,0.26,0.27,0.72,0.74,0.01,0.02,75615.71,1776564264000
1776564266.173,266.173,0.25,0.26,0.74,0.75,0.01,0.01,75615.72,1776564265000
1776564266.948,266.948,0.22,0.23,0.72,0.73,0.01,0.01,75615.72,1776564265000
1776564267.282,267.282,0.22,0.23,0.77,0.78,0.01,0.01,75615.72,1776564265000
1776564267.622,267.622,0.22,0.23,0.77,0.78,0.01,0.01,75615.73,1776564266000
1776564267.965,267.965,0.22,0.23,0.77,0.78,0.01,0.01,75615.73,1776564266000
1776564268.311,268.311,0.23,0.24,0.76,0.77,0.01,0.01,75615.73,1776564266000
1776564268.865,268.865,0.23,0.24,0.76,0.77,0.01,0.01,75616.28,1776564267000
1776564269.239,269.239,0.21,0.24,0.76,0.79,0.03,0.03,75616.96,1776564268000
1776564269.922,269.922,0.21,0.22,0.76,0.79,0.01,0.03,75616.96,1776564268000
1776564270.276,270.276,0.21,0.22,0.78,0.79,0.01,0.01,75616.92,1776564269000
1776564270.639,270.639,0.22,0.23,0.77,0.78,0.01,0.01,75616.92,1776564269000
1776564271.05,271.05,0.21,0.22,0.78,0.79,0.01,0.01,75616.92,1776564269000
1776564271.433,271.433,0.21,0.22,0.78,0.79,0.01,0.01,75616.92,1776564269000
1776564271.833,271.833,0.18,0.19,0.8,0.81,0.01,0.01,75616.79,1776564270000
1776564272.352,272.352,0.17,0.2,0.82,0.83,0.03,0.01,75616.79,1776564271000
1776564272.913,272.913,0.18,0.19,0.8,0.83,0.01,0.03,75616.79,1776564271000
1776564273.414,273.414,0.19,0.2,0.81,0.82,0.01,0.01,75616.79,1776564272000
1776564273.92,273.92,0.19,0.21,0.8,0.81,0.02,0.01,75616.79,1776564272000
1776564274.272,274.272,0.22,0.23,0.77,0.78,0.01,0.01,75616.79,1776564272000
1776564274.665,274.665,0.18,0.21,0.79,0.8,0.03,0.01,75616.79,1776564273000
1776564275.185,275.185,0.2,0.22,0.79,0.8,0.02,0.01,75616.79,1776564274000
1776564275.534,275.534,0.23,0.24,0.76,0.77,0.01,0.01,75616.79,1776564274000
1776564275.944,275.944,0.21,0.22,0.78,0.79,0.01,0.01,75616.79,1776564274000
1776564276.359,276.359,0.23,0.24,0.75,0.77,0.01,0.02,75616.96,1776564275000
1776564276.695,276.695,0.21,0.23,0.76,0.77,0.02,0.01,75616.96,1776564275000
1776564277.073,277.073,0.21,0.22,0.78,0.79,0.01,0.01,75616.96,1776564275000
1776564277.45,277.45,0.19,0.2,0.78,0.82,0.01,0.04,75616.88,1776564276000
1776564277.916,277.916,0.18,0.19,0.8,0.83,0.01,0.03,75616.88,1776564276000
1776564278.303,278.303,0.18,0.22,0.81,0.82,0.04,0.01,75616.88,1776564276000
1776564278.744,278.744,0.21,0.22,0.78,0.79,0.01,0.01,75616.88,1776564276000
1776564279.245,279.245,0.17,0.19,0.81,0.82,0.02,0.01,75616.88,1776564276000
1776564279.642,279.642,0.17,0.18,0.81,0.83,0.01,0.02,75616.87,1776564278000
1776564279.982,279.982,0.17,0.18,0.82,0.83,0.01,0.01,75616.87,1776564278000
1776564280.318,280.318,0.18,0.19,0.81,0.82,0.01,0.01,75616.87,1776564278000
1776564280.663,280.663,0.18,0.19,0.81,0.82,0.01,0.01,75616.87,1776564278000
1776564281.033,281.033,0.15,0.16,0.84,0.85,0.01,0.01,75616.86,1776564279000
1776564281.41,281.41,0.14,0.15,0.85,0.86,0.01,0.01,75616.86,1776564280000
1776564281.842,281.842,0.13,0.14,0.86,0.87,0.01,0.01,75616.86,1776564280000
1776564282.2,282.2,0.13,0.14,0.86,0.87,0.01,0.01,75616.86,1776564280000
1776564282.558,282.558,0.13,0.14,0.86,0.88,0.01,0.02,75616.86,1776564281000
1776564282.91,282.91,0.15,0.16,0.84,0.86,0.01,0.02,75616.86,1776564281000
1776564283.321,283.321,0.18,0.19,0.81,0.82,0.01,0.01,75616.87,1776564282000
1776564283.681,283.681,0.19,0.2,0.8,0.81,0.01,0.01,75616.87,1776564282000
1776564284.142,284.142,0.19,0.2,0.8,0.81,0.01,0.01,75616.87,1776564282000
1776564284.576,284.576,0.19,0.2,0.8,0.81,0.01,0.01,75616.87,1776564282000
1776564284.966,284.966,0.19,0.2,0.8,0.81,0.01,0.01,75616.88,1776564283000
1776564285.326,285.326,0.18,0.19,0.81,0.82,0.01,0.01,75616.88,1776564283000
1776564285.693,285.693,0.14,0.15,0.85,0.86,0.01,0.01,75616.88,1776564284000
1776564286.101,286.101,0.13,0.14,0.85,0.87,0.01,0.02,75616.88,1776564284000
1776564286.593,286.593,0.13,0.14,0.86,0.87,0.01,0.01,75616.91,1776564285000
1776564286.931,286.931,0.11,0.12,0.87,0.9,0.01,0.03,75616.91,1776564285000
1776564287.328,287.328,0.11,0.12,0.88,0.89,0.01,0.01,75616.92,1776564286000
1776564287.709,287.709,0.1,0.11,0.88,0.9,0.01,0.02,75616.92,1776564286000
1776564288.291,288.291,0.1,0.11,0.89,0.9,0.01,0.01,75616.92,1776564286000
1776564288.672,288.672,0.09,0.1,0.89,0.9,0.01,0.01,75617.23,1776564287000
1776564289.007,289.007,0.05,0.1,0.9,0.91,0.05,0.01,75617.23,1776564287000
1776564289.353,289.353,0.05,0.06,0.94,0.95,0.01,0.01,75617.23,1776564287000
1776564289.739,289.739,0.05,0.06,0.94,0.95,0.01,0.01,75617.23,1776564288000
1776564290.204,290.204,0.05,0.06,0.94,0.95,0.01,0.01,75617.23,1776564288000
1776564290.573,290.573,0.03,0.04,0.96,0.97,0.01,0.01,75617.23,1776564289000
1776564290.91,290.91,0.03,0.05,0.95,0.96,0.02,0.01,75617.23,1776564289000
1776564291.268,291.268,0.03,0.05,0.95,0.97,0.02,0.02,75617.23,1776564290000
1776564291.623,291.623,0.03,0.04,0.95,0.97,0.01,0.02,75617.23,1776564290000
1776564291.984,291.984,0.03,0.04,0.96,0.97,0.01,0.01,75617.23,1776564290000
1776564292.325,292.325,0.03,0.04,0.96,0.97,0.01,0.01,75617.23,1776564291000
1776564292.663,292.663,0.03,0.04,0.96,0.98,0.01,0.02,75617.23,1776564291000
1776564293.1,293.1,0.02,0.03,0.97,0.98,0.01,0.01,75617.23,1776564291000
1776564293.443,293.443,0.02,0.03,0.97,0.98,0.01,0.01,75617.23,1776564292000
1776564293.803,293.803,0.02,0.03,0.97,0.98,0.01,0.01,75617.23,1776564292000
1776564294.166,294.166,0.02,0.03,0.97,0.98,0.01,0.01,75617.23,1776564293000
1776564294.533,294.533,0.03,0.04,0.96,0.97,0.01,0.01,75617.23,1776564293000
1776564294.867,294.867,0.03,0.04,0.96,0.97,0.01,0.01,75617.23,1776564293000
1776564295.259,295.259,0.02,0.04,0.96,0.97,0.02,0.01,75617.23,1776564293000
1776564295.618,295.618,0.03,0.04,0.95,0.98,0.01,0.03,75617.23,1776564293000
1776564295.96,295.96,0.02,0.03,0.97,0.98,0.01,0.01,75617.23,1776564294000
1776564296.314,296.314,0.02,0.03,0.97,0.98,0.01,0.01,75617.24,1776564295000
1776564296.736,296.736,0.01,0.02,0.98,0.99,0.01,0.01,75617.24,1776564295000
1776564297.071,297.071,0.01,0.02,0.98,0.99,0.01,0.01,75617.24,1776564295000
1776564297.405,297.405,0.01,0.02,0.98,0.99,0.01,0.01,75617.24,1776564296000
1776564297.754,297.754,0.01,0.02,0.98,0.99,0.01,0.01,75617.24,1776564296000
1776564298.127,298.127,0.01,0.02,0.98,0.99,0.01,0.01,75617.24,1776564296000
1776564298.497,298.497,0.01,0.01,0.99,0.99,0.0,0.0,75617.33,1776564297000
1776564298.899,298.899,0.01,0.01,0.99,0.99,0.0,0.0,75617.33,1776564297000
1776564299.248,299.248,0.01,0.01,0.99,0.99,0.0,0.0,75617.33,1776564297000
1776564299.644,299.644,0.01,0.01,0.99,0.99,0.0,0.0,75617.34,1776564298000
1776564300.261,300.261,0.01,0.01,0.99,0.99,0.0,0.0,75617.34,1776564298000
1776564300.672,300.672,0.01,0.01,0.99,0.99,0.0,0.0,75617.23,1776564299000

# RESULT,winner=Down,slug=btc-updown-5m-1776564000,ticks=627
