timestamp,elapsed_sec,up_bid,up_ask,down_bid,down_ask,up_spread,down_spread,btc_price,btc_oracle_ts
1776835800.531,0.531,0.4,0.43,0.59,0.6,0.03,0.01,78260.21,1776835799000
1776835800.886,0.886,0.42,0.43,0.57,0.58,0.01,0.01,78260.21,1776835799000
1776835801.221,1.221,0.43,0.45,0.55,0.57,0.02,0.02,78260.21,1776835799000
1776835801.61,1.61,0.44,0.45,0.55,0.56,0.01,0.01,78260.21,1776835799000
1776835801.99,1.99,0.44,0.45,0.55,0.56,0.01,0.01,78260.21,1776835800000
1776835802.334,2.334,0.44,0.45,0.55,0.56,0.01,0.01,78260.21,1776835800000
1776835802.765,2.765,0.44,0.45,0.55,0.56,0.01,0.01,78260.21,1776835800000
1776835803.124,3.124,0.44,0.45,0.55,0.56,0.01,0.01,78260.21,1776835800000
1776835803.467,3.467,0.45,0.46,0.54,0.55,0.01,0.01,78260.21,1776835800000
1776835803.818,3.818,0.45,0.46,0.54,0.55,0.01,0.01,78260.21,1776835800000
1776835804.174,4.174,0.45,0.46,0.54,0.55,0.01,0.01,78260.21,1776835800000
1776835804.579,4.579,0.45,0.46,0.54,0.55,0.01,0.01,78260.21,1776835800000
1776835805.163,5.163,0.46,0.47,0.53,0.54,0.01,0.01,78260.21,1776835800000
1776835805.852,5.852,0.47,0.48,0.52,0.53,0.01,0.01,78260.21,1776835800000
1776835806.286,6.286,0.47,0.48,0.52,0.53,0.01,0.01,78260.21,1776835800000
1776835806.628,6.628,0.47,0.48,0.52,0.53,0.01,0.01,78260.21,1776835800000
1776835807.116,7.116,0.47,0.48,0.52,0.53,0.01,0.01,78260.21,1776835800000
1776835807.469,7.469,0.47,0.48,0.52,0.53,0.01,0.01,78260.21,1776835800000
1776835807.914,7.914,0.47,0.48,0.52,0.53,0.01,0.01,78260.21,1776835800000
1776835808.258,8.258,0.47,0.48,0.52,0.53,0.01,0.01,78260.21,1776835800000
1776835808.601,8.601,0.47,0.48,0.52,0.53,0.01,0.01,78260.21,1776835800000
1776835809.137,9.137,0.46,0.47,0.53,0.54,0.01,0.01,78260.21,1776835800000
1776835809.484,9.484,0.46,0.47,0.53,0.54,0.01,0.01,78260.21,1776835800000
1776835809.819,9.819,0.46,0.47,0.53,0.54,0.01,0.01,78284.38,1776835808000
1776835810.286,10.286,0.46,0.47,0.53,0.54,0.01,0.01,78274.94,1776835809000
1776835810.625,10.625,0.46,0.47,0.53,0.54,0.01,0.01,78274.94,1776835809000
1776835811.023,11.023,0.46,0.47,0.53,0.54,0.01,0.01,78264.24,1776835810000
1776835811.371,11.371,0.45,0.46,0.53,0.55,0.01,0.02,78264.24,1776835810000
1776835811.88,11.88,0.45,0.46,0.54,0.55,0.01,0.01,78264.24,1776835810000
1776835812.219,12.219,0.45,0.46,0.54,0.55,0.01,0.01,78262.68,1776835811000
1776835812.682,12.682,0.45,0.46,0.54,0.55,0.01,0.01,78262.68,1776835811000
1776835813.137,13.137,0.45,0.46,0.54,0.55,0.01,0.01,78262.19,1776835812000
1776835814.01,14.01,0.45,0.46,0.54,0.55,0.01,0.01,78261.39,1776835813000
1776835815.272,15.272,0.45,0.46,0.54,0.55,0.01,0.01,78265.62,1776835814000
1776835815.679,15.679,0.45,0.47,0.54,0.55,0.02,0.01,78265.62,1776835814000
1776835816.013,16.013,0.49,0.5,0.5,0.51,0.01,0.01,78265.62,1776835814000
1776835816.372,16.372,0.49,0.5,0.5,0.53,0.01,0.03,78294.43,1776835815000
1776835816.72,16.72,0.49,0.5,0.5,0.51,0.01,0.01,78294.43,1776835815000
1776835817.054,17.054,0.49,0.5,0.5,0.51,0.01,0.01,78294.43,1776835815000
1776835817.406,17.406,0.49,0.5,0.5,0.51,0.01,0.01,78294.43,1776835815000
1776835817.741,17.741,0.49,0.5,0.5,0.51,0.01,0.01,78294.43,1776835815000
1776835818.088,18.088,0.49,0.5,0.5,0.51,0.01,0.01,78292.23,1776835816000
1776835818.497,18.497,0.49,0.5,0.5,0.51,0.01,0.01,78292.23,1776835816000
1776835818.835,18.835,0.53,0.55,0.45,0.47,0.02,0.02,78291.38,1776835817000
1776835819.184,19.184,0.58,0.6,0.41,0.42,0.02,0.01,78291.38,1776835817000
1776835819.518,19.518,0.58,0.59,0.41,0.42,0.01,0.01,78288.66,1776835818000
1776835820.004,20.004,0.58,0.59,0.41,0.42,0.01,0.01,78288.66,1776835818000
1776835820.363,20.363,0.58,0.59,0.41,0.42,0.01,0.01,78288.66,1776835818000
1776835820.712,20.712,0.59,0.6,0.4,0.41,0.01,0.01,78288.66,1776835818000
1776835821.108,21.108,0.59,0.6,0.4,0.41,0.01,0.01,78320.53,1776835819000
1776835821.49,21.49,0.58,0.59,0.41,0.43,0.01,0.02,78320.53,1776835819000
1776835822.58,22.58,0.57,0.58,0.41,0.43,0.01,0.02,78323.34,1776835820000
1776835823.304,23.304,0.57,0.58,0.42,0.43,0.01,0.01,78314.1,1776835822000
1776835823.669,23.669,0.57,0.58,0.42,0.43,0.01,0.01,78314.1,1776835822000
1776835824.024,24.024,0.55,0.58,0.42,0.45,0.03,0.03,78314.1,1776835822000
1776835824.441,24.441,0.55,0.57,0.43,0.44,0.02,0.01,78309.67,1776835823000
1776835824.822,24.822,0.53,0.57,0.43,0.47,0.04,0.04,78309.67,1776835823000
1776835825.197,25.197,0.53,0.57,0.43,0.44,0.04,0.01,78309.67,1776835823000
1776835825.531,25.531,0.57,0.58,0.42,0.43,0.01,0.01,78309.67,1776835823000
1776835825.942,25.942,0.57,0.58,0.42,0.43,0.01,0.01,78317.09,1776835824000
1776835826.299,26.299,0.57,0.59,0.41,0.43,0.02,0.02,78317.09,1776835824000
1776835826.708,26.708,0.57,0.58,0.42,0.43,0.01,0.01,78326.96,1776835825000
1776835827.064,27.064,0.6,0.61,0.38,0.4,0.01,0.02,78326.96,1776835825000
1776835827.478,27.478,0.6,0.61,0.39,0.4,0.01,0.01,78326.96,1776835825000
1776835827.855,27.855,0.6,0.61,0.39,0.4,0.01,0.01,78329.39,1776835826000
1776835828.417,28.417,0.6,0.61,0.39,0.4,0.01,0.01,78329.39,1776835826000
1776835829.145,29.145,0.6,0.61,0.39,0.4,0.01,0.01,78330.41,1776835827000
1776835829.636,29.636,0.57,0.58,0.42,0.43,0.01,0.01,78329.6,1776835828000
1776835830.177,30.177,0.57,0.58,0.42,0.43,0.01,0.01,78329.6,1776835828000
1776835830.515,30.515,0.57,0.58,0.42,0.43,0.01,0.01,78329.6,1776835828000
1776835831.664,31.664,0.57,0.58,0.42,0.43,0.01,0.01,78313.48,1776835830000
1776835832.328,32.328,0.57,0.58,0.42,0.43,0.01,0.01,78313.48,1776835830000
1776835832.691,32.691,0.53,0.56,0.44,0.47,0.03,0.03,78309.36,1776835831000
1776835833.037,33.037,0.57,0.58,0.42,0.43,0.01,0.01,78309.36,1776835831000
1776835833.442,33.442,0.57,0.58,0.42,0.43,0.01,0.01,78309.36,1776835831000
1776835833.874,33.874,0.57,0.58,0.42,0.47,0.01,0.05,78306.31,1776835832000
1776835834.241,34.241,0.57,0.58,0.42,0.43,0.01,0.01,78306.31,1776835832000
1776835834.574,34.574,0.54,0.57,0.43,0.46,0.03,0.03,78306.31,1776835832000
1776835834.919,34.919,0.55,0.56,0.44,0.45,0.01,0.01,78306.31,1776835832000
1776835835.281,35.281,0.55,0.56,0.44,0.45,0.01,0.01,78298.03,1776835834000
1776835835.642,35.642,0.55,0.56,0.44,0.45,0.01,0.01,78298.03,1776835834000
1776835836.006,36.006,0.55,0.56,0.44,0.45,0.01,0.01,78298.03,1776835834000
1776835836.342,36.342,0.55,0.56,0.44,0.45,0.01,0.01,78318.61,1776835835000
1776835836.752,36.752,0.55,0.56,0.44,0.45,0.01,0.01,78318.61,1776835835000
1776835837.107,37.107,0.55,0.56,0.44,0.45,0.01,0.01,78318.61,1776835835000
1776835837.524,37.524,0.55,0.56,0.44,0.45,0.01,0.01,78316.51,1776835836000
1776835838.006,38.006,0.55,0.56,0.44,0.45,0.01,0.01,78316.51,1776835836000
1776835838.365,38.365,0.55,0.56,0.44,0.45,0.01,0.01,78324.76,1776835837000
1776835838.734,38.734,0.55,0.56,0.44,0.45,0.01,0.01,78324.76,1776835837000
1776835839.105,39.105,0.55,0.56,0.44,0.45,0.01,0.01,78324.76,1776835837000
1776835839.496,39.496,0.54,0.55,0.44,0.45,0.01,0.01,78328.87,1776835838000
1776835840.044,40.044,0.54,0.55,0.45,0.46,0.01,0.01,78328.87,1776835838000
1776835840.614,40.614,0.54,0.55,0.45,0.46,0.01,0.01,78324.21,1776835839000
1776835840.948,40.948,0.54,0.55,0.45,0.46,0.01,0.01,78324.21,1776835839000
1776835841.3,41.3,0.54,0.55,0.45,0.46,0.01,0.01,78321.54,1776835840000
1776835841.826,41.826,0.54,0.55,0.45,0.46,0.01,0.01,78321.54,1776835840000
1776835842.195,42.195,0.54,0.55,0.45,0.46,0.01,0.01,78321.54,1776835840000
1776835842.671,42.671,0.54,0.55,0.45,0.46,0.01,0.01,78321.45,1776835841000
1776835843.057,43.057,0.54,0.55,0.45,0.46,0.01,0.01,78321.45,1776835841000
1776835843.649,43.649,0.54,0.55,0.45,0.46,0.01,0.01,78315.17,1776835842000
1776835843.994,43.994,0.56,0.57,0.43,0.46,0.01,0.03,78315.17,1776835842000
1776835844.422,44.422,0.56,0.57,0.43,0.44,0.01,0.01,78314.2,1776835843000
1776835844.793,44.793,0.56,0.57,0.43,0.44,0.01,0.01,78314.2,1776835843000
1776835845.169,45.169,0.56,0.57,0.43,0.44,0.01,0.01,78314.2,1776835843000
1776835845.806,45.806,0.56,0.57,0.43,0.44,0.01,0.01,78312.12,1776835844000
1776835846.204,46.204,0.56,0.57,0.43,0.44,0.01,0.01,78312.59,1776835845000
1776835846.795,46.795,0.55,0.56,0.43,0.45,0.01,0.02,78312.59,1776835845000
1776835847.178,47.178,0.55,0.56,0.44,0.45,0.01,0.01,78312.59,1776835845000
1776835847.618,47.618,0.53,0.56,0.44,0.45,0.03,0.01,78311.41,1776835846000
1776835848.125,48.125,0.51,0.52,0.48,0.49,0.01,0.01,78311.41,1776835846000
1776835848.501,48.501,0.5,0.51,0.49,0.5,0.01,0.01,78310.36,1776835847000
1776835848.891,48.891,0.5,0.51,0.49,0.5,0.01,0.01,78310.36,1776835847000
1776835849.229,49.229,0.5,0.51,0.49,0.5,0.01,0.01,78307.2,1776835848000
1776835849.671,49.671,0.5,0.51,0.49,0.5,0.01,0.01,78307.2,1776835848000
1776835850.115,50.115,0.48,0.49,0.51,0.52,0.01,0.01,78307.2,1776835848000
1776835850.668,50.668,0.48,0.49,0.51,0.52,0.01,0.01,78292.47,1776835849000
1776835851.039,51.039,0.46,0.47,0.52,0.54,0.01,0.02,78292.47,1776835849000
1776835851.627,51.627,0.46,0.47,0.53,0.54,0.01,0.01,78286.53,1776835850000
1776835852.059,52.059,0.46,0.47,0.53,0.54,0.01,0.01,78286.53,1776835850000
1776835852.46,52.46,0.44,0.46,0.54,0.55,0.02,0.01,78271.59,1776835851000
1776835853.001,53.001,0.43,0.44,0.55,0.57,0.01,0.02,78271.59,1776835851000
1776835853.376,53.376,0.42,0.43,0.57,0.58,0.01,0.01,78269.94,1776835852000
1776835853.815,53.815,0.42,0.43,0.57,0.58,0.01,0.01,78269.94,1776835852000
1776835854.158,54.158,0.42,0.43,0.57,0.58,0.01,0.01,78269.94,1776835852000
1776835854.505,54.505,0.42,0.43,0.57,0.58,0.01,0.01,78262.21,1776835853000
1776835854.967,54.967,0.42,0.43,0.57,0.58,0.01,0.01,78262.21,1776835853000
1776835855.881,55.881,0.42,0.43,0.57,0.58,0.01,0.01,78258.84,1776835854000
1776835856.478,56.478,0.42,0.43,0.57,0.58,0.01,0.01,78258.86,1776835855000
1776835857.088,57.088,0.42,0.43,0.57,0.58,0.01,0.01,78258.86,1776835855000
1776835858.177,58.177,0.42,0.43,0.57,0.58,0.01,0.01,78254.6,1776835857000
1776835858.778,58.778,0.42,0.43,0.57,0.58,0.01,0.01,78254.6,1776835857000
1776835859.198,59.198,0.41,0.43,0.57,0.59,0.02,0.02,78253.91,1776835858000
1776835859.576,59.576,0.39,0.41,0.59,0.62,0.02,0.03,78253.91,1776835858000
1776835859.929,59.929,0.37,0.38,0.62,0.63,0.01,0.01,78253.91,1776835858000
1776835860.307,60.307,0.37,0.38,0.62,0.63,0.01,0.01,78253.91,1776835858000
1776835860.677,60.677,0.36,0.37,0.63,0.64,0.01,0.01,78250.99,1776835859000
1776835861.271,61.271,0.36,0.37,0.63,0.64,0.01,0.01,78245.01,1776835860000
1776835861.605,61.605,0.36,0.4,0.6,0.64,0.04,0.04,78245.01,1776835860000
1776835862.001,62.001,0.39,0.4,0.58,0.61,0.01,0.03,78245.01,1776835860000
1776835862.361,62.361,0.39,0.4,0.6,0.61,0.01,0.01,78245.01,1776835860000
1776835862.707,62.707,0.39,0.4,0.6,0.62,0.01,0.02,78245.01,1776835860000
1776835863.228,63.228,0.38,0.39,0.61,0.62,0.01,0.01,78238.94,1776835861000
1776835863.595,63.595,0.38,0.39,0.61,0.62,0.01,0.01,78238.94,1776835861000
1776835864.007,64.007,0.38,0.39,0.61,0.62,0.01,0.01,78243.94,1776835862000
1776835864.369,64.369,0.38,0.39,0.61,0.62,0.01,0.01,78245.4,1776835863000
1776835864.899,64.899,0.37,0.39,0.61,0.63,0.02,0.02,78245.4,1776835863000
1776835865.273,65.273,0.34,0.35,0.64,0.66,0.01,0.02,78243.67,1776835864000
1776835865.614,65.614,0.34,0.35,0.65,0.66,0.01,0.01,78243.67,1776835864000
1776835866.101,66.101,0.34,0.35,0.65,0.66,0.01,0.01,78243.67,1776835864000
1776835866.485,66.485,0.34,0.35,0.65,0.66,0.01,0.01,78242.84,1776835865000
1776835867.002,67.002,0.34,0.35,0.65,0.66,0.01,0.01,78242.84,1776835865000
1776835868.242,68.242,0.33,0.34,0.66,0.67,0.01,0.01,78238.72,1776835866000
1776835868.59,68.59,0.33,0.34,0.66,0.67,0.01,0.01,78236.24,1776835867000
1776835868.994,68.994,0.33,0.34,0.66,0.67,0.01,0.01,78236.24,1776835867000
1776835869.37,69.37,0.33,0.34,0.66,0.67,0.01,0.01,78235.88,1776835868000
1776835869.718,69.718,0.33,0.34,0.66,0.67,0.01,0.01,78235.88,1776835868000
1776835870.189,70.189,0.33,0.34,0.66,0.67,0.01,0.01,78235.88,1776835868000
1776835870.656,70.656,0.34,0.35,0.65,0.67,0.01,0.02,78235.93,1776835869000
1776835870.992,70.992,0.37,0.38,0.62,0.65,0.01,0.03,78235.93,1776835869000
1776835871.343,71.343,0.37,0.41,0.59,0.63,0.04,0.04,78232.77,1776835870000
1776835871.679,71.679,0.41,0.43,0.57,0.6,0.02,0.03,78232.77,1776835870000
1776835872.032,72.032,0.42,0.43,0.57,0.58,0.01,0.01,78232.77,1776835870000
1776835872.424,72.424,0.42,0.43,0.55,0.58,0.01,0.03,78232.77,1776835870000
1776835872.918,72.918,0.43,0.44,0.56,0.57,0.01,0.01,78234.83,1776835871000
1776835873.445,73.445,0.44,0.45,0.55,0.56,0.01,0.01,78247.89,1776835872000
1776835873.843,73.843,0.44,0.45,0.55,0.56,0.01,0.01,78247.89,1776835872000
1776835874.586,74.586,0.44,0.45,0.55,0.56,0.01,0.01,78247.89,1776835872000
1776835874.94,74.94,0.44,0.45,0.55,0.56,0.01,0.01,78247.89,1776835872000
1776835875.732,75.732,0.44,0.45,0.55,0.56,0.01,0.01,78256.1,1776835873000
1776835876.076,76.076,0.44,0.45,0.55,0.56,0.01,0.01,78256.42,1776835874000
1776835877.352,77.352,0.44,0.45,0.55,0.56,0.01,0.01,78258.22,1776835875000
1776835877.835,77.835,0.39,0.4,0.6,0.61,0.01,0.01,78258.0,1776835876000
1776835878.171,78.171,0.41,0.42,0.59,0.61,0.01,0.02,78258.0,1776835876000
1776835878.597,78.597,0.41,0.5,0.5,0.59,0.09,0.09,78258.0,1776835876000
1776835878.972,78.972,0.47,0.48,0.52,0.53,0.01,0.01,78257.59,1776835877000
1776835879.374,79.374,0.47,0.48,0.52,0.53,0.01,0.01,78257.59,1776835877000
1776835879.77,79.77,0.47,0.48,0.52,0.53,0.01,0.01,78257.59,1776835877000
1776835880.185,80.185,0.47,0.48,0.52,0.53,0.01,0.01,78259.88,1776835878000
1776835880.59,80.59,0.47,0.48,0.52,0.53,0.01,0.01,78263.25,1776835879000
1776835881.232,81.232,0.47,0.48,0.52,0.53,0.01,0.01,78263.11,1776835880000
1776835882.062,82.062,0.47,0.48,0.52,0.53,0.01,0.01,78263.11,1776835880000
1776835882.403,82.403,0.47,0.48,0.52,0.53,0.01,0.01,78263.11,1776835880000
1776835882.741,82.741,0.47,0.48,0.52,0.53,0.01,0.01,78262.58,1776835881000
1776835883.296,83.296,0.47,0.48,0.52,0.53,0.01,0.01,78265.41,1776835882000
1776835884.349,84.349,0.47,0.48,0.52,0.53,0.01,0.01,78262.95,1776835883000
1776835885.028,85.028,0.44,0.48,0.52,0.55,0.04,0.03,78262.95,1776835883000
1776835885.436,85.436,0.44,0.46,0.52,0.56,0.02,0.04,78261.52,1776835884000
1776835885.77,85.77,0.45,0.46,0.54,0.55,0.01,0.01,78261.52,1776835884000
1776835886.117,86.117,0.44,0.45,0.55,0.56,0.01,0.01,78261.52,1776835884000
1776835886.559,86.559,0.43,0.44,0.56,0.57,0.01,0.01,78260.18,1776835885000
1776835886.911,86.911,0.43,0.44,0.56,0.57,0.01,0.01,78260.18,1776835885000
1776835887.272,87.272,0.43,0.44,0.56,0.57,0.01,0.01,78248.6,1776835886000
1776835887.642,87.642,0.43,0.44,0.56,0.57,0.01,0.01,78248.6,1776835886000
1776835888.047,88.047,0.43,0.44,0.56,0.57,0.01,0.01,78248.6,1776835886000
1776835888.382,88.382,0.42,0.43,0.57,0.58,0.01,0.01,78249.96,1776835887000
1776835888.91,88.91,0.42,0.43,0.57,0.58,0.01,0.01,78249.96,1776835887000
1776835889.265,89.265,0.42,0.43,0.57,0.58,0.01,0.01,78249.96,1776835887000
1776835889.614,89.614,0.42,0.43,0.57,0.58,0.01,0.01,78250.59,1776835888000
1776835890.207,90.207,0.42,0.43,0.57,0.58,0.01,0.01,78250.21,1776835889000
1776835890.578,90.578,0.38,0.41,0.59,0.62,0.03,0.03,78250.21,1776835889000
1776835890.919,90.919,0.37,0.4,0.59,0.61,0.03,0.02,78250.21,1776835889000
1776835891.258,91.258,0.37,0.39,0.62,0.63,0.02,0.01,78248.52,1776835890000
1776835891.69,91.69,0.37,0.38,0.62,0.63,0.01,0.01,78248.52,1776835890000
1776835892.467,92.467,0.37,0.38,0.62,0.63,0.01,0.01,78248.52,1776835890000
1776835892.82,92.82,0.37,0.38,0.62,0.63,0.01,0.01,78248.52,1776835890000
1776835893.412,93.412,0.37,0.38,0.62,0.63,0.01,0.01,78240.88,1776835891000
1776835893.84,93.84,0.36,0.38,0.62,0.64,0.02,0.02,78240.88,1776835891000
1776835894.285,94.285,0.36,0.39,0.63,0.64,0.03,0.01,78240.22,1776835892000
1776835894.751,94.751,0.36,0.38,0.63,0.64,0.02,0.01,78239.78,1776835893000
1776835895.267,95.267,0.37,0.38,0.62,0.63,0.01,0.01,78239.78,1776835893000
1776835895.673,95.673,0.37,0.4,0.6,0.63,0.03,0.03,78238.71,1776835894000
1776835896.251,96.251,0.39,0.4,0.6,0.61,0.01,0.01,78238.71,1776835894000
1776835896.66,96.66,0.39,0.4,0.6,0.61,0.01,0.01,78237.63,1776835895000
1776835897.677,97.677,0.39,0.4,0.6,0.61,0.01,0.01,78237.63,1776835895000
1776835898.177,98.177,0.39,0.4,0.6,0.61,0.01,0.01,78237.87,1776835896000
1776835898.624,98.624,0.39,0.4,0.6,0.61,0.01,0.01,78238.13,1776835897000
1776835898.957,98.957,0.39,0.4,0.6,0.61,0.01,0.01,78238.13,1776835897000
1776835899.31,99.31,0.39,0.4,0.6,0.61,0.01,0.01,78238.62,1776835898000
1776835899.912,99.912,0.39,0.4,0.6,0.61,0.01,0.01,78238.62,1776835898000
1776835900.26,100.26,0.39,0.4,0.6,0.61,0.01,0.01,78238.62,1776835898000
1776835900.794,100.794,0.41,0.42,0.6,0.61,0.01,0.01,78237.75,1776835899000
1776835901.268,101.268,0.41,0.42,0.58,0.59,0.01,0.01,78237.97,1776835900000
1776835902.081,102.081,0.39,0.42,0.58,0.59,0.03,0.01,78237.97,1776835900000
1776835902.424,102.424,0.34,0.35,0.64,0.66,0.01,0.02,78237.97,1776835900000
1776835902.808,102.808,0.34,0.35,0.65,0.66,0.01,0.01,78240.14,1776835901000
1776835903.311,103.311,0.34,0.35,0.65,0.66,0.01,0.01,78240.43,1776835902000
1776835903.783,103.783,0.36,0.37,0.63,0.64,0.01,0.01,78240.43,1776835902000
1776835904.726,104.726,0.36,0.37,0.63,0.64,0.01,0.01,78229.82,1776835903000
1776835905.175,105.175,0.34,0.35,0.63,0.64,0.01,0.01,78229.82,1776835903000
1776835905.64,105.64,0.31,0.32,0.66,0.69,0.01,0.03,78232.11,1776835904000
1776835906.018,106.018,0.31,0.32,0.68,0.69,0.01,0.01,78232.11,1776835904000
1776835906.534,106.534,0.29,0.3,0.7,0.71,0.01,0.01,78232.72,1776835905000
1776835906.989,106.989,0.29,0.3,0.7,0.71,0.01,0.01,78232.72,1776835905000
1776835907.392,107.392,0.28,0.29,0.7,0.72,0.01,0.02,78232.72,1776835905000
1776835907.754,107.754,0.28,0.29,0.71,0.72,0.01,0.01,78221.05,1776835906000
1776835908.115,108.115,0.28,0.29,0.71,0.72,0.01,0.01,78221.05,1776835906000
1776835908.524,108.524,0.28,0.29,0.71,0.72,0.01,0.01,78219.8,1776835907000
1776835908.894,108.894,0.28,0.29,0.71,0.72,0.01,0.01,78219.8,1776835907000
1776835909.682,109.682,0.28,0.29,0.71,0.72,0.01,0.01,78216.44,1776835908000
1776835910.386,110.386,0.28,0.29,0.71,0.72,0.01,0.01,78216.44,1776835908000
1776835910.74,110.74,0.28,0.29,0.71,0.72,0.01,0.01,78216.44,1776835908000
1776835911.182,111.182,0.25,0.29,0.71,0.72,0.04,0.01,78216.44,1776835908000
1776835911.542,111.542,0.25,0.29,0.71,0.75,0.04,0.04,78216.44,1776835908000
1776835911.885,111.885,0.25,0.29,0.71,0.75,0.04,0.04,78214.62,1776835910000
1776835912.23,112.23,0.26,0.27,0.73,0.74,0.01,0.01,78214.62,1776835910000
1776835912.687,112.687,0.26,0.27,0.73,0.74,0.01,0.01,78212.86,1776835911000
1776835913.073,113.073,0.26,0.27,0.73,0.74,0.01,0.01,78209.03,1776835912000
1776835913.523,113.523,0.26,0.27,0.73,0.74,0.01,0.01,78209.03,1776835912000
1776835914.014,114.014,0.26,0.27,0.73,0.74,0.01,0.01,78209.03,1776835912000
1776835914.761,114.761,0.26,0.27,0.73,0.74,0.01,0.01,78205.38,1776835913000
1776835915.118,115.118,0.26,0.27,0.73,0.74,0.01,0.01,78205.38,1776835913000
1776835916.274,116.274,0.26,0.27,0.73,0.74,0.01,0.01,78201.96,1776835914000
1776835916.626,116.626,0.26,0.27,0.73,0.74,0.01,0.01,78200.99,1776835915000
1776835917.018,117.018,0.26,0.27,0.73,0.74,0.01,0.01,78200.99,1776835915000
1776835917.448,117.448,0.25,0.26,0.74,0.75,0.01,0.01,78200.99,1776835915000
1776835918.043,118.043,0.25,0.26,0.74,0.75,0.01,0.01,78200.06,1776835917000
1776835919.24,119.24,0.25,0.26,0.74,0.75,0.01,0.01,78199.87,1776835918000
1776835919.574,119.574,0.25,0.26,0.74,0.75,0.01,0.01,78199.87,1776835918000
1776835920.438,120.438,0.25,0.26,0.74,0.75,0.01,0.01,78200.82,1776835919000
1776835920.773,120.773,0.25,0.26,0.74,0.75,0.01,0.01,78200.82,1776835919000
1776835921.501,121.501,0.25,0.26,0.75,0.76,0.01,0.01,78202.33,1776835920000
1776835921.838,121.838,0.24,0.25,0.75,0.76,0.01,0.01,78202.33,1776835920000
1776835922.322,122.322,0.25,0.26,0.74,0.75,0.01,0.01,78201.31,1776835921000
1776835922.751,122.751,0.25,0.26,0.74,0.75,0.01,0.01,78201.31,1776835921000
1776835923.091,123.091,0.25,0.26,0.74,0.75,0.01,0.01,78201.31,1776835921000
1776835923.427,123.427,0.25,0.26,0.74,0.75,0.01,0.01,78201.31,1776835921000
1776835923.783,123.783,0.25,0.26,0.74,0.75,0.01,0.01,78208.79,1776835922000
1776835924.159,124.159,0.26,0.27,0.73,0.74,0.01,0.01,78209.19,1776835923000
1776835924.595,124.595,0.26,0.27,0.73,0.74,0.01,0.01,78209.19,1776835923000
1776835924.971,124.971,0.26,0.27,0.73,0.74,0.01,0.01,78209.19,1776835923000
1776835925.813,125.813,0.26,0.27,0.73,0.74,0.01,0.01,78208.94,1776835924000
1776835926.315,126.315,0.26,0.27,0.73,0.74,0.01,0.01,78208.94,1776835924000
1776835926.655,126.655,0.26,0.27,0.73,0.74,0.01,0.01,78208.94,1776835924000
1776835927.07,127.07,0.29,0.3,0.7,0.71,0.01,0.01,78208.36,1776835925000
1776835927.63,127.63,0.28,0.29,0.71,0.72,0.01,0.01,78208.1,1776835926000
1776835928.019,128.019,0.27,0.29,0.71,0.73,0.02,0.02,78207.74,1776835927000
1776835928.532,128.532,0.3,0.31,0.69,0.7,0.01,0.01,78207.74,1776835927000
1776835928.903,128.903,0.28,0.29,0.7,0.72,0.01,0.02,78207.74,1776835927000
1776835929.37,129.37,0.28,0.29,0.71,0.72,0.01,0.01,78207.52,1776835928000
1776835930.145,130.145,0.28,0.29,0.71,0.72,0.01,0.01,78207.52,1776835928000
1776835930.508,130.508,0.28,0.29,0.71,0.72,0.01,0.01,78208.72,1776835929000
1776835930.952,130.952,0.28,0.29,0.71,0.72,0.01,0.01,78208.72,1776835929000
1776835931.29,131.29,0.28,0.29,0.71,0.72,0.01,0.01,78208.72,1776835929000
1776835931.935,131.935,0.28,0.29,0.71,0.72,0.01,0.01,78209.62,1776835930000
1776835932.33,132.33,0.27,0.28,0.71,0.73,0.01,0.02,78209.62,1776835930000
1776835932.76,132.76,0.25,0.26,0.72,0.75,0.01,0.03,78206.63,1776835931000
1776835933.099,133.099,0.25,0.26,0.74,0.75,0.01,0.01,78206.63,1776835932000
1776835933.548,133.548,0.25,0.26,0.74,0.75,0.01,0.01,78206.63,1776835932000
1776835934.118,134.118,0.25,0.26,0.74,0.75,0.01,0.01,78204.77,1776835933000
1776835934.715,134.715,0.25,0.26,0.74,0.75,0.01,0.01,78204.77,1776835933000
1776835935.184,135.184,0.25,0.26,0.74,0.75,0.01,0.01,78204.77,1776835933000
1776835935.569,135.569,0.23,0.24,0.76,0.77,0.01,0.01,78203.04,1776835934000
1776835936.023,136.023,0.23,0.24,0.76,0.77,0.01,0.01,78203.81,1776835935000
1776835936.388,136.388,0.22,0.23,0.76,0.78,0.01,0.02,78203.81,1776835935000
1776835937.219,137.219,0.22,0.23,0.77,0.78,0.01,0.01,78203.13,1776835936000
1776835937.68,137.68,0.22,0.23,0.77,0.78,0.01,0.01,78203.13,1776835936000
1776835938.068,138.068,0.2,0.21,0.79,0.82,0.01,0.03,78203.13,1776835936000
1776835938.424,138.424,0.19,0.2,0.8,0.82,0.01,0.02,78192.51,1776835937000
1776835938.762,138.762,0.19,0.2,0.8,0.81,0.01,0.01,78192.51,1776835937000
1776835939.257,139.257,0.19,0.2,0.8,0.81,0.01,0.01,78184.93,1776835938000
1776835939.603,139.603,0.19,0.2,0.8,0.81,0.01,0.01,78184.93,1776835938000
1776835939.937,139.937,0.19,0.2,0.8,0.81,0.01,0.01,78184.93,1776835938000
1776835940.356,140.356,0.18,0.19,0.81,0.82,0.01,0.01,78182.48,1776835939000
1776835940.742,140.742,0.17,0.18,0.81,0.82,0.01,0.01,78182.48,1776835939000
1776835941.149,141.149,0.17,0.19,0.82,0.83,0.02,0.01,78182.48,1776835939000
1776835942.07,142.07,0.16,0.17,0.81,0.82,0.01,0.01,78184.78,1776835940000
1776835942.454,142.454,0.14,0.15,0.85,0.86,0.01,0.01,78183.56,1776835941000
1776835942.816,142.816,0.14,0.15,0.85,0.86,0.01,0.01,78183.56,1776835941000
1776835943.242,143.242,0.12,0.13,0.87,0.88,0.01,0.01,78183.56,1776835941000
1776835943.582,143.582,0.12,0.13,0.87,0.88,0.01,0.01,78182.07,1776835942000
1776835944.009,144.009,0.12,0.13,0.87,0.88,0.01,0.01,78180.69,1776835943000
1776835944.348,144.348,0.12,0.13,0.87,0.88,0.01,0.01,78180.69,1776835943000
1776835944.852,144.852,0.11,0.12,0.88,0.89,0.01,0.01,78180.69,1776835943000
1776835945.31,145.31,0.11,0.12,0.88,0.89,0.01,0.01,78165.95,1776835944000
1776835945.676,145.676,0.11,0.12,0.88,0.89,0.01,0.01,78165.95,1776835944000
1776835946.141,146.141,0.11,0.12,0.88,0.89,0.01,0.01,78160.24,1776835945000
1776835946.475,146.475,0.11,0.12,0.88,0.89,0.01,0.01,78160.24,1776835945000
1776835946.824,146.824,0.09,0.1,0.9,0.91,0.01,0.01,78160.24,1776835945000
1776835947.238,147.238,0.1,0.11,0.89,0.9,0.01,0.01,78152.95,1776835946000
1776835947.618,147.618,0.09,0.1,0.9,0.91,0.01,0.01,78152.95,1776835946000
1776835948.327,148.327,0.09,0.1,0.9,0.91,0.01,0.01,78152.95,1776835946000
1776835948.663,148.663,0.09,0.1,0.9,0.91,0.01,0.01,78153.22,1776835947000
1776835949.092,149.092,0.1,0.11,0.89,0.91,0.01,0.02,78153.22,1776835947000
1776835949.454,149.454,0.1,0.11,0.89,0.9,0.01,0.01,78151.51,1776835948000
1776835949.922,149.922,0.1,0.11,0.89,0.9,0.01,0.01,78151.51,1776835949000
1776835950.342,150.342,0.1,0.11,0.89,0.9,0.01,0.01,78151.51,1776835949000
1776835950.757,150.757,0.1,0.11,0.89,0.9,0.01,0.01,78151.51,1776835949000
1776835951.15,151.15,0.08,0.11,0.89,0.9,0.03,0.01,78154.91,1776835950000
1776835951.676,151.676,0.07,0.08,0.92,0.93,0.01,0.01,78154.91,1776835950000
1776835952.01,152.01,0.07,0.08,0.92,0.93,0.01,0.01,78156.08,1776835951000
1776835952.402,152.402,0.07,0.08,0.92,0.93,0.01,0.01,78156.08,1776835951000
1776835952.818,152.818,0.07,0.08,0.92,0.93,0.01,0.01,78156.08,1776835951000
1776835953.164,153.164,0.07,0.08,0.92,0.93,0.01,0.01,78146.98,1776835952000
1776835953.595,153.595,0.07,0.08,0.92,0.93,0.01,0.01,78146.98,1776835952000
1776835953.956,153.956,0.06,0.08,0.92,0.94,0.02,0.02,78146.98,1776835952000
1776835954.305,154.305,0.06,0.07,0.93,0.94,0.01,0.01,78139.95,1776835953000
1776835954.765,154.765,0.06,0.07,0.93,0.94,0.01,0.01,78139.95,1776835953000
1776835955.261,155.261,0.06,0.07,0.93,0.94,0.01,0.01,78139.82,1776835954000
1776835955.802,155.802,0.05,0.06,0.94,0.95,0.01,0.01,78139.82,1776835954000
1776835956.137,156.137,0.05,0.06,0.94,0.95,0.01,0.01,78129.24,1776835955000
1776835956.477,156.477,0.05,0.06,0.94,0.95,0.01,0.01,78129.24,1776835955000
1776835956.87,156.87,0.05,0.06,0.94,0.95,0.01,0.01,78129.24,1776835955000
1776835957.374,157.374,0.07,0.08,0.92,0.93,0.01,0.01,78126.45,1776835956000
1776835957.73,157.73,0.07,0.08,0.92,0.93,0.01,0.01,78126.45,1776835956000
1776835958.146,158.146,0.07,0.08,0.92,0.93,0.01,0.01,78126.45,1776835956000
1776835958.547,158.547,0.06,0.07,0.93,0.94,0.01,0.01,78126.11,1776835957000
1776835959.68,159.68,0.06,0.07,0.93,0.94,0.01,0.01,78133.39,1776835958000
1776835960.127,160.127,0.06,0.07,0.93,0.94,0.01,0.01,78133.39,1776835958000
1776835960.487,160.487,0.06,0.07,0.93,0.95,0.01,0.02,78133.46,1776835959000
1776835961.046,161.046,0.05,0.06,0.93,0.95,0.01,0.02,78133.46,1776835959000
1776835961.714,161.714,0.05,0.06,0.94,0.95,0.01,0.01,78129.43,1776835960000
1776835962.386,162.386,0.05,0.06,0.94,0.95,0.01,0.01,78130.66,1776835961000
1776835962.784,162.784,0.05,0.06,0.94,0.95,0.01,0.01,78130.66,1776835961000
1776835963.466,163.466,0.05,0.06,0.94,0.95,0.01,0.01,78130.35,1776835962000
1776835964.163,164.163,0.05,0.06,0.94,0.95,0.01,0.01,78130.35,1776835962000
1776835965.146,165.146,0.05,0.06,0.94,0.95,0.01,0.01,78132.85,1776835963000
1776835965.519,165.519,0.05,0.06,0.94,0.95,0.01,0.01,78132.85,1776835963000
1776835966.075,166.075,0.05,0.06,0.94,0.95,0.01,0.01,78140.37,1776835964000
1776835966.427,166.427,0.05,0.06,0.94,0.95,0.01,0.01,78140.29,1776835965000
1776835966.902,166.902,0.05,0.06,0.94,0.95,0.01,0.01,78140.29,1776835965000
1776835967.333,167.333,0.05,0.06,0.94,0.95,0.01,0.01,78136.61,1776835966000
1776835967.68,167.68,0.05,0.07,0.93,0.95,0.02,0.02,78136.61,1776835966000
1776835968.044,168.044,0.05,0.07,0.93,0.95,0.02,0.02,78139.41,1776835967000
1776835968.382,168.382,0.05,0.06,0.94,0.95,0.01,0.01,78139.41,1776835967000
1776835968.744,168.744,0.05,0.06,0.94,0.95,0.01,0.01,78139.41,1776835967000
1776835969.087,169.087,0.05,0.07,0.93,0.95,0.02,0.02,78139.41,1776835967000
1776835969.43,169.43,0.16,0.2,0.8,0.84,0.04,0.04,78186.78,1776835968000
1776835969.864,169.864,0.14,0.17,0.83,0.86,0.03,0.03,78186.78,1776835968000
1776835970.237,170.237,0.14,0.16,0.85,0.86,0.02,0.01,78186.78,1776835968000
1776835970.576,170.576,0.14,0.16,0.84,0.86,0.02,0.02,78192.69,1776835969000
1776835970.91,170.91,0.13,0.15,0.85,0.87,0.02,0.02,78192.69,1776835969000
1776835971.244,171.244,0.12,0.13,0.87,0.88,0.01,0.01,78192.19,1776835970000
1776835971.587,171.587,0.12,0.13,0.87,0.88,0.01,0.01,78192.19,1776835970000
1776835972.186,172.186,0.12,0.13,0.86,0.88,0.01,0.02,78192.19,1776835970000
1776835972.745,172.745,0.18,0.22,0.76,0.82,0.04,0.06,78191.99,1776835971000
1776835973.113,173.113,0.21,0.22,0.78,0.79,0.01,0.01,78191.99,1776835971000
1776835973.616,173.616,0.21,0.22,0.78,0.79,0.01,0.01,78182.33,1776835972000
1776835974.237,174.237,0.21,0.22,0.78,0.79,0.01,0.01,78189.04,1776835973000
1776835974.577,174.577,0.21,0.22,0.78,0.79,0.01,0.01,78189.04,1776835973000
1776835975.0,175.0,0.21,0.22,0.78,0.79,0.01,0.01,78189.04,1776835973000
1776835975.368,175.368,0.2,0.21,0.79,0.8,0.01,0.01,78197.09,1776835974000
1776835975.754,175.754,0.2,0.21,0.79,0.8,0.01,0.01,78197.09,1776835974000
1776835976.111,176.111,0.2,0.21,0.79,0.8,0.01,0.01,78197.09,1776835975000
1776835976.49,176.49,0.2,0.21,0.79,0.8,0.01,0.01,78197.09,1776835975000
1776835976.867,176.867,0.2,0.21,0.79,0.81,0.01,0.02,78197.09,1776835975000
1776835977.218,177.218,0.18,0.21,0.79,0.8,0.03,0.01,78197.09,1776835975000
1776835977.612,177.612,0.19,0.2,0.8,0.81,0.01,0.01,78197.89,1776835976000
1776835978.01,178.01,0.19,0.2,0.8,0.81,0.01,0.01,78197.89,1776835976000
1776835978.393,178.393,0.2,0.21,0.79,0.8,0.01,0.01,78197.89,1776835976000
1776835978.762,178.762,0.2,0.21,0.79,0.8,0.01,0.01,78196.92,1776835977000
1776835979.144,179.144,0.2,0.21,0.79,0.8,0.01,0.01,78196.92,1776835977000
1776835979.612,179.612,0.2,0.21,0.79,0.8,0.01,0.01,78196.92,1776835978000
1776835979.958,179.958,0.21,0.22,0.78,0.8,0.01,0.02,78196.92,1776835978000
1776835980.316,180.316,0.24,0.25,0.75,0.76,0.01,0.01,78196.92,1776835978000
1776835980.682,180.682,0.23,0.25,0.75,0.77,0.02,0.02,78199.06,1776835979000
1776835981.119,181.119,0.23,0.24,0.76,0.77,0.01,0.01,78199.75,1776835980000
1776835981.525,181.525,0.14,0.24,0.76,0.86,0.1,0.1,78199.75,1776835980000
1776835981.931,181.931,0.17,0.21,0.79,0.83,0.04,0.04,78199.75,1776835980000
1776835982.455,182.455,0.2,0.24,0.76,0.8,0.04,0.04,78202.37,1776835981000
1776835983.113,183.113,0.18,0.24,0.76,0.8,0.06,0.04,78202.37,1776835981000
1776835983.893,183.893,0.17,0.19,0.81,0.83,0.02,0.02,78200.01,1776835982000
1776835984.388,184.388,0.17,0.19,0.81,0.83,0.02,0.02,78200.02,1776835983000
1776835984.764,184.764,0.17,0.18,0.81,0.83,0.01,0.02,78200.02,1776835983000
1776835985.198,185.198,0.15,0.18,0.82,0.83,0.03,0.01,78200.02,1776835983000
1776835985.598,185.598,0.15,0.2,0.8,0.85,0.05,0.05,78198.75,1776835984000
1776835986.032,186.032,0.19,0.22,0.78,0.81,0.03,0.03,78198.75,1776835984000
1776835986.383,186.383,0.19,0.2,0.8,0.81,0.01,0.01,78204.62,1776835985000
1776835986.995,186.995,0.19,0.2,0.8,0.81,0.01,0.01,78204.62,1776835985000
1776835987.391,187.391,0.19,0.2,0.8,0.81,0.01,0.01,78202.76,1776835986000
1776835987.743,187.743,0.19,0.2,0.8,0.81,0.01,0.01,78202.76,1776835986000
1776835988.338,188.338,0.18,0.19,0.81,0.82,0.01,0.01,78201.99,1776835987000
1776835988.671,188.671,0.34,0.49,0.51,0.66,0.15,0.15,78201.99,1776835987000
1776835989.02,189.02,0.5,0.58,0.42,0.5,0.08,0.08,78201.99,1776835987000
1776835989.358,189.358,0.5,0.58,0.44,0.5,0.08,0.06,78201.94,1776835988000
1776835989.714,189.714,0.57,0.61,0.39,0.43,0.04,0.04,78201.94,1776835988000
1776835990.059,190.059,0.55,0.6,0.42,0.45,0.05,0.03,78202.11,1776835989000
1776835990.49,190.49,0.55,0.56,0.44,0.45,0.01,0.01,78202.11,1776835989000
1776835990.861,190.861,0.55,0.58,0.42,0.45,0.03,0.03,78202.11,1776835989000
1776835991.556,191.556,0.57,0.61,0.39,0.43,0.04,0.04,78283.78,1776835990000
1776835991.948,191.948,0.57,0.61,0.39,0.43,0.04,0.04,78283.78,1776835990000
1776835992.35,192.35,0.57,0.61,0.4,0.43,0.04,0.03,78284.05,1776835991000
1776835992.709,192.709,0.6,0.61,0.39,0.4,0.01,0.01,78284.05,1776835991000
1776835993.056,193.056,0.6,0.61,0.39,0.4,0.01,0.01,78284.05,1776835991000
1776835993.464,193.464,0.6,0.61,0.39,0.4,0.01,0.01,78284.05,1776835991000
1776835993.864,193.864,0.58,0.59,0.41,0.42,0.01,0.01,78290.96,1776835992000
1776835994.25,194.25,0.57,0.58,0.42,0.43,0.01,0.01,78290.68,1776835993000
1776835994.693,194.693,0.57,0.58,0.42,0.43,0.01,0.01,78290.68,1776835993000
1776835995.079,195.079,0.57,0.58,0.42,0.43,0.01,0.01,78290.68,1776835993000
1776835995.64,195.64,0.57,0.58,0.42,0.44,0.01,0.02,78290.42,1776835994000
1776835996.066,196.066,0.57,0.58,0.42,0.43,0.01,0.01,78290.42,1776835994000
1776835996.444,196.444,0.57,0.58,0.42,0.43,0.01,0.01,78290.42,1776835994000
1776835996.78,196.78,0.57,0.58,0.42,0.43,0.01,0.01,78287.56,1776835995000
1776835997.141,197.141,0.57,0.58,0.42,0.43,0.01,0.01,78287.02,1776835996000
1776835997.659,197.659,0.57,0.58,0.42,0.44,0.01,0.02,78287.02,1776835996000
1776835998.105,198.105,0.57,0.58,0.42,0.43,0.01,0.01,78287.02,1776835996000
1776835998.449,198.449,0.57,0.58,0.42,0.43,0.01,0.01,78287.81,1776835997000
1776835998.836,198.836,0.57,0.58,0.42,0.43,0.01,0.01,78287.81,1776835997000
1776835999.185,199.185,0.59,0.6,0.4,0.41,0.01,0.01,78287.81,1776835997000
1776835999.547,199.547,0.6,0.61,0.39,0.4,0.01,0.01,78287.81,1776835997000
1776836000.376,200.376,0.6,0.61,0.39,0.4,0.01,0.01,78287.81,1776835997000
1776836000.735,200.735,0.6,0.62,0.38,0.4,0.02,0.02,78288.4,1776835999000
1776836001.211,201.211,0.61,0.62,0.38,0.39,0.01,0.01,78292.83,1776836000000
1776836001.583,201.583,0.61,0.63,0.38,0.39,0.02,0.01,78292.83,1776836000000
1776836002.127,202.127,0.62,0.63,0.37,0.38,0.01,0.01,78292.83,1776836000000
1776836002.855,202.855,0.63,0.64,0.36,0.38,0.01,0.02,78296.59,1776836001000
1776836003.377,203.377,0.63,0.64,0.36,0.37,0.01,0.01,78299.31,1776836002000
1776836003.729,203.729,0.63,0.64,0.36,0.37,0.01,0.01,78299.31,1776836002000
1776836004.064,204.064,0.63,0.64,0.36,0.37,0.01,0.01,78299.31,1776836002000
1776836004.435,204.435,0.63,0.64,0.36,0.37,0.01,0.01,78299.31,1776836002000
1776836004.786,204.786,0.64,0.65,0.35,0.36,0.01,0.01,78303.39,1776836003000
1776836005.136,205.136,0.64,0.65,0.35,0.36,0.01,0.01,78303.32,1776836004000
1776836005.743,205.743,0.64,0.65,0.35,0.36,0.01,0.01,78303.32,1776836004000
1776836006.282,206.282,0.65,0.66,0.34,0.36,0.01,0.02,78303.32,1776836004000
1776836006.631,206.631,0.65,0.66,0.34,0.35,0.01,0.01,78302.51,1776836005000
1776836006.97,206.97,0.6,0.66,0.34,0.35,0.06,0.01,78302.51,1776836005000
1776836007.325,207.325,0.65,0.66,0.34,0.35,0.01,0.01,78302.51,1776836005000
1776836007.906,207.906,0.65,0.66,0.34,0.35,0.01,0.01,78303.1,1776836006000
1776836008.282,208.282,0.65,0.66,0.34,0.35,0.01,0.01,78303.1,1776836006000
1776836008.813,208.813,0.65,0.66,0.34,0.35,0.01,0.01,78303.11,1776836007000
1776836009.25,209.25,0.65,0.66,0.34,0.35,0.01,0.01,78303.61,1776836008000
1776836009.597,209.597,0.64,0.66,0.34,0.36,0.02,0.02,78303.61,1776836008000
1776836010.039,210.039,0.63,0.64,0.36,0.37,0.01,0.01,78303.61,1776836008000
1776836010.478,210.478,0.63,0.64,0.36,0.38,0.01,0.02,78304.7,1776836009000
1776836010.962,210.962,0.62,0.63,0.37,0.38,0.01,0.01,78304.7,1776836009000
1776836011.357,211.357,0.62,0.63,0.37,0.38,0.01,0.01,78302.67,1776836010000
1776836011.946,211.946,0.62,0.63,0.37,0.38,0.01,0.01,78302.67,1776836010000
1776836012.301,212.301,0.62,0.63,0.37,0.38,0.01,0.01,78302.82,1776836011000
1776836012.682,212.682,0.62,0.63,0.37,0.38,0.01,0.01,78302.82,1776836011000
1776836013.188,213.188,0.62,0.63,0.37,0.38,0.01,0.01,78302.82,1776836011000
1776836013.65,213.65,0.62,0.63,0.37,0.39,0.01,0.02,78300.46,1776836012000
1776836014.158,214.158,0.61,0.62,0.38,0.39,0.01,0.01,78300.46,1776836012000
1776836014.528,214.528,0.6,0.62,0.38,0.39,0.02,0.01,78300.88,1776836013000
1776836015.083,215.083,0.6,0.61,0.39,0.4,0.01,0.01,78298.9,1776836014000
1776836015.467,215.467,0.6,0.61,0.39,0.4,0.01,0.01,78298.9,1776836014000
1776836015.805,215.805,0.6,0.61,0.39,0.4,0.01,0.01,78298.9,1776836014000
1776836016.21,216.21,0.6,0.61,0.39,0.4,0.01,0.01,78297.49,1776836015000
1776836016.773,216.773,0.58,0.59,0.39,0.42,0.01,0.03,78297.49,1776836015000
1776836017.159,217.159,0.58,0.59,0.41,0.42,0.01,0.01,78296.8,1776836016000
1776836017.586,217.586,0.58,0.59,0.41,0.42,0.01,0.01,78296.8,1776836016000
1776836017.979,217.979,0.58,0.59,0.41,0.42,0.01,0.01,78296.8,1776836016000
1776836018.449,218.449,0.58,0.59,0.41,0.42,0.01,0.01,78296.65,1776836017000
1776836018.951,218.951,0.58,0.59,0.41,0.42,0.01,0.01,78296.65,1776836017000
1776836019.421,219.421,0.58,0.59,0.41,0.42,0.01,0.01,78296.11,1776836018000
1776836019.798,219.798,0.57,0.58,0.41,0.43,0.01,0.02,78296.11,1776836018000
1776836020.164,220.164,0.57,0.59,0.42,0.43,0.02,0.01,78296.11,1776836018000
1776836020.759,220.759,0.59,0.6,0.4,0.41,0.01,0.01,78292.29,1776836019000
1776836021.207,221.207,0.59,0.6,0.4,0.41,0.01,0.01,78292.29,1776836019000
1776836021.578,221.578,0.59,0.6,0.4,0.41,0.01,0.01,78291.64,1776836020000
1776836022.187,222.187,0.59,0.6,0.4,0.41,0.01,0.01,78291.64,1776836020000
1776836022.67,222.67,0.59,0.6,0.4,0.41,0.01,0.01,78294.01,1776836021000
1776836023.003,223.003,0.59,0.6,0.4,0.41,0.01,0.01,78293.14,1776836022000
1776836023.408,223.408,0.59,0.6,0.4,0.41,0.01,0.01,78293.14,1776836022000
1776836023.793,223.793,0.59,0.6,0.4,0.41,0.01,0.01,78293.14,1776836022000
1776836024.358,224.358,0.58,0.59,0.4,0.42,0.01,0.02,78293.12,1776836023000
1776836024.791,224.791,0.58,0.59,0.41,0.42,0.01,0.01,78293.12,1776836023000
1776836025.246,225.246,0.58,0.59,0.41,0.42,0.01,0.01,78293.32,1776836024000
1776836025.709,225.709,0.58,0.59,0.41,0.42,0.01,0.01,78293.32,1776836024000
1776836026.054,226.054,0.58,0.59,0.41,0.42,0.01,0.01,78293.32,1776836024000
1776836026.393,226.393,0.52,0.53,0.46,0.47,0.01,0.01,78292.55,1776836025000
1776836026.727,226.727,0.52,0.53,0.47,0.48,0.01,0.01,78292.55,1776836025000
1776836027.092,227.092,0.52,0.53,0.47,0.48,0.01,0.01,78292.55,1776836025000
1776836027.608,227.608,0.52,0.53,0.47,0.48,0.01,0.01,78292.66,1776836026000
1776836027.978,227.978,0.5,0.53,0.47,0.48,0.03,0.01,78292.66,1776836026000
1776836028.574,228.574,0.52,0.53,0.47,0.48,0.01,0.01,78277.79,1776836027000
1776836028.925,228.925,0.52,0.53,0.47,0.48,0.01,0.01,78277.79,1776836027000
1776836029.334,229.334,0.51,0.52,0.47,0.49,0.01,0.02,78277.79,1776836027000
1776836029.869,229.869,0.51,0.52,0.48,0.49,0.01,0.01,78277.25,1776836028000
1776836030.396,230.396,0.51,0.52,0.48,0.49,0.01,0.01,78276.23,1776836029000
1776836030.729,230.729,0.51,0.52,0.48,0.49,0.01,0.01,78276.23,1776836029000
1776836031.146,231.146,0.51,0.52,0.48,0.49,0.01,0.01,78274.49,1776836030000
1776836031.565,231.565,0.51,0.52,0.48,0.49,0.01,0.01,78274.49,1776836030000
1776836031.962,231.962,0.51,0.52,0.48,0.49,0.01,0.01,78274.49,1776836030000
1776836032.463,232.463,0.51,0.52,0.48,0.49,0.01,0.01,78274.79,1776836031000
1776836032.8,232.8,0.58,0.59,0.41,0.42,0.01,0.01,78274.79,1776836031000
1776836033.157,233.157,0.6,0.61,0.39,0.4,0.01,0.01,78274.79,1776836031000
1776836033.606,233.606,0.58,0.59,0.4,0.42,0.01,0.02,78277.38,1776836032000
1776836034.069,234.069,0.57,0.59,0.41,0.42,0.02,0.01,78277.38,1776836032000
1776836034.413,234.413,0.57,0.58,0.42,0.43,0.01,0.01,78285.56,1776836033000
1776836034.792,234.792,0.57,0.58,0.42,0.43,0.01,0.01,78285.56,1776836033000
1776836035.32,235.32,0.55,0.58,0.42,0.43,0.03,0.01,78285.56,1776836033000
1776836035.682,235.682,0.54,0.55,0.44,0.45,0.01,0.01,78288.9,1776836034000
1776836036.145,236.145,0.54,0.55,0.45,0.46,0.01,0.01,78288.9,1776836034000
1776836036.919,236.919,0.51,0.52,0.45,0.49,0.01,0.04,78287.32,1776836035000
1776836037.41,237.41,0.51,0.52,0.48,0.49,0.01,0.01,78284.7,1776836036000
1776836037.788,237.788,0.5,0.52,0.48,0.5,0.02,0.02,78284.7,1776836036000
1776836038.182,238.182,0.5,0.51,0.48,0.5,0.01,0.02,78282.64,1776836037000
1776836038.515,238.515,0.5,0.51,0.49,0.5,0.01,0.01,78282.64,1776836037000
1776836038.87,238.87,0.5,0.51,0.49,0.5,0.01,0.01,78282.64,1776836037000
1776836039.267,239.267,0.5,0.51,0.49,0.5,0.01,0.01,78282.64,1776836037000
1776836039.608,239.608,0.49,0.5,0.5,0.51,0.01,0.01,78278.52,1776836038000
1776836040.422,240.422,0.49,0.5,0.5,0.51,0.01,0.01,78271.52,1776836039000
1776836040.771,240.771,0.5,0.51,0.49,0.5,0.01,0.01,78271.52,1776836039000
1776836041.211,241.211,0.5,0.51,0.49,0.5,0.01,0.01,78269.77,1776836040000
1776836041.842,241.842,0.52,0.53,0.47,0.48,0.01,0.01,78269.77,1776836040000
1776836042.225,242.225,0.52,0.53,0.47,0.48,0.01,0.01,78269.77,1776836040000
1776836042.916,242.916,0.52,0.53,0.47,0.48,0.01,0.01,78270.29,1776836041000
1776836043.251,243.251,0.52,0.57,0.43,0.48,0.05,0.05,78273.67,1776836042000
1776836043.629,243.629,0.54,0.55,0.44,0.46,0.01,0.02,78273.67,1776836042000
1776836044.156,244.156,0.5,0.51,0.49,0.5,0.01,0.01,78273.67,1776836042000
1776836044.582,244.582,0.5,0.51,0.49,0.5,0.01,0.01,78275.95,1776836043000
1776836044.989,244.989,0.49,0.5,0.5,0.51,0.01,0.01,78274.27,1776836044000
1776836045.551,245.551,0.51,0.52,0.49,0.51,0.01,0.02,78274.27,1776836044000
1776836045.972,245.972,0.5,0.51,0.49,0.5,0.01,0.01,78274.27,1776836044000
1776836046.394,246.394,0.5,0.51,0.49,0.5,0.01,0.01,78271.02,1776836045000
1776836046.914,246.914,0.5,0.51,0.49,0.5,0.01,0.01,78271.02,1776836045000
1776836047.295,247.295,0.5,0.52,0.48,0.5,0.02,0.02,78271.33,1776836046000
1776836047.719,247.719,0.5,0.51,0.48,0.5,0.01,0.02,78271.33,1776836046000
1776836048.139,248.139,0.5,0.51,0.49,0.5,0.01,0.01,78271.33,1776836046000
1776836048.536,248.536,0.5,0.51,0.49,0.5,0.01,0.01,78269.96,1776836047000
1776836048.873,248.873,0.48,0.49,0.51,0.52,0.01,0.01,78269.96,1776836047000
1776836049.592,249.592,0.48,0.49,0.51,0.52,0.01,0.01,78268.19,1776836048000
1776836050.311,250.311,0.48,0.49,0.51,0.52,0.01,0.01,78265.29,1776836049000
1776836050.977,250.977,0.48,0.49,0.51,0.52,0.01,0.01,78261.51,1776836050000
1776836051.342,251.342,0.47,0.49,0.51,0.52,0.02,0.01,78261.51,1776836050000
1776836051.677,251.677,0.46,0.47,0.53,0.54,0.01,0.01,78261.51,1776836050000
1776836052.047,252.047,0.45,0.46,0.54,0.55,0.01,0.01,78262.34,1776836051000
1776836052.581,252.581,0.45,0.46,0.54,0.55,0.01,0.01,78262.34,1776836051000
1776836053.067,253.067,0.46,0.48,0.52,0.54,0.02,0.02,78262.34,1776836051000
1776836053.403,253.403,0.46,0.47,0.53,0.54,0.01,0.01,78263.8,1776836052000
1776836053.782,253.782,0.46,0.48,0.53,0.54,0.02,0.01,78263.8,1776836052000
1776836054.161,254.161,0.46,0.47,0.53,0.54,0.01,0.01,78263.8,1776836052000
1776836054.789,254.789,0.46,0.47,0.53,0.54,0.01,0.01,78263.91,1776836053000
1776836055.189,255.189,0.45,0.47,0.53,0.54,0.02,0.01,78263.91,1776836053000
1776836055.525,255.525,0.45,0.47,0.53,0.55,0.02,0.02,78262.8,1776836054000
1776836055.95,255.95,0.46,0.47,0.53,0.54,0.01,0.01,78262.8,1776836054000
1776836057.182,257.182,0.46,0.47,0.53,0.54,0.01,0.01,78263.97,1776836056000
1776836058.333,258.333,0.46,0.47,0.53,0.54,0.01,0.01,78264.91,1776836057000
1776836059.195,259.195,0.46,0.48,0.53,0.54,0.02,0.01,78264.91,1776836057000
1776836059.694,259.694,0.48,0.53,0.49,0.54,0.05,0.05,78264.86,1776836058000
1776836060.092,260.092,0.46,0.47,0.53,0.54,0.01,0.01,78264.86,1776836059000
1776836060.535,260.535,0.5,0.52,0.48,0.49,0.02,0.01,78264.86,1776836059000
1776836060.955,260.955,0.51,0.52,0.48,0.49,0.01,0.01,78264.86,1776836059000
1776836061.389,261.389,0.51,0.52,0.48,0.49,0.01,0.01,78267.86,1776836060000
1776836061.735,261.735,0.55,0.66,0.34,0.45,0.11,0.11,78267.86,1776836060000
1776836062.291,262.291,0.62,0.66,0.34,0.45,0.04,0.11,78267.86,1776836061000
1776836062.66,262.66,0.62,0.63,0.37,0.44,0.01,0.07,78267.86,1776836061000
1776836062.997,262.997,0.48,0.52,0.48,0.55,0.04,0.07,78267.86,1776836061000
1776836063.346,263.346,0.5,0.52,0.48,0.49,0.02,0.01,78274.01,1776836062000
1776836063.712,263.712,0.49,0.51,0.48,0.49,0.02,0.01,78274.01,1776836062000
1776836064.085,264.085,0.47,0.48,0.52,0.53,0.01,0.01,78274.01,1776836062000
1776836064.461,264.461,0.47,0.48,0.52,0.53,0.01,0.01,78264.71,1776836063000
1776836064.912,264.912,0.47,0.48,0.52,0.53,0.01,0.01,78264.71,1776836063000
1776836065.297,265.297,0.48,0.49,0.51,0.52,0.01,0.01,78263.69,1776836064000
1776836065.853,265.853,0.47,0.48,0.51,0.53,0.01,0.02,78263.69,1776836064000
1776836066.194,266.194,0.19,0.24,0.76,0.81,0.05,0.05,78263.69,1776836064000
1776836066.527,266.527,0.14,0.18,0.82,0.86,0.04,0.04,78263.69,1776836064000
1776836066.892,266.892,0.16,0.17,0.83,0.84,0.01,0.01,78263.69,1776836064000
1776836067.229,267.229,0.14,0.16,0.84,0.85,0.02,0.01,78262.09,1776836066000
1776836067.58,267.58,0.14,0.15,0.85,0.86,0.01,0.01,78262.09,1776836066000
1776836067.994,267.994,0.14,0.15,0.85,0.86,0.01,0.01,78262.09,1776836066000
1776836068.364,268.364,0.14,0.15,0.85,0.86,0.01,0.01,78230.55,1776836067000
1776836068.703,268.703,0.14,0.15,0.85,0.86,0.01,0.01,78230.55,1776836067000
1776836069.055,269.055,0.14,0.15,0.85,0.86,0.01,0.01,78219.97,1776836068000
1776836069.437,269.437,0.14,0.15,0.85,0.86,0.01,0.01,78219.97,1776836068000
1776836069.807,269.807,0.14,0.15,0.85,0.86,0.01,0.01,78219.97,1776836068000
1776836070.183,270.183,0.1,0.11,0.89,0.9,0.01,0.01,78221.9,1776836069000
1776836070.536,270.536,0.09,0.1,0.89,0.91,0.01,0.02,78221.9,1776836069000
1776836070.977,270.977,0.07,0.08,0.92,0.93,0.01,0.01,78221.9,1776836069000
1776836071.342,271.342,0.06,0.07,0.92,0.94,0.01,0.02,78220.9,1776836070000
1776836071.678,271.678,0.06,0.07,0.93,0.94,0.01,0.01,78220.9,1776836070000
1776836072.051,272.051,0.05,0.06,0.94,0.95,0.01,0.01,78220.9,1776836070000
1776836072.399,272.399,0.05,0.06,0.94,0.95,0.01,0.01,78220.9,1776836070000
1776836072.734,272.734,0.05,0.06,0.94,0.95,0.01,0.01,78212.89,1776836071000
1776836073.078,273.078,0.05,0.06,0.94,0.95,0.01,0.01,78207.39,1776836072000
1776836073.437,273.437,0.06,0.07,0.93,0.94,0.01,0.01,78207.39,1776836072000
1776836073.804,273.804,0.07,0.08,0.92,0.93,0.01,0.01,78207.39,1776836072000
1776836074.14,274.14,0.05,0.08,0.92,0.93,0.03,0.01,78207.39,1776836072000
1776836074.505,274.505,0.04,0.05,0.95,0.96,0.01,0.01,78205.86,1776836073000
1776836074.888,274.888,0.04,0.05,0.95,0.96,0.01,0.01,78205.86,1776836073000
1776836075.251,275.251,0.04,0.05,0.94,0.96,0.01,0.02,78205.86,1776836073000
1776836075.591,275.591,0.04,0.05,0.95,0.96,0.01,0.01,78205.86,1776836073000
1776836075.925,275.925,0.04,0.05,0.95,0.96,0.01,0.01,78209.22,1776836074000
1776836076.259,276.259,0.04,0.05,0.95,0.96,0.01,0.01,78207.44,1776836075000
1776836076.604,276.604,0.04,0.05,0.95,0.96,0.01,0.01,78207.44,1776836075000
1776836076.944,276.944,0.04,0.05,0.95,0.96,0.01,0.01,78207.44,1776836075000
1776836077.296,277.296,0.04,0.05,0.95,0.96,0.01,0.01,78207.44,1776836075000
1776836077.679,277.679,0.04,0.05,0.95,0.96,0.01,0.01,78207.44,1776836076000
1776836078.056,278.056,0.03,0.04,0.96,0.97,0.01,0.01,78207.44,1776836076000
1776836078.389,278.389,0.03,0.04,0.96,0.97,0.01,0.01,78207.44,1776836076000
1776836078.783,278.783,0.03,0.04,0.96,0.97,0.01,0.01,78203.99,1776836077000
1776836079.131,279.131,0.03,0.04,0.96,0.97,0.01,0.01,78203.99,1776836077000
1776836079.506,279.506,0.03,0.04,0.96,0.97,0.01,0.01,78203.23,1776836078000
1776836079.846,279.846,0.03,0.04,0.96,0.97,0.01,0.01,78203.23,1776836078000
1776836080.291,280.291,0.02,0.03,0.97,0.98,0.01,0.01,78197.85,1776836079000
1776836080.643,280.643,0.02,0.03,0.97,0.98,0.01,0.01,78197.85,1776836079000
1776836081.019,281.019,0.02,0.03,0.97,0.98,0.01,0.01,78197.85,1776836079000
1776836081.401,281.401,0.02,0.03,0.97,0.98,0.01,0.01,78187.01,1776836080000
1776836081.86,281.86,0.02,0.03,0.97,0.98,0.01,0.01,78187.01,1776836080000
1776836082.237,282.237,0.02,0.03,0.97,0.98,0.01,0.01,78187.01,1776836080000
1776836082.606,282.606,0.03,0.04,0.96,0.97,0.01,0.01,78187.01,1776836080000
1776836082.941,282.941,0.03,0.04,0.96,0.97,0.01,0.01,78187.01,1776836080000
1776836083.281,283.281,0.03,0.04,0.96,0.97,0.01,0.01,78189.81,1776836081000
1776836083.652,283.652,0.03,0.04,0.96,0.97,0.01,0.01,78189.81,1776836081000
1776836083.986,283.986,0.03,0.04,0.96,0.97,0.01,0.01,78192.66,1776836082000
1776836084.352,284.352,0.04,0.05,0.95,0.96,0.01,0.01,78191.84,1776836083000
1776836084.788,284.788,0.04,0.05,0.95,0.96,0.01,0.01,78191.84,1776836083000
1776836085.213,285.213,0.02,0.04,0.95,0.98,0.02,0.03,78191.84,1776836083000
1776836085.578,285.578,0.02,0.03,0.97,0.98,0.01,0.01,78194.38,1776836084000
1776836085.963,285.963,0.02,0.03,0.97,0.98,0.01,0.01,78201.53,1776836085000
1776836086.441,286.441,0.02,0.03,0.97,0.98,0.01,0.01,78201.53,1776836085000
1776836086.964,286.964,0.03,0.04,0.96,0.97,0.01,0.01,78201.53,1776836085000
1776836087.532,287.532,0.02,0.03,0.97,0.98,0.01,0.01,78207.36,1776836086000
1776836088.332,288.332,0.02,0.03,0.97,0.98,0.01,0.01,78208.62,1776836087000
1776836088.709,288.709,0.02,0.03,0.97,0.98,0.01,0.01,78208.62,1776836087000
1776836089.074,289.074,0.02,0.03,0.97,0.98,0.01,0.01,78208.62,1776836088000
1776836089.408,289.408,0.01,0.03,0.97,0.99,0.02,0.02,78208.62,1776836088000
1776836089.905,289.905,0.01,0.02,0.97,0.98,0.01,0.01,78208.62,1776836088000
1776836090.335,290.335,0.01,0.02,0.98,0.99,0.01,0.01,78208.6,1776836089000
1776836090.698,290.698,0.01,0.02,0.98,0.99,0.01,0.01,78208.6,1776836089000
1776836091.123,291.123,0.01,0.02,0.98,0.99,0.01,0.01,78208.6,1776836089000
1776836091.472,291.472,0.01,0.02,0.98,0.99,0.01,0.01,78208.85,1776836090000
1776836091.848,291.848,0.01,0.02,0.98,0.99,0.01,0.01,78208.85,1776836090000
1776836092.2,292.2,0.01,0.02,0.98,0.99,0.01,0.01,78207.17,1776836091000
1776836092.593,292.593,0.01,0.02,0.98,0.99,0.01,0.01,78207.17,1776836091000
1776836092.931,292.931,0.01,0.02,0.98,0.99,0.01,0.01,78207.17,1776836091000
1776836093.265,293.265,0.01,0.02,0.98,0.99,0.01,0.01,78204.74,1776836092000
1776836093.61,293.61,0.01,0.02,0.98,0.99,0.01,0.01,78204.74,1776836092000
1776836093.951,293.951,0.01,0.02,0.98,0.99,0.01,0.01,78204.74,1776836092000
1776836094.286,294.286,0.01,0.02,0.98,0.99,0.01,0.01,78204.74,1776836092000
1776836094.659,294.659,0.01,0.02,0.98,0.99,0.01,0.01,78194.47,1776836093000
1776836094.997,294.997,0.01,0.02,0.98,0.99,0.01,0.01,78194.47,1776836093000
1776836095.344,295.344,0.01,0.02,0.98,0.99,0.01,0.01,78193.28,1776836094000
1776836095.691,295.691,0.01,0.02,0.98,0.99,0.01,0.01,78193.28,1776836094000
1776836096.051,296.051,0.01,0.02,0.98,0.99,0.01,0.01,78193.28,1776836094000
1776836096.434,296.434,0.01,0.01,0.98,0.99,0.0,0.01,78192.59,1776836095000
1776836096.828,296.828,0.01,0.01,0.99,0.99,0.0,0.0,78192.59,1776836095000
1776836097.259,297.259,0.01,0.01,0.99,0.99,0.0,0.0,78192.59,1776836095000
1776836098.491,298.491,0.01,0.01,0.99,0.99,0.0,0.0,78200.66,1776836097000
1776836098.882,298.882,0.01,0.01,0.99,0.99,0.0,0.0,78200.66,1776836097000
1776836099.782,299.782,0.01,0.01,0.99,0.99,0.0,0.0,78199.17,1776836098000
1776836100.199,300.199,0.01,0.01,0.99,0.99,0.0,0.0,78195.4,1776836099000
1776836100.719,300.719,0.01,0.01,0.99,0.99,0.0,0.0,78195.4,1776836099000

# RESULT,winner=Down,slug=btc-updown-5m-1776835800,ticks=672
