timestamp,elapsed_sec,up_bid,up_ask,down_bid,down_ask,up_spread,down_spread,btc_price,btc_oracle_ts
1776753000.516,0.516,0.52,0.53,0.47,0.48,0.01,0.01,75785.08,1776752999000
1776753000.948,0.948,0.62,0.63,0.38,0.39,0.01,0.01,75785.08,1776752999000
1776753001.291,1.291,0.62,0.63,0.37,0.38,0.01,0.01,75785.08,1776752999000
1776753001.851,1.851,0.62,0.63,0.37,0.38,0.01,0.01,75785.09,1776753000000
1776753002.243,2.243,0.62,0.64,0.36,0.38,0.02,0.02,75785.09,1776753001000
1776753002.872,2.872,0.62,0.65,0.36,0.38,0.03,0.02,75785.09,1776753001000
1776753003.223,3.223,0.62,0.65,0.35,0.38,0.03,0.03,75785.09,1776753001000
1776753004.032,4.032,0.64,0.67,0.33,0.38,0.03,0.05,75792.14,1776753002000
1776753004.408,4.408,0.62,0.63,0.37,0.38,0.01,0.01,75792.14,1776753002000
1776753004.743,4.743,0.57,0.64,0.36,0.43,0.07,0.07,75795.13,1776753003000
1776753005.189,5.189,0.55,0.56,0.44,0.45,0.01,0.01,75792.41,1776753004000
1776753005.624,5.624,0.55,0.57,0.44,0.45,0.02,0.01,75792.41,1776753004000
1776753005.968,5.968,0.55,0.56,0.44,0.45,0.01,0.01,75792.41,1776753004000
1776753006.326,6.326,0.49,0.5,0.48,0.52,0.01,0.04,75792.25,1776753005000
1776753006.73,6.73,0.48,0.49,0.51,0.52,0.01,0.01,75792.25,1776753005000
1776753007.084,7.084,0.48,0.49,0.51,0.52,0.01,0.01,75792.25,1776753005000
1776753007.512,7.512,0.48,0.49,0.51,0.52,0.01,0.01,75790.38,1776753006000
1776753008.206,8.206,0.48,0.49,0.51,0.52,0.01,0.01,75790.38,1776753006000
1776753008.973,8.973,0.48,0.49,0.51,0.52,0.01,0.01,75785.85,1776753007000
1776753009.412,9.412,0.48,0.49,0.51,0.52,0.01,0.01,75784.85,1776753008000
1776753010.155,10.155,0.48,0.49,0.51,0.52,0.01,0.01,75784.85,1776753008000
1776753010.507,10.507,0.48,0.49,0.51,0.52,0.01,0.01,75784.86,1776753009000
1776753010.938,10.938,0.48,0.49,0.51,0.52,0.01,0.01,75784.86,1776753009000
1776753012.001,12.001,0.48,0.49,0.51,0.52,0.01,0.01,75784.81,1776753011000
1776753012.44,12.44,0.48,0.49,0.51,0.52,0.01,0.01,75784.81,1776753011000
1776753012.997,12.997,0.48,0.49,0.51,0.52,0.01,0.01,75784.81,1776753011000
1776753014.004,14.004,0.48,0.49,0.51,0.52,0.01,0.01,75784.83,1776753012000
1776753014.621,14.621,0.48,0.49,0.51,0.52,0.01,0.01,75784.64,1776753013000
1776753015.029,15.029,0.48,0.49,0.51,0.52,0.01,0.01,75784.22,1776753014000
1776753015.587,15.587,0.48,0.49,0.51,0.52,0.01,0.01,75784.22,1776753014000
1776753016.007,16.007,0.48,0.49,0.51,0.52,0.01,0.01,75784.19,1776753015000
1776753016.417,16.417,0.48,0.49,0.51,0.52,0.01,0.01,75784.19,1776753015000
1776753017.028,17.028,0.47,0.49,0.51,0.53,0.02,0.02,75784.27,1776753016000
1776753017.811,17.811,0.47,0.48,0.52,0.53,0.01,0.01,75784.27,1776753016000
1776753018.18,18.18,0.52,0.55,0.45,0.48,0.03,0.03,75784.16,1776753017000
1776753018.545,18.545,0.54,0.55,0.44,0.47,0.01,0.03,75784.16,1776753017000
1776753018.916,18.916,0.54,0.55,0.45,0.46,0.01,0.01,75784.16,1776753017000
1776753019.278,19.278,0.58,0.59,0.41,0.44,0.01,0.03,75784.15,1776753018000
1776753019.673,19.673,0.59,0.6,0.4,0.41,0.01,0.01,75784.15,1776753018000
1776753020.041,20.041,0.59,0.6,0.4,0.41,0.01,0.01,75784.16,1776753019000
1776753020.374,20.374,0.59,0.6,0.4,0.41,0.01,0.01,75784.16,1776753019000
1776753020.887,20.887,0.6,0.61,0.4,0.41,0.01,0.01,75784.16,1776753019000
1776753021.262,21.262,0.6,0.61,0.39,0.4,0.01,0.01,75788.06,1776753020000
1776753021.912,21.912,0.6,0.61,0.39,0.4,0.01,0.01,75788.06,1776753020000
1776753022.25,22.25,0.6,0.61,0.39,0.4,0.01,0.01,75789.85,1776753021000
1776753022.719,22.719,0.6,0.61,0.39,0.4,0.01,0.01,75789.85,1776753021000
1776753023.127,23.127,0.6,0.61,0.39,0.4,0.01,0.01,75794.85,1776753022000
1776753023.509,23.509,0.6,0.61,0.39,0.4,0.01,0.01,75794.85,1776753022000
1776753023.869,23.869,0.6,0.61,0.39,0.4,0.01,0.01,75794.85,1776753022000
1776753024.241,24.241,0.6,0.61,0.39,0.4,0.01,0.01,75790.84,1776753023000
1776753024.623,24.623,0.6,0.61,0.39,0.4,0.01,0.01,75790.84,1776753023000
1776753025.107,25.107,0.6,0.61,0.39,0.4,0.01,0.01,75790.84,1776753023000
1776753025.876,25.876,0.6,0.61,0.39,0.4,0.01,0.01,75790.79,1776753024000
1776753026.386,26.386,0.6,0.61,0.39,0.4,0.01,0.01,75790.79,1776753024000
1776753026.793,26.793,0.6,0.61,0.39,0.4,0.01,0.01,75790.87,1776753025000
1776753027.375,27.375,0.6,0.61,0.39,0.4,0.01,0.01,75790.87,1776753025000
1776753027.769,27.769,0.61,0.62,0.38,0.39,0.01,0.01,75790.85,1776753026000
1776753028.302,28.302,0.62,0.63,0.37,0.39,0.01,0.02,75790.85,1776753026000
1776753028.648,28.648,0.67,0.69,0.32,0.33,0.02,0.01,75790.85,1776753026000
1776753029.002,29.002,0.69,0.7,0.3,0.31,0.01,0.01,75790.85,1776753027000
1776753029.343,29.343,0.7,0.71,0.29,0.3,0.01,0.01,75790.85,1776753027000
1776753029.705,29.705,0.7,0.71,0.28,0.3,0.01,0.02,75790.85,1776753028000
1776753030.09,30.09,0.7,0.71,0.29,0.3,0.01,0.01,75790.85,1776753028000
1776753030.486,30.486,0.7,0.71,0.29,0.3,0.01,0.01,75792.18,1776753029000
1776753030.826,30.826,0.76,0.8,0.2,0.24,0.04,0.04,75792.18,1776753029000
1776753031.264,31.264,0.8,0.81,0.19,0.21,0.01,0.02,75792.18,1776753029000
1776753031.599,31.599,0.8,0.82,0.18,0.2,0.02,0.02,75792.18,1776753029000
1776753031.945,31.945,0.82,0.83,0.17,0.18,0.01,0.01,75799.19,1776753030000
1776753032.293,32.293,0.82,0.83,0.17,0.18,0.01,0.01,75799.19,1776753030000
1776753032.644,32.644,0.82,0.83,0.17,0.18,0.01,0.01,75799.19,1776753030000
1776753032.991,32.991,0.81,0.82,0.18,0.19,0.01,0.01,75812.88,1776753031000
1776753033.353,33.353,0.81,0.82,0.18,0.19,0.01,0.01,75815.19,1776753032000
1776753033.686,33.686,0.81,0.82,0.18,0.19,0.01,0.01,75815.19,1776753032000
1776753034.039,34.039,0.81,0.82,0.18,0.19,0.01,0.01,75815.19,1776753032000
1776753034.374,34.374,0.81,0.82,0.18,0.19,0.01,0.01,75815.19,1776753032000
1776753034.763,34.763,0.81,0.82,0.18,0.19,0.01,0.01,75817.85,1776753033000
1776753035.132,35.132,0.81,0.82,0.18,0.19,0.01,0.01,75817.85,1776753033000
1776753035.485,35.485,0.83,0.84,0.16,0.17,0.01,0.01,75820.06,1776753034000
1776753035.897,35.897,0.86,0.87,0.13,0.14,0.01,0.01,75820.06,1776753034000
1776753036.238,36.238,0.86,0.87,0.13,0.14,0.01,0.01,75820.06,1776753034000
1776753036.592,36.592,0.87,0.88,0.12,0.13,0.01,0.01,75820.06,1776753034000
1776753036.94,36.94,0.87,0.88,0.12,0.13,0.01,0.01,75821.08,1776753035000
1776753037.3,37.3,0.87,0.88,0.12,0.13,0.01,0.01,75821.08,1776753035000
1776753037.687,37.687,0.87,0.88,0.12,0.13,0.01,0.01,75828.66,1776753036000
1776753038.202,38.202,0.87,0.88,0.12,0.13,0.01,0.01,75828.66,1776753036000
1776753038.681,38.681,0.85,0.87,0.13,0.14,0.02,0.01,75829.66,1776753037000
1776753039.082,39.082,0.85,0.86,0.14,0.15,0.01,0.01,75829.66,1776753037000
1776753039.431,39.431,0.85,0.86,0.14,0.15,0.01,0.01,75832.06,1776753038000
1776753039.793,39.793,0.85,0.86,0.14,0.15,0.01,0.01,75832.06,1776753038000
1776753040.207,40.207,0.85,0.86,0.14,0.15,0.01,0.01,75832.06,1776753038000
1776753040.703,40.703,0.85,0.86,0.14,0.15,0.01,0.01,75831.07,1776753039000
1776753041.215,41.215,0.85,0.86,0.14,0.15,0.01,0.01,75831.07,1776753039000
1776753041.857,41.857,0.85,0.86,0.14,0.15,0.01,0.01,75829.13,1776753040000
1776753042.271,42.271,0.85,0.86,0.14,0.15,0.01,0.01,75829.13,1776753040000
1776753042.863,42.863,0.85,0.86,0.14,0.15,0.01,0.01,75829.13,1776753040000
1776753043.196,43.196,0.85,0.86,0.14,0.15,0.01,0.01,75829.13,1776753040000
1776753043.744,43.744,0.84,0.85,0.14,0.16,0.01,0.02,75828.77,1776753041000
1776753044.135,44.135,0.84,0.85,0.15,0.16,0.01,0.01,75829.37,1776753043000
1776753044.607,44.607,0.84,0.85,0.15,0.16,0.01,0.01,75829.37,1776753043000
1776753045.037,45.037,0.84,0.85,0.15,0.16,0.01,0.01,75829.37,1776753043000
1776753045.373,45.373,0.83,0.84,0.15,0.16,0.01,0.01,75829.17,1776753044000
1776753045.706,45.706,0.83,0.84,0.16,0.17,0.01,0.01,75829.17,1776753044000
1776753046.102,46.102,0.83,0.84,0.16,0.17,0.01,0.01,75829.17,1776753044000
1776753046.447,46.447,0.83,0.84,0.16,0.17,0.01,0.01,75829.17,1776753044000
1776753046.816,46.816,0.82,0.83,0.17,0.18,0.01,0.01,75829.19,1776753045000
1776753047.188,47.188,0.82,0.83,0.17,0.18,0.01,0.01,75829.19,1776753045000
1776753047.63,47.63,0.82,0.83,0.17,0.18,0.01,0.01,75828.95,1776753046000
1776753048.035,48.035,0.82,0.83,0.17,0.18,0.01,0.01,75828.95,1776753046000
1776753048.384,48.384,0.81,0.83,0.17,0.19,0.02,0.02,75828.95,1776753046000
1776753048.784,48.784,0.81,0.82,0.18,0.19,0.01,0.01,75828.95,1776753047000
1776753049.147,49.147,0.81,0.82,0.18,0.19,0.01,0.01,75828.95,1776753048000
1776753049.501,49.501,0.8,0.82,0.18,0.19,0.02,0.01,75828.95,1776753048000
1776753049.936,49.936,0.8,0.81,0.18,0.2,0.01,0.02,75828.95,1776753048000
1776753050.288,50.288,0.8,0.81,0.19,0.2,0.01,0.01,75828.95,1776753049000
1776753050.895,50.895,0.8,0.81,0.19,0.2,0.01,0.01,75828.95,1776753049000
1776753051.294,51.294,0.8,0.81,0.19,0.2,0.01,0.01,75829.08,1776753050000
1776753051.742,51.742,0.8,0.81,0.19,0.2,0.01,0.01,75829.08,1776753050000
1776753052.524,52.524,0.8,0.81,0.19,0.2,0.01,0.01,75829.09,1776753051000
1776753052.953,52.953,0.8,0.81,0.19,0.2,0.01,0.01,75829.09,1776753051000
1776753053.541,53.541,0.81,0.82,0.19,0.2,0.01,0.01,75829.09,1776753051000
1776753054.095,54.095,0.81,0.82,0.18,0.19,0.01,0.01,75829.11,1776753052000
1776753054.816,54.816,0.81,0.82,0.18,0.19,0.01,0.01,75829.23,1776753053000
1776753055.185,55.185,0.81,0.82,0.18,0.19,0.01,0.01,75829.19,1776753054000
1776753055.539,55.539,0.81,0.82,0.18,0.19,0.01,0.01,75829.19,1776753054000
1776753055.902,55.902,0.81,0.83,0.17,0.19,0.02,0.02,75829.19,1776753054000
1776753056.237,56.237,0.81,0.82,0.18,0.19,0.01,0.01,75829.19,1776753054000
1776753056.788,56.788,0.82,0.83,0.17,0.18,0.01,0.01,75829.29,1776753055000
1776753057.186,57.186,0.82,0.83,0.17,0.19,0.01,0.02,75829.29,1776753055000
1776753057.577,57.577,0.82,0.83,0.17,0.18,0.01,0.01,75829.29,1776753056000
1776753057.937,57.937,0.81,0.82,0.18,0.19,0.01,0.01,75829.29,1776753057000
1776753058.328,58.328,0.8,0.81,0.19,0.2,0.01,0.01,75829.29,1776753057000
1776753058.698,58.698,0.8,0.81,0.19,0.2,0.01,0.01,75829.29,1776753057000
1776753059.107,59.107,0.8,0.81,0.19,0.2,0.01,0.01,75829.29,1776753057000
1776753059.481,59.481,0.79,0.8,0.2,0.21,0.01,0.01,75829.29,1776753058000
1776753059.944,59.944,0.79,0.8,0.2,0.21,0.01,0.01,75829.29,1776753058000
1776753060.405,60.405,0.8,0.81,0.19,0.2,0.01,0.01,75829.29,1776753058000
1776753060.752,60.752,0.8,0.81,0.19,0.2,0.01,0.01,75829.29,1776753058000
1776753061.294,61.294,0.82,0.83,0.17,0.2,0.01,0.03,75829.05,1776753059000
1776753061.637,61.637,0.81,0.82,0.17,0.19,0.01,0.02,75829.05,1776753059000
1776753061.984,61.984,0.81,0.82,0.18,0.19,0.01,0.01,75829.13,1776753060000
1776753062.611,62.611,0.8,0.81,0.19,0.2,0.01,0.01,75829.08,1776753061000
1776753062.957,62.957,0.8,0.81,0.19,0.2,0.01,0.01,75829.08,1776753061000
1776753063.357,63.357,0.8,0.81,0.19,0.2,0.01,0.01,75829.08,1776753061000
1776753063.741,63.741,0.81,0.82,0.18,0.19,0.01,0.01,75829.07,1776753062000
1776753064.089,64.089,0.81,0.82,0.18,0.19,0.01,0.01,75829.07,1776753062000
1776753064.517,64.517,0.81,0.82,0.18,0.19,0.01,0.01,75828.97,1776753063000
1776753064.974,64.974,0.82,0.83,0.17,0.19,0.01,0.02,75828.97,1776753063000
1776753065.388,65.388,0.82,0.83,0.17,0.18,0.01,0.01,75828.97,1776753063000
1776753065.771,65.771,0.81,0.83,0.17,0.19,0.02,0.02,75829.6,1776753064000
1776753066.116,66.116,0.82,0.83,0.17,0.18,0.01,0.01,75829.6,1776753064000
1776753066.449,66.449,0.82,0.85,0.15,0.18,0.03,0.03,75829.88,1776753065000
1776753066.84,66.84,0.85,0.86,0.14,0.15,0.01,0.01,75829.88,1776753065000
1776753067.193,67.193,0.85,0.86,0.14,0.15,0.01,0.01,75829.88,1776753065000
1776753067.593,67.593,0.86,0.88,0.13,0.15,0.02,0.02,75829.88,1776753065000
1776753067.963,67.963,0.88,0.9,0.11,0.12,0.02,0.01,75829.88,1776753066000
1776753068.36,68.36,0.89,0.9,0.1,0.11,0.01,0.01,75829.88,1776753066000
1776753068.716,68.716,0.89,0.9,0.1,0.11,0.01,0.01,75831.81,1776753067000
1776753069.126,69.126,0.91,0.92,0.08,0.09,0.01,0.01,75837.33,1776753068000
1776753069.556,69.556,0.9,0.92,0.08,0.09,0.02,0.01,75837.33,1776753068000
1776753069.948,69.948,0.89,0.9,0.1,0.11,0.01,0.01,75837.33,1776753068000
1776753070.309,70.309,0.9,0.91,0.09,0.11,0.01,0.02,75837.33,1776753068000
1776753070.701,70.701,0.9,0.91,0.09,0.11,0.01,0.02,75837.33,1776753068000
1776753071.179,71.179,0.89,0.9,0.1,0.11,0.01,0.01,75852.45,1776753069000
1776753071.532,71.532,0.89,0.9,0.1,0.11,0.01,0.01,75855.1,1776753070000
1776753071.865,71.865,0.88,0.89,0.11,0.12,0.01,0.01,75855.1,1776753070000
1776753072.364,72.364,0.88,0.89,0.11,0.12,0.01,0.01,75855.1,1776753070000
1776753072.707,72.707,0.88,0.89,0.11,0.12,0.01,0.01,75855.1,1776753070000
1776753073.182,73.182,0.89,0.9,0.1,0.11,0.01,0.01,75856.26,1776753071000
1776753073.576,73.576,0.89,0.9,0.1,0.11,0.01,0.01,75856.26,1776753071000
1776753073.91,73.91,0.89,0.9,0.1,0.11,0.01,0.01,75854.44,1776753072000
1776753074.31,74.31,0.89,0.9,0.1,0.11,0.01,0.01,75854.44,1776753072000
1776753074.793,74.793,0.9,0.91,0.09,0.11,0.01,0.02,75854.44,1776753072000
1776753075.207,75.207,0.91,0.92,0.08,0.1,0.01,0.02,75854.44,1776753072000
1776753075.541,75.541,0.91,0.92,0.08,0.09,0.01,0.01,75854.44,1776753072000
1776753075.993,75.993,0.91,0.92,0.08,0.09,0.01,0.01,75851.47,1776753073000
1776753076.394,76.394,0.91,0.92,0.08,0.09,0.01,0.01,75851.73,1776753074000
1776753076.741,76.741,0.91,0.92,0.08,0.09,0.01,0.01,75851.73,1776753074000
1776753077.12,77.12,0.91,0.92,0.08,0.09,0.01,0.01,75851.96,1776753075000
1776753077.454,77.454,0.91,0.92,0.08,0.09,0.01,0.01,75851.96,1776753075000
1776753077.887,77.887,0.91,0.92,0.08,0.09,0.01,0.01,75851.96,1776753075000
1776753078.31,78.31,0.91,0.94,0.06,0.09,0.03,0.03,75851.96,1776753075000
1776753078.691,78.691,0.91,0.92,0.06,0.09,0.01,0.03,75862.9,1776753076000
1776753079.035,79.035,0.92,0.93,0.06,0.09,0.01,0.03,75868.11,1776753077000
1776753079.457,79.457,0.92,0.93,0.07,0.08,0.01,0.01,75875.29,1776753078000
1776753079.827,79.827,0.92,0.94,0.07,0.08,0.02,0.01,75875.29,1776753078000
1776753080.161,80.161,0.93,0.94,0.06,0.07,0.01,0.01,75875.29,1776753078000
1776753080.532,80.532,0.93,0.94,0.06,0.07,0.01,0.01,75876.97,1776753079000
1776753080.962,80.962,0.93,0.94,0.06,0.07,0.01,0.01,75876.97,1776753079000
1776753081.326,81.326,0.93,0.94,0.06,0.07,0.01,0.01,75876.97,1776753079000
1776753081.662,81.662,0.93,0.94,0.06,0.07,0.01,0.01,75877.79,1776753080000
1776753082.0,82.0,0.93,0.94,0.06,0.07,0.01,0.01,75877.79,1776753080000
1776753082.352,82.352,0.94,0.95,0.05,0.07,0.01,0.02,75877.79,1776753081000
1776753082.723,82.723,0.94,0.95,0.05,0.06,0.01,0.01,75877.79,1776753081000
1776753083.104,83.104,0.93,0.94,0.06,0.07,0.01,0.01,75878.17,1776753082000
1776753083.5,83.5,0.93,0.94,0.06,0.07,0.01,0.01,75878.17,1776753082000
1776753084.184,84.184,0.93,0.94,0.06,0.07,0.01,0.01,75876.93,1776753083000
1776753084.556,84.556,0.93,0.94,0.06,0.07,0.01,0.01,75876.93,1776753083000
1776753084.933,84.933,0.93,0.94,0.06,0.07,0.01,0.01,75876.93,1776753083000
1776753085.354,85.354,0.93,0.94,0.06,0.07,0.01,0.01,75877.5,1776753084000
1776753085.952,85.952,0.93,0.94,0.06,0.07,0.01,0.01,75877.62,1776753085000
1776753086.688,86.688,0.93,0.94,0.06,0.07,0.01,0.01,75877.62,1776753085000
1776753087.142,87.142,0.92,0.94,0.06,0.08,0.02,0.02,75877.61,1776753086000
1776753087.851,87.851,0.92,0.93,0.07,0.08,0.01,0.01,75877.61,1776753086000
1776753088.217,88.217,0.92,0.93,0.07,0.08,0.01,0.01,75874.61,1776753087000
1776753088.927,88.927,0.92,0.93,0.07,0.08,0.01,0.01,75874.61,1776753087000
1776753089.553,89.553,0.92,0.93,0.07,0.08,0.01,0.01,75874.61,1776753087000
1776753089.985,89.985,0.92,0.93,0.07,0.08,0.01,0.01,75874.76,1776753089000
1776753090.333,90.333,0.92,0.93,0.07,0.08,0.01,0.01,75874.76,1776753089000
1776753090.672,90.672,0.92,0.93,0.07,0.08,0.01,0.01,75874.76,1776753089000
1776753091.019,91.019,0.92,0.93,0.07,0.08,0.01,0.01,75874.76,1776753089000
1776753091.357,91.357,0.93,0.94,0.06,0.07,0.01,0.01,75874.77,1776753090000
1776753091.821,91.821,0.93,0.94,0.06,0.07,0.01,0.01,75874.77,1776753090000
1776753092.223,92.223,0.93,0.94,0.06,0.07,0.01,0.01,75874.77,1776753090000
1776753092.614,92.614,0.93,0.94,0.06,0.07,0.01,0.01,75874.77,1776753090000
1776753093.052,93.052,0.93,0.94,0.06,0.07,0.01,0.01,75876.06,1776753091000
1776753093.424,93.424,0.93,0.94,0.06,0.07,0.01,0.01,75876.06,1776753092000
1776753094.13,94.13,0.93,0.94,0.06,0.07,0.01,0.01,75876.06,1776753092000
1776753094.568,94.568,0.93,0.94,0.06,0.07,0.01,0.01,75876.45,1776753093000
1776753094.906,94.906,0.93,0.94,0.06,0.07,0.01,0.01,75876.01,1776753094000
1776753095.542,95.542,0.93,0.94,0.06,0.07,0.01,0.01,75876.01,1776753094000
1776753095.895,95.895,0.94,0.95,0.05,0.06,0.01,0.01,75876.01,1776753094000
1776753096.894,96.894,0.94,0.95,0.05,0.06,0.01,0.01,75876.11,1776753096000
1776753097.243,97.243,0.95,0.96,0.04,0.05,0.01,0.01,75876.11,1776753096000
1776753097.584,97.584,0.95,0.96,0.04,0.05,0.01,0.01,75876.11,1776753096000
1776753097.959,97.959,0.96,0.97,0.03,0.04,0.01,0.01,75876.11,1776753096000
1776753098.296,98.296,0.96,0.97,0.03,0.04,0.01,0.01,75876.11,1776753097000
1776753098.673,98.673,0.96,0.97,0.03,0.04,0.01,0.01,75876.11,1776753097000
1776753099.012,99.012,0.96,0.97,0.03,0.04,0.01,0.01,75900.29,1776753098000
1776753099.388,99.388,0.96,0.97,0.03,0.04,0.01,0.01,75900.29,1776753098000
1776753099.78,99.78,0.96,0.97,0.03,0.04,0.01,0.01,75900.29,1776753098000
1776753100.216,100.216,0.96,0.97,0.03,0.04,0.01,0.01,75909.78,1776753099000
1776753100.779,100.779,0.96,0.97,0.03,0.04,0.01,0.01,75909.78,1776753099000
1776753101.187,101.187,0.97,0.98,0.02,0.03,0.01,0.01,75912.6,1776753100000
1776753101.604,101.604,0.97,0.98,0.02,0.03,0.01,0.01,75912.6,1776753100000
1776753101.967,101.967,0.97,0.98,0.02,0.03,0.01,0.01,75912.6,1776753100000
1776753102.369,102.369,0.97,0.98,0.02,0.03,0.01,0.01,75912.6,1776753100000
1776753102.704,102.704,0.97,0.98,0.02,0.03,0.01,0.01,75928.93,1776753101000
1776753103.291,103.291,0.96,0.97,0.02,0.03,0.01,0.01,75928.93,1776753101000
1776753103.69,103.69,0.96,0.97,0.03,0.04,0.01,0.01,75935.28,1776753102000
1776753104.079,104.079,0.96,0.97,0.03,0.04,0.01,0.01,75935.28,1776753102000
1776753104.524,104.524,0.97,0.98,0.02,0.03,0.01,0.01,75935.46,1776753103000
1776753105.224,105.224,0.97,0.98,0.02,0.03,0.01,0.01,75935.31,1776753104000
1776753105.665,105.665,0.97,0.98,0.02,0.03,0.01,0.01,75935.31,1776753104000
1776753106.004,106.004,0.97,0.98,0.02,0.03,0.01,0.01,75935.31,1776753104000
1776753106.47,106.47,0.97,0.98,0.02,0.03,0.01,0.01,75936.65,1776753105000
1776753107.351,107.351,0.97,0.98,0.02,0.03,0.01,0.01,75936.65,1776753106000
1776753108.08,108.08,0.98,0.99,0.01,0.02,0.01,0.01,75936.65,1776753107000
1776753108.499,108.499,0.97,0.98,0.01,0.03,0.01,0.02,75936.65,1776753107000
1776753109.04,109.04,0.98,0.99,0.01,0.02,0.01,0.01,75936.65,1776753108000
1776753109.454,109.454,0.98,0.99,0.01,0.02,0.01,0.01,75936.65,1776753108000
1776753109.838,109.838,0.98,0.99,0.01,0.02,0.01,0.01,75936.65,1776753108000
1776753110.289,110.289,0.98,0.99,0.01,0.02,0.01,0.01,75936.67,1776753109000
1776753110.648,110.648,0.98,0.99,0.01,0.02,0.01,0.01,75936.67,1776753109000
1776753111.076,111.076,0.98,0.99,0.01,0.02,0.01,0.01,75938.18,1776753110000
1776753111.499,111.499,0.98,0.99,0.01,0.02,0.01,0.01,75938.18,1776753110000
1776753111.968,111.968,0.98,0.99,0.01,0.02,0.01,0.01,75938.18,1776753110000
1776753112.367,112.367,0.98,0.99,0.01,0.02,0.01,0.01,75940.94,1776753111000
1776753112.892,112.892,0.98,0.99,0.01,0.02,0.01,0.01,75940.94,1776753111000
1776753113.511,113.511,0.98,0.99,0.01,0.02,0.01,0.01,75957.28,1776753112000
1776753114.04,114.04,0.98,0.99,0.01,0.02,0.01,0.01,75957.28,1776753112000
1776753115.101,115.101,0.98,0.99,0.01,0.02,0.01,0.01,75958.85,1776753114000
1776753115.483,115.483,0.98,0.99,0.01,0.02,0.01,0.01,75958.85,1776753114000
1776753116.02,116.02,0.98,0.99,0.01,0.02,0.01,0.01,75958.85,1776753114000
1776753116.532,116.532,0.97,0.99,0.01,0.02,0.02,0.01,75959.28,1776753115000
1776753116.968,116.968,0.97,0.98,0.01,0.03,0.01,0.02,75959.28,1776753115000
1776753117.411,117.411,0.98,0.99,0.01,0.03,0.01,0.02,75958.6,1776753116000
1776753118.337,118.337,0.98,0.99,0.01,0.02,0.01,0.01,75958.56,1776753117000
1776753118.682,118.682,0.98,0.99,0.01,0.02,0.01,0.01,75958.56,1776753117000
1776753119.02,119.02,0.98,0.99,0.01,0.02,0.01,0.01,75958.56,1776753117000
1776753120.078,120.078,0.98,0.99,0.01,0.02,0.01,0.01,75958.85,1776753118000
1776753120.44,120.44,0.98,0.99,0.01,0.02,0.01,0.01,75958.85,1776753118000
1776753120.795,120.795,0.98,0.99,0.01,0.02,0.01,0.01,75958.75,1776753119000
1776753121.43,121.43,0.98,0.99,0.01,0.02,0.01,0.01,75958.75,1776753119000
1776753122.009,122.009,0.99,0.99,0.01,0.01,0.0,0.0,75957.55,1776753120000
1776753122.638,122.638,0.99,0.99,0.01,0.01,0.0,0.0,75957.53,1776753121000
1776753123.08,123.08,0.99,0.99,0.01,0.01,0.0,0.0,75957.53,1776753121000
1776753123.461,123.461,0.99,0.99,0.01,0.01,0.0,0.0,75956.24,1776753122000
1776753123.809,123.809,0.99,0.99,0.01,0.01,0.0,0.0,75956.24,1776753122000
1776753124.202,124.202,0.99,0.99,0.01,0.01,0.0,0.0,75956.24,1776753122000
1776753124.947,124.947,0.99,0.99,0.01,0.01,0.0,0.0,75956.82,1776753123000
1776753125.399,125.399,0.98,0.99,0.01,0.01,0.01,0.0,75956.82,1776753123000
1776753126.167,126.167,0.98,0.99,0.01,0.02,0.01,0.01,75958.88,1776753124000
1776753126.536,126.536,0.98,0.99,0.01,0.02,0.01,0.01,75960.3,1776753125000
1776753126.87,126.87,0.98,0.99,0.01,0.02,0.01,0.01,75960.3,1776753125000
1776753127.206,127.206,0.98,0.99,0.01,0.02,0.01,0.01,75960.3,1776753125000
1776753127.769,127.769,0.98,0.99,0.01,0.02,0.01,0.01,75959.62,1776753126000
1776753128.138,128.138,0.98,0.99,0.01,0.02,0.01,0.01,75959.62,1776753126000
1776753128.528,128.528,0.98,0.99,0.01,0.02,0.01,0.01,75960.37,1776753127000
1776753128.89,128.89,0.97,0.98,0.02,0.03,0.01,0.01,75960.37,1776753127000
1776753129.243,129.243,0.97,0.98,0.02,0.03,0.01,0.01,75960.37,1776753127000
1776753129.688,129.688,0.97,0.98,0.02,0.03,0.01,0.01,75960.62,1776753128000
1776753130.059,130.059,0.97,0.98,0.02,0.03,0.01,0.01,75960.62,1776753128000
1776753130.626,130.626,0.98,0.99,0.01,0.02,0.01,0.01,75961.62,1776753129000
1776753131.077,131.077,0.97,0.99,0.01,0.03,0.02,0.02,75961.62,1776753129000
1776753131.435,131.435,0.97,0.98,0.02,0.03,0.01,0.01,75961.72,1776753130000
1776753131.827,131.827,0.97,0.98,0.02,0.03,0.01,0.01,75961.72,1776753130000
1776753132.166,132.166,0.97,0.98,0.02,0.03,0.01,0.01,75961.72,1776753130000
1776753132.578,132.578,0.97,0.98,0.02,0.03,0.01,0.01,75961.72,1776753130000
1776753132.92,132.92,0.98,0.99,0.01,0.02,0.01,0.01,75961.73,1776753131000
1776753133.253,133.253,0.98,0.99,0.01,0.02,0.01,0.01,75961.73,1776753131000
1776753133.589,133.589,0.98,0.99,0.01,0.02,0.01,0.01,75961.73,1776753132000
1776753133.948,133.948,0.98,0.99,0.01,0.02,0.01,0.01,75961.73,1776753132000
1776753134.281,134.281,0.98,0.99,0.01,0.02,0.01,0.01,75961.73,1776753132000
1776753134.643,134.643,0.98,0.99,0.01,0.02,0.01,0.01,75961.73,1776753132000
1776753134.981,134.981,0.98,0.99,0.01,0.02,0.01,0.01,75961.82,1776753133000
1776753135.321,135.321,0.98,0.99,0.01,0.02,0.01,0.01,75961.82,1776753133000
1776753135.654,135.654,0.98,0.99,0.01,0.02,0.01,0.01,75962.7,1776753134000
1776753136.026,136.026,0.98,0.99,0.01,0.02,0.01,0.01,75962.7,1776753134000
1776753136.362,136.362,0.98,0.99,0.01,0.02,0.01,0.01,75965.23,1776753135000
1776753136.698,136.698,0.98,0.99,0.01,0.02,0.01,0.01,75965.23,1776753135000
1776753137.06,137.06,0.98,0.99,0.01,0.02,0.01,0.01,75965.23,1776753135000
1776753137.415,137.415,0.98,0.99,0.01,0.02,0.01,0.01,75975.13,1776753136000
1776753137.748,137.748,0.98,0.99,0.01,0.02,0.01,0.01,75975.13,1776753136000
1776753138.112,138.112,0.98,0.99,0.01,0.02,0.01,0.01,75975.13,1776753136000
1776753138.533,138.533,0.98,0.99,0.01,0.02,0.01,0.01,75975.13,1776753136000
1776753138.897,138.897,0.98,0.99,0.01,0.02,0.01,0.01,75984.09,1776753137000
1776753139.253,139.253,0.98,0.99,0.01,0.02,0.01,0.01,75984.09,1776753137000
1776753139.612,139.612,0.98,0.99,0.01,0.02,0.01,0.01,75984.52,1776753138000
1776753139.973,139.973,0.98,0.99,0.01,0.02,0.01,0.01,75984.52,1776753138000
1776753140.315,140.315,0.98,0.99,0.01,0.02,0.01,0.01,75984.54,1776753139000
1776753140.657,140.657,0.98,0.99,0.01,0.02,0.01,0.01,75984.54,1776753139000
1776753140.991,140.991,0.98,0.99,0.01,0.02,0.01,0.01,75984.54,1776753139000
1776753141.33,141.33,0.98,0.99,0.01,0.02,0.01,0.01,75984.49,1776753140000
1776753141.663,141.663,0.98,0.99,0.01,0.02,0.01,0.01,75984.49,1776753140000
1776753141.998,141.998,0.98,0.99,0.01,0.02,0.01,0.01,75984.49,1776753140000
1776753142.366,142.366,0.98,0.99,0.01,0.02,0.01,0.01,75984.49,1776753140000
1776753142.705,142.705,0.98,0.99,0.01,0.02,0.01,0.01,75984.53,1776753141000
1776753143.099,143.099,0.98,0.99,0.01,0.02,0.01,0.01,75984.53,1776753141000
1776753143.459,143.459,0.98,0.99,0.01,0.02,0.01,0.01,75984.54,1776753142000
1776753143.809,143.809,0.98,0.99,0.01,0.02,0.01,0.01,75984.54,1776753142000
1776753144.142,144.142,0.98,0.99,0.01,0.02,0.01,0.01,75984.54,1776753142000
1776753144.475,144.475,0.98,0.99,0.01,0.02,0.01,0.01,75984.6,1776753143000
1776753144.817,144.817,0.98,0.99,0.01,0.02,0.01,0.01,75984.6,1776753143000
1776753145.174,145.174,0.98,0.99,0.01,0.02,0.01,0.01,75984.6,1776753143000
1776753145.529,145.529,0.98,0.99,0.01,0.02,0.01,0.01,75984.6,1776753143000
1776753145.9,145.9,0.98,0.99,0.01,0.02,0.01,0.01,75984.6,1776753143000
1776753146.246,146.246,0.98,0.99,0.01,0.02,0.01,0.01,75984.96,1776753144000
1776753146.61,146.61,0.98,0.99,0.01,0.02,0.01,0.01,75984.96,1776753144000
1776753146.964,146.964,0.98,0.99,0.01,0.02,0.01,0.01,75977.29,1776753145000
1776753147.395,147.395,0.98,0.99,0.01,0.02,0.01,0.01,75977.29,1776753145000
1776753147.85,147.85,0.98,0.99,0.01,0.02,0.01,0.01,75977.29,1776753145000
1776753148.281,148.281,0.98,0.99,0.01,0.02,0.01,0.01,75977.29,1776753145000
1776753148.639,148.639,0.98,0.99,0.01,0.02,0.01,0.01,75971.53,1776753147000
1776753148.992,148.992,0.98,0.99,0.01,0.02,0.01,0.01,75971.53,1776753147000
1776753149.356,149.356,0.98,0.99,0.01,0.02,0.01,0.01,75967.96,1776753148000
1776753149.694,149.694,0.98,0.99,0.01,0.02,0.01,0.01,75967.96,1776753148000
1776753150.056,150.056,0.98,0.99,0.01,0.02,0.01,0.01,75967.96,1776753148000
1776753150.508,150.508,0.98,0.99,0.01,0.02,0.01,0.01,75966.11,1776753149000
1776753150.874,150.874,0.98,0.99,0.01,0.02,0.01,0.01,75966.11,1776753149000
1776753151.331,151.331,0.98,0.99,0.01,0.02,0.01,0.01,75966.11,1776753149000
1776753151.717,151.717,0.98,0.99,0.01,0.02,0.01,0.01,75962.86,1776753150000
1776753152.053,152.053,0.98,0.99,0.01,0.02,0.01,0.01,75962.86,1776753150000
1776753152.607,152.607,0.98,0.99,0.01,0.02,0.01,0.01,75962.22,1776753151000
1776753152.947,152.947,0.98,0.99,0.01,0.02,0.01,0.01,75962.22,1776753151000
1776753153.372,153.372,0.98,0.99,0.01,0.02,0.01,0.01,75962.22,1776753151000
1776753153.909,153.909,0.98,0.99,0.01,0.02,0.01,0.01,75962.22,1776753151000
1776753154.243,154.243,0.98,0.99,0.01,0.02,0.01,0.01,75958.42,1776753152000
1776753154.641,154.641,0.98,0.99,0.01,0.02,0.01,0.01,75958.34,1776753153000
1776753155.016,155.016,0.98,0.99,0.01,0.02,0.01,0.01,75958.34,1776753153000
1776753155.431,155.431,0.98,0.99,0.01,0.02,0.01,0.01,75958.38,1776753154000
1776753155.961,155.961,0.98,0.99,0.01,0.02,0.01,0.01,75958.38,1776753154000
1776753156.319,156.319,0.98,0.99,0.01,0.02,0.01,0.01,75958.3,1776753155000
1776753156.747,156.747,0.98,0.99,0.01,0.02,0.01,0.01,75958.3,1776753155000
1776753157.154,157.154,0.98,0.99,0.01,0.02,0.01,0.01,75958.3,1776753155000
1776753157.532,157.532,0.98,0.99,0.01,0.02,0.01,0.01,75955.98,1776753156000
1776753157.868,157.868,0.98,0.99,0.01,0.02,0.01,0.01,75955.98,1776753156000
1776753158.381,158.381,0.98,0.99,0.01,0.02,0.01,0.01,75955.77,1776753157000
1776753159.165,159.165,0.98,0.99,0.01,0.02,0.01,0.01,75955.77,1776753157000
1776753159.79,159.79,0.98,0.99,0.01,0.02,0.01,0.01,75951.72,1776753158000
1776753160.387,160.387,0.98,0.99,0.01,0.02,0.01,0.01,75950.78,1776753159000
1776753160.953,160.953,0.98,0.99,0.01,0.02,0.01,0.01,75950.78,1776753159000
1776753161.315,161.315,0.98,0.99,0.01,0.02,0.01,0.01,75950.8,1776753160000
1776753161.72,161.72,0.98,0.99,0.01,0.02,0.01,0.01,75950.8,1776753160000
1776753162.189,162.189,0.98,0.99,0.01,0.02,0.01,0.01,75950.48,1776753161000
1776753162.61,162.61,0.98,0.99,0.01,0.02,0.01,0.01,75950.48,1776753161000
1776753163.219,163.219,0.98,0.99,0.01,0.02,0.01,0.01,75950.48,1776753161000
1776753163.864,163.864,0.98,0.99,0.01,0.02,0.01,0.01,75953.11,1776753162000
1776753164.227,164.227,0.98,0.99,0.01,0.02,0.01,0.01,75953.11,1776753162000
1776753164.569,164.569,0.98,0.99,0.01,0.02,0.01,0.01,75950.51,1776753163000
1776753165.272,165.272,0.98,0.99,0.01,0.02,0.01,0.01,75950.51,1776753164000
1776753165.637,165.637,0.98,0.99,0.01,0.02,0.01,0.01,75950.51,1776753164000
1776753166.264,166.264,0.98,0.99,0.01,0.02,0.01,0.01,75950.51,1776753164000
1776753166.889,166.889,0.98,0.99,0.01,0.02,0.01,0.01,75950.09,1776753165000
1776753167.46,167.46,0.98,0.99,0.01,0.02,0.01,0.01,75950.42,1776753166000
1776753168.173,168.173,0.98,0.99,0.01,0.02,0.01,0.01,75951.23,1776753167000
1776753168.556,168.556,0.98,0.99,0.01,0.02,0.01,0.01,75951.23,1776753167000
1776753169.114,169.114,0.98,0.99,0.01,0.02,0.01,0.01,75949.87,1776753168000
1776753169.908,169.908,0.98,0.99,0.01,0.02,0.01,0.01,75949.87,1776753168000
1776753170.994,170.994,0.98,0.99,0.01,0.02,0.01,0.01,75948.55,1776753170000
1776753171.439,171.439,0.98,0.99,0.01,0.02,0.01,0.01,75948.55,1776753170000
1776753172.0,172.0,0.98,0.99,0.01,0.02,0.01,0.01,75941.87,1776753171000
1776753172.394,172.394,0.98,0.99,0.01,0.02,0.01,0.01,75941.87,1776753171000
1776753172.777,172.777,0.98,0.99,0.01,0.02,0.01,0.01,75941.87,1776753171000
1776753173.786,173.786,0.98,0.99,0.01,0.02,0.01,0.01,75939.35,1776753172000
1776753174.334,174.334,0.98,0.99,0.01,0.02,0.01,0.01,75938.88,1776753173000
1776753174.843,174.843,0.98,0.99,0.01,0.02,0.01,0.01,75937.28,1776753174000
1776753175.212,175.212,0.98,0.99,0.01,0.02,0.01,0.01,75937.28,1776753174000
1776753175.63,175.63,0.98,0.99,0.01,0.02,0.01,0.01,75937.28,1776753174000
1776753176.311,176.311,0.98,0.99,0.01,0.02,0.01,0.01,75929.55,1776753175000
1776753176.69,176.69,0.98,0.99,0.01,0.02,0.01,0.01,75929.55,1776753175000
1776753178.276,178.276,0.98,0.99,0.01,0.02,0.01,0.01,75934.33,1776753177000
1776753179.175,179.175,0.98,0.99,0.01,0.02,0.01,0.01,75934.33,1776753177000
1776753179.919,179.919,0.98,0.99,0.01,0.02,0.01,0.01,75934.14,1776753178000
1776753180.333,180.333,0.98,0.99,0.01,0.02,0.01,0.01,75934.13,1776753179000
1776753180.691,180.691,0.98,0.99,0.01,0.02,0.01,0.01,75934.13,1776753179000
1776753181.024,181.024,0.98,0.99,0.01,0.02,0.01,0.01,75934.13,1776753179000
1776753181.436,181.436,0.98,0.99,0.01,0.02,0.01,0.01,75934.13,1776753179000
1776753181.77,181.77,0.98,0.99,0.01,0.02,0.01,0.01,75934.13,1776753179000
1776753182.109,182.109,0.98,0.99,0.01,0.02,0.01,0.01,75934.36,1776753180000
1776753182.533,182.533,0.98,0.99,0.01,0.02,0.01,0.01,75935.02,1776753181000
1776753182.901,182.901,0.98,0.99,0.01,0.02,0.01,0.01,75937.63,1776753182000
1776753183.571,183.571,0.98,0.99,0.01,0.02,0.01,0.01,75937.63,1776753182000
1776753183.913,183.913,0.98,0.99,0.01,0.02,0.01,0.01,75937.63,1776753182000
1776753184.31,184.31,0.98,0.99,0.01,0.02,0.01,0.01,75935.32,1776753183000
1776753184.676,184.676,0.98,0.99,0.01,0.02,0.01,0.01,75935.32,1776753183000
1776753185.039,185.039,0.98,0.99,0.01,0.02,0.01,0.01,75935.32,1776753183000
1776753185.388,185.388,0.98,0.99,0.01,0.02,0.01,0.01,75935.32,1776753183000
1776753185.764,185.764,0.98,0.99,0.01,0.02,0.01,0.01,75937.04,1776753184000
1776753186.101,186.101,0.98,0.99,0.01,0.02,0.01,0.01,75936.98,1776753185000
1776753186.526,186.526,0.98,0.99,0.01,0.02,0.01,0.01,75936.98,1776753185000
1776753187.089,187.089,0.98,0.99,0.01,0.02,0.01,0.01,75936.98,1776753185000
1776753187.649,187.649,0.98,0.99,0.01,0.02,0.01,0.01,75937.07,1776753186000
1776753188.197,188.197,0.98,0.99,0.01,0.02,0.01,0.01,75937.07,1776753186000
1776753188.589,188.589,0.98,0.99,0.01,0.02,0.01,0.01,75938.7,1776753187000
1776753188.986,188.986,0.98,0.99,0.01,0.02,0.01,0.01,75938.7,1776753187000
1776753189.516,189.516,0.98,0.99,0.01,0.02,0.01,0.01,75938.69,1776753188000
1776753189.859,189.859,0.98,0.99,0.01,0.02,0.01,0.01,75938.69,1776753188000
1776753191.159,191.159,0.98,0.99,0.01,0.02,0.01,0.01,75938.61,1776753189000
1776753191.656,191.656,0.98,0.99,0.01,0.02,0.01,0.01,75942.52,1776753190000
1776753192.173,192.173,0.98,0.99,0.01,0.02,0.01,0.01,75942.52,1776753190000
1776753192.828,192.828,0.98,0.99,0.01,0.02,0.01,0.01,75942.52,1776753191000
1776753193.523,193.523,0.98,0.99,0.01,0.02,0.01,0.01,75947.95,1776753192000
1776753193.957,193.957,0.98,0.99,0.01,0.02,0.01,0.01,75947.95,1776753192000
1776753194.294,194.294,0.98,0.99,0.01,0.02,0.01,0.01,75946.96,1776753193000
1776753194.715,194.715,0.98,0.99,0.01,0.02,0.01,0.01,75946.96,1776753193000
1776753195.151,195.151,0.98,0.99,0.01,0.02,0.01,0.01,75946.96,1776753193000
1776753195.623,195.623,0.98,0.99,0.01,0.02,0.01,0.01,75947.58,1776753194000
1776753195.967,195.967,0.98,0.99,0.01,0.02,0.01,0.01,75947.58,1776753194000
1776753196.303,196.303,0.98,0.99,0.01,0.02,0.01,0.01,75947.58,1776753194000
1776753196.95,196.95,0.99,0.99,0.01,0.01,0.0,0.0,75951.24,1776753195000
1776753197.288,197.288,0.99,0.99,0.01,0.01,0.0,0.0,75951.24,1776753195000
1776753197.732,197.732,0.99,0.99,0.01,0.01,0.0,0.0,75951.44,1776753196000
1776753198.146,198.146,0.99,0.99,0.01,0.01,0.0,0.0,75951.44,1776753197000
1776753199.238,199.238,0.99,0.99,0.01,0.01,0.0,0.0,75951.45,1776753198000
1776753199.857,199.857,0.99,0.99,0.01,0.01,0.0,0.0,75951.45,1776753198000
1776753200.534,200.534,0.99,0.99,0.01,0.01,0.0,0.0,75951.45,1776753199000
1776753201.016,201.016,0.99,0.99,0.01,0.01,0.0,0.0,75951.45,1776753200000
1776753201.731,201.731,0.98,0.99,0.01,0.01,0.01,0.0,75951.45,1776753200000
1776753202.181,202.181,0.98,0.99,0.01,0.02,0.01,0.01,75951.44,1776753201000
1776753202.746,202.746,0.98,0.99,0.01,0.02,0.01,0.01,75951.44,1776753201000
1776753203.258,203.258,0.98,0.99,0.01,0.02,0.01,0.01,75951.45,1776753202000
1776753203.625,203.625,0.98,0.99,0.01,0.02,0.01,0.01,75951.45,1776753202000
1776753204.517,204.517,0.98,0.99,0.01,0.02,0.01,0.01,75951.47,1776753203000
1776753204.978,204.978,0.98,0.99,0.01,0.02,0.01,0.01,75951.51,1776753204000
1776753205.335,205.335,0.99,0.99,0.01,0.02,0.0,0.01,75951.51,1776753204000
1776753205.75,205.75,0.98,0.99,0.01,0.01,0.01,0.0,75951.51,1776753204000
1776753206.325,206.325,0.98,0.99,0.01,0.02,0.01,0.01,75952.66,1776753205000
1776753206.71,206.71,0.99,0.99,0.01,0.02,0.0,0.01,75952.66,1776753205000
1776753207.047,207.047,0.98,0.99,0.01,0.01,0.01,0.0,75952.66,1776753205000
1776753207.415,207.415,0.98,0.99,0.01,0.02,0.01,0.01,75953.01,1776753206000
1776753207.973,207.973,0.99,0.99,0.01,0.01,0.0,0.0,75953.37,1776753207000
1776753208.514,208.514,0.98,0.99,0.01,0.01,0.01,0.0,75953.37,1776753207000
1776753209.033,209.033,0.98,0.99,0.01,0.02,0.01,0.01,75953.37,1776753207000
1776753209.388,209.388,0.98,0.99,0.01,0.02,0.01,0.01,75953.25,1776753208000
1776753209.753,209.753,0.98,0.99,0.01,0.02,0.01,0.01,75953.25,1776753208000
1776753210.188,210.188,0.98,0.99,0.01,0.02,0.01,0.01,75953.25,1776753208000
1776753210.867,210.867,0.98,0.99,0.01,0.02,0.01,0.01,75953.47,1776753210000
1776753211.559,211.559,0.99,0.99,0.01,0.02,0.0,0.01,75953.47,1776753210000
1776753212.153,212.153,0.99,0.99,0.01,0.01,0.0,0.0,75953.47,1776753211000
1776753213.139,213.139,0.99,0.99,0.01,0.01,0.0,0.0,75953.47,1776753212000
1776753214.162,214.162,0.99,0.99,0.01,0.01,0.0,0.0,75953.46,1776753213000
1776753215.248,215.248,0.99,0.99,0.01,0.01,0.0,0.0,75958.8,1776753214000
1776753216.278,216.278,0.99,0.99,0.01,0.01,0.0,0.0,75960.48,1776753215000
1776753217.522,217.522,0.99,0.99,0.01,0.01,0.0,0.0,75970.78,1776753216000
1776753218.118,218.118,0.99,0.99,0.01,0.01,0.0,0.0,75973.26,1776753217000
1776753219.108,219.108,0.99,0.99,0.01,0.01,0.0,0.0,75977.38,1776753218000
1776753219.689,219.689,0.99,0.99,0.01,0.01,0.0,0.0,75977.38,1776753218000
1776753220.189,220.189,0.99,0.99,0.01,0.01,0.0,0.0,75976.57,1776753219000
1776753221.273,221.273,0.99,0.99,0.01,0.01,0.0,0.0,75977.81,1776753220000
1776753222.408,222.408,0.99,0.99,0.01,0.01,0.0,0.0,75981.82,1776753221000
1776753222.965,222.965,0.99,0.99,0.01,0.01,0.0,0.0,75982.27,1776753222000
1776753224.224,224.224,0.99,0.99,0.01,0.01,0.0,0.0,75986.59,1776753223000
1776753224.614,224.614,0.99,0.99,0.01,0.01,0.0,0.0,75986.59,1776753223000
1776753225.309,225.309,0.99,0.99,0.01,0.01,0.0,0.0,75989.28,1776753224000
1776753225.928,225.928,0.99,0.99,0.01,0.01,0.0,0.0,75989.28,1776753224000
1776753226.301,226.301,0.99,0.99,0.01,0.01,0.0,0.0,75989.68,1776753225000
1776753227.549,227.549,0.99,0.99,0.01,0.01,0.0,0.0,75989.73,1776753226000
1776753227.922,227.922,0.99,0.99,0.01,0.01,0.0,0.0,75989.98,1776753227000
1776753228.429,228.429,0.99,0.99,0.01,0.01,0.0,0.0,75989.98,1776753227000
1776753229.08,229.08,0.99,0.99,0.01,0.01,0.0,0.0,75989.83,1776753228000
1776753230.114,230.114,0.99,0.99,0.01,0.01,0.0,0.0,75994.66,1776753229000
1776753231.194,231.194,0.99,0.99,0.01,0.01,0.0,0.0,76004.29,1776753230000
1776753232.027,232.027,0.99,0.99,0.01,0.01,0.0,0.0,76004.29,1776753230000
1776753233.45,233.45,0.99,0.99,0.01,0.01,0.0,0.0,76016.48,1776753232000
1776753234.156,234.156,0.99,0.99,0.01,0.01,0.0,0.0,76015.97,1776753233000
1776753234.496,234.496,0.99,0.99,0.01,0.01,0.0,0.0,76015.97,1776753233000
1776753235.037,235.037,0.99,0.99,0.01,0.01,0.0,0.0,76014.29,1776753234000
1776753236.076,236.076,0.99,0.99,0.01,0.01,0.0,0.0,76014.22,1776753235000
1776753237.224,237.224,0.99,0.99,0.01,0.01,0.0,0.0,76014.4,1776753236000
1776753238.255,238.255,0.99,0.99,0.01,0.01,0.0,0.0,76014.53,1776753237000
1776753239.271,239.271,0.99,0.99,0.01,0.01,0.0,0.0,76014.56,1776753238000
1776753239.654,239.654,0.99,0.99,0.01,0.01,0.0,0.0,76014.56,1776753238000
1776753240.379,240.379,0.99,0.99,0.01,0.01,0.0,0.0,76015.14,1776753239000
1776753240.947,240.947,0.99,0.99,0.01,0.01,0.0,0.0,76012.61,1776753240000
1776753241.977,241.977,0.99,0.99,0.01,0.01,0.0,0.0,76012.18,1776753241000
1776753242.962,242.962,0.99,0.99,0.01,0.01,0.0,0.0,76010.57,1776753242000
1776753244.025,244.025,0.99,0.99,0.01,0.01,0.0,0.0,76004.44,1776753243000
1776753245.068,245.068,0.99,0.99,0.01,0.01,0.0,0.0,76009.48,1776753244000
1776753246.16,246.16,0.99,0.99,0.01,0.01,0.0,0.0,76011.93,1776753245000
1776753247.109,247.109,0.99,0.99,0.01,0.01,0.0,0.0,76012.41,1776753246000
1776753248.193,248.193,0.99,0.99,0.01,0.01,0.0,0.0,76012.88,1776753247000
1776753249.104,249.104,0.99,0.99,0.01,0.01,0.0,0.0,76012.88,1776753247000
1776753250.215,250.215,0.99,0.99,0.01,0.01,0.0,0.0,76014.17,1776753249000
1776753251.244,251.244,0.99,0.99,0.01,0.01,0.0,0.0,76014.38,1776753250000
1776753252.358,252.358,0.99,0.99,0.01,0.01,0.0,0.0,76016.11,1776753251000
1776753253.559,253.559,0.99,0.99,0.01,0.01,0.0,0.0,76016.11,1776753251000
1776753254.553,254.553,0.99,0.99,0.01,0.01,0.0,0.0,76064.61,1776753253000
1776753255.223,255.223,0.99,0.99,0.01,0.01,0.0,0.0,76064.61,1776753253000
1776753256.266,256.266,0.99,0.99,0.01,0.01,0.0,0.0,76068.78,1776753254000
1776753257.104,257.104,0.99,0.99,0.01,0.01,0.0,0.0,76068.37,1776753256000
1776753258.174,258.174,0.99,0.99,0.01,0.01,0.0,0.0,76069.06,1776753257000
1776753259.445,259.445,0.99,0.99,0.01,0.01,0.0,0.0,76068.82,1776753258000
1776753260.34,260.34,0.99,0.99,0.01,0.01,0.0,0.0,76068.94,1776753259000
1776753261.523,261.523,0.99,0.99,0.01,0.01,0.0,0.0,76070.17,1776753260000
1776753262.039,262.039,0.99,0.99,0.01,0.01,0.0,0.0,76069.93,1776753261000
1776753263.303,263.303,0.99,0.99,0.01,0.01,0.0,0.0,76073.28,1776753262000
1776753263.887,263.887,0.99,0.99,0.01,0.01,0.0,0.0,76073.28,1776753262000
1776753264.426,264.426,0.99,0.99,0.01,0.01,0.0,0.0,76074.19,1776753263000
1776753265.003,265.003,0.99,0.99,0.01,0.01,0.0,0.0,76075.25,1776753264000
1776753266.234,266.234,0.99,0.99,0.01,0.01,0.0,0.0,76071.41,1776753265000
1776753267.427,267.427,0.99,0.99,0.01,0.01,0.0,0.0,76068.56,1776753266000
1776753269.106,269.106,0.99,0.99,0.01,0.01,0.0,0.0,76066.66,1776753267000
1776753269.884,269.884,0.99,0.99,0.01,0.01,0.0,0.0,76065.3,1776753268000
1776753270.24,270.24,0.99,0.99,0.01,0.01,0.0,0.0,76060.94,1776753269000
1776753270.823,270.823,0.99,0.99,0.01,0.01,0.0,0.0,76060.94,1776753269000
1776753271.561,271.561,0.99,0.99,0.01,0.01,0.0,0.0,76054.86,1776753270000
1776753272.403,272.403,0.99,0.99,0.01,0.01,0.0,0.0,76054.45,1776753271000
1776753273.174,273.174,0.99,0.99,0.01,0.01,0.0,0.0,76052.93,1776753272000
1776753274.342,274.342,0.99,0.99,0.01,0.01,0.0,0.0,76053.0,1776753273000
1776753275.571,275.571,0.99,0.99,0.01,0.01,0.0,0.0,76052.49,1776753274000
1776753276.106,276.106,0.99,0.99,0.01,0.01,0.0,0.0,76052.25,1776753275000
1776753277.23,277.23,0.99,0.99,0.01,0.01,0.0,0.0,76052.27,1776753276000
1776753278.059,278.059,0.99,0.99,0.01,0.01,0.0,0.0,76052.27,1776753276000
1776753278.921,278.921,0.99,0.99,0.01,0.01,0.0,0.0,76052.53,1776753278000
1776753279.997,279.997,0.99,0.99,0.01,0.01,0.0,0.0,76052.25,1776753279000
1776753280.436,280.436,0.99,0.99,0.01,0.01,0.0,0.0,76052.25,1776753279000
1776753281.079,281.079,0.99,0.99,0.01,0.01,0.0,0.0,76052.17,1776753280000
1776753282.228,282.228,0.99,0.99,0.01,0.01,0.0,0.0,76052.17,1776753281000
1776753283.846,283.846,0.99,0.99,0.01,0.01,0.0,0.0,76052.17,1776753282000
1776753284.422,284.422,0.99,0.99,0.01,0.01,0.0,0.0,76052.22,1776753283000
1776753284.989,284.989,0.99,0.99,0.01,0.01,0.0,0.0,76052.52,1776753284000
1776753286.089,286.089,0.99,0.99,0.01,0.01,0.0,0.0,76051.94,1776753285000
1776753287.256,287.256,0.99,0.99,0.01,0.01,0.0,0.0,76052.28,1776753286000
1776753288.32,288.32,0.99,0.99,0.01,0.01,0.0,0.0,76071.43,1776753287000
1776753289.647,289.647,0.99,0.99,0.01,0.01,0.0,0.0,76075.91,1776753288000
1776753290.27,290.27,0.99,0.99,0.01,0.01,0.0,0.0,76076.25,1776753289000
1776753291.59,291.59,0.99,0.99,0.01,0.01,0.0,0.0,76076.42,1776753290000
1776753292.166,292.166,0.99,0.99,0.01,0.01,0.0,0.0,76076.48,1776753291000
1776753293.419,293.419,0.99,0.99,0.01,0.01,0.0,0.0,76078.71,1776753292000
1776753294.269,294.269,0.99,0.99,0.01,0.01,0.0,0.0,76078.71,1776753292000
1776753294.62,294.62,0.99,0.99,0.01,0.01,0.0,0.0,76078.95,1776753293000
1776753295.129,295.129,0.99,0.99,0.01,0.01,0.0,0.0,76078.95,1776753293000
1776753295.489,295.489,0.99,0.99,0.01,0.01,0.0,0.0,76078.95,1776753293000
1776753295.894,295.894,0.99,0.99,0.01,0.01,0.0,0.0,76078.95,1776753293000
1776753297.279,297.279,0.99,0.99,0.01,0.01,0.0,0.0,76081.86,1776753296000
1776753298.698,298.698,0.99,0.99,0.01,0.01,0.0,0.0,76078.65,1776753297000
1776753300.526,300.526,0.99,0.99,0.01,0.01,0.0,0.0,76078.44,1776753298000
1776753301.274,301.274,0.99,0.99,0.01,0.01,0.0,0.0,76083.21,1776753300000
1776753302.559,302.559,0.99,0.99,0.01,0.01,0.0,0.0,76079.84,1776753301000

# RESULT,winner=Up,slug=btc-updown-5m-1776753000,ticks=569
