timestamp,elapsed_sec,up_bid,up_ask,down_bid,down_ask,up_spread,down_spread,btc_price,btc_oracle_ts
1777194900.605,0.605,0.43,0.45,0.55,0.58,0.02,0.03,78027.8,1777194899000
1777194901.008,1.008,0.44,0.45,0.56,0.57,0.01,0.01,78027.76,1777194900000
1777194901.369,1.369,0.44,0.45,0.55,0.56,0.01,0.01,78027.76,1777194900000
1777194901.808,1.808,0.44,0.46,0.55,0.56,0.02,0.01,78027.76,1777194900000
1777194902.991,2.991,0.44,0.46,0.54,0.56,0.02,0.02,78028.13,1777194902000
1777194903.404,3.404,0.45,0.47,0.54,0.56,0.02,0.02,78028.13,1777194902000
1777194904.003,4.003,0.45,0.47,0.53,0.55,0.02,0.02,78029.25,1777194903000
1777194904.361,4.361,0.45,0.47,0.53,0.55,0.02,0.02,78029.25,1777194903000
1777194904.776,4.776,0.46,0.5,0.52,0.55,0.04,0.03,78029.25,1777194903000
1777194905.189,5.189,0.5,0.51,0.49,0.52,0.01,0.03,78029.25,1777194903000
1777194905.543,5.543,0.5,0.51,0.49,0.5,0.01,0.01,78029.25,1777194903000
1777194905.932,5.932,0.5,0.51,0.49,0.5,0.01,0.01,78029.29,1777194904000
1777194906.32,6.32,0.51,0.52,0.48,0.49,0.01,0.01,78029.29,1777194904000
1777194906.661,6.661,0.55,0.56,0.44,0.45,0.01,0.01,78029.33,1777194905000
1777194907.203,7.203,0.55,0.56,0.44,0.45,0.01,0.01,78029.33,1777194905000
1777194907.536,7.536,0.56,0.6,0.41,0.45,0.04,0.04,78030.55,1777194906000
1777194907.919,7.919,0.59,0.6,0.4,0.41,0.01,0.01,78030.55,1777194906000
1777194908.443,8.443,0.59,0.6,0.4,0.41,0.01,0.01,78030.55,1777194907000
1777194908.857,8.857,0.59,0.6,0.4,0.41,0.01,0.01,78030.55,1777194907000
1777194909.365,9.365,0.6,0.61,0.39,0.41,0.01,0.02,78030.36,1777194908000
1777194909.807,9.807,0.6,0.61,0.39,0.4,0.01,0.01,78030.36,1777194908000
1777194910.241,10.241,0.6,0.61,0.39,0.4,0.01,0.01,78030.36,1777194908000
1777194910.588,10.588,0.6,0.61,0.39,0.4,0.01,0.01,78030.36,1777194908000
1777194911.017,11.017,0.6,0.61,0.39,0.4,0.01,0.01,78030.33,1777194909000
1777194911.397,11.397,0.6,0.61,0.39,0.4,0.01,0.01,78030.27,1777194910000
1777194912.309,12.309,0.6,0.61,0.39,0.4,0.01,0.01,78030.27,1777194910000
1777194912.672,12.672,0.6,0.61,0.39,0.4,0.01,0.01,78030.37,1777194911000
1777194913.013,13.013,0.6,0.61,0.39,0.4,0.01,0.01,78030.37,1777194911000
1777194913.457,13.457,0.6,0.61,0.39,0.4,0.01,0.01,78030.21,1777194912000
1777194914.04,14.04,0.6,0.61,0.39,0.4,0.01,0.01,78030.21,1777194912000
1777194914.434,14.434,0.59,0.6,0.4,0.41,0.01,0.01,78030.21,1777194912000
1777194914.824,14.824,0.59,0.6,0.4,0.41,0.01,0.01,78030.51,1777194913000
1777194915.318,15.318,0.59,0.6,0.4,0.41,0.01,0.01,78030.51,1777194914000
1777194915.675,15.675,0.59,0.6,0.4,0.41,0.01,0.01,78030.51,1777194914000
1777194916.159,16.159,0.59,0.6,0.4,0.41,0.01,0.01,78030.51,1777194914000
1777194916.662,16.662,0.59,0.6,0.4,0.41,0.01,0.01,78030.41,1777194915000
1777194917.068,17.068,0.59,0.6,0.4,0.41,0.01,0.01,78030.41,1777194915000
1777194917.455,17.455,0.59,0.6,0.4,0.41,0.01,0.01,78030.49,1777194916000
1777194918.05,18.05,0.59,0.6,0.4,0.41,0.01,0.01,78030.49,1777194916000
1777194918.66,18.66,0.59,0.6,0.4,0.41,0.01,0.01,78030.49,1777194917000
1777194919.088,19.088,0.59,0.6,0.4,0.41,0.01,0.01,78030.49,1777194917000
1777194919.422,19.422,0.59,0.6,0.4,0.41,0.01,0.01,78032.33,1777194918000
1777194920.187,20.187,0.59,0.6,0.4,0.41,0.01,0.01,78032.37,1777194919000
1777194920.623,20.623,0.59,0.6,0.4,0.41,0.01,0.01,78032.37,1777194919000
1777194920.996,20.996,0.59,0.6,0.4,0.41,0.01,0.01,78032.37,1777194919000
1777194921.356,21.356,0.59,0.6,0.4,0.41,0.01,0.01,78032.37,1777194919000
1777194922.358,22.358,0.59,0.6,0.4,0.41,0.01,0.01,78032.46,1777194921000
1777194922.746,22.746,0.58,0.59,0.41,0.42,0.01,0.01,78032.46,1777194921000
1777194923.105,23.105,0.58,0.59,0.41,0.42,0.01,0.01,78032.46,1777194921000
1777194923.472,23.472,0.58,0.59,0.41,0.42,0.01,0.01,78032.46,1777194921000
1777194923.878,23.878,0.58,0.59,0.41,0.42,0.01,0.01,78032.16,1777194922000
1777194924.23,24.23,0.58,0.59,0.41,0.42,0.01,0.01,78032.13,1777194923000
1777194924.879,24.879,0.59,0.6,0.4,0.42,0.01,0.02,78032.13,1777194923000
1777194925.406,25.406,0.59,0.6,0.4,0.41,0.01,0.01,78032.13,1777194923000
1777194926.002,26.002,0.59,0.6,0.4,0.41,0.01,0.01,78032.24,1777194924000
1777194926.433,26.433,0.59,0.6,0.4,0.41,0.01,0.01,78032.24,1777194924000
1777194926.899,26.899,0.59,0.6,0.4,0.41,0.01,0.01,78032.17,1777194925000
1777194927.392,27.392,0.59,0.6,0.4,0.41,0.01,0.01,78032.17,1777194925000
1777194927.928,27.928,0.59,0.6,0.4,0.41,0.01,0.01,78030.71,1777194926000
1777194928.272,28.272,0.58,0.59,0.4,0.42,0.01,0.02,78030.56,1777194927000
1777194928.677,28.677,0.58,0.59,0.41,0.42,0.01,0.01,78030.56,1777194927000
1777194929.155,29.155,0.58,0.59,0.41,0.42,0.01,0.01,78030.56,1777194927000
1777194929.493,29.493,0.54,0.55,0.45,0.46,0.01,0.01,78030.56,1777194927000
1777194929.838,29.838,0.54,0.55,0.45,0.46,0.01,0.01,78030.57,1777194928000
1777194930.256,30.256,0.54,0.55,0.45,0.46,0.01,0.01,78030.56,1777194929000
1777194930.903,30.903,0.54,0.55,0.45,0.46,0.01,0.01,78030.56,1777194929000
1777194931.279,31.279,0.54,0.55,0.45,0.46,0.01,0.01,78030.56,1777194929000
1777194931.613,31.613,0.54,0.55,0.45,0.46,0.01,0.01,78030.48,1777194930000
1777194931.997,31.997,0.54,0.55,0.45,0.46,0.01,0.01,78030.48,1777194930000
1777194932.736,32.736,0.54,0.55,0.45,0.46,0.01,0.01,78032.21,1777194931000
1777194933.133,33.133,0.54,0.55,0.45,0.46,0.01,0.01,78032.21,1777194931000
1777194933.758,33.758,0.54,0.55,0.45,0.46,0.01,0.01,78032.18,1777194932000
1777194934.096,34.096,0.54,0.55,0.45,0.46,0.01,0.01,78032.18,1777194932000
1777194934.444,34.444,0.53,0.55,0.45,0.46,0.02,0.01,78035.52,1777194933000
1777194934.895,34.895,0.54,0.55,0.45,0.48,0.01,0.03,78035.52,1777194933000
1777194935.335,35.335,0.54,0.55,0.45,0.46,0.01,0.01,78035.47,1777194934000
1777194936.16,36.16,0.54,0.55,0.45,0.46,0.01,0.01,78035.47,1777194934000
1777194936.664,36.664,0.54,0.55,0.45,0.46,0.01,0.01,78035.44,1777194935000
1777194937.151,37.151,0.54,0.55,0.45,0.46,0.01,0.01,78035.44,1777194935000
1777194937.512,37.512,0.59,0.6,0.38,0.46,0.01,0.08,78035.44,1777194936000
1777194937.87,37.87,0.59,0.6,0.4,0.41,0.01,0.01,78035.44,1777194936000
1777194938.263,38.263,0.58,0.59,0.4,0.42,0.01,0.02,78035.44,1777194936000
1777194938.831,38.831,0.58,0.59,0.41,0.42,0.01,0.01,78035.47,1777194937000
1777194939.178,39.178,0.58,0.59,0.41,0.42,0.01,0.01,78035.48,1777194938000
1777194940.203,40.203,0.58,0.59,0.41,0.42,0.01,0.01,78035.48,1777194938000
1777194940.84,40.84,0.58,0.59,0.41,0.42,0.01,0.01,78035.47,1777194939000
1777194941.233,41.233,0.58,0.59,0.41,0.42,0.01,0.01,78035.47,1777194939000
1777194941.582,41.582,0.58,0.59,0.41,0.42,0.01,0.01,78035.46,1777194940000
1777194942.169,42.169,0.58,0.59,0.41,0.42,0.01,0.01,78035.46,1777194940000
1777194942.598,42.598,0.58,0.59,0.41,0.42,0.01,0.01,78035.51,1777194941000
1777194942.959,42.959,0.58,0.59,0.41,0.42,0.01,0.01,78035.51,1777194941000
1777194943.419,43.419,0.58,0.59,0.41,0.42,0.01,0.01,78035.51,1777194942000
1777194943.975,43.975,0.57,0.58,0.42,0.43,0.01,0.01,78035.54,1777194943000
1777194944.768,44.768,0.57,0.58,0.42,0.43,0.01,0.01,78035.54,1777194943000
1777194945.129,45.129,0.57,0.58,0.42,0.43,0.01,0.01,78035.54,1777194943000
1777194945.621,45.621,0.57,0.58,0.42,0.43,0.01,0.01,78035.53,1777194944000
1777194946.145,46.145,0.57,0.58,0.42,0.43,0.01,0.01,78035.65,1777194945000
1777194946.794,46.794,0.57,0.58,0.42,0.49,0.01,0.07,78035.65,1777194945000
1777194947.316,47.316,0.57,0.58,0.42,0.43,0.01,0.01,78035.97,1777194946000
1777194947.689,47.689,0.56,0.58,0.42,0.43,0.02,0.01,78035.97,1777194946000
1777194948.101,48.101,0.56,0.57,0.43,0.44,0.01,0.01,78035.97,1777194946000
1777194949.324,49.324,0.56,0.57,0.43,0.44,0.01,0.01,78036.01,1777194948000
1777194949.881,49.881,0.56,0.57,0.43,0.44,0.01,0.01,78036.01,1777194948000
1777194950.324,50.324,0.56,0.57,0.43,0.44,0.01,0.01,78036.04,1777194949000
1777194950.805,50.805,0.56,0.57,0.43,0.44,0.01,0.01,78036.04,1777194949000
1777194951.395,51.395,0.56,0.57,0.43,0.44,0.01,0.01,78036.02,1777194950000
1777194951.849,51.849,0.56,0.57,0.43,0.44,0.01,0.01,78036.01,1777194951000
1777194952.789,52.789,0.55,0.57,0.43,0.44,0.02,0.01,78036.01,1777194951000
1777194953.839,53.839,0.54,0.55,0.44,0.45,0.01,0.01,78036.01,1777194952000
1777194954.422,54.422,0.51,0.52,0.45,0.52,0.01,0.07,78036.01,1777194952000
1777194954.853,54.853,0.51,0.52,0.48,0.49,0.01,0.01,78035.86,1777194953000
1777194955.392,55.392,0.51,0.52,0.48,0.49,0.01,0.01,78035.86,1777194954000
1777194955.827,55.827,0.51,0.52,0.48,0.49,0.01,0.01,78035.86,1777194954000
1777194956.17,56.17,0.51,0.52,0.48,0.49,0.01,0.01,78035.85,1777194955000
1777194956.561,56.561,0.5,0.52,0.48,0.5,0.02,0.02,78035.85,1777194955000
1777194957.133,57.133,0.5,0.52,0.48,0.5,0.02,0.02,78035.85,1777194955000
1777194957.469,57.469,0.5,0.51,0.49,0.5,0.01,0.01,78035.85,1777194956000
1777194957.916,57.916,0.5,0.51,0.49,0.5,0.01,0.01,78035.85,1777194956000
1777194958.323,58.323,0.5,0.51,0.49,0.5,0.01,0.01,78035.85,1777194956000
1777194958.763,58.763,0.5,0.51,0.49,0.5,0.01,0.01,78035.85,1777194957000
1777194959.19,59.19,0.5,0.51,0.49,0.5,0.01,0.01,78035.85,1777194958000
1777194959.526,59.526,0.5,0.51,0.49,0.5,0.01,0.01,78035.85,1777194958000
1777194959.989,59.989,0.5,0.51,0.49,0.5,0.01,0.01,78035.85,1777194958000
1777194960.335,60.335,0.5,0.51,0.49,0.5,0.01,0.01,78035.8,1777194959000
1777194960.739,60.739,0.49,0.51,0.49,0.5,0.02,0.01,78035.8,1777194959000
1777194961.08,61.08,0.4,0.42,0.58,0.6,0.02,0.02,78035.8,1777194959000
1777194961.424,61.424,0.4,0.41,0.58,0.6,0.01,0.02,78035.8,1777194960000
1777194961.765,61.765,0.37,0.41,0.59,0.63,0.04,0.04,78035.8,1777194960000
1777194962.157,62.157,0.38,0.4,0.6,0.62,0.02,0.02,78035.81,1777194961000
1777194962.493,62.493,0.38,0.39,0.61,0.62,0.01,0.01,78035.81,1777194961000
1777194962.951,62.951,0.38,0.4,0.6,0.62,0.02,0.02,78035.81,1777194961000
1777194963.292,63.292,0.38,0.39,0.61,0.62,0.01,0.01,78035.81,1777194961000
1777194964.403,64.403,0.38,0.39,0.61,0.62,0.01,0.01,78033.18,1777194962000
1777194964.992,64.992,0.38,0.39,0.61,0.63,0.01,0.02,78033.16,1777194963000
1777194965.475,65.475,0.37,0.38,0.62,0.63,0.01,0.01,78032.64,1777194964000
1777194966.152,66.152,0.37,0.38,0.62,0.63,0.01,0.01,78030.82,1777194965000
1777194966.776,66.776,0.37,0.38,0.62,0.63,0.01,0.01,78030.82,1777194965000
1777194967.124,67.124,0.37,0.38,0.62,0.63,0.01,0.01,78030.82,1777194965000
1777194967.511,67.511,0.37,0.38,0.62,0.63,0.01,0.01,78030.82,1777194966000
1777194967.915,67.915,0.37,0.4,0.6,0.63,0.03,0.03,78030.82,1777194966000
1777194968.316,68.316,0.51,0.52,0.47,0.52,0.01,0.05,78030.82,1777194966000
1777194968.681,68.681,0.53,0.55,0.45,0.48,0.02,0.03,78030.82,1777194967000
1777194969.064,69.064,0.54,0.55,0.45,0.46,0.01,0.01,78030.82,1777194968000
1777194969.564,69.564,0.55,0.56,0.44,0.46,0.01,0.02,78030.82,1777194968000
1777194969.972,69.972,0.56,0.57,0.43,0.44,0.01,0.01,78030.82,1777194968000
1777194970.796,70.796,0.56,0.57,0.43,0.44,0.01,0.01,78032.33,1777194969000
1777194971.147,71.147,0.56,0.57,0.43,0.44,0.01,0.01,78035.25,1777194970000
1777194971.483,71.483,0.56,0.57,0.43,0.44,0.01,0.01,78035.25,1777194970000
1777194971.987,71.987,0.56,0.57,0.43,0.44,0.01,0.01,78035.05,1777194971000
1777194972.328,72.328,0.56,0.57,0.43,0.44,0.01,0.01,78035.05,1777194971000
1777194972.925,72.925,0.56,0.57,0.43,0.44,0.01,0.01,78035.05,1777194971000
1777194973.328,73.328,0.56,0.57,0.43,0.44,0.01,0.01,78035.12,1777194972000
1777194973.726,73.726,0.56,0.57,0.43,0.44,0.01,0.01,78035.12,1777194972000
1777194974.7,74.7,0.56,0.57,0.43,0.44,0.01,0.01,78035.12,1777194973000
1777194975.112,75.112,0.56,0.57,0.43,0.44,0.01,0.01,78035.25,1777194974000
1777194975.481,75.481,0.56,0.57,0.43,0.44,0.01,0.01,78035.25,1777194974000
1777194975.925,75.925,0.58,0.59,0.41,0.42,0.01,0.01,78035.25,1777194974000
1777194976.267,76.267,0.58,0.59,0.41,0.42,0.01,0.01,78035.2,1777194975000
1777194976.659,76.659,0.58,0.59,0.41,0.42,0.01,0.01,78035.2,1777194975000
1777194977.033,77.033,0.58,0.59,0.41,0.42,0.01,0.01,78035.2,1777194975000
1777194977.584,77.584,0.58,0.59,0.41,0.42,0.01,0.01,78035.19,1777194976000
1777194978.608,78.608,0.55,0.56,0.41,0.45,0.01,0.04,78035.19,1777194977000
1777194979.172,79.172,0.55,0.56,0.44,0.45,0.01,0.01,78032.47,1777194978000
1777194979.815,79.815,0.55,0.56,0.44,0.45,0.01,0.01,78032.47,1777194978000
1777194980.167,80.167,0.55,0.56,0.44,0.45,0.01,0.01,78032.42,1777194979000
1777194981.296,81.296,0.55,0.56,0.44,0.45,0.01,0.01,78031.43,1777194980000
1777194981.949,81.949,0.55,0.56,0.44,0.45,0.01,0.01,78031.43,1777194980000
1777194982.331,82.331,0.54,0.56,0.44,0.46,0.02,0.02,78031.03,1777194981000
1777194982.739,82.739,0.54,0.55,0.45,0.46,0.01,0.01,78031.03,1777194981000
1777194983.367,83.367,0.54,0.55,0.45,0.46,0.01,0.01,78031.02,1777194982000
1777194983.998,83.998,0.53,0.55,0.45,0.46,0.02,0.01,78031.02,1777194982000
1777194984.339,84.339,0.53,0.54,0.45,0.47,0.01,0.02,78031.01,1777194983000
1777194984.812,84.812,0.53,0.54,0.46,0.47,0.01,0.01,78031.01,1777194983000
1777194985.317,85.317,0.52,0.54,0.46,0.48,0.02,0.02,78032.85,1777194984000
1777194985.655,85.655,0.52,0.53,0.47,0.48,0.01,0.01,78032.85,1777194984000
1777194986.029,86.029,0.52,0.53,0.47,0.48,0.01,0.01,78032.85,1777194984000
1777194986.857,86.857,0.52,0.53,0.47,0.48,0.01,0.01,78032.68,1777194985000
1777194987.421,87.421,0.52,0.53,0.47,0.48,0.01,0.01,78032.18,1777194986000
1777194988.154,88.154,0.52,0.53,0.47,0.48,0.01,0.01,78032.42,1777194987000
1777194988.867,88.867,0.52,0.53,0.47,0.48,0.01,0.01,78032.42,1777194987000
1777194989.336,89.336,0.52,0.53,0.47,0.48,0.01,0.01,78032.35,1777194988000
1777194989.766,89.766,0.52,0.53,0.47,0.48,0.01,0.01,78032.35,1777194988000
1777194990.452,90.452,0.52,0.53,0.47,0.48,0.01,0.01,78032.42,1777194989000
1777194991.111,91.111,0.52,0.54,0.46,0.48,0.02,0.02,78032.5,1777194990000
1777194991.887,91.887,0.53,0.54,0.46,0.48,0.01,0.02,78032.5,1777194990000
1777194992.251,92.251,0.53,0.54,0.46,0.47,0.01,0.01,78032.76,1777194991000
1777194992.627,92.627,0.53,0.54,0.46,0.47,0.01,0.01,78032.76,1777194991000
1777194993.228,93.228,0.53,0.54,0.46,0.47,0.01,0.01,78032.76,1777194991000
1777194993.743,93.743,0.53,0.54,0.46,0.47,0.01,0.01,78032.91,1777194992000
1777194994.437,94.437,0.53,0.54,0.46,0.47,0.01,0.01,78032.62,1777194993000
1777194994.942,94.942,0.53,0.54,0.46,0.47,0.01,0.01,78032.62,1777194993000
1777194995.317,95.317,0.53,0.54,0.46,0.47,0.01,0.01,78032.61,1777194994000
1777194995.813,95.813,0.53,0.54,0.46,0.47,0.01,0.01,78032.61,1777194994000
1777194996.246,96.246,0.53,0.54,0.46,0.47,0.01,0.01,78032.62,1777194995000
1777194997.159,97.159,0.53,0.54,0.46,0.47,0.01,0.01,78032.62,1777194995000
1777194997.751,97.751,0.52,0.53,0.46,0.48,0.01,0.02,78030.77,1777194996000
1777194998.216,98.216,0.52,0.53,0.47,0.48,0.01,0.01,78030.64,1777194997000
1777194998.601,98.601,0.52,0.53,0.47,0.48,0.01,0.01,78030.64,1777194997000
1777194999.104,99.104,0.52,0.53,0.47,0.48,0.01,0.01,78030.64,1777194997000
1777194999.673,99.673,0.52,0.53,0.47,0.48,0.01,0.01,78030.1,1777194998000
1777195000.021,100.021,0.52,0.53,0.47,0.48,0.01,0.01,78030.1,1777194998000
1777195000.391,100.391,0.52,0.53,0.47,0.48,0.01,0.01,78030.98,1777194999000
1777195000.727,100.727,0.52,0.53,0.47,0.48,0.01,0.01,78030.98,1777194999000
1777195001.944,101.944,0.52,0.53,0.47,0.48,0.01,0.01,78034.32,1777195001000
1777195002.501,102.501,0.5,0.51,0.49,0.5,0.01,0.01,78034.32,1777195001000
1777195002.919,102.919,0.5,0.51,0.49,0.5,0.01,0.01,78034.26,1777195002000
1777195003.27,103.27,0.5,0.51,0.49,0.5,0.01,0.01,78034.26,1777195002000
1777195003.688,103.688,0.5,0.51,0.49,0.5,0.01,0.01,78034.26,1777195002000
1777195004.166,104.166,0.49,0.5,0.5,0.51,0.01,0.01,78034.26,1777195003000
1777195004.866,104.866,0.49,0.51,0.5,0.51,0.02,0.01,78034.26,1777195003000
1777195005.356,105.356,0.5,0.51,0.49,0.5,0.01,0.01,78034.18,1777195004000
1777195005.888,105.888,0.5,0.51,0.49,0.5,0.01,0.01,78034.18,1777195005000
1777195007.165,107.165,0.5,0.51,0.49,0.5,0.01,0.01,78034.28,1777195006000
1777195007.81,107.81,0.49,0.5,0.49,0.51,0.01,0.02,78034.28,1777195006000
1777195008.219,108.219,0.49,0.5,0.5,0.51,0.01,0.01,78034.25,1777195007000
1777195008.787,108.787,0.49,0.5,0.5,0.51,0.01,0.01,78034.25,1777195007000
1777195009.242,109.242,0.5,0.51,0.49,0.51,0.01,0.02,78034.22,1777195008000
1777195009.751,109.751,0.52,0.53,0.49,0.5,0.01,0.01,78034.22,1777195008000
1777195010.603,110.603,0.52,0.53,0.47,0.48,0.01,0.01,78034.22,1777195008000
1777195010.972,110.972,0.52,0.53,0.47,0.48,0.01,0.01,78034.22,1777195009000
1777195011.416,111.416,0.52,0.53,0.47,0.48,0.01,0.01,78034.27,1777195010000
1777195012.28,112.28,0.52,0.53,0.47,0.48,0.01,0.01,78034.27,1777195010000
1777195012.681,112.681,0.52,0.53,0.47,0.48,0.01,0.01,78034.26,1777195011000
1777195013.113,113.113,0.52,0.53,0.47,0.48,0.01,0.01,78034.26,1777195011000
1777195013.815,113.815,0.52,0.53,0.47,0.48,0.01,0.01,78034.26,1777195012000
1777195014.276,114.276,0.52,0.53,0.47,0.48,0.01,0.01,78034.27,1777195013000
1777195014.686,114.686,0.52,0.53,0.47,0.48,0.01,0.01,78034.27,1777195013000
1777195015.287,115.287,0.52,0.53,0.47,0.48,0.01,0.01,78034.31,1777195014000
1777195015.84,115.84,0.52,0.53,0.47,0.48,0.01,0.01,78034.31,1777195014000
1777195016.376,116.376,0.52,0.53,0.47,0.48,0.01,0.01,78034.31,1777195015000
1777195016.903,116.903,0.52,0.53,0.47,0.48,0.01,0.01,78034.31,1777195015000
1777195017.319,117.319,0.52,0.53,0.47,0.48,0.01,0.01,78034.25,1777195016000
1777195017.868,117.868,0.52,0.53,0.47,0.48,0.01,0.01,78034.23,1777195017000
1777195018.238,118.238,0.52,0.53,0.47,0.48,0.01,0.01,78034.23,1777195017000
1777195018.908,118.908,0.52,0.53,0.47,0.48,0.01,0.01,78034.23,1777195018000
1777195019.727,119.727,0.52,0.53,0.47,0.48,0.01,0.01,78034.23,1777195018000
1777195020.091,120.091,0.52,0.53,0.47,0.48,0.01,0.01,78034.32,1777195019000
1777195020.431,120.431,0.52,0.53,0.47,0.48,0.01,0.01,78034.32,1777195019000
1777195021.004,121.004,0.51,0.54,0.47,0.48,0.03,0.01,78034.32,1777195019000
1777195021.601,121.601,0.44,0.46,0.49,0.56,0.02,0.07,78034.31,1777195020000
1777195021.963,121.963,0.42,0.45,0.55,0.58,0.03,0.03,78034.31,1777195020000
1777195022.325,122.325,0.42,0.43,0.57,0.58,0.01,0.01,78034.31,1777195021000
1777195022.781,122.781,0.4,0.41,0.58,0.6,0.01,0.02,78034.31,1777195021000
1777195023.163,123.163,0.4,0.41,0.59,0.6,0.01,0.01,78034.31,1777195021000
1777195023.524,123.524,0.4,0.41,0.59,0.6,0.01,0.01,78032.02,1777195022000
1777195023.899,123.899,0.38,0.39,0.61,0.62,0.01,0.01,78032.02,1777195022000
1777195024.251,124.251,0.38,0.39,0.61,0.62,0.01,0.01,78032.02,1777195022000
1777195024.762,124.762,0.38,0.39,0.61,0.62,0.01,0.01,78030.83,1777195023000
1777195025.121,125.121,0.37,0.39,0.61,0.62,0.02,0.01,78030.83,1777195023000
1777195025.493,125.493,0.38,0.39,0.61,0.62,0.01,0.01,78030.83,1777195024000
1777195025.848,125.848,0.37,0.38,0.61,0.63,0.01,0.02,78030.83,1777195024000
1777195026.907,126.907,0.37,0.38,0.62,0.63,0.01,0.01,78030.83,1777195025000
1777195027.242,127.242,0.37,0.38,0.62,0.63,0.01,0.01,78030.83,1777195026000
1777195027.68,127.68,0.39,0.4,0.6,0.63,0.01,0.03,78030.83,1777195026000
1777195028.161,128.161,0.41,0.42,0.58,0.59,0.01,0.01,78030.83,1777195026000
1777195028.524,128.524,0.41,0.42,0.58,0.59,0.01,0.01,78030.83,1777195026000
1777195028.913,128.913,0.41,0.42,0.58,0.59,0.01,0.01,78030.83,1777195026000
1777195029.265,129.265,0.35,0.36,0.64,0.65,0.01,0.01,78029.04,1777195027000
1777195029.663,129.663,0.33,0.34,0.66,0.67,0.01,0.01,78029.02,1777195028000
1777195030.12,130.12,0.3,0.31,0.69,0.7,0.01,0.01,78029.02,1777195028000
1777195030.457,130.457,0.28,0.29,0.71,0.72,0.01,0.01,78029.02,1777195028000
1777195030.904,130.904,0.27,0.28,0.72,0.73,0.01,0.01,78030.14,1777195029000
1777195031.242,131.242,0.28,0.29,0.71,0.72,0.01,0.01,78026.92,1777195030000
1777195031.637,131.637,0.28,0.29,0.71,0.72,0.01,0.01,78026.92,1777195030000
1777195032.012,132.012,0.28,0.29,0.71,0.72,0.01,0.01,78026.92,1777195030000
1777195032.394,132.394,0.28,0.29,0.71,0.72,0.01,0.01,78026.92,1777195030000
1777195032.744,132.744,0.28,0.29,0.71,0.72,0.01,0.01,78023.66,1777195031000
1777195033.12,133.12,0.28,0.29,0.71,0.72,0.01,0.01,78023.66,1777195031000
1777195033.454,133.454,0.27,0.28,0.72,0.73,0.01,0.01,78024.43,1777195032000
1777195033.819,133.819,0.27,0.29,0.72,0.73,0.02,0.01,78024.43,1777195032000
1777195034.282,134.282,0.29,0.31,0.7,0.72,0.02,0.02,78024.43,1777195032000
1777195034.814,134.814,0.3,0.31,0.69,0.7,0.01,0.01,78024.39,1777195033000
1777195035.326,135.326,0.3,0.31,0.69,0.7,0.01,0.01,78024.39,1777195033000
1777195035.681,135.681,0.3,0.31,0.69,0.7,0.01,0.01,78023.68,1777195034000
1777195036.05,136.05,0.29,0.3,0.7,0.71,0.01,0.01,78023.68,1777195035000
1777195037.173,137.173,0.28,0.29,0.71,0.72,0.01,0.01,78023.68,1777195035000
1777195037.519,137.519,0.27,0.28,0.72,0.73,0.01,0.01,78025.01,1777195036000
1777195037.988,137.988,0.27,0.28,0.72,0.73,0.01,0.01,78025.01,1777195036000
1777195038.57,138.57,0.27,0.28,0.72,0.73,0.01,0.01,78024.66,1777195037000
1777195038.945,138.945,0.25,0.27,0.72,0.74,0.02,0.02,78024.66,1777195037000
1777195039.302,139.302,0.25,0.26,0.74,0.75,0.01,0.01,78024.66,1777195037000
1777195039.692,139.692,0.26,0.27,0.73,0.74,0.01,0.01,78024.87,1777195038000
1777195040.073,140.073,0.26,0.27,0.73,0.74,0.01,0.01,78024.87,1777195038000
1777195040.737,140.737,0.26,0.27,0.73,0.74,0.01,0.01,78023.94,1777195039000
1777195041.512,141.512,0.26,0.28,0.72,0.74,0.02,0.02,78023.94,1777195040000
1777195041.965,141.965,0.27,0.28,0.72,0.73,0.01,0.01,78023.94,1777195040000
1777195042.54,142.54,0.27,0.28,0.7,0.73,0.01,0.03,78023.28,1777195041000
1777195043.087,143.087,0.27,0.28,0.72,0.73,0.01,0.01,78023.28,1777195041000
1777195043.511,143.511,0.27,0.28,0.72,0.73,0.01,0.01,78024.24,1777195042000
1777195044.066,144.066,0.27,0.28,0.72,0.73,0.01,0.01,78024.24,1777195042000
1777195044.853,144.853,0.27,0.29,0.71,0.72,0.02,0.01,78023.74,1777195043000
1777195045.38,145.38,0.27,0.28,0.72,0.73,0.01,0.01,78023.74,1777195043000
1777195045.874,145.874,0.29,0.3,0.69,0.73,0.01,0.04,78023.8,1777195044000
1777195046.226,146.226,0.29,0.3,0.7,0.71,0.01,0.01,78023.8,1777195045000
1777195046.707,146.707,0.29,0.3,0.7,0.71,0.01,0.01,78023.8,1777195045000
1777195047.143,147.143,0.29,0.3,0.7,0.71,0.01,0.01,78023.94,1777195046000
1777195047.5,147.5,0.29,0.3,0.7,0.71,0.01,0.01,78023.94,1777195046000
1777195047.976,147.976,0.29,0.3,0.7,0.71,0.01,0.01,78023.94,1777195046000
1777195048.351,148.351,0.29,0.3,0.7,0.71,0.01,0.01,78023.8,1777195047000
1777195049.102,149.102,0.29,0.3,0.7,0.71,0.01,0.01,78023.8,1777195047000
1777195049.498,149.498,0.29,0.3,0.7,0.71,0.01,0.01,78023.86,1777195048000
1777195049.956,149.956,0.29,0.3,0.7,0.71,0.01,0.01,78023.86,1777195048000
1777195050.519,150.519,0.29,0.3,0.7,0.71,0.01,0.01,78022.92,1777195049000
1777195050.864,150.864,0.27,0.28,0.72,0.73,0.01,0.01,78022.92,1777195049000
1777195051.217,151.217,0.22,0.23,0.77,0.78,0.01,0.01,78022.92,1777195050000
1777195051.557,151.557,0.25,0.29,0.74,0.78,0.04,0.04,78022.92,1777195050000
1777195051.91,151.91,0.28,0.29,0.72,0.73,0.01,0.01,78022.92,1777195050000
1777195052.609,152.609,0.28,0.3,0.71,0.72,0.02,0.01,78022.66,1777195051000
1777195052.946,152.946,0.29,0.3,0.7,0.71,0.01,0.01,78022.66,1777195051000
1777195053.319,153.319,0.29,0.3,0.7,0.71,0.01,0.01,78022.3,1777195052000
1777195053.746,153.746,0.29,0.3,0.7,0.71,0.01,0.01,78022.3,1777195052000
1777195054.255,154.255,0.29,0.3,0.7,0.71,0.01,0.01,78022.3,1777195052000
1777195054.692,154.692,0.29,0.3,0.7,0.71,0.01,0.01,78023.9,1777195053000
1777195055.413,155.413,0.29,0.3,0.7,0.71,0.01,0.01,78023.26,1777195054000
1777195055.947,155.947,0.29,0.3,0.7,0.71,0.01,0.01,78023.47,1777195055000
1777195056.529,156.529,0.29,0.3,0.7,0.71,0.01,0.01,78023.47,1777195055000
1777195057.139,157.139,0.29,0.3,0.7,0.71,0.01,0.01,78022.12,1777195056000
1777195057.528,157.528,0.29,0.3,0.7,0.71,0.01,0.01,78022.12,1777195056000
1777195058.082,158.082,0.29,0.3,0.7,0.71,0.01,0.01,78022.12,1777195056000
1777195058.838,158.838,0.29,0.3,0.7,0.71,0.01,0.01,78022.22,1777195057000
1777195059.792,159.792,0.29,0.3,0.7,0.71,0.01,0.01,78019.95,1777195058000
1777195060.376,160.376,0.29,0.3,0.7,0.71,0.01,0.01,78022.11,1777195059000
1777195061.094,161.094,0.29,0.3,0.7,0.71,0.01,0.01,78022.23,1777195060000
1777195062.172,162.172,0.29,0.3,0.7,0.71,0.01,0.01,78022.23,1777195060000
1777195062.508,162.508,0.29,0.3,0.7,0.71,0.01,0.01,78024.25,1777195061000
1777195062.905,162.905,0.29,0.3,0.7,0.71,0.01,0.01,78024.25,1777195061000
1777195063.301,163.301,0.29,0.3,0.7,0.71,0.01,0.01,78022.06,1777195062000
1777195063.76,163.76,0.29,0.3,0.7,0.71,0.01,0.01,78022.06,1777195062000
1777195064.492,164.492,0.29,0.3,0.7,0.71,0.01,0.01,78022.18,1777195063000
1777195065.282,165.282,0.29,0.3,0.7,0.71,0.01,0.01,78022.19,1777195064000
1777195065.714,165.714,0.29,0.3,0.7,0.71,0.01,0.01,78022.19,1777195064000
1777195066.288,166.288,0.29,0.3,0.7,0.71,0.01,0.01,78022.19,1777195064000
1777195066.772,166.772,0.29,0.3,0.7,0.71,0.01,0.01,78024.26,1777195065000
1777195067.369,167.369,0.29,0.3,0.7,0.71,0.01,0.01,78024.3,1777195066000
1777195067.736,167.736,0.29,0.3,0.7,0.71,0.01,0.01,78024.3,1777195066000
1777195068.097,168.097,0.28,0.29,0.7,0.72,0.01,0.02,78024.3,1777195066000
1777195068.739,168.739,0.28,0.29,0.71,0.72,0.01,0.01,78024.29,1777195067000
1777195069.349,169.349,0.28,0.29,0.71,0.72,0.01,0.01,78024.09,1777195068000
1777195069.831,169.831,0.28,0.29,0.71,0.72,0.01,0.01,78024.09,1777195068000
1777195070.952,170.952,0.28,0.29,0.71,0.73,0.01,0.02,78023.97,1777195069000
1777195071.338,171.338,0.27,0.29,0.71,0.72,0.02,0.01,78023.97,1777195070000
1777195071.698,171.698,0.27,0.29,0.71,0.73,0.02,0.02,78023.97,1777195070000
1777195072.148,172.148,0.28,0.29,0.71,0.72,0.01,0.01,78022.58,1777195071000
1777195072.85,172.85,0.28,0.29,0.71,0.72,0.01,0.01,78022.58,1777195071000
1777195073.411,173.411,0.28,0.29,0.71,0.72,0.01,0.01,78022.66,1777195072000
1777195073.932,173.932,0.28,0.31,0.71,0.72,0.03,0.01,78022.66,1777195072000
1777195074.277,174.277,0.37,0.38,0.61,0.64,0.01,0.03,78022.48,1777195073000
1777195074.639,174.639,0.37,0.38,0.62,0.63,0.01,0.01,78022.48,1777195073000
1777195075.089,175.089,0.37,0.38,0.62,0.63,0.01,0.01,78022.48,1777195073000
1777195075.478,175.478,0.37,0.38,0.62,0.63,0.01,0.01,78023.98,1777195074000
1777195075.999,175.999,0.38,0.39,0.61,0.63,0.01,0.02,78023.98,1777195074000
1777195076.486,176.486,0.38,0.39,0.6,0.62,0.01,0.02,78024.51,1777195075000
1777195077.282,177.282,0.38,0.39,0.61,0.62,0.01,0.01,78025.43,1777195076000
1777195078.224,178.224,0.38,0.39,0.61,0.62,0.01,0.01,78025.43,1777195076000
1777195078.65,178.65,0.38,0.39,0.61,0.62,0.01,0.01,78025.53,1777195077000
1777195079.194,179.194,0.38,0.39,0.61,0.62,0.01,0.01,78025.52,1777195078000
1777195079.689,179.689,0.38,0.39,0.61,0.62,0.01,0.01,78025.52,1777195078000
1777195080.371,180.371,0.38,0.39,0.61,0.62,0.01,0.01,78025.52,1777195078000
1777195080.923,180.923,0.4,0.42,0.58,0.6,0.02,0.02,78025.57,1777195080000
1777195081.305,181.305,0.4,0.42,0.58,0.6,0.02,0.02,78025.57,1777195080000
1777195081.707,181.707,0.42,0.43,0.57,0.59,0.01,0.02,78025.57,1777195080000
1777195082.429,182.429,0.42,0.43,0.57,0.58,0.01,0.01,78025.57,1777195080000
1777195082.772,182.772,0.44,0.46,0.54,0.56,0.02,0.02,78025.61,1777195081000
1777195083.162,183.162,0.46,0.47,0.53,0.54,0.01,0.01,78025.61,1777195081000
1777195083.667,183.667,0.46,0.47,0.53,0.54,0.01,0.01,78025.44,1777195082000
1777195084.32,184.32,0.46,0.47,0.53,0.54,0.01,0.01,78025.44,1777195082000
1777195084.817,184.817,0.46,0.47,0.53,0.54,0.01,0.01,78025.54,1777195083000
1777195085.236,185.236,0.46,0.47,0.53,0.54,0.01,0.01,78025.54,1777195084000
1777195085.91,185.91,0.46,0.47,0.53,0.54,0.01,0.01,78025.54,1777195084000
1777195086.306,186.306,0.46,0.47,0.53,0.54,0.01,0.01,78027.77,1777195085000
1777195086.715,186.715,0.46,0.47,0.53,0.54,0.01,0.01,78027.77,1777195085000
1777195087.1,187.1,0.43,0.47,0.53,0.54,0.04,0.01,78027.77,1777195085000
1777195087.703,187.703,0.39,0.4,0.6,0.61,0.01,0.01,78027.9,1777195086000
1777195088.057,188.057,0.39,0.4,0.6,0.61,0.01,0.01,78027.91,1777195087000
1777195088.562,188.562,0.39,0.4,0.6,0.61,0.01,0.01,78027.91,1777195087000
1777195088.903,188.903,0.39,0.4,0.6,0.61,0.01,0.01,78027.91,1777195087000
1777195089.267,189.267,0.39,0.4,0.6,0.61,0.01,0.01,78027.91,1777195088000
1777195089.715,189.715,0.4,0.41,0.59,0.61,0.01,0.02,78027.91,1777195088000
1777195090.149,190.149,0.41,0.45,0.58,0.6,0.04,0.02,78027.91,1777195088000
1777195090.494,190.494,0.54,0.56,0.44,0.46,0.02,0.02,78027.91,1777195088000
1777195090.856,190.856,0.55,0.56,0.44,0.45,0.01,0.01,78027.9,1777195089000
1777195091.326,191.326,0.55,0.56,0.44,0.45,0.01,0.01,78027.9,1777195090000
1777195091.72,191.72,0.55,0.56,0.44,0.45,0.01,0.01,78027.9,1777195090000
1777195092.107,192.107,0.55,0.56,0.44,0.45,0.01,0.01,78027.9,1777195090000
1777195092.573,192.573,0.55,0.56,0.44,0.45,0.01,0.01,78031.57,1777195091000
1777195092.972,192.972,0.55,0.56,0.44,0.45,0.01,0.01,78031.57,1777195091000
1777195093.337,193.337,0.55,0.56,0.44,0.45,0.01,0.01,78032.04,1777195092000
1777195093.771,193.771,0.56,0.57,0.43,0.45,0.01,0.02,78032.04,1777195092000
1777195094.216,194.216,0.56,0.57,0.43,0.44,0.01,0.01,78031.93,1777195093000
1777195094.734,194.734,0.56,0.57,0.43,0.44,0.01,0.01,78031.93,1777195093000
1777195095.26,195.26,0.56,0.57,0.43,0.44,0.01,0.01,78031.93,1777195094000
1777195096.224,196.224,0.56,0.57,0.43,0.44,0.01,0.01,78031.93,1777195095000
1777195096.628,196.628,0.56,0.57,0.43,0.44,0.01,0.01,78031.93,1777195095000
1777195096.963,196.963,0.56,0.57,0.43,0.44,0.01,0.01,78031.93,1777195095000
1777195097.332,197.332,0.56,0.57,0.43,0.44,0.01,0.01,78031.93,1777195096000
1777195097.753,197.753,0.56,0.57,0.43,0.44,0.01,0.01,78031.93,1777195096000
1777195098.293,198.293,0.56,0.57,0.43,0.44,0.01,0.01,78031.93,1777195097000
1777195098.673,198.673,0.57,0.58,0.42,0.43,0.01,0.01,78031.93,1777195097000
1777195099.127,199.127,0.57,0.58,0.42,0.43,0.01,0.01,78031.93,1777195097000
1777195099.461,199.461,0.57,0.58,0.42,0.43,0.01,0.01,78031.93,1777195098000
1777195100.029,200.029,0.57,0.58,0.42,0.43,0.01,0.01,78031.93,1777195098000
1777195100.537,200.537,0.57,0.58,0.42,0.43,0.01,0.01,78031.93,1777195099000
1777195101.241,201.241,0.57,0.58,0.42,0.43,0.01,0.01,78031.9,1777195100000
1777195102.232,202.232,0.57,0.58,0.42,0.43,0.01,0.01,78031.9,1777195100000
1777195102.971,202.971,0.57,0.58,0.42,0.43,0.01,0.01,78031.9,1777195101000
1777195103.325,203.325,0.56,0.58,0.42,0.43,0.02,0.01,78031.9,1777195101000
1777195103.799,203.799,0.57,0.58,0.42,0.43,0.01,0.01,78031.87,1777195102000
1777195104.186,204.186,0.56,0.57,0.43,0.44,0.01,0.01,78031.91,1777195103000
1777195105.117,205.117,0.56,0.57,0.43,0.44,0.01,0.01,78031.91,1777195103000
1777195105.682,205.682,0.56,0.57,0.43,0.44,0.01,0.01,78031.92,1777195104000
1777195106.123,206.123,0.56,0.57,0.43,0.44,0.01,0.01,78031.92,1777195105000
1777195107.127,207.127,0.57,0.58,0.42,0.43,0.01,0.01,78031.92,1777195105000
1777195107.469,207.469,0.57,0.58,0.42,0.43,0.01,0.01,78031.92,1777195106000
1777195108.018,208.018,0.57,0.58,0.42,0.43,0.01,0.01,78031.89,1777195107000
1777195108.772,208.772,0.57,0.58,0.42,0.43,0.01,0.01,78031.89,1777195107000
1777195109.15,209.15,0.57,0.58,0.42,0.43,0.01,0.01,78031.91,1777195108000
1777195109.763,209.763,0.57,0.58,0.42,0.43,0.01,0.01,78031.91,1777195108000
1777195110.149,210.149,0.57,0.58,0.42,0.43,0.01,0.01,78031.92,1777195109000
1777195110.59,210.59,0.57,0.58,0.42,0.43,0.01,0.01,78031.92,1777195109000
1777195111.214,211.214,0.57,0.58,0.42,0.43,0.01,0.01,78031.4,1777195110000
1777195111.82,211.82,0.57,0.58,0.42,0.43,0.01,0.01,78031.4,1777195110000
1777195112.261,212.261,0.59,0.6,0.4,0.43,0.01,0.03,78031.4,1777195111000
1777195112.616,212.616,0.59,0.6,0.4,0.41,0.01,0.01,78031.4,1777195111000
1777195113.237,213.237,0.59,0.6,0.4,0.41,0.01,0.01,78031.63,1777195112000
1777195113.603,213.603,0.59,0.6,0.4,0.41,0.01,0.01,78031.63,1777195112000
1777195114.035,214.035,0.59,0.6,0.4,0.41,0.01,0.01,78029.79,1777195113000
1777195114.809,214.809,0.59,0.6,0.4,0.41,0.01,0.01,78029.79,1777195113000
1777195115.186,215.186,0.59,0.6,0.4,0.41,0.01,0.01,78029.49,1777195114000
1777195115.55,215.55,0.59,0.6,0.4,0.41,0.01,0.01,78029.49,1777195114000
1777195116.019,216.019,0.59,0.6,0.4,0.41,0.01,0.01,78029.49,1777195114000
1777195116.444,216.444,0.59,0.6,0.4,0.41,0.01,0.01,78029.49,1777195114000
1777195116.979,216.979,0.59,0.6,0.4,0.41,0.01,0.01,78029.72,1777195115000
1777195117.403,217.403,0.59,0.6,0.4,0.41,0.01,0.01,78031.56,1777195116000
1777195117.759,217.759,0.59,0.6,0.4,0.41,0.01,0.01,78031.56,1777195116000
1777195118.134,218.134,0.59,0.6,0.4,0.41,0.01,0.01,78031.56,1777195117000
1777195118.707,218.707,0.59,0.6,0.4,0.41,0.01,0.01,78031.56,1777195117000
1777195119.407,219.407,0.59,0.6,0.4,0.41,0.01,0.01,78031.34,1777195118000
1777195119.829,219.829,0.59,0.6,0.4,0.41,0.01,0.01,78031.34,1777195118000
1777195120.324,220.324,0.58,0.59,0.41,0.42,0.01,0.01,78031.3,1777195119000
1777195120.678,220.678,0.58,0.59,0.41,0.42,0.01,0.01,78031.3,1777195119000
1777195121.141,221.141,0.56,0.57,0.42,0.44,0.01,0.02,78031.3,1777195119000
1777195121.63,221.63,0.56,0.57,0.43,0.44,0.01,0.01,78029.47,1777195120000
1777195122.384,222.384,0.56,0.57,0.43,0.44,0.01,0.01,78029.31,1777195121000
1777195122.742,222.742,0.56,0.57,0.43,0.44,0.01,0.01,78029.31,1777195121000
1777195123.325,223.325,0.56,0.58,0.43,0.44,0.02,0.01,78029.31,1777195122000
1777195124.11,224.11,0.56,0.58,0.42,0.44,0.02,0.02,78029.26,1777195123000
1777195124.499,224.499,0.56,0.57,0.43,0.44,0.01,0.01,78029.26,1777195123000
1777195125.221,225.221,0.56,0.57,0.43,0.44,0.01,0.01,78029.26,1777195124000
1777195125.562,225.562,0.56,0.57,0.43,0.44,0.01,0.01,78029.26,1777195124000
1777195126.406,226.406,0.56,0.57,0.43,0.44,0.01,0.01,78029.27,1777195125000
1777195127.078,227.078,0.56,0.57,0.43,0.44,0.01,0.01,78029.26,1777195126000
1777195127.439,227.439,0.56,0.57,0.43,0.44,0.01,0.01,78029.26,1777195126000
1777195127.867,227.867,0.47,0.48,0.52,0.53,0.01,0.01,78029.26,1777195126000
1777195128.358,228.358,0.47,0.48,0.52,0.53,0.01,0.01,78029.26,1777195127000
1777195129.051,229.051,0.47,0.48,0.52,0.53,0.01,0.01,78029.26,1777195127000
1777195129.63,229.63,0.47,0.48,0.52,0.53,0.01,0.01,78029.08,1777195128000
1777195130.003,230.003,0.47,0.48,0.52,0.53,0.01,0.01,78029.08,1777195128000
1777195130.389,230.389,0.47,0.48,0.52,0.53,0.01,0.01,78030.52,1777195129000
1777195130.927,230.927,0.47,0.48,0.52,0.53,0.01,0.01,78030.52,1777195129000
1777195132.178,232.178,0.45,0.47,0.53,0.55,0.02,0.02,78030.34,1777195131000
1777195132.524,232.524,0.45,0.46,0.54,0.55,0.01,0.01,78030.34,1777195131000
1777195132.89,232.89,0.45,0.46,0.54,0.55,0.01,0.01,78030.34,1777195131000
1777195133.419,233.419,0.45,0.46,0.54,0.55,0.01,0.01,78030.34,1777195131000
1777195134.031,234.031,0.45,0.46,0.54,0.55,0.01,0.01,78028.31,1777195133000
1777195134.87,234.87,0.45,0.46,0.54,0.55,0.01,0.01,78028.28,1777195134000
1777195135.259,235.259,0.45,0.46,0.54,0.55,0.01,0.01,78028.28,1777195134000
1777195135.827,235.827,0.45,0.46,0.54,0.55,0.01,0.01,78028.28,1777195134000
1777195136.488,236.488,0.45,0.46,0.54,0.55,0.01,0.01,78028.47,1777195135000
1777195137.066,237.066,0.45,0.46,0.54,0.55,0.01,0.01,78028.49,1777195136000
1777195137.755,237.755,0.45,0.46,0.54,0.55,0.01,0.01,78028.49,1777195136000
1777195138.155,238.155,0.45,0.46,0.54,0.55,0.01,0.01,78028.49,1777195136000
1777195138.494,238.494,0.45,0.46,0.54,0.55,0.01,0.01,78028.52,1777195137000
1777195139.242,239.242,0.45,0.46,0.54,0.55,0.01,0.01,78029.38,1777195138000
1777195139.598,239.598,0.45,0.46,0.54,0.55,0.01,0.01,78029.38,1777195138000
1777195140.137,240.137,0.45,0.46,0.54,0.55,0.01,0.01,78029.38,1777195138000
1777195140.478,240.478,0.46,0.47,0.53,0.54,0.01,0.01,78030.86,1777195139000
1777195140.994,240.994,0.46,0.47,0.53,0.54,0.01,0.01,78030.86,1777195139000
1777195141.349,241.349,0.46,0.47,0.53,0.54,0.01,0.01,78030.86,1777195140000
1777195141.925,241.925,0.46,0.47,0.53,0.54,0.01,0.01,78030.86,1777195140000
1777195142.537,242.537,0.46,0.47,0.53,0.54,0.01,0.01,78031.11,1777195141000
1777195143.07,243.07,0.45,0.46,0.53,0.54,0.01,0.01,78031.11,1777195141000
1777195143.479,243.479,0.46,0.47,0.53,0.55,0.01,0.02,78031.11,1777195141000
1777195143.998,243.998,0.46,0.47,0.53,0.54,0.01,0.01,78031.12,1777195143000
1777195144.652,244.652,0.46,0.47,0.53,0.54,0.01,0.01,78031.12,1777195143000
1777195145.009,245.009,0.46,0.47,0.53,0.54,0.01,0.01,78030.88,1777195144000
1777195145.369,245.369,0.46,0.47,0.53,0.54,0.01,0.01,78030.88,1777195144000
1777195146.095,246.095,0.46,0.47,0.53,0.54,0.01,0.01,78030.88,1777195144000
1777195146.775,246.775,0.46,0.47,0.53,0.54,0.01,0.01,78030.91,1777195145000
1777195147.283,247.283,0.46,0.47,0.53,0.54,0.01,0.01,78030.91,1777195145000
1777195147.617,247.617,0.2,0.29,0.71,0.76,0.09,0.05,78030.9,1777195146000
1777195147.951,247.951,0.2,0.22,0.78,0.8,0.02,0.02,78030.9,1777195146000
1777195148.346,248.346,0.2,0.21,0.79,0.8,0.01,0.01,78030.9,1777195146000
1777195148.689,248.689,0.2,0.21,0.79,0.8,0.01,0.01,78030.9,1777195146000
1777195149.042,249.042,0.2,0.21,0.79,0.8,0.01,0.01,78030.87,1777195147000
1777195149.419,249.419,0.23,0.25,0.76,0.77,0.02,0.01,78028.65,1777195148000
1777195149.994,249.994,0.23,0.24,0.76,0.77,0.01,0.01,78028.65,1777195148000
1777195150.333,250.333,0.23,0.24,0.76,0.77,0.01,0.01,78026.33,1777195149000
1777195150.671,250.671,0.24,0.25,0.75,0.76,0.01,0.01,78026.33,1777195149000
1777195151.057,251.057,0.23,0.24,0.76,0.77,0.01,0.01,78026.33,1777195149000
1777195151.651,251.651,0.23,0.24,0.76,0.77,0.01,0.01,78028.08,1777195150000
1777195152.05,252.05,0.23,0.24,0.76,0.77,0.01,0.01,78028.09,1777195151000
1777195152.427,252.427,0.23,0.24,0.76,0.77,0.01,0.01,78028.09,1777195151000
1777195152.875,252.875,0.23,0.24,0.76,0.77,0.01,0.01,78028.09,1777195151000
1777195153.816,253.816,0.23,0.24,0.76,0.77,0.01,0.01,78028.09,1777195152000
1777195154.567,254.567,0.23,0.24,0.76,0.77,0.01,0.01,78028.13,1777195153000
1777195154.92,254.92,0.23,0.24,0.76,0.77,0.01,0.01,78028.13,1777195153000
1777195155.261,255.261,0.23,0.24,0.76,0.77,0.01,0.01,78028.14,1777195154000
1777195155.699,255.699,0.23,0.24,0.76,0.77,0.01,0.01,78028.14,1777195154000
1777195156.055,256.055,0.23,0.25,0.75,0.77,0.02,0.02,78028.14,1777195155000
1777195156.482,256.482,0.22,0.23,0.75,0.8,0.01,0.05,78028.14,1777195155000
1777195156.901,256.901,0.22,0.23,0.77,0.78,0.01,0.01,78028.14,1777195155000
1777195157.244,257.244,0.22,0.23,0.77,0.78,0.01,0.01,78028.16,1777195156000
1777195157.622,257.622,0.22,0.23,0.77,0.78,0.01,0.01,78028.16,1777195156000
1777195157.981,257.981,0.22,0.23,0.77,0.78,0.01,0.01,78028.16,1777195156000
1777195158.757,258.757,0.3,0.31,0.71,0.72,0.01,0.01,78027.83,1777195157000
1777195159.244,259.244,0.3,0.31,0.69,0.7,0.01,0.01,78027.83,1777195157000
1777195159.617,259.617,0.24,0.3,0.69,0.72,0.06,0.03,78027.89,1777195158000
1777195159.951,259.951,0.23,0.24,0.76,0.77,0.01,0.01,78027.89,1777195158000
1777195160.482,260.482,0.23,0.24,0.76,0.77,0.01,0.01,78027.84,1777195159000
1777195160.817,260.817,0.23,0.24,0.76,0.77,0.01,0.01,78027.84,1777195159000
1777195161.353,261.353,0.23,0.24,0.76,0.77,0.01,0.01,78027.84,1777195160000
1777195161.857,261.857,0.25,0.26,0.74,0.75,0.01,0.01,78027.84,1777195160000
1777195162.2,262.2,0.25,0.3,0.74,0.75,0.05,0.01,78027.84,1777195160000
1777195162.662,262.662,0.26,0.27,0.73,0.74,0.01,0.01,78027.84,1777195160000
1777195163.067,263.067,0.26,0.27,0.73,0.74,0.01,0.01,78027.84,1777195161000
1777195163.595,263.595,0.26,0.27,0.73,0.74,0.01,0.01,78027.84,1777195161000
1777195164.091,264.091,0.26,0.27,0.73,0.74,0.01,0.01,78027.82,1777195162000
1777195164.45,264.45,0.27,0.28,0.72,0.73,0.01,0.01,78027.82,1777195162000
1777195164.999,264.999,0.3,0.31,0.7,0.71,0.01,0.01,78027.82,1777195163000
1777195165.383,265.383,0.3,0.31,0.69,0.7,0.01,0.01,78027.82,1777195163000
1777195166.546,266.546,0.3,0.31,0.69,0.7,0.01,0.01,78027.87,1777195164000
1777195167.163,267.163,0.3,0.31,0.69,0.7,0.01,0.01,78027.86,1777195165000
1777195167.936,267.936,0.3,0.31,0.69,0.7,0.01,0.01,78027.86,1777195166000
1777195168.444,268.444,0.29,0.3,0.69,0.71,0.01,0.02,78027.86,1777195166000
1777195169.041,269.041,0.28,0.3,0.7,0.71,0.02,0.01,78027.86,1777195166000
1777195169.494,269.494,0.3,0.31,0.71,0.73,0.01,0.02,78027.92,1777195168000
1777195170.185,270.185,0.27,0.28,0.71,0.72,0.01,0.01,78027.92,1777195168000
1777195170.533,270.533,0.27,0.28,0.72,0.73,0.01,0.01,78027.92,1777195168000
1777195170.881,270.881,0.28,0.29,0.71,0.72,0.01,0.01,78027.89,1777195169000
1777195171.345,271.345,0.3,0.31,0.67,0.72,0.01,0.05,78027.89,1777195169000
1777195171.783,271.783,0.32,0.33,0.68,0.69,0.01,0.01,78027.89,1777195170000
1777195172.2,272.2,0.32,0.33,0.67,0.68,0.01,0.01,78027.89,1777195171000
1777195172.642,272.642,0.32,0.33,0.67,0.68,0.01,0.01,78027.89,1777195171000
1777195172.975,272.975,0.2,0.21,0.79,0.8,0.01,0.01,78027.89,1777195171000
1777195173.313,273.313,0.1,0.11,0.87,0.9,0.01,0.03,78027.89,1777195171000
1777195173.646,273.646,0.1,0.11,0.89,0.9,0.01,0.01,78027.89,1777195171000
1777195173.996,273.996,0.08,0.09,0.9,0.92,0.01,0.02,78027.88,1777195172000
1777195174.354,274.354,0.09,0.1,0.9,0.91,0.01,0.01,78027.88,1777195172000
1777195174.709,274.709,0.07,0.12,0.88,0.93,0.05,0.05,78024.52,1777195173000
1777195175.113,275.113,0.08,0.09,0.91,0.93,0.01,0.02,78024.52,1777195173000
1777195175.457,275.457,0.07,0.09,0.91,0.92,0.02,0.01,78018.74,1777195174000
1777195175.881,275.881,0.08,0.1,0.91,0.92,0.02,0.01,78018.74,1777195174000
1777195176.319,276.319,0.07,0.11,0.91,0.92,0.04,0.01,78018.74,1777195174000
1777195176.685,276.685,0.07,0.08,0.9,0.93,0.01,0.03,78018.29,1777195175000
1777195177.038,277.038,0.07,0.08,0.92,0.93,0.01,0.01,78018.29,1777195175000
1777195177.391,277.391,0.06,0.07,0.93,0.94,0.01,0.01,78018.29,1777195176000
1777195177.776,277.776,0.06,0.07,0.93,0.94,0.01,0.01,78018.29,1777195176000
1777195178.145,278.145,0.06,0.07,0.93,0.94,0.01,0.01,78018.29,1777195177000
1777195178.516,278.516,0.05,0.06,0.94,0.95,0.01,0.01,78018.29,1777195177000
1777195178.909,278.909,0.04,0.05,0.94,0.96,0.01,0.02,78018.29,1777195177000
1777195179.355,279.355,0.04,0.05,0.94,0.96,0.01,0.02,78018.29,1777195177000
1777195179.7,279.7,0.04,0.05,0.95,0.96,0.01,0.01,78017.67,1777195178000
1777195180.038,280.038,0.03,0.05,0.95,0.96,0.02,0.01,78017.67,1777195178000
1777195180.386,280.386,0.03,0.04,0.95,0.97,0.01,0.02,78017.67,1777195179000
1777195180.788,280.788,0.03,0.04,0.96,0.97,0.01,0.01,78017.67,1777195179000
1777195181.149,281.149,0.03,0.04,0.95,0.97,0.01,0.02,78017.67,1777195179000
1777195181.521,281.521,0.03,0.04,0.96,0.97,0.01,0.01,78017.57,1777195180000
1777195181.856,281.856,0.03,0.04,0.96,0.97,0.01,0.01,78017.57,1777195180000
1777195182.272,282.272,0.03,0.04,0.96,0.97,0.01,0.01,78017.57,1777195180000
1777195182.726,282.726,0.03,0.04,0.96,0.97,0.01,0.01,78017.57,1777195180000
1777195183.075,283.075,0.03,0.04,0.96,0.97,0.01,0.01,78018.28,1777195182000
1777195183.501,283.501,0.03,0.04,0.96,0.97,0.01,0.01,78018.28,1777195182000
1777195183.96,283.96,0.03,0.04,0.96,0.97,0.01,0.01,78018.28,1777195182000
1777195184.298,284.298,0.03,0.04,0.96,0.97,0.01,0.01,78018.28,1777195183000
1777195184.64,284.64,0.03,0.04,0.96,0.97,0.01,0.01,78018.28,1777195183000
1777195185.029,285.029,0.03,0.04,0.96,0.97,0.01,0.01,78017.55,1777195184000
1777195185.386,285.386,0.03,0.04,0.96,0.97,0.01,0.01,78017.55,1777195184000
1777195185.735,285.735,0.03,0.04,0.96,0.97,0.01,0.01,78017.55,1777195184000
1777195186.089,286.089,0.03,0.04,0.96,0.97,0.01,0.01,78017.55,1777195184000
1777195186.436,286.436,0.02,0.03,0.97,0.98,0.01,0.01,78017.54,1777195185000
1777195186.937,286.937,0.02,0.03,0.96,0.98,0.01,0.02,78017.54,1777195185000
1777195187.286,287.286,0.02,0.03,0.97,0.98,0.01,0.01,78017.55,1777195186000
1777195187.619,287.619,0.02,0.03,0.97,0.98,0.01,0.01,78017.55,1777195186000
1777195187.961,287.961,0.02,0.03,0.97,0.98,0.01,0.01,78017.55,1777195186000
1777195188.316,288.316,0.01,0.02,0.97,0.99,0.01,0.02,78018.28,1777195187000
1777195188.771,288.771,0.01,0.02,0.98,0.99,0.01,0.01,78018.28,1777195187000
1777195189.115,289.115,0.01,0.02,0.98,0.99,0.01,0.01,78018.28,1777195187000
1777195189.496,289.496,0.01,0.02,0.98,0.99,0.01,0.01,78011.42,1777195188000
1777195189.83,289.83,0.01,0.02,0.98,0.99,0.01,0.01,78011.42,1777195188000
1777195190.266,290.266,0.01,0.02,0.98,0.99,0.01,0.01,78007.69,1777195189000
1777195190.614,290.614,0.01,0.02,0.97,0.99,0.01,0.02,78007.69,1777195189000
1777195190.969,290.969,0.01,0.02,0.98,0.99,0.01,0.01,78007.69,1777195189000
1777195191.311,291.311,0.01,0.02,0.98,0.99,0.01,0.01,78007.69,1777195190000
1777195191.658,291.658,0.01,0.02,0.98,0.99,0.01,0.01,78007.69,1777195190000
1777195192.138,292.138,0.01,0.02,0.98,0.99,0.01,0.01,78007.69,1777195190000
1777195192.489,292.489,0.01,0.02,0.98,0.99,0.01,0.01,78007.69,1777195191000
1777195192.964,292.964,0.01,0.02,0.98,0.99,0.01,0.01,78007.69,1777195191000
1777195193.327,293.327,0.01,0.02,0.98,0.99,0.01,0.01,78007.68,1777195192000
1777195193.765,293.765,0.01,0.01,0.99,0.99,0.0,0.0,78007.68,1777195192000
1777195194.137,294.137,0.01,0.01,0.99,0.99,0.0,0.0,78007.68,1777195192000
1777195195.091,295.091,0.01,0.01,0.99,0.99,0.0,0.0,78007.67,1777195193000
1777195195.874,295.874,0.01,0.01,0.99,0.99,0.0,0.0,78007.67,1777195194000
1777195196.51,296.51,0.01,0.01,0.99,0.99,0.0,0.0,78007.67,1777195195000
1777195197.035,297.035,0.01,0.01,0.99,0.99,0.0,0.0,78007.67,1777195195000
1777195197.674,297.674,0.01,0.01,0.99,0.99,0.0,0.0,78007.67,1777195196000
1777195198.177,298.177,0.01,0.01,0.99,0.99,0.0,0.0,78007.68,1777195197000
1777195198.603,298.603,0.01,0.01,0.99,0.99,0.0,0.0,78007.68,1777195197000
1777195199.115,299.115,0.01,0.01,0.99,0.99,0.0,0.0,78007.68,1777195198000
1777195199.574,299.574,0.01,0.01,0.99,0.99,0.0,0.0,78007.68,1777195198000
1777195200.032,300.032,0.01,0.01,0.99,0.99,0.0,0.0,78007.68,1777195198000
1777195200.408,300.408,0.01,0.01,0.99,0.99,0.0,0.0,78007.68,1777195199000
1777195200.831,300.831,0.01,0.01,0.99,0.99,0.0,0.0,78007.68,1777195199000

# RESULT,winner=Down,slug=btc-updown-5m-1777194900,ticks=612
