timestamp,elapsed_sec,up_bid,up_ask,down_bid,down_ask,up_spread,down_spread,btc_price,btc_oracle_ts
1776081900.604,0.604,0.49,0.5,0.49,0.5,0.01,0.01,70863.26,1776081899000
1776081901.025,1.025,0.41,0.43,0.57,0.59,0.02,0.02,70863.26,1776081900000
1776081901.384,1.384,0.42,0.44,0.57,0.58,0.02,0.01,70863.26,1776081900000
1776081901.753,1.753,0.45,0.47,0.53,0.56,0.02,0.03,70863.26,1776081900000
1776081902.088,2.088,0.47,0.48,0.52,0.53,0.01,0.01,70861.87,1776081901000
1776081902.483,2.483,0.46,0.48,0.53,0.54,0.02,0.01,70861.87,1776081901000
1776081902.937,2.937,0.49,0.5,0.5,0.51,0.01,0.01,70861.87,1776081901000
1776081903.485,3.485,0.5,0.51,0.49,0.5,0.01,0.01,70853.28,1776081902000
1776081903.843,3.843,0.5,0.51,0.49,0.5,0.01,0.01,70853.28,1776081902000
1776081904.178,4.178,0.51,0.53,0.47,0.49,0.02,0.02,70853.28,1776081902000
1776081904.538,4.538,0.53,0.54,0.46,0.47,0.01,0.01,70856.25,1776081903000
1776081904.875,4.875,0.54,0.55,0.45,0.47,0.01,0.02,70856.25,1776081903000
1776081905.212,5.212,0.58,0.59,0.41,0.46,0.01,0.05,70863.91,1776081904000
1776081905.554,5.554,0.57,0.59,0.41,0.42,0.02,0.01,70863.91,1776081904000
1776081905.889,5.889,0.57,0.58,0.42,0.43,0.01,0.01,70863.91,1776081904000
1776081906.486,6.486,0.58,0.59,0.41,0.43,0.01,0.02,70866.75,1776081905000
1776081906.846,6.846,0.59,0.6,0.4,0.41,0.01,0.01,70866.75,1776081905000
1776081907.288,7.288,0.6,0.61,0.39,0.41,0.01,0.02,70872.42,1776081906000
1776081907.624,7.624,0.6,0.62,0.39,0.4,0.02,0.01,70872.42,1776081906000
1776081907.984,7.984,0.61,0.63,0.38,0.39,0.02,0.01,70872.42,1776081906000
1776081908.452,8.452,0.63,0.64,0.36,0.38,0.01,0.02,70880.48,1776081907000
1776081908.807,8.807,0.63,0.64,0.36,0.37,0.01,0.01,70880.48,1776081907000
1776081909.195,9.195,0.63,0.64,0.36,0.37,0.01,0.01,70883.37,1776081908000
1776081909.608,9.608,0.65,0.66,0.33,0.35,0.01,0.02,70883.37,1776081908000
1776081910.017,10.017,0.65,0.66,0.34,0.35,0.01,0.01,70884.71,1776081909000
1776081910.403,10.403,0.64,0.66,0.34,0.35,0.02,0.01,70884.71,1776081909000
1776081910.765,10.765,0.64,0.65,0.35,0.36,0.01,0.01,70884.71,1776081909000
1776081911.209,11.209,0.64,0.65,0.35,0.36,0.01,0.01,70888.53,1776081910000
1776081911.556,11.556,0.64,0.65,0.35,0.36,0.01,0.01,70888.53,1776081910000
1776081911.899,11.899,0.64,0.65,0.35,0.36,0.01,0.01,70888.76,1776081911000
1776081912.324,12.324,0.64,0.65,0.35,0.36,0.01,0.01,70888.76,1776081911000
1776081912.941,12.941,0.64,0.65,0.35,0.36,0.01,0.01,70888.76,1776081911000
1776081913.326,13.326,0.64,0.65,0.35,0.36,0.01,0.01,70890.76,1776081912000
1776081913.682,13.682,0.64,0.65,0.35,0.36,0.01,0.01,70890.76,1776081912000
1776081914.018,14.018,0.63,0.64,0.36,0.37,0.01,0.01,70890.76,1776081912000
1776081914.455,14.455,0.63,0.64,0.36,0.37,0.01,0.01,70891.09,1776081913000
1776081914.811,14.811,0.63,0.64,0.36,0.37,0.01,0.01,70891.09,1776081913000
1776081915.16,15.16,0.63,0.64,0.36,0.37,0.01,0.01,70889.81,1776081914000
1776081915.519,15.519,0.62,0.63,0.37,0.38,0.01,0.01,70889.81,1776081914000
1776081915.897,15.897,0.62,0.63,0.37,0.38,0.01,0.01,70889.81,1776081914000
1776081916.249,16.249,0.62,0.63,0.37,0.38,0.01,0.01,70889.81,1776081914000
1776081916.59,16.59,0.62,0.63,0.37,0.38,0.01,0.01,70888.56,1776081915000
1776081917.023,17.023,0.62,0.63,0.37,0.38,0.01,0.01,70888.54,1776081916000
1776081917.424,17.424,0.62,0.63,0.37,0.38,0.01,0.01,70888.54,1776081916000
1776081917.964,17.964,0.62,0.63,0.37,0.38,0.01,0.01,70888.54,1776081916000
1776081918.332,18.332,0.62,0.63,0.37,0.38,0.01,0.01,70888.54,1776081917000
1776081918.766,18.766,0.63,0.64,0.36,0.38,0.01,0.02,70888.54,1776081917000
1776081919.236,19.236,0.63,0.65,0.36,0.37,0.02,0.01,70888.54,1776081918000
1776081919.8,19.8,0.64,0.65,0.35,0.37,0.01,0.02,70888.54,1776081918000
1776081920.17,20.17,0.65,0.66,0.34,0.36,0.01,0.02,70888.87,1776081919000
1776081920.506,20.506,0.65,0.67,0.33,0.35,0.02,0.02,70888.87,1776081919000
1776081920.876,20.876,0.66,0.67,0.33,0.34,0.01,0.01,70888.87,1776081919000
1776081921.322,21.322,0.67,0.68,0.32,0.33,0.01,0.01,70888.87,1776081919000
1776081921.748,21.748,0.67,0.68,0.32,0.33,0.01,0.01,70891.77,1776081920000
1776081922.145,22.145,0.67,0.69,0.32,0.33,0.02,0.01,70894.47,1776081921000
1776081922.612,22.612,0.68,0.69,0.31,0.32,0.01,0.01,70894.47,1776081921000
1776081922.987,22.987,0.68,0.69,0.31,0.32,0.01,0.01,70891.93,1776081922000
1776081923.448,23.448,0.68,0.7,0.3,0.32,0.02,0.02,70891.93,1776081922000
1776081923.864,23.864,0.68,0.69,0.31,0.32,0.01,0.01,70891.93,1776081922000
1776081924.205,24.205,0.68,0.71,0.29,0.32,0.03,0.03,70891.93,1776081922000
1776081924.687,24.687,0.69,0.7,0.29,0.32,0.01,0.03,70895.72,1776081923000
1776081925.052,25.052,0.69,0.71,0.29,0.31,0.02,0.02,70895.72,1776081923000
1776081925.538,25.538,0.71,0.72,0.29,0.3,0.01,0.01,70893.42,1776081924000
1776081925.938,25.938,0.71,0.72,0.28,0.29,0.01,0.01,70893.42,1776081924000
1776081926.291,26.291,0.71,0.72,0.28,0.29,0.01,0.01,70896.06,1776081925000
1776081926.643,26.643,0.7,0.72,0.28,0.29,0.02,0.01,70896.06,1776081925000
1776081927.075,27.075,0.68,0.7,0.29,0.31,0.02,0.02,70896.06,1776081925000
1776081927.414,27.414,0.67,0.68,0.31,0.33,0.01,0.02,70898.99,1776081926000
1776081927.772,27.772,0.67,0.68,0.32,0.33,0.01,0.01,70898.99,1776081926000
1776081928.208,28.208,0.67,0.68,0.32,0.33,0.01,0.01,70897.65,1776081927000
1776081928.764,28.764,0.65,0.66,0.33,0.35,0.01,0.02,70897.65,1776081927000
1776081929.186,29.186,0.65,0.66,0.34,0.35,0.01,0.01,70897.65,1776081927000
1776081929.567,29.567,0.65,0.66,0.34,0.35,0.01,0.01,70895.67,1776081928000
1776081929.912,29.912,0.65,0.66,0.34,0.35,0.01,0.01,70895.67,1776081928000
1776081930.28,30.28,0.66,0.67,0.33,0.34,0.01,0.01,70893.25,1776081929000
1776081930.629,30.629,0.66,0.67,0.33,0.34,0.01,0.01,70893.25,1776081929000
1776081931.056,31.056,0.66,0.67,0.33,0.34,0.01,0.01,70893.25,1776081929000
1776081931.395,31.395,0.67,0.68,0.32,0.34,0.01,0.02,70892.8,1776081930000
1776081931.976,31.976,0.67,0.68,0.32,0.33,0.01,0.01,70892.8,1776081930000
1776081932.508,32.508,0.68,0.69,0.32,0.33,0.01,0.01,70892.83,1776081931000
1776081932.874,32.874,0.68,0.69,0.31,0.32,0.01,0.01,70892.83,1776081931000
1776081933.217,33.217,0.68,0.69,0.31,0.32,0.01,0.01,70892.36,1776081932000
1776081933.629,33.629,0.69,0.7,0.3,0.31,0.01,0.01,70892.36,1776081932000
1776081934.107,34.107,0.69,0.7,0.3,0.31,0.01,0.01,70892.36,1776081932000
1776081934.499,34.499,0.69,0.7,0.3,0.31,0.01,0.01,70892.75,1776081933000
1776081934.88,34.88,0.69,0.7,0.3,0.31,0.01,0.01,70892.75,1776081933000
1776081935.319,35.319,0.69,0.7,0.3,0.31,0.01,0.01,70893.25,1776081934000
1776081935.755,35.755,0.7,0.71,0.29,0.3,0.01,0.01,70893.25,1776081934000
1776081936.393,36.393,0.71,0.72,0.28,0.29,0.01,0.01,70893.25,1776081935000
1776081936.8,36.8,0.71,0.72,0.28,0.29,0.01,0.01,70893.25,1776081935000
1776081937.17,37.17,0.71,0.72,0.28,0.29,0.01,0.01,70897.36,1776081936000
1776081937.518,37.518,0.7,0.72,0.28,0.29,0.02,0.01,70897.36,1776081936000
1776081937.991,37.991,0.7,0.71,0.29,0.3,0.01,0.01,70897.36,1776081936000
1776081938.558,38.558,0.71,0.72,0.28,0.29,0.01,0.01,70896.98,1776081937000
1776081938.945,38.945,0.7,0.72,0.29,0.3,0.02,0.01,70896.98,1776081937000
1776081939.285,39.285,0.7,0.71,0.29,0.3,0.01,0.01,70896.98,1776081937000
1776081939.881,39.881,0.7,0.72,0.29,0.3,0.02,0.01,70897.07,1776081938000
1776081940.244,40.244,0.71,0.72,0.28,0.3,0.01,0.02,70897.07,1776081938000
1776081940.895,40.895,0.7,0.71,0.28,0.3,0.01,0.02,70897.07,1776081939000
1776081941.299,41.299,0.71,0.72,0.29,0.3,0.01,0.01,70897.07,1776081939000
1776081941.667,41.667,0.7,0.71,0.29,0.3,0.01,0.01,70897.07,1776081940000
1776081942.019,42.019,0.69,0.7,0.29,0.31,0.01,0.02,70897.07,1776081940000
1776081942.396,42.396,0.69,0.7,0.3,0.31,0.01,0.01,70897.07,1776081941000
1776081942.761,42.761,0.69,0.7,0.3,0.31,0.01,0.01,70897.07,1776081941000
1776081943.499,43.499,0.69,0.7,0.3,0.31,0.01,0.01,70895.73,1776081942000
1776081943.926,43.926,0.69,0.7,0.3,0.31,0.01,0.01,70895.73,1776081943000
1776081944.329,44.329,0.69,0.7,0.3,0.31,0.01,0.01,70895.73,1776081943000
1776081944.686,44.686,0.69,0.7,0.3,0.31,0.01,0.01,70895.73,1776081943000
1776081945.024,45.024,0.69,0.7,0.3,0.31,0.01,0.01,70895.73,1776081944000
1776081945.359,45.359,0.69,0.7,0.3,0.31,0.01,0.01,70895.73,1776081944000
1776081945.813,45.813,0.7,0.71,0.3,0.31,0.01,0.01,70895.73,1776081944000
1776081946.251,46.251,0.72,0.73,0.29,0.3,0.01,0.01,70896.05,1776081945000
1776081946.739,46.739,0.73,0.74,0.26,0.27,0.01,0.01,70896.05,1776081945000
1776081947.074,47.074,0.74,0.75,0.25,0.26,0.01,0.01,70896.05,1776081945000
1776081947.452,47.452,0.74,0.75,0.25,0.26,0.01,0.01,70896.05,1776081945000
1776081947.871,47.871,0.74,0.75,0.25,0.26,0.01,0.01,70897.07,1776081946000
1776081948.364,48.364,0.75,0.76,0.24,0.26,0.01,0.02,70900.27,1776081947000
1776081948.798,48.798,0.75,0.76,0.24,0.25,0.01,0.01,70900.27,1776081947000
1776081949.182,49.182,0.75,0.76,0.24,0.25,0.01,0.01,70904.25,1776081948000
1776081949.549,49.549,0.75,0.76,0.24,0.25,0.01,0.01,70904.25,1776081948000
1776081949.951,49.951,0.75,0.76,0.24,0.25,0.01,0.01,70903.13,1776081949000
1776081950.314,50.314,0.75,0.76,0.24,0.25,0.01,0.01,70903.13,1776081949000
1776081950.718,50.718,0.75,0.76,0.24,0.25,0.01,0.01,70903.13,1776081949000
1776081951.131,51.131,0.75,0.76,0.24,0.25,0.01,0.01,70904.94,1776081950000
1776081951.653,51.653,0.75,0.76,0.24,0.25,0.01,0.01,70904.94,1776081950000
1776081952.033,52.033,0.75,0.76,0.24,0.25,0.01,0.01,70903.02,1776081951000
1776081952.436,52.436,0.75,0.76,0.24,0.25,0.01,0.01,70903.02,1776081951000
1776081952.892,52.892,0.74,0.75,0.25,0.26,0.01,0.01,70903.02,1776081951000
1776081953.366,53.366,0.74,0.75,0.25,0.26,0.01,0.01,70901.57,1776081952000
1776081953.766,53.766,0.74,0.76,0.25,0.26,0.02,0.01,70901.57,1776081952000
1776081954.1,54.1,0.76,0.77,0.23,0.24,0.01,0.01,70901.57,1776081952000
1776081954.554,54.554,0.76,0.77,0.23,0.24,0.01,0.01,70901.98,1776081953000
1776081954.973,54.973,0.76,0.77,0.23,0.24,0.01,0.01,70901.98,1776081953000
1776081955.347,55.347,0.76,0.77,0.23,0.24,0.01,0.01,70901.99,1776081954000
1776081955.977,55.977,0.76,0.77,0.23,0.24,0.01,0.01,70901.99,1776081954000
1776081956.94,56.94,0.76,0.77,0.23,0.24,0.01,0.01,70902.55,1776081955000
1776081957.278,57.278,0.76,0.77,0.23,0.24,0.01,0.01,70902.85,1776081956000
1776081957.74,57.74,0.76,0.77,0.23,0.24,0.01,0.01,70902.85,1776081956000
1776081958.121,58.121,0.76,0.77,0.23,0.24,0.01,0.01,70902.6,1776081957000
1776081958.614,58.614,0.77,0.78,0.22,0.23,0.01,0.01,70902.6,1776081957000
1776081959.068,59.068,0.77,0.78,0.22,0.23,0.01,0.01,70902.6,1776081957000
1776081959.437,59.437,0.77,0.78,0.22,0.23,0.01,0.01,70903.03,1776081958000
1776081959.857,59.857,0.77,0.78,0.22,0.23,0.01,0.01,70903.03,1776081958000
1776081960.314,60.314,0.77,0.78,0.22,0.23,0.01,0.01,70904.52,1776081959000
1776081960.798,60.798,0.77,0.78,0.22,0.23,0.01,0.01,70904.52,1776081959000
1776081961.194,61.194,0.77,0.78,0.22,0.23,0.01,0.01,70903.16,1776081960000
1776081961.909,61.909,0.77,0.78,0.22,0.23,0.01,0.01,70903.16,1776081960000
1776081962.271,62.271,0.77,0.78,0.22,0.23,0.01,0.01,70903.16,1776081961000
1776081962.818,62.818,0.77,0.79,0.22,0.23,0.02,0.01,70903.16,1776081961000
1776081963.168,63.168,0.78,0.79,0.21,0.22,0.01,0.01,70903.21,1776081962000
1776081963.511,63.511,0.78,0.79,0.21,0.22,0.01,0.01,70903.21,1776081962000
1776081963.995,63.995,0.78,0.79,0.21,0.22,0.01,0.01,70903.21,1776081963000
1776081964.496,64.496,0.78,0.79,0.21,0.22,0.01,0.01,70903.21,1776081963000
1776081964.862,64.862,0.74,0.75,0.25,0.26,0.01,0.01,70903.21,1776081963000
1776081965.276,65.276,0.74,0.75,0.25,0.26,0.01,0.01,70903.21,1776081964000
1776081965.614,65.614,0.74,0.75,0.25,0.26,0.01,0.01,70903.21,1776081964000
1776081966.084,66.084,0.74,0.75,0.25,0.26,0.01,0.01,70903.25,1776081965000
1776081966.616,66.616,0.73,0.74,0.26,0.27,0.01,0.01,70903.25,1776081965000
1776081967.024,67.024,0.73,0.74,0.26,0.27,0.01,0.01,70900.76,1776081966000
1776081967.447,67.447,0.73,0.74,0.26,0.27,0.01,0.01,70900.76,1776081966000
1776081967.823,67.823,0.73,0.74,0.26,0.27,0.01,0.01,70900.76,1776081966000
1776081968.281,68.281,0.73,0.74,0.26,0.27,0.01,0.01,70900.28,1776081967000
1776081968.637,68.637,0.73,0.74,0.26,0.27,0.01,0.01,70900.28,1776081967000
1776081969.063,69.063,0.73,0.74,0.26,0.27,0.01,0.01,70899.43,1776081968000
1776081969.427,69.427,0.73,0.74,0.26,0.27,0.01,0.01,70899.43,1776081968000
1776081969.777,69.777,0.73,0.74,0.26,0.27,0.01,0.01,70899.43,1776081968000
1776081970.137,70.137,0.7,0.71,0.29,0.3,0.01,0.01,70899.43,1776081968000
1776081970.483,70.483,0.68,0.69,0.31,0.32,0.01,0.01,70898.42,1776081969000
1776081970.845,70.845,0.65,0.66,0.34,0.35,0.01,0.01,70898.42,1776081969000
1776081971.185,71.185,0.65,0.66,0.34,0.35,0.01,0.01,70895.8,1776081970000
1776081971.556,71.556,0.65,0.66,0.34,0.35,0.01,0.01,70895.8,1776081970000
1776081971.924,71.924,0.65,0.66,0.34,0.35,0.01,0.01,70895.8,1776081970000
1776081972.597,72.597,0.65,0.66,0.34,0.35,0.01,0.01,70889.65,1776081971000
1776081973.056,73.056,0.65,0.66,0.34,0.35,0.01,0.01,70889.65,1776081971000
1776081973.57,73.57,0.65,0.66,0.34,0.35,0.01,0.01,70886.82,1776081972000
1776081974.176,74.176,0.65,0.66,0.34,0.35,0.01,0.01,70886.82,1776081972000
1776081974.576,74.576,0.65,0.66,0.34,0.35,0.01,0.01,70886.82,1776081973000
1776081974.924,74.924,0.65,0.66,0.34,0.35,0.01,0.01,70886.82,1776081973000
1776081975.262,75.262,0.66,0.69,0.32,0.34,0.03,0.02,70886.82,1776081973000
1776081976.139,76.139,0.68,0.69,0.31,0.32,0.01,0.01,70886.57,1776081974000
1776081976.516,76.516,0.7,0.71,0.3,0.32,0.01,0.02,70885.92,1776081975000
1776081976.858,76.858,0.72,0.73,0.27,0.28,0.01,0.01,70885.92,1776081975000
1776081977.242,77.242,0.74,0.75,0.25,0.26,0.01,0.01,70887.25,1776081976000
1776081977.677,77.677,0.74,0.75,0.25,0.26,0.01,0.01,70887.25,1776081976000
1776081978.057,78.057,0.74,0.75,0.25,0.26,0.01,0.01,70887.25,1776081976000
1776081978.531,78.531,0.74,0.75,0.25,0.26,0.01,0.01,70887.25,1776081976000
1776081978.888,78.888,0.76,0.77,0.23,0.24,0.01,0.01,70897.01,1776081977000
1776081979.458,79.458,0.77,0.79,0.22,0.23,0.02,0.01,70897.58,1776081978000
1776081979.933,79.933,0.78,0.79,0.21,0.22,0.01,0.01,70897.58,1776081978000
1776081980.434,80.434,0.78,0.79,0.21,0.22,0.01,0.01,70897.58,1776081978000
1776081980.859,80.859,0.78,0.79,0.21,0.22,0.01,0.01,70899.67,1776081979000
1776081981.387,81.387,0.78,0.79,0.21,0.22,0.01,0.01,70898.72,1776081980000
1776081981.736,81.736,0.78,0.79,0.21,0.22,0.01,0.01,70898.72,1776081980000
1776081982.285,82.285,0.78,0.79,0.21,0.22,0.01,0.01,70899.4,1776081981000
1776081982.652,82.652,0.77,0.78,0.22,0.24,0.01,0.02,70899.4,1776081981000
1776081983.008,83.008,0.77,0.78,0.22,0.23,0.01,0.01,70899.94,1776081982000
1776081983.437,83.437,0.77,0.78,0.22,0.23,0.01,0.01,70899.94,1776081982000
1776081983.987,83.987,0.76,0.78,0.22,0.23,0.02,0.01,70899.94,1776081982000
1776081984.348,84.348,0.73,0.76,0.24,0.27,0.03,0.03,70900.69,1776081983000
1776081985.229,85.229,0.73,0.74,0.26,0.27,0.01,0.01,70899.96,1776081984000
1776081985.747,85.747,0.73,0.74,0.26,0.27,0.01,0.01,70899.96,1776081984000
1776081986.173,86.173,0.73,0.74,0.26,0.27,0.01,0.01,70899.96,1776081984000
1776081986.62,86.62,0.73,0.74,0.26,0.27,0.01,0.01,70895.7,1776081985000
1776081987.45,87.45,0.73,0.74,0.26,0.27,0.01,0.01,70895.7,1776081985000
1776081987.806,87.806,0.73,0.74,0.26,0.27,0.01,0.01,70893.51,1776081986000
1776081988.874,88.874,0.73,0.74,0.26,0.27,0.01,0.01,70893.51,1776081986000
1776081989.275,89.275,0.73,0.74,0.26,0.27,0.01,0.01,70893.4,1776081987000
1776081989.661,89.661,0.73,0.74,0.26,0.27,0.01,0.01,70893.56,1776081988000
1776081990.063,90.063,0.72,0.73,0.27,0.28,0.01,0.01,70894.33,1776081989000
1776081990.489,90.489,0.72,0.73,0.27,0.28,0.01,0.01,70894.33,1776081989000
1776081990.837,90.837,0.72,0.73,0.27,0.28,0.01,0.01,70894.33,1776081989000
1776081991.223,91.223,0.72,0.73,0.27,0.28,0.01,0.01,70894.33,1776081989000
1776081992.126,92.126,0.72,0.73,0.27,0.28,0.01,0.01,70894.34,1776081990000
1776081992.726,92.726,0.72,0.73,0.27,0.28,0.01,0.01,70894.34,1776081990000
1776081993.196,93.196,0.72,0.73,0.27,0.28,0.01,0.01,70894.34,1776081991000
1776081993.776,93.776,0.72,0.73,0.27,0.28,0.01,0.01,70894.11,1776081992000
1776081994.245,94.245,0.72,0.73,0.27,0.28,0.01,0.01,70894.11,1776081992000
1776081994.59,94.59,0.72,0.73,0.27,0.28,0.01,0.01,70893.62,1776081993000
1776081995.272,95.272,0.72,0.73,0.27,0.28,0.01,0.01,70893.62,1776081994000
1776081995.648,95.648,0.72,0.74,0.27,0.28,0.02,0.01,70893.62,1776081994000
1776081996.058,96.058,0.73,0.74,0.26,0.27,0.01,0.01,70893.62,1776081994000
1776081996.496,96.496,0.72,0.73,0.27,0.28,0.01,0.01,70893.62,1776081995000
1776081996.864,96.864,0.72,0.73,0.27,0.28,0.01,0.01,70893.62,1776081995000
1776081997.297,97.297,0.72,0.73,0.27,0.28,0.01,0.01,70893.62,1776081996000
1776081997.887,97.887,0.72,0.74,0.27,0.28,0.02,0.01,70893.62,1776081996000
1776081998.254,98.254,0.75,0.76,0.24,0.25,0.01,0.01,70893.62,1776081996000
1776081998.598,98.598,0.75,0.76,0.24,0.25,0.01,0.01,70893.62,1776081996000
1776081999.184,99.184,0.75,0.76,0.24,0.25,0.01,0.01,70893.82,1776081998000
1776081999.641,99.641,0.75,0.76,0.24,0.25,0.01,0.01,70893.82,1776081998000
1776082000.235,100.235,0.75,0.76,0.24,0.25,0.01,0.01,70893.82,1776081998000
1776082000.825,100.825,0.75,0.76,0.24,0.25,0.01,0.01,70898.13,1776081999000
1776082001.644,101.644,0.76,0.77,0.24,0.25,0.01,0.01,70898.46,1776082000000
1776082002.116,102.116,0.76,0.77,0.23,0.24,0.01,0.01,70898.46,1776082000000
1776082002.45,102.45,0.77,0.78,0.22,0.24,0.01,0.02,70899.51,1776082001000
1776082002.889,102.889,0.77,0.78,0.22,0.23,0.01,0.01,70899.51,1776082001000
1776082003.635,103.635,0.77,0.78,0.22,0.23,0.01,0.01,70898.72,1776082002000
1776082003.971,103.971,0.83,0.85,0.15,0.17,0.02,0.02,70898.72,1776082002000
1776082004.321,104.321,0.83,0.88,0.12,0.15,0.05,0.03,70898.72,1776082002000
1776082004.654,104.654,0.87,0.88,0.12,0.13,0.01,0.01,70898.72,1776082002000
1776082004.99,104.99,0.87,0.88,0.12,0.13,0.01,0.01,70898.72,1776082003000
1776082005.328,105.328,0.87,0.88,0.12,0.13,0.01,0.01,70898.72,1776082003000
1776082005.682,105.682,0.88,0.89,0.11,0.13,0.01,0.02,70910.52,1776082004000
1776082006.02,106.02,0.88,0.89,0.11,0.12,0.01,0.01,70931.67,1776082005000
1776082006.356,106.356,0.88,0.89,0.11,0.12,0.01,0.01,70931.67,1776082005000
1776082006.713,106.713,0.88,0.89,0.11,0.12,0.01,0.01,70931.67,1776082005000
1776082007.054,107.054,0.88,0.89,0.11,0.12,0.01,0.01,70931.67,1776082005000
1776082007.402,107.402,0.88,0.89,0.11,0.12,0.01,0.01,70935.86,1776082006000
1776082007.761,107.761,0.88,0.89,0.11,0.12,0.01,0.01,70935.86,1776082006000
1776082008.159,108.159,0.88,0.89,0.11,0.12,0.01,0.01,70935.86,1776082006000
1776082008.544,108.544,0.89,0.9,0.1,0.12,0.01,0.02,70937.47,1776082007000
1776082008.889,108.889,0.89,0.9,0.1,0.11,0.01,0.01,70937.47,1776082007000
1776082009.262,109.262,0.9,0.91,0.09,0.1,0.01,0.01,70937.47,1776082007000
1776082009.599,109.599,0.9,0.91,0.09,0.1,0.01,0.01,70936.96,1776082008000
1776082010.135,110.135,0.9,0.91,0.09,0.1,0.01,0.01,70937.08,1776082009000
1776082010.491,110.491,0.9,0.91,0.09,0.1,0.01,0.01,70937.08,1776082009000
1776082010.824,110.824,0.9,0.91,0.09,0.1,0.01,0.01,70937.08,1776082009000
1776082011.253,111.253,0.9,0.91,0.09,0.1,0.01,0.01,70938.24,1776082010000
1776082011.586,111.586,0.9,0.91,0.09,0.1,0.01,0.01,70938.24,1776082010000
1776082011.958,111.958,0.9,0.91,0.09,0.1,0.01,0.01,70938.24,1776082010000
1776082012.355,112.355,0.9,0.91,0.09,0.1,0.01,0.01,70939.33,1776082011000
1776082012.848,112.848,0.9,0.91,0.09,0.1,0.01,0.01,70939.33,1776082011000
1776082013.209,113.209,0.9,0.91,0.09,0.1,0.01,0.01,70939.33,1776082011000
1776082013.548,113.548,0.9,0.91,0.09,0.1,0.01,0.01,70938.01,1776082012000
1776082013.91,113.91,0.9,0.91,0.09,0.1,0.01,0.01,70938.01,1776082012000
1776082014.267,114.267,0.9,0.91,0.09,0.1,0.01,0.01,70938.01,1776082012000
1776082014.676,114.676,0.9,0.91,0.09,0.1,0.01,0.01,70937.33,1776082013000
1776082015.081,115.081,0.9,0.91,0.09,0.1,0.01,0.01,70937.33,1776082013000
1776082015.447,115.447,0.9,0.91,0.09,0.1,0.01,0.01,70934.29,1776082014000
1776082015.823,115.823,0.9,0.91,0.09,0.1,0.01,0.01,70934.29,1776082014000
1776082016.169,116.169,0.9,0.91,0.09,0.1,0.01,0.01,70933.94,1776082015000
1776082016.544,116.544,0.9,0.91,0.09,0.1,0.01,0.01,70933.94,1776082015000
1776082016.99,116.99,0.9,0.91,0.09,0.1,0.01,0.01,70933.94,1776082015000
1776082017.521,117.521,0.9,0.91,0.09,0.1,0.01,0.01,70930.77,1776082016000
1776082017.859,117.859,0.9,0.91,0.09,0.1,0.01,0.01,70930.77,1776082016000
1776082018.284,118.284,0.9,0.91,0.09,0.1,0.01,0.01,70930.77,1776082016000
1776082018.736,118.736,0.9,0.92,0.09,0.1,0.02,0.01,70929.37,1776082017000
1776082019.37,119.37,0.91,0.92,0.08,0.09,0.01,0.01,70929.37,1776082017000
1776082019.793,119.793,0.91,0.92,0.08,0.09,0.01,0.01,70929.37,1776082018000
1776082020.204,120.204,0.9,0.91,0.09,0.1,0.01,0.01,70929.37,1776082018000
1776082020.613,120.613,0.9,0.91,0.09,0.1,0.01,0.01,70929.37,1776082018000
1776082020.997,120.997,0.9,0.91,0.09,0.1,0.01,0.01,70929.37,1776082019000
1776082021.337,121.337,0.9,0.91,0.08,0.1,0.01,0.02,70932.4,1776082020000
1776082021.84,121.84,0.9,0.91,0.09,0.1,0.01,0.01,70932.4,1776082020000
1776082022.311,122.311,0.89,0.91,0.09,0.11,0.02,0.02,70932.4,1776082020000
1776082022.688,122.688,0.9,0.91,0.09,0.1,0.01,0.01,70932.4,1776082020000
1776082023.226,123.226,0.9,0.91,0.09,0.1,0.01,0.01,70933.98,1776082021000
1776082023.566,123.566,0.9,0.91,0.09,0.1,0.01,0.01,70933.98,1776082021000
1776082024.016,124.016,0.9,0.91,0.09,0.1,0.01,0.01,70934.17,1776082022000
1776082024.712,124.712,0.9,0.91,0.09,0.1,0.01,0.01,70934.17,1776082023000
1776082025.093,125.093,0.9,0.91,0.09,0.1,0.01,0.01,70934.17,1776082023000
1776082025.468,125.468,0.9,0.91,0.09,0.1,0.01,0.01,70934.17,1776082023000
1776082025.948,125.948,0.9,0.91,0.09,0.1,0.01,0.01,70933.66,1776082024000
1776082026.667,126.667,0.89,0.91,0.09,0.1,0.02,0.01,70933.66,1776082025000
1776082027.052,127.052,0.89,0.9,0.1,0.11,0.01,0.01,70933.66,1776082025000
1776082027.386,127.386,0.89,0.9,0.1,0.11,0.01,0.01,70933.66,1776082025000
1776082027.723,127.723,0.88,0.89,0.11,0.12,0.01,0.01,70932.34,1776082026000
1776082028.114,128.114,0.88,0.89,0.11,0.12,0.01,0.01,70932.34,1776082026000
1776082028.471,128.471,0.89,0.9,0.1,0.11,0.01,0.01,70932.1,1776082027000
1776082028.991,128.991,0.89,0.9,0.1,0.11,0.01,0.01,70932.1,1776082027000
1776082029.406,129.406,0.88,0.9,0.1,0.11,0.02,0.01,70932.1,1776082028000
1776082029.777,129.777,0.88,0.89,0.11,0.12,0.01,0.01,70932.1,1776082028000
1776082030.136,130.136,0.88,0.89,0.11,0.12,0.01,0.01,70932.1,1776082028000
1776082030.539,130.539,0.89,0.9,0.1,0.12,0.01,0.02,70932.1,1776082028000
1776082030.883,130.883,0.89,0.9,0.1,0.11,0.01,0.01,70932.1,1776082029000
1776082031.324,131.324,0.89,0.9,0.1,0.11,0.01,0.01,70930.76,1776082030000
1776082031.708,131.708,0.89,0.9,0.1,0.11,0.01,0.01,70930.76,1776082030000
1776082032.2,132.2,0.89,0.92,0.1,0.11,0.03,0.01,70930.76,1776082030000
1776082032.585,132.585,0.92,0.93,0.07,0.08,0.01,0.01,70929.28,1776082031000
1776082032.961,132.961,0.93,0.94,0.06,0.07,0.01,0.01,70929.28,1776082031000
1776082033.324,133.324,0.93,0.94,0.06,0.07,0.01,0.01,70929.28,1776082031000
1776082033.756,133.756,0.93,0.95,0.05,0.07,0.02,0.02,70929.8,1776082032000
1776082034.27,134.27,0.94,0.95,0.05,0.06,0.01,0.01,70929.8,1776082032000
1776082034.64,134.64,0.94,0.95,0.05,0.06,0.01,0.01,70943.81,1776082033000
1776082035.035,135.035,0.94,0.95,0.05,0.06,0.01,0.01,70943.81,1776082033000
1776082035.482,135.482,0.94,0.95,0.05,0.06,0.01,0.01,70948.58,1776082034000
1776082035.821,135.821,0.94,0.95,0.05,0.06,0.01,0.01,70948.58,1776082034000
1776082036.167,136.167,0.94,0.95,0.05,0.06,0.01,0.01,70948.58,1776082034000
1776082036.509,136.509,0.94,0.95,0.05,0.06,0.01,0.01,70948.58,1776082034000
1776082036.947,136.947,0.94,0.95,0.05,0.06,0.01,0.01,70954.24,1776082035000
1776082037.35,137.35,0.94,0.95,0.05,0.06,0.01,0.01,70954.24,1776082035000
1776082037.753,137.753,0.94,0.95,0.05,0.06,0.01,0.01,70954.24,1776082036000
1776082038.122,138.122,0.94,0.95,0.05,0.06,0.01,0.01,70954.24,1776082037000
1776082038.515,138.515,0.94,0.95,0.05,0.06,0.01,0.01,70954.24,1776082037000
1776082039.032,139.032,0.94,0.95,0.05,0.06,0.01,0.01,70954.24,1776082037000
1776082039.427,139.427,0.94,0.95,0.05,0.06,0.01,0.01,70954.24,1776082038000
1776082039.824,139.824,0.93,0.94,0.06,0.07,0.01,0.01,70954.24,1776082038000
1776082040.294,140.294,0.93,0.94,0.06,0.07,0.01,0.01,70954.24,1776082039000
1776082040.67,140.67,0.93,0.95,0.05,0.07,0.02,0.02,70954.24,1776082039000
1776082041.06,141.06,0.93,0.94,0.06,0.07,0.01,0.01,70954.24,1776082040000
1776082041.408,141.408,0.93,0.94,0.06,0.07,0.01,0.01,70954.24,1776082040000
1776082041.879,141.879,0.93,0.94,0.06,0.07,0.01,0.01,70953.61,1776082041000
1776082042.401,142.401,0.93,0.94,0.06,0.07,0.01,0.01,70953.61,1776082041000
1776082042.828,142.828,0.93,0.94,0.06,0.07,0.01,0.01,70952.85,1776082042000
1776082043.267,143.267,0.94,0.95,0.05,0.07,0.01,0.02,70952.85,1776082042000
1776082043.754,143.754,0.94,0.95,0.05,0.06,0.01,0.01,70952.85,1776082042000
1776082044.221,144.221,0.94,0.95,0.05,0.06,0.01,0.01,70952.62,1776082043000
1776082044.688,144.688,0.94,0.95,0.05,0.06,0.01,0.01,70952.62,1776082043000
1776082045.029,145.029,0.94,0.95,0.05,0.06,0.01,0.01,70952.62,1776082043000
1776082045.363,145.363,0.95,0.96,0.04,0.05,0.01,0.01,70952.6,1776082044000
1776082045.951,145.951,0.95,0.96,0.04,0.05,0.01,0.01,70952.6,1776082044000
1776082046.366,146.366,0.95,0.96,0.04,0.05,0.01,0.01,70952.6,1776082045000
1776082046.948,146.948,0.95,0.96,0.04,0.05,0.01,0.01,70952.6,1776082045000
1776082047.315,147.315,0.95,0.96,0.04,0.05,0.01,0.01,70952.6,1776082045000
1776082047.734,147.734,0.95,0.96,0.04,0.05,0.01,0.01,70958.66,1776082046000
1776082048.21,148.21,0.95,0.96,0.04,0.05,0.01,0.01,70958.66,1776082046000
1776082048.615,148.615,0.95,0.96,0.04,0.05,0.01,0.01,70958.74,1776082047000
1776082048.993,148.993,0.95,0.96,0.04,0.05,0.01,0.01,70958.74,1776082047000
1776082049.443,149.443,0.96,0.97,0.03,0.05,0.01,0.02,70958.74,1776082048000
1776082049.782,149.782,0.96,0.97,0.03,0.04,0.01,0.01,70958.74,1776082048000
1776082050.241,150.241,0.96,0.97,0.03,0.04,0.01,0.01,70958.74,1776082048000
1776082050.618,150.618,0.96,0.97,0.03,0.04,0.01,0.01,70960.81,1776082049000
1776082050.97,150.97,0.96,0.97,0.03,0.04,0.01,0.01,70960.81,1776082049000
1776082051.429,151.429,0.96,0.97,0.03,0.04,0.01,0.01,70960.81,1776082049000
1776082051.877,151.877,0.96,0.97,0.03,0.04,0.01,0.01,70964.17,1776082050000
1776082052.284,152.284,0.96,0.97,0.03,0.04,0.01,0.01,70964.17,1776082050000
1776082052.824,152.824,0.96,0.97,0.03,0.04,0.01,0.01,70968.99,1776082051000
1776082053.34,153.34,0.96,0.97,0.03,0.04,0.01,0.01,70968.99,1776082051000
1776082053.788,153.788,0.96,0.97,0.03,0.04,0.01,0.01,70970.11,1776082052000
1776082054.14,154.14,0.96,0.97,0.03,0.04,0.01,0.01,70968.76,1776082053000
1776082054.593,154.593,0.96,0.97,0.03,0.04,0.01,0.01,70968.76,1776082053000
1776082054.953,154.953,0.96,0.97,0.03,0.04,0.01,0.01,70968.76,1776082053000
1776082055.342,155.342,0.96,0.97,0.03,0.04,0.01,0.01,70968.76,1776082053000
1776082055.83,155.83,0.96,0.97,0.03,0.04,0.01,0.01,70964.36,1776082054000
1776082056.312,156.312,0.96,0.97,0.03,0.04,0.01,0.01,70964.04,1776082055000
1776082056.872,156.872,0.95,0.96,0.03,0.04,0.01,0.01,70964.04,1776082055000
1776082057.437,157.437,0.95,0.96,0.04,0.05,0.01,0.01,70963.76,1776082056000
1776082058.179,158.179,0.95,0.96,0.04,0.05,0.01,0.01,70963.76,1776082056000
1776082058.558,158.558,0.95,0.96,0.04,0.05,0.01,0.01,70963.76,1776082056000
1776082059.07,159.07,0.95,0.97,0.04,0.05,0.02,0.01,70962.14,1776082057000
1776082059.433,159.433,0.96,0.97,0.03,0.04,0.01,0.01,70960.85,1776082058000
1776082060.032,160.032,0.95,0.96,0.04,0.05,0.01,0.01,70960.85,1776082058000
1776082060.776,160.776,0.95,0.96,0.04,0.05,0.01,0.01,70960.85,1776082059000
1776082061.154,161.154,0.96,0.97,0.03,0.05,0.01,0.02,70960.85,1776082059000
1776082061.681,161.681,0.96,0.97,0.03,0.04,0.01,0.01,70961.49,1776082060000
1776082062.135,162.135,0.96,0.97,0.03,0.04,0.01,0.01,70961.68,1776082061000
1776082062.627,162.627,0.96,0.97,0.03,0.04,0.01,0.01,70961.68,1776082061000
1776082063.451,163.451,0.95,0.97,0.03,0.05,0.02,0.02,70961.68,1776082062000
1776082063.973,163.973,0.96,0.97,0.03,0.04,0.01,0.01,70961.68,1776082062000
1776082064.317,164.317,0.96,0.97,0.03,0.04,0.01,0.01,70961.68,1776082063000
1776082064.657,164.657,0.96,0.97,0.03,0.04,0.01,0.01,70961.68,1776082063000
1776082065.108,165.108,0.96,0.97,0.03,0.04,0.01,0.01,70961.68,1776082063000
1776082065.739,165.739,0.96,0.97,0.03,0.04,0.01,0.01,70962.82,1776082064000
1776082066.122,166.122,0.96,0.97,0.03,0.04,0.01,0.01,70962.82,1776082064000
1776082066.514,166.514,0.96,0.97,0.03,0.04,0.01,0.01,70962.82,1776082064000
1776082066.944,166.944,0.96,0.97,0.03,0.04,0.01,0.01,70958.42,1776082065000
1776082067.338,167.338,0.96,0.97,0.03,0.04,0.01,0.01,70956.42,1776082066000
1776082068.353,168.353,0.96,0.97,0.03,0.04,0.01,0.01,70955.86,1776082067000
1776082068.698,168.698,0.96,0.97,0.03,0.04,0.01,0.01,70955.86,1776082067000
1776082069.033,169.033,0.96,0.97,0.03,0.04,0.01,0.01,70955.86,1776082067000
1776082069.369,169.369,0.96,0.97,0.03,0.04,0.01,0.01,70955.66,1776082068000
1776082069.921,169.921,0.96,0.97,0.03,0.04,0.01,0.01,70955.66,1776082069000
1776082070.477,170.477,0.96,0.97,0.03,0.04,0.01,0.01,70955.66,1776082069000
1776082070.958,170.958,0.96,0.97,0.03,0.04,0.01,0.01,70955.66,1776082070000
1776082071.456,171.456,0.96,0.97,0.03,0.04,0.01,0.01,70955.66,1776082070000
1776082071.843,171.843,0.96,0.97,0.03,0.04,0.01,0.01,70957.13,1776082071000
1776082072.603,172.603,0.96,0.97,0.03,0.05,0.01,0.02,70957.13,1776082071000
1776082073.105,173.105,0.96,0.97,0.03,0.04,0.01,0.01,70957.13,1776082071000
1776082073.461,173.461,0.96,0.97,0.03,0.05,0.01,0.02,70956.82,1776082072000
1776082073.826,173.826,0.96,0.97,0.03,0.04,0.01,0.01,70956.82,1776082072000
1776082074.382,174.382,0.96,0.97,0.03,0.04,0.01,0.01,70956.82,1776082073000
1776082074.787,174.787,0.96,0.97,0.03,0.04,0.01,0.01,70956.82,1776082073000
1776082075.15,175.15,0.96,0.97,0.03,0.04,0.01,0.01,70956.82,1776082073000
1776082075.685,175.685,0.96,0.97,0.03,0.04,0.01,0.01,70956.77,1776082074000
1776082076.052,176.052,0.96,0.97,0.03,0.04,0.01,0.01,70956.77,1776082074000
1776082076.402,176.402,0.96,0.97,0.03,0.04,0.01,0.01,70956,1776082075000
1776082076.766,176.766,0.95,0.97,0.03,0.04,0.02,0.01,70956,1776082075000
1776082077.114,177.114,0.96,0.97,0.03,0.04,0.01,0.01,70956,1776082075000
1776082077.539,177.539,0.96,0.97,0.03,0.04,0.01,0.01,70953.78,1776082076000
1776082077.896,177.896,0.96,0.97,0.03,0.04,0.01,0.01,70953.78,1776082076000
1776082078.411,178.411,0.96,0.97,0.03,0.04,0.01,0.01,70953.67,1776082077000
1776082078.767,178.767,0.96,0.97,0.03,0.04,0.01,0.01,70953.67,1776082077000
1776082079.104,179.104,0.96,0.97,0.03,0.04,0.01,0.01,70953.67,1776082077000
1776082079.686,179.686,0.96,0.97,0.03,0.04,0.01,0.01,70953.68,1776082078000
1776082080.222,180.222,0.96,0.97,0.03,0.04,0.01,0.01,70951.53,1776082079000
1776082080.565,180.565,0.97,0.98,0.02,0.03,0.01,0.01,70951.53,1776082079000
1776082080.926,180.926,0.97,0.98,0.02,0.03,0.01,0.01,70951.53,1776082079000
1776082081.341,181.341,0.97,0.98,0.02,0.03,0.01,0.01,70949.16,1776082080000
1776082081.816,181.816,0.97,0.98,0.02,0.03,0.01,0.01,70949.16,1776082080000
1776082082.177,182.177,0.97,0.98,0.02,0.03,0.01,0.01,70948.58,1776082081000
1776082082.763,182.763,0.97,0.98,0.02,0.03,0.01,0.01,70948.58,1776082081000
1776082083.11,183.11,0.97,0.98,0.02,0.03,0.01,0.01,70949.21,1776082082000
1776082083.48,183.48,0.97,0.98,0.02,0.03,0.01,0.01,70949.21,1776082082000
1776082083.965,183.965,0.97,0.98,0.02,0.03,0.01,0.01,70949.21,1776082082000
1776082084.416,184.416,0.97,0.98,0.02,0.03,0.01,0.01,70950.26,1776082083000
1776082085.086,185.086,0.97,0.98,0.02,0.03,0.01,0.01,70952.16,1776082084000
1776082085.422,185.422,0.97,0.98,0.02,0.03,0.01,0.01,70952.16,1776082084000
1776082086.05,186.05,0.97,0.98,0.02,0.03,0.01,0.01,70952.53,1776082085000
1776082086.592,186.592,0.97,0.98,0.02,0.03,0.01,0.01,70952.53,1776082085000
1776082087.076,187.076,0.97,0.98,0.02,0.03,0.01,0.01,70952.53,1776082086000
1776082087.66,187.66,0.97,0.98,0.02,0.03,0.01,0.01,70952.53,1776082086000
1776082087.998,187.998,0.97,0.98,0.02,0.03,0.01,0.01,70953.02,1776082087000
1776082088.606,188.606,0.97,0.98,0.02,0.03,0.01,0.01,70953.02,1776082087000
1776082088.958,188.958,0.97,0.98,0.02,0.03,0.01,0.01,70953.02,1776082087000
1776082089.296,189.296,0.97,0.98,0.02,0.03,0.01,0.01,70954.6,1776082088000
1776082089.746,189.746,0.97,0.98,0.02,0.03,0.01,0.01,70954.6,1776082088000
1776082090.176,190.176,0.97,0.98,0.02,0.03,0.01,0.01,70955.69,1776082089000
1776082090.559,190.559,0.97,0.98,0.02,0.03,0.01,0.01,70955.69,1776082089000
1776082090.899,190.899,0.97,0.98,0.02,0.03,0.01,0.01,70955.69,1776082089000
1776082091.28,191.28,0.97,0.98,0.02,0.03,0.01,0.01,70958.12,1776082090000
1776082091.663,191.663,0.97,0.98,0.02,0.03,0.01,0.01,70958.12,1776082090000
1776082092.061,192.061,0.97,0.98,0.02,0.03,0.01,0.01,70958.12,1776082090000
1776082092.662,192.662,0.97,0.98,0.02,0.03,0.01,0.01,70972.18,1776082091000
1776082093.019,193.019,0.97,0.98,0.02,0.03,0.01,0.01,70972.18,1776082091000
1776082093.501,193.501,0.97,0.98,0.02,0.03,0.01,0.01,70974.85,1776082092000
1776082093.968,193.968,0.97,0.98,0.02,0.03,0.01,0.01,70974.85,1776082092000
1776082094.591,194.591,0.97,0.98,0.02,0.03,0.01,0.01,70973.06,1776082093000
1776082095.2,195.2,0.98,0.99,0.01,0.02,0.01,0.01,70974.84,1776082094000
1776082095.728,195.728,0.98,0.99,0.01,0.02,0.01,0.01,70974.84,1776082094000
1776082096.068,196.068,0.98,0.99,0.01,0.02,0.01,0.01,70974.84,1776082094000
1776082096.551,196.551,0.98,0.99,0.01,0.02,0.01,0.01,70976.45,1776082095000
1776082096.888,196.888,0.98,0.99,0.01,0.02,0.01,0.01,70976.45,1776082095000
1776082097.229,197.229,0.98,0.99,0.01,0.02,0.01,0.01,70977.06,1776082096000
1776082097.565,197.565,0.98,0.99,0.01,0.02,0.01,0.01,70977.06,1776082096000
1776082098.082,198.082,0.98,0.99,0.01,0.02,0.01,0.01,70980.64,1776082097000
1776082098.434,198.434,0.98,0.99,0.01,0.02,0.01,0.01,70980.64,1776082097000
1776082098.938,198.938,0.98,0.99,0.01,0.02,0.01,0.01,70980.64,1776082097000
1776082099.274,199.274,0.98,0.99,0.01,0.02,0.01,0.01,70977.06,1776082098000
1776082099.755,199.755,0.98,0.99,0.01,0.02,0.01,0.01,70977.06,1776082098000
1776082100.178,200.178,0.98,0.99,0.01,0.02,0.01,0.01,70975.88,1776082099000
1776082100.804,200.804,0.98,0.99,0.01,0.02,0.01,0.01,70975.88,1776082099000
1776082101.234,201.234,0.98,0.99,0.01,0.02,0.01,0.01,70976.63,1776082100000
1776082101.689,201.689,0.98,0.99,0.01,0.02,0.01,0.01,70976.63,1776082100000
1776082102.048,202.048,0.98,0.99,0.01,0.02,0.01,0.01,70975.75,1776082101000
1776082102.617,202.617,0.98,0.99,0.01,0.02,0.01,0.01,70975.75,1776082101000
1776082102.964,202.964,0.98,0.99,0.01,0.02,0.01,0.01,70972.57,1776082102000
1776082103.62,203.62,0.98,0.99,0.01,0.02,0.01,0.01,70972.57,1776082102000
1776082103.968,203.968,0.98,0.99,0.01,0.02,0.01,0.01,70972.21,1776082103000
1776082104.334,204.334,0.99,0.99,0.01,0.01,0.0,0.0,70972.21,1776082103000
1776082104.676,204.676,0.99,0.99,0.01,0.01,0.0,0.0,70972.21,1776082103000
1776082105.728,205.728,0.99,0.99,0.01,0.01,0.0,0.0,70972.21,1776082103000
1776082106.421,206.421,0.99,0.99,0.01,0.01,0.0,0.0,70971.66,1776082104000
1776082107.279,207.279,0.99,0.99,0.01,0.01,0.0,0.0,70974.23,1776082106000
1776082107.657,207.657,0.98,0.99,0.01,0.02,0.01,0.01,70974.23,1776082106000
1776082108.523,208.523,0.99,0.99,0.01,0.01,0.0,0.0,70974.23,1776082106000
1776082109.015,209.015,0.99,0.99,0.01,0.01,0.0,0.0,70974.23,1776082106000
1776082110.04,210.04,0.99,0.99,0.01,0.01,0.0,0.0,70975.44,1776082108000
1776082110.395,210.395,0.99,0.99,0.01,0.01,0.0,0.0,70975.44,1776082108000
1776082110.803,210.803,0.99,0.99,0.01,0.01,0.0,0.0,70993.15,1776082109000
1776082111.329,211.329,0.99,0.99,0.01,0.01,0.0,0.0,70994.9,1776082110000
1776082112.226,212.226,0.99,0.99,0.01,0.01,0.0,0.0,70994.9,1776082110000
1776082112.734,212.734,0.99,0.99,0.01,0.01,0.0,0.0,70997.29,1776082111000
1776082113.488,213.488,0.99,0.99,0.01,0.01,0.0,0.0,70995.98,1776082112000
1776082114.079,214.079,0.99,0.99,0.01,0.01,0.0,0.0,70996.06,1776082113000
1776082114.667,214.667,0.99,0.99,0.01,0.01,0.0,0.0,70996.06,1776082113000
1776082115.029,215.029,0.99,0.99,0.01,0.01,0.0,0.0,70996.06,1776082113000
1776082115.497,215.497,0.99,0.99,0.01,0.01,0.0,0.0,70996.82,1776082114000
1776082115.868,215.868,0.99,0.99,0.01,0.01,0.0,0.0,70996.82,1776082114000
1776082116.25,216.25,0.99,0.99,0.01,0.01,0.0,0.0,70996.81,1776082115000
1776082117.411,217.411,0.99,0.99,0.01,0.01,0.0,0.0,70996.81,1776082115000
1776082117.795,217.795,0.99,0.99,0.01,0.01,0.0,0.0,70996.99,1776082116000
1776082118.451,218.451,0.99,0.99,0.01,0.01,0.0,0.0,71002.27,1776082117000
1776082119.215,219.215,0.99,0.99,0.01,0.01,0.0,0.0,71002.27,1776082117000
1776082119.899,219.899,0.99,0.99,0.01,0.01,0.0,0.0,71003.69,1776082118000
1776082120.248,220.248,0.99,0.99,0.01,0.01,0.0,0.0,71003.69,1776082118000
1776082120.648,220.648,0.99,0.99,0.01,0.01,0.0,0.0,71003.53,1776082119000
1776082121.135,221.135,0.99,0.99,0.01,0.01,0.0,0.0,71003.53,1776082119000
1776082121.936,221.936,0.99,0.99,0.01,0.01,0.0,0.0,71003.2,1776082120000
1776082122.691,222.691,0.99,0.99,0.01,0.01,0.0,0.0,71003.46,1776082121000
1776082123.241,223.241,0.99,0.99,0.01,0.01,0.0,0.0,71003.46,1776082121000
1776082123.665,223.665,0.99,0.99,0.01,0.01,0.0,0.0,71003.46,1776082121000
1776082124.028,224.028,0.99,0.99,0.01,0.01,0.0,0.0,71037.93,1776082122000
1776082125.115,225.115,0.99,0.99,0.01,0.01,0.0,0.0,71034.88,1776082123000
1776082125.597,225.597,0.99,0.99,0.01,0.01,0.0,0.0,71034.38,1776082124000
1776082126.021,226.021,0.99,0.99,0.01,0.01,0.0,0.0,71034.38,1776082125000
1776082126.435,226.435,0.99,0.99,0.01,0.01,0.0,0.0,71034.38,1776082125000
1776082127.281,227.281,0.99,0.99,0.01,0.01,0.0,0.0,71033.14,1776082126000
1776082128.508,228.508,0.99,0.99,0.01,0.01,0.0,0.0,71027.35,1776082127000
1776082129.037,229.037,0.99,0.99,0.01,0.01,0.0,0.0,71026.63,1776082128000
1776082129.384,229.384,0.99,0.99,0.01,0.01,0.0,0.0,71026.63,1776082128000
1776082129.851,229.851,0.99,0.99,0.01,0.01,0.0,0.0,71026.63,1776082128000
1776082130.212,230.212,0.99,0.99,0.01,0.01,0.0,0.0,71024.78,1776082129000
1776082130.939,230.939,0.99,0.99,0.01,0.01,0.0,0.0,71024.78,1776082129000
1776082131.35,231.35,0.99,0.99,0.01,0.01,0.0,0.0,71025.57,1776082130000
1776082132.343,232.343,0.99,0.99,0.01,0.01,0.0,0.0,71024.78,1776082131000
1776082132.895,232.895,0.99,0.99,0.01,0.01,0.0,0.0,71023.79,1776082132000
1776082133.713,233.713,0.99,0.99,0.01,0.01,0.0,0.0,71023.79,1776082132000
1776082134.949,234.949,0.99,0.99,0.01,0.01,0.0,0.0,71016.7,1776082133000
1776082135.489,235.489,0.99,0.99,0.01,0.01,0.0,0.0,71014.19,1776082134000
1776082136.091,236.091,0.99,0.99,0.01,0.01,0.0,0.0,71011.91,1776082135000
1776082137.232,237.232,0.99,0.99,0.01,0.01,0.0,0.0,71010.73,1776082136000
1776082138.189,238.189,0.99,0.99,0.01,0.01,0.0,0.0,71010.73,1776082136000
1776082139.182,239.182,0.99,0.99,0.01,0.01,0.0,0.0,71009.67,1776082137000
1776082139.614,239.614,0.99,0.99,0.01,0.01,0.0,0.0,71010.35,1776082138000
1776082140.198,240.198,0.99,0.99,0.01,0.01,0.0,0.0,71010.54,1776082139000
1776082140.607,240.607,0.99,0.99,0.01,0.01,0.0,0.0,71010.54,1776082139000
1776082140.988,240.988,0.99,0.99,0.01,0.01,0.0,0.0,71010.54,1776082139000
1776082141.941,241.941,0.99,0.99,0.01,0.01,0.0,0.0,71010.05,1776082140000
1776082142.491,242.491,0.99,0.99,0.01,0.01,0.0,0.0,71013.19,1776082141000
1776082143.168,243.168,0.99,0.99,0.01,0.01,0.0,0.0,71015.89,1776082142000
1776082144.476,244.476,0.99,0.99,0.01,0.01,0.0,0.0,71020.52,1776082143000
1776082144.956,244.956,0.99,0.99,0.01,0.01,0.0,0.0,71021.87,1776082144000
1776082146.262,246.262,0.99,0.99,0.01,0.01,0.0,0.0,71021.87,1776082144000
1776082147.398,247.398,0.99,0.99,0.01,0.01,0.0,0.0,71020.2,1776082145000
1776082148.145,248.145,0.99,0.99,0.01,0.01,0.0,0.0,71024.16,1776082147000
1776082148.569,248.569,0.99,0.99,0.01,0.01,0.0,0.0,71024.16,1776082147000
1776082149.346,249.346,0.99,0.99,0.01,0.01,0.0,0.0,71024.6,1776082148000
1776082150.015,250.015,0.99,0.99,0.01,0.01,0.0,0.0,71025.34,1776082149000
1776082151.311,251.311,0.99,0.99,0.01,0.01,0.0,0.0,71025.2,1776082150000
1776082152.483,252.483,0.99,0.99,0.01,0.01,0.0,0.0,71016.84,1776082151000
1776082153.049,253.049,0.99,0.99,0.01,0.01,0.0,0.0,71011.96,1776082152000
1776082154.678,254.678,0.99,0.99,0.01,0.01,0.0,0.0,71010.79,1776082153000
1776082155.31,255.31,0.99,0.99,0.01,0.01,0.0,0.0,71011.15,1776082154000
1776082156.355,256.355,0.99,0.99,0.01,0.01,0.0,0.0,71011.15,1776082154000
1776082156.973,256.973,0.99,0.99,0.01,0.01,0.0,0.0,71000.74,1776082156000
1776082157.842,257.842,0.99,0.99,0.01,0.01,0.0,0.0,71000.74,1776082156000
1776082158.709,258.709,0.99,0.99,0.01,0.01,0.0,0.0,71001.78,1776082157000
1776082159.207,259.207,0.99,0.99,0.01,0.01,0.0,0.0,71002.04,1776082158000
1776082160.307,260.307,0.99,0.99,0.01,0.01,0.0,0.0,71000.51,1776082159000
1776082160.873,260.873,0.99,0.99,0.01,0.01,0.0,0.0,71000.51,1776082159000
1776082161.453,261.453,0.99,0.99,0.01,0.01,0.0,0.0,70996.4,1776082160000
1776082161.915,261.915,0.99,0.99,0.01,0.01,0.0,0.0,70995.14,1776082161000
1776082162.977,262.977,0.99,0.99,0.01,0.01,0.0,0.0,70991.95,1776082162000
1776082164.008,264.008,0.99,0.99,0.01,0.01,0.0,0.0,70991.95,1776082162000
1776082165.04,265.04,0.99,0.99,0.01,0.01,0.0,0.0,71008.87,1776082164000
1776082166.129,266.129,0.99,0.99,0.01,0.01,0.0,0.0,71010.83,1776082165000
1776082167.306,267.306,0.99,0.99,0.01,0.01,0.0,0.0,71009.65,1776082166000
1776082168.043,268.043,0.99,0.99,0.01,0.01,0.0,0.0,71009.65,1776082166000
1776082168.738,268.738,0.99,0.99,0.01,0.01,0.0,0.0,71009.65,1776082166000
1776082169.388,269.388,0.99,0.99,0.01,0.01,0.0,0.0,71009.65,1776082168000
1776082170.335,270.335,0.99,0.99,0.01,0.01,0.0,0.0,71008.28,1776082169000
1776082170.903,270.903,0.99,0.99,0.01,0.01,0.0,0.0,71008.11,1776082170000
1776082171.979,271.979,0.99,0.99,0.01,0.01,0.0,0.0,71006.12,1776082171000
1776082172.917,272.917,0.99,0.99,0.01,0.01,0.0,0.0,71005.33,1776082172000
1776082173.464,273.464,0.99,0.99,0.01,0.01,0.0,0.0,71005.33,1776082172000
1776082173.906,273.906,0.99,0.99,0.01,0.01,0.0,0.0,71003.95,1776082173000
1776082174.882,274.882,0.99,0.99,0.01,0.01,0.0,0.0,71000.37,1776082174000
1776082175.841,275.841,0.99,0.99,0.01,0.01,0.0,0.0,71000.76,1776082175000
1776082177.099,277.099,0.99,0.99,0.01,0.01,0.0,0.0,71000.74,1776082176000
1776082177.917,277.917,0.99,0.99,0.01,0.01,0.0,0.0,71000.74,1776082177000
1776082178.983,278.983,0.99,0.99,0.01,0.01,0.0,0.0,71000.18,1776082178000
1776082179.954,279.954,0.99,0.99,0.01,0.01,0.0,0.0,70999.73,1776082179000
1776082180.865,280.865,0.99,0.99,0.01,0.01,0.0,0.0,70999.73,1776082179000
1776082181.958,281.958,0.99,0.99,0.01,0.01,0.0,0.0,71000.12,1776082181000
1776082182.906,282.906,0.99,0.99,0.01,0.01,0.0,0.0,70999.92,1776082182000
1776082183.708,283.708,0.99,0.99,0.01,0.01,0.0,0.0,70999.92,1776082182000
1776082184.994,284.994,0.99,0.99,0.01,0.01,0.0,0.0,70999.73,1776082184000
1776082185.857,285.857,0.99,0.99,0.01,0.01,0.0,0.0,70999.73,1776082184000
1776082186.237,286.237,0.99,0.99,0.01,0.01,0.0,0.0,70999.9,1776082185000
1776082187.234,287.234,0.99,0.99,0.01,0.01,0.0,0.0,70999.73,1776082186000
1776082188.097,288.097,0.99,0.99,0.01,0.01,0.0,0.0,71000.35,1776082187000
1776082189.098,289.098,0.99,0.99,0.01,0.01,0.0,0.0,70999.73,1776082188000
1776082190.823,290.823,0.99,0.99,0.01,0.01,0.0,0.0,70999.73,1776082189000
1776082191.708,291.708,0.99,0.99,0.01,0.01,0.0,0.0,70999.73,1776082190000
1776082193.144,293.144,0.99,0.99,0.01,0.01,0.0,0.0,71000.96,1776082191000
1776082193.576,293.576,0.99,0.99,0.01,0.01,0.0,0.0,71004.03,1776082192000
1776082194.573,294.573,0.99,0.99,0.01,0.01,0.0,0.0,71003.7,1776082193000
1776082195.095,295.095,0.99,0.99,0.01,0.01,0.0,0.0,71003.55,1776082194000
1776082195.593,295.593,0.99,0.99,0.01,0.01,0.0,0.0,71003.55,1776082194000
1776082195.939,295.939,0.99,0.99,0.01,0.01,0.0,0.0,71003.55,1776082194000
1776082196.645,296.645,0.99,0.99,0.01,0.01,0.0,0.0,71004.28,1776082195000
1776082197.245,297.245,0.99,0.99,0.01,0.01,0.0,0.0,71005.43,1776082196000
1776082198.41,298.41,0.99,0.99,0.01,0.01,0.0,0.0,71006.13,1776082197000
1776082199.011,299.011,0.99,0.99,0.01,0.01,0.0,0.0,71006.13,1776082198000
1776082200.18,300.18,0.99,0.99,0.01,0.01,0.0,0.0,71018.9,1776082199000
1776082200.605,300.605,0.99,0.99,0.01,0.01,0.0,0.0,71018.9,1776082199000
1776082201.581,301.581,0.99,0.99,0.01,0.01,0.0,0.0,71021.67,1776082200000
1776082202.183,302.183,0.99,0.99,0.01,0.01,0.0,0.0,71021.66,1776082201000

# RESULT,winner=Up,slug=btc-updown-5m-1776081900,ticks=597
