timestamp,elapsed_sec,up_bid,up_ask,down_bid,down_ask,up_spread,down_spread,btc_price,btc_oracle_ts
1776753900.714,0.714,0.47,0.48,0.52,0.53,0.01,0.01,76018.87,1776753898000
1776753901.196,1.196,0.47,0.48,0.52,0.53,0.01,0.01,76018.89,1776753899000
1776753901.671,1.671,0.47,0.48,0.52,0.53,0.01,0.01,76018.79,1776753900000
1776753902.101,2.101,0.47,0.48,0.52,0.53,0.01,0.01,76018.79,1776753900000
1776753902.486,2.486,0.47,0.48,0.52,0.53,0.01,0.01,76018.79,1776753901000
1776753902.838,2.838,0.47,0.48,0.52,0.53,0.01,0.01,76018.79,1776753901000
1776753903.746,3.746,0.47,0.48,0.52,0.53,0.01,0.01,76018.79,1776753901000
1776753904.279,4.279,0.47,0.48,0.52,0.53,0.01,0.01,76019.0,1776753902000
1776753904.679,4.679,0.47,0.5,0.5,0.53,0.03,0.03,76019.0,1776753902000
1776753905.057,5.057,0.47,0.51,0.49,0.53,0.04,0.04,76024.96,1776753903000
1776753905.436,5.436,0.53,0.56,0.45,0.49,0.03,0.04,76024.96,1776753903000
1776753905.779,5.779,0.58,0.59,0.41,0.42,0.01,0.01,76024.96,1776753903000
1776753906.17,6.17,0.58,0.59,0.41,0.42,0.01,0.01,76021.9,1776753904000
1776753906.547,6.547,0.58,0.59,0.41,0.42,0.01,0.01,76021.44,1776753905000
1776753906.884,6.884,0.57,0.58,0.42,0.43,0.01,0.01,76021.44,1776753905000
1776753907.229,7.229,0.56,0.58,0.42,0.44,0.02,0.02,76027.21,1776753906000
1776753907.807,7.807,0.52,0.53,0.46,0.48,0.01,0.02,76027.21,1776753906000
1776753908.141,8.141,0.48,0.51,0.49,0.52,0.03,0.03,76027.21,1776753906000
1776753908.891,8.891,0.47,0.49,0.51,0.53,0.02,0.02,76027.21,1776753906000
1776753909.265,9.265,0.47,0.49,0.51,0.53,0.02,0.02,76026.18,1776753907000
1776753909.64,9.64,0.47,0.48,0.52,0.53,0.01,0.01,76021.98,1776753908000
1776753910.151,10.151,0.47,0.48,0.52,0.53,0.01,0.01,76021.98,1776753908000
1776753910.501,10.501,0.42,0.44,0.56,0.58,0.02,0.02,76021.83,1776753909000
1776753910.84,10.84,0.4,0.44,0.56,0.58,0.04,0.02,76021.83,1776753909000
1776753911.174,11.174,0.41,0.42,0.58,0.59,0.01,0.01,76021.83,1776753909000
1776753911.51,11.51,0.41,0.42,0.58,0.59,0.01,0.01,76021.83,1776753909000
1776753911.933,11.933,0.41,0.42,0.58,0.59,0.01,0.01,76014.64,1776753910000
1776753912.315,12.315,0.41,0.42,0.58,0.59,0.01,0.01,76014.64,1776753910000
1776753912.704,12.704,0.39,0.4,0.6,0.61,0.01,0.01,76013.53,1776753911000
1776753913.11,13.11,0.39,0.4,0.6,0.61,0.01,0.01,76013.53,1776753911000
1776753913.526,13.526,0.4,0.41,0.59,0.61,0.01,0.02,76013.53,1776753911000
1776753913.932,13.932,0.4,0.41,0.59,0.6,0.01,0.01,76011.64,1776753912000
1776753914.334,14.334,0.4,0.41,0.59,0.6,0.01,0.01,76011.64,1776753912000
1776753914.748,14.748,0.4,0.41,0.59,0.6,0.01,0.01,76011.63,1776753913000
1776753915.088,15.088,0.4,0.41,0.59,0.6,0.01,0.01,76011.63,1776753913000
1776753915.798,15.798,0.4,0.41,0.59,0.6,0.01,0.01,76010.14,1776753914000
1776753916.537,16.537,0.4,0.41,0.59,0.6,0.01,0.01,76010.14,1776753914000
1776753917.147,17.147,0.4,0.41,0.59,0.6,0.01,0.01,76010.8,1776753915000
1776753917.52,17.52,0.4,0.41,0.59,0.6,0.01,0.01,76009.93,1776753916000
1776753917.887,17.887,0.4,0.41,0.59,0.6,0.01,0.01,76009.93,1776753916000
1776753918.256,18.256,0.4,0.41,0.59,0.6,0.01,0.01,76009.91,1776753917000
1776753918.592,18.592,0.4,0.43,0.59,0.6,0.03,0.01,76009.91,1776753917000
1776753918.995,18.995,0.4,0.41,0.59,0.6,0.01,0.01,76009.91,1776753917000
1776753919.446,19.446,0.41,0.42,0.59,0.6,0.01,0.01,76009.91,1776753917000
1776753919.827,19.827,0.41,0.42,0.58,0.59,0.01,0.01,76010.05,1776753918000
1776753920.17,20.17,0.41,0.42,0.58,0.59,0.01,0.01,76010.37,1776753919000
1776753920.64,20.64,0.41,0.43,0.58,0.59,0.02,0.01,76010.37,1776753919000
1776753921.187,21.187,0.42,0.43,0.57,0.58,0.01,0.01,76010.37,1776753919000
1776753921.553,21.553,0.42,0.43,0.57,0.58,0.01,0.01,76010.95,1776753920000
1776753921.908,21.908,0.42,0.43,0.57,0.58,0.01,0.01,76010.95,1776753920000
1776753922.291,22.291,0.42,0.43,0.57,0.58,0.01,0.01,76010.96,1776753921000
1776753922.66,22.66,0.42,0.43,0.57,0.58,0.01,0.01,76010.96,1776753921000
1776753923.222,23.222,0.42,0.43,0.57,0.58,0.01,0.01,76010.96,1776753921000
1776753923.592,23.592,0.43,0.44,0.56,0.58,0.01,0.02,76009.52,1776753922000
1776753924.015,24.015,0.43,0.44,0.56,0.57,0.01,0.01,76009.52,1776753922000
1776753924.428,24.428,0.43,0.44,0.56,0.57,0.01,0.01,76009.43,1776753923000
1776753924.796,24.796,0.43,0.44,0.56,0.57,0.01,0.01,76009.43,1776753923000
1776753925.174,25.174,0.43,0.44,0.56,0.57,0.01,0.01,76009.43,1776753923000
1776753925.546,25.546,0.43,0.44,0.56,0.57,0.01,0.01,76009.43,1776753923000
1776753925.926,25.926,0.43,0.44,0.56,0.57,0.01,0.01,76009.51,1776753924000
1776753926.519,26.519,0.44,0.45,0.55,0.56,0.01,0.01,76009.56,1776753925000
1776753926.9,26.9,0.44,0.45,0.55,0.56,0.01,0.01,76009.56,1776753925000
1776753927.361,27.361,0.44,0.45,0.55,0.56,0.01,0.01,76008.86,1776753926000
1776753927.731,27.731,0.44,0.45,0.55,0.56,0.01,0.01,76008.86,1776753926000
1776753928.123,28.123,0.47,0.48,0.51,0.53,0.01,0.02,76008.86,1776753926000
1776753928.535,28.535,0.47,0.48,0.52,0.53,0.01,0.01,76009.34,1776753927000
1776753928.917,28.917,0.47,0.48,0.52,0.53,0.01,0.01,76009.34,1776753927000
1776753929.279,29.279,0.47,0.48,0.52,0.53,0.01,0.01,76010.64,1776753928000
1776753929.667,29.667,0.47,0.48,0.52,0.53,0.01,0.01,76010.64,1776753928000
1776753930.01,30.01,0.47,0.48,0.52,0.53,0.01,0.01,76010.64,1776753928000
1776753930.403,30.403,0.47,0.48,0.52,0.53,0.01,0.01,76010.64,1776753928000
1776753930.743,30.743,0.47,0.48,0.52,0.53,0.01,0.01,76010.95,1776753929000
1776753931.111,31.111,0.47,0.48,0.52,0.53,0.01,0.01,76010.95,1776753929000
1776753931.958,31.958,0.47,0.48,0.52,0.53,0.01,0.01,76010.95,1776753930000
1776753932.296,32.296,0.49,0.52,0.48,0.51,0.03,0.03,76014.18,1776753931000
1776753932.748,32.748,0.53,0.54,0.46,0.5,0.01,0.04,76014.18,1776753931000
1776753933.132,33.132,0.55,0.6,0.4,0.45,0.05,0.05,76014.18,1776753931000
1776753933.495,33.495,0.6,0.61,0.39,0.41,0.01,0.02,76014.18,1776753931000
1776753933.855,33.855,0.6,0.61,0.39,0.4,0.01,0.01,76014.18,1776753932000
1776753934.268,34.268,0.6,0.61,0.39,0.4,0.01,0.01,76014.18,1776753932000
1776753934.612,34.612,0.6,0.61,0.39,0.4,0.01,0.01,76014.18,1776753932000
1776753935.095,35.095,0.6,0.61,0.39,0.4,0.01,0.01,76023.63,1776753933000
1776753935.437,35.437,0.6,0.61,0.39,0.4,0.01,0.01,76023.63,1776753933000
1776753935.907,35.907,0.6,0.61,0.39,0.4,0.01,0.01,76027.52,1776753934000
1776753936.416,36.416,0.6,0.61,0.39,0.4,0.01,0.01,76027.72,1776753935000
1776753936.947,36.947,0.6,0.61,0.39,0.41,0.01,0.02,76027.72,1776753935000
1776753937.352,37.352,0.59,0.6,0.4,0.41,0.01,0.01,76027.72,1776753935000
1776753937.71,37.71,0.59,0.6,0.4,0.41,0.01,0.01,76027.71,1776753936000
1776753938.118,38.118,0.59,0.6,0.4,0.41,0.01,0.01,76027.71,1776753936000
1776753938.531,38.531,0.59,0.6,0.4,0.41,0.01,0.01,76027.82,1776753937000
1776753939.019,39.019,0.59,0.6,0.4,0.41,0.01,0.01,76027.82,1776753937000
1776753939.366,39.366,0.58,0.59,0.41,0.42,0.01,0.01,76027.81,1776753938000
1776753939.725,39.725,0.58,0.59,0.41,0.42,0.01,0.01,76027.81,1776753938000
1776753940.303,40.303,0.58,0.59,0.41,0.42,0.01,0.01,76027.81,1776753939000
1776753940.792,40.792,0.58,0.59,0.41,0.42,0.01,0.01,76027.81,1776753939000
1776753941.318,41.318,0.58,0.59,0.41,0.42,0.01,0.01,76027.95,1776753940000
1776753941.745,41.745,0.57,0.58,0.42,0.43,0.01,0.01,76027.95,1776753940000
1776753942.151,42.151,0.57,0.58,0.42,0.43,0.01,0.01,76027.95,1776753940000
1776753942.495,42.495,0.57,0.58,0.42,0.43,0.01,0.01,76027.87,1776753941000
1776753943.37,43.37,0.56,0.58,0.42,0.44,0.02,0.02,76026.35,1776753942000
1776753943.844,43.844,0.56,0.57,0.42,0.44,0.01,0.02,76026.35,1776753942000
1776753944.306,44.306,0.53,0.54,0.45,0.47,0.01,0.02,76026.35,1776753942000
1776753944.652,44.652,0.53,0.54,0.46,0.47,0.01,0.01,76025.89,1776753943000
1776753945.041,45.041,0.53,0.54,0.46,0.47,0.01,0.01,76025.69,1776753944000
1776753945.527,45.527,0.53,0.54,0.46,0.47,0.01,0.01,76025.69,1776753944000
1776753945.86,45.86,0.53,0.54,0.46,0.47,0.01,0.01,76025.69,1776753944000
1776753946.226,46.226,0.53,0.54,0.46,0.47,0.01,0.01,76024.76,1776753945000
1776753946.827,46.827,0.53,0.54,0.46,0.47,0.01,0.01,76024.76,1776753945000
1776753947.203,47.203,0.58,0.59,0.41,0.42,0.01,0.01,76024.79,1776753946000
1776753947.648,47.648,0.58,0.59,0.41,0.42,0.01,0.01,76024.79,1776753946000
1776753948.138,48.138,0.58,0.59,0.41,0.42,0.01,0.01,76024.79,1776753946000
1776753948.488,48.488,0.58,0.59,0.41,0.42,0.01,0.01,76024.79,1776753946000
1776753948.847,48.847,0.58,0.61,0.41,0.42,0.03,0.01,76024.79,1776753947000
1776753949.182,49.182,0.66,0.7,0.3,0.34,0.04,0.04,76027.98,1776753948000
1776753949.537,49.537,0.67,0.7,0.3,0.33,0.03,0.03,76027.98,1776753948000
1776753949.885,49.885,0.64,0.66,0.34,0.35,0.02,0.01,76027.98,1776753948000
1776753950.256,50.256,0.64,0.65,0.35,0.36,0.01,0.01,76028.85,1776753949000
1776753950.62,50.62,0.64,0.65,0.35,0.36,0.01,0.01,76028.85,1776753949000
1776753951.002,51.002,0.64,0.65,0.35,0.36,0.01,0.01,76033.77,1776753950000
1776753951.351,51.351,0.64,0.65,0.35,0.36,0.01,0.01,76033.77,1776753950000
1776753951.719,51.719,0.63,0.64,0.36,0.37,0.01,0.01,76033.77,1776753950000
1776753952.071,52.071,0.63,0.64,0.36,0.37,0.01,0.01,76033.77,1776753950000
1776753952.448,52.448,0.66,0.67,0.31,0.35,0.01,0.04,76033.77,1776753950000
1776753952.968,52.968,0.66,0.67,0.33,0.34,0.01,0.01,76035.99,1776753951000
1776753953.487,53.487,0.66,0.69,0.33,0.34,0.03,0.01,76035.99,1776753951000
1776753953.833,53.833,0.69,0.7,0.3,0.31,0.01,0.01,76036.0,1776753952000
1776753954.197,54.197,0.69,0.7,0.3,0.31,0.01,0.01,76036.01,1776753953000
1776753954.57,54.57,0.68,0.69,0.31,0.32,0.01,0.01,76036.01,1776753953000
1776753955.048,55.048,0.68,0.69,0.31,0.32,0.01,0.01,76037.92,1776753954000
1776753955.662,55.662,0.68,0.69,0.31,0.32,0.01,0.01,76037.92,1776753954000
1776753956.016,56.016,0.71,0.72,0.28,0.29,0.01,0.01,76037.92,1776753954000
1776753957.255,57.255,0.71,0.72,0.28,0.29,0.01,0.01,76038.38,1776753955000
1776753957.59,57.59,0.59,0.61,0.39,0.41,0.02,0.02,76038.45,1776753956000
1776753958.001,58.001,0.6,0.61,0.39,0.41,0.01,0.02,76038.45,1776753956000
1776753958.366,58.366,0.59,0.61,0.39,0.41,0.02,0.02,76035.31,1776753957000
1776753958.709,58.709,0.59,0.6,0.4,0.41,0.01,0.01,76035.31,1776753957000
1776753959.046,59.046,0.59,0.6,0.4,0.41,0.01,0.01,76035.31,1776753957000
1776753959.47,59.47,0.56,0.57,0.43,0.44,0.01,0.01,76034.95,1776753958000
1776753960.059,60.059,0.56,0.57,0.43,0.44,0.01,0.01,76034.95,1776753958000
1776753960.41,60.41,0.56,0.57,0.43,0.44,0.01,0.01,76034.95,1776753958000
1776753960.748,60.748,0.56,0.57,0.43,0.44,0.01,0.01,76034.99,1776753959000
1776753961.453,61.453,0.56,0.57,0.43,0.44,0.01,0.01,76034.99,1776753959000
1776753962.232,62.232,0.57,0.58,0.42,0.43,0.01,0.01,76034.71,1776753960000
1776753962.594,62.594,0.57,0.58,0.42,0.43,0.01,0.01,76034.69,1776753961000
1776753963.024,63.024,0.57,0.58,0.42,0.43,0.01,0.01,76034.69,1776753961000
1776753963.419,63.419,0.57,0.58,0.42,0.43,0.01,0.01,76033.97,1776753962000
1776753963.764,63.764,0.57,0.58,0.42,0.43,0.01,0.01,76033.97,1776753962000
1776753964.135,64.135,0.57,0.58,0.42,0.43,0.01,0.01,76033.97,1776753962000
1776753964.747,64.747,0.57,0.58,0.42,0.43,0.01,0.01,76033.97,1776753963000
1776753965.263,65.263,0.57,0.58,0.42,0.43,0.01,0.01,76033.97,1776753963000
1776753965.6,65.6,0.57,0.58,0.42,0.43,0.01,0.01,76034.08,1776753964000
1776753966.009,66.009,0.57,0.58,0.42,0.43,0.01,0.01,76034.08,1776753964000
1776753966.344,66.344,0.59,0.6,0.4,0.41,0.01,0.01,76034.07,1776753965000
1776753966.733,66.733,0.59,0.6,0.4,0.41,0.01,0.01,76034.07,1776753965000
1776753967.089,67.089,0.59,0.6,0.4,0.41,0.01,0.01,76034.07,1776753965000
1776753967.583,67.583,0.59,0.6,0.4,0.41,0.01,0.01,76032.09,1776753966000
1776753967.967,67.967,0.59,0.6,0.4,0.41,0.01,0.01,76032.09,1776753966000
1776753968.332,68.332,0.59,0.6,0.4,0.41,0.01,0.01,76031.26,1776753967000
1776753969.067,69.067,0.59,0.6,0.4,0.41,0.01,0.01,76031.26,1776753967000
1776753969.473,69.473,0.59,0.6,0.4,0.41,0.01,0.01,76031.14,1776753968000
1776753970.135,70.135,0.59,0.6,0.4,0.41,0.01,0.01,76030.69,1776753969000
1776753970.548,70.548,0.59,0.6,0.4,0.41,0.01,0.01,76030.69,1776753969000
1776753970.892,70.892,0.59,0.6,0.4,0.41,0.01,0.01,76030.69,1776753969000
1776753971.498,71.498,0.59,0.6,0.4,0.41,0.01,0.01,76030.71,1776753970000
1776753972.123,72.123,0.56,0.58,0.42,0.44,0.02,0.02,76030.32,1776753971000
1776753972.581,72.581,0.57,0.58,0.42,0.43,0.01,0.01,76030.32,1776753971000
1776753973.001,73.001,0.57,0.58,0.42,0.43,0.01,0.01,76029.32,1776753972000
1776753973.775,73.775,0.57,0.58,0.42,0.43,0.01,0.01,76029.32,1776753972000
1776753974.153,74.153,0.57,0.58,0.42,0.43,0.01,0.01,76029.32,1776753973000
1776753974.491,74.491,0.57,0.58,0.42,0.43,0.01,0.01,76029.32,1776753973000
1776753974.997,74.997,0.58,0.59,0.41,0.42,0.01,0.01,76029.32,1776753973000
1776753975.352,75.352,0.54,0.56,0.44,0.46,0.02,0.02,76029.03,1776753974000
1776753975.729,75.729,0.55,0.56,0.44,0.45,0.01,0.01,76029.03,1776753974000
1776753976.273,76.273,0.52,0.53,0.47,0.48,0.01,0.01,76029.03,1776753974000
1776753976.642,76.642,0.52,0.53,0.47,0.48,0.01,0.01,76028.31,1776753975000
1776753977.078,77.078,0.52,0.53,0.47,0.48,0.01,0.01,76028.31,1776753975000
1776753977.529,77.529,0.52,0.53,0.47,0.48,0.01,0.01,76027.68,1776753976000
1776753977.897,77.897,0.53,0.54,0.46,0.48,0.01,0.02,76027.68,1776753976000
1776753978.276,78.276,0.53,0.54,0.46,0.47,0.01,0.01,76027.68,1776753976000
1776753978.783,78.783,0.53,0.54,0.46,0.47,0.01,0.01,76027.03,1776753977000
1776753979.177,79.177,0.53,0.54,0.46,0.47,0.01,0.01,76027.03,1776753977000
1776753979.563,79.563,0.53,0.54,0.46,0.47,0.01,0.01,76027.59,1776753978000
1776753979.91,79.91,0.54,0.55,0.45,0.46,0.01,0.01,76027.59,1776753978000
1776753980.284,80.284,0.54,0.55,0.45,0.47,0.01,0.02,76027.05,1776753979000
1776753980.742,80.742,0.54,0.55,0.45,0.46,0.01,0.01,76027.05,1776753979000
1776753981.204,81.204,0.54,0.55,0.45,0.46,0.01,0.01,76027.05,1776753979000
1776753981.543,81.543,0.59,0.6,0.4,0.41,0.01,0.01,76027.12,1776753980000
1776753981.911,81.911,0.59,0.6,0.4,0.41,0.01,0.01,76027.12,1776753980000
1776753982.247,82.247,0.59,0.6,0.4,0.41,0.01,0.01,76027.08,1776753981000
1776753982.733,82.733,0.59,0.6,0.4,0.41,0.01,0.01,76027.08,1776753981000
1776753983.089,83.089,0.59,0.6,0.4,0.41,0.01,0.01,76025.05,1776753982000
1776753983.526,83.526,0.62,0.63,0.37,0.38,0.01,0.01,76025.05,1776753982000
1776753983.911,83.911,0.63,0.64,0.36,0.37,0.01,0.01,76025.05,1776753982000
1776753984.325,84.325,0.63,0.64,0.36,0.37,0.01,0.01,76026.07,1776753983000
1776753984.725,84.725,0.63,0.64,0.36,0.37,0.01,0.01,76026.07,1776753983000
1776753985.241,85.241,0.63,0.64,0.36,0.37,0.01,0.01,76028.23,1776753984000
1776753985.748,85.748,0.63,0.64,0.36,0.37,0.01,0.01,76028.23,1776753984000
1776753986.301,86.301,0.63,0.64,0.36,0.37,0.01,0.01,76029.24,1776753985000
1776753986.785,86.785,0.63,0.64,0.36,0.37,0.01,0.01,76029.24,1776753985000
1776753987.131,87.131,0.62,0.64,0.36,0.37,0.02,0.01,76029.24,1776753985000
1776753987.489,87.489,0.62,0.63,0.36,0.38,0.01,0.02,76029.24,1776753985000
1776753987.841,87.841,0.62,0.63,0.37,0.38,0.01,0.01,76032.7,1776753986000
1776753988.178,88.178,0.62,0.63,0.37,0.38,0.01,0.01,76032.7,1776753986000
1776753988.565,88.565,0.61,0.63,0.37,0.39,0.02,0.02,76032.7,1776753987000
1776753989.031,89.031,0.61,0.62,0.38,0.39,0.01,0.01,76032.7,1776753987000
1776753989.451,89.451,0.61,0.62,0.38,0.39,0.01,0.01,76033.0,1776753988000
1776753989.813,89.813,0.61,0.63,0.38,0.39,0.02,0.01,76033.0,1776753988000
1776753990.353,90.353,0.62,0.63,0.37,0.38,0.01,0.01,76032.99,1776753989000
1776753990.742,90.742,0.62,0.63,0.37,0.38,0.01,0.01,76032.99,1776753989000
1776753991.255,91.255,0.63,0.64,0.36,0.38,0.01,0.02,76032.99,1776753989000
1776753991.632,91.632,0.63,0.64,0.36,0.37,0.01,0.01,76033.0,1776753990000
1776753992.079,92.079,0.62,0.63,0.36,0.38,0.01,0.02,76033.0,1776753990000
1776753992.48,92.48,0.62,0.63,0.37,0.38,0.01,0.01,76033.0,1776753990000
1776753992.961,92.961,0.61,0.62,0.38,0.39,0.01,0.01,76033.05,1776753992000
1776753993.341,93.341,0.62,0.63,0.37,0.39,0.01,0.02,76033.05,1776753992000
1776753994.075,94.075,0.62,0.63,0.37,0.38,0.01,0.01,76032.9,1776753993000
1776753994.529,94.529,0.62,0.63,0.37,0.38,0.01,0.01,76032.9,1776753993000
1776753994.911,94.911,0.66,0.67,0.3,0.34,0.01,0.04,76032.9,1776753993000
1776753995.3,95.3,0.67,0.69,0.32,0.33,0.02,0.01,76036.47,1776753994000
1776753995.639,95.639,0.67,0.68,0.32,0.33,0.01,0.01,76036.47,1776753994000
1776753995.978,95.978,0.69,0.7,0.3,0.31,0.01,0.01,76036.47,1776753994000
1776753996.345,96.345,0.69,0.7,0.3,0.31,0.01,0.01,76036.47,1776753994000
1776753996.862,96.862,0.68,0.69,0.31,0.32,0.01,0.01,76038.52,1776753995000
1776753997.353,97.353,0.68,0.69,0.31,0.32,0.01,0.01,76035.84,1776753996000
1776753997.956,97.956,0.68,0.69,0.31,0.32,0.01,0.01,76035.84,1776753996000
1776753998.361,98.361,0.68,0.69,0.31,0.32,0.01,0.01,76035.84,1776753996000
1776753998.719,98.719,0.68,0.69,0.31,0.32,0.01,0.01,76038.51,1776753997000
1776753999.254,99.254,0.67,0.68,0.31,0.33,0.01,0.02,76038.51,1776753998000
1776753999.622,99.622,0.67,0.68,0.32,0.33,0.01,0.01,76038.51,1776753998000
1776754000.065,100.065,0.67,0.68,0.32,0.33,0.01,0.01,76038.69,1776753999000
1776754000.405,100.405,0.66,0.67,0.32,0.34,0.01,0.02,76038.69,1776753999000
1776754000.748,100.748,0.66,0.67,0.33,0.34,0.01,0.01,76038.69,1776753999000
1776754001.226,101.226,0.66,0.67,0.33,0.34,0.01,0.01,76038.76,1776754000000
1776754001.593,101.593,0.66,0.67,0.33,0.34,0.01,0.01,76038.76,1776754000000
1776754002.339,102.339,0.66,0.67,0.33,0.34,0.01,0.01,76038.76,1776754000000
1776754002.673,102.673,0.7,0.71,0.29,0.32,0.01,0.03,76038.76,1776754000000
1776754003.136,103.136,0.7,0.71,0.29,0.3,0.01,0.01,76038.54,1776754001000
1776754003.649,103.649,0.7,0.71,0.29,0.3,0.01,0.01,76038.54,1776754002000
1776754004.134,104.134,0.7,0.71,0.29,0.3,0.01,0.01,76038.54,1776754002000
1776754004.541,104.541,0.63,0.64,0.36,0.37,0.01,0.01,76038.55,1776754003000
1776754004.933,104.933,0.63,0.64,0.36,0.37,0.01,0.01,76038.55,1776754003000
1776754005.315,105.315,0.6,0.62,0.37,0.4,0.02,0.03,76038.76,1776754004000
1776754005.697,105.697,0.6,0.61,0.39,0.4,0.01,0.01,76038.76,1776754004000
1776754006.04,106.04,0.6,0.61,0.39,0.4,0.01,0.01,76038.76,1776754004000
1776754006.652,106.652,0.61,0.62,0.38,0.39,0.01,0.01,76036.88,1776754005000
1776754007.17,107.17,0.6,0.62,0.38,0.4,0.02,0.02,76036.16,1776754006000
1776754007.506,107.506,0.6,0.61,0.39,0.4,0.01,0.01,76036.16,1776754006000
1776754007.913,107.913,0.6,0.61,0.39,0.4,0.01,0.01,76036.16,1776754006000
1776754008.298,108.298,0.6,0.61,0.39,0.4,0.01,0.01,76035.94,1776754007000
1776754008.727,108.727,0.61,0.62,0.38,0.39,0.01,0.01,76035.94,1776754007000
1776754009.085,109.085,0.61,0.62,0.38,0.39,0.01,0.01,76035.94,1776754007000
1776754009.431,109.431,0.61,0.62,0.38,0.39,0.01,0.01,76034.49,1776754008000
1776754009.873,109.873,0.61,0.62,0.38,0.39,0.01,0.01,76034.49,1776754008000
1776754010.306,110.306,0.62,0.63,0.37,0.38,0.01,0.01,76034.49,1776754008000
1776754010.721,110.721,0.62,0.63,0.37,0.38,0.01,0.01,76034.51,1776754009000
1776754011.154,111.154,0.62,0.63,0.37,0.38,0.01,0.01,76034.65,1776754010000
1776754011.634,111.634,0.62,0.63,0.37,0.38,0.01,0.01,76034.65,1776754010000
1776754012.045,112.045,0.62,0.63,0.37,0.38,0.01,0.01,76034.74,1776754011000
1776754012.435,112.435,0.62,0.63,0.37,0.38,0.01,0.01,76034.74,1776754011000
1776754013.165,113.165,0.62,0.63,0.37,0.38,0.01,0.01,76034.74,1776754012000
1776754013.62,113.62,0.62,0.63,0.37,0.38,0.01,0.01,76034.74,1776754012000
1776754014.102,114.102,0.62,0.63,0.37,0.38,0.01,0.01,76034.74,1776754013000
1776754014.46,114.46,0.62,0.63,0.37,0.38,0.01,0.01,76034.74,1776754013000
1776754014.839,114.839,0.63,0.64,0.36,0.37,0.01,0.01,76034.74,1776754013000
1776754015.293,115.293,0.63,0.64,0.36,0.37,0.01,0.01,76034.63,1776754014000
1776754015.705,115.705,0.63,0.64,0.36,0.37,0.01,0.01,76034.63,1776754014000
1776754016.129,116.129,0.63,0.64,0.36,0.37,0.01,0.01,76034.63,1776754014000
1776754016.516,116.516,0.63,0.64,0.36,0.37,0.01,0.01,76034.63,1776754014000
1776754016.867,116.867,0.63,0.64,0.36,0.37,0.01,0.01,76034.59,1776754015000
1776754017.346,117.346,0.63,0.64,0.36,0.37,0.01,0.01,76034.59,1776754015000
1776754017.906,117.906,0.63,0.64,0.36,0.37,0.01,0.01,76034.62,1776754016000
1776754018.247,118.247,0.63,0.64,0.36,0.37,0.01,0.01,76034.65,1776754017000
1776754018.606,118.606,0.63,0.64,0.36,0.37,0.01,0.01,76034.65,1776754017000
1776754019.111,119.111,0.63,0.65,0.36,0.37,0.02,0.01,76034.65,1776754017000
1776754019.912,119.912,0.64,0.65,0.35,0.36,0.01,0.01,76034.39,1776754018000
1776754020.336,120.336,0.64,0.65,0.35,0.36,0.01,0.01,76034.39,1776754018000
1776754020.743,120.743,0.64,0.65,0.35,0.36,0.01,0.01,76034.49,1776754019000
1776754021.186,121.186,0.64,0.65,0.35,0.36,0.01,0.01,76034.43,1776754020000
1776754021.727,121.727,0.64,0.65,0.35,0.36,0.01,0.01,76034.43,1776754020000
1776754022.294,122.294,0.63,0.64,0.35,0.37,0.01,0.02,76034.43,1776754020000
1776754022.829,122.829,0.63,0.64,0.36,0.37,0.01,0.01,76034.53,1776754021000
1776754023.2,123.2,0.63,0.64,0.36,0.37,0.01,0.01,76034.27,1776754022000
1776754023.605,123.605,0.64,0.65,0.36,0.37,0.01,0.01,76034.27,1776754022000
1776754023.948,123.948,0.64,0.65,0.35,0.36,0.01,0.01,76034.27,1776754022000
1776754024.339,124.339,0.65,0.66,0.34,0.36,0.01,0.02,76034.24,1776754023000
1776754024.784,124.784,0.65,0.67,0.34,0.35,0.02,0.01,76034.24,1776754023000
1776754025.14,125.14,0.69,0.71,0.3,0.32,0.02,0.02,76034.24,1776754023000
1776754025.479,125.479,0.7,0.71,0.29,0.3,0.01,0.01,76034.24,1776754023000
1776754025.848,125.848,0.7,0.71,0.29,0.3,0.01,0.01,76034.21,1776754024000
1776754026.336,126.336,0.7,0.71,0.29,0.3,0.01,0.01,76034.22,1776754025000
1776754026.728,126.728,0.7,0.71,0.29,0.3,0.01,0.01,76034.22,1776754025000
1776754027.251,127.251,0.71,0.72,0.28,0.29,0.01,0.01,76034.98,1776754026000
1776754028.03,128.03,0.71,0.72,0.28,0.29,0.01,0.01,76034.98,1776754026000
1776754028.372,128.372,0.71,0.72,0.28,0.29,0.01,0.01,76034.98,1776754026000
1776754028.935,128.935,0.71,0.72,0.28,0.29,0.01,0.01,76038.63,1776754027000
1776754029.292,129.292,0.71,0.72,0.28,0.29,0.01,0.01,76038.63,1776754028000
1776754029.742,129.742,0.71,0.72,0.28,0.29,0.01,0.01,76038.63,1776754028000
1776754030.285,130.285,0.71,0.72,0.28,0.29,0.01,0.01,76038.63,1776754028000
1776754030.937,130.937,0.71,0.72,0.28,0.29,0.01,0.01,76038.22,1776754029000
1776754031.287,131.287,0.71,0.72,0.28,0.29,0.01,0.01,76038.22,1776754029000
1776754031.666,131.666,0.71,0.72,0.28,0.29,0.01,0.01,76038.26,1776754030000
1776754032.003,132.003,0.74,0.75,0.25,0.26,0.01,0.01,76038.26,1776754030000
1776754032.442,132.442,0.74,0.75,0.25,0.26,0.01,0.01,76038.26,1776754030000
1776754032.879,132.879,0.73,0.74,0.25,0.26,0.01,0.01,76038.27,1776754031000
1776754033.264,133.264,0.73,0.74,0.26,0.27,0.01,0.01,76038.27,1776754032000
1776754033.71,133.71,0.73,0.74,0.26,0.27,0.01,0.01,76038.27,1776754032000
1776754034.374,134.374,0.73,0.74,0.26,0.27,0.01,0.01,76039.3,1776754033000
1776754034.75,134.75,0.73,0.74,0.26,0.27,0.01,0.01,76039.3,1776754033000
1776754035.2,135.2,0.73,0.75,0.26,0.27,0.02,0.01,76039.35,1776754034000
1776754035.858,135.858,0.73,0.74,0.26,0.27,0.01,0.01,76039.31,1776754035000
1776754036.225,136.225,0.72,0.73,0.27,0.28,0.01,0.01,76039.31,1776754035000
1776754036.61,136.61,0.72,0.73,0.27,0.28,0.01,0.01,76039.31,1776754035000
1776754036.954,136.954,0.72,0.73,0.27,0.28,0.01,0.01,76039.31,1776754035000
1776754037.337,137.337,0.72,0.73,0.27,0.28,0.01,0.01,76039.31,1776754035000
1776754037.773,137.773,0.72,0.73,0.27,0.28,0.01,0.01,76039.36,1776754036000
1776754038.373,138.373,0.72,0.73,0.27,0.28,0.01,0.01,76039.69,1776754037000
1776754038.879,138.879,0.72,0.73,0.27,0.28,0.01,0.01,76039.69,1776754037000
1776754039.23,139.23,0.71,0.73,0.27,0.29,0.02,0.02,76039.69,1776754037000
1776754039.575,139.575,0.67,0.68,0.32,0.33,0.01,0.01,76039.74,1776754038000
1776754040.034,140.034,0.67,0.68,0.32,0.33,0.01,0.01,76039.74,1776754038000
1776754040.52,140.52,0.67,0.68,0.32,0.33,0.01,0.01,76039.49,1776754039000
1776754040.923,140.923,0.67,0.68,0.32,0.33,0.01,0.01,76039.49,1776754039000
1776754041.418,141.418,0.67,0.68,0.32,0.33,0.01,0.01,76039.25,1776754040000
1776754041.937,141.937,0.67,0.68,0.32,0.33,0.01,0.01,76039.25,1776754040000
1776754042.493,142.493,0.67,0.68,0.32,0.33,0.01,0.01,76038.66,1776754041000
1776754042.9,142.9,0.67,0.68,0.32,0.33,0.01,0.01,76038.66,1776754041000
1776754043.309,143.309,0.67,0.68,0.32,0.33,0.01,0.01,76038.82,1776754042000
1776754043.749,143.749,0.67,0.68,0.32,0.33,0.01,0.01,76038.82,1776754042000
1776754044.178,144.178,0.67,0.68,0.32,0.33,0.01,0.01,76038.82,1776754042000
1776754044.765,144.765,0.67,0.68,0.32,0.33,0.01,0.01,76038.46,1776754043000
1776754045.257,145.257,0.67,0.68,0.32,0.33,0.01,0.01,76038.46,1776754043000
1776754046.045,146.045,0.67,0.68,0.32,0.33,0.01,0.01,76037.97,1776754045000
1776754046.601,146.601,0.67,0.68,0.32,0.33,0.01,0.01,76037.97,1776754045000
1776754046.976,146.976,0.61,0.62,0.38,0.39,0.01,0.01,76037.97,1776754045000
1776754047.337,147.337,0.61,0.63,0.38,0.39,0.02,0.01,76037.94,1776754046000
1776754047.678,147.678,0.64,0.66,0.35,0.36,0.02,0.01,76037.94,1776754046000
1776754048.118,148.118,0.65,0.66,0.34,0.35,0.01,0.01,76037.94,1776754047000
1776754048.714,148.714,0.67,0.68,0.32,0.33,0.01,0.01,76037.94,1776754047000
1776754049.047,149.047,0.67,0.68,0.32,0.33,0.01,0.01,76037.94,1776754047000
1776754049.434,149.434,0.67,0.68,0.32,0.33,0.01,0.01,76035.18,1776754048000
1776754050.125,150.125,0.67,0.68,0.32,0.33,0.01,0.01,76035.18,1776754048000
1776754050.677,150.677,0.67,0.68,0.32,0.33,0.01,0.01,76036.25,1776754049000
1776754051.262,151.262,0.67,0.68,0.32,0.33,0.01,0.01,76036.41,1776754050000
1776754052.148,152.148,0.67,0.68,0.32,0.33,0.01,0.01,76036.21,1776754051000
1776754052.482,152.482,0.67,0.68,0.32,0.33,0.01,0.01,76036.21,1776754051000
1776754053.113,153.113,0.67,0.7,0.32,0.33,0.03,0.01,76036.21,1776754051000
1776754053.482,153.482,0.7,0.71,0.28,0.3,0.01,0.02,76036.16,1776754052000
1776754054.294,154.294,0.7,0.71,0.29,0.3,0.01,0.01,76036.16,1776754052000
1776754054.723,154.723,0.64,0.65,0.35,0.36,0.01,0.01,76036.2,1776754053000
1776754055.348,155.348,0.64,0.65,0.35,0.36,0.01,0.01,76036.2,1776754053000
1776754055.799,155.799,0.64,0.65,0.35,0.36,0.01,0.01,76036.25,1776754054000
1776754056.164,156.164,0.64,0.65,0.35,0.36,0.01,0.01,76036.42,1776754055000
1776754056.658,156.658,0.64,0.65,0.35,0.36,0.01,0.01,76036.42,1776754055000
1776754056.995,156.995,0.64,0.65,0.35,0.36,0.01,0.01,76036.42,1776754055000
1776754057.389,157.389,0.64,0.65,0.35,0.36,0.01,0.01,76036.07,1776754056000
1776754057.941,157.941,0.64,0.65,0.35,0.36,0.01,0.01,76036.07,1776754056000
1776754058.276,158.276,0.64,0.66,0.35,0.36,0.02,0.01,76036.07,1776754056000
1776754058.743,158.743,0.65,0.66,0.34,0.35,0.01,0.01,76035.84,1776754057000
1776754059.247,159.247,0.65,0.66,0.34,0.35,0.01,0.01,76035.84,1776754057000
1776754059.589,159.589,0.66,0.67,0.33,0.34,0.01,0.01,76035.82,1776754058000
1776754060.093,160.093,0.66,0.67,0.33,0.34,0.01,0.01,76035.82,1776754058000
1776754060.434,160.434,0.66,0.67,0.33,0.34,0.01,0.01,76035.82,1776754058000
1776754061.052,161.052,0.66,0.67,0.33,0.34,0.01,0.01,76035.94,1776754059000
1776754061.475,161.475,0.66,0.67,0.33,0.34,0.01,0.01,76035.94,1776754059000
1776754061.885,161.885,0.66,0.67,0.33,0.34,0.01,0.01,76035.97,1776754060000
1776754062.294,162.294,0.66,0.67,0.33,0.34,0.01,0.01,76035.97,1776754060000
1776754062.73,162.73,0.66,0.67,0.33,0.34,0.01,0.01,76035.96,1776754061000
1776754063.221,163.221,0.66,0.67,0.33,0.34,0.01,0.01,76035.96,1776754062000
1776754063.911,163.911,0.66,0.67,0.33,0.34,0.01,0.01,76035.96,1776754062000
1776754064.306,164.306,0.66,0.67,0.33,0.34,0.01,0.01,76035.96,1776754062000
1776754064.655,164.655,0.66,0.67,0.33,0.34,0.01,0.01,76035.98,1776754063000
1776754065.444,165.444,0.66,0.67,0.33,0.34,0.01,0.01,76033.35,1776754064000
1776754066.06,166.06,0.66,0.67,0.33,0.34,0.01,0.01,76036.09,1776754065000
1776754066.674,166.674,0.66,0.67,0.33,0.34,0.01,0.01,76036.09,1776754065000
1776754067.132,167.132,0.66,0.67,0.33,0.34,0.01,0.01,76036.09,1776754065000
1776754067.624,167.624,0.66,0.67,0.33,0.34,0.01,0.01,76036.0,1776754066000
1776754068.124,168.124,0.66,0.67,0.33,0.34,0.01,0.01,76036.0,1776754066000
1776754068.751,168.751,0.66,0.67,0.33,0.34,0.01,0.01,76036.0,1776754066000
1776754069.54,169.54,0.66,0.67,0.33,0.34,0.01,0.01,76036.07,1776754068000
1776754070.417,170.417,0.66,0.67,0.33,0.34,0.01,0.01,76036.07,1776754068000
1776754070.844,170.844,0.67,0.68,0.32,0.34,0.01,0.02,76036.07,1776754069000
1776754071.553,171.553,0.67,0.68,0.32,0.33,0.01,0.01,76036.07,1776754069000
1776754072.177,172.177,0.67,0.68,0.32,0.33,0.01,0.01,76035.99,1776754070000
1776754072.514,172.514,0.67,0.68,0.32,0.33,0.01,0.01,76035.99,1776754070000
1776754072.912,172.912,0.67,0.68,0.32,0.33,0.01,0.01,76036.07,1776754071000
1776754073.592,173.592,0.67,0.68,0.32,0.33,0.01,0.01,76036.07,1776754071000
1776754074.332,174.332,0.66,0.68,0.32,0.33,0.02,0.01,76036.08,1776754072000
1776754074.707,174.707,0.66,0.68,0.32,0.34,0.02,0.02,76036.09,1776754073000
1776754075.384,175.384,0.66,0.67,0.32,0.34,0.01,0.02,76036.09,1776754073000
1776754076.046,176.046,0.66,0.67,0.33,0.34,0.01,0.01,76035.73,1776754074000
1776754076.539,176.539,0.7,0.71,0.3,0.33,0.01,0.03,76035.55,1776754075000
1776754076.92,176.92,0.7,0.71,0.29,0.3,0.01,0.01,76035.55,1776754075000
1776754077.792,177.792,0.7,0.71,0.29,0.3,0.01,0.01,76035.69,1776754076000
1776754078.161,178.161,0.71,0.72,0.28,0.29,0.01,0.01,76035.69,1776754076000
1776754078.67,178.67,0.71,0.72,0.28,0.29,0.01,0.01,76035.76,1776754077000
1776754079.076,179.076,0.71,0.72,0.28,0.29,0.01,0.01,76035.76,1776754077000
1776754079.573,179.573,0.71,0.72,0.28,0.29,0.01,0.01,76037.02,1776754078000
1776754079.93,179.93,0.71,0.72,0.28,0.29,0.01,0.01,76037.02,1776754078000
1776754080.378,180.378,0.71,0.72,0.28,0.29,0.01,0.01,76037.02,1776754078000
1776754080.824,180.824,0.71,0.78,0.28,0.29,0.07,0.01,76036.55,1776754079000
1776754081.568,181.568,0.75,0.76,0.24,0.29,0.01,0.05,76036.55,1776754079000
1776754082.497,182.497,0.75,0.76,0.24,0.25,0.01,0.01,76036.6,1776754081000
1776754082.878,182.878,0.75,0.78,0.22,0.25,0.03,0.03,76036.6,1776754081000
1776754083.251,183.251,0.75,0.78,0.22,0.25,0.03,0.03,76036.6,1776754081000
1776754083.585,183.585,0.75,0.78,0.22,0.25,0.03,0.03,76038.01,1776754082000
1776754084.104,184.104,0.75,0.77,0.22,0.25,0.02,0.03,76038.01,1776754082000
1776754084.612,184.612,0.78,0.79,0.2,0.24,0.01,0.04,76038.01,1776754082000
1776754084.97,184.97,0.78,0.79,0.21,0.22,0.01,0.01,76040.64,1776754083000
1776754085.404,185.404,0.78,0.8,0.2,0.22,0.02,0.02,76040.66,1776754084000
1776754085.831,185.831,0.79,0.8,0.2,0.21,0.01,0.01,76040.66,1776754084000
1776754086.369,186.369,0.79,0.8,0.2,0.21,0.01,0.01,76040.5,1776754085000
1776754086.712,186.712,0.72,0.73,0.27,0.28,0.01,0.01,76040.5,1776754085000
1776754087.067,187.067,0.72,0.73,0.27,0.28,0.01,0.01,76040.5,1776754085000
1776754087.524,187.524,0.72,0.73,0.27,0.28,0.01,0.01,76040.5,1776754085000
1776754087.92,187.92,0.72,0.73,0.27,0.28,0.01,0.01,76040.5,1776754085000
1776754088.444,188.444,0.72,0.73,0.27,0.28,0.01,0.01,76040.54,1776754087000
1776754088.815,188.815,0.72,0.73,0.27,0.28,0.01,0.01,76040.54,1776754087000
1776754089.343,189.343,0.72,0.73,0.27,0.28,0.01,0.01,76039.23,1776754088000
1776754089.867,189.867,0.72,0.73,0.27,0.28,0.01,0.01,76039.23,1776754088000
1776754090.28,190.28,0.72,0.73,0.27,0.28,0.01,0.01,76039.23,1776754088000
1776754090.877,190.877,0.72,0.73,0.27,0.28,0.01,0.01,76038.94,1776754089000
1776754091.298,191.298,0.72,0.73,0.27,0.28,0.01,0.01,76038.94,1776754090000
1776754091.868,191.868,0.73,0.74,0.26,0.28,0.01,0.02,76038.94,1776754090000
1776754092.268,192.268,0.73,0.74,0.26,0.27,0.01,0.01,76038.94,1776754090000
1776754092.662,192.662,0.73,0.74,0.26,0.27,0.01,0.01,76038.88,1776754091000
1776754093.127,193.127,0.73,0.74,0.26,0.27,0.01,0.01,76038.88,1776754091000
1776754093.577,193.577,0.67,0.69,0.31,0.35,0.02,0.04,76038.87,1776754092000
1776754093.974,193.974,0.66,0.67,0.33,0.34,0.01,0.01,76038.87,1776754092000
1776754094.329,194.329,0.66,0.67,0.33,0.34,0.01,0.01,76038.87,1776754092000
1776754094.707,194.707,0.66,0.67,0.33,0.34,0.01,0.01,76038.78,1776754093000
1776754095.255,195.255,0.69,0.7,0.32,0.34,0.01,0.02,76038.78,1776754093000
1776754096.724,196.724,0.69,0.7,0.3,0.31,0.01,0.01,76052.26,1776754095000
1776754097.156,197.156,0.77,0.8,0.2,0.34,0.03,0.14,76052.26,1776754095000
1776754097.506,197.506,0.87,0.88,0.12,0.18,0.01,0.06,76062.76,1776754096000
1776754097.841,197.841,0.87,0.88,0.12,0.13,0.01,0.01,76062.76,1776754096000
1776754098.279,198.279,0.87,0.88,0.12,0.13,0.01,0.01,76064.6,1776754097000
1776754098.648,198.648,0.82,0.89,0.12,0.18,0.07,0.06,76064.6,1776754097000
1776754099.025,199.025,0.82,0.89,0.11,0.18,0.07,0.07,76064.6,1776754097000
1776754099.388,199.388,0.9,0.91,0.09,0.12,0.01,0.03,76065.0,1776754098000
1776754099.77,199.77,0.9,0.91,0.09,0.1,0.01,0.01,76065.0,1776754098000
1776754100.105,200.105,0.9,0.91,0.09,0.1,0.01,0.01,76065.0,1776754098000
1776754100.444,200.444,0.9,0.91,0.09,0.1,0.01,0.01,76065.0,1776754098000
1776754100.822,200.822,0.9,0.91,0.09,0.1,0.01,0.01,76065.03,1776754099000
1776754101.167,201.167,0.9,0.91,0.09,0.1,0.01,0.01,76065.03,1776754100000
1776754101.524,201.524,0.9,0.91,0.09,0.1,0.01,0.01,76065.03,1776754100000
1776754102.176,202.176,0.9,0.91,0.09,0.1,0.01,0.01,76065.03,1776754100000
1776754102.556,202.556,0.9,0.91,0.09,0.1,0.01,0.01,76065.03,1776754101000
1776754102.99,202.99,0.9,0.91,0.09,0.1,0.01,0.01,76065.03,1776754101000
1776754103.375,203.375,0.9,0.91,0.09,0.1,0.01,0.01,76065.03,1776754101000
1776754103.722,203.722,0.9,0.91,0.09,0.1,0.01,0.01,76065.04,1776754102000
1776754104.059,204.059,0.9,0.92,0.08,0.1,0.02,0.02,76065.04,1776754102000
1776754104.398,204.398,0.9,0.92,0.08,0.1,0.02,0.02,76065.04,1776754102000
1776754104.744,204.744,0.91,0.92,0.08,0.09,0.01,0.01,76065.15,1776754103000
1776754105.168,205.168,0.91,0.92,0.08,0.09,0.01,0.01,76065.09,1776754104000
1776754105.525,205.525,0.91,0.92,0.08,0.09,0.01,0.01,76065.09,1776754104000
1776754106.121,206.121,0.91,0.92,0.08,0.09,0.01,0.01,76065.09,1776754104000
1776754106.48,206.48,0.91,0.92,0.08,0.09,0.01,0.01,76065.16,1776754105000
1776754106.944,206.944,0.91,0.92,0.08,0.09,0.01,0.01,76065.18,1776754106000
1776754107.314,207.314,0.91,0.92,0.08,0.09,0.01,0.01,76065.18,1776754106000
1776754107.665,207.665,0.91,0.92,0.08,0.09,0.01,0.01,76065.18,1776754106000
1776754108.092,208.092,0.91,0.92,0.08,0.09,0.01,0.01,76065.14,1776754107000
1776754108.504,208.504,0.91,0.92,0.08,0.09,0.01,0.01,76065.14,1776754107000
1776754109.091,209.091,0.91,0.92,0.08,0.09,0.01,0.01,76065.14,1776754107000
1776754109.802,209.802,0.91,0.92,0.08,0.09,0.01,0.01,76065.17,1776754108000
1776754110.342,210.342,0.91,0.92,0.08,0.09,0.01,0.01,76065.17,1776754109000
1776754110.963,210.963,0.91,0.92,0.08,0.09,0.01,0.01,76065.17,1776754109000
1776754111.329,211.329,0.91,0.92,0.08,0.09,0.01,0.01,76065.18,1776754110000
1776754111.829,211.829,0.91,0.92,0.08,0.09,0.01,0.01,76065.18,1776754110000
1776754112.674,212.674,0.91,0.92,0.08,0.09,0.01,0.01,76065.19,1776754111000
1776754113.037,213.037,0.89,0.9,0.1,0.11,0.01,0.01,76065.19,1776754111000
1776754113.64,213.64,0.88,0.9,0.1,0.11,0.02,0.01,76065.63,1776754112000
1776754114.004,214.004,0.88,0.89,0.1,0.12,0.01,0.02,76065.63,1776754112000
1776754114.588,214.588,0.87,0.88,0.12,0.13,0.01,0.01,76062.3,1776754113000
1776754115.104,215.104,0.87,0.88,0.12,0.13,0.01,0.01,76062.3,1776754113000
1776754115.551,215.551,0.87,0.88,0.12,0.13,0.01,0.01,76058.07,1776754114000
1776754116.001,216.001,0.87,0.88,0.12,0.13,0.01,0.01,76058.07,1776754114000
1776754116.78,216.78,0.87,0.89,0.12,0.13,0.02,0.01,76058.07,1776754114000
1776754117.158,217.158,0.88,0.89,0.11,0.12,0.01,0.01,76058.07,1776754114000
1776754117.533,217.533,0.89,0.9,0.1,0.11,0.01,0.01,76057.96,1776754116000
1776754117.984,217.984,0.89,0.9,0.1,0.11,0.01,0.01,76057.96,1776754116000
1776754118.497,218.497,0.89,0.9,0.1,0.11,0.01,0.01,76057.58,1776754117000
1776754118.864,218.864,0.89,0.9,0.1,0.11,0.01,0.01,76057.58,1776754117000
1776754119.312,219.312,0.89,0.9,0.1,0.11,0.01,0.01,76057.58,1776754117000
1776754119.68,219.68,0.89,0.9,0.1,0.11,0.01,0.01,76058.21,1776754118000
1776754120.187,220.187,0.9,0.91,0.09,0.1,0.01,0.01,76058.21,1776754118000
1776754120.618,220.618,0.9,0.91,0.09,0.1,0.01,0.01,76057.86,1776754119000
1776754121.092,221.092,0.9,0.91,0.09,0.1,0.01,0.01,76057.86,1776754119000
1776754121.688,221.688,0.9,0.91,0.09,0.1,0.01,0.01,76057.92,1776754120000
1776754122.056,222.056,0.9,0.91,0.09,0.1,0.01,0.01,76057.92,1776754120000
1776754122.527,222.527,0.9,0.91,0.09,0.1,0.01,0.01,76057.96,1776754121000
1776754122.937,222.937,0.91,0.92,0.08,0.1,0.01,0.02,76057.96,1776754121000
1776754123.564,223.564,0.91,0.92,0.08,0.09,0.01,0.01,76057.96,1776754122000
1776754124.384,224.384,0.91,0.92,0.08,0.09,0.01,0.01,76057.96,1776754122000
1776754125.025,225.025,0.91,0.92,0.08,0.09,0.01,0.01,76056.76,1776754123000
1776754125.811,225.811,0.91,0.92,0.08,0.09,0.01,0.01,76056.71,1776754124000
1776754126.409,226.409,0.91,0.92,0.08,0.09,0.01,0.01,76056.71,1776754124000
1776754126.777,226.777,0.91,0.92,0.08,0.09,0.01,0.01,76056.76,1776754125000
1776754127.29,227.29,0.91,0.92,0.08,0.09,0.01,0.01,76056.76,1776754125000
1776754128.714,228.714,0.91,0.92,0.08,0.09,0.01,0.01,76056.77,1776754127000
1776754129.501,229.501,0.91,0.92,0.08,0.09,0.01,0.01,76056.8,1776754128000
1776754130.207,230.207,0.91,0.92,0.08,0.09,0.01,0.01,76056.81,1776754129000
1776754130.548,230.548,0.91,0.92,0.08,0.09,0.01,0.01,76056.81,1776754129000
1776754130.986,230.986,0.91,0.92,0.08,0.09,0.01,0.01,76056.81,1776754129000
1776754131.468,231.468,0.91,0.92,0.08,0.09,0.01,0.01,76056.7,1776754130000
1776754131.828,231.828,0.91,0.92,0.08,0.09,0.01,0.01,76056.7,1776754130000
1776754132.234,232.234,0.91,0.92,0.08,0.09,0.01,0.01,76056.7,1776754130000
1776754132.646,232.646,0.91,0.92,0.08,0.09,0.01,0.01,76056.7,1776754131000
1776754133.132,233.132,0.91,0.92,0.08,0.09,0.01,0.01,76056.44,1776754132000
1776754133.465,233.465,0.91,0.92,0.08,0.09,0.01,0.01,76056.44,1776754132000
1776754134.138,234.138,0.91,0.92,0.08,0.09,0.01,0.01,76056.44,1776754132000
1776754134.92,234.92,0.91,0.92,0.08,0.09,0.01,0.01,76056.14,1776754133000
1776754135.272,235.272,0.91,0.92,0.08,0.09,0.01,0.01,76056.14,1776754133000
1776754136.467,236.467,0.91,0.92,0.08,0.09,0.01,0.01,76056.11,1776754135000
1776754136.942,236.942,0.91,0.92,0.08,0.09,0.01,0.01,76056.11,1776754135000
1776754137.37,237.37,0.91,0.92,0.08,0.09,0.01,0.01,76056.07,1776754136000
1776754137.803,237.803,0.91,0.92,0.08,0.09,0.01,0.01,76056.07,1776754136000
1776754138.388,238.388,0.91,0.92,0.08,0.09,0.01,0.01,76056.07,1776754137000
1776754139.12,239.12,0.91,0.92,0.08,0.09,0.01,0.01,76056.07,1776754137000
1776754139.949,239.949,0.91,0.92,0.08,0.09,0.01,0.01,76056.06,1776754138000
1776754140.344,240.344,0.91,0.92,0.08,0.09,0.01,0.01,76056.07,1776754139000
1776754140.786,240.786,0.91,0.92,0.08,0.09,0.01,0.01,76056.07,1776754139000
1776754141.385,241.385,0.91,0.92,0.08,0.09,0.01,0.01,76056.07,1776754139000
1776754142.013,242.013,0.91,0.92,0.08,0.09,0.01,0.01,76056.57,1776754141000
1776754142.578,242.578,0.91,0.92,0.08,0.09,0.01,0.01,76056.57,1776754141000
1776754142.929,242.929,0.91,0.92,0.08,0.09,0.01,0.01,76056.57,1776754141000
1776754143.265,243.265,0.92,0.93,0.07,0.08,0.01,0.01,76064.18,1776754142000
1776754143.782,243.782,0.92,0.94,0.06,0.07,0.02,0.01,76064.18,1776754142000
1776754144.217,244.217,0.94,0.95,0.05,0.06,0.01,0.01,76063.79,1776754143000
1776754144.611,244.611,0.93,0.95,0.06,0.07,0.02,0.01,76063.79,1776754143000
1776754145.055,245.055,0.94,0.95,0.05,0.06,0.01,0.01,76063.79,1776754143000
1776754145.443,245.443,0.94,0.95,0.05,0.06,0.01,0.01,76064.96,1776754144000
1776754145.83,245.83,0.95,0.96,0.04,0.05,0.01,0.01,76064.96,1776754144000
1776754146.221,246.221,0.95,0.96,0.04,0.05,0.01,0.01,76064.96,1776754144000
1776754146.555,246.555,0.95,0.96,0.04,0.05,0.01,0.01,76064.97,1776754145000
1776754146.975,246.975,0.95,0.96,0.04,0.05,0.01,0.01,76064.97,1776754145000
1776754147.445,247.445,0.95,0.96,0.04,0.05,0.01,0.01,76064.97,1776754146000
1776754147.92,247.92,0.95,0.96,0.04,0.05,0.01,0.01,76064.97,1776754146000
1776754148.256,248.256,0.96,0.97,0.03,0.04,0.01,0.01,76064.99,1776754147000
1776754148.604,248.604,0.96,0.97,0.03,0.04,0.01,0.01,76064.99,1776754147000
1776754148.957,248.957,0.96,0.97,0.03,0.04,0.01,0.01,76064.99,1776754147000
1776754149.311,249.311,0.96,0.97,0.03,0.04,0.01,0.01,76065.0,1776754148000
1776754149.659,249.659,0.96,0.97,0.03,0.04,0.01,0.01,76065.0,1776754148000
1776754150.19,250.19,0.96,0.97,0.03,0.04,0.01,0.01,76065.0,1776754148000
1776754150.615,250.615,0.96,0.97,0.03,0.04,0.01,0.01,76065.0,1776754149000
1776754150.977,250.977,0.96,0.97,0.03,0.04,0.01,0.01,76065.0,1776754149000
1776754151.356,251.356,0.96,0.97,0.03,0.04,0.01,0.01,76065.0,1776754150000
1776754151.808,251.808,0.96,0.97,0.03,0.04,0.01,0.01,76065.0,1776754150000
1776754152.268,252.268,0.96,0.97,0.03,0.04,0.01,0.01,76065.0,1776754151000
1776754152.717,252.717,0.96,0.97,0.03,0.04,0.01,0.01,76065.0,1776754151000
1776754153.223,253.223,0.96,0.97,0.03,0.04,0.01,0.01,76064.34,1776754152000
1776754153.603,253.603,0.96,0.97,0.03,0.04,0.01,0.01,76064.34,1776754152000
1776754154.156,254.156,0.96,0.97,0.03,0.04,0.01,0.01,76064.24,1776754153000
1776754154.506,254.506,0.96,0.97,0.03,0.04,0.01,0.01,76064.24,1776754153000
1776754154.852,254.852,0.96,0.97,0.03,0.04,0.01,0.01,76064.24,1776754153000
1776754155.19,255.19,0.96,0.98,0.03,0.04,0.02,0.01,76063.9,1776754154000
1776754155.587,255.587,0.97,0.98,0.02,0.03,0.01,0.01,76063.9,1776754154000
1776754156.014,256.014,0.97,0.98,0.02,0.03,0.01,0.01,76063.9,1776754154000
1776754156.487,256.487,0.97,0.98,0.02,0.03,0.01,0.01,76064.01,1776754155000
1776754156.923,256.923,0.97,0.98,0.02,0.03,0.01,0.01,76064.01,1776754155000
1776754157.303,257.303,0.96,0.97,0.02,0.04,0.01,0.02,76064.01,1776754156000
1776754157.668,257.668,0.97,0.98,0.02,0.04,0.01,0.02,76064.01,1776754156000
1776754158.018,258.018,0.97,0.98,0.02,0.03,0.01,0.01,76064.01,1776754157000
1776754158.366,258.366,0.97,0.98,0.02,0.03,0.01,0.01,76064.01,1776754157000
1776754158.719,258.719,0.97,0.98,0.02,0.03,0.01,0.01,76064.01,1776754157000
1776754159.08,259.08,0.97,0.98,0.02,0.03,0.01,0.01,76063.27,1776754158000
1776754159.438,259.438,0.97,0.98,0.02,0.03,0.01,0.01,76063.27,1776754158000
1776754160.345,260.345,0.96,0.97,0.02,0.04,0.01,0.02,76063.27,1776754158000
1776754160.739,260.739,0.96,0.97,0.03,0.04,0.01,0.01,76063.95,1776754159000
1776754161.201,261.201,0.97,0.98,0.02,0.03,0.01,0.01,76063.12,1776754160000
1776754161.737,261.737,0.97,0.98,0.02,0.03,0.01,0.01,76063.12,1776754160000
1776754162.191,262.191,0.96,0.97,0.03,0.04,0.01,0.01,76060.77,1776754161000
1776754162.652,262.652,0.96,0.97,0.03,0.04,0.01,0.01,76060.77,1776754161000
1776754163.004,263.004,0.96,0.98,0.03,0.04,0.02,0.01,76059.03,1776754162000
1776754163.585,263.585,0.97,0.98,0.02,0.03,0.01,0.01,76059.03,1776754162000
1776754164.11,264.11,0.97,0.98,0.02,0.03,0.01,0.01,76059.03,1776754162000
1776754164.612,264.612,0.97,0.98,0.02,0.03,0.01,0.01,76058.75,1776754163000
1776754165.355,265.355,0.97,0.98,0.02,0.03,0.01,0.01,76058.7,1776754164000
1776754165.728,265.728,0.97,0.98,0.02,0.03,0.01,0.01,76058.7,1776754164000
1776754166.081,266.081,0.98,0.99,0.02,0.03,0.01,0.01,76058.7,1776754164000
1776754166.418,266.418,0.97,0.99,0.01,0.02,0.02,0.01,76058.72,1776754165000
1776754166.915,266.915,0.97,0.98,0.01,0.03,0.01,0.02,76058.72,1776754165000
1776754167.295,267.295,0.97,0.98,0.02,0.03,0.01,0.01,76058.63,1776754166000
1776754167.729,267.729,0.97,0.98,0.02,0.03,0.01,0.01,76058.63,1776754166000
1776754168.134,268.134,0.97,0.98,0.02,0.03,0.01,0.01,76058.63,1776754166000
1776754168.723,268.723,0.97,0.98,0.02,0.03,0.01,0.01,76058.67,1776754167000
1776754169.071,269.071,0.97,0.98,0.02,0.03,0.01,0.01,76058.67,1776754167000
1776754169.41,269.41,0.97,0.98,0.02,0.03,0.01,0.01,76058.63,1776754168000
1776754169.757,269.757,0.98,0.99,0.02,0.03,0.01,0.01,76058.63,1776754168000
1776754170.1,270.1,0.98,0.99,0.01,0.02,0.01,0.01,76058.63,1776754168000
1776754170.44,270.44,0.98,0.99,0.01,0.02,0.01,0.01,76058.63,1776754169000
1776754170.78,270.78,0.98,0.99,0.01,0.02,0.01,0.01,76058.63,1776754169000
1776754171.288,271.288,0.98,0.99,0.01,0.02,0.01,0.01,76058.63,1776754170000
1776754171.976,271.976,0.98,0.99,0.01,0.02,0.01,0.01,76058.63,1776754170000
1776754172.351,272.351,0.98,0.99,0.01,0.02,0.01,0.01,76058.63,1776754170000
1776754172.72,272.72,0.98,0.99,0.01,0.02,0.01,0.01,76058.63,1776754170000
1776754173.145,273.145,0.98,0.99,0.01,0.02,0.01,0.01,76058.85,1776754171000
1776754173.491,273.491,0.98,0.99,0.01,0.02,0.01,0.01,76058.85,1776754172000
1776754173.836,273.836,0.98,0.99,0.01,0.02,0.01,0.01,76058.85,1776754172000
1776754174.203,274.203,0.98,0.99,0.01,0.02,0.01,0.01,76058.85,1776754172000
1776754174.713,274.713,0.98,0.99,0.01,0.02,0.01,0.01,76058.84,1776754173000
1776754175.16,275.16,0.99,0.99,0.01,0.01,0.0,0.0,76058.84,1776754173000
1776754175.74,275.74,0.99,0.99,0.01,0.01,0.0,0.0,76058.87,1776754174000
1776754176.297,276.297,0.99,0.99,0.01,0.01,0.0,0.0,76060.51,1776754175000
1776754176.825,276.825,0.99,0.99,0.01,0.01,0.0,0.0,76060.51,1776754175000
1776754177.255,277.255,0.99,0.99,0.01,0.01,0.0,0.0,76060.51,1776754175000
1776754177.871,277.871,0.99,0.99,0.01,0.01,0.0,0.0,76063.23,1776754176000
1776754178.421,278.421,0.99,0.99,0.01,0.01,0.0,0.0,76063.23,1776754176000
1776754178.93,278.93,0.99,0.99,0.01,0.01,0.0,0.0,76063.12,1776754177000
1776754179.469,279.469,0.99,0.99,0.01,0.01,0.0,0.0,76063.34,1776754178000
1776754179.884,279.884,0.99,0.99,0.01,0.01,0.0,0.0,76063.34,1776754178000
1776754181.094,281.094,0.99,0.99,0.01,0.01,0.0,0.0,76063.21,1776754180000
1776754182.595,282.595,0.99,0.99,0.01,0.01,0.0,0.0,76063.21,1776754180000
1776754183.306,283.306,0.99,0.99,0.01,0.01,0.0,0.0,76061.39,1776754182000
1776754184.342,284.342,0.99,0.99,0.01,0.01,0.0,0.0,76063.19,1776754183000
1776754185.487,285.487,0.99,0.99,0.01,0.01,0.0,0.0,76063.17,1776754184000
1776754186.086,286.086,0.99,0.99,0.01,0.01,0.0,0.0,76063.17,1776754184000
1776754187.111,287.111,0.99,0.99,0.01,0.01,0.0,0.0,76063.17,1776754185000
1776754188.436,288.436,0.99,0.99,0.01,0.01,0.0,0.0,76063.17,1776754186000
1776754189.146,289.146,0.99,0.99,0.01,0.01,0.0,0.0,76063.16,1776754188000
1776754189.802,289.802,0.99,0.99,0.01,0.01,0.0,0.0,76063.16,1776754188000
1776754190.328,290.328,0.99,0.99,0.01,0.01,0.0,0.0,76063.16,1776754189000
1776754191.065,291.065,0.99,0.99,0.01,0.01,0.0,0.0,76063.16,1776754189000
1776754191.67,291.67,0.99,0.99,0.01,0.01,0.0,0.0,76063.19,1776754190000
1776754192.059,292.059,0.99,0.99,0.01,0.01,0.0,0.0,76063.19,1776754190000
1776754193.582,293.582,0.99,0.99,0.01,0.01,0.0,0.0,76063.16,1776754192000
1776754194.012,294.012,0.99,0.99,0.01,0.01,0.0,0.0,76063.2,1776754193000
1776754195.11,295.11,0.99,0.99,0.01,0.01,0.0,0.0,76063.18,1776754194000
1776754196.212,296.212,0.99,0.99,0.01,0.01,0.0,0.0,76063.11,1776754195000
1776754196.995,296.995,0.99,0.99,0.01,0.01,0.0,0.0,76063.11,1776754195000
1776754197.399,297.399,0.99,0.99,0.01,0.01,0.0,0.0,76063.11,1776754196000
1776754197.988,297.988,0.99,0.99,0.01,0.01,0.0,0.0,76063.12,1776754197000
1776754199.135,299.135,0.99,0.99,0.01,0.01,0.0,0.0,76063.12,1776754198000
1776754200.2,300.2,0.99,0.99,0.01,0.01,0.0,0.0,76062.41,1776754199000

# RESULT,winner=Up,slug=btc-updown-5m-1776753900,ticks=633
