timestamp,elapsed_sec,up_bid,up_ask,down_bid,down_ask,up_spread,down_spread,btc_price
1775865900.513,0.513,0.54,0.64,0.36,0.46,0.1,0.1,72869.2
1775865900.866,0.866,0.65,0.66,0.34,0.35,0.01,0.01,72869.2
1775865901.214,1.214,0.65,0.66,0.34,0.35,0.01,0.01,72869.2
1775865901.56,1.56,0.65,0.66,0.34,0.35,0.01,0.01,72867.2
1775865901.908,1.908,0.65,0.66,0.34,0.35,0.01,0.01,72867.2
1775865902.277,2.277,0.65,0.66,0.34,0.35,0.01,0.01,72867.58
1775865902.656,2.656,0.65,0.66,0.34,0.35,0.01,0.01,72867.58
1775865902.998,2.998,0.65,0.66,0.34,0.35,0.01,0.01,72867.58
1775865903.336,3.336,0.65,0.66,0.34,0.35,0.01,0.01,72867.49
1775865903.691,3.691,0.65,0.66,0.34,0.35,0.01,0.01,72867.49
1775865904.032,4.032,0.65,0.66,0.34,0.35,0.01,0.01,72867.49
1775865904.422,4.422,0.55,0.59,0.4,0.43,0.04,0.03,72867.49
1775865904.786,4.786,0.52,0.53,0.47,0.48,0.01,0.01,72867.47
1775865905.121,5.121,0.52,0.53,0.47,0.48,0.01,0.01,72867.47
1775865905.456,5.456,0.52,0.53,0.47,0.48,0.01,0.01,72867.06
1775865905.847,5.847,0.51,0.52,0.48,0.49,0.01,0.01,72867.06
1775865906.566,6.566,0.49,0.5,0.5,0.51,0.01,0.01,72867.06
1775865906.933,6.933,0.45,0.46,0.53,0.55,0.01,0.02,72867.06
1775865907.432,7.432,0.45,0.46,0.54,0.55,0.01,0.01,72853.06
1775865907.803,7.803,0.4,0.42,0.55,0.59,0.02,0.04,72853.06
1775865908.271,8.271,0.38,0.4,0.6,0.61,0.02,0.01,72852.68
1775865908.615,8.615,0.39,0.4,0.6,0.61,0.01,0.01,72852.68
1775865908.975,8.975,0.39,0.4,0.6,0.61,0.01,0.01,72851.87
1775865909.396,9.396,0.39,0.4,0.6,0.61,0.01,0.01,72851.87
1775865909.837,9.837,0.39,0.4,0.6,0.61,0.01,0.01,72851.87
1775865910.304,10.304,0.39,0.4,0.6,0.61,0.01,0.01,72846.01
1775865910.637,10.637,0.4,0.41,0.59,0.6,0.01,0.01,72846.01
1775865910.975,10.975,0.4,0.41,0.59,0.6,0.01,0.01,72844.29
1775865911.323,11.323,0.41,0.42,0.59,0.6,0.01,0.01,72844.29
1775865911.818,11.818,0.41,0.42,0.58,0.59,0.01,0.01,72844.29
1775865912.163,12.163,0.41,0.42,0.58,0.59,0.01,0.01,72844.29
1775865912.578,12.578,0.41,0.42,0.58,0.59,0.01,0.01,72847.58
1775865913.003,13.003,0.41,0.42,0.58,0.59,0.01,0.01,72847.58
1775865913.351,13.351,0.41,0.42,0.58,0.59,0.01,0.01,72847.58
1775865913.768,13.768,0.41,0.42,0.58,0.59,0.01,0.01,72847.58
1775865914.112,14.112,0.41,0.42,0.58,0.59,0.01,0.01,72847.58
1775865914.543,14.543,0.41,0.42,0.58,0.59,0.01,0.01,72847.29
1775865915.028,15.028,0.41,0.42,0.58,0.59,0.01,0.01,72847.29
1775865915.385,15.385,0.41,0.42,0.58,0.59,0.01,0.01,72845.2
1775865915.749,15.749,0.41,0.42,0.58,0.59,0.01,0.01,72845.2
1775865916.12,16.12,0.42,0.43,0.58,0.59,0.01,0.01,72845.2
1775865916.515,16.515,0.41,0.42,0.58,0.59,0.01,0.01,72845.1
1775865916.894,16.894,0.43,0.44,0.56,0.57,0.01,0.01,72845.1
1775865917.257,17.257,0.43,0.44,0.56,0.57,0.01,0.01,72844.51
1775865917.657,17.657,0.43,0.44,0.56,0.57,0.01,0.01,72844.51
1775865918.162,18.162,0.47,0.48,0.52,0.53,0.01,0.01,72844.51
1775865918.638,18.638,0.47,0.48,0.52,0.53,0.01,0.01,72845.02
1775865919.024,19.024,0.47,0.48,0.52,0.53,0.01,0.01,72845.02
1775865919.494,19.494,0.47,0.48,0.52,0.53,0.01,0.01,72845.02
1775865919.898,19.898,0.47,0.48,0.52,0.53,0.01,0.01,72854.85
1775865920.493,20.493,0.47,0.48,0.52,0.53,0.01,0.01,72854.85
1775865920.859,20.859,0.47,0.48,0.52,0.53,0.01,0.01,72855.95
1775865921.252,21.252,0.47,0.48,0.52,0.53,0.01,0.01,72856.17
1775865921.614,21.614,0.47,0.5,0.52,0.53,0.03,0.01,72856.17
1775865922.006,22.006,0.49,0.5,0.5,0.51,0.01,0.01,72856.34
1775865922.395,22.395,0.49,0.5,0.5,0.51,0.01,0.01,72856.34
1775865922.747,22.747,0.49,0.5,0.5,0.51,0.01,0.01,72856.34
1775865923.125,23.125,0.49,0.5,0.5,0.51,0.01,0.01,72856.28
1775865923.517,23.517,0.49,0.5,0.5,0.51,0.01,0.01,72856.28
1775865923.998,23.998,0.49,0.5,0.5,0.51,0.01,0.01,72856.28
1775865924.459,24.459,0.49,0.5,0.5,0.51,0.01,0.01,72856.28
1775865924.94,24.94,0.49,0.5,0.5,0.51,0.01,0.01,72856.48
1775865925.297,25.297,0.49,0.5,0.5,0.51,0.01,0.01,72856.48
1775865925.702,25.702,0.49,0.5,0.5,0.51,0.01,0.01,72856.48
1775865926.203,26.203,0.48,0.49,0.51,0.52,0.01,0.01,72856.54
1775865926.631,26.631,0.5,0.52,0.48,0.49,0.02,0.01,72856.54
1775865926.972,26.972,0.5,0.51,0.49,0.5,0.01,0.01,72856.54
1775865927.415,27.415,0.48,0.49,0.51,0.52,0.01,0.01,72856.59
1775865928.08,28.08,0.48,0.49,0.51,0.52,0.01,0.01,72856.59
1775865928.714,28.714,0.45,0.46,0.53,0.55,0.01,0.02,72856.48
1775865929.197,29.197,0.45,0.46,0.54,0.55,0.01,0.01,72856.49
1775865929.564,29.564,0.45,0.46,0.54,0.55,0.01,0.01,72856.49
1775865929.958,29.958,0.45,0.46,0.54,0.55,0.01,0.01,72856.49
1775865930.441,30.441,0.45,0.46,0.54,0.55,0.01,0.01,72856.33
1775865930.821,30.821,0.45,0.46,0.54,0.55,0.01,0.01,72856.33
1775865931.167,31.167,0.46,0.47,0.53,0.54,0.01,0.01,72856.33
1775865931.583,31.583,0.44,0.45,0.53,0.55,0.01,0.02,72856.12
1775865931.995,31.995,0.44,0.46,0.55,0.56,0.02,0.01,72856.12
1775865932.66,32.66,0.45,0.46,0.54,0.55,0.01,0.01,72855.66
1775865933.028,33.028,0.52,0.55,0.45,0.48,0.03,0.03,72855.66
1775865933.362,33.362,0.55,0.59,0.42,0.45,0.04,0.03,72855.24
1775865933.746,33.746,0.58,0.6,0.41,0.42,0.02,0.01,72855.24
1775865934.134,34.134,0.59,0.6,0.4,0.41,0.01,0.01,72858.34
1775865934.597,34.597,0.59,0.6,0.4,0.41,0.01,0.01,72858.34
1775865934.971,34.971,0.59,0.6,0.4,0.41,0.01,0.01,72858.34
1775865935.362,35.362,0.59,0.6,0.4,0.41,0.01,0.01,72869.02
1775865935.718,35.718,0.59,0.6,0.4,0.41,0.01,0.01,72869.02
1775865936.113,36.113,0.59,0.6,0.4,0.41,0.01,0.01,72872.78
1775865936.493,36.493,0.59,0.6,0.4,0.41,0.01,0.01,72872.78
1775865936.926,36.926,0.59,0.6,0.4,0.41,0.01,0.01,72873.66
1775865937.293,37.293,0.59,0.6,0.4,0.41,0.01,0.01,72873.66
1775865937.689,37.689,0.6,0.61,0.39,0.41,0.01,0.02,72873.66
1775865938.297,38.297,0.63,0.64,0.36,0.37,0.01,0.01,72873.61
1775865938.635,38.635,0.53,0.57,0.43,0.47,0.04,0.04,72873.61
1775865938.969,38.969,0.52,0.53,0.47,0.48,0.01,0.01,72873.61
1775865939.318,39.318,0.51,0.52,0.48,0.49,0.01,0.01,72873.6
1775865939.667,39.667,0.54,0.55,0.45,0.49,0.01,0.04,72873.6
1775865940.006,40.006,0.54,0.55,0.45,0.46,0.01,0.01,72873.61
1775865940.375,40.375,0.54,0.55,0.45,0.46,0.01,0.01,72873.61
1775865940.769,40.769,0.55,0.56,0.44,0.45,0.01,0.01,72873.61
1775865941.248,41.248,0.55,0.56,0.44,0.45,0.01,0.01,72868.15
1775865941.639,41.639,0.55,0.56,0.45,0.46,0.01,0.01,72868.15
1775865942.15,42.15,0.55,0.56,0.44,0.45,0.01,0.01,72868.15
1775865942.485,42.485,0.55,0.56,0.44,0.45,0.01,0.01,72867.3
1775865942.846,42.846,0.55,0.56,0.44,0.45,0.01,0.01,72867.3
1775865943.424,43.424,0.54,0.55,0.45,0.46,0.01,0.01,72866.6
1775865943.758,43.758,0.54,0.55,0.45,0.46,0.01,0.01,72866.6
1775865944.099,44.099,0.54,0.55,0.45,0.46,0.01,0.01,72866.6
1775865944.571,44.571,0.54,0.55,0.45,0.46,0.01,0.01,72866.13
1775865945.082,45.082,0.54,0.55,0.45,0.46,0.01,0.01,72866.13
1775865945.584,45.584,0.54,0.55,0.45,0.46,0.01,0.01,72866.13
1775865945.972,45.972,0.54,0.55,0.45,0.46,0.01,0.01,72864.76
1775865946.513,46.513,0.54,0.55,0.45,0.46,0.01,0.01,72864.76
1775865946.958,46.958,0.54,0.55,0.45,0.46,0.01,0.01,72864.15
1775865947.45,47.45,0.54,0.55,0.45,0.46,0.01,0.01,72864.78
1775865947.906,47.906,0.54,0.55,0.45,0.46,0.01,0.01,72864.78
1775865948.288,48.288,0.54,0.55,0.45,0.46,0.01,0.01,72864.2
1775865948.816,48.816,0.54,0.55,0.45,0.46,0.01,0.01,72864.2
1775865949.19,49.19,0.53,0.54,0.45,0.46,0.01,0.01,72864.2
1775865949.523,49.523,0.51,0.52,0.48,0.49,0.01,0.01,72864.43
1775865949.869,49.869,0.51,0.52,0.48,0.49,0.01,0.01,72864.43
1775865950.276,50.276,0.48,0.49,0.5,0.52,0.01,0.02,72864.43
1775865950.627,50.627,0.48,0.49,0.51,0.52,0.01,0.01,72864.43
1775865951.16,51.16,0.48,0.49,0.51,0.52,0.01,0.01,72864.43
1775865951.769,51.769,0.48,0.51,0.51,0.52,0.03,0.01,72862.68
1775865952.253,52.253,0.52,0.53,0.47,0.48,0.01,0.01,72862.68
1775865952.729,52.729,0.52,0.53,0.47,0.48,0.01,0.01,72862.13
1775865953.493,53.493,0.52,0.57,0.47,0.48,0.05,0.01,72862.07
1775865953.873,53.873,0.53,0.54,0.43,0.48,0.01,0.05,72862.07
1775865954.283,54.283,0.53,0.54,0.46,0.47,0.01,0.01,72862.07
1775865954.684,54.684,0.53,0.54,0.46,0.47,0.01,0.01,72861.43
1775865955.109,55.109,0.55,0.57,0.44,0.45,0.02,0.01,72861.43
1775865955.523,55.523,0.56,0.57,0.43,0.44,0.01,0.01,72861.52
1775865955.962,55.962,0.56,0.57,0.43,0.44,0.01,0.01,72861.52
1775865956.355,56.355,0.56,0.57,0.43,0.44,0.01,0.01,72861.58
1775865956.724,56.724,0.56,0.57,0.43,0.44,0.01,0.01,72861.58
1775865957.188,57.188,0.56,0.57,0.43,0.44,0.01,0.01,72861.58
1775865957.535,57.535,0.57,0.58,0.42,0.43,0.01,0.01,72861.53
1775865957.869,57.869,0.57,0.58,0.42,0.43,0.01,0.01,72861.53
1775865958.25,58.25,0.57,0.58,0.42,0.43,0.01,0.01,72861.53
1775865958.586,58.586,0.57,0.58,0.42,0.43,0.01,0.01,72861.49
1775865959.09,59.09,0.57,0.58,0.42,0.43,0.01,0.01,72861.49
1775865959.659,59.659,0.56,0.57,0.42,0.44,0.01,0.02,72861.33
1775865959.997,59.997,0.56,0.57,0.43,0.44,0.01,0.01,72861.33
1775865960.33,60.33,0.56,0.57,0.43,0.44,0.01,0.01,72861.33
1775865960.703,60.703,0.58,0.59,0.41,0.44,0.01,0.03,72861.33
1775865961.082,61.082,0.58,0.59,0.41,0.42,0.01,0.01,72861.33
1775865961.637,61.637,0.58,0.59,0.41,0.42,0.01,0.01,72861.33
1775865961.972,61.972,0.61,0.62,0.39,0.41,0.01,0.02,72861.73
1775865962.338,62.338,0.61,0.62,0.38,0.39,0.01,0.01,72861.73
1775865962.757,62.757,0.61,0.62,0.38,0.39,0.01,0.01,72861.73
1775865963.208,63.208,0.61,0.62,0.38,0.39,0.01,0.01,72861.58
1775865963.625,63.625,0.61,0.62,0.38,0.39,0.01,0.01,72861.58
1775865964.157,64.157,0.61,0.62,0.38,0.39,0.01,0.01,72861.58
1775865964.593,64.593,0.61,0.62,0.38,0.39,0.01,0.01,72864.3
1775865964.929,64.929,0.61,0.62,0.38,0.39,0.01,0.01,72864.3
1775865965.319,65.319,0.61,0.62,0.38,0.39,0.01,0.01,72867.47
1775865965.659,65.659,0.61,0.62,0.38,0.39,0.01,0.01,72867.47
1775865966.014,66.014,0.61,0.62,0.38,0.39,0.01,0.01,72867.47
1775865966.358,66.358,0.61,0.62,0.38,0.39,0.01,0.01,72867.26
1775865966.826,66.826,0.61,0.62,0.38,0.39,0.01,0.01,72867.26
1775865967.353,67.353,0.62,0.63,0.37,0.38,0.01,0.01,72867.0
1775865967.784,67.784,0.62,0.63,0.37,0.38,0.01,0.01,72867.0
1775865968.137,68.137,0.62,0.63,0.37,0.38,0.01,0.01,72867.0
1775865968.539,68.539,0.62,0.63,0.37,0.38,0.01,0.01,72866.87
1775865969.024,69.024,0.62,0.63,0.37,0.38,0.01,0.01,72866.87
1775865969.723,69.723,0.6,0.61,0.37,0.38,0.01,0.01,72866.87
1775865970.136,70.136,0.6,0.61,0.39,0.4,0.01,0.01,72866.86
1775865970.479,70.479,0.6,0.61,0.39,0.4,0.01,0.01,72866.86
1775865971.044,71.044,0.6,0.61,0.39,0.4,0.01,0.01,72866.86
1775865971.379,71.379,0.6,0.61,0.39,0.4,0.01,0.01,72866.81
1775865971.739,71.739,0.6,0.61,0.39,0.4,0.01,0.01,72866.81
1775865972.13,72.13,0.6,0.61,0.39,0.4,0.01,0.01,72866.81
1775865972.626,72.626,0.6,0.61,0.39,0.4,0.01,0.01,72866.81
1775865973.307,73.307,0.59,0.6,0.39,0.41,0.01,0.02,72866.86
1775865973.722,73.722,0.59,0.6,0.4,0.41,0.01,0.01,72866.86
1775865974.075,74.075,0.58,0.59,0.4,0.42,0.01,0.02,72866.86
1775865974.451,74.451,0.58,0.59,0.41,0.42,0.01,0.01,72866.86
1775865975.119,75.119,0.58,0.59,0.41,0.42,0.01,0.01,72866.41
1775865975.489,75.489,0.59,0.6,0.4,0.41,0.01,0.01,72866.41
1775865975.842,75.842,0.59,0.6,0.4,0.41,0.01,0.01,72866.41
1775865976.242,76.242,0.57,0.59,0.41,0.42,0.02,0.01,72866.28
1775865976.661,76.661,0.48,0.49,0.51,0.52,0.01,0.01,72866.28
1775865976.997,76.997,0.48,0.49,0.51,0.52,0.01,0.01,72866.28
1775865977.348,77.348,0.48,0.49,0.51,0.52,0.01,0.01,72866.26
1775865977.683,77.683,0.48,0.49,0.51,0.52,0.01,0.01,72866.26
1775865978.109,78.109,0.48,0.49,0.51,0.52,0.01,0.01,72866.26
1775865978.555,78.555,0.48,0.49,0.51,0.52,0.01,0.01,72865.77
1775865978.983,78.983,0.48,0.49,0.51,0.52,0.01,0.01,72865.77
1775865979.35,79.35,0.48,0.49,0.51,0.52,0.01,0.01,72860.43
1775865979.735,79.735,0.5,0.51,0.49,0.52,0.01,0.03,72860.43
1775865980.134,80.134,0.54,0.55,0.43,0.49,0.01,0.06,72860.43
1775865980.545,80.545,0.54,0.55,0.45,0.46,0.01,0.01,72860.32
1775865981.203,81.203,0.57,0.58,0.42,0.44,0.01,0.02,72860.32
1775865981.614,81.614,0.57,0.58,0.42,0.43,0.01,0.01,72859.75
1775865981.965,81.965,0.58,0.59,0.41,0.42,0.01,0.01,72859.75
1775865982.31,82.31,0.58,0.59,0.41,0.42,0.01,0.01,72859.75
1775865982.655,82.655,0.58,0.6,0.41,0.42,0.02,0.01,72861.65
1775865983.008,83.008,0.59,0.6,0.4,0.41,0.01,0.01,72861.83
1775865983.343,83.343,0.59,0.6,0.4,0.41,0.01,0.01,72861.83
1775865983.758,83.758,0.59,0.6,0.4,0.41,0.01,0.01,72861.83
1775865984.175,84.175,0.55,0.6,0.4,0.41,0.05,0.01,72861.9
1775865984.51,84.51,0.56,0.57,0.42,0.46,0.01,0.04,72861.9
1775865984.858,84.858,0.54,0.55,0.45,0.46,0.01,0.01,72861.9
1775865985.384,85.384,0.54,0.55,0.45,0.46,0.01,0.01,72861.66
1775865985.779,85.779,0.53,0.54,0.46,0.47,0.01,0.01,72861.66
1775865986.133,86.133,0.53,0.54,0.46,0.47,0.01,0.01,72861.68
1775865986.486,86.486,0.53,0.54,0.46,0.47,0.01,0.01,72861.68
1775865986.941,86.941,0.53,0.54,0.46,0.47,0.01,0.01,72861.68
1775865987.369,87.369,0.53,0.54,0.46,0.47,0.01,0.01,72861.68
1775865987.716,87.716,0.54,0.55,0.45,0.47,0.01,0.02,72861.68
1775865988.077,88.077,0.54,0.55,0.45,0.46,0.01,0.01,72861.68
1775865988.74,88.74,0.54,0.55,0.45,0.46,0.01,0.01,72861.69
1775865989.09,89.09,0.54,0.55,0.45,0.46,0.01,0.01,72861.69
1775865989.493,89.493,0.54,0.55,0.45,0.46,0.01,0.01,72861.92
1775865990.113,90.113,0.54,0.55,0.45,0.46,0.01,0.01,72861.92
1775865990.657,90.657,0.54,0.55,0.45,0.46,0.01,0.01,72861.92
1775865991.266,91.266,0.54,0.55,0.45,0.46,0.01,0.01,72861.92
1775865991.767,91.767,0.54,0.55,0.45,0.46,0.01,0.01,72861.92
1775865992.221,92.221,0.54,0.55,0.45,0.46,0.01,0.01,72861.9
1775865992.76,92.76,0.54,0.56,0.45,0.46,0.02,0.01,72861.9
1775865993.227,93.227,0.53,0.54,0.46,0.47,0.01,0.01,72861.62
1775865993.786,93.786,0.54,0.55,0.46,0.47,0.01,0.01,72861.62
1775865994.173,94.173,0.54,0.55,0.45,0.46,0.01,0.01,72861.62
1775865994.611,94.611,0.54,0.55,0.45,0.46,0.01,0.01,72861.56
1775865995.259,95.259,0.53,0.54,0.41,0.47,0.01,0.06,72861.58
1775865995.793,95.793,0.54,0.56,0.41,0.47,0.02,0.06,72861.58
1775865996.148,96.148,0.55,0.56,0.44,0.45,0.01,0.01,72861.58
1775865996.485,96.485,0.55,0.56,0.44,0.45,0.01,0.01,72861.58
1775865996.832,96.832,0.57,0.58,0.41,0.43,0.01,0.02,72861.57
1775865997.407,97.407,0.57,0.58,0.42,0.43,0.01,0.01,72861.56
1775865997.843,97.843,0.58,0.59,0.41,0.42,0.01,0.01,72861.56
1775865998.181,98.181,0.58,0.59,0.41,0.42,0.01,0.01,72861.46
1775865998.556,98.556,0.58,0.59,0.41,0.42,0.01,0.01,72861.46
1775865999.114,99.114,0.58,0.59,0.41,0.42,0.01,0.01,72861.48
1775865999.608,99.608,0.57,0.58,0.41,0.43,0.01,0.02,72861.48
1775865999.989,99.989,0.57,0.58,0.42,0.43,0.01,0.01,72861.48
1775866000.337,100.337,0.57,0.58,0.42,0.43,0.01,0.01,72861.58
1775866000.745,100.745,0.57,0.58,0.42,0.43,0.01,0.01,72861.58
1775866001.087,101.087,0.57,0.58,0.42,0.43,0.01,0.01,72861.58
1775866001.468,101.468,0.57,0.58,0.42,0.43,0.01,0.01,72861.58
1775866001.917,101.917,0.57,0.58,0.42,0.43,0.01,0.01,72861.48
1775866002.271,102.271,0.57,0.58,0.42,0.43,0.01,0.01,72861.48
1775866002.877,102.877,0.57,0.58,0.42,0.43,0.01,0.01,72861.48
1775866003.432,103.432,0.56,0.57,0.43,0.46,0.01,0.03,72861.47
1775866004.046,104.046,0.56,0.57,0.43,0.44,0.01,0.01,72861.47
1775866004.408,104.408,0.56,0.57,0.43,0.44,0.01,0.01,72861.47
1775866004.806,104.806,0.56,0.57,0.43,0.44,0.01,0.01,72861.47
1775866005.16,105.16,0.56,0.57,0.43,0.44,0.01,0.01,72861.47
1775866005.586,105.586,0.55,0.56,0.44,0.45,0.01,0.01,72860.79
1775866006.202,106.202,0.55,0.56,0.44,0.45,0.01,0.01,72860.6
1775866006.607,106.607,0.57,0.58,0.4,0.45,0.01,0.05,72860.6
1775866007.085,107.085,0.57,0.58,0.42,0.43,0.01,0.01,72860.6
1775866007.515,107.515,0.57,0.58,0.42,0.43,0.01,0.01,72860.18
1775866007.885,107.885,0.57,0.58,0.42,0.43,0.01,0.01,72860.18
1775866008.224,108.224,0.57,0.58,0.42,0.43,0.01,0.01,72860.18
1775866008.635,108.635,0.58,0.59,0.41,0.42,0.01,0.01,72860.5
1775866009.11,109.11,0.58,0.59,0.41,0.42,0.01,0.01,72860.51
1775866009.474,109.474,0.58,0.59,0.4,0.42,0.01,0.02,72860.51
1775866009.858,109.858,0.59,0.6,0.41,0.42,0.01,0.01,72860.51
1775866010.248,110.248,0.59,0.6,0.4,0.41,0.01,0.01,72861.3
1775866010.837,110.837,0.58,0.59,0.41,0.42,0.01,0.01,72861.3
1775866011.312,111.312,0.57,0.58,0.41,0.44,0.01,0.03,72861.43
1775866011.921,111.921,0.57,0.58,0.42,0.43,0.01,0.01,72861.43
1775866012.258,112.258,0.59,0.6,0.4,0.41,0.01,0.01,72861.43
1775866012.592,112.592,0.59,0.6,0.4,0.41,0.01,0.01,72861.38
1775866012.928,112.928,0.59,0.6,0.4,0.41,0.01,0.01,72861.38
1775866013.268,113.268,0.59,0.6,0.4,0.41,0.01,0.01,72861.38
1775866013.601,113.601,0.59,0.6,0.4,0.41,0.01,0.01,72861.48
1775866013.935,113.935,0.58,0.59,0.41,0.42,0.01,0.01,72861.48
1775866014.269,114.269,0.58,0.59,0.41,0.42,0.01,0.01,72861.67
1775866014.618,114.618,0.57,0.58,0.42,0.43,0.01,0.01,72861.67
1775866014.954,114.954,0.56,0.57,0.43,0.44,0.01,0.01,72861.67
1775866015.333,115.333,0.54,0.56,0.44,0.45,0.02,0.01,72867.07
1775866015.682,115.682,0.5,0.52,0.47,0.5,0.02,0.03,72867.07
1775866016.14,116.14,0.5,0.51,0.49,0.5,0.01,0.01,72867.07
1775866016.497,116.497,0.49,0.5,0.5,0.51,0.01,0.01,72870.95
1775866016.853,116.853,0.47,0.48,0.52,0.53,0.01,0.01,72870.95
1775866017.213,117.213,0.46,0.47,0.53,0.54,0.01,0.01,72870.95
1775866017.562,117.562,0.46,0.47,0.53,0.54,0.01,0.01,72870.95
1775866017.913,117.913,0.44,0.46,0.54,0.56,0.02,0.02,72870.78
1775866018.3,118.3,0.43,0.44,0.56,0.57,0.01,0.01,72869.8
1775866018.635,118.635,0.43,0.44,0.56,0.57,0.01,0.01,72869.8
1775866019.084,119.084,0.42,0.43,0.57,0.58,0.01,0.01,72869.8
1775866019.472,119.472,0.42,0.43,0.57,0.58,0.01,0.01,72868.28
1775866019.844,119.844,0.42,0.43,0.57,0.58,0.01,0.01,72868.28
1775866020.339,120.339,0.42,0.43,0.57,0.58,0.01,0.01,72868.28
1775866020.689,120.689,0.39,0.4,0.6,0.62,0.01,0.02,72864.12
1775866021.062,121.062,0.36,0.39,0.61,0.64,0.03,0.03,72864.12
1775866021.426,121.426,0.36,0.37,0.63,0.64,0.01,0.01,72864.12
1775866021.771,121.771,0.36,0.37,0.63,0.64,0.01,0.01,72864.12
1775866022.12,122.12,0.36,0.37,0.63,0.64,0.01,0.01,72864.12
1775866022.557,122.557,0.36,0.37,0.63,0.64,0.01,0.01,72862.55
1775866022.915,122.915,0.35,0.36,0.64,0.65,0.01,0.01,72860.31
1775866023.491,123.491,0.35,0.36,0.64,0.65,0.01,0.01,72859.23
1775866023.896,123.896,0.35,0.36,0.64,0.65,0.01,0.01,72859.23
1775866024.231,124.231,0.35,0.36,0.64,0.65,0.01,0.01,72859.23
1775866024.593,124.593,0.35,0.36,0.64,0.65,0.01,0.01,72859.23
1775866025.0,125.0,0.35,0.36,0.64,0.65,0.01,0.01,72856.78
1775866025.41,125.41,0.35,0.36,0.64,0.65,0.01,0.01,72857.15
1775866025.855,125.855,0.35,0.36,0.64,0.65,0.01,0.01,72857.15
1775866026.336,126.336,0.35,0.36,0.64,0.65,0.01,0.01,72857.15
1775866026.671,126.671,0.35,0.36,0.64,0.65,0.01,0.01,72856.99
1775866027.01,127.01,0.36,0.37,0.63,0.64,0.01,0.01,72856.99
1775866027.638,127.638,0.37,0.38,0.62,0.64,0.01,0.02,72857.12
1775866028.02,128.02,0.4,0.41,0.59,0.62,0.01,0.03,72857.12
1775866028.38,128.38,0.43,0.44,0.56,0.57,0.01,0.01,72857.03
1775866028.905,128.905,0.43,0.44,0.56,0.57,0.01,0.01,72857.03
1775866029.263,129.263,0.44,0.45,0.55,0.56,0.01,0.01,72857.03
1775866029.708,129.708,0.44,0.45,0.55,0.56,0.01,0.01,72857.01
1775866030.16,130.16,0.44,0.45,0.55,0.56,0.01,0.01,72857.01
1775866030.505,130.505,0.44,0.45,0.55,0.56,0.01,0.01,72857.01
1775866030.97,130.97,0.45,0.46,0.54,0.55,0.01,0.01,72861.82
1775866031.329,131.329,0.45,0.46,0.54,0.55,0.01,0.01,72861.49
1775866031.696,131.696,0.45,0.46,0.54,0.55,0.01,0.01,72861.49
1775866032.03,132.03,0.46,0.47,0.53,0.54,0.01,0.01,72861.49
1775866032.384,132.384,0.47,0.48,0.52,0.54,0.01,0.02,72861.49
1775866032.764,132.764,0.46,0.47,0.53,0.54,0.01,0.01,72861.67
1775866033.156,133.156,0.46,0.47,0.53,0.54,0.01,0.01,72861.69
1775866033.499,133.499,0.46,0.47,0.53,0.54,0.01,0.01,72861.69
1775866033.846,133.846,0.46,0.47,0.53,0.54,0.01,0.01,72861.69
1775866034.236,134.236,0.45,0.46,0.54,0.55,0.01,0.01,72861.68
1775866034.626,134.626,0.45,0.46,0.54,0.55,0.01,0.01,72861.68
1775866035.03,135.03,0.45,0.46,0.54,0.55,0.01,0.01,72861.68
1775866035.371,135.371,0.34,0.39,0.61,0.66,0.05,0.05,72861.68
1775866035.743,135.743,0.34,0.4,0.65,0.66,0.06,0.01,72861.68
1775866036.135,136.135,0.33,0.34,0.65,0.67,0.01,0.02,72861.68
1775866036.519,136.519,0.32,0.33,0.66,0.68,0.01,0.02,72861.69
1775866036.904,136.904,0.32,0.33,0.65,0.68,0.01,0.03,72861.69
1775866037.249,137.249,0.32,0.33,0.67,0.68,0.01,0.01,72858.41
1775866037.612,137.612,0.35,0.38,0.62,0.65,0.03,0.03,72858.41
1775866037.986,137.986,0.36,0.38,0.63,0.65,0.02,0.02,72858.41
1775866038.346,138.346,0.37,0.38,0.62,0.63,0.01,0.01,72852.66
1775866038.757,138.757,0.37,0.38,0.62,0.63,0.01,0.01,72852.66
1775866039.103,139.103,0.39,0.4,0.6,0.61,0.01,0.01,72852.66
1775866039.544,139.544,0.39,0.4,0.6,0.61,0.01,0.01,72852.63
1775866039.886,139.886,0.39,0.4,0.59,0.61,0.01,0.02,72852.63
1775866040.22,140.22,0.39,0.4,0.6,0.61,0.01,0.01,72852.63
1775866040.585,140.585,0.39,0.41,0.6,0.61,0.02,0.01,72852.38
1775866040.928,140.928,0.4,0.41,0.59,0.6,0.01,0.01,72852.38
1775866041.307,141.307,0.41,0.43,0.58,0.59,0.02,0.01,72852.38
1775866041.715,141.715,0.42,0.43,0.57,0.58,0.01,0.01,72852.02
1775866042.049,142.049,0.41,0.42,0.57,0.59,0.01,0.02,72852.02
1775866042.468,142.468,0.42,0.43,0.57,0.58,0.01,0.01,72852.74
1775866042.819,142.819,0.42,0.43,0.57,0.58,0.01,0.01,72852.74
1775866043.226,143.226,0.42,0.43,0.57,0.58,0.01,0.01,72852.74
1775866043.561,143.561,0.42,0.43,0.56,0.58,0.01,0.02,72852.75
1775866043.911,143.911,0.42,0.43,0.57,0.58,0.01,0.01,72852.75
1775866044.266,144.266,0.42,0.43,0.57,0.58,0.01,0.01,72852.58
1775866044.856,144.856,0.4,0.41,0.57,0.58,0.01,0.01,72852.58
1775866045.307,145.307,0.42,0.43,0.57,0.58,0.01,0.01,72852.58
1775866045.784,145.784,0.43,0.44,0.56,0.58,0.01,0.02,72852.58
1775866046.142,146.142,0.48,0.5,0.51,0.52,0.02,0.01,72852.58
1775866046.505,146.505,0.5,0.51,0.49,0.5,0.01,0.01,72852.45
1775866046.87,146.87,0.5,0.51,0.49,0.5,0.01,0.01,72852.45
1775866047.241,147.241,0.51,0.52,0.48,0.49,0.01,0.01,72852.31
1775866047.636,147.636,0.51,0.53,0.48,0.49,0.02,0.01,72852.31
1775866048.057,148.057,0.52,0.53,0.47,0.48,0.01,0.01,72852.31
1775866048.524,148.524,0.54,0.55,0.45,0.46,0.01,0.01,72853.87
1775866048.86,148.86,0.55,0.56,0.44,0.45,0.01,0.01,72853.87
1775866049.227,149.227,0.56,0.57,0.43,0.44,0.01,0.01,72853.87
1775866049.567,149.567,0.56,0.57,0.43,0.44,0.01,0.01,72861.15
1775866049.906,149.906,0.56,0.57,0.43,0.44,0.01,0.01,72861.15
1775866050.554,150.554,0.55,0.56,0.43,0.44,0.01,0.01,72861.23
1775866051.039,151.039,0.54,0.55,0.44,0.47,0.01,0.03,72861.23
1775866051.489,151.489,0.54,0.55,0.45,0.46,0.01,0.01,72861.23
1775866051.849,151.849,0.51,0.52,0.48,0.49,0.01,0.01,72863.02
1775866052.213,152.213,0.51,0.52,0.48,0.49,0.01,0.01,72863.0
1775866052.56,152.56,0.49,0.5,0.5,0.51,0.01,0.01,72863.0
1775866053.066,153.066,0.47,0.48,0.51,0.53,0.01,0.02,72863.0
1775866053.432,153.432,0.46,0.47,0.52,0.54,0.01,0.02,72863.0
1775866053.934,153.934,0.46,0.49,0.53,0.54,0.03,0.01,72863.0
1775866054.273,154.273,0.48,0.49,0.53,0.54,0.01,0.01,72863.04
1775866054.775,154.775,0.48,0.49,0.51,0.52,0.01,0.01,72863.04
1775866055.135,155.135,0.48,0.49,0.51,0.52,0.01,0.01,72860.35
1775866055.468,155.468,0.48,0.49,0.51,0.52,0.01,0.01,72860.35
1775866056.026,156.026,0.48,0.49,0.51,0.52,0.01,0.01,72860.36
1775866056.404,156.404,0.48,0.49,0.51,0.52,0.01,0.01,72860.36
1775866056.785,156.785,0.46,0.47,0.53,0.55,0.01,0.02,72860.36
1775866057.211,157.211,0.45,0.47,0.54,0.55,0.02,0.01,72860.29
1775866057.546,157.546,0.45,0.46,0.53,0.55,0.01,0.02,72860.29
1775866057.992,157.992,0.46,0.47,0.53,0.54,0.01,0.01,72860.29
1775866058.784,158.784,0.44,0.45,0.53,0.54,0.01,0.01,72860.31
1775866059.517,159.517,0.41,0.42,0.58,0.59,0.01,0.01,72858.43
1775866059.955,159.955,0.41,0.42,0.58,0.59,0.01,0.01,72858.43
1775866060.475,160.475,0.41,0.42,0.58,0.59,0.01,0.01,72858.43
1775866061.07,161.07,0.41,0.42,0.58,0.59,0.01,0.01,72858.43
1775866061.476,161.476,0.42,0.43,0.57,0.58,0.01,0.01,72856.75
1775866061.884,161.884,0.41,0.42,0.58,0.59,0.01,0.01,72856.75
1775866062.323,162.323,0.42,0.43,0.57,0.58,0.01,0.01,72854.99
1775866062.685,162.685,0.41,0.42,0.58,0.59,0.01,0.01,72854.99
1775866063.11,163.11,0.41,0.42,0.58,0.59,0.01,0.01,72854.99
1775866063.469,163.469,0.4,0.41,0.59,0.6,0.01,0.01,72854.99
1775866063.911,163.911,0.4,0.41,0.59,0.6,0.01,0.01,72853.91
1775866064.341,164.341,0.4,0.41,0.59,0.6,0.01,0.01,72853.91
1775866064.678,164.678,0.4,0.41,0.59,0.6,0.01,0.01,72853.91
1775866065.064,165.064,0.4,0.41,0.59,0.6,0.01,0.01,72853.91
1775866065.529,165.529,0.4,0.41,0.59,0.6,0.01,0.01,72853.91
1775866065.894,165.894,0.4,0.41,0.59,0.6,0.01,0.01,72853.68
1775866066.293,166.293,0.38,0.4,0.59,0.61,0.02,0.02,72853.68
1775866066.649,166.649,0.35,0.37,0.63,0.64,0.02,0.01,72853.96
1775866067.069,167.069,0.35,0.36,0.64,0.65,0.01,0.01,72853.96
1775866067.587,167.587,0.35,0.37,0.64,0.65,0.02,0.01,72853.96
1775866067.984,167.984,0.34,0.35,0.65,0.66,0.01,0.01,72852.05
1775866068.361,168.361,0.34,0.35,0.65,0.66,0.01,0.01,72852.05
1775866068.753,168.753,0.34,0.35,0.65,0.66,0.01,0.01,72851.96
1775866069.116,169.116,0.35,0.37,0.64,0.65,0.02,0.01,72851.96
1775866069.661,169.661,0.36,0.37,0.63,0.64,0.01,0.01,72850.73
1775866070.054,170.054,0.37,0.38,0.62,0.63,0.01,0.01,72850.73
1775866070.429,170.429,0.37,0.39,0.62,0.63,0.02,0.01,72850.73
1775866070.784,170.784,0.45,0.46,0.54,0.55,0.01,0.01,72849.39
1775866071.124,171.124,0.47,0.48,0.52,0.53,0.01,0.01,72849.39
1775866071.493,171.493,0.47,0.48,0.52,0.53,0.01,0.01,72849.39
1775866071.828,171.828,0.47,0.48,0.52,0.53,0.01,0.01,72849.39
1775866072.435,172.435,0.47,0.48,0.52,0.53,0.01,0.01,72849.81
1775866072.78,172.78,0.47,0.48,0.52,0.53,0.01,0.01,72849.81
1775866073.732,173.732,0.47,0.48,0.52,0.53,0.01,0.01,72853.3
1775866074.251,174.251,0.46,0.48,0.52,0.53,0.02,0.01,72855.12
1775866074.629,174.629,0.38,0.39,0.61,0.62,0.01,0.01,72855.12
1775866074.966,174.966,0.38,0.39,0.61,0.62,0.01,0.01,72855.12
1775866075.446,175.446,0.36,0.37,0.63,0.64,0.01,0.01,72855.17
1775866075.9,175.9,0.36,0.37,0.63,0.64,0.01,0.01,72855.17
1775866076.379,176.379,0.35,0.36,0.64,0.65,0.01,0.01,72854.82
1775866077.071,177.071,0.35,0.36,0.64,0.65,0.01,0.01,72854.82
1775866077.473,177.473,0.35,0.36,0.64,0.65,0.01,0.01,72849.91
1775866077.92,177.92,0.35,0.36,0.64,0.65,0.01,0.01,72849.91
1775866078.492,178.492,0.35,0.36,0.64,0.65,0.01,0.01,72849.27
1775866078.847,178.847,0.35,0.36,0.64,0.65,0.01,0.01,72849.27
1775866079.241,179.241,0.35,0.36,0.64,0.65,0.01,0.01,72848.19
1775866079.589,179.589,0.35,0.36,0.64,0.65,0.01,0.01,72848.19
1775866080.111,180.111,0.35,0.36,0.64,0.65,0.01,0.01,72848.19
1775866080.583,180.583,0.35,0.36,0.64,0.65,0.01,0.01,72848.01
1775866080.983,180.983,0.35,0.36,0.64,0.65,0.01,0.01,72847.04
1775866081.329,181.329,0.35,0.36,0.64,0.65,0.01,0.01,72847.04
1775866081.668,181.668,0.35,0.36,0.64,0.65,0.01,0.01,72847.04
1775866082.097,182.097,0.36,0.37,0.61,0.65,0.01,0.04,72845.68
1775866082.581,182.581,0.37,0.38,0.62,0.63,0.01,0.01,72845.68
1775866082.988,182.988,0.37,0.38,0.62,0.63,0.01,0.01,72845.68
1775866083.345,183.345,0.38,0.39,0.61,0.62,0.01,0.01,72845.68
1775866083.852,183.852,0.39,0.4,0.6,0.61,0.01,0.01,72845.68
1775866084.287,184.287,0.39,0.4,0.6,0.61,0.01,0.01,72845.68
1775866084.652,184.652,0.39,0.41,0.6,0.61,0.02,0.01,72845.54
1775866085.066,185.066,0.4,0.41,0.59,0.6,0.01,0.01,72845.54
1775866085.399,185.399,0.41,0.43,0.57,0.59,0.02,0.02,72845.54
1775866085.821,185.821,0.44,0.45,0.55,0.57,0.01,0.02,72847.25
1775866086.327,186.327,0.45,0.46,0.54,0.56,0.01,0.02,72848.05
1775866086.679,186.679,0.48,0.49,0.51,0.52,0.01,0.01,72848.05
1775866087.099,187.099,0.47,0.48,0.51,0.53,0.01,0.02,72848.95
1775866087.48,187.48,0.45,0.46,0.54,0.55,0.01,0.01,72848.95
1775866087.834,187.834,0.45,0.46,0.54,0.55,0.01,0.01,72848.95
1775866088.175,188.175,0.44,0.45,0.55,0.56,0.01,0.01,72848.95
1775866088.515,188.515,0.43,0.44,0.55,0.57,0.01,0.02,72848.95
1775866088.858,188.858,0.43,0.44,0.56,0.57,0.01,0.01,72852.9
1775866089.21,189.21,0.42,0.44,0.57,0.58,0.02,0.01,72852.9
1775866089.549,189.549,0.42,0.43,0.57,0.58,0.01,0.01,72854.93
1775866089.98,189.98,0.41,0.42,0.58,0.59,0.01,0.01,72854.93
1775866090.317,190.317,0.41,0.42,0.58,0.59,0.01,0.01,72855.61
1775866090.744,190.744,0.4,0.41,0.58,0.59,0.01,0.01,72855.61
1775866091.119,191.119,0.4,0.41,0.59,0.6,0.01,0.01,72855.61
1775866091.798,191.798,0.41,0.43,0.58,0.59,0.02,0.01,72855.83
1775866092.261,192.261,0.45,0.46,0.54,0.55,0.01,0.01,72855.83
1775866092.809,192.809,0.46,0.47,0.53,0.55,0.01,0.02,72855.83
1775866093.273,193.273,0.46,0.47,0.53,0.54,0.01,0.01,72855.83
1775866093.701,193.701,0.46,0.47,0.53,0.54,0.01,0.01,72855.83
1775866094.262,194.262,0.44,0.45,0.55,0.56,0.01,0.01,72855.83
1775866094.609,194.609,0.44,0.45,0.55,0.56,0.01,0.01,72855.84
1775866095.168,195.168,0.46,0.47,0.53,0.56,0.01,0.03,72855.84
1775866096.022,196.022,0.44,0.45,0.53,0.55,0.01,0.02,72857.38
1775866096.416,196.416,0.44,0.45,0.55,0.56,0.01,0.01,72856.05
1775866097.371,197.371,0.44,0.45,0.55,0.56,0.01,0.01,72856.05
1775866097.832,197.832,0.44,0.45,0.55,0.56,0.01,0.01,72856.09
1775866098.617,198.617,0.44,0.45,0.55,0.56,0.01,0.01,72856.09
1775866098.979,198.979,0.44,0.45,0.55,0.56,0.01,0.01,72856.09
1775866099.429,199.429,0.43,0.44,0.55,0.56,0.01,0.01,72856.09
1775866100.366,200.366,0.44,0.45,0.56,0.57,0.01,0.01,72856.09
1775866100.715,200.715,0.44,0.47,0.55,0.56,0.03,0.01,72856.09
1775866101.423,201.423,0.47,0.48,0.52,0.53,0.01,0.01,72856.1
1775866101.851,201.851,0.47,0.48,0.52,0.54,0.01,0.02,72856.1
1775866102.196,202.196,0.47,0.48,0.52,0.53,0.01,0.01,72856.1
1775866102.536,202.536,0.47,0.48,0.52,0.53,0.01,0.01,72856.1
1775866102.914,202.914,0.47,0.48,0.52,0.53,0.01,0.01,72856.1
1775866103.255,203.255,0.46,0.47,0.53,0.54,0.01,0.01,72856.1
1775866103.595,203.595,0.46,0.47,0.53,0.54,0.01,0.01,72856.1
1775866104.018,204.018,0.46,0.47,0.53,0.54,0.01,0.01,72856.1
1775866104.354,204.354,0.45,0.46,0.54,0.55,0.01,0.01,72856.1
1775866104.745,204.745,0.45,0.46,0.54,0.55,0.01,0.01,72861.34
1775866105.397,205.397,0.46,0.47,0.54,0.55,0.01,0.01,72861.34
1775866106.111,206.111,0.47,0.48,0.53,0.54,0.01,0.01,72861.54
1775866106.528,206.528,0.48,0.49,0.51,0.52,0.01,0.01,72861.54
1775866106.915,206.915,0.48,0.49,0.51,0.52,0.01,0.01,72861.54
1775866107.279,207.279,0.48,0.49,0.51,0.52,0.01,0.01,72861.55
1775866107.619,207.619,0.48,0.49,0.51,0.52,0.01,0.01,72861.55
1775866107.953,207.953,0.47,0.49,0.51,0.53,0.02,0.02,72861.55
1775866108.323,208.323,0.49,0.5,0.5,0.51,0.01,0.01,72861.75
1775866108.921,208.921,0.49,0.5,0.5,0.51,0.01,0.01,72861.75
1775866109.263,209.263,0.49,0.5,0.5,0.51,0.01,0.01,72863.56
1775866109.68,209.68,0.49,0.5,0.5,0.51,0.01,0.01,72863.56
1775866110.034,210.034,0.48,0.5,0.5,0.51,0.02,0.01,72863.56
1775866110.566,210.566,0.48,0.49,0.5,0.52,0.01,0.02,72863.53
1775866111.026,211.026,0.49,0.5,0.5,0.51,0.01,0.01,72863.53
1775866111.376,211.376,0.48,0.49,0.51,0.52,0.01,0.01,72863.53
1775866111.954,211.954,0.47,0.48,0.52,0.53,0.01,0.01,72863.55
1775866112.403,212.403,0.47,0.48,0.51,0.52,0.01,0.01,72863.55
1775866112.973,212.973,0.47,0.48,0.52,0.53,0.01,0.01,72863.55
1775866113.497,213.497,0.47,0.48,0.52,0.53,0.01,0.01,72863.44
1775866113.925,213.925,0.47,0.48,0.52,0.53,0.01,0.01,72863.44
1775866114.748,214.748,0.46,0.47,0.52,0.54,0.01,0.02,72863.45
1775866115.281,215.281,0.46,0.47,0.53,0.54,0.01,0.01,72863.45
1775866116.776,216.776,0.47,0.48,0.52,0.53,0.01,0.01,72863.47
1775866117.201,217.201,0.46,0.47,0.52,0.54,0.01,0.02,72863.45
1775866117.618,217.618,0.43,0.47,0.53,0.54,0.04,0.01,72863.45
1775866118.115,218.115,0.44,0.45,0.53,0.57,0.01,0.04,72863.45
1775866118.656,218.656,0.43,0.44,0.56,0.57,0.01,0.01,72863.72
1775866118.999,218.999,0.43,0.44,0.56,0.57,0.01,0.01,72863.72
1775866119.456,219.456,0.45,0.46,0.56,0.57,0.01,0.01,72863.6
1775866120.434,220.434,0.46,0.47,0.53,0.55,0.01,0.02,72863.6
1775866120.989,220.989,0.46,0.47,0.53,0.54,0.01,0.01,72863.6
1775866121.6,221.6,0.46,0.47,0.53,0.54,0.01,0.01,72863.68
1775866121.941,221.941,0.46,0.47,0.53,0.54,0.01,0.01,72863.68
1775866122.309,222.309,0.46,0.47,0.53,0.54,0.01,0.01,72863.63
1775866122.724,222.724,0.46,0.47,0.53,0.54,0.01,0.01,72863.63
1775866123.114,223.114,0.49,0.53,0.47,0.51,0.04,0.04,72863.63
1775866123.449,223.449,0.53,0.55,0.45,0.47,0.02,0.02,72863.64
1775866123.829,223.829,0.54,0.55,0.45,0.46,0.01,0.01,72863.64
1775866124.217,224.217,0.54,0.55,0.45,0.46,0.01,0.01,72863.64
1775866124.642,224.642,0.54,0.55,0.45,0.46,0.01,0.01,72863.4
1775866124.982,224.982,0.54,0.55,0.45,0.46,0.01,0.01,72863.4
1775866125.379,225.379,0.54,0.55,0.45,0.46,0.01,0.01,72866.64
1775866125.74,225.74,0.54,0.55,0.45,0.46,0.01,0.01,72866.64
1775866126.073,226.073,0.54,0.55,0.45,0.46,0.01,0.01,72866.64
1775866126.412,226.412,0.55,0.56,0.44,0.45,0.01,0.01,72874.15
1775866126.752,226.752,0.55,0.56,0.44,0.45,0.01,0.01,72874.15
1775866127.091,227.091,0.55,0.56,0.44,0.45,0.01,0.01,72874.15
1775866127.435,227.435,0.55,0.58,0.44,0.45,0.03,0.01,72874.41
1775866127.772,227.772,0.59,0.6,0.4,0.41,0.01,0.01,72874.41
1775866128.115,228.115,0.59,0.6,0.4,0.41,0.01,0.01,72874.41
1775866128.455,228.455,0.58,0.59,0.41,0.42,0.01,0.01,72874.96
1775866128.789,228.789,0.59,0.6,0.4,0.41,0.01,0.01,72874.96
1775866129.129,229.129,0.59,0.6,0.4,0.41,0.01,0.01,72874.96
1775866129.469,229.469,0.58,0.59,0.41,0.42,0.01,0.01,72876.42
1775866129.811,229.811,0.57,0.58,0.41,0.44,0.01,0.03,72876.42
1775866130.175,230.175,0.57,0.58,0.42,0.43,0.01,0.01,72876.42
1775866130.54,230.54,0.57,0.58,0.42,0.43,0.01,0.01,72876.42
1775866130.968,230.968,0.57,0.58,0.42,0.43,0.01,0.01,72880.9
1775866131.303,231.303,0.57,0.59,0.42,0.43,0.02,0.01,72881.02
1775866131.648,231.648,0.58,0.59,0.41,0.42,0.01,0.01,72881.02
1775866132.037,232.037,0.58,0.59,0.41,0.42,0.01,0.01,72881.02
1775866132.421,232.421,0.58,0.59,0.41,0.42,0.01,0.01,72881.02
1775866132.778,232.778,0.58,0.59,0.41,0.42,0.01,0.01,72881.09
1775866133.153,233.153,0.57,0.58,0.42,0.43,0.01,0.01,72881.09
1775866133.693,233.693,0.57,0.58,0.42,0.43,0.01,0.01,72881.09
1775866134.07,234.07,0.57,0.58,0.42,0.43,0.01,0.01,72881.26
1775866134.414,234.414,0.57,0.58,0.42,0.43,0.01,0.01,72881.26
1775866134.879,234.879,0.58,0.59,0.41,0.43,0.01,0.02,72881.26
1775866135.362,235.362,0.58,0.59,0.41,0.42,0.01,0.01,72881.26
1775866135.713,235.713,0.59,0.6,0.4,0.41,0.01,0.01,72881.99
1775866136.063,236.063,0.58,0.59,0.41,0.42,0.01,0.01,72881.99
1775866136.401,236.401,0.58,0.59,0.41,0.42,0.01,0.01,72882.07
1775866136.741,236.741,0.58,0.59,0.41,0.42,0.01,0.01,72882.07
1775866137.082,237.082,0.56,0.57,0.43,0.44,0.01,0.01,72882.07
1775866137.426,237.426,0.57,0.58,0.42,0.43,0.01,0.01,72882.07
1775866137.764,237.764,0.59,0.65,0.35,0.41,0.06,0.06,72882.23
1775866138.103,238.103,0.64,0.65,0.35,0.36,0.01,0.01,72882.23
1775866138.445,238.445,0.64,0.65,0.35,0.36,0.01,0.01,72882.41
1775866138.779,238.779,0.64,0.65,0.35,0.36,0.01,0.01,72882.41
1775866139.254,239.254,0.64,0.65,0.35,0.36,0.01,0.01,72882.57
1775866139.621,239.621,0.64,0.65,0.35,0.36,0.01,0.01,72882.57
1775866140.194,240.194,0.64,0.65,0.35,0.36,0.01,0.01,72889.23
1775866140.539,240.539,0.65,0.66,0.34,0.35,0.01,0.01,72889.23
1775866140.975,240.975,0.63,0.64,0.36,0.37,0.01,0.01,72889.23
1775866141.335,241.335,0.66,0.67,0.33,0.34,0.01,0.01,72889.23
1775866141.697,241.697,0.66,0.67,0.33,0.34,0.01,0.01,72895.82
1775866142.059,242.059,0.66,0.67,0.33,0.34,0.01,0.01,72895.82
1775866142.446,242.446,0.66,0.67,0.33,0.34,0.01,0.01,72895.82
1775866142.788,242.788,0.67,0.68,0.32,0.33,0.01,0.01,72898.32
1775866143.17,243.17,0.72,0.73,0.27,0.28,0.01,0.01,72898.34
1775866143.552,243.552,0.75,0.76,0.24,0.25,0.01,0.01,72898.34
1775866143.906,243.906,0.72,0.76,0.23,0.25,0.04,0.02,72898.34
1775866144.25,244.25,0.73,0.74,0.24,0.28,0.01,0.04,72898.34
1775866144.606,244.606,0.75,0.76,0.24,0.25,0.01,0.01,72899.88
1775866145.119,245.119,0.75,0.77,0.23,0.24,0.02,0.01,72899.88
1775866145.468,245.468,0.75,0.76,0.24,0.25,0.01,0.01,72899.88
1775866145.836,245.836,0.74,0.75,0.26,0.28,0.01,0.02,72906.65
1775866146.22,246.22,0.74,0.75,0.25,0.26,0.01,0.01,72907.81
1775866146.768,246.768,0.75,0.77,0.24,0.26,0.02,0.02,72907.81
1775866147.188,247.188,0.74,0.77,0.23,0.24,0.03,0.01,72907.81
1775866147.573,247.573,0.77,0.78,0.22,0.23,0.01,0.01,72907.85
1775866147.91,247.91,0.77,0.78,0.22,0.23,0.01,0.01,72907.85
1775866148.258,248.258,0.78,0.79,0.21,0.22,0.01,0.01,72907.85
1775866148.597,248.597,0.78,0.79,0.21,0.22,0.01,0.01,72907.85
1775866149.036,249.036,0.74,0.75,0.25,0.26,0.01,0.01,72907.85
1775866149.392,249.392,0.74,0.75,0.25,0.26,0.01,0.01,72907.85
1775866149.81,249.81,0.75,0.76,0.24,0.25,0.01,0.01,72907.85
1775866150.329,250.329,0.75,0.76,0.24,0.25,0.01,0.01,72907.85
1775866150.69,250.69,0.75,0.76,0.24,0.25,0.01,0.01,72907.85
1775866151.101,251.101,0.73,0.74,0.26,0.27,0.01,0.01,72907.17
1775866151.564,251.564,0.74,0.75,0.25,0.26,0.01,0.01,72905.6
1775866151.918,251.918,0.72,0.73,0.27,0.28,0.01,0.01,72905.6
1775866152.252,252.252,0.72,0.75,0.25,0.26,0.03,0.01,72905.6
1775866152.654,252.654,0.7,0.71,0.29,0.3,0.01,0.01,72904.82
1775866152.998,252.998,0.64,0.66,0.34,0.35,0.02,0.01,72904.82
1775866153.412,253.412,0.64,0.65,0.35,0.36,0.01,0.01,72904.54
1775866153.992,253.992,0.63,0.64,0.37,0.39,0.01,0.02,72904.54
1775866154.437,254.437,0.63,0.64,0.36,0.37,0.01,0.01,72903.32
1775866154.826,254.826,0.65,0.66,0.33,0.37,0.01,0.04,72903.32
1775866155.205,255.205,0.65,0.66,0.34,0.35,0.01,0.01,72903.32
1775866155.544,255.544,0.65,0.66,0.34,0.35,0.01,0.01,72903.32
1775866156.033,256.033,0.65,0.66,0.34,0.35,0.01,0.01,72899.25
1775866156.616,256.616,0.65,0.66,0.37,0.38,0.01,0.01,72899.14
1775866157.083,257.083,0.66,0.67,0.33,0.34,0.01,0.01,72899.14
1775866157.559,257.559,0.6,0.66,0.33,0.42,0.06,0.09,72898.74
1775866157.959,257.959,0.62,0.64,0.37,0.38,0.02,0.01,72898.74
1775866158.369,258.369,0.64,0.65,0.35,0.37,0.01,0.02,72898.75
1775866158.71,258.71,0.64,0.66,0.36,0.37,0.02,0.01,72898.75
1775866159.062,259.062,0.65,0.66,0.34,0.35,0.01,0.01,72898.75
1775866159.494,259.494,0.67,0.68,0.33,0.35,0.01,0.02,72898.14
1775866159.952,259.952,0.66,0.68,0.32,0.33,0.02,0.01,72898.14
1775866160.304,260.304,0.64,0.66,0.32,0.34,0.02,0.02,72898.14
1775866160.661,260.661,0.68,0.69,0.31,0.32,0.01,0.01,72898.07
1775866161.02,261.02,0.62,0.63,0.36,0.38,0.01,0.02,72898.07
1775866161.374,261.374,0.62,0.63,0.37,0.38,0.01,0.01,72898.07
1775866161.711,261.711,0.62,0.63,0.37,0.38,0.01,0.01,72896.62
1775866162.374,262.374,0.64,0.65,0.35,0.36,0.01,0.01,72897.12
1775866163.033,263.033,0.67,0.69,0.34,0.36,0.02,0.02,72897.12
1775866163.377,263.377,0.69,0.7,0.3,0.31,0.01,0.01,72896.68
1775866163.836,263.836,0.7,0.71,0.29,0.3,0.01,0.01,72896.68
1775866164.199,264.199,0.71,0.75,0.28,0.29,0.04,0.01,72894.88
1775866164.559,264.559,0.74,0.75,0.25,0.26,0.01,0.01,72894.88
1775866165.025,265.025,0.72,0.73,0.27,0.28,0.01,0.01,72894.88
1775866165.472,265.472,0.72,0.73,0.27,0.28,0.01,0.01,72895.37
1775866165.862,265.862,0.73,0.74,0.27,0.28,0.01,0.01,72895.37
1775866166.343,266.343,0.75,0.76,0.24,0.25,0.01,0.01,72895.37
1775866167.057,267.057,0.72,0.73,0.27,0.28,0.01,0.01,72895.14
1775866167.986,267.986,0.73,0.74,0.27,0.28,0.01,0.01,72895.14
1775866168.561,268.561,0.74,0.75,0.25,0.27,0.01,0.02,72895.15
1775866168.972,268.972,0.74,0.75,0.25,0.26,0.01,0.01,72895.15
1775866169.483,269.483,0.74,0.75,0.25,0.26,0.01,0.01,72895.25
1775866169.924,269.924,0.74,0.75,0.25,0.26,0.01,0.01,72895.25
1775866170.287,270.287,0.69,0.7,0.23,0.25,0.01,0.02,72895.25
1775866170.843,270.843,0.69,0.7,0.3,0.31,0.01,0.01,72895.51
1775866171.183,271.183,0.69,0.7,0.3,0.31,0.01,0.01,72895.51
1775866171.715,271.715,0.69,0.7,0.3,0.31,0.01,0.01,72895.51
1775866172.185,272.185,0.69,0.7,0.3,0.31,0.01,0.01,72895.51
1775866172.763,272.763,0.69,0.7,0.3,0.31,0.01,0.01,72894.78
1775866173.169,273.169,0.69,0.7,0.32,0.33,0.01,0.01,72895.32
1775866173.619,273.619,0.68,0.69,0.31,0.32,0.01,0.01,72895.32
1775866173.975,273.975,0.67,0.68,0.32,0.33,0.01,0.01,72895.32
1775866174.331,274.331,0.67,0.68,0.32,0.34,0.01,0.02,72895.41
1775866174.708,274.708,0.68,0.69,0.31,0.32,0.01,0.01,72895.41
1775866175.308,275.308,0.66,0.68,0.33,0.34,0.02,0.01,72894.31
1775866175.729,275.729,0.67,0.68,0.32,0.33,0.01,0.01,72894.31
1775866176.276,276.276,0.67,0.68,0.31,0.32,0.01,0.01,72894.18
1775866176.749,276.749,0.67,0.69,0.32,0.34,0.02,0.02,72894.18
1775866177.083,277.083,0.63,0.64,0.36,0.37,0.01,0.01,72894.18
1775866177.51,277.51,0.65,0.66,0.35,0.37,0.01,0.02,72894.04
1775866177.892,277.892,0.62,0.63,0.37,0.38,0.01,0.01,72894.04
1775866178.231,278.231,0.62,0.65,0.37,0.38,0.03,0.01,72894.04
1775866178.632,278.632,0.59,0.6,0.41,0.42,0.01,0.01,72893.27
1775866178.972,278.972,0.62,0.63,0.37,0.38,0.01,0.01,72893.27
1775866179.334,279.334,0.61,0.62,0.37,0.38,0.01,0.01,72893.27
1775866179.806,279.806,0.61,0.62,0.38,0.39,0.01,0.01,72892.73
1775866180.264,280.264,0.6,0.61,0.39,0.4,0.01,0.01,72892.87
1775866180.663,280.663,0.6,0.61,0.39,0.41,0.01,0.02,72892.87
1775866181.074,281.074,0.62,0.63,0.36,0.39,0.01,0.03,72892.87
1775866181.429,281.429,0.63,0.64,0.35,0.38,0.01,0.03,72892.87
1775866182.079,282.079,0.64,0.67,0.36,0.37,0.03,0.01,72892.91
1775866182.681,282.681,0.65,0.66,0.33,0.36,0.01,0.03,72892.91
1775866183.453,283.453,0.65,0.66,0.34,0.35,0.01,0.01,72892.91
1775866183.805,283.805,0.66,0.67,0.33,0.34,0.01,0.01,72892.91
1775866184.268,284.268,0.67,0.68,0.32,0.33,0.01,0.01,72892.82
1775866184.88,284.88,0.67,0.68,0.32,0.33,0.01,0.01,72892.82
1775866185.242,285.242,0.67,0.68,0.32,0.33,0.01,0.01,72893.28
1775866185.577,285.577,0.68,0.69,0.31,0.32,0.01,0.01,72893.28
1775866185.926,285.926,0.69,0.7,0.3,0.31,0.01,0.01,72893.28
1775866186.275,286.275,0.69,0.7,0.3,0.31,0.01,0.01,72893.28
1775866186.631,286.631,0.69,0.7,0.3,0.31,0.01,0.01,72893.28
1775866186.968,286.968,0.73,0.76,0.24,0.27,0.03,0.03,72893.28
1775866187.302,287.302,0.71,0.74,0.23,0.29,0.03,0.06,72897.53
1775866187.642,287.642,0.67,0.68,0.32,0.33,0.01,0.01,72897.53
1775866187.975,287.975,0.73,0.74,0.26,0.27,0.01,0.01,72897.53
1775866188.309,288.309,0.71,0.74,0.25,0.3,0.03,0.05,72902.99
1775866188.647,288.647,0.74,0.75,0.25,0.27,0.01,0.02,72902.99
1775866188.98,288.98,0.74,0.75,0.25,0.26,0.01,0.01,72902.99
1775866189.319,289.319,0.79,0.8,0.2,0.21,0.01,0.01,72904.02
1775866189.666,289.666,0.83,0.84,0.19,0.2,0.01,0.01,72904.02
1775866190.043,290.043,0.81,0.84,0.16,0.2,0.03,0.04,72904.02
1775866190.463,290.463,0.8,0.83,0.16,0.2,0.03,0.04,72904.56
1775866190.832,290.832,0.76,0.78,0.16,0.32,0.02,0.16,72904.56
1775866191.206,291.206,0.86,0.87,0.21,0.23,0.01,0.02,72904.62
1775866191.597,291.597,0.88,0.89,0.11,0.13,0.01,0.02,72904.62
1775866191.974,291.974,0.89,0.9,0.11,0.12,0.01,0.01,72904.62
1775866192.343,292.343,0.89,0.9,0.1,0.11,0.01,0.01,72905.12
1775866192.738,292.738,0.9,0.91,0.1,0.11,0.01,0.01,72905.12
1775866193.108,293.108,0.91,0.92,0.08,0.09,0.01,0.01,72905.12
1775866193.442,293.442,0.9,0.91,0.09,0.1,0.01,0.01,72904.91
1775866193.793,293.793,0.9,0.93,0.07,0.08,0.03,0.01,72904.91
1775866194.145,294.145,0.9,0.91,0.09,0.1,0.01,0.01,72904.91
1775866194.58,294.58,0.92,0.93,0.07,0.08,0.01,0.01,72904.91
1775866194.92,294.92,0.93,0.94,0.06,0.07,0.01,0.01,72904.91
1775866195.264,295.264,0.33,0.68,0.32,0.67,0.35,0.35,72905.19
1775866195.604,295.604,0.34,0.42,0.43,0.76,0.08,0.33,72905.19
1775866195.939,295.939,0.4,0.41,0.59,0.6,0.01,0.01,72905.19
1775866196.281,296.281,0.69,0.7,0.3,0.31,0.01,0.01,72905.19
1775866196.62,296.62,0.49,0.51,0.49,0.51,0.02,0.02,72904.55
1775866196.977,296.977,0.2,0.26,0.64,0.65,0.06,0.01,72884.26
1775866197.316,297.316,0.46,0.47,0.51,0.63,0.01,0.12,72884.26
1775866197.652,297.652,0.48,0.49,0.51,0.52,0.01,0.01,72884.26
1775866197.99,297.99,0.44,0.48,0.52,0.54,0.04,0.02,72884.26
1775866198.324,298.324,0.5,0.51,0.49,0.5,0.01,0.01,72877.59
1775866198.693,298.693,0.5,0.51,0.49,0.5,0.01,0.01,72877.59
1775866199.038,299.038,0.47,0.49,0.5,0.53,0.02,0.03,72877.59
1775866199.372,299.372,0.64,0.68,0.32,0.36,0.04,0.04,72877.75
1775866199.706,299.706,0.91,0.93,0.07,0.19,0.02,0.12,72877.75
1775866200.074,300.074,0.69,0.88,0.1,0.32,0.19,0.22,72877.75
1775866200.413,300.413,0.99,0.97,0.03,0.01,-0.02,-0.02,72876.78
1775866200.753,300.753,0.99,0.97,0.03,0.01,-0.02,-0.02,72876.78

# RESULT,winner=Up,slug=btc-updown-5m-1775865900,ticks=716
