timestamp,elapsed_sec,up_bid,up_ask,down_bid,down_ask,up_spread,down_spread,btc_price,btc_oracle_ts
1777038600.512,0.512,0.53,0.54,0.47,0.48,0.01,0.01,78107.47,1777038599000
1777038600.859,0.859,0.53,0.54,0.46,0.47,0.01,0.01,78107.47,1777038599000
1777038601.247,1.247,0.54,0.55,0.45,0.47,0.01,0.02,78107.47,1777038599000
1777038601.629,1.629,0.54,0.55,0.45,0.46,0.01,0.01,78115.54,1777038600000
1777038602.042,2.042,0.51,0.52,0.48,0.49,0.01,0.01,78115.54,1777038600000
1777038602.393,2.393,0.51,0.52,0.48,0.49,0.01,0.01,78117.48,1777038601000
1777038602.864,2.864,0.51,0.52,0.48,0.49,0.01,0.01,78117.48,1777038601000
1777038603.319,3.319,0.51,0.52,0.48,0.49,0.01,0.01,78120.22,1777038602000
1777038603.654,3.654,0.51,0.52,0.48,0.49,0.01,0.01,78120.22,1777038602000
1777038604.029,4.029,0.51,0.54,0.46,0.49,0.03,0.03,78120.22,1777038602000
1777038604.399,4.399,0.51,0.54,0.46,0.49,0.03,0.03,78135.78,1777038603000
1777038604.845,4.845,0.52,0.54,0.46,0.48,0.02,0.02,78135.78,1777038603000
1777038605.214,5.214,0.53,0.55,0.41,0.47,0.02,0.06,78135.78,1777038603000
1777038605.565,5.565,0.52,0.54,0.46,0.48,0.02,0.02,78130.01,1777038604000
1777038605.903,5.903,0.52,0.53,0.47,0.48,0.01,0.01,78130.01,1777038604000
1777038606.25,6.25,0.52,0.53,0.47,0.48,0.01,0.01,78121.98,1777038605000
1777038606.859,6.859,0.53,0.54,0.46,0.48,0.01,0.02,78121.98,1777038605000
1777038607.234,7.234,0.53,0.54,0.46,0.47,0.01,0.01,78125.13,1777038606000
1777038607.588,7.588,0.53,0.54,0.46,0.47,0.01,0.01,78125.13,1777038606000
1777038607.934,7.934,0.53,0.54,0.46,0.47,0.01,0.01,78125.13,1777038606000
1777038608.463,8.463,0.53,0.54,0.46,0.47,0.01,0.01,78128.23,1777038607000
1777038609.095,9.095,0.53,0.54,0.46,0.47,0.01,0.01,78128.54,1777038608000
1777038609.596,9.596,0.53,0.54,0.46,0.47,0.01,0.01,78128.54,1777038608000
1777038610.169,10.169,0.53,0.54,0.46,0.47,0.01,0.01,78128.09,1777038609000
1777038610.533,10.533,0.53,0.54,0.46,0.47,0.01,0.01,78128.09,1777038609000
1777038610.867,10.867,0.53,0.54,0.46,0.47,0.01,0.01,78128.09,1777038609000
1777038611.353,11.353,0.53,0.54,0.46,0.47,0.01,0.01,78128.33,1777038610000
1777038611.804,11.804,0.53,0.54,0.46,0.47,0.01,0.01,78128.33,1777038610000
1777038612.209,12.209,0.53,0.54,0.46,0.47,0.01,0.01,78124.79,1777038611000
1777038612.562,12.562,0.53,0.54,0.46,0.47,0.01,0.01,78124.79,1777038611000
1777038612.98,12.98,0.53,0.54,0.46,0.47,0.01,0.01,78124.79,1777038611000
1777038613.48,13.48,0.53,0.54,0.46,0.47,0.01,0.01,78123.69,1777038612000
1777038614.302,14.302,0.54,0.55,0.45,0.46,0.01,0.01,78123.69,1777038612000
1777038614.824,14.824,0.54,0.55,0.45,0.46,0.01,0.01,78125.06,1777038613000
1777038615.219,15.219,0.54,0.55,0.45,0.46,0.01,0.01,78125.06,1777038613000
1777038615.574,15.574,0.54,0.55,0.45,0.46,0.01,0.01,78125.64,1777038614000
1777038615.995,15.995,0.55,0.57,0.45,0.46,0.02,0.01,78125.64,1777038614000
1777038616.332,16.332,0.56,0.57,0.43,0.44,0.01,0.01,78126.23,1777038615000
1777038616.874,16.874,0.57,0.58,0.42,0.43,0.01,0.01,78126.23,1777038615000
1777038617.305,17.305,0.56,0.57,0.43,0.44,0.01,0.01,78137.17,1777038616000
1777038617.842,17.842,0.57,0.58,0.42,0.43,0.01,0.01,78137.17,1777038616000
1777038618.386,18.386,0.57,0.58,0.42,0.43,0.01,0.01,78137.17,1777038616000
1777038618.744,18.744,0.57,0.58,0.42,0.43,0.01,0.01,78136.95,1777038617000
1777038619.118,19.118,0.56,0.57,0.43,0.44,0.01,0.01,78137.95,1777038618000
1777038619.459,19.459,0.55,0.57,0.43,0.44,0.02,0.01,78137.95,1777038618000
1777038619.866,19.866,0.51,0.54,0.44,0.5,0.03,0.06,78137.95,1777038618000
1777038620.275,20.275,0.51,0.52,0.48,0.49,0.01,0.01,78137.95,1777038618000
1777038621.52,21.52,0.5,0.51,0.49,0.5,0.01,0.01,78125.35,1777038620000
1777038621.856,21.856,0.49,0.5,0.5,0.51,0.01,0.01,78125.35,1777038620000
1777038622.196,22.196,0.48,0.49,0.51,0.52,0.01,0.01,78119.64,1777038621000
1777038622.56,22.56,0.43,0.46,0.52,0.56,0.03,0.04,78119.64,1777038621000
1777038622.948,22.948,0.45,0.46,0.54,0.55,0.01,0.01,78119.64,1777038621000
1777038623.305,23.305,0.46,0.47,0.53,0.54,0.01,0.01,78119.64,1777038621000
1777038623.696,23.696,0.46,0.47,0.53,0.54,0.01,0.01,78107.25,1777038622000
1777038624.082,24.082,0.46,0.47,0.53,0.54,0.01,0.01,78107.74,1777038623000
1777038624.447,24.447,0.46,0.47,0.53,0.54,0.01,0.01,78107.74,1777038623000
1777038624.879,24.879,0.46,0.47,0.53,0.54,0.01,0.01,78107.74,1777038623000
1777038625.291,25.291,0.47,0.48,0.52,0.53,0.01,0.01,78108.65,1777038624000
1777038625.8,25.8,0.47,0.48,0.52,0.53,0.01,0.01,78108.65,1777038624000
1777038626.344,26.344,0.47,0.48,0.52,0.53,0.01,0.01,78108.65,1777038624000
1777038626.934,26.934,0.47,0.48,0.52,0.53,0.01,0.01,78109.76,1777038626000
1777038627.268,27.268,0.47,0.48,0.52,0.53,0.01,0.01,78109.76,1777038626000
1777038627.606,27.606,0.42,0.46,0.52,0.58,0.04,0.06,78109.76,1777038626000
1777038628.007,28.007,0.44,0.45,0.55,0.56,0.01,0.01,78109.76,1777038626000
1777038628.391,28.391,0.44,0.45,0.55,0.56,0.01,0.01,78108.9,1777038627000
1777038628.786,28.786,0.44,0.45,0.55,0.56,0.01,0.01,78108.9,1777038627000
1777038629.203,29.203,0.43,0.44,0.56,0.57,0.01,0.01,78108.9,1777038627000
1777038629.75,29.75,0.43,0.44,0.56,0.57,0.01,0.01,78102.62,1777038628000
1777038630.427,30.427,0.43,0.44,0.56,0.57,0.01,0.01,78102.62,1777038628000
1777038630.768,30.768,0.46,0.48,0.53,0.54,0.02,0.01,78102.62,1777038628000
1777038631.274,31.274,0.48,0.49,0.51,0.54,0.01,0.03,78099.26,1777038629000
1777038631.696,31.696,0.48,0.49,0.51,0.52,0.01,0.01,78099.4,1777038630000
1777038632.129,32.129,0.48,0.49,0.51,0.52,0.01,0.01,78105.97,1777038631000
1777038632.504,32.504,0.46,0.49,0.51,0.52,0.03,0.01,78105.97,1777038631000
1777038632.894,32.894,0.47,0.49,0.51,0.54,0.02,0.03,78105.97,1777038631000
1777038633.259,33.259,0.48,0.5,0.5,0.52,0.02,0.02,78105.97,1777038631000
1777038633.612,33.612,0.5,0.54,0.46,0.5,0.04,0.04,78122.29,1777038632000
1777038633.952,33.952,0.49,0.51,0.49,0.51,0.02,0.02,78122.29,1777038632000
1777038634.344,34.344,0.5,0.51,0.49,0.5,0.01,0.01,78122.29,1777038632000
1777038634.682,34.682,0.5,0.51,0.49,0.5,0.01,0.01,78126.36,1777038633000
1777038635.094,35.094,0.5,0.51,0.49,0.5,0.01,0.01,78127.52,1777038634000
1777038635.516,35.516,0.49,0.5,0.5,0.52,0.01,0.02,78127.52,1777038634000
1777038635.873,35.873,0.49,0.5,0.5,0.51,0.01,0.01,78127.52,1777038634000
1777038636.254,36.254,0.49,0.5,0.5,0.51,0.01,0.01,78127.52,1777038634000
1777038637.338,37.338,0.49,0.5,0.5,0.51,0.01,0.01,78122.36,1777038635000
1777038637.735,37.735,0.49,0.5,0.5,0.51,0.01,0.01,78116.5,1777038636000
1777038638.087,38.087,0.49,0.5,0.5,0.51,0.01,0.01,78116.61,1777038637000
1777038638.461,38.461,0.49,0.5,0.5,0.51,0.01,0.01,78116.61,1777038637000
1777038638.851,38.851,0.49,0.5,0.5,0.51,0.01,0.01,78116.61,1777038637000
1777038639.2,39.2,0.48,0.5,0.5,0.52,0.02,0.02,78116.08,1777038638000
1777038639.997,39.997,0.48,0.49,0.51,0.52,0.01,0.01,78116.08,1777038638000
1777038640.576,40.576,0.48,0.49,0.51,0.52,0.01,0.01,78113.53,1777038639000
1777038640.967,40.967,0.48,0.49,0.51,0.52,0.01,0.01,78113.53,1777038639000
1777038641.477,41.477,0.48,0.49,0.51,0.52,0.01,0.01,78111.65,1777038640000
1777038642.098,42.098,0.48,0.49,0.51,0.52,0.01,0.01,78113.37,1777038641000
1777038642.656,42.656,0.49,0.5,0.5,0.52,0.01,0.02,78113.37,1777038641000
1777038643.008,43.008,0.49,0.5,0.5,0.51,0.01,0.01,78113.37,1777038641000
1777038644.123,44.123,0.49,0.5,0.5,0.51,0.01,0.01,78113.54,1777038642000
1777038644.565,44.565,0.52,0.53,0.47,0.48,0.01,0.01,78114.23,1777038643000
1777038644.969,44.969,0.52,0.53,0.47,0.48,0.01,0.01,78115.35,1777038644000
1777038645.548,45.548,0.52,0.53,0.47,0.48,0.01,0.01,78115.35,1777038644000
1777038645.892,45.892,0.52,0.53,0.47,0.48,0.01,0.01,78115.35,1777038644000
1777038646.621,46.621,0.52,0.53,0.47,0.48,0.01,0.01,78120.49,1777038645000
1777038646.967,46.967,0.52,0.53,0.47,0.48,0.01,0.01,78120.49,1777038645000
1777038647.312,47.312,0.52,0.53,0.47,0.48,0.01,0.01,78120.49,1777038645000
1777038647.699,47.699,0.52,0.53,0.47,0.48,0.01,0.01,78121.31,1777038646000
1777038648.202,48.202,0.52,0.53,0.47,0.48,0.01,0.01,78121.31,1777038646000
1777038648.654,48.654,0.52,0.53,0.47,0.48,0.01,0.01,78118.55,1777038647000
1777038649.007,49.007,0.52,0.53,0.47,0.48,0.01,0.01,78118.0,1777038648000
1777038649.484,49.484,0.52,0.53,0.47,0.48,0.01,0.01,78118.0,1777038648000
1777038649.952,49.952,0.52,0.53,0.47,0.48,0.01,0.01,78118.0,1777038648000
1777038650.349,50.349,0.52,0.53,0.47,0.48,0.01,0.01,78118.0,1777038648000
1777038650.704,50.704,0.53,0.54,0.46,0.48,0.01,0.02,78118.0,1777038648000
1777038651.04,51.04,0.53,0.55,0.45,0.47,0.02,0.02,78118.55,1777038649000
1777038651.54,51.54,0.53,0.54,0.46,0.47,0.01,0.01,78118.55,1777038649000
1777038651.911,51.911,0.53,0.54,0.46,0.47,0.01,0.01,78119.06,1777038650000
1777038652.257,52.257,0.5,0.52,0.47,0.49,0.02,0.02,78119.06,1777038650000
1777038652.66,52.66,0.48,0.5,0.49,0.51,0.02,0.02,78119.06,1777038650000
1777038653.033,53.033,0.47,0.48,0.52,0.53,0.01,0.01,78121.15,1777038651000
1777038653.463,53.463,0.46,0.48,0.52,0.54,0.02,0.02,78121.67,1777038652000
1777038653.8,53.8,0.45,0.47,0.53,0.55,0.02,0.02,78121.67,1777038652000
1777038654.188,54.188,0.45,0.46,0.54,0.55,0.01,0.01,78121.67,1777038652000
1777038654.621,54.621,0.43,0.44,0.56,0.57,0.01,0.01,78118.23,1777038653000
1777038655.1,55.1,0.43,0.44,0.56,0.57,0.01,0.01,78118.23,1777038653000
1777038655.492,55.492,0.43,0.44,0.56,0.57,0.01,0.01,78099.12,1777038654000
1777038655.864,55.864,0.43,0.44,0.56,0.57,0.01,0.01,78099.12,1777038654000
1777038656.235,56.235,0.43,0.44,0.56,0.57,0.01,0.01,78098.96,1777038655000
1777038656.609,56.609,0.43,0.44,0.56,0.57,0.01,0.01,78098.96,1777038655000
1777038656.943,56.943,0.44,0.45,0.55,0.56,0.01,0.01,78098.96,1777038655000
1777038657.364,57.364,0.44,0.45,0.55,0.56,0.01,0.01,78098.96,1777038655000
1777038657.992,57.992,0.44,0.45,0.55,0.56,0.01,0.01,78099.28,1777038656000
1777038658.409,58.409,0.44,0.46,0.54,0.56,0.02,0.02,78104.56,1777038657000
1777038658.806,58.806,0.44,0.45,0.54,0.56,0.01,0.02,78104.56,1777038657000
1777038659.145,59.145,0.41,0.43,0.56,0.59,0.02,0.03,78104.56,1777038657000
1777038659.66,59.66,0.41,0.42,0.58,0.59,0.01,0.01,78102.83,1777038658000
1777038660.013,60.013,0.41,0.42,0.58,0.59,0.01,0.01,78100.86,1777038659000
1777038660.434,60.434,0.4,0.42,0.58,0.59,0.02,0.01,78100.86,1777038659000
1777038660.822,60.822,0.4,0.41,0.58,0.6,0.01,0.02,78100.86,1777038659000
1777038661.271,61.271,0.4,0.41,0.59,0.6,0.01,0.01,78100.86,1777038659000
1777038661.694,61.694,0.38,0.42,0.58,0.62,0.04,0.04,78091.23,1777038660000
1777038662.034,62.034,0.36,0.4,0.62,0.64,0.04,0.02,78091.23,1777038660000
1777038662.372,62.372,0.38,0.4,0.6,0.62,0.02,0.02,78086.45,1777038661000
1777038662.79,62.79,0.35,0.36,0.64,0.65,0.01,0.01,78086.45,1777038661000
1777038663.125,63.125,0.34,0.35,0.65,0.66,0.01,0.01,78080.52,1777038662000
1777038663.55,63.55,0.33,0.34,0.66,0.67,0.01,0.01,78080.52,1777038662000
1777038663.927,63.927,0.33,0.34,0.66,0.67,0.01,0.01,78080.52,1777038662000
1777038664.397,64.397,0.33,0.34,0.66,0.67,0.01,0.01,78080.52,1777038662000
1777038664.741,64.741,0.33,0.35,0.65,0.67,0.02,0.02,78080.52,1777038662000
1777038665.106,65.106,0.33,0.34,0.66,0.67,0.01,0.01,78067.53,1777038664000
1777038665.596,65.596,0.33,0.35,0.66,0.67,0.02,0.01,78067.53,1777038664000
1777038665.976,65.976,0.34,0.36,0.64,0.66,0.02,0.02,78067.53,1777038664000
1777038666.361,66.361,0.34,0.36,0.64,0.66,0.02,0.02,78071.24,1777038665000
1777038666.999,66.999,0.35,0.36,0.64,0.66,0.01,0.02,78071.24,1777038665000
1777038667.359,67.359,0.36,0.37,0.63,0.64,0.01,0.01,78073.56,1777038666000
1777038667.722,67.722,0.36,0.38,0.63,0.64,0.02,0.01,78073.56,1777038666000
1777038668.231,68.231,0.36,0.37,0.63,0.64,0.01,0.01,78073.56,1777038666000
1777038668.607,68.607,0.36,0.37,0.63,0.64,0.01,0.01,78078.01,1777038667000
1777038668.995,68.995,0.36,0.37,0.63,0.64,0.01,0.01,78078.01,1777038667000
1777038669.533,69.533,0.36,0.37,0.63,0.64,0.01,0.01,78079.31,1777038668000
1777038670.096,70.096,0.35,0.36,0.64,0.65,0.01,0.01,78079.31,1777038668000
1777038670.684,70.684,0.35,0.36,0.64,0.65,0.01,0.01,78074.75,1777038669000
1777038671.026,71.026,0.35,0.36,0.64,0.65,0.01,0.01,78074.75,1777038669000
1777038671.369,71.369,0.35,0.36,0.64,0.65,0.01,0.01,78074.75,1777038669000
1777038671.863,71.863,0.35,0.36,0.64,0.65,0.01,0.01,78077.71,1777038670000
1777038672.254,72.254,0.35,0.36,0.64,0.65,0.01,0.01,78077.71,1777038670000
1777038672.774,72.774,0.35,0.36,0.64,0.65,0.01,0.01,78074.7,1777038671000
1777038673.155,73.155,0.35,0.36,0.64,0.65,0.01,0.01,78073.69,1777038672000
1777038673.496,73.496,0.35,0.36,0.64,0.65,0.01,0.01,78073.69,1777038672000
1777038673.875,73.875,0.35,0.36,0.64,0.65,0.01,0.01,78073.69,1777038672000
1777038674.211,74.211,0.35,0.36,0.64,0.65,0.01,0.01,78073.44,1777038673000
1777038674.649,74.649,0.35,0.36,0.64,0.65,0.01,0.01,78073.44,1777038673000
1777038675.316,75.316,0.31,0.32,0.67,0.69,0.01,0.02,78073.44,1777038673000
1777038675.695,75.695,0.31,0.32,0.68,0.69,0.01,0.01,78073.76,1777038674000
1777038676.16,76.16,0.32,0.33,0.67,0.68,0.01,0.01,78073.57,1777038675000
1777038676.522,76.522,0.32,0.33,0.67,0.68,0.01,0.01,78073.57,1777038675000
1777038676.855,76.855,0.32,0.33,0.67,0.68,0.01,0.01,78073.57,1777038675000
1777038677.889,77.889,0.32,0.33,0.67,0.68,0.01,0.01,78067.83,1777038676000
1777038678.488,78.488,0.32,0.33,0.67,0.68,0.01,0.01,78068.08,1777038677000
1777038678.832,78.832,0.32,0.34,0.67,0.68,0.02,0.01,78068.08,1777038677000
1777038679.166,79.166,0.37,0.41,0.6,0.63,0.04,0.03,78068.08,1777038677000
1777038679.526,79.526,0.39,0.4,0.59,0.62,0.01,0.03,78068.08,1777038677000
1777038679.899,79.899,0.41,0.42,0.58,0.6,0.01,0.02,78078.58,1777038678000
1777038680.533,80.533,0.43,0.44,0.56,0.59,0.01,0.03,78078.58,1777038678000
1777038681.041,81.041,0.43,0.44,0.56,0.57,0.01,0.01,78086.97,1777038679000
1777038681.47,81.47,0.43,0.44,0.56,0.57,0.01,0.01,78093.05,1777038680000
1777038681.857,81.857,0.44,0.45,0.55,0.57,0.01,0.02,78093.05,1777038680000
1777038682.328,82.328,0.44,0.45,0.55,0.56,0.01,0.01,78097.04,1777038681000
1777038682.714,82.714,0.45,0.46,0.54,0.55,0.01,0.01,78097.04,1777038681000
1777038683.354,83.354,0.48,0.49,0.51,0.55,0.01,0.04,78097.04,1777038681000
1777038683.705,83.705,0.47,0.49,0.51,0.52,0.02,0.01,78100.98,1777038682000
1777038684.151,84.151,0.47,0.49,0.51,0.53,0.02,0.02,78102.52,1777038683000
1777038684.556,84.556,0.47,0.48,0.52,0.54,0.01,0.02,78102.52,1777038683000
1777038684.91,84.91,0.47,0.48,0.52,0.53,0.01,0.01,78102.52,1777038683000
1777038685.26,85.26,0.47,0.48,0.52,0.53,0.01,0.01,78102.52,1777038683000
1777038685.775,85.775,0.46,0.47,0.52,0.53,0.01,0.01,78102.52,1777038683000
1777038686.204,86.204,0.43,0.44,0.56,0.57,0.01,0.01,78101.98,1777038684000
1777038686.55,86.55,0.4,0.44,0.56,0.6,0.04,0.04,78101.98,1777038684000
1777038686.994,86.994,0.39,0.4,0.6,0.61,0.01,0.01,78100.52,1777038685000
1777038687.376,87.376,0.38,0.39,0.61,0.62,0.01,0.01,78100.21,1777038686000
1777038687.723,87.723,0.36,0.38,0.62,0.64,0.02,0.02,78100.21,1777038686000
1777038688.201,88.201,0.36,0.37,0.63,0.64,0.01,0.01,78100.21,1777038686000
1777038688.695,88.695,0.36,0.37,0.63,0.64,0.01,0.01,78097.46,1777038687000
1777038689.033,89.033,0.36,0.37,0.63,0.64,0.01,0.01,78097.46,1777038687000
1777038689.627,89.627,0.36,0.37,0.63,0.64,0.01,0.01,78073.91,1777038688000
1777038690.09,90.09,0.36,0.37,0.63,0.64,0.01,0.01,78073.91,1777038688000
1777038690.573,90.573,0.34,0.35,0.65,0.67,0.01,0.02,78070.4,1777038689000
1777038691.112,91.112,0.34,0.35,0.65,0.66,0.01,0.01,78070.4,1777038689000
1777038691.448,91.448,0.34,0.35,0.65,0.66,0.01,0.01,78070.4,1777038689000
1777038691.798,91.798,0.34,0.35,0.65,0.66,0.01,0.01,78070.4,1777038689000
1777038692.203,92.203,0.34,0.36,0.64,0.66,0.02,0.02,78069.8,1777038690000
1777038692.648,92.648,0.34,0.35,0.65,0.66,0.01,0.01,78070.15,1777038691000
1777038693.051,93.051,0.34,0.35,0.65,0.66,0.01,0.01,78070.15,1777038691000
1777038693.517,93.517,0.34,0.35,0.65,0.66,0.01,0.01,78072.41,1777038692000
1777038693.851,93.851,0.34,0.36,0.63,0.66,0.02,0.03,78072.41,1777038692000
1777038694.304,94.304,0.37,0.38,0.62,0.63,0.01,0.01,78072.41,1777038692000
1777038694.814,94.814,0.38,0.39,0.61,0.62,0.01,0.01,78072.41,1777038693000
1777038695.342,95.342,0.38,0.39,0.61,0.62,0.01,0.01,78072.41,1777038693000
1777038695.696,95.696,0.39,0.41,0.6,0.61,0.02,0.01,78076.14,1777038694000
1777038696.098,96.098,0.39,0.41,0.59,0.61,0.02,0.02,78084.5,1777038695000
1777038696.603,96.603,0.38,0.41,0.59,0.62,0.03,0.03,78084.5,1777038695000
1777038697.082,97.082,0.37,0.38,0.62,0.63,0.01,0.01,78084.5,1777038695000
1777038697.625,97.625,0.39,0.4,0.6,0.61,0.01,0.01,78084.5,1777038695000
1777038698.138,98.138,0.4,0.41,0.59,0.6,0.01,0.01,78087.65,1777038696000
1777038698.474,98.474,0.4,0.41,0.59,0.6,0.01,0.01,78087.65,1777038696000
1777038698.93,98.93,0.39,0.41,0.59,0.6,0.02,0.01,78083.12,1777038697000
1777038699.391,99.391,0.37,0.38,0.6,0.64,0.01,0.04,78085.0,1777038698000
1777038699.776,99.776,0.36,0.38,0.62,0.64,0.02,0.02,78085.0,1777038698000
1777038700.507,100.507,0.36,0.37,0.63,0.64,0.01,0.01,78086.48,1777038699000
1777038700.875,100.875,0.35,0.37,0.63,0.65,0.02,0.02,78086.48,1777038699000
1777038701.367,101.367,0.35,0.36,0.65,0.66,0.01,0.01,78084.92,1777038700000
1777038701.749,101.749,0.35,0.36,0.64,0.66,0.01,0.02,78084.92,1777038700000
1777038702.154,102.154,0.35,0.36,0.64,0.65,0.01,0.01,78077.38,1777038701000
1777038702.868,102.868,0.34,0.35,0.65,0.66,0.01,0.01,78077.38,1777038701000
1777038703.312,103.312,0.34,0.35,0.65,0.66,0.01,0.01,78075.04,1777038702000
1777038703.736,103.736,0.34,0.35,0.65,0.66,0.01,0.01,78075.04,1777038702000
1777038704.105,104.105,0.33,0.35,0.65,0.67,0.02,0.02,78075.04,1777038702000
1777038705.3,105.3,0.32,0.33,0.67,0.68,0.01,0.01,78072.79,1777038703000
1777038705.929,105.929,0.31,0.33,0.67,0.68,0.02,0.01,78069.63,1777038704000
1777038706.267,106.267,0.31,0.32,0.68,0.69,0.01,0.01,78068.77,1777038705000
1777038706.649,106.649,0.31,0.32,0.68,0.69,0.01,0.01,78068.77,1777038705000
1777038707.123,107.123,0.31,0.32,0.68,0.69,0.01,0.01,78066.42,1777038706000
1777038707.486,107.486,0.3,0.32,0.68,0.69,0.02,0.01,78066.42,1777038706000
1777038707.882,107.882,0.31,0.32,0.68,0.69,0.01,0.01,78066.42,1777038706000
1777038708.251,108.251,0.29,0.3,0.7,0.71,0.01,0.01,78066.42,1777038706000
1777038708.669,108.669,0.29,0.3,0.7,0.71,0.01,0.01,78059.26,1777038707000
1777038709.494,109.494,0.29,0.3,0.7,0.71,0.01,0.01,78057.77,1777038708000
1777038709.922,109.922,0.27,0.29,0.71,0.73,0.02,0.02,78057.77,1777038708000
1777038710.416,110.416,0.27,0.28,0.72,0.73,0.01,0.01,78060.49,1777038709000
1777038710.753,110.753,0.32,0.33,0.67,0.68,0.01,0.01,78060.49,1777038709000
1777038711.207,111.207,0.32,0.33,0.67,0.68,0.01,0.01,78058.74,1777038710000
1777038711.569,111.569,0.31,0.32,0.68,0.69,0.01,0.01,78058.74,1777038710000
1777038711.936,111.936,0.31,0.32,0.68,0.69,0.01,0.01,78058.74,1777038710000
1777038712.302,112.302,0.29,0.31,0.69,0.71,0.02,0.02,78062.72,1777038711000
1777038713.005,113.005,0.29,0.3,0.7,0.72,0.01,0.02,78062.72,1777038711000
1777038713.341,113.341,0.29,0.31,0.7,0.71,0.02,0.01,78062.72,1777038711000
1777038713.748,113.748,0.32,0.33,0.67,0.68,0.01,0.01,78065.04,1777038712000
1777038714.191,114.191,0.33,0.36,0.64,0.67,0.03,0.03,78065.04,1777038712000
1777038714.526,114.526,0.35,0.36,0.63,0.65,0.01,0.02,78065.04,1777038713000
1777038714.898,114.898,0.35,0.36,0.64,0.65,0.01,0.01,78065.04,1777038713000
1777038715.298,115.298,0.35,0.36,0.64,0.65,0.01,0.01,78065.04,1777038713000
1777038715.787,115.787,0.35,0.36,0.64,0.65,0.01,0.01,78069.36,1777038714000
1777038716.142,116.142,0.35,0.36,0.64,0.65,0.01,0.01,78069.36,1777038714000
1777038716.501,116.501,0.36,0.37,0.63,0.64,0.01,0.01,78074.37,1777038715000
1777038716.944,116.944,0.36,0.37,0.63,0.64,0.01,0.01,78074.1,1777038716000
1777038717.309,117.309,0.36,0.37,0.63,0.64,0.01,0.01,78074.1,1777038716000
1777038718.001,118.001,0.36,0.37,0.63,0.64,0.01,0.01,78073.59,1777038717000
1777038718.576,118.576,0.36,0.37,0.63,0.64,0.01,0.01,78073.59,1777038717000
1777038719.272,119.272,0.36,0.4,0.63,0.64,0.04,0.01,78073.59,1777038717000
1777038719.774,119.774,0.39,0.4,0.6,0.64,0.01,0.04,78073.21,1777038718000
1777038720.254,120.254,0.39,0.4,0.6,0.61,0.01,0.01,78073.21,1777038718000
1777038720.71,120.71,0.4,0.41,0.59,0.6,0.01,0.01,78076.6,1777038719000
1777038721.069,121.069,0.4,0.42,0.59,0.6,0.02,0.01,78076.6,1777038719000
1777038721.438,121.438,0.41,0.42,0.58,0.59,0.01,0.01,78080.67,1777038720000
1777038721.803,121.803,0.4,0.42,0.58,0.6,0.02,0.02,78080.67,1777038720000
1777038722.238,122.238,0.38,0.4,0.6,0.61,0.02,0.01,78084.39,1777038721000
1777038722.701,122.701,0.36,0.37,0.63,0.64,0.01,0.01,78084.39,1777038721000
1777038723.12,123.12,0.34,0.35,0.65,0.66,0.01,0.01,78087.77,1777038722000
1777038723.607,123.607,0.33,0.34,0.65,0.66,0.01,0.01,78087.77,1777038722000
1777038724.069,124.069,0.33,0.34,0.66,0.67,0.01,0.01,78087.77,1777038722000
1777038724.707,124.707,0.33,0.38,0.66,0.67,0.05,0.01,78082.42,1777038723000
1777038725.08,125.08,0.39,0.4,0.59,0.63,0.01,0.04,78082.42,1777038723000
1777038725.426,125.426,0.39,0.4,0.6,0.61,0.01,0.01,78076.98,1777038724000
1777038725.771,125.771,0.5,0.51,0.49,0.5,0.01,0.01,78076.98,1777038724000
1777038726.241,126.241,0.5,0.51,0.49,0.5,0.01,0.01,78076.98,1777038724000
1777038726.657,126.657,0.47,0.48,0.52,0.53,0.01,0.01,78082.36,1777038725000
1777038727.053,127.053,0.45,0.46,0.54,0.55,0.01,0.01,78082.36,1777038725000
1777038727.433,127.433,0.45,0.46,0.54,0.55,0.01,0.01,78082.36,1777038725000
1777038727.902,127.902,0.45,0.46,0.54,0.55,0.01,0.01,78099.24,1777038726000
1777038728.372,128.372,0.45,0.46,0.54,0.55,0.01,0.01,78099.24,1777038726000
1777038729.152,129.152,0.43,0.44,0.56,0.57,0.01,0.01,78097.8,1777038727000
1777038729.529,129.529,0.43,0.44,0.56,0.57,0.01,0.01,78097.72,1777038728000
1777038729.956,129.956,0.43,0.44,0.56,0.57,0.01,0.01,78097.72,1777038728000
1777038730.292,130.292,0.43,0.44,0.56,0.57,0.01,0.01,78097.55,1777038729000
1777038730.628,130.628,0.44,0.45,0.55,0.56,0.01,0.01,78097.55,1777038729000
1777038730.993,130.993,0.44,0.45,0.55,0.56,0.01,0.01,78097.55,1777038729000
1777038731.536,131.536,0.42,0.43,0.55,0.56,0.01,0.01,78097.09,1777038730000
1777038731.931,131.931,0.42,0.43,0.57,0.58,0.01,0.01,78097.09,1777038730000
1777038732.368,132.368,0.42,0.43,0.57,0.58,0.01,0.01,78096.83,1777038731000
1777038732.781,132.781,0.42,0.43,0.57,0.58,0.01,0.01,78096.83,1777038731000
1777038733.142,133.142,0.42,0.43,0.57,0.58,0.01,0.01,78097.44,1777038732000
1777038733.819,133.819,0.4,0.42,0.57,0.58,0.02,0.01,78097.44,1777038732000
1777038734.329,134.329,0.39,0.42,0.58,0.61,0.03,0.03,78096.55,1777038733000
1777038734.667,134.667,0.39,0.4,0.6,0.61,0.01,0.01,78096.55,1777038733000
1777038735.365,135.365,0.39,0.4,0.6,0.61,0.01,0.01,78096.55,1777038733000
1777038735.706,135.706,0.39,0.4,0.6,0.61,0.01,0.01,78090.36,1777038734000
1777038736.074,136.074,0.39,0.4,0.6,0.61,0.01,0.01,78090.36,1777038734000
1777038736.417,136.417,0.42,0.43,0.57,0.58,0.01,0.01,78088.24,1777038735000
1777038736.795,136.795,0.42,0.43,0.57,0.58,0.01,0.01,78088.24,1777038735000
1777038737.134,137.134,0.42,0.43,0.57,0.58,0.01,0.01,78091.28,1777038736000
1777038737.562,137.562,0.39,0.4,0.6,0.61,0.01,0.01,78091.28,1777038736000
1777038738.081,138.081,0.39,0.4,0.6,0.61,0.01,0.01,78094.74,1777038737000
1777038738.498,138.498,0.39,0.4,0.6,0.61,0.01,0.01,78094.74,1777038737000
1777038738.843,138.843,0.38,0.39,0.6,0.61,0.01,0.01,78094.74,1777038737000
1777038739.846,139.846,0.38,0.39,0.61,0.62,0.01,0.01,78091.65,1777038738000
1777038740.204,140.204,0.38,0.39,0.61,0.62,0.01,0.01,78090.49,1777038739000
1777038741.338,141.338,0.38,0.39,0.61,0.62,0.01,0.01,78090.49,1777038739000
1777038741.867,141.867,0.37,0.38,0.62,0.63,0.01,0.01,78085.23,1777038740000
1777038742.479,142.479,0.37,0.38,0.62,0.63,0.01,0.01,78084.9,1777038741000
1777038742.852,142.852,0.37,0.38,0.62,0.63,0.01,0.01,78084.9,1777038741000
1777038743.232,143.232,0.39,0.4,0.6,0.61,0.01,0.01,78085.09,1777038742000
1777038743.753,143.753,0.41,0.42,0.57,0.59,0.01,0.02,78085.09,1777038742000
1777038744.807,144.807,0.41,0.42,0.58,0.59,0.01,0.01,78087.73,1777038743000
1777038745.158,145.158,0.41,0.42,0.58,0.59,0.01,0.01,78087.73,1777038743000
1777038745.846,145.846,0.42,0.43,0.57,0.58,0.01,0.01,78092.55,1777038744000
1777038746.274,146.274,0.42,0.43,0.57,0.59,0.01,0.02,78092.93,1777038745000
1777038746.613,146.613,0.42,0.43,0.57,0.58,0.01,0.01,78092.93,1777038745000
1777038746.949,146.949,0.4,0.41,0.57,0.59,0.01,0.02,78092.93,1777038745000
1777038747.287,147.287,0.4,0.41,0.59,0.6,0.01,0.01,78093.64,1777038746000
1777038747.627,147.627,0.4,0.41,0.59,0.6,0.01,0.01,78093.64,1777038746000
1777038747.99,147.99,0.39,0.4,0.6,0.61,0.01,0.01,78093.64,1777038746000
1777038748.442,148.442,0.39,0.4,0.6,0.61,0.01,0.01,78093.53,1777038747000
1777038748.781,148.781,0.36,0.38,0.62,0.64,0.02,0.02,78093.53,1777038747000
1777038749.172,149.172,0.36,0.37,0.63,0.64,0.01,0.01,78090.82,1777038748000
1777038749.522,149.522,0.36,0.37,0.63,0.64,0.01,0.01,78090.82,1777038748000
1777038749.982,149.982,0.35,0.36,0.64,0.65,0.01,0.01,78090.82,1777038748000
1777038750.372,150.372,0.35,0.36,0.64,0.65,0.01,0.01,78088.72,1777038749000
1777038750.756,150.756,0.35,0.36,0.64,0.65,0.01,0.01,78088.72,1777038749000
1777038751.432,151.432,0.35,0.36,0.64,0.65,0.01,0.01,78087.25,1777038750000
1777038751.77,151.77,0.35,0.36,0.64,0.65,0.01,0.01,78087.25,1777038750000
1777038752.198,152.198,0.35,0.36,0.64,0.65,0.01,0.01,78087.37,1777038751000
1777038752.539,152.539,0.36,0.37,0.62,0.64,0.01,0.02,78087.37,1777038751000
1777038753.051,153.051,0.36,0.37,0.63,0.64,0.01,0.01,78087.37,1777038751000
1777038754.205,154.205,0.36,0.37,0.63,0.64,0.01,0.01,78087.63,1777038752000
1777038754.794,154.794,0.35,0.37,0.63,0.64,0.02,0.01,78087.62,1777038753000
1777038755.296,155.296,0.33,0.34,0.66,0.67,0.01,0.01,78087.62,1777038753000
1777038755.824,155.824,0.35,0.36,0.64,0.67,0.01,0.03,78087.62,1777038753000
1777038756.33,156.33,0.35,0.36,0.64,0.65,0.01,0.01,78086.13,1777038754000
1777038757.018,157.018,0.35,0.36,0.64,0.66,0.01,0.02,78086.13,1777038754000
1777038758.03,158.03,0.35,0.36,0.64,0.65,0.01,0.01,78082.98,1777038756000
1777038758.393,158.393,0.35,0.36,0.64,0.65,0.01,0.01,78082.98,1777038756000
1777038758.731,158.731,0.38,0.4,0.6,0.62,0.02,0.02,78082.98,1777038756000
1777038759.144,159.144,0.4,0.43,0.57,0.6,0.03,0.03,78085.52,1777038757000
1777038759.588,159.588,0.47,0.48,0.52,0.53,0.01,0.01,78085.52,1777038757000
1777038759.932,159.932,0.48,0.51,0.49,0.52,0.03,0.03,78088.34,1777038758000
1777038760.318,160.318,0.49,0.5,0.5,0.51,0.01,0.01,78088.34,1777038758000
1777038760.756,160.756,0.49,0.5,0.5,0.51,0.01,0.01,78096.54,1777038759000
1777038761.885,161.885,0.5,0.51,0.49,0.51,0.01,0.02,78104.47,1777038760000
1777038762.358,162.358,0.5,0.52,0.49,0.5,0.02,0.01,78104.47,1777038760000
1777038763.248,163.248,0.51,0.52,0.48,0.5,0.01,0.02,78111.96,1777038761000
1777038763.59,163.59,0.51,0.52,0.48,0.49,0.01,0.01,78111.56,1777038762000
1777038764.046,164.046,0.53,0.54,0.46,0.49,0.01,0.03,78111.56,1777038762000
1777038764.429,164.429,0.53,0.54,0.46,0.47,0.01,0.01,78111.56,1777038762000
1777038764.834,164.834,0.52,0.53,0.47,0.48,0.01,0.01,78111.56,1777038762000
1777038765.41,165.41,0.48,0.49,0.48,0.49,0.01,0.01,78111.58,1777038763000
1777038765.743,165.743,0.48,0.49,0.51,0.52,0.01,0.01,78111.58,1777038763000
1777038766.115,166.115,0.48,0.49,0.51,0.52,0.01,0.01,78111.83,1777038764000
1777038766.464,166.464,0.48,0.49,0.51,0.52,0.01,0.01,78110.98,1777038765000
1777038766.913,166.913,0.46,0.47,0.52,0.53,0.01,0.01,78110.98,1777038765000
1777038768.679,168.679,0.46,0.47,0.53,0.54,0.01,0.01,78107.31,1777038767000
1777038769.026,169.026,0.44,0.46,0.54,0.56,0.02,0.02,78107.31,1777038767000
1777038769.425,169.425,0.45,0.46,0.54,0.55,0.01,0.01,78104.58,1777038768000
1777038769.795,169.795,0.45,0.46,0.54,0.55,0.01,0.01,78104.58,1777038768000
1777038770.18,170.18,0.44,0.46,0.54,0.55,0.02,0.01,78104.58,1777038768000
1777038770.535,170.535,0.42,0.44,0.56,0.57,0.02,0.01,78104.58,1777038768000
1777038770.941,170.941,0.42,0.43,0.57,0.58,0.01,0.01,78105.17,1777038769000
1777038771.286,171.286,0.4,0.43,0.57,0.59,0.03,0.02,78105.17,1777038769000
1777038771.681,171.681,0.31,0.32,0.68,0.69,0.01,0.01,78104.11,1777038770000
1777038772.015,172.015,0.31,0.32,0.68,0.69,0.01,0.01,78104.11,1777038770000
1777038772.355,172.355,0.31,0.32,0.68,0.69,0.01,0.01,78104.11,1777038770000
1777038772.849,172.849,0.31,0.32,0.68,0.69,0.01,0.01,78102.26,1777038771000
1777038773.3,173.3,0.3,0.31,0.69,0.7,0.01,0.01,78090.38,1777038772000
1777038773.907,173.907,0.28,0.31,0.69,0.71,0.03,0.02,78090.38,1777038772000
1777038774.265,174.265,0.29,0.31,0.68,0.73,0.02,0.05,78090.38,1777038772000
1777038774.613,174.613,0.29,0.3,0.7,0.71,0.01,0.01,78090.38,1777038772000
1777038774.958,174.958,0.29,0.3,0.7,0.71,0.01,0.01,78075.77,1777038773000
1777038775.319,175.319,0.29,0.3,0.7,0.71,0.01,0.01,78075.77,1777038773000
1777038775.661,175.661,0.27,0.28,0.72,0.73,0.01,0.01,78075.77,1777038773000
1777038776.206,176.206,0.26,0.27,0.73,0.74,0.01,0.01,78070.08,1777038774000
1777038776.63,176.63,0.25,0.27,0.73,0.75,0.02,0.02,78070.08,1777038774000
1777038776.972,176.972,0.25,0.26,0.74,0.75,0.01,0.01,78066.48,1777038775000
1777038777.381,177.381,0.25,0.26,0.74,0.75,0.01,0.01,78066.48,1777038776000
1777038777.807,177.807,0.25,0.26,0.74,0.75,0.01,0.01,78066.48,1777038776000
1777038778.252,178.252,0.25,0.26,0.74,0.75,0.01,0.01,78065.18,1777038777000
1777038779.372,179.372,0.25,0.26,0.74,0.75,0.01,0.01,78064.61,1777038778000
1777038779.95,179.95,0.25,0.26,0.74,0.75,0.01,0.01,78064.61,1777038778000
1777038780.289,180.289,0.25,0.28,0.72,0.75,0.03,0.03,78064.61,1777038778000
1777038780.659,180.659,0.25,0.29,0.71,0.75,0.04,0.04,78069.12,1777038779000
1777038781.026,181.026,0.27,0.29,0.71,0.73,0.02,0.02,78069.12,1777038779000
1777038781.387,181.387,0.28,0.29,0.71,0.72,0.01,0.01,78068.69,1777038780000
1777038781.725,181.725,0.29,0.3,0.7,0.71,0.01,0.01,78068.69,1777038780000
1777038782.078,182.078,0.29,0.31,0.7,0.71,0.02,0.01,78068.69,1777038780000
1777038782.411,182.411,0.3,0.31,0.69,0.7,0.01,0.01,78070.65,1777038781000
1777038782.956,182.956,0.3,0.31,0.69,0.7,0.01,0.01,78070.65,1777038781000
1777038783.621,183.621,0.3,0.31,0.69,0.7,0.01,0.01,78074.99,1777038782000
1777038784.173,184.173,0.3,0.31,0.69,0.7,0.01,0.01,78076.91,1777038783000
1777038784.67,184.67,0.3,0.31,0.69,0.7,0.01,0.01,78076.91,1777038783000
1777038785.047,185.047,0.3,0.31,0.69,0.7,0.01,0.01,78076.91,1777038783000
1777038785.761,185.761,0.26,0.31,0.69,0.7,0.05,0.01,78069.3,1777038784000
1777038786.105,186.105,0.26,0.3,0.69,0.74,0.04,0.05,78069.3,1777038784000
1777038786.454,186.454,0.25,0.3,0.7,0.74,0.05,0.04,78059.5,1777038785000
1777038786.792,186.792,0.21,0.26,0.74,0.79,0.05,0.05,78059.5,1777038785000
1777038787.17,187.17,0.2,0.23,0.77,0.8,0.03,0.03,78054.56,1777038786000
1777038787.592,187.592,0.19,0.21,0.71,0.81,0.02,0.1,78054.56,1777038786000
1777038788.042,188.042,0.19,0.2,0.8,0.81,0.01,0.01,78054.56,1777038786000
1777038788.945,188.945,0.19,0.2,0.8,0.81,0.01,0.01,78053.36,1777038787000
1777038789.331,189.331,0.19,0.2,0.8,0.81,0.01,0.01,78050.71,1777038788000
1777038789.679,189.679,0.19,0.2,0.8,0.81,0.01,0.01,78050.71,1777038788000
1777038790.222,190.222,0.19,0.2,0.8,0.81,0.01,0.01,78050.71,1777038788000
1777038790.754,190.754,0.19,0.2,0.8,0.81,0.01,0.01,78050.71,1777038788000
1777038791.151,191.151,0.17,0.2,0.8,0.81,0.03,0.01,78047.99,1777038789000
1777038791.488,191.488,0.19,0.2,0.8,0.81,0.01,0.01,78047.99,1777038789000
1777038791.825,191.825,0.19,0.2,0.8,0.81,0.01,0.01,78046.57,1777038790000
1777038792.164,192.164,0.18,0.2,0.8,0.82,0.02,0.02,78046.57,1777038790000
1777038792.501,192.501,0.17,0.18,0.82,0.83,0.01,0.01,78046.74,1777038791000
1777038792.835,192.835,0.19,0.2,0.8,0.81,0.01,0.01,78046.74,1777038791000
1777038793.173,193.173,0.19,0.2,0.8,0.81,0.01,0.01,78046.74,1777038791000
1777038793.643,193.643,0.19,0.2,0.8,0.82,0.01,0.02,78044.03,1777038792000
1777038794.523,194.523,0.18,0.2,0.8,0.82,0.02,0.02,78054.15,1777038793000
1777038795.136,195.136,0.18,0.2,0.8,0.82,0.02,0.02,78053.56,1777038794000
1777038795.519,195.519,0.19,0.2,0.8,0.81,0.01,0.01,78053.56,1777038794000
1777038795.985,195.985,0.19,0.2,0.8,0.81,0.01,0.01,78053.56,1777038794000
1777038796.413,196.413,0.19,0.2,0.8,0.81,0.01,0.01,78052.46,1777038795000
1777038796.878,196.878,0.18,0.2,0.8,0.82,0.02,0.02,78052.46,1777038795000
1777038797.211,197.211,0.17,0.24,0.76,0.82,0.07,0.06,78052.46,1777038795000
1777038797.592,197.592,0.19,0.2,0.8,0.81,0.01,0.01,78052.46,1777038795000
1777038797.935,197.935,0.19,0.2,0.8,0.81,0.01,0.01,78052.22,1777038796000
1777038798.277,198.277,0.17,0.18,0.81,0.83,0.01,0.02,78052.22,1777038796000
1777038798.706,198.706,0.17,0.18,0.82,0.83,0.01,0.01,78052.7,1777038797000
1777038799.04,199.04,0.18,0.19,0.81,0.82,0.01,0.01,78052.7,1777038797000
1777038800.38,200.38,0.18,0.21,0.79,0.82,0.03,0.03,78050.51,1777038799000
1777038800.866,200.866,0.18,0.19,0.81,0.82,0.01,0.01,78050.51,1777038799000
1777038801.231,201.231,0.18,0.19,0.81,0.82,0.01,0.01,78050.59,1777038800000
1777038801.647,201.647,0.18,0.19,0.81,0.82,0.01,0.01,78050.59,1777038800000
1777038802.059,202.059,0.18,0.19,0.81,0.82,0.01,0.01,78050.59,1777038800000
1777038802.395,202.395,0.16,0.19,0.81,0.83,0.03,0.02,78050.57,1777038801000
1777038802.825,202.825,0.17,0.18,0.81,0.84,0.01,0.03,78050.57,1777038801000
1777038803.319,203.319,0.14,0.15,0.85,0.86,0.01,0.01,78049.46,1777038802000
1777038803.714,203.714,0.14,0.15,0.85,0.87,0.01,0.02,78049.46,1777038802000
1777038804.114,204.114,0.14,0.15,0.85,0.86,0.01,0.01,78047.38,1777038803000
1777038804.71,204.71,0.13,0.14,0.85,0.87,0.01,0.02,78047.38,1777038803000
1777038805.201,205.201,0.13,0.14,0.86,0.87,0.01,0.01,78047.38,1777038803000
1777038805.726,205.726,0.13,0.14,0.86,0.87,0.01,0.01,78046.34,1777038804000
1777038806.509,206.509,0.13,0.14,0.86,0.87,0.01,0.01,78044.84,1777038805000
1777038806.887,206.887,0.13,0.14,0.86,0.87,0.01,0.01,78044.84,1777038805000
1777038807.299,207.299,0.13,0.14,0.86,0.87,0.01,0.01,78044.84,1777038806000
1777038807.689,207.689,0.13,0.14,0.86,0.87,0.01,0.01,78044.84,1777038806000
1777038808.163,208.163,0.16,0.17,0.83,0.84,0.01,0.01,78042.69,1777038807000
1777038808.517,208.517,0.16,0.17,0.83,0.85,0.01,0.02,78042.69,1777038807000
1777038808.873,208.873,0.16,0.17,0.83,0.84,0.01,0.01,78042.69,1777038807000
1777038809.248,209.248,0.15,0.16,0.84,0.85,0.01,0.01,78042.69,1777038807000
1777038809.588,209.588,0.15,0.16,0.84,0.85,0.01,0.01,78043.8,1777038808000
1777038810.064,210.064,0.16,0.17,0.8,0.84,0.01,0.04,78043.8,1777038808000
1777038810.486,210.486,0.16,0.17,0.83,0.84,0.01,0.01,78045.39,1777038809000
1777038810.835,210.835,0.16,0.17,0.83,0.84,0.01,0.01,78045.39,1777038809000
1777038811.362,211.362,0.16,0.17,0.83,0.84,0.01,0.01,78049.62,1777038810000
1777038811.728,211.728,0.16,0.17,0.83,0.84,0.01,0.01,78049.62,1777038810000
1777038812.074,212.074,0.16,0.17,0.83,0.84,0.01,0.01,78049.62,1777038810000
1777038812.467,212.467,0.14,0.21,0.83,0.86,0.07,0.03,78046.27,1777038811000
1777038812.917,212.917,0.15,0.16,0.84,0.86,0.01,0.02,78046.27,1777038811000
1777038813.323,213.323,0.12,0.13,0.87,0.88,0.01,0.01,78045.34,1777038812000
1777038813.673,213.673,0.12,0.13,0.87,0.88,0.01,0.01,78045.34,1777038812000
1777038814.198,214.198,0.12,0.13,0.87,0.88,0.01,0.01,78045.34,1777038812000
1777038814.553,214.553,0.12,0.13,0.87,0.88,0.01,0.01,78042.11,1777038813000
1777038815.044,215.044,0.12,0.13,0.87,0.88,0.01,0.01,78042.11,1777038813000
1777038815.392,215.392,0.11,0.12,0.88,0.89,0.01,0.01,78042.11,1777038813000
1777038815.754,215.754,0.11,0.12,0.88,0.89,0.01,0.01,78040.43,1777038814000
1777038816.313,216.313,0.11,0.12,0.88,0.89,0.01,0.01,78041.24,1777038815000
1777038816.823,216.823,0.14,0.15,0.85,0.86,0.01,0.01,78041.24,1777038815000
1777038817.158,217.158,0.12,0.14,0.86,0.88,0.02,0.02,78041.24,1777038815000
1777038817.51,217.51,0.11,0.12,0.87,0.89,0.01,0.02,78040.99,1777038816000
1777038817.873,217.873,0.11,0.12,0.88,0.89,0.01,0.01,78040.99,1777038816000
1777038818.217,218.217,0.11,0.12,0.88,0.89,0.01,0.01,78040.99,1777038816000
1777038818.626,218.626,0.12,0.13,0.87,0.88,0.01,0.01,78043.48,1777038817000
1777038818.967,218.967,0.13,0.14,0.86,0.87,0.01,0.01,78043.48,1777038817000
1777038819.348,219.348,0.14,0.15,0.85,0.86,0.01,0.01,78043.01,1777038818000
1777038819.733,219.733,0.14,0.15,0.85,0.86,0.01,0.01,78043.01,1777038818000
1777038820.132,220.132,0.17,0.18,0.82,0.84,0.01,0.02,78043.24,1777038819000
1777038820.591,220.591,0.17,0.18,0.82,0.83,0.01,0.01,78043.24,1777038819000
1777038821.092,221.092,0.14,0.15,0.83,0.86,0.01,0.03,78043.24,1777038819000
1777038821.455,221.455,0.14,0.15,0.85,0.86,0.01,0.01,78046.8,1777038820000
1777038821.795,221.795,0.13,0.15,0.85,0.87,0.02,0.02,78046.8,1777038820000
1777038822.469,222.469,0.13,0.14,0.86,0.87,0.01,0.01,78052.12,1777038821000
1777038822.993,222.993,0.12,0.14,0.86,0.88,0.02,0.02,78051.23,1777038822000
1777038823.351,223.351,0.12,0.13,0.87,0.88,0.01,0.01,78051.23,1777038822000
1777038823.764,223.764,0.12,0.14,0.87,0.88,0.02,0.01,78051.23,1777038822000
1777038824.162,224.162,0.12,0.13,0.86,0.88,0.01,0.02,78049.61,1777038823000
1777038824.87,224.87,0.12,0.14,0.87,0.88,0.02,0.01,78049.61,1777038823000
1777038825.35,225.35,0.16,0.17,0.83,0.84,0.01,0.01,78047.17,1777038824000
1777038825.706,225.706,0.16,0.17,0.83,0.84,0.01,0.01,78047.17,1777038824000
1777038826.054,226.054,0.16,0.17,0.83,0.84,0.01,0.01,78047.17,1777038824000
1777038826.393,226.393,0.16,0.17,0.83,0.84,0.01,0.01,78053.68,1777038825000
1777038826.91,226.91,0.15,0.16,0.83,0.85,0.01,0.02,78053.68,1777038825000
1777038827.431,227.431,0.13,0.16,0.84,0.87,0.03,0.03,78059.86,1777038826000
1777038827.994,227.994,0.13,0.16,0.84,0.87,0.03,0.03,78057.27,1777038827000
1777038828.388,228.388,0.13,0.14,0.86,0.87,0.01,0.01,78057.27,1777038827000
1777038828.833,228.833,0.13,0.14,0.86,0.87,0.01,0.01,78057.27,1777038827000
1777038829.498,229.498,0.13,0.14,0.86,0.87,0.01,0.01,78054.1,1777038828000
1777038829.901,229.901,0.17,0.18,0.82,0.83,0.01,0.01,78054.1,1777038828000
1777038830.483,230.483,0.16,0.17,0.82,0.84,0.01,0.02,78059.57,1777038829000
1777038830.889,230.889,0.15,0.16,0.83,0.85,0.01,0.02,78059.57,1777038829000
1777038831.355,231.355,0.14,0.15,0.85,0.86,0.01,0.01,78061.05,1777038830000
1777038831.767,231.767,0.13,0.14,0.86,0.87,0.01,0.01,78061.05,1777038830000
1777038832.247,232.247,0.12,0.13,0.86,0.88,0.01,0.02,78061.05,1777038830000
1777038832.64,232.64,0.12,0.13,0.87,0.88,0.01,0.01,78059.93,1777038831000
1777038833.01,233.01,0.12,0.13,0.87,0.88,0.01,0.01,78059.93,1777038831000
1777038833.409,233.409,0.12,0.13,0.87,0.88,0.01,0.01,78059.93,1777038831000
1777038834.371,234.371,0.12,0.13,0.87,0.88,0.01,0.01,78052.58,1777038833000
1777038834.956,234.956,0.11,0.13,0.87,0.88,0.02,0.01,78052.58,1777038833000
1777038835.289,235.289,0.1,0.11,0.89,0.9,0.01,0.01,78052.58,1777038833000
1777038835.632,235.632,0.09,0.1,0.9,0.91,0.01,0.01,78052.58,1777038833000
1777038835.97,235.97,0.09,0.1,0.9,0.91,0.01,0.01,78051.77,1777038834000
1777038836.31,236.31,0.09,0.1,0.9,0.91,0.01,0.01,78051.77,1777038834000
1777038836.706,236.706,0.09,0.1,0.9,0.91,0.01,0.01,78051.77,1777038834000
1777038837.157,237.157,0.09,0.1,0.9,0.91,0.01,0.01,78040.37,1777038835000
1777038837.505,237.505,0.09,0.1,0.9,0.91,0.01,0.01,78039.89,1777038836000
1777038837.859,237.859,0.09,0.1,0.9,0.91,0.01,0.01,78039.89,1777038836000
1777038838.213,238.213,0.09,0.1,0.9,0.91,0.01,0.01,78039.89,1777038836000
1777038838.698,238.698,0.09,0.1,0.9,0.91,0.01,0.01,78042.83,1777038837000
1777038839.479,239.479,0.09,0.1,0.9,0.91,0.01,0.01,78042.83,1777038837000
1777038839.921,239.921,0.09,0.1,0.9,0.91,0.01,0.01,78043.34,1777038838000
1777038840.263,240.263,0.09,0.1,0.9,0.91,0.01,0.01,78043.34,1777038838000
1777038840.617,240.617,0.08,0.09,0.9,0.92,0.01,0.02,78043.34,1777038838000
1777038840.975,240.975,0.08,0.09,0.91,0.93,0.01,0.02,78043.04,1777038839000
1777038841.313,241.313,0.08,0.09,0.91,0.93,0.01,0.02,78043.04,1777038840000
1777038841.773,241.773,0.07,0.08,0.92,0.93,0.01,0.01,78043.04,1777038840000
1777038842.12,242.12,0.07,0.08,0.92,0.93,0.01,0.01,78043.04,1777038840000
1777038842.461,242.461,0.06,0.07,0.92,0.93,0.01,0.01,78043.04,1777038840000
1777038842.844,242.844,0.06,0.07,0.93,0.94,0.01,0.01,78043.91,1777038841000
1777038843.178,243.178,0.06,0.07,0.93,0.94,0.01,0.01,78043.91,1777038841000
1777038843.534,243.534,0.06,0.07,0.93,0.94,0.01,0.01,78043.78,1777038842000
1777038843.872,243.872,0.06,0.07,0.93,0.94,0.01,0.01,78043.78,1777038842000
1777038844.555,244.555,0.06,0.07,0.93,0.94,0.01,0.01,78043.03,1777038843000
1777038844.901,244.901,0.06,0.08,0.92,0.94,0.02,0.02,78043.03,1777038843000
1777038845.244,245.244,0.06,0.08,0.92,0.94,0.02,0.02,78043.03,1777038843000
1777038845.611,245.611,0.06,0.08,0.92,0.94,0.02,0.02,78043.03,1777038843000
1777038846.136,246.136,0.07,0.08,0.92,0.93,0.01,0.01,78040.26,1777038844000
1777038846.473,246.473,0.07,0.08,0.92,0.93,0.01,0.01,78040.41,1777038845000
1777038846.817,246.817,0.07,0.08,0.92,0.93,0.01,0.01,78040.41,1777038845000
1777038847.215,247.215,0.07,0.08,0.92,0.93,0.01,0.01,78040.41,1777038845000
1777038847.581,247.581,0.06,0.07,0.92,0.94,0.01,0.02,78042.17,1777038846000
1777038847.935,247.935,0.06,0.07,0.93,0.94,0.01,0.01,78042.17,1777038846000
1777038848.272,248.272,0.06,0.07,0.93,0.94,0.01,0.01,78042.17,1777038847000
1777038848.663,248.663,0.06,0.07,0.93,0.94,0.01,0.01,78042.17,1777038847000
1777038849.089,249.089,0.05,0.06,0.93,0.95,0.01,0.02,78042.17,1777038847000
1777038849.425,249.425,0.05,0.06,0.94,0.95,0.01,0.01,78042.17,1777038847000
1777038849.768,249.768,0.05,0.06,0.94,0.95,0.01,0.01,78037.65,1777038848000
1777038850.151,250.151,0.04,0.05,0.95,0.96,0.01,0.01,78037.65,1777038848000
1777038850.486,250.486,0.04,0.05,0.95,0.96,0.01,0.01,78035.78,1777038849000
1777038850.821,250.821,0.03,0.04,0.96,0.97,0.01,0.01,78035.78,1777038849000
1777038851.217,251.217,0.03,0.04,0.96,0.97,0.01,0.01,78035.78,1777038849000
1777038851.557,251.557,0.03,0.04,0.96,0.97,0.01,0.01,78035.78,1777038849000
1777038851.894,251.894,0.03,0.04,0.96,0.97,0.01,0.01,78031.54,1777038850000
1777038852.298,252.298,0.03,0.04,0.96,0.97,0.01,0.01,78031.54,1777038850000
1777038852.65,252.65,0.03,0.04,0.96,0.97,0.01,0.01,78022.67,1777038851000
1777038853.024,253.024,0.03,0.04,0.96,0.97,0.01,0.01,78022.67,1777038851000
1777038853.377,253.377,0.02,0.04,0.96,0.97,0.02,0.01,78022.67,1777038851000
1777038853.804,253.804,0.02,0.03,0.97,0.98,0.01,0.01,78019.04,1777038852000
1777038854.2,254.2,0.03,0.04,0.96,0.97,0.01,0.01,78021.34,1777038853000
1777038854.539,254.539,0.03,0.04,0.96,0.97,0.01,0.01,78021.34,1777038853000
1777038854.89,254.89,0.03,0.04,0.96,0.97,0.01,0.01,78021.34,1777038853000
1777038855.272,255.272,0.03,0.04,0.96,0.97,0.01,0.01,78019.05,1777038854000
1777038855.614,255.614,0.03,0.04,0.96,0.97,0.01,0.01,78019.05,1777038854000
1777038855.974,255.974,0.03,0.04,0.96,0.97,0.01,0.01,78019.05,1777038854000
1777038856.374,256.374,0.02,0.04,0.96,0.98,0.02,0.02,78026.54,1777038855000
1777038856.771,256.771,0.02,0.03,0.97,0.98,0.01,0.01,78026.54,1777038855000
1777038857.153,257.153,0.02,0.03,0.97,0.98,0.01,0.01,78026.54,1777038855000
1777038857.499,257.499,0.02,0.03,0.96,0.98,0.01,0.02,78027.51,1777038856000
1777038857.906,257.906,0.03,0.04,0.95,0.97,0.01,0.02,78027.51,1777038856000
1777038858.294,258.294,0.03,0.04,0.96,0.97,0.01,0.01,78027.51,1777038856000
1777038858.639,258.639,0.03,0.04,0.89,0.97,0.01,0.08,78027.55,1777038857000
1777038859.026,259.026,0.02,0.03,0.96,0.97,0.01,0.01,78027.55,1777038857000
1777038859.409,259.409,0.02,0.03,0.97,0.98,0.01,0.01,78027.55,1777038857000
1777038859.796,259.796,0.02,0.03,0.97,0.98,0.01,0.01,78027.3,1777038858000
1777038860.179,260.179,0.02,0.03,0.97,0.98,0.01,0.01,78028.33,1777038859000
1777038860.753,260.753,0.02,0.03,0.97,0.98,0.01,0.01,78028.33,1777038859000
1777038861.135,261.135,0.01,0.02,0.97,0.99,0.01,0.02,78022.97,1777038860000
1777038861.475,261.475,0.01,0.02,0.98,0.99,0.01,0.01,78022.97,1777038860000
1777038861.853,261.853,0.01,0.02,0.98,0.99,0.01,0.01,78022.97,1777038860000
1777038862.203,262.203,0.01,0.02,0.98,0.99,0.01,0.01,78020.26,1777038861000
1777038862.555,262.555,0.01,0.02,0.98,0.99,0.01,0.01,78020.26,1777038861000
1777038862.893,262.893,0.03,0.04,0.96,0.99,0.01,0.03,78020.26,1777038861000
1777038863.229,263.229,0.01,0.02,0.98,0.99,0.01,0.01,78019.62,1777038862000
1777038863.763,263.763,0.01,0.02,0.98,0.99,0.01,0.01,78019.62,1777038862000
1777038864.109,264.109,0.01,0.02,0.98,0.99,0.01,0.01,78016.67,1777038863000
1777038864.615,264.615,0.01,0.02,0.98,0.99,0.01,0.01,78016.67,1777038863000
1777038864.977,264.977,0.01,0.02,0.98,0.99,0.01,0.01,78016.67,1777038863000
1777038865.338,265.338,0.01,0.02,0.98,0.99,0.01,0.01,78014.96,1777038864000
1777038865.746,265.746,0.01,0.02,0.98,0.99,0.01,0.01,78014.96,1777038864000
1777038866.181,266.181,0.01,0.01,0.99,0.99,0.0,0.0,78014.96,1777038864000
1777038866.663,266.663,0.01,0.01,0.99,0.99,0.0,0.0,78018.74,1777038865000
1777038867.06,267.06,0.01,0.01,0.99,0.99,0.0,0.0,78018.74,1777038865000
1777038867.693,267.693,0.01,0.01,0.99,0.99,0.0,0.0,78018.56,1777038866000
1777038868.034,268.034,0.01,0.01,0.99,0.99,0.0,0.0,78018.56,1777038866000
1777038868.412,268.412,0.01,0.01,0.99,0.99,0.0,0.0,78017.81,1777038867000
1777038868.938,268.938,0.01,0.01,0.99,0.99,0.0,0.0,78017.81,1777038867000
1777038869.377,269.377,0.01,0.01,0.99,0.99,0.0,0.0,78017.81,1777038867000
1777038869.965,269.965,0.01,0.01,0.99,0.99,0.0,0.0,78018.09,1777038868000
1777038870.357,270.357,0.01,0.01,0.99,0.99,0.0,0.0,78020.06,1777038869000
1777038871.538,271.538,0.01,0.01,0.99,0.99,0.0,0.0,78021.16,1777038870000
1777038871.903,271.903,0.01,0.01,0.99,0.99,0.0,0.0,78021.16,1777038870000
1777038872.405,272.405,0.01,0.01,0.99,0.99,0.0,0.0,78018.36,1777038871000
1777038872.998,272.998,0.01,0.01,0.99,0.99,0.0,0.0,78018.36,1777038871000
1777038873.816,273.816,0.01,0.01,0.99,0.99,0.0,0.0,78018.6,1777038872000
1777038874.839,274.839,0.01,0.01,0.99,0.99,0.0,0.0,78018.62,1777038873000
1777038875.308,275.308,0.01,0.01,0.99,0.99,0.0,0.0,78018.38,1777038874000
1777038875.703,275.703,0.01,0.01,0.99,0.99,0.0,0.0,78018.38,1777038874000
1777038876.288,276.288,0.01,0.01,0.99,0.99,0.0,0.0,78017.06,1777038875000
1777038876.791,276.791,0.01,0.01,0.99,0.99,0.0,0.0,78017.06,1777038875000
1777038877.392,277.392,0.01,0.01,0.99,0.99,0.0,0.0,78016.92,1777038876000
1777038878.173,278.173,0.01,0.01,0.99,0.99,0.0,0.0,78016.92,1777038876000
1777038878.865,278.865,0.01,0.01,0.99,0.99,0.0,0.0,78006.11,1777038878000
1777038879.629,279.629,0.01,0.01,0.99,0.99,0.0,0.0,78006.11,1777038878000
1777038880.022,280.022,0.01,0.01,0.99,0.99,0.0,0.0,78008.55,1777038879000
1777038881.159,281.159,0.01,0.01,0.99,0.99,0.0,0.0,78014.2,1777038880000
1777038882.459,282.459,0.01,0.01,0.99,0.99,0.0,0.0,78010.27,1777038881000
1777038882.916,282.916,0.01,0.01,0.99,0.99,0.0,0.0,78010.27,1777038881000
1777038883.325,283.325,0.01,0.01,0.99,0.99,0.0,0.0,78010.27,1777038881000
1777038884.342,284.342,0.01,0.01,0.99,0.99,0.0,0.0,78012.61,1777038883000
1777038885.286,285.286,0.01,0.01,0.99,0.99,0.0,0.0,78012.61,1777038883000
1777038885.66,285.66,0.01,0.01,0.99,0.99,0.0,0.0,78012.61,1777038883000
1777038886.045,286.045,0.01,0.01,0.99,0.99,0.0,0.0,78014.53,1777038884000
1777038886.49,286.49,0.01,0.01,0.99,0.99,0.0,0.0,78014.53,1777038884000
1777038887.2,287.2,0.01,0.01,0.99,0.99,0.0,0.0,78027.81,1777038886000
1777038887.664,287.664,0.01,0.01,0.99,0.99,0.0,0.0,78027.81,1777038886000
1777038888.463,288.463,0.01,0.01,0.99,0.99,0.0,0.0,78027.81,1777038886000
1777038889.037,289.037,0.01,0.01,0.99,0.99,0.0,0.0,78024.88,1777038887000
1777038889.386,289.386,0.01,0.01,0.99,0.99,0.0,0.0,78019.2,1777038888000
1777038890.361,290.361,0.01,0.01,0.99,0.99,0.0,0.0,78014.93,1777038889000
1777038891.134,291.134,0.01,0.01,0.99,0.99,0.0,0.0,78014.93,1777038889000
1777038891.505,291.505,0.01,0.01,0.99,0.99,0.0,0.0,78014.93,1777038889000
1777038892.006,292.006,0.01,0.01,0.99,0.99,0.0,0.0,78010.42,1777038890000
1777038893.154,293.154,0.01,0.01,0.99,0.99,0.0,0.0,78006.8,1777038891000
1777038893.681,293.681,0.01,0.01,0.99,0.99,0.0,0.0,78006.8,1777038891000
1777038894.181,294.181,0.01,0.01,0.99,0.99,0.0,0.0,78008.5,1777038892000
1777038894.716,294.716,0.01,0.01,0.99,0.99,0.0,0.0,78011.1,1777038893000
1777038895.352,295.352,0.01,0.01,0.99,0.99,0.0,0.0,78011.1,1777038893000
1777038896.379,296.379,0.01,0.01,0.99,0.99,0.0,0.0,78020.05,1777038895000
1777038897.007,297.007,0.01,0.01,0.99,0.99,0.0,0.0,78020.05,1777038895000
1777038898.197,298.197,0.01,0.01,0.99,0.99,0.0,0.0,78019.52,1777038896000
1777038898.786,298.786,0.01,0.01,0.99,0.99,0.0,0.0,78019.52,1777038896000
1777038899.606,299.606,0.01,0.01,0.99,0.99,0.0,0.0,78009.29,1777038898000
1777038900.376,300.376,0.01,0.01,0.99,0.99,0.0,0.0,78009.29,1777038898000
1777038901.5,301.5,0.01,0.01,0.99,0.99,0.0,0.0,78018.65,1777038900000
1777038902.076,302.076,0.01,0.01,0.99,0.99,0.0,0.0,78019.24,1777038901000

# RESULT,winner=Down,slug=btc-updown-5m-1777038600,ticks=654
