timestamp,elapsed_sec,up_bid,up_ask,down_bid,down_ask,up_spread,down_spread,btc_price,btc_oracle_ts
1776728700.603,0.603,0.52,0.53,0.47,0.49,0.01,0.02,75803.79,1776728698000
1776728701.179,1.179,0.52,0.53,0.47,0.48,0.01,0.01,75803.76,1776728699000
1776728701.576,1.576,0.56,0.59,0.38,0.45,0.03,0.07,75803.76,1776728699000
1776728702.353,2.353,0.57,0.58,0.42,0.43,0.01,0.01,75804.57,1776728700000
1776728702.707,2.707,0.57,0.58,0.42,0.43,0.01,0.01,75804.26,1776728701000
1776728703.112,3.112,0.57,0.58,0.42,0.43,0.01,0.01,75804.26,1776728701000
1776728703.752,3.752,0.57,0.58,0.42,0.43,0.01,0.01,75804.26,1776728701000
1776728704.172,4.172,0.6,0.61,0.39,0.4,0.01,0.01,75804.26,1776728701000
1776728705.041,5.041,0.6,0.61,0.39,0.4,0.01,0.01,75808.34,1776728703000
1776728705.381,5.381,0.62,0.63,0.37,0.38,0.01,0.01,75808.34,1776728703000
1776728705.746,5.746,0.65,0.67,0.33,0.35,0.02,0.02,75809.57,1776728704000
1776728706.082,6.082,0.66,0.67,0.33,0.34,0.01,0.01,75809.57,1776728704000
1776728706.417,6.417,0.67,0.68,0.32,0.33,0.01,0.01,75811.87,1776728705000
1776728706.867,6.867,0.68,0.69,0.31,0.32,0.01,0.01,75811.87,1776728705000
1776728707.2,7.2,0.68,0.69,0.31,0.32,0.01,0.01,75811.87,1776728705000
1776728707.542,7.542,0.68,0.69,0.31,0.32,0.01,0.01,75811.87,1776728705000
1776728707.877,7.877,0.68,0.69,0.31,0.32,0.01,0.01,75819.12,1776728706000
1776728708.492,8.492,0.68,0.69,0.31,0.32,0.01,0.01,75819.12,1776728706000
1776728709.138,9.138,0.67,0.68,0.31,0.33,0.01,0.02,75820.62,1776728707000
1776728709.51,9.51,0.67,0.68,0.32,0.33,0.01,0.01,75818.84,1776728708000
1776728710.013,10.013,0.67,0.68,0.32,0.33,0.01,0.01,75818.84,1776728708000
1776728710.495,10.495,0.67,0.68,0.32,0.33,0.01,0.01,75818.84,1776728708000
1776728710.856,10.856,0.67,0.68,0.32,0.33,0.01,0.01,75819.07,1776728709000
1776728711.395,11.395,0.67,0.68,0.32,0.33,0.01,0.01,75819.07,1776728709000
1776728711.938,11.938,0.67,0.68,0.32,0.33,0.01,0.01,75819.07,1776728710000
1776728712.4,12.4,0.67,0.68,0.32,0.33,0.01,0.01,75819.07,1776728710000
1776728712.886,12.886,0.67,0.68,0.32,0.33,0.01,0.01,75819.06,1776728711000
1776728713.547,13.547,0.67,0.68,0.32,0.33,0.01,0.01,75819.08,1776728712000
1776728714.357,14.357,0.67,0.68,0.32,0.33,0.01,0.01,75819.09,1776728713000
1776728714.91,14.91,0.67,0.68,0.32,0.33,0.01,0.01,75819.19,1776728714000
1776728715.254,15.254,0.67,0.68,0.32,0.33,0.01,0.01,75819.19,1776728714000
1776728715.751,15.751,0.58,0.59,0.41,0.44,0.01,0.03,75819.19,1776728714000
1776728716.095,16.095,0.51,0.58,0.42,0.48,0.07,0.06,75812.46,1776728715000
1776728716.456,16.456,0.53,0.54,0.46,0.49,0.01,0.03,75812.46,1776728715000
1776728716.853,16.853,0.53,0.54,0.46,0.47,0.01,0.01,75812.46,1776728715000
1776728717.317,17.317,0.53,0.54,0.46,0.47,0.01,0.01,75809.16,1776728716000
1776728717.676,17.676,0.5,0.52,0.47,0.49,0.02,0.02,75809.16,1776728716000
1776728718.012,18.012,0.51,0.52,0.48,0.49,0.01,0.01,75809.16,1776728716000
1776728718.413,18.413,0.5,0.51,0.49,0.5,0.01,0.01,75806.48,1776728717000
1776728718.928,18.928,0.5,0.51,0.49,0.5,0.01,0.01,75806.48,1776728717000
1776728719.422,19.422,0.5,0.51,0.49,0.5,0.01,0.01,75805.86,1776728718000
1776728719.777,19.777,0.5,0.51,0.49,0.5,0.01,0.01,75805.86,1776728718000
1776728720.13,20.13,0.5,0.51,0.49,0.5,0.01,0.01,75805.86,1776728718000
1776728720.646,20.646,0.5,0.51,0.49,0.5,0.01,0.01,75805.99,1776728719000
1776728721.472,21.472,0.5,0.51,0.49,0.5,0.01,0.01,75805.99,1776728720000
1776728721.817,21.817,0.45,0.47,0.53,0.55,0.02,0.02,75805.99,1776728720000
1776728722.156,22.156,0.45,0.46,0.54,0.55,0.01,0.01,75804.07,1776728721000
1776728722.539,22.539,0.45,0.46,0.54,0.55,0.01,0.01,75804.07,1776728721000
1776728722.886,22.886,0.45,0.46,0.54,0.55,0.01,0.01,75804.07,1776728721000
1776728723.238,23.238,0.45,0.46,0.54,0.55,0.01,0.01,75800.79,1776728722000
1776728723.648,23.648,0.45,0.46,0.54,0.55,0.01,0.01,75800.79,1776728722000
1776728724.102,24.102,0.45,0.46,0.54,0.55,0.01,0.01,75800.79,1776728722000
1776728724.449,24.449,0.45,0.46,0.54,0.55,0.01,0.01,75800.3,1776728723000
1776728724.837,24.837,0.45,0.46,0.54,0.55,0.01,0.01,75800.3,1776728723000
1776728725.374,25.374,0.45,0.46,0.54,0.55,0.01,0.01,75799.18,1776728724000
1776728726.08,26.08,0.45,0.47,0.53,0.55,0.02,0.02,75799.18,1776728725000
1776728726.768,26.768,0.45,0.47,0.53,0.55,0.02,0.02,75799.18,1776728725000
1776728727.301,27.301,0.45,0.46,0.53,0.55,0.01,0.02,75799.18,1776728725000
1776728727.885,27.885,0.45,0.46,0.54,0.55,0.01,0.01,75800.5,1776728726000
1776728728.22,28.22,0.45,0.46,0.54,0.55,0.01,0.01,75801.81,1776728727000
1776728728.914,28.914,0.45,0.46,0.54,0.55,0.01,0.01,75801.81,1776728727000
1776728729.318,29.318,0.46,0.48,0.53,0.54,0.02,0.01,75802.26,1776728728000
1776728729.654,29.654,0.46,0.48,0.52,0.54,0.02,0.02,75802.26,1776728728000
1776728730.052,30.052,0.46,0.48,0.52,0.54,0.02,0.02,75802.98,1776728729000
1776728730.425,30.425,0.46,0.47,0.53,0.54,0.01,0.01,75802.98,1776728729000
1776728730.76,30.76,0.46,0.47,0.53,0.54,0.01,0.01,75802.98,1776728729000
1776728731.135,31.135,0.47,0.48,0.52,0.53,0.01,0.01,75802.15,1776728730000
1776728731.709,31.709,0.47,0.48,0.52,0.53,0.01,0.01,75802.15,1776728730000
1776728732.045,32.045,0.47,0.48,0.52,0.53,0.01,0.01,75802.15,1776728730000
1776728732.935,32.935,0.46,0.47,0.52,0.54,0.01,0.02,75802.15,1776728731000
1776728733.467,33.467,0.46,0.47,0.53,0.54,0.01,0.01,75801.87,1776728732000
1776728734.11,34.11,0.46,0.47,0.53,0.54,0.01,0.01,75801.73,1776728733000
1776728734.488,34.488,0.46,0.47,0.53,0.54,0.01,0.01,75801.73,1776728733000
1776728734.935,34.935,0.46,0.47,0.53,0.54,0.01,0.01,75801.73,1776728733000
1776728736.111,36.111,0.46,0.48,0.52,0.54,0.02,0.02,75801.59,1776728735000
1776728736.51,36.51,0.47,0.48,0.52,0.53,0.01,0.01,75801.59,1776728735000
1776728737.006,37.006,0.47,0.48,0.52,0.53,0.01,0.01,75801.59,1776728735000
1776728737.478,37.478,0.47,0.48,0.52,0.53,0.01,0.01,75801.54,1776728736000
1776728737.932,37.932,0.47,0.48,0.52,0.53,0.01,0.01,75801.54,1776728736000
1776728738.341,38.341,0.47,0.48,0.52,0.53,0.01,0.01,75801.51,1776728737000
1776728738.728,38.728,0.47,0.48,0.52,0.53,0.01,0.01,75801.51,1776728737000
1776728739.606,39.606,0.47,0.48,0.52,0.53,0.01,0.01,75801.7,1776728738000
1776728740.38,40.38,0.47,0.48,0.52,0.53,0.01,0.01,75802.04,1776728739000
1776728740.905,40.905,0.47,0.48,0.52,0.53,0.01,0.01,75802.59,1776728740000
1776728741.629,41.629,0.47,0.48,0.52,0.53,0.01,0.01,75802.59,1776728740000
1776728741.986,41.986,0.47,0.48,0.52,0.53,0.01,0.01,75802.16,1776728741000
1776728742.889,42.889,0.47,0.48,0.52,0.53,0.01,0.01,75802.16,1776728741000
1776728743.431,43.431,0.47,0.48,0.52,0.53,0.01,0.01,75802.17,1776728742000
1776728744.465,44.465,0.47,0.48,0.52,0.53,0.01,0.01,75802.24,1776728743000
1776728744.881,44.881,0.47,0.48,0.52,0.53,0.01,0.01,75802.24,1776728743000
1776728745.297,45.297,0.47,0.48,0.52,0.53,0.01,0.01,75802.24,1776728744000
1776728745.648,45.648,0.47,0.48,0.52,0.53,0.01,0.01,75802.24,1776728744000
1776728746.947,46.947,0.47,0.48,0.52,0.53,0.01,0.01,75803.27,1776728745000
1776728748.189,48.189,0.47,0.48,0.52,0.53,0.01,0.01,75802.06,1776728747000
1776728749.253,49.253,0.47,0.48,0.52,0.53,0.01,0.01,75802.07,1776728748000
1776728750.335,50.335,0.47,0.48,0.52,0.53,0.01,0.01,75802.13,1776728749000
1776728750.874,50.874,0.47,0.48,0.52,0.53,0.01,0.01,75802.14,1776728750000
1776728751.21,51.21,0.47,0.48,0.52,0.53,0.01,0.01,75802.14,1776728750000
1776728752.013,52.013,0.47,0.48,0.52,0.53,0.01,0.01,75802.21,1776728751000
1776728752.74,52.74,0.47,0.48,0.52,0.53,0.01,0.01,75802.21,1776728751000
1776728753.096,53.096,0.47,0.48,0.52,0.53,0.01,0.01,75802.21,1776728752000
1776728753.961,53.961,0.47,0.48,0.52,0.53,0.01,0.01,75802.21,1776728752000
1776728754.532,54.532,0.47,0.48,0.52,0.53,0.01,0.01,75802.21,1776728752000
1776728755.125,55.125,0.47,0.48,0.52,0.53,0.01,0.01,75802.19,1776728753000
1776728755.716,55.716,0.47,0.48,0.52,0.53,0.01,0.01,75801.68,1776728754000
1776728756.244,56.244,0.47,0.48,0.52,0.53,0.01,0.01,75802.34,1776728755000
1776728757.031,57.031,0.47,0.48,0.52,0.53,0.01,0.01,75802.34,1776728755000
1776728757.52,57.52,0.47,0.48,0.52,0.53,0.01,0.01,75802.39,1776728756000
1776728757.94,57.94,0.47,0.49,0.5,0.53,0.02,0.03,75802.39,1776728756000
1776728758.788,58.788,0.49,0.5,0.51,0.53,0.01,0.02,75802.9,1776728757000
1776728759.388,59.388,0.49,0.5,0.5,0.51,0.01,0.01,75802.6,1776728758000
1776728759.867,59.867,0.53,0.55,0.43,0.47,0.02,0.04,75802.6,1776728758000
1776728760.332,60.332,0.55,0.56,0.44,0.45,0.01,0.01,75804.43,1776728759000
1776728760.696,60.696,0.55,0.56,0.44,0.45,0.01,0.01,75804.43,1776728759000
1776728761.229,61.229,0.55,0.56,0.44,0.45,0.01,0.01,75804.5,1776728760000
1776728761.632,61.632,0.55,0.56,0.44,0.45,0.01,0.01,75804.5,1776728760000
1776728761.976,61.976,0.55,0.56,0.44,0.45,0.01,0.01,75804.5,1776728760000
1776728762.357,62.357,0.55,0.56,0.44,0.45,0.01,0.01,75807.1,1776728761000
1776728762.734,62.734,0.55,0.56,0.44,0.45,0.01,0.01,75807.1,1776728761000
1776728763.736,63.736,0.55,0.56,0.44,0.45,0.01,0.01,75808.5,1776728762000
1776728764.226,64.226,0.55,0.56,0.44,0.45,0.01,0.01,75807.29,1776728763000
1776728764.993,64.993,0.55,0.56,0.44,0.45,0.01,0.01,75807.29,1776728763000
1776728765.349,65.349,0.55,0.56,0.44,0.45,0.01,0.01,75807.09,1776728764000
1776728765.761,65.761,0.55,0.56,0.44,0.45,0.01,0.01,75807.09,1776728764000
1776728766.236,66.236,0.55,0.56,0.44,0.45,0.01,0.01,75807.79,1776728765000
1776728766.766,66.766,0.56,0.57,0.42,0.45,0.01,0.03,75807.79,1776728765000
1776728767.106,67.106,0.63,0.64,0.35,0.37,0.01,0.02,75807.79,1776728765000
1776728767.452,67.452,0.63,0.64,0.36,0.37,0.01,0.01,75807.65,1776728766000
1776728767.792,67.792,0.63,0.64,0.36,0.37,0.01,0.01,75807.65,1776728766000
1776728768.156,68.156,0.63,0.64,0.36,0.37,0.01,0.01,75807.65,1776728766000
1776728768.536,68.536,0.63,0.64,0.36,0.37,0.01,0.01,75807.65,1776728766000
1776728768.894,68.894,0.63,0.64,0.36,0.37,0.01,0.01,75808.16,1776728767000
1776728769.262,69.262,0.63,0.64,0.36,0.37,0.01,0.01,75808.16,1776728767000
1776728769.672,69.672,0.63,0.64,0.36,0.37,0.01,0.01,75811.5,1776728768000
1776728770.024,70.024,0.63,0.64,0.36,0.37,0.01,0.01,75811.5,1776728768000
1776728770.418,70.418,0.63,0.64,0.36,0.37,0.01,0.01,75813.13,1776728769000
1776728770.936,70.936,0.63,0.64,0.35,0.37,0.01,0.02,75813.13,1776728769000
1776728771.587,71.587,0.63,0.64,0.36,0.37,0.01,0.01,75813.57,1776728770000
1776728772.155,72.155,0.63,0.64,0.36,0.37,0.01,0.01,75813.66,1776728771000
1776728772.604,72.604,0.63,0.66,0.35,0.37,0.03,0.02,75813.66,1776728771000
1776728772.945,72.945,0.64,0.65,0.33,0.36,0.01,0.03,75813.66,1776728771000
1776728773.481,73.481,0.64,0.65,0.35,0.36,0.01,0.01,75813.52,1776728772000
1776728773.903,73.903,0.63,0.65,0.35,0.36,0.02,0.01,75813.52,1776728772000
1776728774.301,74.301,0.64,0.65,0.35,0.36,0.01,0.01,75815.25,1776728773000
1776728774.646,74.646,0.64,0.65,0.35,0.36,0.01,0.01,75815.25,1776728773000
1776728775.167,75.167,0.64,0.65,0.35,0.36,0.01,0.01,75815.24,1776728774000
1776728775.521,75.521,0.64,0.65,0.35,0.36,0.01,0.01,75815.24,1776728774000
1776728775.917,75.917,0.64,0.65,0.35,0.36,0.01,0.01,75813.45,1776728775000
1776728776.308,76.308,0.64,0.65,0.35,0.36,0.01,0.01,75813.45,1776728775000
1776728776.809,76.809,0.64,0.65,0.35,0.36,0.01,0.01,75813.45,1776728775000
1776728777.154,77.154,0.64,0.65,0.35,0.36,0.01,0.01,75813.48,1776728776000
1776728777.83,77.83,0.64,0.65,0.35,0.36,0.01,0.01,75815.68,1776728777000
1776728778.44,78.44,0.64,0.65,0.35,0.36,0.01,0.01,75815.68,1776728777000
1776728778.879,78.879,0.64,0.65,0.35,0.36,0.01,0.01,75815.68,1776728778000
1776728779.213,79.213,0.64,0.65,0.35,0.36,0.01,0.01,75815.68,1776728778000
1776728779.603,79.603,0.64,0.65,0.35,0.36,0.01,0.01,75815.68,1776728778000
1776728780.12,80.12,0.65,0.66,0.34,0.35,0.01,0.01,75814.86,1776728779000
1776728780.5,80.5,0.65,0.66,0.34,0.35,0.01,0.01,75814.86,1776728779000
1776728781.064,81.064,0.65,0.66,0.34,0.35,0.01,0.01,75814.86,1776728779000
1776728781.612,81.612,0.65,0.66,0.34,0.35,0.01,0.01,75818.35,1776728780000
1776728781.986,81.986,0.65,0.66,0.34,0.35,0.01,0.01,75819.84,1776728781000
1776728782.347,82.347,0.65,0.66,0.34,0.35,0.01,0.01,75819.84,1776728781000
1776728782.806,82.806,0.65,0.66,0.34,0.35,0.01,0.01,75819.84,1776728781000
1776728783.267,83.267,0.65,0.66,0.34,0.35,0.01,0.01,75819.81,1776728782000
1776728783.926,83.926,0.65,0.66,0.34,0.35,0.01,0.01,75819.8,1776728783000
1776728784.825,84.825,0.65,0.66,0.34,0.35,0.01,0.01,75819.8,1776728783000
1776728785.403,85.403,0.65,0.66,0.34,0.35,0.01,0.01,75819.33,1776728784000
1776728785.814,85.814,0.63,0.64,0.36,0.37,0.01,0.01,75819.33,1776728784000
1776728786.178,86.178,0.63,0.64,0.36,0.37,0.01,0.01,75819.33,1776728784000
1776728786.761,86.761,0.63,0.64,0.36,0.37,0.01,0.01,75817.7,1776728785000
1776728787.146,87.146,0.63,0.64,0.36,0.37,0.01,0.01,75817.7,1776728785000
1776728787.507,87.507,0.63,0.64,0.36,0.37,0.01,0.01,75817.7,1776728785000
1776728788.016,88.016,0.63,0.64,0.36,0.37,0.01,0.01,75815.86,1776728786000
1776728788.538,88.538,0.6,0.64,0.36,0.37,0.04,0.01,75815.78,1776728787000
1776728788.871,88.871,0.61,0.62,0.38,0.39,0.01,0.01,75815.78,1776728787000
1776728789.467,89.467,0.61,0.62,0.38,0.39,0.01,0.01,75815.78,1776728787000
1776728789.81,89.81,0.61,0.62,0.38,0.39,0.01,0.01,75816.75,1776728788000
1776728790.197,90.197,0.61,0.62,0.38,0.39,0.01,0.01,75816.75,1776728788000
1776728790.7,90.7,0.61,0.62,0.38,0.39,0.01,0.01,75816.76,1776728789000
1776728791.182,91.182,0.61,0.62,0.38,0.39,0.01,0.01,75816.76,1776728789000
1776728792.269,92.269,0.61,0.62,0.38,0.39,0.01,0.01,75816.85,1776728791000
1776728792.732,92.732,0.61,0.62,0.38,0.39,0.01,0.01,75816.85,1776728791000
1776728793.263,93.263,0.6,0.62,0.38,0.39,0.02,0.01,75816.85,1776728791000
1776728794.131,94.131,0.61,0.62,0.38,0.39,0.01,0.01,75816.39,1776728793000
1776728794.689,94.689,0.58,0.62,0.38,0.42,0.04,0.04,75816.39,1776728793000
1776728795.023,95.023,0.28,0.45,0.55,0.72,0.17,0.17,75816.39,1776728793000
1776728795.363,95.363,0.36,0.42,0.58,0.64,0.06,0.06,75786.86,1776728794000
1776728795.711,95.711,0.38,0.4,0.59,0.64,0.02,0.05,75786.86,1776728794000
1776728796.061,96.061,0.36,0.37,0.63,0.64,0.01,0.01,75786.86,1776728794000
1776728796.394,96.394,0.36,0.37,0.63,0.64,0.01,0.01,75786.86,1776728794000
1776728796.734,96.734,0.35,0.37,0.63,0.65,0.02,0.02,75788.04,1776728795000
1776728797.092,97.092,0.33,0.36,0.66,0.68,0.03,0.02,75788.04,1776728795000
1776728797.428,97.428,0.32,0.34,0.66,0.68,0.02,0.02,75787.64,1776728796000
1776728797.776,97.776,0.32,0.33,0.67,0.68,0.01,0.01,75787.64,1776728796000
1776728798.168,98.168,0.32,0.33,0.67,0.68,0.01,0.01,75787.64,1776728796000
1776728798.695,98.695,0.32,0.33,0.67,0.68,0.01,0.01,75788.04,1776728797000
1776728799.03,99.03,0.32,0.33,0.67,0.68,0.01,0.01,75788.04,1776728797000
1776728799.379,99.379,0.33,0.34,0.66,0.67,0.01,0.01,75788.04,1776728798000
1776728799.719,99.719,0.33,0.34,0.66,0.67,0.01,0.01,75788.04,1776728798000
1776728800.095,100.095,0.31,0.32,0.68,0.69,0.01,0.01,75788.04,1776728798000
1776728800.517,100.517,0.31,0.32,0.68,0.69,0.01,0.01,75788.04,1776728798000
1776728800.879,100.879,0.31,0.32,0.68,0.69,0.01,0.01,75788.04,1776728799000
1776728801.272,101.272,0.31,0.32,0.68,0.69,0.01,0.01,75788.04,1776728799000
1776728801.804,101.804,0.31,0.32,0.68,0.69,0.01,0.01,75788.04,1776728800000
1776728802.159,102.159,0.31,0.32,0.68,0.69,0.01,0.01,75788.04,1776728800000
1776728802.515,102.515,0.31,0.32,0.68,0.69,0.01,0.01,75785.42,1776728801000
1776728802.874,102.874,0.31,0.32,0.68,0.69,0.01,0.01,75785.42,1776728801000
1776728803.228,103.228,0.31,0.32,0.68,0.69,0.01,0.01,75783.97,1776728802000
1776728803.583,103.583,0.31,0.32,0.68,0.69,0.01,0.01,75783.97,1776728802000
1776728804.114,104.114,0.31,0.32,0.68,0.69,0.01,0.01,75783.97,1776728802000
1776728804.747,104.747,0.31,0.32,0.68,0.69,0.01,0.01,75783.63,1776728803000
1776728805.164,105.164,0.31,0.32,0.68,0.69,0.01,0.01,75783.63,1776728803000
1776728805.567,105.567,0.31,0.32,0.68,0.69,0.01,0.01,75783.65,1776728804000
1776728806.092,106.092,0.31,0.32,0.68,0.69,0.01,0.01,75783.65,1776728805000
1776728806.442,106.442,0.31,0.32,0.68,0.69,0.01,0.01,75783.65,1776728805000
1776728807.003,107.003,0.31,0.32,0.68,0.69,0.01,0.01,75782.62,1776728806000
1776728807.482,107.482,0.26,0.28,0.72,0.74,0.02,0.02,75782.62,1776728806000
1776728807.839,107.839,0.26,0.27,0.73,0.74,0.01,0.01,75782.62,1776728806000
1776728808.207,108.207,0.26,0.27,0.73,0.74,0.01,0.01,75782.5,1776728807000
1776728808.567,108.567,0.26,0.27,0.73,0.74,0.01,0.01,75782.5,1776728807000
1776728808.912,108.912,0.26,0.27,0.73,0.74,0.01,0.01,75779.72,1776728808000
1776728809.482,109.482,0.26,0.27,0.73,0.74,0.01,0.01,75779.72,1776728808000
1776728809.87,109.87,0.26,0.27,0.73,0.74,0.01,0.01,75779.66,1776728809000
1776728810.448,110.448,0.26,0.27,0.73,0.74,0.01,0.01,75779.66,1776728809000
1776728810.867,110.867,0.26,0.27,0.73,0.74,0.01,0.01,75779.66,1776728809000
1776728811.511,111.511,0.26,0.27,0.73,0.74,0.01,0.01,75778.3,1776728810000
1776728811.847,111.847,0.27,0.28,0.72,0.73,0.01,0.01,75778.3,1776728810000
1776728812.214,112.214,0.27,0.28,0.72,0.73,0.01,0.01,75778.42,1776728811000
1776728812.592,112.592,0.28,0.3,0.71,0.72,0.02,0.01,75778.42,1776728811000
1776728813.009,113.009,0.29,0.3,0.7,0.71,0.01,0.01,75778.31,1776728812000
1776728813.522,113.522,0.29,0.3,0.7,0.71,0.01,0.01,75778.31,1776728812000
1776728813.882,113.882,0.29,0.3,0.7,0.71,0.01,0.01,75778.31,1776728812000
1776728814.238,114.238,0.29,0.3,0.7,0.71,0.01,0.01,75778.39,1776728813000
1776728815.002,115.002,0.29,0.31,0.7,0.71,0.02,0.01,75778.39,1776728813000
1776728815.375,115.375,0.3,0.31,0.69,0.7,0.01,0.01,75778.39,1776728813000
1776728816.041,116.041,0.3,0.31,0.69,0.7,0.01,0.01,75780.72,1776728814000
1776728816.39,116.39,0.3,0.31,0.69,0.7,0.01,0.01,75781.52,1776728815000
1776728816.841,116.841,0.3,0.31,0.69,0.7,0.01,0.01,75781.52,1776728815000
1776728817.48,117.48,0.3,0.31,0.69,0.7,0.01,0.01,75781.56,1776728816000
1776728817.875,117.875,0.3,0.31,0.69,0.7,0.01,0.01,75781.56,1776728816000
1776728818.506,118.506,0.3,0.32,0.69,0.7,0.02,0.01,75781.58,1776728817000
1776728818.969,118.969,0.32,0.33,0.67,0.68,0.01,0.01,75781.58,1776728817000
1776728819.343,119.343,0.35,0.36,0.64,0.65,0.01,0.01,75781.44,1776728818000
1776728819.682,119.682,0.35,0.36,0.64,0.65,0.01,0.01,75781.44,1776728818000
1776728820.019,120.019,0.38,0.46,0.54,0.62,0.08,0.08,75781.44,1776728818000
1776728820.352,120.352,0.41,0.42,0.58,0.59,0.01,0.01,75781.43,1776728819000
1776728820.806,120.806,0.41,0.44,0.58,0.59,0.03,0.01,75781.43,1776728819000
1776728821.519,121.519,0.41,0.44,0.56,0.59,0.03,0.03,75784.4,1776728820000
1776728821.863,121.863,0.41,0.42,0.56,0.59,0.01,0.03,75784.4,1776728820000
1776728822.218,122.218,0.4,0.41,0.59,0.6,0.01,0.01,75789.76,1776728821000
1776728822.586,122.586,0.4,0.41,0.59,0.6,0.01,0.01,75789.76,1776728821000
1776728823.102,123.102,0.4,0.41,0.59,0.6,0.01,0.01,75789.76,1776728821000
1776728823.521,123.521,0.4,0.41,0.59,0.6,0.01,0.01,75791.75,1776728822000
1776728823.941,123.941,0.4,0.41,0.59,0.6,0.01,0.01,75791.75,1776728822000
1776728824.359,124.359,0.4,0.41,0.59,0.6,0.01,0.01,75791.46,1776728823000
1776728824.805,124.805,0.4,0.41,0.59,0.6,0.01,0.01,75791.46,1776728823000
1776728825.155,125.155,0.4,0.41,0.59,0.6,0.01,0.01,75791.48,1776728824000
1776728825.539,125.539,0.4,0.41,0.59,0.6,0.01,0.01,75791.48,1776728824000
1776728825.888,125.888,0.4,0.41,0.59,0.6,0.01,0.01,75791.48,1776728824000
1776728826.473,126.473,0.4,0.41,0.59,0.6,0.01,0.01,75791.48,1776728824000
1776728827.13,127.13,0.4,0.41,0.59,0.6,0.01,0.01,75791.86,1776728825000
1776728827.485,127.485,0.4,0.41,0.59,0.6,0.01,0.01,75791.88,1776728826000
1776728827.914,127.914,0.4,0.41,0.59,0.6,0.01,0.01,75791.88,1776728826000
1776728828.293,128.293,0.4,0.41,0.59,0.6,0.01,0.01,75791.88,1776728826000
1776728828.737,128.737,0.4,0.41,0.59,0.6,0.01,0.01,75792.03,1776728827000
1776728829.101,129.101,0.47,0.48,0.52,0.53,0.01,0.01,75792.03,1776728827000
1776728829.447,129.447,0.46,0.47,0.53,0.54,0.01,0.01,75792.03,1776728827000
1776728829.975,129.975,0.45,0.46,0.54,0.55,0.01,0.01,75792.36,1776728829000
1776728830.442,130.442,0.45,0.46,0.54,0.55,0.01,0.01,75792.36,1776728829000
1776728830.852,130.852,0.45,0.46,0.54,0.55,0.01,0.01,75792.36,1776728829000
1776728831.283,131.283,0.44,0.45,0.55,0.56,0.01,0.01,75796.37,1776728830000
1776728831.637,131.637,0.44,0.45,0.55,0.56,0.01,0.01,75796.37,1776728830000
1776728832.098,132.098,0.44,0.45,0.55,0.56,0.01,0.01,75796.37,1776728830000
1776728832.51,132.51,0.44,0.45,0.55,0.56,0.01,0.01,75797.32,1776728831000
1776728833.055,133.055,0.44,0.45,0.55,0.56,0.01,0.01,75797.32,1776728831000
1776728833.439,133.439,0.44,0.45,0.55,0.56,0.01,0.01,75798.31,1776728832000
1776728834.083,134.083,0.44,0.45,0.55,0.56,0.01,0.01,75798.31,1776728832000
1776728834.557,134.557,0.44,0.45,0.55,0.56,0.01,0.01,75798.13,1776728833000
1776728834.908,134.908,0.44,0.45,0.55,0.56,0.01,0.01,75798.13,1776728834000
1776728835.401,135.401,0.44,0.45,0.55,0.56,0.01,0.01,75798.13,1776728834000
1776728835.741,135.741,0.44,0.45,0.55,0.56,0.01,0.01,75798.13,1776728834000
1776728836.154,136.154,0.39,0.41,0.57,0.61,0.02,0.04,75797.94,1776728835000
1776728836.514,136.514,0.4,0.41,0.59,0.6,0.01,0.01,75797.94,1776728835000
1776728836.923,136.923,0.39,0.41,0.59,0.6,0.02,0.01,75797.94,1776728835000
1776728837.582,137.582,0.39,0.4,0.6,0.61,0.01,0.01,75797.98,1776728836000
1776728838.148,138.148,0.39,0.4,0.6,0.61,0.01,0.01,75797.98,1776728836000
1776728838.601,138.601,0.39,0.4,0.6,0.61,0.01,0.01,75795.58,1776728837000
1776728838.952,138.952,0.42,0.48,0.52,0.58,0.06,0.06,75795.58,1776728837000
1776728839.304,139.304,0.47,0.48,0.52,0.53,0.01,0.01,75795.58,1776728838000
1776728839.644,139.644,0.51,0.54,0.47,0.49,0.03,0.02,75795.58,1776728838000
1776728839.979,139.979,0.53,0.55,0.45,0.47,0.02,0.02,75795.58,1776728838000
1776728840.313,140.313,0.56,0.57,0.43,0.44,0.01,0.01,75795.33,1776728839000
1776728840.681,140.681,0.56,0.57,0.43,0.44,0.01,0.01,75795.33,1776728839000
1776728841.025,141.025,0.56,0.57,0.43,0.44,0.01,0.01,75795.33,1776728839000
1776728841.405,141.405,0.56,0.57,0.43,0.44,0.01,0.01,75795.33,1776728839000
1776728841.796,141.796,0.56,0.57,0.43,0.44,0.01,0.01,75805.97,1776728840000
1776728842.166,142.166,0.56,0.57,0.43,0.44,0.01,0.01,75807.72,1776728841000
1776728842.681,142.681,0.57,0.58,0.42,0.43,0.01,0.01,75807.72,1776728841000
1776728843.191,143.191,0.57,0.58,0.42,0.43,0.01,0.01,75807.72,1776728841000
1776728843.57,143.57,0.57,0.58,0.42,0.43,0.01,0.01,75807.72,1776728841000
1776728844.014,144.014,0.57,0.58,0.42,0.43,0.01,0.01,75811.2,1776728843000
1776728844.384,144.384,0.57,0.58,0.42,0.43,0.01,0.01,75811.2,1776728843000
1776728844.719,144.719,0.55,0.56,0.42,0.44,0.01,0.02,75811.2,1776728843000
1776728845.158,145.158,0.54,0.55,0.45,0.47,0.01,0.02,75811.2,1776728843000
1776728845.516,145.516,0.53,0.54,0.46,0.47,0.01,0.01,75812.53,1776728844000
1776728845.866,145.866,0.53,0.54,0.46,0.47,0.01,0.01,75812.53,1776728844000
1776728846.374,146.374,0.53,0.54,0.46,0.47,0.01,0.01,75810.73,1776728845000
1776728846.827,146.827,0.53,0.54,0.46,0.47,0.01,0.01,75810.73,1776728845000
1776728847.193,147.193,0.53,0.56,0.46,0.47,0.03,0.01,75810.73,1776728845000
1776728847.728,147.728,0.54,0.55,0.44,0.47,0.01,0.03,75807.95,1776728846000
1776728848.393,148.393,0.54,0.55,0.45,0.46,0.01,0.01,75807.95,1776728847000
1776728848.763,148.763,0.54,0.55,0.45,0.46,0.01,0.01,75807.95,1776728847000
1776728849.22,149.22,0.54,0.55,0.45,0.46,0.01,0.01,75809.09,1776728848000
1776728849.608,149.608,0.54,0.55,0.45,0.46,0.01,0.01,75809.09,1776728848000
1776728850.173,150.173,0.54,0.55,0.45,0.46,0.01,0.01,75807.69,1776728849000
1776728850.586,150.586,0.54,0.55,0.45,0.46,0.01,0.01,75807.69,1776728849000
1776728851.017,151.017,0.49,0.5,0.5,0.51,0.01,0.01,75807.69,1776728849000
1776728851.381,151.381,0.48,0.49,0.51,0.52,0.01,0.01,75807.69,1776728849000
1776728851.758,151.758,0.48,0.49,0.51,0.52,0.01,0.01,75807.69,1776728850000
1776728852.176,152.176,0.48,0.49,0.51,0.52,0.01,0.01,75806.89,1776728851000
1776728852.53,152.53,0.48,0.49,0.51,0.52,0.01,0.01,75806.89,1776728851000
1776728853.01,153.01,0.45,0.46,0.54,0.55,0.01,0.01,75806.89,1776728851000
1776728853.404,153.404,0.45,0.46,0.54,0.55,0.01,0.01,75803.02,1776728852000
1776728853.869,153.869,0.45,0.46,0.54,0.55,0.01,0.01,75803.02,1776728852000
1776728854.28,154.28,0.45,0.46,0.54,0.55,0.01,0.01,75801.24,1776728853000
1776728854.646,154.646,0.46,0.47,0.53,0.54,0.01,0.01,75801.24,1776728853000
1776728855.151,155.151,0.46,0.47,0.53,0.54,0.01,0.01,75801.24,1776728853000
1776728855.548,155.548,0.46,0.47,0.53,0.54,0.01,0.01,75800.48,1776728854000
1776728856.02,156.02,0.46,0.47,0.53,0.54,0.01,0.01,75800.48,1776728854000
1776728856.549,156.549,0.46,0.47,0.53,0.54,0.01,0.01,75802.28,1776728855000
1776728857.019,157.019,0.46,0.47,0.53,0.54,0.01,0.01,75802.28,1776728855000
1776728857.649,157.649,0.46,0.47,0.53,0.54,0.01,0.01,75802.17,1776728856000
1776728858.122,158.122,0.48,0.49,0.51,0.53,0.01,0.02,75802.17,1776728856000
1776728858.458,158.458,0.48,0.49,0.51,0.52,0.01,0.01,75801.77,1776728857000
1776728859.328,159.328,0.48,0.49,0.51,0.52,0.01,0.01,75802.17,1776728858000
1776728859.769,159.769,0.48,0.49,0.51,0.52,0.01,0.01,75802.17,1776728858000
1776728860.102,160.102,0.48,0.49,0.51,0.52,0.01,0.01,75802.17,1776728858000
1776728860.526,160.526,0.49,0.5,0.51,0.52,0.01,0.01,75802.54,1776728859000
1776728861.104,161.104,0.52,0.53,0.47,0.48,0.01,0.01,75802.54,1776728859000
1776728861.494,161.494,0.52,0.53,0.47,0.48,0.01,0.01,75805.18,1776728860000
1776728861.854,161.854,0.52,0.53,0.47,0.48,0.01,0.01,75805.18,1776728860000
1776728862.837,162.837,0.53,0.54,0.46,0.48,0.01,0.02,75805.8,1776728861000
1776728863.37,163.37,0.53,0.54,0.46,0.47,0.01,0.01,75805.8,1776728862000
1776728864.136,164.136,0.53,0.54,0.46,0.47,0.01,0.01,75804.54,1776728863000
1776728864.555,164.555,0.53,0.54,0.46,0.47,0.01,0.01,75804.54,1776728863000
1776728864.963,164.963,0.53,0.54,0.46,0.47,0.01,0.01,75804.54,1776728863000
1776728865.595,165.595,0.53,0.54,0.46,0.47,0.01,0.01,75804.55,1776728864000
1776728866.01,166.01,0.53,0.54,0.46,0.47,0.01,0.01,75804.55,1776728864000
1776728866.359,166.359,0.53,0.54,0.46,0.47,0.01,0.01,75800.3,1776728865000
1776728866.766,166.766,0.53,0.54,0.46,0.47,0.01,0.01,75800.3,1776728865000
1776728867.112,167.112,0.53,0.54,0.46,0.47,0.01,0.01,75803.37,1776728866000
1776728867.466,167.466,0.53,0.54,0.46,0.47,0.01,0.01,75803.37,1776728866000
1776728867.849,167.849,0.54,0.55,0.45,0.46,0.01,0.01,75803.37,1776728866000
1776728868.485,168.485,0.54,0.55,0.45,0.46,0.01,0.01,75803.37,1776728866000
1776728868.959,168.959,0.54,0.55,0.45,0.46,0.01,0.01,75804.67,1776728867000
1776728869.337,169.337,0.54,0.55,0.45,0.46,0.01,0.01,75804.67,1776728868000
1776728869.724,169.724,0.54,0.55,0.45,0.46,0.01,0.01,75804.67,1776728868000
1776728870.215,170.215,0.54,0.55,0.45,0.46,0.01,0.01,75804.67,1776728868000
1776728870.683,170.683,0.54,0.55,0.45,0.46,0.01,0.01,75804.67,1776728868000
1776728871.183,171.183,0.54,0.55,0.45,0.46,0.01,0.01,75804.66,1776728869000
1776728871.981,171.981,0.54,0.55,0.45,0.46,0.01,0.01,75804.47,1776728871000
1776728873.049,173.049,0.54,0.55,0.45,0.46,0.01,0.01,75804.47,1776728871000
1776728873.637,173.637,0.54,0.55,0.45,0.46,0.01,0.01,75804.47,1776728872000
1776728874.039,174.039,0.54,0.55,0.45,0.46,0.01,0.01,75804.47,1776728872000
1776728874.548,174.548,0.54,0.55,0.45,0.46,0.01,0.01,75804.47,1776728872000
1776728874.964,174.964,0.54,0.55,0.45,0.46,0.01,0.01,75804.48,1776728873000
1776728875.348,175.348,0.54,0.55,0.45,0.46,0.01,0.01,75804.48,1776728873000
1776728875.747,175.747,0.54,0.55,0.45,0.46,0.01,0.01,75799.56,1776728874000
1776728876.103,176.103,0.56,0.57,0.43,0.44,0.01,0.01,75799.56,1776728874000
1776728877.165,177.165,0.56,0.57,0.43,0.44,0.01,0.01,75807.01,1776728875000
1776728877.511,177.511,0.56,0.58,0.43,0.44,0.02,0.01,75807.01,1776728875000
1776728877.97,177.97,0.57,0.59,0.42,0.43,0.02,0.01,75807,1776728876000
1776728878.459,178.459,0.57,0.58,0.42,0.43,0.01,0.01,75807,1776728877000
1776728879.169,179.169,0.57,0.58,0.42,0.43,0.01,0.01,75807,1776728877000
1776728879.578,179.578,0.57,0.58,0.42,0.43,0.01,0.01,75808.15,1776728878000
1776728879.986,179.986,0.57,0.58,0.42,0.43,0.01,0.01,75808.15,1776728878000
1776728880.472,180.472,0.57,0.58,0.42,0.43,0.01,0.01,75808.15,1776728878000
1776728880.876,180.876,0.57,0.58,0.42,0.43,0.01,0.01,75808.24,1776728879000
1776728881.294,181.294,0.57,0.58,0.42,0.43,0.01,0.01,75808.45,1776728880000
1776728881.716,181.716,0.57,0.58,0.42,0.43,0.01,0.01,75808.45,1776728880000
1776728882.383,182.383,0.5,0.55,0.45,0.5,0.05,0.05,75803.82,1776728881000
1776728882.815,182.815,0.51,0.52,0.48,0.49,0.01,0.01,75803.82,1776728881000
1776728883.172,183.172,0.5,0.52,0.48,0.5,0.02,0.02,75803.82,1776728882000
1776728883.592,183.592,0.5,0.51,0.48,0.5,0.01,0.02,75803.82,1776728882000
1776728884.347,184.347,0.5,0.51,0.49,0.5,0.01,0.01,75803.82,1776728882000
1776728884.863,184.863,0.5,0.51,0.49,0.5,0.01,0.01,75802.03,1776728883000
1776728885.598,185.598,0.5,0.51,0.49,0.5,0.01,0.01,75800.91,1776728884000
1776728885.946,185.946,0.5,0.51,0.49,0.5,0.01,0.01,75800.91,1776728884000
1776728886.31,186.31,0.5,0.52,0.48,0.5,0.02,0.02,75800.91,1776728885000
1776728886.699,186.699,0.51,0.52,0.48,0.49,0.01,0.01,75800.91,1776728885000
1776728887.158,187.158,0.51,0.52,0.48,0.49,0.01,0.01,75800.91,1776728885000
1776728887.561,187.561,0.52,0.53,0.47,0.48,0.01,0.01,75799.89,1776728886000
1776728887.938,187.938,0.52,0.53,0.47,0.48,0.01,0.01,75799.89,1776728886000
1776728888.414,188.414,0.52,0.53,0.47,0.48,0.01,0.01,75804.02,1776728887000
1776728888.773,188.773,0.52,0.53,0.47,0.48,0.01,0.01,75804.02,1776728887000
1776728889.233,189.233,0.52,0.53,0.47,0.48,0.01,0.01,75807.89,1776728888000
1776728889.629,189.629,0.52,0.53,0.47,0.48,0.01,0.01,75807.89,1776728888000
1776728890.293,190.293,0.52,0.53,0.47,0.48,0.01,0.01,75807.89,1776728888000
1776728890.728,190.728,0.52,0.53,0.47,0.48,0.01,0.01,75805.76,1776728889000
1776728891.179,191.179,0.51,0.52,0.47,0.49,0.01,0.02,75805.76,1776728889000
1776728891.607,191.607,0.51,0.52,0.48,0.49,0.01,0.01,75805.8,1776728890000
1776728892.001,192.001,0.51,0.52,0.48,0.49,0.01,0.01,75805.8,1776728890000
1776728892.796,192.796,0.52,0.53,0.48,0.49,0.01,0.01,75805.49,1776728891000
1776728893.233,193.233,0.52,0.53,0.47,0.48,0.01,0.01,75805.64,1776728892000
1776728894.082,194.082,0.52,0.53,0.47,0.48,0.01,0.01,75805.64,1776728892000
1776728894.489,194.489,0.52,0.54,0.47,0.48,0.02,0.01,75805.64,1776728892000
1776728894.94,194.94,0.53,0.54,0.46,0.48,0.01,0.02,75805.7,1776728893000
1776728895.323,195.323,0.53,0.54,0.46,0.47,0.01,0.01,75805.7,1776728894000
1776728895.723,195.723,0.53,0.54,0.46,0.47,0.01,0.01,75805.7,1776728894000
1776728896.405,196.405,0.53,0.54,0.46,0.47,0.01,0.01,75807.53,1776728895000
1776728896.808,196.808,0.53,0.54,0.46,0.47,0.01,0.01,75807.53,1776728895000
1776728897.339,197.339,0.52,0.54,0.46,0.47,0.02,0.01,75807.53,1776728896000
1776728898.157,198.157,0.53,0.54,0.46,0.48,0.01,0.02,75807.53,1776728896000
1776728898.86,198.86,0.53,0.54,0.46,0.47,0.01,0.01,75807.58,1776728897000
1776728899.324,199.324,0.52,0.53,0.46,0.47,0.01,0.01,75807.58,1776728897000
1776728899.819,199.819,0.52,0.53,0.47,0.48,0.01,0.01,75806.33,1776728898000
1776728900.448,200.448,0.52,0.53,0.47,0.48,0.01,0.01,75806.56,1776728899000
1776728901.387,201.387,0.52,0.53,0.47,0.48,0.01,0.01,75806.67,1776728900000
1776728901.855,201.855,0.52,0.53,0.47,0.48,0.01,0.01,75806.67,1776728900000
1776728902.199,202.199,0.56,0.57,0.41,0.44,0.01,0.03,75806.67,1776728900000
1776728903.311,203.311,0.56,0.57,0.43,0.44,0.01,0.01,75808.1,1776728902000
1776728903.804,203.804,0.58,0.59,0.41,0.42,0.01,0.01,75808.1,1776728902000
1776728904.504,204.504,0.58,0.6,0.41,0.42,0.02,0.01,75808.2,1776728903000
1776728904.844,204.844,0.58,0.65,0.39,0.42,0.07,0.03,75808.2,1776728903000
1776728905.207,205.207,0.63,0.73,0.28,0.37,0.1,0.09,75808.2,1776728903000
1776728905.707,205.707,0.69,0.73,0.27,0.37,0.04,0.1,75825.45,1776728904000
1776728906.07,206.07,0.72,0.76,0.24,0.28,0.04,0.04,75828.12,1776728905000
1776728906.409,206.409,0.72,0.77,0.23,0.28,0.05,0.05,75828.12,1776728905000
1776728906.948,206.948,0.75,0.79,0.21,0.25,0.04,0.04,75828.12,1776728905000
1776728907.388,207.388,0.81,0.84,0.16,0.19,0.03,0.03,75828.12,1776728905000
1776728907.759,207.759,0.83,0.85,0.15,0.17,0.02,0.02,75827.65,1776728906000
1776728908.116,208.116,0.85,0.86,0.14,0.15,0.01,0.01,75827.65,1776728906000
1776728908.476,208.476,0.85,0.86,0.14,0.15,0.01,0.01,75828.38,1776728907000
1776728908.91,208.91,0.86,0.87,0.13,0.14,0.01,0.01,75828.38,1776728907000
1776728909.25,209.25,0.86,0.87,0.13,0.14,0.01,0.01,75828.38,1776728907000
1776728909.71,209.71,0.87,0.88,0.12,0.13,0.01,0.01,75830.65,1776728908000
1776728910.043,210.043,0.87,0.88,0.12,0.13,0.01,0.01,75830.65,1776728908000
1776728910.388,210.388,0.87,0.88,0.12,0.13,0.01,0.01,75831.21,1776728909000
1776728910.806,210.806,0.87,0.88,0.12,0.13,0.01,0.01,75831.21,1776728909000
1776728911.429,211.429,0.87,0.88,0.12,0.13,0.01,0.01,75831.21,1776728909000
1776728911.835,211.835,0.87,0.88,0.12,0.13,0.01,0.01,75832.66,1776728910000
1776728912.187,212.187,0.87,0.88,0.12,0.13,0.01,0.01,75832.63,1776728911000
1776728912.538,212.538,0.87,0.89,0.11,0.13,0.02,0.02,75832.63,1776728911000
1776728913.461,213.461,0.87,0.88,0.12,0.13,0.01,0.01,75832.63,1776728911000
1776728913.808,213.808,0.87,0.88,0.12,0.13,0.01,0.01,75836.6,1776728912000
1776728914.176,214.176,0.87,0.89,0.12,0.13,0.02,0.01,75836.6,1776728912000
1776728914.579,214.579,0.87,0.89,0.11,0.13,0.02,0.02,75834.45,1776728913000
1776728914.928,214.928,0.87,0.88,0.12,0.13,0.01,0.01,75834.45,1776728913000
1776728915.272,215.272,0.87,0.88,0.12,0.13,0.01,0.01,75834.45,1776728913000
1776728915.611,215.611,0.87,0.88,0.12,0.13,0.01,0.01,75834.45,1776728913000
1776728916.105,216.105,0.87,0.88,0.12,0.13,0.01,0.01,75834.55,1776728914000
1776728916.609,216.609,0.87,0.88,0.12,0.13,0.01,0.01,75834.54,1776728915000
1776728917.053,217.053,0.87,0.88,0.12,0.13,0.01,0.01,75834.54,1776728915000
1776728917.44,217.44,0.87,0.88,0.12,0.13,0.01,0.01,75834.54,1776728915000
1776728918.062,218.062,0.87,0.88,0.12,0.13,0.01,0.01,75834.54,1776728915000
1776728918.675,218.675,0.87,0.88,0.12,0.13,0.01,0.01,75836.04,1776728917000
1776728919.022,219.022,0.87,0.88,0.12,0.13,0.01,0.01,75836.04,1776728917000
1776728919.42,219.42,0.88,0.89,0.11,0.13,0.01,0.02,75836.04,1776728917000
1776728919.796,219.796,0.89,0.9,0.1,0.12,0.01,0.02,75836.04,1776728917000
1776728920.221,220.221,0.89,0.9,0.1,0.11,0.01,0.01,75842.08,1776728918000
1776728920.702,220.702,0.89,0.9,0.1,0.11,0.01,0.01,75842.08,1776728918000
1776728921.069,221.069,0.89,0.91,0.1,0.11,0.02,0.01,75843.46,1776728919000
1776728921.491,221.491,0.91,0.92,0.08,0.09,0.01,0.01,75843.46,1776728919000
1776728921.837,221.837,0.91,0.92,0.08,0.09,0.01,0.01,75843.46,1776728920000
1776728922.272,222.272,0.92,0.93,0.07,0.08,0.01,0.01,75843.46,1776728921000
1776728922.907,222.907,0.92,0.93,0.07,0.08,0.01,0.01,75843.46,1776728921000
1776728923.676,223.676,0.92,0.93,0.07,0.08,0.01,0.01,75843.46,1776728921000
1776728924.144,224.144,0.92,0.93,0.07,0.08,0.01,0.01,75843.45,1776728922000
1776728924.569,224.569,0.92,0.93,0.07,0.08,0.01,0.01,75843.45,1776728923000
1776728925.287,225.287,0.92,0.93,0.07,0.08,0.01,0.01,75843.3,1776728924000
1776728926.785,226.785,0.92,0.93,0.07,0.08,0.01,0.01,75843.18,1776728925000
1776728927.383,227.383,0.92,0.93,0.07,0.08,0.01,0.01,75843.43,1776728926000
1776728928.156,228.156,0.92,0.93,0.07,0.08,0.01,0.01,75843.15,1776728927000
1776728928.532,228.532,0.92,0.93,0.07,0.08,0.01,0.01,75843.15,1776728927000
1776728928.936,228.936,0.92,0.94,0.07,0.08,0.02,0.01,75843.15,1776728927000
1776728929.444,229.444,0.92,0.94,0.06,0.08,0.02,0.02,75843.15,1776728927000
1776728929.797,229.797,0.93,0.95,0.06,0.07,0.02,0.01,75845.96,1776728928000
1776728930.139,230.139,0.94,0.95,0.05,0.06,0.01,0.01,75846.31,1776728929000
1776728930.548,230.548,0.94,0.95,0.05,0.06,0.01,0.01,75846.31,1776728929000
1776728930.9,230.9,0.94,0.95,0.05,0.06,0.01,0.01,75846.31,1776728929000
1776728931.426,231.426,0.94,0.95,0.05,0.06,0.01,0.01,75846.31,1776728929000
1776728931.945,231.945,0.94,0.95,0.05,0.06,0.01,0.01,75848.31,1776728930000
1776728932.281,232.281,0.94,0.95,0.05,0.06,0.01,0.01,75849.82,1776728931000
1776728932.67,232.67,0.94,0.95,0.05,0.06,0.01,0.01,75849.82,1776728931000
1776728933.237,233.237,0.94,0.95,0.05,0.06,0.01,0.01,75849.82,1776728931000
1776728933.636,233.636,0.94,0.95,0.05,0.06,0.01,0.01,75850.28,1776728932000
1776728933.992,233.992,0.94,0.95,0.05,0.06,0.01,0.01,75850.28,1776728932000
1776728934.434,234.434,0.94,0.95,0.05,0.06,0.01,0.01,75850.49,1776728933000
1776728934.87,234.87,0.94,0.96,0.05,0.06,0.02,0.01,75850.49,1776728933000
1776728935.22,235.22,0.95,0.96,0.04,0.05,0.01,0.01,75850.49,1776728933000
1776728935.559,235.559,0.95,0.96,0.04,0.05,0.01,0.01,75850.49,1776728933000
1776728935.943,235.943,0.95,0.96,0.04,0.05,0.01,0.01,75850.51,1776728934000
1776728936.291,236.291,0.95,0.96,0.04,0.05,0.01,0.01,75850.51,1776728934000
1776728936.677,236.677,0.95,0.96,0.04,0.05,0.01,0.01,75850.51,1776728934000
1776728937.146,237.146,0.95,0.96,0.04,0.05,0.01,0.01,75851.39,1776728935000
1776728937.51,237.51,0.95,0.96,0.04,0.05,0.01,0.01,75852.59,1776728936000
1776728938.143,238.143,0.95,0.96,0.04,0.05,0.01,0.01,75852.59,1776728936000
1776728938.506,238.506,0.95,0.96,0.04,0.05,0.01,0.01,75853.82,1776728937000
1776728938.858,238.858,0.95,0.96,0.04,0.05,0.01,0.01,75853.82,1776728937000
1776728939.266,239.266,0.95,0.96,0.04,0.05,0.01,0.01,75853.82,1776728937000
1776728939.645,239.645,0.95,0.96,0.04,0.05,0.01,0.01,75853.86,1776728938000
1776728940.076,240.076,0.96,0.97,0.03,0.04,0.01,0.01,75853.86,1776728938000
1776728940.71,240.71,0.96,0.97,0.03,0.04,0.01,0.01,75852.62,1776728939000
1776728941.059,241.059,0.96,0.97,0.03,0.04,0.01,0.01,75852.62,1776728939000
1776728941.437,241.437,0.96,0.97,0.03,0.04,0.01,0.01,75853.91,1776728940000
1776728941.772,241.772,0.96,0.97,0.03,0.04,0.01,0.01,75853.91,1776728940000
1776728942.205,242.205,0.96,0.97,0.03,0.04,0.01,0.01,75853.91,1776728940000
1776728942.607,242.607,0.96,0.97,0.03,0.04,0.01,0.01,75853.91,1776728941000
1776728942.946,242.946,0.96,0.97,0.03,0.04,0.01,0.01,75853.91,1776728941000
1776728943.425,243.425,0.96,0.97,0.03,0.04,0.01,0.01,75853.91,1776728941000
1776728943.807,243.807,0.96,0.97,0.03,0.04,0.01,0.01,75853.88,1776728942000
1776728944.391,244.391,0.96,0.97,0.03,0.04,0.01,0.01,75853.88,1776728943000
1776728944.729,244.729,0.96,0.97,0.03,0.04,0.01,0.01,75853.88,1776728943000
1776728945.216,245.216,0.96,0.97,0.03,0.04,0.01,0.01,75853.89,1776728944000
1776728945.676,245.676,0.96,0.97,0.03,0.04,0.01,0.01,75853.89,1776728944000
1776728946.274,246.274,0.96,0.97,0.03,0.04,0.01,0.01,75853.89,1776728944000
1776728946.869,246.869,0.96,0.97,0.03,0.04,0.01,0.01,75852.71,1776728945000
1776728947.232,247.232,0.96,0.97,0.03,0.04,0.01,0.01,75852.49,1776728946000
1776728947.62,247.62,0.96,0.97,0.03,0.04,0.01,0.01,75852.49,1776728946000
1776728948.325,248.325,0.96,0.97,0.03,0.04,0.01,0.01,75853.93,1776728947000
1776728948.741,248.741,0.96,0.97,0.03,0.04,0.01,0.01,75853.93,1776728947000
1776728949.237,249.237,0.96,0.97,0.03,0.04,0.01,0.01,75853.93,1776728947000
1776728949.622,249.622,0.96,0.97,0.03,0.04,0.01,0.01,75852.89,1776728948000
1776728949.979,249.979,0.96,0.97,0.03,0.04,0.01,0.01,75852.89,1776728948000
1776728950.35,250.35,0.96,0.97,0.03,0.04,0.01,0.01,75852.89,1776728949000
1776728950.87,250.87,0.96,0.97,0.03,0.04,0.01,0.01,75852.89,1776728949000
1776728951.243,251.243,0.96,0.97,0.03,0.04,0.01,0.01,75852.89,1776728949000
1776728951.67,251.67,0.96,0.97,0.03,0.04,0.01,0.01,75852.89,1776728949000
1776728952.215,252.215,0.96,0.97,0.03,0.04,0.01,0.01,75853.87,1776728951000
1776728952.609,252.609,0.96,0.97,0.03,0.04,0.01,0.01,75853.87,1776728951000
1776728952.943,252.943,0.96,0.97,0.03,0.04,0.01,0.01,75853.87,1776728951000
1776728953.328,253.328,0.96,0.97,0.03,0.04,0.01,0.01,75854.13,1776728952000
1776728954.28,254.28,0.96,0.97,0.03,0.04,0.01,0.01,75854.31,1776728953000
1776728954.671,254.671,0.96,0.97,0.03,0.04,0.01,0.01,75854.31,1776728953000
1776728955.043,255.043,0.96,0.97,0.03,0.04,0.01,0.01,75854.31,1776728953000
1776728955.386,255.386,0.96,0.97,0.03,0.04,0.01,0.01,75854.2,1776728954000
1776728955.908,255.908,0.96,0.98,0.03,0.04,0.02,0.01,75854.2,1776728954000
1776728956.25,256.25,0.97,0.98,0.02,0.03,0.01,0.01,75854.2,1776728955000
1776728956.588,256.588,0.97,0.98,0.02,0.03,0.01,0.01,75854.2,1776728955000
1776728957.007,257.007,0.97,0.98,0.02,0.03,0.01,0.01,75854.31,1776728956000
1776728957.478,257.478,0.97,0.98,0.02,0.03,0.01,0.01,75854.31,1776728956000
1776728957.846,257.846,0.97,0.98,0.02,0.03,0.01,0.01,75854.31,1776728956000
1776728958.193,258.193,0.97,0.98,0.02,0.03,0.01,0.01,75855.18,1776728957000
1776728958.569,258.569,0.97,0.98,0.02,0.03,0.01,0.01,75855.18,1776728957000
1776728958.987,258.987,0.97,0.98,0.02,0.03,0.01,0.01,75855.68,1776728958000
1776728959.634,259.634,0.97,0.98,0.02,0.03,0.01,0.01,75855.68,1776728958000
1776728960.217,260.217,0.97,0.98,0.02,0.03,0.01,0.01,75853.73,1776728959000
1776728960.612,260.612,0.97,0.98,0.02,0.03,0.01,0.01,75853.73,1776728959000
1776728961.076,261.076,0.97,0.98,0.02,0.03,0.01,0.01,75853.73,1776728959000
1776728961.433,261.433,0.97,0.98,0.02,0.03,0.01,0.01,75853.73,1776728960000
1776728961.77,261.77,0.97,0.98,0.02,0.03,0.01,0.01,75853.73,1776728960000
1776728962.258,262.258,0.98,0.99,0.01,0.03,0.01,0.02,75853.45,1776728961000
1776728962.609,262.609,0.98,0.99,0.01,0.02,0.01,0.01,75853.45,1776728961000
1776728963.163,263.163,0.98,0.99,0.01,0.02,0.01,0.01,75865.2,1776728962000
1776728963.569,263.569,0.98,0.99,0.01,0.02,0.01,0.01,75865.2,1776728962000
1776728964.094,264.094,0.98,0.99,0.01,0.02,0.01,0.01,75865.2,1776728962000
1776728964.549,264.549,0.98,0.99,0.01,0.02,0.01,0.01,75868.84,1776728963000
1776728964.962,264.962,0.98,0.99,0.01,0.02,0.01,0.01,75868.84,1776728963000
1776728965.399,265.399,0.98,0.99,0.01,0.02,0.01,0.01,75868.84,1776728963000
1776728965.872,265.872,0.98,0.99,0.01,0.02,0.01,0.01,75869.52,1776728964000
1776728966.235,266.235,0.99,0.99,0.01,0.01,0.0,0.0,75869.41,1776728965000
1776728966.599,266.599,0.99,0.99,0.01,0.01,0.0,0.0,75869.41,1776728965000
1776728967.111,267.111,0.99,0.99,0.01,0.01,0.0,0.0,75869.77,1776728966000
1776728967.583,267.583,0.99,0.99,0.01,0.01,0.0,0.0,75869.77,1776728966000
1776728968.361,268.361,0.99,0.99,0.01,0.01,0.0,0.0,75888.57,1776728967000
1776728969.287,269.287,0.99,0.99,0.01,0.01,0.0,0.0,75888.57,1776728967000
1776728970.556,270.556,0.99,0.99,0.01,0.01,0.0,0.0,75898.73,1776728968000
1776728970.934,270.934,0.99,0.99,0.01,0.01,0.0,0.0,75895.34,1776728970000
1776728972.1,272.1,0.99,0.99,0.01,0.01,0.0,0.0,75895.3,1776728971000
1776728972.973,272.973,0.99,0.99,0.01,0.01,0.0,0.0,75895.3,1776728971000
1776728974.15,274.15,0.99,0.99,0.01,0.01,0.0,0.0,75897.77,1776728972000
1776728974.539,274.539,0.99,0.99,0.01,0.01,0.0,0.0,75900.21,1776728973000
1776728975.336,275.336,0.99,0.99,0.01,0.01,0.0,0.0,75900.42,1776728974000
1776728975.854,275.854,0.99,0.99,0.01,0.01,0.0,0.0,75900.42,1776728974000
1776728976.374,276.374,0.99,0.99,0.01,0.01,0.0,0.0,75904.38,1776728975000
1776728976.787,276.787,0.99,0.99,0.01,0.01,0.0,0.0,75904.38,1776728975000
1776728978.436,278.436,0.99,0.99,0.01,0.01,0.0,0.0,75904.01,1776728976000
1776728979.532,279.532,0.99,0.99,0.01,0.01,0.0,0.0,75897.72,1776728977000
1776728980.458,280.458,0.99,0.99,0.01,0.01,0.0,0.0,75894.15,1776728979000
1776728981.378,281.378,0.99,0.99,0.01,0.01,0.0,0.0,75893.74,1776728980000
1776728982.247,282.247,0.99,0.99,0.01,0.01,0.0,0.0,75893.74,1776728981000
1776728983.836,283.836,0.99,0.99,0.01,0.01,0.0,0.0,75893.06,1776728982000
1776728984.373,284.373,0.99,0.99,0.01,0.01,0.0,0.0,75893.36,1776728983000
1776728985.027,285.027,0.99,0.99,0.01,0.01,0.0,0.0,75893.45,1776728984000
1776728985.607,285.607,0.99,0.99,0.01,0.01,0.0,0.0,75893.45,1776728984000
1776728986.325,286.325,0.99,0.99,0.01,0.01,0.0,0.0,75893.45,1776728985000
1776728987.007,287.007,0.99,0.99,0.01,0.01,0.0,0.0,75892.94,1776728986000
1776728988.65,288.65,0.99,0.99,0.01,0.01,0.0,0.0,75891.58,1776728987000
1776728989.382,289.382,0.99,0.99,0.01,0.01,0.0,0.0,75891.26,1776728988000
1776728990.327,290.327,0.99,0.99,0.01,0.01,0.0,0.0,75891.26,1776728989000
1776728991.637,291.637,0.99,0.99,0.01,0.01,0.0,0.0,75891.26,1776728989000
1776728992.49,292.49,0.99,0.99,0.01,0.01,0.0,0.0,75887.11,1776728991000
1776728993.135,293.135,0.99,0.99,0.01,0.01,0.0,0.0,75886.84,1776728992000
1776728994.39,294.39,0.99,0.99,0.01,0.01,0.0,0.0,75886.72,1776728993000
1776728995.12,295.12,0.99,0.99,0.01,0.01,0.0,0.0,75886.71,1776728994000
1776728996.639,296.639,0.99,0.99,0.01,0.01,0.0,0.0,75885.61,1776728995000
1776728997.602,297.602,0.99,0.99,0.01,0.01,0.0,0.0,75885.61,1776728995000
1776728998.114,298.114,0.99,0.99,0.01,0.01,0.0,0.0,75885.02,1776728996000
1776728999.391,299.391,0.99,0.99,0.01,0.01,0.0,0.0,75885.58,1776728998000
1776728999.93,299.93,0.99,0.99,0.01,0.01,0.0,0.0,75885.58,1776728999000
1776729000.418,300.418,0.99,0.99,0.01,0.01,0.0,0.0,75885.58,1776728999000
1776729001.028,301.028,0.99,0.99,0.01,0.01,0.0,0.0,75885.44,1776729000000

# RESULT,winner=Up,slug=btc-updown-5m-1776728700,ticks=602
