timestamp,elapsed_sec,up_bid,up_ask,down_bid,down_ask,up_spread,down_spread,btc_price,btc_oracle_ts
1777043100.685,0.685,0.52,0.53,0.48,0.49,0.01,0.01,77881.47,1777043099000
1777043101.045,1.045,0.51,0.54,0.47,0.49,0.03,0.02,77881.47,1777043099000
1777043101.516,1.516,0.51,0.54,0.46,0.49,0.03,0.03,77879.92,1777043100000
1777043101.861,1.861,0.47,0.48,0.52,0.53,0.01,0.01,77879.92,1777043100000
1777043102.243,2.243,0.45,0.46,0.53,0.54,0.01,0.01,77879.92,1777043100000
1777043102.783,2.783,0.45,0.46,0.54,0.55,0.01,0.01,77879.82,1777043101000
1777043103.416,3.416,0.45,0.46,0.54,0.55,0.01,0.01,77879.45,1777043102000
1777043103.786,3.786,0.45,0.46,0.54,0.55,0.01,0.01,77879.45,1777043102000
1777043104.393,4.393,0.45,0.46,0.54,0.55,0.01,0.01,77867.14,1777043103000
1777043104.739,4.739,0.45,0.46,0.54,0.55,0.01,0.01,77867.14,1777043103000
1777043105.082,5.082,0.45,0.46,0.54,0.55,0.01,0.01,77867.14,1777043103000
1777043105.461,5.461,0.42,0.46,0.54,0.58,0.04,0.04,77857.12,1777043104000
1777043105.796,5.796,0.42,0.43,0.57,0.58,0.01,0.01,77857.12,1777043104000
1777043106.234,6.234,0.42,0.43,0.57,0.58,0.01,0.01,77857.12,1777043104000
1777043106.596,6.596,0.4,0.42,0.58,0.59,0.02,0.01,77856.51,1777043105000
1777043107.067,7.067,0.4,0.41,0.59,0.6,0.01,0.01,77856.51,1777043105000
1777043107.428,7.428,0.4,0.41,0.59,0.6,0.01,0.01,77856.51,1777043105000
1777043107.87,7.87,0.39,0.41,0.59,0.6,0.02,0.01,77856.51,1777043105000
1777043108.482,8.482,0.39,0.41,0.59,0.61,0.02,0.02,77858.89,1777043106000
1777043108.903,8.903,0.39,0.41,0.59,0.61,0.02,0.02,77854.94,1777043107000
1777043109.431,9.431,0.39,0.4,0.6,0.61,0.01,0.01,77854.94,1777043107000
1777043109.793,9.793,0.39,0.4,0.6,0.61,0.01,0.01,77854.94,1777043107000
1777043110.153,10.153,0.39,0.4,0.6,0.61,0.01,0.01,77855.01,1777043109000
1777043110.592,10.592,0.39,0.4,0.6,0.61,0.01,0.01,77855.01,1777043109000
1777043110.933,10.933,0.39,0.4,0.6,0.61,0.01,0.01,77855.01,1777043109000
1777043111.296,11.296,0.38,0.39,0.6,0.62,0.01,0.02,77855.01,1777043109000
1777043111.778,11.778,0.38,0.39,0.61,0.62,0.01,0.01,77853.53,1777043110000
1777043112.172,12.172,0.39,0.4,0.6,0.62,0.01,0.02,77853.53,1777043110000
1777043112.524,12.524,0.39,0.4,0.6,0.61,0.01,0.01,77854.15,1777043111000
1777043112.881,12.881,0.39,0.4,0.6,0.61,0.01,0.01,77854.15,1777043111000
1777043113.22,13.22,0.39,0.4,0.6,0.61,0.01,0.01,77854.15,1777043111000
1777043113.73,13.73,0.38,0.4,0.6,0.62,0.02,0.02,77854.28,1777043112000
1777043114.076,14.076,0.38,0.39,0.61,0.62,0.01,0.01,77854.28,1777043112000
1777043114.647,14.647,0.38,0.39,0.61,0.62,0.01,0.01,77855.11,1777043113000
1777043115.02,15.02,0.38,0.39,0.61,0.62,0.01,0.01,77855.11,1777043113000
1777043115.919,15.919,0.38,0.39,0.61,0.62,0.01,0.01,77854.63,1777043114000
1777043116.279,16.279,0.38,0.39,0.61,0.62,0.01,0.01,77854.63,1777043114000
1777043116.749,16.749,0.38,0.39,0.61,0.62,0.01,0.01,77854.09,1777043115000
1777043117.372,17.372,0.38,0.39,0.61,0.62,0.01,0.01,77854.67,1777043116000
1777043117.855,17.855,0.38,0.39,0.61,0.62,0.01,0.01,77854.67,1777043116000
1777043118.188,18.188,0.36,0.38,0.62,0.64,0.02,0.02,77854.67,1777043116000
1777043118.525,18.525,0.32,0.37,0.63,0.68,0.05,0.05,77854.67,1777043116000
1777043118.872,18.872,0.32,0.35,0.66,0.68,0.03,0.02,77842.36,1777043117000
1777043119.216,19.216,0.33,0.34,0.66,0.67,0.01,0.01,77842.36,1777043117000
1777043119.558,19.558,0.31,0.33,0.67,0.69,0.02,0.02,77842.36,1777043117000
1777043119.926,19.926,0.3,0.31,0.69,0.7,0.01,0.01,77831.62,1777043118000
1777043120.338,20.338,0.3,0.31,0.69,0.7,0.01,0.01,77831.62,1777043118000
1777043120.715,20.715,0.3,0.31,0.69,0.7,0.01,0.01,77832.5,1777043119000
1777043121.26,21.26,0.3,0.31,0.69,0.7,0.01,0.01,77832.5,1777043119000
1777043121.637,21.637,0.3,0.31,0.69,0.7,0.01,0.01,77832.5,1777043119000
1777043121.998,21.998,0.3,0.31,0.69,0.7,0.01,0.01,77830.24,1777043120000
1777043122.349,22.349,0.3,0.32,0.69,0.7,0.02,0.01,77830.24,1777043120000
1777043122.818,22.818,0.3,0.31,0.69,0.7,0.01,0.01,77830.32,1777043121000
1777043123.161,23.161,0.3,0.31,0.67,0.7,0.01,0.03,77830.32,1777043121000
1777043123.499,23.499,0.27,0.3,0.7,0.73,0.03,0.03,77830.32,1777043121000
1777043123.844,23.844,0.26,0.27,0.73,0.74,0.01,0.01,77830.32,1777043121000
1777043124.212,24.212,0.25,0.26,0.73,0.75,0.01,0.02,77829.15,1777043122000
1777043124.548,24.548,0.23,0.25,0.75,0.77,0.02,0.02,77829.15,1777043122000
1777043124.979,24.979,0.24,0.25,0.75,0.76,0.01,0.01,77829.15,1777043122000
1777043125.907,25.907,0.24,0.26,0.74,0.76,0.02,0.02,77829.15,1777043122000
1777043126.302,26.302,0.24,0.26,0.74,0.76,0.02,0.02,77815.55,1777043123000
1777043126.711,26.711,0.24,0.26,0.74,0.76,0.02,0.02,77801.43,1777043125000
1777043127.558,27.558,0.24,0.25,0.75,0.76,0.01,0.01,77808.66,1777043126000
1777043127.895,27.895,0.24,0.25,0.74,0.76,0.01,0.02,77808.66,1777043126000
1777043128.329,28.329,0.24,0.25,0.75,0.76,0.01,0.01,77810.27,1777043127000
1777043128.668,28.668,0.24,0.25,0.75,0.76,0.01,0.01,77810.27,1777043127000
1777043129.006,29.006,0.24,0.25,0.75,0.76,0.01,0.01,77810.27,1777043127000
1777043129.378,29.378,0.24,0.25,0.75,0.76,0.01,0.01,77810.27,1777043127000
1777043129.711,29.711,0.24,0.27,0.73,0.76,0.03,0.03,77808.48,1777043128000
1777043130.055,30.055,0.25,0.27,0.73,0.75,0.02,0.02,77808.67,1777043129000
1777043130.403,30.403,0.26,0.27,0.72,0.74,0.01,0.02,77808.67,1777043129000
1777043130.999,30.999,0.27,0.28,0.72,0.73,0.01,0.01,77815.35,1777043130000
1777043131.346,31.346,0.27,0.28,0.72,0.73,0.01,0.01,77815.35,1777043130000
1777043131.843,31.843,0.27,0.28,0.71,0.73,0.01,0.02,77815.35,1777043130000
1777043132.239,32.239,0.27,0.29,0.71,0.73,0.02,0.02,77815.35,1777043130000
1777043132.643,32.643,0.27,0.29,0.71,0.73,0.02,0.02,77822.73,1777043131000
1777043132.99,32.99,0.27,0.3,0.7,0.73,0.03,0.03,77822.73,1777043131000
1777043133.36,33.36,0.27,0.3,0.7,0.73,0.03,0.03,77822.73,1777043131000
1777043133.694,33.694,0.28,0.3,0.7,0.72,0.02,0.02,77828.87,1777043132000
1777043134.043,34.043,0.28,0.3,0.7,0.73,0.02,0.03,77828.87,1777043132000
1777043134.377,34.377,0.28,0.3,0.7,0.72,0.02,0.02,77828.87,1777043132000
1777043134.716,34.716,0.27,0.29,0.71,0.73,0.02,0.02,77828.87,1777043132000
1777043135.074,35.074,0.26,0.27,0.73,0.74,0.01,0.01,77828.87,1777043132000
1777043135.526,35.526,0.26,0.27,0.73,0.74,0.01,0.01,77818.63,1777043134000
1777043135.877,35.877,0.25,0.27,0.73,0.75,0.02,0.02,77818.63,1777043134000
1777043137.107,37.107,0.25,0.27,0.73,0.75,0.02,0.02,77811.8,1777043135000
1777043137.454,37.454,0.25,0.26,0.74,0.75,0.01,0.01,77811.8,1777043135000
1777043138.338,38.338,0.25,0.26,0.74,0.75,0.01,0.01,77811.29,1777043136000
1777043138.782,38.782,0.25,0.26,0.74,0.75,0.01,0.01,77801.82,1777043137000
1777043139.2,39.2,0.24,0.26,0.75,0.76,0.02,0.01,77799.69,1777043138000
1777043139.612,39.612,0.21,0.22,0.78,0.79,0.01,0.01,77799.69,1777043138000
1777043139.966,39.966,0.23,0.25,0.75,0.77,0.02,0.02,77799.69,1777043138000
1777043140.36,40.36,0.23,0.24,0.76,0.77,0.01,0.01,77804.27,1777043139000
1777043140.695,40.695,0.23,0.24,0.76,0.77,0.01,0.01,77804.27,1777043139000
1777043141.039,41.039,0.22,0.24,0.76,0.77,0.02,0.01,77804.27,1777043139000
1777043141.434,41.434,0.21,0.22,0.78,0.79,0.01,0.01,77804.27,1777043139000
1777043141.941,41.941,0.21,0.22,0.78,0.79,0.01,0.01,77807.23,1777043140000
1777043142.358,42.358,0.2,0.22,0.78,0.8,0.02,0.02,77807.23,1777043140000
1777043142.896,42.896,0.2,0.21,0.79,0.8,0.01,0.01,77801.07,1777043141000
1777043143.322,43.322,0.2,0.21,0.79,0.8,0.01,0.01,77796.31,1777043142000
1777043144.684,44.684,0.2,0.21,0.79,0.8,0.01,0.01,77796.31,1777043142000
1777043145.078,45.078,0.2,0.21,0.79,0.8,0.01,0.01,77785.4,1777043143000
1777043145.58,45.58,0.2,0.21,0.79,0.8,0.01,0.01,77778.17,1777043144000
1777043146.125,46.125,0.19,0.2,0.8,0.83,0.01,0.03,77778.17,1777043144000
1777043146.591,46.591,0.2,0.21,0.79,0.8,0.01,0.01,77778.17,1777043144000
1777043146.935,46.935,0.18,0.19,0.81,0.82,0.01,0.01,77778.17,1777043144000
1777043147.281,47.281,0.18,0.2,0.8,0.82,0.02,0.02,77777.63,1777043145000
1777043147.66,47.66,0.19,0.2,0.8,0.81,0.01,0.01,77777.63,1777043145000
1777043148.0,48.0,0.19,0.2,0.8,0.81,0.01,0.01,77779.06,1777043146000
1777043148.587,48.587,0.19,0.2,0.8,0.81,0.01,0.01,77780.92,1777043147000
1777043148.983,48.983,0.19,0.2,0.8,0.81,0.01,0.01,77780.92,1777043147000
1777043149.595,49.595,0.19,0.2,0.8,0.81,0.01,0.01,77788.16,1777043148000
1777043150.024,50.024,0.19,0.2,0.8,0.81,0.01,0.01,77788.16,1777043148000
1777043150.358,50.358,0.19,0.2,0.8,0.81,0.01,0.01,77788.28,1777043149000
1777043150.747,50.747,0.19,0.2,0.8,0.81,0.01,0.01,77788.28,1777043149000
1777043151.241,51.241,0.19,0.2,0.8,0.81,0.01,0.01,77788.28,1777043149000
1777043151.624,51.624,0.19,0.2,0.8,0.81,0.01,0.01,77790.3,1777043150000
1777043151.975,51.975,0.18,0.19,0.81,0.82,0.01,0.01,77790.3,1777043150000
1777043152.401,52.401,0.18,0.19,0.81,0.82,0.01,0.01,77789.91,1777043151000
1777043152.854,52.854,0.17,0.19,0.81,0.82,0.02,0.01,77789.91,1777043151000
1777043153.296,53.296,0.18,0.19,0.81,0.84,0.01,0.03,77789.91,1777043151000
1777043153.837,53.837,0.18,0.19,0.81,0.82,0.01,0.01,77789.04,1777043152000
1777043154.172,54.172,0.17,0.19,0.81,0.82,0.02,0.01,77789.04,1777043152000
1777043154.691,54.691,0.17,0.19,0.81,0.83,0.02,0.02,77785.95,1777043153000
1777043155.117,55.117,0.17,0.19,0.81,0.83,0.02,0.02,77786.56,1777043154000
1777043155.967,55.967,0.17,0.18,0.81,0.83,0.01,0.02,77786.56,1777043154000
1777043156.44,56.44,0.17,0.18,0.82,0.83,0.01,0.01,77786.71,1777043155000
1777043157.024,57.024,0.17,0.18,0.82,0.83,0.01,0.01,77786.71,1777043155000
1777043157.398,57.398,0.17,0.18,0.82,0.83,0.01,0.01,77786.71,1777043155000
1777043157.751,57.751,0.17,0.18,0.82,0.83,0.01,0.01,77783.86,1777043156000
1777043158.175,58.175,0.17,0.18,0.82,0.83,0.01,0.01,77783.86,1777043156000
1777043158.577,58.577,0.16,0.17,0.83,0.84,0.01,0.01,77783.86,1777043156000
1777043158.955,58.955,0.15,0.17,0.83,0.84,0.02,0.01,77779.08,1777043157000
1777043159.535,59.535,0.15,0.16,0.83,0.85,0.01,0.02,77779.08,1777043157000
1777043159.962,59.962,0.15,0.16,0.84,0.85,0.01,0.01,77779.45,1777043158000
1777043160.543,60.543,0.15,0.16,0.84,0.85,0.01,0.01,77779.56,1777043159000
1777043161.389,61.389,0.15,0.16,0.84,0.85,0.01,0.01,77779.56,1777043159000
1777043161.772,61.772,0.15,0.16,0.84,0.85,0.01,0.01,77775.06,1777043160000
1777043162.223,62.223,0.14,0.15,0.84,0.86,0.01,0.02,77775.06,1777043160000
1777043162.62,62.62,0.14,0.16,0.84,0.86,0.02,0.02,77775.06,1777043160000
1777043162.966,62.966,0.14,0.15,0.85,0.86,0.01,0.01,77775.06,1777043160000
1777043163.402,63.402,0.13,0.14,0.86,0.87,0.01,0.01,77768.99,1777043161000
1777043163.771,63.771,0.13,0.14,0.86,0.87,0.01,0.01,77768.99,1777043161000
1777043164.153,64.153,0.12,0.13,0.87,0.88,0.01,0.01,77768.99,1777043161000
1777043164.575,64.575,0.12,0.13,0.87,0.88,0.01,0.01,77768.99,1777043161000
1777043165.086,65.086,0.11,0.12,0.87,0.89,0.01,0.02,77768.6,1777043163000
1777043165.589,65.589,0.11,0.12,0.88,0.89,0.01,0.01,77768.6,1777043163000
1777043166.29,66.29,0.11,0.12,0.88,0.89,0.01,0.01,77758.4,1777043165000
1777043167.256,67.256,0.11,0.12,0.88,0.89,0.01,0.01,77754.61,1777043166000
1777043167.923,67.923,0.11,0.12,0.88,0.89,0.01,0.01,77754.61,1777043166000
1777043168.31,68.31,0.11,0.12,0.88,0.89,0.01,0.01,77754.61,1777043166000
1777043168.643,68.643,0.11,0.12,0.88,0.89,0.01,0.01,77739.02,1777043167000
1777043169.059,69.059,0.1,0.11,0.89,0.9,0.01,0.01,77739.02,1777043167000
1777043169.397,69.397,0.1,0.11,0.89,0.9,0.01,0.01,77739.02,1777043167000
1777043169.735,69.735,0.1,0.11,0.89,0.9,0.01,0.01,77733.28,1777043168000
1777043170.093,70.093,0.09,0.1,0.9,0.91,0.01,0.01,77733.28,1777043168000
1777043170.463,70.463,0.09,0.1,0.9,0.91,0.01,0.01,77733.28,1777043168000
1777043170.861,70.861,0.08,0.09,0.91,0.92,0.01,0.01,77733.28,1777043168000
1777043171.301,71.301,0.07,0.08,0.91,0.93,0.01,0.02,77735.46,1777043169000
1777043171.79,71.79,0.07,0.08,0.92,0.93,0.01,0.01,77734.95,1777043170000
1777043172.201,72.201,0.07,0.08,0.92,0.93,0.01,0.01,77721.61,1777043171000
1777043172.993,72.993,0.07,0.08,0.92,0.93,0.01,0.01,77721.61,1777043171000
1777043173.422,73.422,0.07,0.08,0.92,0.93,0.01,0.01,77717.69,1777043172000
1777043173.78,73.78,0.07,0.08,0.92,0.93,0.01,0.01,77717.69,1777043172000
1777043174.292,74.292,0.07,0.08,0.92,0.93,0.01,0.01,77717.69,1777043172000
1777043174.673,74.673,0.07,0.08,0.92,0.93,0.01,0.01,77711.2,1777043173000
1777043175.098,75.098,0.06,0.08,0.92,0.94,0.02,0.02,77711.2,1777043173000
1777043175.447,75.447,0.07,0.08,0.92,0.93,0.01,0.01,77718.64,1777043174000
1777043176.087,76.087,0.07,0.08,0.92,0.93,0.01,0.01,77718.64,1777043174000
1777043176.464,76.464,0.07,0.08,0.92,0.93,0.01,0.01,77718.64,1777043174000
1777043176.844,76.844,0.07,0.08,0.92,0.93,0.01,0.01,77725.3,1777043175000
1777043177.305,77.305,0.07,0.08,0.92,0.93,0.01,0.01,77725.41,1777043176000
1777043177.72,77.72,0.07,0.08,0.92,0.95,0.01,0.03,77725.41,1777043176000
1777043178.054,78.054,0.07,0.08,0.92,0.93,0.01,0.01,77725.41,1777043176000
1777043178.393,78.393,0.07,0.08,0.92,0.93,0.01,0.01,77725.52,1777043177000
1777043178.949,78.949,0.07,0.08,0.92,0.93,0.01,0.01,77725.52,1777043177000
1777043179.284,79.284,0.07,0.08,0.92,0.93,0.01,0.01,77725.52,1777043177000
1777043179.67,79.67,0.07,0.09,0.91,0.93,0.02,0.02,77725.52,1777043177000
1777043180.029,80.029,0.09,0.11,0.9,0.92,0.02,0.02,77725.52,1777043177000
1777043180.388,80.388,0.1,0.11,0.89,0.91,0.01,0.02,77726.01,1777043178000
1777043180.869,80.869,0.1,0.11,0.88,0.9,0.01,0.02,77726.01,1777043178000
1777043181.208,81.208,0.11,0.12,0.88,0.89,0.01,0.01,77726.01,1777043178000
1777043181.563,81.563,0.11,0.12,0.88,0.89,0.01,0.01,77726.01,1777043178000
1777043181.961,81.961,0.11,0.12,0.88,0.89,0.01,0.01,77739.98,1777043179000
1777043182.302,82.302,0.11,0.12,0.88,0.89,0.01,0.01,77739.98,1777043179000
1777043182.637,82.637,0.11,0.13,0.88,0.89,0.02,0.01,77753.72,1777043181000
1777043183.068,83.068,0.11,0.12,0.88,0.89,0.01,0.01,77753.72,1777043181000
1777043183.402,83.402,0.09,0.12,0.88,0.91,0.03,0.03,77753.72,1777043181000
1777043183.747,83.747,0.07,0.09,0.91,0.93,0.02,0.02,77753.72,1777043181000
1777043184.088,84.088,0.08,0.09,0.91,0.92,0.01,0.01,77753.72,1777043181000
1777043184.439,84.439,0.07,0.08,0.91,0.93,0.01,0.02,77713.75,1777043183000
1777043184.775,84.775,0.06,0.07,0.93,0.94,0.01,0.01,77713.75,1777043183000
1777043185.13,85.13,0.06,0.07,0.93,0.94,0.01,0.01,77713.75,1777043183000
1777043185.501,85.501,0.06,0.07,0.93,0.94,0.01,0.01,77713.75,1777043183000
1777043185.881,85.881,0.06,0.07,0.93,0.94,0.01,0.01,77713.94,1777043184000
1777043186.223,86.223,0.06,0.07,0.93,0.94,0.01,0.01,77713.94,1777043184000
1777043186.6,86.6,0.06,0.07,0.93,0.94,0.01,0.01,77713.94,1777043184000
1777043187.057,87.057,0.06,0.07,0.93,0.94,0.01,0.01,77713.52,1777043185000
1777043187.469,87.469,0.06,0.07,0.93,0.94,0.01,0.01,77713.52,1777043185000
1777043187.846,87.846,0.06,0.07,0.93,0.94,0.01,0.01,77713.22,1777043186000
1777043188.21,88.21,0.06,0.07,0.93,0.94,0.01,0.01,77713.22,1777043186000
1777043188.702,88.702,0.07,0.08,0.92,0.93,0.01,0.01,77713.22,1777043186000
1777043189.056,89.056,0.05,0.06,0.94,0.95,0.01,0.01,77713.22,1777043186000
1777043189.403,89.403,0.05,0.06,0.94,0.95,0.01,0.01,77715.4,1777043187000
1777043189.767,89.767,0.05,0.06,0.94,0.95,0.01,0.01,77686.53,1777043188000
1777043190.131,90.131,0.05,0.06,0.94,0.95,0.01,0.01,77686.53,1777043188000
1777043190.469,90.469,0.05,0.06,0.94,0.95,0.01,0.01,77686.53,1777043188000
1777043190.941,90.941,0.05,0.06,0.94,0.95,0.01,0.01,77670.62,1777043189000
1777043191.275,91.275,0.03,0.04,0.96,0.97,0.01,0.01,77670.62,1777043189000
1777043191.618,91.618,0.03,0.04,0.96,0.97,0.01,0.01,77670.62,1777043189000
1777043192.014,92.014,0.03,0.04,0.96,0.97,0.01,0.01,77670.62,1777043189000
1777043192.557,92.557,0.03,0.04,0.96,0.97,0.01,0.01,77666.02,1777043190000
1777043192.948,92.948,0.03,0.04,0.96,0.97,0.01,0.01,77666.02,1777043191000
1777043193.491,93.491,0.03,0.04,0.96,0.97,0.01,0.01,77662.19,1777043192000
1777043193.876,93.876,0.03,0.04,0.96,0.97,0.01,0.01,77662.19,1777043192000
1777043194.429,94.429,0.03,0.04,0.96,0.97,0.01,0.01,77662.19,1777043192000
1777043194.951,94.951,0.03,0.04,0.96,0.97,0.01,0.01,77658.68,1777043193000
1777043196.03,96.03,0.03,0.04,0.96,0.97,0.01,0.01,77659.83,1777043194000
1777043196.41,96.41,0.03,0.04,0.96,0.97,0.01,0.01,77659.83,1777043194000
1777043196.749,96.749,0.03,0.04,0.96,0.97,0.01,0.01,77656.46,1777043195000
1777043197.107,97.107,0.02,0.03,0.97,0.98,0.01,0.01,77656.46,1777043195000
1777043197.491,97.491,0.02,0.03,0.97,0.98,0.01,0.01,77656.46,1777043195000
1777043198.137,98.137,0.02,0.03,0.97,0.98,0.01,0.01,77658.47,1777043196000
1777043198.589,98.589,0.02,0.03,0.97,0.98,0.01,0.01,77658.47,1777043196000
1777043198.992,98.992,0.02,0.03,0.97,0.98,0.01,0.01,77642.62,1777043197000
1777043199.493,99.493,0.02,0.03,0.97,0.98,0.01,0.01,77642.62,1777043197000
1777043199.832,99.832,0.02,0.03,0.97,0.98,0.01,0.01,77628.63,1777043198000
1777043200.166,100.166,0.02,0.03,0.97,0.98,0.01,0.01,77628.63,1777043198000
1777043200.663,100.663,0.03,0.04,0.96,0.97,0.01,0.01,77628.63,1777043198000
1777043201.145,101.145,0.03,0.04,0.96,0.97,0.01,0.01,77626.66,1777043199000
1777043201.845,101.845,0.03,0.04,0.96,0.97,0.01,0.01,77626.66,1777043199000
1777043202.191,102.191,0.02,0.03,0.96,0.97,0.01,0.01,77625.9,1777043200000
1777043202.564,102.564,0.02,0.04,0.97,0.98,0.02,0.01,77625.9,1777043200000
1777043203.038,103.038,0.01,0.02,0.98,0.99,0.01,0.01,77625.9,1777043200000
1777043203.378,103.378,0.01,0.04,0.96,0.99,0.03,0.03,77625.9,1777043200000
1777043203.748,103.748,0.03,0.04,0.96,0.97,0.01,0.01,77629.32,1777043201000
1777043204.139,104.139,0.03,0.04,0.96,0.97,0.01,0.01,77628.02,1777043202000
1777043204.506,104.506,0.02,0.03,0.96,0.97,0.01,0.01,77628.02,1777043202000
1777043204.877,104.877,0.02,0.04,0.96,0.98,0.02,0.02,77602.8,1777043203000
1777043205.254,105.254,0.03,0.04,0.96,0.97,0.01,0.01,77602.8,1777043203000
1777043205.957,105.957,0.02,0.03,0.97,0.98,0.01,0.01,77612.42,1777043204000
1777043206.424,106.424,0.02,0.03,0.97,0.98,0.01,0.01,77624.11,1777043205000
1777043206.88,106.88,0.02,0.03,0.97,0.98,0.01,0.01,77624.11,1777043205000
1777043207.344,107.344,0.02,0.03,0.97,0.98,0.01,0.01,77618.78,1777043206000
1777043207.788,107.788,0.02,0.03,0.97,0.98,0.01,0.01,77618.78,1777043206000
1777043208.308,108.308,0.02,0.03,0.97,0.98,0.01,0.01,77618.78,1777043206000
1777043208.656,108.656,0.02,0.03,0.97,0.98,0.01,0.01,77616.01,1777043207000
1777043209.605,109.605,0.02,0.03,0.97,0.98,0.01,0.01,77622.32,1777043208000
1777043210.142,110.142,0.01,0.02,0.98,0.99,0.01,0.01,77622.32,1777043208000
1777043210.779,110.779,0.01,0.02,0.98,0.99,0.01,0.01,77622.32,1777043208000
1777043211.154,111.154,0.01,0.02,0.98,0.99,0.01,0.01,77622.32,1777043208000
1777043211.556,111.556,0.01,0.02,0.98,0.99,0.01,0.01,77622.32,1777043208000
1777043211.964,111.964,0.01,0.02,0.98,0.99,0.01,0.01,77632.99,1777043210000
1777043212.387,112.387,0.02,0.03,0.97,0.98,0.01,0.01,77632.99,1777043210000
1777043213.037,113.037,0.02,0.03,0.97,0.98,0.01,0.01,77632.99,1777043210000
1777043213.604,113.604,0.02,0.03,0.97,0.98,0.01,0.01,77632.99,1777043210000
1777043213.959,113.959,0.02,0.03,0.97,0.98,0.01,0.01,77619.93,1777043211000
1777043214.629,114.629,0.02,0.03,0.97,0.98,0.01,0.01,77623.44,1777043212000
1777043215.351,115.351,0.02,0.03,0.97,0.98,0.01,0.01,77628.5,1777043213000
1777043215.696,115.696,0.02,0.03,0.97,0.98,0.01,0.01,77633.96,1777043214000
1777043216.53,116.53,0.02,0.03,0.97,0.98,0.01,0.01,77633.96,1777043214000
1777043216.871,116.871,0.02,0.03,0.97,0.98,0.01,0.01,77640.3,1777043215000
1777043217.217,117.217,0.02,0.03,0.97,0.98,0.01,0.01,77640.3,1777043215000
1777043217.763,117.763,0.02,0.04,0.97,0.98,0.02,0.01,77640.56,1777043216000
1777043218.137,118.137,0.03,0.04,0.96,0.97,0.01,0.01,77640.56,1777043216000
1777043219.135,119.135,0.03,0.04,0.96,0.97,0.01,0.01,77643.85,1777043217000
1777043219.515,119.515,0.03,0.04,0.96,0.97,0.01,0.01,77643.85,1777043217000
1777043219.895,119.895,0.03,0.04,0.96,0.97,0.01,0.01,77643.85,1777043217000
1777043220.311,120.311,0.03,0.04,0.96,0.97,0.01,0.01,77649.14,1777043218000
1777043220.665,120.665,0.03,0.04,0.96,0.97,0.01,0.01,77649.14,1777043218000
1777043221.014,121.014,0.03,0.04,0.96,0.97,0.01,0.01,77649.14,1777043218000
1777043221.391,121.391,0.03,0.04,0.96,0.97,0.01,0.01,77658.69,1777043219000
1777043222.003,122.003,0.03,0.04,0.96,0.97,0.01,0.01,77665.18,1777043220000
1777043222.355,122.355,0.03,0.04,0.96,0.97,0.01,0.01,77665.18,1777043220000
1777043222.722,122.722,0.03,0.04,0.96,0.97,0.01,0.01,77665.61,1777043221000
1777043223.223,123.223,0.03,0.04,0.96,0.97,0.01,0.01,77665.61,1777043221000
1777043223.651,123.651,0.03,0.04,0.96,0.97,0.01,0.01,77665.61,1777043221000
1777043224.117,124.117,0.02,0.03,0.97,0.98,0.01,0.01,77673.89,1777043223000
1777043224.625,124.625,0.02,0.03,0.97,0.98,0.01,0.01,77673.89,1777043223000
1777043225.106,125.106,0.02,0.03,0.97,0.98,0.01,0.01,77673.89,1777043223000
1777043225.461,125.461,0.02,0.03,0.97,0.98,0.01,0.01,77673.89,1777043223000
1777043226.016,126.016,0.02,0.03,0.97,0.98,0.01,0.01,77666.56,1777043224000
1777043226.495,126.495,0.02,0.03,0.95,0.98,0.01,0.03,77666.56,1777043224000
1777043226.84,126.84,0.02,0.03,0.97,0.98,0.01,0.01,77664.03,1777043225000
1777043227.194,127.194,0.02,0.03,0.97,0.98,0.01,0.01,77664.03,1777043225000
1777043227.542,127.542,0.02,0.03,0.97,0.98,0.01,0.01,77665.48,1777043226000
1777043227.899,127.899,0.04,0.05,0.95,0.96,0.01,0.01,77665.48,1777043226000
1777043228.291,128.291,0.04,0.05,0.95,0.96,0.01,0.01,77665.48,1777043226000
1777043228.898,128.898,0.04,0.05,0.95,0.96,0.01,0.01,77675.58,1777043227000
1777043229.456,129.456,0.04,0.05,0.95,0.96,0.01,0.01,77675.58,1777043227000
1777043229.914,129.914,0.04,0.05,0.95,0.96,0.01,0.01,77682.6,1777043228000
1777043230.443,130.443,0.04,0.05,0.95,0.96,0.01,0.01,77686.4,1777043229000
1777043230.799,130.799,0.04,0.05,0.95,0.96,0.01,0.01,77686.4,1777043229000
1777043231.278,131.278,0.04,0.05,0.95,0.96,0.01,0.01,77686.4,1777043229000
1777043231.701,131.701,0.03,0.05,0.95,0.96,0.02,0.01,77693.54,1777043230000
1777043232.546,132.546,0.03,0.04,0.96,0.97,0.01,0.01,77693.54,1777043230000
1777043233.016,133.016,0.03,0.04,0.96,0.97,0.01,0.01,77700.34,1777043231000
1777043233.485,133.485,0.03,0.04,0.96,0.97,0.01,0.01,77699.02,1777043232000
1777043233.819,133.819,0.03,0.04,0.96,0.97,0.01,0.01,77699.02,1777043232000
1777043234.17,134.17,0.03,0.04,0.96,0.97,0.01,0.01,77699.02,1777043232000
1777043234.896,134.896,0.03,0.04,0.96,0.97,0.01,0.01,77691.29,1777043233000
1777043235.246,135.246,0.03,0.04,0.96,0.97,0.01,0.01,77691.29,1777043233000
1777043235.823,135.823,0.03,0.04,0.96,0.97,0.01,0.01,77690.49,1777043234000
1777043236.214,136.214,0.03,0.04,0.96,0.97,0.01,0.01,77690.49,1777043234000
1777043236.705,136.705,0.03,0.04,0.96,0.97,0.01,0.01,77690.49,1777043234000
1777043237.388,137.388,0.03,0.04,0.96,0.97,0.01,0.01,77692.64,1777043235000
1777043237.735,137.735,0.03,0.04,0.96,0.97,0.01,0.01,77693.12,1777043236000
1777043238.161,138.161,0.03,0.04,0.96,0.97,0.01,0.01,77693.12,1777043236000
1777043238.558,138.558,0.03,0.04,0.96,0.97,0.01,0.01,77693.12,1777043236000
1777043238.907,138.907,0.03,0.04,0.96,0.97,0.01,0.01,77697.09,1777043237000
1777043239.682,139.682,0.03,0.04,0.96,0.97,0.01,0.01,77702.23,1777043238000
1777043240.185,140.185,0.03,0.04,0.96,0.97,0.01,0.01,77704.53,1777043239000
1777043241.03,141.03,0.03,0.05,0.96,0.97,0.02,0.01,77704.53,1777043239000
1777043241.839,141.839,0.04,0.05,0.95,0.97,0.01,0.02,77707.45,1777043240000
1777043242.209,142.209,0.04,0.05,0.95,0.96,0.01,0.01,77707.45,1777043240000
1777043242.675,142.675,0.04,0.05,0.95,0.96,0.01,0.01,77708.93,1777043241000
1777043243.066,143.066,0.05,0.06,0.94,0.95,0.01,0.01,77708.93,1777043241000
1777043243.483,143.483,0.05,0.06,0.94,0.95,0.01,0.01,77708.93,1777043241000
1777043243.827,143.827,0.05,0.06,0.94,0.95,0.01,0.01,77709.08,1777043242000
1777043244.248,144.248,0.05,0.06,0.94,0.95,0.01,0.01,77709.08,1777043242000
1777043244.8,144.8,0.05,0.06,0.94,0.95,0.01,0.01,77711.02,1777043243000
1777043245.259,145.259,0.05,0.06,0.94,0.95,0.01,0.01,77711.02,1777043243000
1777043245.72,145.72,0.05,0.06,0.94,0.95,0.01,0.01,77714.9,1777043244000
1777043246.533,146.533,0.05,0.06,0.94,0.95,0.01,0.01,77715.06,1777043245000
1777043246.936,146.936,0.05,0.06,0.94,0.95,0.01,0.01,77715.06,1777043245000
1777043247.474,147.474,0.05,0.06,0.94,0.95,0.01,0.01,77714.83,1777043246000
1777043247.822,147.822,0.05,0.06,0.94,0.95,0.01,0.01,77714.83,1777043246000
1777043248.171,148.171,0.05,0.06,0.94,0.95,0.01,0.01,77714.83,1777043246000
1777043248.551,148.551,0.05,0.06,0.94,0.95,0.01,0.01,77712.97,1777043247000
1777043248.935,148.935,0.05,0.06,0.94,0.95,0.01,0.01,77712.97,1777043247000
1777043249.302,149.302,0.05,0.06,0.94,0.95,0.01,0.01,77712.97,1777043247000
1777043249.675,149.675,0.05,0.06,0.94,0.95,0.01,0.01,77706.66,1777043248000
1777043250.164,150.164,0.04,0.05,0.94,0.96,0.01,0.02,77706.66,1777043248000
1777043250.749,150.749,0.04,0.05,0.95,0.96,0.01,0.01,77706.66,1777043248000
1777043251.234,151.234,0.04,0.05,0.95,0.96,0.01,0.01,77706.59,1777043249000
1777043251.635,151.635,0.04,0.05,0.95,0.96,0.01,0.01,77704.12,1777043250000
1777043252.315,152.315,0.03,0.04,0.96,0.97,0.01,0.01,77704.12,1777043250000
1777043253.014,153.014,0.03,0.05,0.96,0.97,0.02,0.01,77695.33,1777043251000
1777043253.421,153.421,0.03,0.05,0.95,0.97,0.02,0.02,77696.93,1777043252000
1777043253.889,153.889,0.03,0.04,0.96,0.97,0.01,0.01,77696.93,1777043252000
1777043254.58,154.58,0.03,0.04,0.96,0.97,0.01,0.01,77696.93,1777043252000
1777043255.258,155.258,0.03,0.04,0.96,0.97,0.01,0.01,77698.87,1777043253000
1777043255.718,155.718,0.03,0.04,0.96,0.97,0.01,0.01,77700.95,1777043254000
1777043256.195,156.195,0.03,0.04,0.96,0.97,0.01,0.01,77700.02,1777043255000
1777043257.517,157.517,0.03,0.04,0.96,0.97,0.01,0.01,77700.02,1777043255000
1777043258.29,158.29,0.03,0.04,0.96,0.97,0.01,0.01,77703.78,1777043256000
1777043259.064,159.064,0.03,0.04,0.96,0.97,0.01,0.01,77703.78,1777043256000
1777043259.723,159.723,0.04,0.05,0.95,0.96,0.01,0.01,77709.88,1777043257000
1777043260.084,160.084,0.04,0.05,0.95,0.96,0.01,0.01,77712.73,1777043258000
1777043260.449,160.449,0.04,0.05,0.95,0.96,0.01,0.01,77712.73,1777043258000
1777043261.287,161.287,0.03,0.04,0.96,0.97,0.01,0.01,77717.39,1777043260000
1777043262.369,162.369,0.03,0.04,0.96,0.97,0.01,0.01,77717.39,1777043260000
1777043262.719,162.719,0.03,0.04,0.96,0.97,0.01,0.01,77717.39,1777043260000
1777043263.096,163.096,0.03,0.04,0.96,0.97,0.01,0.01,77718.22,1777043261000
1777043263.442,163.442,0.02,0.03,0.97,0.98,0.01,0.01,77718.22,1777043261000
1777043263.781,163.781,0.01,0.02,0.97,0.99,0.01,0.02,77717.99,1777043262000
1777043264.261,164.261,0.01,0.02,0.98,0.99,0.01,0.01,77717.99,1777043262000
1777043264.64,164.64,0.01,0.02,0.98,0.99,0.01,0.01,77717.91,1777043263000
1777043265.38,165.38,0.01,0.02,0.98,0.99,0.01,0.01,77717.91,1777043263000
1777043265.773,165.773,0.01,0.02,0.98,0.99,0.01,0.01,77717.91,1777043263000
1777043266.23,166.23,0.01,0.02,0.98,0.99,0.01,0.01,77682.82,1777043264000
1777043266.66,166.66,0.01,0.02,0.98,0.99,0.01,0.01,77663.57,1777043265000
1777043267.106,167.106,0.01,0.02,0.98,0.99,0.01,0.01,77663.57,1777043265000
1777043268.036,168.036,0.01,0.02,0.98,0.99,0.01,0.01,77660.9,1777043267000
1777043268.48,168.48,0.01,0.02,0.98,0.99,0.01,0.01,77660.9,1777043267000
1777043269.73,169.73,0.01,0.02,0.98,0.99,0.01,0.01,77660.9,1777043268000
1777043270.11,170.11,0.01,0.02,0.98,0.99,0.01,0.01,77657.83,1777043269000
1777043270.867,170.867,0.01,0.02,0.98,0.99,0.01,0.01,77657.83,1777043269000
1777043271.495,171.495,0.01,0.02,0.98,0.99,0.01,0.01,77660.98,1777043270000
1777043272.242,172.242,0.01,0.02,0.98,0.99,0.01,0.01,77660.98,1777043270000
1777043273.044,173.044,0.01,0.02,0.98,0.99,0.01,0.01,77661.22,1777043271000
1777043273.506,173.506,0.01,0.02,0.98,0.99,0.01,0.01,77661.22,1777043271000
1777043274.256,174.256,0.01,0.02,0.98,0.99,0.01,0.01,77653.42,1777043272000
1777043274.686,174.686,0.01,0.02,0.98,0.99,0.01,0.01,77648.58,1777043273000
1777043275.125,175.125,0.01,0.02,0.98,0.99,0.01,0.01,77648.58,1777043273000
1777043275.619,175.619,0.01,0.02,0.98,0.99,0.01,0.01,77648.58,1777043273000
1777043276.66,176.66,0.01,0.02,0.98,0.99,0.01,0.01,77649.01,1777043274000
1777043277.165,177.165,0.01,0.02,0.98,0.99,0.01,0.01,77646.06,1777043275000
1777043277.581,177.581,0.01,0.02,0.98,0.99,0.01,0.01,77645.95,1777043276000
1777043277.924,177.924,0.01,0.02,0.98,0.99,0.01,0.01,77645.95,1777043276000
1777043278.781,178.781,0.01,0.02,0.98,0.99,0.01,0.01,77648.86,1777043277000
1777043279.173,179.173,0.01,0.02,0.98,0.99,0.01,0.01,77648.86,1777043277000
1777043279.671,179.671,0.01,0.02,0.98,0.99,0.01,0.01,77650.02,1777043278000
1777043280.107,180.107,0.01,0.02,0.98,0.99,0.01,0.01,77645.7,1777043279000
1777043280.472,180.472,0.01,0.02,0.98,0.99,0.01,0.01,77645.7,1777043279000
1777043280.819,180.819,0.01,0.02,0.98,0.99,0.01,0.01,77645.7,1777043279000
1777043281.292,181.292,0.01,0.02,0.98,0.99,0.01,0.01,77647.51,1777043280000
1777043282.079,182.079,0.01,0.02,0.98,0.99,0.01,0.01,77647.51,1777043280000
1777043282.473,182.473,0.01,0.02,0.98,0.99,0.01,0.01,77651.76,1777043281000
1777043282.826,182.826,0.01,0.02,0.98,0.99,0.01,0.01,77651.76,1777043281000
1777043283.23,183.23,0.01,0.018,0.982,0.99,0.008,0.008,77651.76,1777043281000
1777043283.671,183.671,0.012,0.017,0.983,0.988,0.005,0.005,77654.06,1777043282000
1777043284.069,184.069,0.013,0.019,0.98,0.989,0.006,0.009,77654.06,1777043282000
1777043284.474,184.474,0.01,0.017,0.982,0.99,0.007,0.008,77654.06,1777043282000
1777043284.982,184.982,0.01,0.018,0.982,0.99,0.008,0.008,77654.38,1777043283000
1777043285.342,185.342,0.01,0.02,0.988,0.99,0.01,0.002,77652.31,1777043284000
1777043286.034,186.034,0.013,0.019,0.98,0.99,0.006,0.01,77652.31,1777043284000
1777043286.495,186.495,0.013,0.017,0.983,0.987,0.004,0.004,77652.31,1777043284000
1777043286.965,186.965,0.016,0.017,0.983,0.984,0.001,0.001,77652.31,1777043284000
1777043287.299,187.299,0.016,0.017,0.983,0.984,0.001,0.001,77649.99,1777043285000
1777043287.719,187.719,0.012,0.017,0.983,0.988,0.005,0.005,77649.99,1777043285000
1777043288.152,188.152,0.01,0.017,0.983,0.988,0.007,0.005,77647.81,1777043286000
1777043288.529,188.529,0.013,0.017,0.983,0.987,0.004,0.004,77647.81,1777043286000
1777043288.917,188.917,0.016,0.017,0.983,0.99,0.001,0.007,77647.81,1777043286000
1777043289.27,189.27,0.01,0.017,0.983,0.99,0.007,0.007,77647.81,1777043286000
1777043290.023,190.023,0.01,0.017,0.983,0.99,0.007,0.007,77647.65,1777043288000
1777043290.389,190.389,0.015,0.017,0.983,0.989,0.002,0.006,77647.65,1777043288000
1777043291.31,191.31,0.015,0.017,0.983,0.985,0.002,0.002,77647.04,1777043289000
1777043291.739,191.739,0.016,0.017,0.983,0.985,0.001,0.002,77647.04,1777043289000
1777043292.191,192.191,0.016,0.017,0.983,0.988,0.001,0.005,77650.82,1777043290000
1777043292.642,192.642,0.016,0.018,0.983,0.988,0.002,0.005,77650.82,1777043290000
1777043293.101,193.101,0.012,0.017,0.981,0.983,0.005,0.002,77650.82,1777043290000
1777043293.614,193.614,0.01,0.017,0.983,0.986,0.007,0.003,77650.82,1777043290000
1777043294.52,194.52,0.011,0.015,0.985,0.989,0.004,0.004,77659.91,1777043293000
1777043295.024,195.024,0.01,0.018,0.981,0.99,0.008,0.009,77659.91,1777043293000
1777043295.689,195.689,0.01,0.012,0.987,0.99,0.002,0.003,77659.91,1777043293000
1777043296.18,196.18,0.01,0.019,0.981,0.99,0.009,0.009,77662.26,1777043294000
1777043296.55,196.55,0.01,0.02,0.98,0.983,0.01,0.003,77662.26,1777043294000
1777043296.892,196.892,0.018,0.02,0.98,0.982,0.002,0.002,77664.89,1777043295000
1777043297.306,197.306,0.018,0.02,0.98,0.982,0.002,0.002,77664.89,1777043295000
1777043298.57,198.57,0.01,0.011,0.98,0.982,0.001,0.002,77662.2,1777043296000
1777043299.049,199.049,0.01,0.011,0.989,0.99,0.001,0.001,77662.2,1777043296000
1777043299.396,199.396,0.01,0.011,0.989,0.99,0.001,0.001,77661.61,1777043297000
1777043299.848,199.848,0.01,0.011,0.989,0.99,0.001,0.001,77662.69,1777043298000
1777043300.235,200.235,0.01,0.013,0.987,0.99,0.003,0.003,77662.69,1777043298000
1777043300.643,200.643,0.01,0.015,0.989,0.99,0.005,0.001,77662.69,1777043298000
1777043301.176,201.176,0.01,0.014,0.985,0.99,0.004,0.005,77660.4,1777043299000
1777043301.695,201.695,0.01,0.014,0.986,0.99,0.004,0.004,77659.61,1777043300000
1777043302.331,202.331,0.01,0.012,0.986,0.99,0.002,0.004,77659.61,1777043300000
1777043302.667,202.667,0.009,0.01,0.99,0.991,0.001,0.001,77659.61,1777043300000
1777043303.084,203.084,0.008,0.009,0.99,0.992,0.001,0.002,77656.87,1777043301000
1777043303.454,203.454,0.008,0.009,0.991,0.992,0.001,0.001,77656.87,1777043301000
1777043303.923,203.923,0.008,0.009,0.991,0.992,0.001,0.001,77656.75,1777043302000
1777043304.424,204.424,0.008,0.009,0.991,0.992,0.001,0.001,77656.75,1777043302000
1777043304.79,204.79,0.008,0.01,0.99,0.992,0.002,0.002,77656.75,1777043302000
1777043305.245,205.245,0.008,0.01,0.99,0.992,0.002,0.002,77655.15,1777043303000
1777043305.94,205.94,0.009,0.01,0.99,0.992,0.001,0.002,77655.15,1777043303000
1777043306.37,206.37,0.008,0.01,0.99,0.992,0.002,0.002,77657.23,1777043304000
1777043307.57,207.57,0.008,0.01,0.99,0.992,0.002,0.002,77654.07,1777043306000
1777043308.478,208.478,0.008,0.01,0.99,0.992,0.002,0.002,77654.07,1777043306000
1777043308.903,208.903,0.008,0.009,0.991,0.992,0.001,0.001,77654.07,1777043306000
1777043309.314,209.314,0.008,0.01,0.99,0.992,0.002,0.002,77650.14,1777043307000
1777043310.241,210.241,0.002,0.009,0.99,0.992,0.007,0.002,77650.14,1777043307000
1777043310.624,210.624,0.002,0.01,0.99,0.998,0.008,0.008,77650.14,1777043307000
1777043311.006,211.006,0.004,0.009,0.991,0.996,0.005,0.005,77649.11,1777043308000
1777043311.414,211.414,0.005,0.006,0.994,0.997,0.001,0.003,77645.89,1777043309000
1777043312.017,212.017,0.003,0.006,0.994,0.997,0.003,0.003,77645.89,1777043309000
1777043312.713,212.713,0.003,0.006,0.994,0.997,0.003,0.003,77645.89,1777043309000
1777043313.278,213.278,0.005,0.006,0.994,0.996,0.001,0.002,77645.89,1777043309000
1777043313.741,213.741,0.005,0.006,0.994,0.995,0.001,0.001,77643.38,1777043311000
1777043314.203,214.203,0.005,0.006,0.994,0.995,0.001,0.001,77639.62,1777043312000
1777043314.755,214.755,0.002,0.006,0.994,0.998,0.004,0.004,77636.1,1777043313000
1777043315.215,215.215,0.002,0.005,0.994,0.998,0.003,0.004,77636.1,1777043313000
1777043316.072,216.072,0.003,0.005,0.995,0.998,0.002,0.003,77632.81,1777043314000
1777043316.732,216.732,0.004,0.005,0.995,0.996,0.001,0.001,77634.31,1777043315000
1777043317.293,217.293,0.004,0.006,0.993,0.997,0.002,0.004,77634.31,1777043315000
1777043317.63,217.63,0.004,0.006,0.994,0.996,0.002,0.002,77635.36,1777043316000
1777043318.022,218.022,0.004,0.005,0.995,0.996,0.001,0.001,77637.96,1777043317000
1777043318.791,218.791,0.005,0.006,0.995,0.996,0.001,0.001,77637.96,1777043317000
1777043319.364,219.364,0.006,0.007,0.993,0.995,0.001,0.002,77637.96,1777043317000
1777043320.639,220.639,0.004,0.005,0.995,0.996,0.001,0.001,77639.26,1777043319000
1777043321.179,221.179,0.002,0.005,0.995,0.996,0.003,0.001,77639.26,1777043319000
1777043321.543,221.543,0.002,0.005,0.995,0.998,0.003,0.003,77639.26,1777043319000
1777043322.212,222.212,0.003,0.004,0.995,0.998,0.001,0.003,77640.75,1777043320000
1777043322.726,222.726,0.002,0.005,0.996,0.997,0.003,0.001,77640.61,1777043321000
1777043323.105,223.105,0.002,0.005,0.995,0.998,0.003,0.003,77640.61,1777043321000
1777043323.525,223.525,0.002,0.004,0.995,0.998,0.002,0.003,77640.61,1777043321000
1777043324.453,224.453,0.002,0.003,0.997,0.998,0.001,0.001,77640.32,1777043322000
1777043325.621,225.621,0.002,0.003,0.997,0.998,0.001,0.001,77638.27,1777043323000
1777043326.279,226.279,0.002,0.003,0.997,0.998,0.001,0.001,77637.87,1777043324000
1777043327.387,227.387,0.002,0.003,0.997,0.998,0.001,0.001,77637.85,1777043325000
1777043327.837,227.837,0.001,0.003,0.997,0.998,0.002,0.001,77637.85,1777043325000
1777043328.252,228.252,0.001,0.002,0.996,0.999,0.001,0.003,77637.85,1777043325000
1777043328.698,228.698,0.001,0.002,0.998,0.999,0.001,0.001,77642.37,1777043326000
1777043329.591,229.591,0.001,0.007,0.993,0.999,0.006,0.006,77643.61,1777043327000
1777043330.409,230.409,0.002,0.006,0.993,0.999,0.004,0.006,77644.03,1777043328000
1777043331.067,231.067,0.002,0.007,0.994,0.998,0.005,0.004,77649.67,1777043329000
1777043331.557,231.557,0.004,0.007,0.993,0.998,0.003,0.005,77649.67,1777043329000
1777043332.069,232.069,0.004,0.007,0.993,0.996,0.003,0.003,77649.67,1777043329000
1777043332.63,232.63,0.003,0.007,0.993,0.996,0.004,0.003,77653.61,1777043331000
1777043333.298,233.298,0.006,0.007,0.993,0.995,0.001,0.002,77653.61,1777043331000
1777043333.772,233.772,0.006,0.007,0.993,0.994,0.001,0.001,77653.61,1777043331000
1777043334.448,234.448,0.006,0.007,0.993,0.994,0.001,0.001,77653.67,1777043333000
1777043334.792,234.792,0.006,0.007,0.993,0.994,0.001,0.001,77653.67,1777043333000
1777043335.706,235.706,0.006,0.007,0.993,0.994,0.001,0.001,77653.67,1777043333000
1777043336.184,236.184,0.003,0.005,0.993,0.994,0.002,0.001,77653.19,1777043334000
1777043337.172,237.172,0.004,0.005,0.995,0.996,0.001,0.001,77653.04,1777043336000
1777043337.626,237.626,0.004,0.006,0.994,0.996,0.002,0.002,77653.04,1777043336000
1777043338.405,238.405,0.004,0.006,0.994,0.996,0.002,0.002,77652.82,1777043337000
1777043338.797,238.797,0.004,0.009,0.991,0.997,0.005,0.006,77652.82,1777043337000
1777043339.365,239.365,0.005,0.006,0.991,0.996,0.001,0.005,77652.82,1777043337000
1777043340.338,240.338,0.005,0.006,0.994,0.995,0.001,0.001,77653.26,1777043339000
1777043340.902,240.902,0.003,0.005,0.994,0.995,0.002,0.001,77653.26,1777043339000
1777043341.434,241.434,0.003,0.004,0.996,0.997,0.001,0.001,77653.26,1777043339000
1777043341.872,241.872,0.003,0.004,0.996,0.997,0.001,0.001,77653.25,1777043340000
1777043342.246,242.246,0.003,0.004,0.996,0.997,0.001,0.001,77653.25,1777043340000
1777043343.008,243.008,0.002,0.005,0.996,0.997,0.003,0.001,77653.17,1777043341000
1777043343.719,243.719,0.004,0.005,0.995,0.997,0.001,0.002,77651.26,1777043342000
1777043344.624,244.624,0.004,0.005,0.995,0.996,0.001,0.001,77651.73,1777043343000
1777043345.03,245.03,0.004,0.005,0.995,0.996,0.001,0.001,77651.73,1777043343000
1777043345.523,245.523,0.004,0.005,0.995,0.996,0.001,0.001,77650.01,1777043344000
1777043346.924,246.924,0.004,0.005,0.995,0.996,0.001,0.001,77650.01,1777043344000
1777043347.547,247.547,0.003,0.004,0.995,0.996,0.001,0.001,77653.17,1777043345000
1777043348.445,248.445,0.003,0.004,0.996,0.997,0.001,0.001,77653.32,1777043346000
1777043348.779,248.779,0.003,0.004,0.996,0.997,0.001,0.001,77656.69,1777043347000
1777043349.166,249.166,0.003,0.004,0.996,0.997,0.001,0.001,77656.69,1777043347000
1777043349.59,249.59,0.003,0.004,0.996,0.997,0.001,0.001,77661.98,1777043348000
1777043350.292,250.292,0.003,0.005,0.996,0.997,0.002,0.001,77661.98,1777043348000
1777043350.963,250.963,0.004,0.005,0.995,0.996,0.001,0.001,77672.31,1777043349000
1777043351.465,251.465,0.004,0.005,0.995,0.996,0.001,0.001,77672.31,1777043349000
1777043351.91,251.91,0.004,0.005,0.995,0.996,0.001,0.001,77672.31,1777043349000
1777043352.785,252.785,0.004,0.005,0.995,0.996,0.001,0.001,77680.04,1777043351000
1777043353.492,253.492,0.004,0.005,0.995,0.996,0.001,0.001,77680.04,1777043351000
1777043354.598,254.598,0.003,0.005,0.995,0.997,0.002,0.002,77681.01,1777043353000
1777043355.369,255.369,0.003,0.007,0.995,0.997,0.004,0.002,77681.01,1777043353000
1777043355.82,255.82,0.003,0.007,0.993,0.997,0.004,0.004,77678.66,1777043354000
1777043356.67,256.67,0.004,0.007,0.993,0.996,0.003,0.003,77679.41,1777043355000
1777043357.615,257.615,0.005,0.006,0.994,0.995,0.001,0.001,77679.43,1777043356000
1777043358.34,258.34,0.005,0.006,0.994,0.995,0.001,0.001,77680.97,1777043357000
1777043358.776,258.776,0.003,0.004,0.994,0.995,0.001,0.001,77680.97,1777043357000
1777043359.17,259.17,0.003,0.007,0.996,0.997,0.004,0.001,77680.97,1777043357000
1777043359.931,259.931,0.004,0.005,0.993,0.997,0.001,0.004,77675.39,1777043358000
1777043360.806,260.806,0.004,0.005,0.995,0.996,0.001,0.001,77666.55,1777043359000
1777043361.373,261.373,0.004,0.005,0.995,0.996,0.001,0.001,77666.55,1777043359000
1777043361.786,261.786,0.004,0.005,0.995,0.996,0.001,0.001,77665.02,1777043360000
1777043362.683,262.683,0.004,0.005,0.995,0.996,0.001,0.001,77660.72,1777043361000
1777043363.169,263.169,0.004,0.005,0.995,0.996,0.001,0.001,77657.56,1777043362000
1777043363.78,263.78,0.004,0.005,0.995,0.997,0.001,0.002,77657.56,1777043362000
1777043364.989,264.989,0.004,0.005,0.995,0.996,0.001,0.001,77657.26,1777043363000
1777043365.529,265.529,0.004,0.005,0.995,0.996,0.001,0.001,77658.46,1777043364000
1777043366.116,266.116,0.004,0.005,0.995,0.996,0.001,0.001,77658.68,1777043365000
1777043367.125,267.125,0.004,0.005,0.995,0.996,0.001,0.001,77660.11,1777043366000
1777043367.592,267.592,0.004,0.005,0.995,0.996,0.001,0.001,77660.11,1777043366000
1777043368.238,268.238,0.004,0.005,0.995,0.996,0.001,0.001,77660.11,1777043366000
1777043368.783,268.783,0.002,0.003,0.996,0.998,0.001,0.002,77664.65,1777043367000
1777043369.549,269.549,0.002,0.003,0.997,0.998,0.001,0.001,77664.65,1777043367000
1777043369.956,269.956,0.002,0.003,0.997,0.998,0.001,0.001,77664.65,1777043367000
1777043370.372,270.372,0.001,0.002,0.997,0.999,0.001,0.002,77662.1,1777043368000
1777043371.784,271.784,0.001,0.005,0.995,0.999,0.004,0.004,77664.1,1777043369000
1777043372.371,272.371,0.001,0.005,0.995,0.999,0.004,0.004,77663.53,1777043370000
1777043373.068,273.068,0.001,0.002,0.995,0.999,0.001,0.004,77663.53,1777043370000
1777043373.654,273.654,0.001,0.005,0.995,0.999,0.004,0.004,77655.05,1777043372000
1777043374.388,274.388,0.001,0.001,0.999,0.999,0.0,0.0,77653.29,1777043373000
1777043376.401,276.401,0.001,0.001,0.999,0.999,0.0,0.0,77653.29,1777043373000
1777043377.133,277.133,0.001,0.001,0.999,0.999,0.0,0.0,77655.5,1777043375000
1777043377.793,277.793,0.001,0.001,0.999,0.999,0.0,0.0,77655.38,1777043376000
1777043378.221,278.221,0.001,0.001,0.999,0.999,0.0,0.0,77655.38,1777043376000
1777043378.579,278.579,0.001,0.001,0.999,0.999,0.0,0.0,77656.23,1777043377000
1777043379.524,279.524,0.001,0.001,0.999,0.999,0.0,0.0,77657.68,1777043378000
1777043380.333,280.333,0.001,0.001,0.999,0.999,0.0,0.0,77659.3,1777043379000
1777043381.579,281.579,0.001,0.001,0.999,0.999,0.0,0.0,77654.85,1777043380000
1777043382.683,282.683,0.001,0.001,0.999,0.999,0.0,0.0,77654.92,1777043381000
1777043383.092,283.092,0.001,0.001,0.999,0.999,0.0,0.0,77654.92,1777043381000
1777043383.803,283.803,0.001,0.001,0.999,0.999,0.0,0.0,77655.97,1777043382000
1777043384.185,284.185,0.001,0.001,0.999,0.999,0.0,0.0,77655.19,1777043383000
1777043385.737,285.737,0.001,0.001,0.999,0.999,0.0,0.0,77655.19,1777043384000
1777043386.452,286.452,0.001,0.001,0.999,0.999,0.0,0.0,77655.19,1777043384000
1777043386.852,286.852,0.001,0.003,0.999,0.999,0.002,0.0,77656.03,1777043385000
1777043387.232,287.232,0.001,0.003,0.997,0.999,0.002,0.002,77656.03,1777043385000
1777043388.541,288.541,0.001,0.003,0.997,0.999,0.002,0.002,77656.68,1777043387000
1777043389.183,289.183,0.001,0.003,0.997,0.999,0.002,0.002,77656.68,1777043387000
1777043389.624,289.624,0.001,0.003,0.997,0.999,0.002,0.002,77656.68,1777043388000
1777043390.657,290.657,0.001,0.001,0.997,0.999,0.0,0.002,77656.68,1777043388000
1777043391.954,291.954,0.001,0.001,0.999,0.999,0.0,0.0,77656.64,1777043389000
1777043392.602,292.602,0.001,0.001,0.999,0.999,0.0,0.0,77656.45,1777043390000
1777043393.505,293.505,0.001,0.001,0.999,0.999,0.0,0.0,77655.29,1777043391000
1777043394.557,294.557,0.001,0.001,0.999,0.999,0.0,0.0,77656.05,1777043392000
1777043395.292,295.292,0.001,0.001,0.999,0.999,0.0,0.0,77656.05,1777043393000
1777043396.435,296.435,0.001,0.001,0.999,0.999,0.0,0.0,77657.02,1777043395000
1777043397.809,297.809,0.001,0.001,0.999,0.999,0.0,0.0,77657.05,1777043396000
1777043398.388,298.388,0.001,0.001,0.999,0.999,0.0,0.0,77662.64,1777043397000
1777043398.809,298.809,0.001,0.001,0.999,0.999,0.0,0.0,77662.64,1777043397000
1777043400.133,300.133,0.001,0.001,0.999,0.999,0.0,0.0,77666.16,1777043399000
1777043400.532,300.532,0.001,0.001,0.999,0.999,0.0,0.0,77666.16,1777043399000
1777043401.181,301.181,0.001,0.001,0.999,0.999,0.0,0.0,77663.34,1777043400000
1777043402.251,302.251,0.001,0.001,0.999,0.999,0.0,0.0,77657.37,1777043401000

# RESULT,winner=Down,slug=btc-updown-5m-1777043100,ticks=576
