timestamp,elapsed_sec,up_bid,up_ask,down_bid,down_ask,up_spread,down_spread,btc_price,btc_oracle_ts
1776340800.576,0.576,0.48,0.49,0.51,0.52,0.01,0.01,74580.62,1776340799000
1776340801.0,1.0,0.47,0.48,0.51,0.52,0.01,0.01,74580.62,1776340799000
1776340801.484,1.484,0.47,0.48,0.52,0.53,0.01,0.01,74580.6,1776340800000
1776340801.994,1.994,0.45,0.48,0.52,0.53,0.03,0.01,74580.6,1776340800000
1776340802.354,2.354,0.44,0.45,0.55,0.56,0.01,0.01,74580.6,1776340800000
1776340802.697,2.697,0.44,0.45,0.55,0.56,0.01,0.01,74578.97,1776340801000
1776340803.179,3.179,0.44,0.45,0.55,0.56,0.01,0.01,74578.97,1776340801000
1776340803.515,3.515,0.43,0.44,0.55,0.56,0.01,0.01,74578.5,1776340802000
1776340803.854,3.854,0.43,0.44,0.56,0.57,0.01,0.01,74578.5,1776340802000
1776340804.202,4.202,0.49,0.5,0.5,0.51,0.01,0.01,74578.5,1776340802000
1776340804.57,4.57,0.49,0.5,0.5,0.51,0.01,0.01,74578.5,1776340802000
1776340804.912,4.912,0.49,0.5,0.5,0.51,0.01,0.01,74580.64,1776340803000
1776340805.252,5.252,0.51,0.52,0.48,0.5,0.01,0.02,74580.64,1776340804000
1776340805.825,5.825,0.51,0.54,0.46,0.49,0.03,0.03,74580.64,1776340804000
1776340806.25,6.25,0.53,0.54,0.46,0.47,0.01,0.01,74580.64,1776340804000
1776340806.751,6.751,0.54,0.55,0.46,0.47,0.01,0.01,74582.46,1776340805000
1776340807.098,7.098,0.54,0.55,0.45,0.46,0.01,0.01,74582.46,1776340805000
1776340807.669,7.669,0.53,0.55,0.45,0.46,0.02,0.01,74586.27,1776340806000
1776340808.04,8.04,0.54,0.55,0.45,0.46,0.01,0.01,74587.58,1776340807000
1776340808.562,8.562,0.54,0.55,0.45,0.46,0.01,0.01,74587.58,1776340807000
1776340809.019,9.019,0.57,0.58,0.42,0.44,0.01,0.02,74587.58,1776340807000
1776340809.354,9.354,0.57,0.58,0.42,0.43,0.01,0.01,74585.6,1776340808000
1776340809.733,9.733,0.57,0.58,0.42,0.43,0.01,0.01,74585.6,1776340808000
1776340810.075,10.075,0.58,0.59,0.41,0.42,0.01,0.01,74585.6,1776340808000
1776340810.409,10.409,0.58,0.59,0.4,0.42,0.01,0.02,74585.6,1776340808000
1776340810.89,10.89,0.58,0.62,0.38,0.39,0.04,0.01,74589.43,1776340809000
1776340811.26,11.26,0.61,0.62,0.38,0.39,0.01,0.01,74590.08,1776340810000
1776340811.617,11.617,0.61,0.62,0.38,0.39,0.01,0.01,74590.08,1776340810000
1776340812.628,12.628,0.61,0.62,0.38,0.39,0.01,0.01,74592.89,1776340811000
1776340813.097,13.097,0.61,0.62,0.38,0.39,0.01,0.01,74592.89,1776340811000
1776340813.529,13.529,0.61,0.62,0.38,0.39,0.01,0.01,74592.81,1776340812000
1776340813.94,13.94,0.6,0.62,0.38,0.41,0.02,0.03,74592.81,1776340812000
1776340814.313,14.313,0.59,0.6,0.4,0.41,0.01,0.01,74592.35,1776340813000
1776340814.968,14.968,0.59,0.6,0.4,0.41,0.01,0.01,74592.35,1776340813000
1776340815.321,15.321,0.59,0.6,0.4,0.41,0.01,0.01,74592.65,1776340814000
1776340815.937,15.937,0.59,0.6,0.4,0.41,0.01,0.01,74592.65,1776340814000
1776340816.283,16.283,0.59,0.6,0.4,0.41,0.01,0.01,74592.65,1776340814000
1776340816.626,16.626,0.59,0.61,0.39,0.41,0.02,0.02,74594.13,1776340815000
1776340816.975,16.975,0.6,0.61,0.39,0.4,0.01,0.01,74594.13,1776340815000
1776340817.311,17.311,0.6,0.61,0.39,0.4,0.01,0.01,74594.85,1776340816000
1776340817.65,17.65,0.6,0.61,0.39,0.4,0.01,0.01,74594.85,1776340816000
1776340818.022,18.022,0.6,0.61,0.39,0.4,0.01,0.01,74595.29,1776340817000
1776340818.604,18.604,0.6,0.61,0.39,0.4,0.01,0.01,74595.29,1776340817000
1776340818.94,18.94,0.6,0.61,0.39,0.4,0.01,0.01,74595.29,1776340817000
1776340819.279,19.279,0.59,0.6,0.4,0.43,0.01,0.03,74598.08,1776340818000
1776340819.636,19.636,0.57,0.59,0.41,0.43,0.02,0.02,74598.08,1776340818000
1776340820.059,20.059,0.58,0.59,0.41,0.43,0.01,0.02,74598.08,1776340818000
1776340820.591,20.591,0.57,0.58,0.42,0.43,0.01,0.01,74595.6,1776340819000
1776340820.97,20.97,0.57,0.58,0.42,0.43,0.01,0.01,74595.6,1776340819000
1776340821.303,21.303,0.57,0.58,0.42,0.43,0.01,0.01,74595.6,1776340819000
1776340821.659,21.659,0.57,0.58,0.42,0.43,0.01,0.01,74598.86,1776340820000
1776340821.999,21.999,0.57,0.58,0.42,0.43,0.01,0.01,74598.86,1776340820000
1776340822.512,22.512,0.57,0.58,0.42,0.43,0.01,0.01,74594.77,1776340821000
1776340822.86,22.86,0.57,0.58,0.42,0.43,0.01,0.01,74594.77,1776340821000
1776340823.197,23.197,0.57,0.58,0.42,0.43,0.01,0.01,74596.37,1776340822000
1776340823.674,23.674,0.57,0.58,0.42,0.43,0.01,0.01,74596.37,1776340822000
1776340824.013,24.013,0.57,0.58,0.42,0.43,0.01,0.01,74596.37,1776340822000
1776340824.434,24.434,0.57,0.58,0.42,0.43,0.01,0.01,74594.86,1776340823000
1776340824.772,24.772,0.57,0.59,0.42,0.43,0.02,0.01,74594.86,1776340823000
1776340825.233,25.233,0.58,0.59,0.41,0.42,0.01,0.01,74594.86,1776340823000
1776340825.88,25.88,0.58,0.59,0.41,0.42,0.01,0.01,74596.97,1776340825000
1776340826.297,26.297,0.58,0.59,0.41,0.42,0.01,0.01,74596.97,1776340825000
1776340826.7,26.7,0.58,0.59,0.41,0.42,0.01,0.01,74596.97,1776340825000
1776340827.157,27.157,0.57,0.58,0.42,0.43,0.01,0.01,74596.97,1776340825000
1776340827.683,27.683,0.57,0.58,0.42,0.43,0.01,0.01,74596.97,1776340825000
1776340828.154,28.154,0.56,0.58,0.42,0.44,0.02,0.02,74594.1,1776340827000
1776340828.915,28.915,0.56,0.57,0.42,0.44,0.01,0.02,74594.1,1776340827000
1776340829.264,29.264,0.55,0.57,0.43,0.44,0.02,0.01,74594.11,1776340828000
1776340829.705,29.705,0.55,0.57,0.43,0.44,0.02,0.01,74594.11,1776340828000
1776340830.235,30.235,0.55,0.57,0.43,0.46,0.02,0.03,74594.11,1776340828000
1776340830.869,30.869,0.55,0.56,0.44,0.45,0.01,0.01,74593.51,1776340829000
1776340831.222,31.222,0.55,0.56,0.44,0.45,0.01,0.01,74593.17,1776340830000
1776340831.711,31.711,0.55,0.56,0.44,0.45,0.01,0.01,74593.17,1776340830000
1776340832.097,32.097,0.55,0.56,0.44,0.45,0.01,0.01,74593.98,1776340831000
1776340832.436,32.436,0.55,0.56,0.44,0.45,0.01,0.01,74593.98,1776340831000
1776340832.77,32.77,0.55,0.56,0.44,0.45,0.01,0.01,74593.98,1776340831000
1776340833.138,33.138,0.55,0.56,0.44,0.45,0.01,0.01,74593.09,1776340832000
1776340833.477,33.477,0.55,0.56,0.44,0.45,0.01,0.01,74593.09,1776340832000
1776340834.024,34.024,0.55,0.56,0.44,0.45,0.01,0.01,74593.09,1776340832000
1776340834.63,34.63,0.55,0.56,0.44,0.45,0.01,0.01,74593.09,1776340833000
1776340835.094,35.094,0.55,0.56,0.44,0.45,0.01,0.01,74593.09,1776340833000
1776340835.631,35.631,0.55,0.56,0.44,0.45,0.01,0.01,74593.08,1776340834000
1776340835.965,35.965,0.58,0.59,0.41,0.42,0.01,0.01,74593.08,1776340834000
1776340836.389,36.389,0.58,0.59,0.41,0.42,0.01,0.01,74593.08,1776340834000
1776340836.731,36.731,0.58,0.6,0.41,0.42,0.02,0.01,74593.08,1776340834000
1776340837.08,37.08,0.6,0.61,0.39,0.4,0.01,0.01,74593.09,1776340835000
1776340837.634,37.634,0.6,0.61,0.39,0.4,0.01,0.01,74593.08,1776340836000
1776340837.972,37.972,0.6,0.61,0.39,0.4,0.01,0.01,74593.08,1776340836000
1776340838.314,38.314,0.6,0.61,0.39,0.4,0.01,0.01,74593.08,1776340836000
1776340838.731,38.731,0.61,0.62,0.38,0.39,0.01,0.01,74595.99,1776340837000
1776340839.221,39.221,0.61,0.62,0.38,0.39,0.01,0.01,74597.42,1776340838000
1776340839.602,39.602,0.61,0.62,0.38,0.39,0.01,0.01,74597.42,1776340838000
1776340840.216,40.216,0.61,0.62,0.38,0.39,0.01,0.01,74595.53,1776340839000
1776340840.55,40.55,0.61,0.62,0.38,0.39,0.01,0.01,74595.53,1776340839000
1776340841.216,41.216,0.6,0.61,0.39,0.4,0.01,0.01,74595.53,1776340839000
1776340841.55,41.55,0.71,0.76,0.24,0.29,0.05,0.05,74595.53,1776340839000
1776340841.892,41.892,0.74,0.77,0.23,0.27,0.03,0.04,74595.53,1776340839000
1776340842.231,42.231,0.75,0.76,0.24,0.25,0.01,0.01,74595.53,1776340839000
1776340842.565,42.565,0.71,0.76,0.24,0.29,0.05,0.05,74595.53,1776340839000
1776340842.941,42.941,0.75,0.76,0.24,0.25,0.01,0.01,74613.22,1776340841000
1776340843.316,43.316,0.75,0.76,0.24,0.25,0.01,0.01,74616.19,1776340842000
1776340843.65,43.65,0.75,0.76,0.24,0.25,0.01,0.01,74616.19,1776340842000
1776340843.996,43.996,0.76,0.77,0.23,0.24,0.01,0.01,74616.19,1776340842000
1776340844.356,44.356,0.76,0.77,0.23,0.24,0.01,0.01,74617.9,1776340843000
1776340844.761,44.761,0.76,0.77,0.23,0.24,0.01,0.01,74617.9,1776340843000
1776340845.166,45.166,0.76,0.77,0.23,0.24,0.01,0.01,74618.96,1776340844000
1776340845.507,45.507,0.77,0.78,0.22,0.23,0.01,0.01,74618.96,1776340844000
1776340845.841,45.841,0.77,0.78,0.22,0.23,0.01,0.01,74618.96,1776340844000
1776340846.207,46.207,0.77,0.78,0.22,0.23,0.01,0.01,74618.72,1776340845000
1776340846.61,46.61,0.77,0.78,0.22,0.23,0.01,0.01,74618.72,1776340845000
1776340847.018,47.018,0.77,0.78,0.22,0.23,0.01,0.01,74618.72,1776340845000
1776340847.385,47.385,0.78,0.79,0.21,0.22,0.01,0.01,74624.41,1776340846000
1776340847.779,47.779,0.78,0.79,0.21,0.22,0.01,0.01,74624.41,1776340846000
1776340848.186,48.186,0.78,0.79,0.21,0.22,0.01,0.01,74624.41,1776340846000
1776340848.55,48.55,0.78,0.79,0.21,0.22,0.01,0.01,74625.14,1776340847000
1776340848.952,48.952,0.78,0.79,0.21,0.22,0.01,0.01,74625.14,1776340847000
1776340849.359,49.359,0.78,0.79,0.21,0.22,0.01,0.01,74627.17,1776340848000
1776340849.76,49.76,0.76,0.77,0.22,0.23,0.01,0.01,74627.17,1776340848000
1776340850.273,50.273,0.76,0.77,0.23,0.24,0.01,0.01,74627.17,1776340849000
1776340850.716,50.716,0.75,0.76,0.24,0.25,0.01,0.01,74627.17,1776340849000
1776340851.144,51.144,0.74,0.76,0.24,0.26,0.02,0.02,74624.31,1776340850000
1776340851.575,51.575,0.75,0.76,0.24,0.25,0.01,0.01,74624.31,1776340850000
1776340851.913,51.913,0.74,0.76,0.24,0.26,0.02,0.02,74624.31,1776340850000
1776340852.33,52.33,0.73,0.76,0.24,0.27,0.03,0.03,74623.87,1776340851000
1776340852.736,52.736,0.74,0.76,0.24,0.25,0.02,0.01,74623.87,1776340851000
1776340853.106,53.106,0.74,0.75,0.25,0.26,0.01,0.01,74623.87,1776340851000
1776340853.481,53.481,0.74,0.75,0.25,0.26,0.01,0.01,74619.95,1776340852000
1776340853.955,53.955,0.74,0.75,0.25,0.26,0.01,0.01,74619.95,1776340852000
1776340854.372,54.372,0.73,0.75,0.25,0.26,0.02,0.01,74618.38,1776340853000
1776340854.835,54.835,0.74,0.75,0.25,0.26,0.01,0.01,74618.38,1776340853000
1776340855.391,55.391,0.73,0.75,0.25,0.26,0.02,0.01,74621.75,1776340854000
1776340855.742,55.742,0.74,0.77,0.23,0.26,0.03,0.03,74621.75,1776340854000
1776340856.125,56.125,0.79,0.83,0.17,0.21,0.04,0.04,74621.75,1776340854000
1776340856.49,56.49,0.8,0.81,0.19,0.2,0.01,0.01,74622.62,1776340855000
1776340856.877,56.877,0.81,0.82,0.18,0.19,0.01,0.01,74622.62,1776340855000
1776340857.312,57.312,0.81,0.82,0.18,0.19,0.01,0.01,74622.62,1776340855000
1776340857.666,57.666,0.82,0.83,0.17,0.18,0.01,0.01,74640.75,1776340856000
1776340858.09,58.09,0.84,0.85,0.15,0.16,0.01,0.01,74640.75,1776340856000
1776340858.427,58.427,0.84,0.85,0.15,0.16,0.01,0.01,74640.75,1776340856000
1776340858.787,58.787,0.85,0.86,0.14,0.15,0.01,0.01,74640.76,1776340857000
1776340859.167,59.167,0.85,0.86,0.14,0.15,0.01,0.01,74640.76,1776340857000
1776340859.522,59.522,0.85,0.86,0.14,0.15,0.01,0.01,74643.9,1776340858000
1776340859.878,59.878,0.85,0.86,0.14,0.15,0.01,0.01,74643.9,1776340858000
1776340860.229,60.229,0.85,0.87,0.13,0.15,0.02,0.02,74642.14,1776340859000
1776340861.192,61.192,0.86,0.87,0.13,0.14,0.01,0.01,74642.14,1776340859000
1776340861.537,61.537,0.86,0.87,0.13,0.14,0.01,0.01,74642.14,1776340859000
1776340861.927,61.927,0.86,0.87,0.13,0.14,0.01,0.01,74643.38,1776340860000
1776340862.263,62.263,0.86,0.87,0.13,0.14,0.01,0.01,74643.38,1776340860000
1776340862.819,62.819,0.86,0.88,0.13,0.14,0.02,0.01,74648.43,1776340861000
1776340863.179,63.179,0.88,0.89,0.11,0.13,0.01,0.02,74648.43,1776340861000
1776340863.521,63.521,0.88,0.9,0.1,0.12,0.02,0.02,74646.29,1776340862000
1776340863.884,63.884,0.89,0.9,0.1,0.11,0.01,0.01,74646.29,1776340862000
1776340864.267,64.267,0.89,0.9,0.1,0.11,0.01,0.01,74646.29,1776340862000
1776340864.607,64.607,0.89,0.9,0.1,0.11,0.01,0.01,74646.29,1776340862000
1776340864.971,64.971,0.87,0.88,0.1,0.13,0.01,0.03,74657.84,1776340863000
1776340865.336,65.336,0.88,0.89,0.11,0.12,0.01,0.01,74657.84,1776340863000
1776340865.669,65.669,0.88,0.89,0.11,0.12,0.01,0.01,74659.4,1776340864000
1776340866.012,66.012,0.89,0.9,0.1,0.11,0.01,0.01,74659.4,1776340864000
1776340866.371,66.371,0.89,0.91,0.09,0.11,0.02,0.02,74660.51,1776340865000
1776340866.716,66.716,0.9,0.91,0.09,0.1,0.01,0.01,74660.51,1776340865000
1776340867.452,67.452,0.9,0.91,0.09,0.1,0.01,0.01,74660.51,1776340865000
1776340867.785,67.785,0.9,0.91,0.09,0.1,0.01,0.01,74660.51,1776340865000
1776340868.141,68.141,0.91,0.92,0.08,0.1,0.01,0.02,74664.42,1776340866000
1776340868.495,68.495,0.91,0.92,0.08,0.09,0.01,0.01,74664.42,1776340866000
1776340868.857,68.857,0.91,0.92,0.08,0.09,0.01,0.01,74666.97,1776340867000
1776340869.271,69.271,0.91,0.92,0.08,0.09,0.01,0.01,74666.97,1776340867000
1776340869.751,69.751,0.91,0.92,0.08,0.09,0.01,0.01,74668.89,1776340868000
1776340870.102,70.102,0.91,0.92,0.08,0.09,0.01,0.01,74668.89,1776340868000
1776340870.486,70.486,0.91,0.92,0.08,0.09,0.01,0.01,74669.41,1776340869000
1776340870.888,70.888,0.92,0.93,0.07,0.08,0.01,0.01,74669.41,1776340869000
1776340871.222,71.222,0.92,0.93,0.07,0.08,0.01,0.01,74669.41,1776340869000
1776340871.618,71.618,0.92,0.93,0.07,0.08,0.01,0.01,74669.41,1776340869000
1776340871.965,71.965,0.92,0.93,0.07,0.08,0.01,0.01,74670.78,1776340870000
1776340872.317,72.317,0.93,0.94,0.06,0.07,0.01,0.01,74670.78,1776340870000
1776340872.687,72.687,0.93,0.94,0.06,0.07,0.01,0.01,74678.7,1776340871000
1776340873.051,73.051,0.93,0.94,0.06,0.07,0.01,0.01,74678.7,1776340871000
1776340873.475,73.475,0.93,0.94,0.06,0.07,0.01,0.01,74679.86,1776340872000
1776340873.849,73.849,0.93,0.95,0.06,0.07,0.02,0.01,74679.86,1776340872000
1776340874.296,74.296,0.94,0.95,0.05,0.06,0.01,0.01,74679.86,1776340872000
1776340874.651,74.651,0.94,0.95,0.05,0.06,0.01,0.01,74679.86,1776340872000
1776340874.989,74.989,0.94,0.95,0.05,0.06,0.01,0.01,74680.51,1776340873000
1776340875.374,75.374,0.94,0.95,0.05,0.06,0.01,0.01,74680.51,1776340873000
1776340875.789,75.789,0.94,0.95,0.05,0.06,0.01,0.01,74681.63,1776340874000
1776340876.229,76.229,0.94,0.95,0.05,0.06,0.01,0.01,74681.63,1776340874000
1776340876.718,76.718,0.92,0.93,0.05,0.08,0.01,0.03,74681.14,1776340875000
1776340877.08,77.08,0.92,0.93,0.07,0.08,0.01,0.01,74681.14,1776340875000
1776340877.419,77.419,0.92,0.93,0.07,0.08,0.01,0.01,74681.14,1776340875000
1776340877.807,77.807,0.92,0.93,0.07,0.08,0.01,0.01,74681.07,1776340876000
1776340878.385,78.385,0.93,0.94,0.06,0.08,0.01,0.02,74684.11,1776340877000
1776340878.742,78.742,0.93,0.94,0.06,0.07,0.01,0.01,74684.11,1776340877000
1776340879.112,79.112,0.94,0.95,0.05,0.06,0.01,0.01,74684.2,1776340878000
1776340879.51,79.51,0.94,0.95,0.05,0.06,0.01,0.01,74684.2,1776340878000
1776340879.933,79.933,0.94,0.95,0.05,0.06,0.01,0.01,74684.2,1776340878000
1776340880.283,80.283,0.94,0.95,0.05,0.06,0.01,0.01,74686.31,1776340879000
1776340880.686,80.686,0.95,0.96,0.04,0.05,0.01,0.01,74686.31,1776340879000
1776340881.031,81.031,0.92,0.93,0.07,0.08,0.01,0.01,74689.29,1776340880000
1776340881.37,81.37,0.92,0.93,0.07,0.08,0.01,0.01,74689.29,1776340880000
1776340881.725,81.725,0.92,0.93,0.07,0.08,0.01,0.01,74689.29,1776340880000
1776340882.128,82.128,0.92,0.93,0.06,0.08,0.01,0.02,74691.11,1776340881000
1776340882.505,82.505,0.92,0.93,0.07,0.08,0.01,0.01,74691.11,1776340881000
1776340882.94,82.94,0.92,0.93,0.07,0.08,0.01,0.01,74691.11,1776340881000
1776340883.303,83.303,0.92,0.93,0.07,0.08,0.01,0.01,74689.46,1776340882000
1776340883.719,83.719,0.92,0.93,0.07,0.08,0.01,0.01,74689.46,1776340882000
1776340884.101,84.101,0.92,0.93,0.07,0.08,0.01,0.01,74684.33,1776340883000
1776340884.486,84.486,0.93,0.94,0.06,0.07,0.01,0.01,74684.33,1776340883000
1776340884.932,84.932,0.93,0.94,0.06,0.07,0.01,0.01,74684.33,1776340883000
1776340885.506,85.506,0.93,0.94,0.06,0.07,0.01,0.01,74681.95,1776340884000
1776340885.842,85.842,0.92,0.94,0.06,0.07,0.02,0.01,74681.95,1776340884000
1776340886.271,86.271,0.92,0.93,0.07,0.08,0.01,0.01,74681.26,1776340885000
1776340886.631,86.631,0.92,0.93,0.07,0.08,0.01,0.01,74681.26,1776340885000
1776340887.257,87.257,0.92,0.93,0.07,0.08,0.01,0.01,74681.26,1776340885000
1776340887.643,87.643,0.92,0.93,0.07,0.08,0.01,0.01,74682.14,1776340886000
1776340887.984,87.984,0.91,0.92,0.07,0.09,0.01,0.02,74682.14,1776340886000
1776340888.327,88.327,0.9,0.91,0.09,0.1,0.01,0.01,74677.89,1776340887000
1776340888.663,88.663,0.9,0.91,0.09,0.1,0.01,0.01,74677.89,1776340887000
1776340889.019,89.019,0.9,0.91,0.09,0.1,0.01,0.01,74677.89,1776340887000
1776340889.365,89.365,0.9,0.91,0.09,0.1,0.01,0.01,74676.54,1776340888000
1776340889.745,89.745,0.9,0.91,0.09,0.1,0.01,0.01,74676.54,1776340888000
1776340890.085,90.085,0.9,0.91,0.09,0.1,0.01,0.01,74676.54,1776340888000
1776340890.44,90.44,0.9,0.91,0.09,0.1,0.01,0.01,74676.54,1776340888000
1776340890.796,90.796,0.9,0.92,0.08,0.1,0.02,0.02,74676.54,1776340888000
1776340891.141,91.141,0.91,0.92,0.08,0.09,0.01,0.01,74671.61,1776340889000
1776340891.747,91.747,0.91,0.92,0.08,0.09,0.01,0.01,74671.61,1776340889000
1776340892.129,92.129,0.91,0.92,0.08,0.09,0.01,0.01,74670.59,1776340890000
1776340892.526,92.526,0.91,0.92,0.08,0.09,0.01,0.01,74670.59,1776340890000
1776340893.162,93.162,0.91,0.94,0.08,0.09,0.03,0.01,74670.51,1776340891000
1776340893.537,93.537,0.92,0.94,0.06,0.08,0.02,0.02,74673.51,1776340892000
1776340893.903,93.903,0.92,0.94,0.07,0.08,0.02,0.01,74673.51,1776340892000
1776340894.239,94.239,0.93,0.94,0.06,0.07,0.01,0.01,74673.51,1776340892000
1776340894.868,94.868,0.93,0.94,0.06,0.07,0.01,0.01,74680.1,1776340893000
1776340895.324,95.324,0.93,0.94,0.06,0.07,0.01,0.01,74680.1,1776340893000
1776340895.672,95.672,0.93,0.94,0.06,0.07,0.01,0.01,74680.23,1776340894000
1776340896.089,96.089,0.94,0.95,0.05,0.07,0.01,0.02,74680.23,1776340894000
1776340896.703,96.703,0.94,0.95,0.05,0.06,0.01,0.01,74679.96,1776340895000
1776340897.076,97.076,0.94,0.95,0.05,0.06,0.01,0.01,74680.18,1776340896000
1776340897.854,97.854,0.94,0.95,0.05,0.06,0.01,0.01,74680.18,1776340896000
1776340898.233,98.233,0.94,0.95,0.05,0.06,0.01,0.01,74680.18,1776340896000
1776340898.62,98.62,0.94,0.95,0.05,0.06,0.01,0.01,74683.61,1776340897000
1776340899.277,99.277,0.94,0.95,0.05,0.06,0.01,0.01,74681.85,1776340898000
1776340899.628,99.628,0.94,0.95,0.05,0.06,0.01,0.01,74681.85,1776340898000
1776340899.967,99.967,0.94,0.95,0.05,0.06,0.01,0.01,74681.85,1776340898000
1776340900.333,100.333,0.94,0.95,0.05,0.06,0.01,0.01,74681.92,1776340899000
1776340900.973,100.973,0.94,0.95,0.05,0.06,0.01,0.01,74681.92,1776340899000
1776340901.527,101.527,0.94,0.95,0.05,0.06,0.01,0.01,74685.39,1776340900000
1776340901.889,101.889,0.94,0.95,0.05,0.06,0.01,0.01,74685.39,1776340900000
1776340902.227,102.227,0.94,0.95,0.05,0.06,0.01,0.01,74683.01,1776340901000
1776340902.607,102.607,0.94,0.95,0.05,0.06,0.01,0.01,74683.01,1776340901000
1776340903.072,103.072,0.95,0.96,0.04,0.05,0.01,0.01,74683.01,1776340901000
1776340903.453,103.453,0.95,0.96,0.04,0.05,0.01,0.01,74683.01,1776340901000
1776340903.818,103.818,0.95,0.96,0.04,0.05,0.01,0.01,74685.9,1776340902000
1776340904.153,104.153,0.94,0.95,0.05,0.06,0.01,0.01,74685.9,1776340902000
1776340904.539,104.539,0.92,0.94,0.06,0.08,0.02,0.02,74684.45,1776340903000
1776340904.883,104.883,0.92,0.93,0.07,0.09,0.01,0.02,74684.45,1776340903000
1776340905.22,105.22,0.92,0.93,0.07,0.08,0.01,0.01,74683.55,1776340904000
1776340905.614,105.614,0.92,0.93,0.07,0.08,0.01,0.01,74683.55,1776340904000
1776340906.096,106.096,0.92,0.93,0.07,0.08,0.01,0.01,74683.55,1776340904000
1776340906.458,106.458,0.92,0.93,0.07,0.08,0.01,0.01,74683.55,1776340904000
1776340906.854,106.854,0.92,0.93,0.07,0.08,0.01,0.01,74673.38,1776340905000
1776340907.468,107.468,0.92,0.93,0.07,0.08,0.01,0.01,74672.59,1776340906000
1776340907.885,107.885,0.92,0.93,0.07,0.08,0.01,0.01,74672.59,1776340906000
1776340908.242,108.242,0.92,0.93,0.07,0.08,0.01,0.01,74670.84,1776340907000
1776340908.576,108.576,0.92,0.93,0.07,0.08,0.01,0.01,74670.84,1776340907000
1776340909.178,109.178,0.92,0.93,0.07,0.08,0.01,0.01,74670.84,1776340907000
1776340909.591,109.591,0.92,0.93,0.07,0.08,0.01,0.01,74670.84,1776340907000
1776340909.991,109.991,0.94,0.95,0.05,0.07,0.01,0.02,74670.84,1776340907000
1776340910.331,110.331,0.92,0.95,0.05,0.06,0.03,0.01,74671.98,1776340909000
1776340910.693,110.693,0.94,0.95,0.05,0.06,0.01,0.01,74671.98,1776340909000
1776340911.065,111.065,0.94,0.95,0.05,0.06,0.01,0.01,74671.98,1776340909000
1776340911.492,111.492,0.94,0.95,0.05,0.06,0.01,0.01,74671.32,1776340910000
1776340911.837,111.837,0.94,0.95,0.05,0.06,0.01,0.01,74671.32,1776340910000
1776340912.234,112.234,0.92,0.93,0.07,0.08,0.01,0.01,74674.38,1776340911000
1776340912.618,112.618,0.92,0.93,0.07,0.08,0.01,0.01,74674.38,1776340911000
1776340913.203,113.203,0.92,0.93,0.07,0.08,0.01,0.01,74677.91,1776340912000
1776340913.559,113.559,0.92,0.93,0.07,0.08,0.01,0.01,74677.91,1776340912000
1776340913.914,113.914,0.92,0.93,0.07,0.08,0.01,0.01,74677.91,1776340912000
1776340914.409,114.409,0.92,0.93,0.07,0.08,0.01,0.01,74675.79,1776340913000
1776340914.76,114.76,0.92,0.93,0.07,0.08,0.01,0.01,74675.79,1776340913000
1776340915.128,115.128,0.92,0.93,0.07,0.08,0.01,0.01,74675.79,1776340913000
1776340915.469,115.469,0.92,0.93,0.07,0.08,0.01,0.01,74672.29,1776340914000
1776340915.823,115.823,0.92,0.93,0.07,0.08,0.01,0.01,74672.29,1776340914000
1776340916.175,116.175,0.92,0.93,0.07,0.08,0.01,0.01,74672.29,1776340915000
1776340916.631,116.631,0.92,0.93,0.07,0.08,0.01,0.01,74672.29,1776340915000
1776340917.016,117.016,0.92,0.93,0.07,0.08,0.01,0.01,74672.29,1776340915000
1776340917.351,117.351,0.92,0.93,0.07,0.08,0.01,0.01,74672.13,1776340916000
1776340917.733,117.733,0.92,0.93,0.07,0.08,0.01,0.01,74672.13,1776340916000
1776340918.106,118.106,0.92,0.93,0.07,0.08,0.01,0.01,74672.13,1776340916000
1776340918.451,118.451,0.92,0.93,0.07,0.08,0.01,0.01,74674.23,1776340917000
1776340918.814,118.814,0.92,0.93,0.07,0.08,0.01,0.01,74674.23,1776340917000
1776340919.204,119.204,0.92,0.95,0.05,0.08,0.03,0.03,74670.85,1776340918000
1776340919.719,119.719,0.93,0.94,0.06,0.07,0.01,0.01,74670.85,1776340918000
1776340920.11,120.11,0.93,0.94,0.06,0.07,0.01,0.01,74670.85,1776340918000
1776340920.455,120.455,0.93,0.94,0.06,0.07,0.01,0.01,74671.25,1776340919000
1776340920.799,120.799,0.93,0.94,0.06,0.07,0.01,0.01,74671.25,1776340919000
1776340921.166,121.166,0.93,0.94,0.06,0.07,0.01,0.01,74671.25,1776340919000
1776340921.542,121.542,0.93,0.94,0.06,0.07,0.01,0.01,74672.93,1776340920000
1776340922.118,122.118,0.93,0.94,0.06,0.07,0.01,0.01,74672.93,1776340920000
1776340922.697,122.697,0.94,0.96,0.04,0.06,0.02,0.02,74671.48,1776340921000
1776340923.093,123.093,0.95,0.96,0.04,0.05,0.01,0.01,74671.48,1776340921000
1776340923.652,123.652,0.95,0.96,0.03,0.05,0.01,0.02,74671.48,1776340921000
1776340924.132,124.132,0.96,0.97,0.03,0.04,0.01,0.01,74671.48,1776340921000
1776340924.616,124.616,0.96,0.97,0.03,0.04,0.01,0.01,74678.97,1776340923000
1776340925.009,125.009,0.96,0.97,0.03,0.04,0.01,0.01,74678.97,1776340923000
1776340925.415,125.415,0.96,0.97,0.03,0.04,0.01,0.01,74682.02,1776340924000
1776340925.907,125.907,0.96,0.97,0.03,0.04,0.01,0.01,74682.02,1776340924000
1776340926.566,126.566,0.96,0.97,0.03,0.04,0.01,0.01,74684.12,1776340925000
1776340927.026,127.026,0.96,0.97,0.03,0.04,0.01,0.01,74684.12,1776340925000
1776340927.429,127.429,0.96,0.97,0.03,0.04,0.01,0.01,74687.99,1776340926000
1776340927.921,127.921,0.96,0.97,0.03,0.04,0.01,0.01,74687.99,1776340926000
1776340928.257,128.257,0.96,0.97,0.03,0.04,0.01,0.01,74691.26,1776340927000
1776340929.213,129.213,0.96,0.97,0.03,0.04,0.01,0.01,74687.89,1776340928000
1776340929.553,129.553,0.96,0.97,0.03,0.04,0.01,0.01,74687.89,1776340928000
1776340930.091,130.091,0.95,0.96,0.04,0.05,0.01,0.01,74687.89,1776340928000
1776340930.448,130.448,0.95,0.96,0.04,0.05,0.01,0.01,74685.2,1776340929000
1776340931.269,131.269,0.95,0.96,0.04,0.05,0.01,0.01,74685.2,1776340929000
1776340931.735,131.735,0.95,0.96,0.04,0.05,0.01,0.01,74677.88,1776340930000
1776340932.312,132.312,0.95,0.96,0.04,0.05,0.01,0.01,74677.88,1776340930000
1776340932.648,132.648,0.95,0.96,0.04,0.05,0.01,0.01,74671.91,1776340931000
1776340933.065,133.065,0.95,0.96,0.04,0.05,0.01,0.01,74671.89,1776340932000
1776340933.402,133.402,0.95,0.96,0.04,0.05,0.01,0.01,74671.89,1776340932000
1776340933.742,133.742,0.95,0.96,0.04,0.05,0.01,0.01,74671.89,1776340932000
1776340934.094,134.094,0.95,0.96,0.04,0.05,0.01,0.01,74671.55,1776340933000
1776340934.688,134.688,0.95,0.96,0.04,0.05,0.01,0.01,74671.55,1776340933000
1776340935.064,135.064,0.95,0.97,0.03,0.05,0.02,0.02,74675.2,1776340934000
1776340935.405,135.405,0.96,0.97,0.03,0.04,0.01,0.01,74675.2,1776340934000
1776340935.809,135.809,0.96,0.97,0.03,0.04,0.01,0.01,74675.2,1776340934000
1776340936.3,136.3,0.96,0.97,0.03,0.04,0.01,0.01,74677.68,1776340935000
1776340937.041,137.041,0.96,0.97,0.03,0.04,0.01,0.01,74677.68,1776340935000
1776340937.4,137.4,0.95,0.96,0.04,0.05,0.01,0.01,74677.68,1776340935000
1776340938.021,138.021,0.95,0.96,0.04,0.05,0.01,0.01,74678.77,1776340936000
1776340938.451,138.451,0.95,0.96,0.04,0.05,0.01,0.01,74679.79,1776340937000
1776340938.787,138.787,0.95,0.96,0.03,0.05,0.01,0.02,74679.79,1776340937000
1776340939.287,139.287,0.96,0.97,0.03,0.04,0.01,0.01,74679.79,1776340937000
1776340939.623,139.623,0.96,0.97,0.03,0.04,0.01,0.01,74682.58,1776340938000
1776340939.973,139.973,0.96,0.97,0.03,0.04,0.01,0.01,74682.58,1776340938000
1776340940.351,140.351,0.96,0.97,0.03,0.04,0.01,0.01,74681.88,1776340939000
1776340940.689,140.689,0.96,0.97,0.03,0.04,0.01,0.01,74681.88,1776340939000
1776340941.032,141.032,0.96,0.97,0.03,0.04,0.01,0.01,74681.88,1776340939000
1776340941.471,141.471,0.96,0.97,0.03,0.04,0.01,0.01,74688.96,1776340940000
1776340941.848,141.848,0.96,0.97,0.03,0.04,0.01,0.01,74688.96,1776340940000
1776340942.205,142.205,0.97,0.98,0.02,0.03,0.01,0.01,74691.68,1776340941000
1776340942.617,142.617,0.98,0.99,0.01,0.03,0.01,0.02,74691.68,1776340941000
1776340942.954,142.954,0.98,0.99,0.01,0.02,0.01,0.01,74691.68,1776340941000
1776340943.378,143.378,0.98,0.99,0.01,0.02,0.01,0.01,74694.86,1776340942000
1776340943.716,143.716,0.98,0.99,0.01,0.02,0.01,0.01,74694.86,1776340942000
1776340944.06,144.06,0.98,0.99,0.01,0.02,0.01,0.01,74694.86,1776340942000
1776340944.433,144.433,0.98,0.99,0.01,0.02,0.01,0.01,74737.53,1776340943000
1776340944.777,144.777,0.97,0.98,0.01,0.03,0.01,0.02,74737.53,1776340943000
1776340945.227,145.227,0.97,0.98,0.02,0.03,0.01,0.01,74737.53,1776340943000
1776340945.614,145.614,0.95,0.98,0.02,0.03,0.03,0.01,74730.63,1776340944000
1776340946.103,146.103,0.97,0.98,0.02,0.03,0.01,0.01,74730.63,1776340944000
1776340946.449,146.449,0.98,0.99,0.01,0.02,0.01,0.01,74725.13,1776340945000
1776340946.801,146.801,0.97,0.98,0.02,0.03,0.01,0.01,74725.13,1776340945000
1776340947.251,147.251,0.98,0.99,0.01,0.02,0.01,0.01,74723.56,1776340946000
1776340947.621,147.621,0.98,0.99,0.01,0.02,0.01,0.01,74723.56,1776340946000
1776340948.046,148.046,0.98,0.99,0.01,0.02,0.01,0.01,74723.56,1776340946000
1776340948.508,148.508,0.98,0.99,0.01,0.02,0.01,0.01,74728.64,1776340947000
1776340948.967,148.967,0.98,0.99,0.01,0.02,0.01,0.01,74728.64,1776340947000
1776340949.373,149.373,0.98,0.99,0.01,0.02,0.01,0.01,74728.64,1776340947000
1776340949.793,149.793,0.98,0.99,0.01,0.02,0.01,0.01,74730.54,1776340948000
1776340950.296,150.296,0.98,0.99,0.01,0.02,0.01,0.01,74729.41,1776340949000
1776340950.638,150.638,0.98,0.99,0.01,0.02,0.01,0.01,74729.41,1776340949000
1776340951.107,151.107,0.98,0.99,0.01,0.02,0.01,0.01,74729.41,1776340949000
1776340951.467,151.467,0.98,0.99,0.01,0.02,0.01,0.01,74729.41,1776340949000
1776340951.843,151.843,0.98,0.99,0.01,0.02,0.01,0.01,74732.95,1776340950000
1776340952.231,152.231,0.98,0.99,0.01,0.02,0.01,0.01,74732.95,1776340950000
1776340952.679,152.679,0.95,0.99,0.01,0.05,0.04,0.04,74731.95,1776340951000
1776340953.071,153.071,0.98,0.99,0.01,0.02,0.01,0.01,74731.95,1776340951000
1776340953.44,153.44,0.98,0.99,0.01,0.02,0.01,0.01,74732.11,1776340952000
1776340954.107,154.107,0.98,0.99,0.01,0.02,0.01,0.01,74732.11,1776340952000
1776340954.491,154.491,0.98,0.99,0.01,0.02,0.01,0.01,74732.03,1776340953000
1776340954.831,154.831,0.98,0.99,0.01,0.02,0.01,0.01,74732.03,1776340953000
1776340955.364,155.364,0.98,0.99,0.01,0.02,0.01,0.01,74733.15,1776340954000
1776340955.744,155.744,0.98,0.99,0.01,0.02,0.01,0.01,74733.15,1776340954000
1776340956.237,156.237,0.98,0.99,0.01,0.02,0.01,0.01,74731.87,1776340955000
1776340956.64,156.64,0.98,0.99,0.01,0.02,0.01,0.01,74731.87,1776340955000
1776340957.38,157.38,0.98,0.99,0.01,0.02,0.01,0.01,74731.81,1776340956000
1776340957.904,157.904,0.98,0.99,0.01,0.02,0.01,0.01,74731.81,1776340956000
1776340958.287,158.287,0.98,0.99,0.01,0.02,0.01,0.01,74731.81,1776340956000
1776340958.688,158.688,0.98,0.99,0.01,0.02,0.01,0.01,74731.74,1776340957000
1776340959.167,159.167,0.98,0.99,0.01,0.02,0.01,0.01,74726.53,1776340958000
1776340959.548,159.548,0.98,0.99,0.01,0.02,0.01,0.01,74726.53,1776340958000
1776340959.922,159.922,0.98,0.99,0.01,0.02,0.01,0.01,74726.53,1776340958000
1776340960.352,160.352,0.98,0.99,0.01,0.02,0.01,0.01,74721.59,1776340959000
1776340961.064,161.064,0.98,0.99,0.01,0.02,0.01,0.01,74721.59,1776340959000
1776340961.476,161.476,0.98,0.99,0.01,0.02,0.01,0.01,74720.54,1776340960000
1776340962.274,162.274,0.98,0.99,0.01,0.02,0.01,0.01,74722.24,1776340961000
1776340962.704,162.704,0.98,0.99,0.01,0.02,0.01,0.01,74722.24,1776340961000
1776340963.299,163.299,0.98,0.99,0.01,0.02,0.01,0.01,74724.18,1776340962000
1776340963.715,163.715,0.98,0.99,0.01,0.02,0.01,0.01,74724.18,1776340962000
1776340964.425,164.425,0.98,0.99,0.01,0.02,0.01,0.01,74721.8,1776340963000
1776340964.768,164.768,0.98,0.99,0.01,0.02,0.01,0.01,74721.8,1776340963000
1776340965.151,165.151,0.98,0.99,0.01,0.02,0.01,0.01,74721.8,1776340964000
1776340965.628,165.628,0.98,0.99,0.01,0.02,0.01,0.01,74721.8,1776340964000
1776340966.209,166.209,0.98,0.99,0.01,0.02,0.01,0.01,74721.8,1776340964000
1776340966.98,166.98,0.98,0.99,0.01,0.02,0.01,0.01,74721.79,1776340965000
1776340967.342,167.342,0.99,0.99,0.01,0.02,0.0,0.01,74721.79,1776340965000
1776340967.705,167.705,0.99,0.99,0.01,0.01,0.0,0.0,74718.71,1776340966000
1776340968.315,168.315,0.99,0.99,0.01,0.01,0.0,0.0,74716.89,1776340967000
1776340968.737,168.737,0.99,0.99,0.01,0.01,0.0,0.0,74716.89,1776340967000
1776340969.73,169.73,0.99,0.99,0.01,0.01,0.0,0.0,74715.96,1776340968000
1776340970.23,170.23,0.99,0.99,0.01,0.01,0.0,0.0,74715.96,1776340968000
1776340971.002,171.002,0.99,0.99,0.01,0.01,0.0,0.0,74716.48,1776340969000
1776340971.424,171.424,0.99,0.99,0.01,0.01,0.0,0.0,74719.99,1776340970000
1776340972.356,172.356,0.99,0.99,0.01,0.01,0.0,0.0,74719.99,1776340970000
1776340972.83,172.83,0.99,0.99,0.01,0.01,0.0,0.0,74717.58,1776340971000
1776340973.178,173.178,0.99,0.99,0.01,0.01,0.0,0.0,74720.37,1776340972000
1776340973.942,173.942,0.99,0.99,0.01,0.01,0.0,0.0,74720.52,1776340973000
1776340974.84,174.84,0.99,0.99,0.01,0.01,0.0,0.0,74720.52,1776340973000
1776340975.542,175.542,0.99,0.99,0.01,0.01,0.0,0.0,74720.87,1776340974000
1776340976.24,176.24,0.99,0.99,0.01,0.01,0.0,0.0,74717.95,1776340975000
1776340976.891,176.891,0.99,0.99,0.01,0.01,0.0,0.0,74717.95,1776340975000
1776340977.276,177.276,0.99,0.99,0.01,0.01,0.0,0.0,74718.73,1776340976000
1776340978.09,178.09,0.99,0.99,0.01,0.01,0.0,0.0,74718.73,1776340976000
1776340979.305,179.305,0.99,0.99,0.01,0.01,0.0,0.0,74730.76,1776340978000
1776340980.404,180.404,0.99,0.99,0.01,0.01,0.0,0.0,74735.05,1776340979000
1776340981.372,181.372,0.99,0.99,0.01,0.01,0.0,0.0,74735.05,1776340979000
1776340981.808,181.808,0.99,0.99,0.01,0.01,0.0,0.0,74732.77,1776340980000
1776340982.63,182.63,0.99,0.99,0.01,0.01,0.0,0.0,74733.13,1776340981000
1776340982.986,182.986,0.99,0.99,0.01,0.01,0.0,0.0,74733.13,1776340981000
1776340983.971,183.971,0.99,0.99,0.01,0.01,0.0,0.0,74741.11,1776340982000
1776340984.394,184.394,0.99,0.99,0.01,0.01,0.0,0.0,74741.11,1776340982000
1776340984.95,184.95,0.99,0.99,0.01,0.01,0.0,0.0,74741.24,1776340984000
1776340986.072,186.072,0.99,0.99,0.01,0.01,0.0,0.0,74742.47,1776340985000
1776340986.661,186.661,0.99,0.99,0.01,0.01,0.0,0.0,74742.47,1776340985000
1776340987.064,187.064,0.99,0.99,0.01,0.01,0.0,0.0,74742.47,1776340985000
1776340987.682,187.682,0.99,0.99,0.01,0.01,0.0,0.0,74743.52,1776340986000
1776340988.528,188.528,0.99,0.99,0.01,0.01,0.0,0.0,74748.01,1776340987000
1776340989.108,189.108,0.99,0.99,0.01,0.01,0.0,0.0,74747.8,1776340988000
1776340990.114,190.114,0.99,0.99,0.01,0.01,0.0,0.0,74746.59,1776340989000
1776340991.433,191.433,0.99,0.99,0.01,0.01,0.0,0.0,74746.59,1776340989000
1776340993.454,193.454,0.99,0.99,0.01,0.01,0.0,0.0,74746.59,1776340989000
1776340993.85,193.85,0.99,0.99,0.01,0.01,0.0,0.0,74746.59,1776340989000
1776340994.654,194.654,0.99,0.99,0.01,0.01,0.0,0.0,74746.59,1776340989000
1776340995.102,195.102,0.99,0.99,0.01,0.01,0.0,0.0,74746.59,1776340989000
1776340995.805,195.805,0.99,0.99,0.01,0.01,0.0,0.0,74746.59,1776340989000
1776340996.368,196.368,0.99,0.99,0.01,0.01,0.0,0.0,74746.59,1776340989000
1776340997.316,197.316,0.99,0.99,0.01,0.01,0.0,0.0,74746.59,1776340989000
1776340997.835,197.835,0.99,0.99,0.01,0.01,0.0,0.0,74746.59,1776340989000
1776340998.558,198.558,0.99,0.99,0.01,0.01,0.0,0.0,74733.62,1776340997000
1776340999.077,199.077,0.99,0.99,0.01,0.01,0.0,0.0,74733.53,1776340998000
1776341000.142,200.142,0.99,0.99,0.01,0.01,0.0,0.0,74732.51,1776340999000
1776341001.21,201.21,0.99,0.99,0.01,0.01,0.0,0.0,74731.3,1776341000000
1776341001.706,201.706,0.99,0.99,0.01,0.01,0.0,0.0,74731.3,1776341000000
1776341002.399,202.399,0.99,0.99,0.01,0.01,0.0,0.0,74731.04,1776341001000
1776341002.884,202.884,0.99,0.99,0.01,0.01,0.0,0.0,74731.04,1776341001000
1776341004.167,204.167,0.99,0.99,0.01,0.01,0.0,0.0,74739.32,1776341003000
1776341004.858,204.858,0.99,0.99,0.01,0.01,0.0,0.0,74739.32,1776341003000
1776341006.282,206.282,0.99,0.99,0.01,0.01,0.0,0.0,74740.38,1776341005000
1776341007.48,207.48,0.99,0.99,0.01,0.01,0.0,0.0,74740.34,1776341006000
1776341007.859,207.859,0.99,0.99,0.01,0.01,0.0,0.0,74740.34,1776341006000
1776341009.334,209.334,0.99,0.99,0.01,0.01,0.0,0.0,74740.34,1776341008000
1776341009.907,209.907,0.99,0.99,0.01,0.01,0.0,0.0,74740.34,1776341008000
1776341010.436,210.436,0.99,0.99,0.01,0.01,0.0,0.0,74740.34,1776341008000
1776341011.696,211.696,0.99,0.99,0.01,0.01,0.0,0.0,74740.34,1776341010000
1776341012.043,212.043,0.99,0.99,0.01,0.01,0.0,0.0,74740.64,1776341011000
1776341013.057,213.057,0.99,0.99,0.01,0.01,0.0,0.0,74740.6,1776341012000
1776341013.564,213.564,0.99,0.99,0.01,0.01,0.0,0.0,74740.6,1776341012000
1776341013.99,213.99,0.99,0.99,0.01,0.01,0.0,0.0,74740.45,1776341013000
1776341015.021,215.021,0.99,0.99,0.01,0.01,0.0,0.0,74740.47,1776341014000
1776341015.434,215.434,0.99,0.99,0.01,0.01,0.0,0.0,74740.47,1776341014000
1776341015.941,215.941,0.99,0.99,0.01,0.01,0.0,0.0,74740.6,1776341015000
1776341016.905,216.905,0.99,0.99,0.01,0.01,0.0,0.0,74741.76,1776341016000
1776341017.969,217.969,0.99,0.99,0.01,0.01,0.0,0.0,74742.23,1776341017000
1776341019.038,219.038,0.99,0.99,0.01,0.01,0.0,0.0,74741.39,1776341018000
1776341020.086,220.086,0.99,0.99,0.01,0.01,0.0,0.0,74740.3,1776341019000
1776341021.086,221.086,0.99,0.99,0.01,0.01,0.0,0.0,74740.66,1776341020000
1776341021.512,221.512,0.99,0.99,0.01,0.01,0.0,0.0,74740.66,1776341020000
1776341022.114,222.114,0.99,0.99,0.01,0.01,0.0,0.0,74740.61,1776341021000
1776341022.454,222.454,0.99,0.99,0.01,0.01,0.0,0.0,74740.61,1776341021000
1776341023.156,223.156,0.99,0.99,0.01,0.01,0.0,0.0,74740.81,1776341022000
1776341024.71,224.71,0.99,0.99,0.01,0.01,0.0,0.0,74740.24,1776341023000
1776341025.25,225.25,0.99,0.99,0.01,0.01,0.0,0.0,74740.65,1776341024000
1776341026.323,226.323,0.99,0.99,0.01,0.01,0.0,0.0,74741.07,1776341025000
1776341027.316,227.316,0.99,0.99,0.01,0.01,0.0,0.0,74741.07,1776341025000
1776341027.993,227.993,0.99,0.99,0.01,0.01,0.0,0.0,74741.49,1776341027000
1776341028.956,228.956,0.99,0.99,0.01,0.01,0.0,0.0,74739.44,1776341028000
1776341029.92,229.92,0.99,0.99,0.01,0.01,0.0,0.0,74738.98,1776341029000
1776341030.853,230.853,0.99,0.99,0.01,0.01,0.0,0.0,74738.98,1776341029000
1776341031.669,231.669,0.99,0.99,0.01,0.01,0.0,0.0,74739.62,1776341030000
1776341032.023,232.023,0.99,0.99,0.01,0.01,0.0,0.0,74739.62,1776341031000
1776341033.016,233.016,0.99,0.99,0.01,0.01,0.0,0.0,74742.69,1776341032000
1776341034.176,234.176,0.99,0.99,0.01,0.01,0.0,0.0,74741.83,1776341033000
1776341035.212,235.212,0.99,0.99,0.01,0.01,0.0,0.0,74741.41,1776341034000
1776341036.288,236.288,0.99,0.99,0.01,0.01,0.0,0.0,74740.91,1776341035000
1776341036.887,236.887,0.99,0.99,0.01,0.01,0.0,0.0,74740.91,1776341035000
1776341037.297,237.297,0.99,0.99,0.01,0.01,0.0,0.0,74740.35,1776341036000
1776341038.329,238.329,0.99,0.99,0.01,0.01,0.0,0.0,74740.03,1776341037000
1776341040.048,240.048,0.99,0.99,0.01,0.01,0.0,0.0,74738.43,1776341038000
1776341041.019,241.019,0.99,0.99,0.01,0.01,0.0,0.0,74738.95,1776341039000
1776341041.794,241.794,0.99,0.99,0.01,0.01,0.0,0.0,74738.99,1776341040000
1776341042.593,242.593,0.99,0.99,0.01,0.01,0.0,0.0,74741.27,1776341041000
1776341043.502,243.502,0.99,0.99,0.01,0.01,0.0,0.0,74744.68,1776341042000
1776341044.331,244.331,0.99,0.99,0.01,0.01,0.0,0.0,74746.06,1776341043000
1776341045.1,245.1,0.99,0.99,0.01,0.01,0.0,0.0,74748.09,1776341044000
1776341046.657,246.657,0.99,0.99,0.01,0.01,0.0,0.0,74748.42,1776341045000
1776341047.389,247.389,0.99,0.99,0.01,0.01,0.0,0.0,74748.56,1776341046000
1776341048.121,248.121,0.99,0.99,0.01,0.01,0.0,0.0,74749.03,1776341047000
1776341049.64,249.64,0.99,0.99,0.01,0.01,0.0,0.0,74752.22,1776341048000
1776341050.229,250.229,0.99,0.99,0.01,0.01,0.0,0.0,74752.22,1776341048000
1776341051.838,251.838,0.99,0.99,0.01,0.01,0.0,0.0,74752.2,1776341050000
1776341052.851,252.851,0.99,0.99,0.01,0.01,0.0,0.0,74752.2,1776341051000
1776341053.557,253.557,0.99,0.99,0.01,0.01,0.0,0.0,74752.2,1776341052000
1776341054.275,254.275,0.99,0.99,0.01,0.01,0.0,0.0,74752.2,1776341053000
1776341055.325,255.325,0.99,0.99,0.01,0.01,0.0,0.0,74752.2,1776341053000
1776341056.561,256.561,0.99,0.99,0.01,0.01,0.0,0.0,74758.02,1776341055000
1776341057.184,257.184,0.99,0.99,0.01,0.01,0.0,0.0,74758.59,1776341056000
1776341058.375,258.375,0.99,0.99,0.01,0.01,0.0,0.0,74756.22,1776341057000
1776341058.964,258.964,0.99,0.99,0.01,0.01,0.0,0.0,74756.69,1776341058000
1776341060.54,260.54,0.99,0.99,0.01,0.01,0.0,0.0,74758.31,1776341059000
1776341061.091,261.091,0.99,0.99,0.01,0.01,0.0,0.0,74758.32,1776341060000
1776341062.664,262.664,0.99,0.99,0.01,0.01,0.0,0.0,74757.58,1776341061000
1776341063.022,263.022,0.99,0.99,0.01,0.01,0.0,0.0,74757.58,1776341061000
1776341064.716,264.716,0.99,0.99,0.01,0.01,0.0,0.0,74757.71,1776341063000
1776341065.316,265.316,0.99,0.99,0.01,0.01,0.0,0.0,74757.23,1776341064000
1776341066.304,266.304,0.99,0.99,0.01,0.01,0.0,0.0,74757.23,1776341064000
1776341067.104,267.104,0.99,0.99,0.01,0.01,0.0,0.0,74755.86,1776341066000
1776341068.943,268.943,0.99,0.99,0.01,0.01,0.0,0.0,74754.3,1776341067000
1776341069.578,269.578,0.99,0.99,0.01,0.01,0.0,0.0,74754.3,1776341067000
1776341069.952,269.952,0.99,0.99,0.01,0.01,0.0,0.0,74755.36,1776341068000
1776341070.286,270.286,0.99,0.99,0.01,0.01,0.0,0.0,74755.43,1776341069000
1776341071.022,271.022,0.99,0.99,0.01,0.01,0.0,0.0,74755.38,1776341070000
1776341072.309,272.309,0.99,0.99,0.01,0.01,0.0,0.0,74748.16,1776341071000
1776341073.408,273.408,0.99,0.99,0.01,0.01,0.0,0.0,74748.16,1776341071000
1776341073.923,273.923,0.99,0.99,0.01,0.01,0.0,0.0,74747.91,1776341072000
1776341074.6,274.6,0.99,0.99,0.01,0.01,0.0,0.0,74747.91,1776341072000
1776341075.303,275.303,0.99,0.99,0.01,0.01,0.0,0.0,74748.29,1776341074000
1776341076.218,276.218,0.99,0.99,0.01,0.01,0.0,0.0,74748.29,1776341074000
1776341076.565,276.565,0.99,0.99,0.01,0.01,0.0,0.0,74748.56,1776341075000
1776341077.253,277.253,0.99,0.99,0.01,0.01,0.0,0.0,74748.44,1776341076000
1776341078.494,278.494,0.99,0.99,0.01,0.01,0.0,0.0,74745.73,1776341077000
1776341079.043,279.043,0.99,0.99,0.01,0.01,0.0,0.0,74744.93,1776341078000
1776341080.104,280.104,0.99,0.99,0.01,0.01,0.0,0.0,74744.93,1776341078000
1776341081.359,281.359,0.99,0.99,0.01,0.01,0.0,0.0,74745.18,1776341080000
1776341082.1,282.1,0.99,0.99,0.01,0.01,0.0,0.0,74745.8,1776341081000
1776341083.197,283.197,0.99,0.99,0.01,0.01,0.0,0.0,74746.92,1776341082000
1776341084.381,284.381,0.99,0.99,0.01,0.01,0.0,0.0,74750.33,1776341083000
1776341084.923,284.923,0.99,0.99,0.01,0.01,0.0,0.0,74748.01,1776341084000
1776341085.492,285.492,0.99,0.99,0.01,0.01,0.0,0.0,74748.01,1776341084000
1776341086.089,286.089,0.99,0.99,0.01,0.01,0.0,0.0,74745.98,1776341085000
1776341086.484,286.484,0.99,0.99,0.01,0.01,0.0,0.0,74745.98,1776341085000
1776341087.263,287.263,0.99,0.99,0.01,0.01,0.0,0.0,74745.94,1776341086000
1776341088.231,288.231,0.99,0.99,0.01,0.01,0.0,0.0,74745.94,1776341086000
1776341089.229,289.229,0.99,0.99,0.01,0.01,0.0,0.0,74748.08,1776341088000
1776341090.386,290.386,0.99,0.99,0.01,0.01,0.0,0.0,74746.96,1776341089000
1776341091.081,291.081,0.99,0.99,0.01,0.01,0.0,0.0,74748.45,1776341090000
1776341092.076,292.076,0.99,0.99,0.01,0.01,0.0,0.0,74748.16,1776341091000
1776341092.993,292.993,0.99,0.99,0.01,0.01,0.0,0.0,74747.54,1776341092000
1776341094.471,294.471,0.99,0.99,0.01,0.01,0.0,0.0,74747.02,1776341093000
1776341095.013,295.013,0.99,0.99,0.01,0.01,0.0,0.0,74747.76,1776341094000
1776341096.302,296.302,0.99,0.99,0.01,0.01,0.0,0.0,74746.46,1776341095000
1776341097.426,297.426,0.99,0.99,0.01,0.01,0.0,0.0,74745.73,1776341096000
1776341097.961,297.961,0.99,0.99,0.01,0.01,0.0,0.0,74746.34,1776341097000
1776341099.017,299.017,0.99,0.99,0.01,0.01,0.0,0.0,74747.12,1776341098000
1776341100.153,300.153,0.99,0.99,0.01,0.01,0.0,0.0,74747.27,1776341099000
1776341100.933,300.933,0.99,0.99,0.01,0.01,0.0,0.0,74747.27,1776341099000

# RESULT,winner=Up,slug=btc-updown-5m-1776340800,ticks=555
