timestamp,elapsed_sec,up_bid,up_ask,down_bid,down_ask,up_spread,down_spread,btc_price,btc_oracle_ts
1776446100.646,0.646,0.53,0.54,0.46,0.48,0.01,0.02,77536.5,1776446099000
1776446101.087,1.087,0.53,0.54,0.46,0.47,0.01,0.01,77536.5,1776446099000
1776446101.491,1.491,0.53,0.54,0.46,0.47,0.01,0.01,77537,1776446100000
1776446101.878,1.878,0.53,0.54,0.46,0.47,0.01,0.01,77537,1776446100000
1776446102.227,2.227,0.52,0.53,0.47,0.48,0.01,0.01,77537,1776446100000
1776446102.588,2.588,0.5,0.51,0.49,0.5,0.01,0.01,77537,1776446101000
1776446102.976,2.976,0.5,0.51,0.49,0.5,0.01,0.01,77537,1776446101000
1776446103.34,3.34,0.5,0.51,0.49,0.5,0.01,0.01,77537,1776446101000
1776446103.676,3.676,0.5,0.51,0.49,0.5,0.01,0.01,77537,1776446101000
1776446104.011,4.011,0.5,0.51,0.49,0.5,0.01,0.01,77536.17,1776446102000
1776446104.352,4.352,0.5,0.51,0.49,0.5,0.01,0.01,77536.17,1776446102000
1776446104.729,4.729,0.5,0.51,0.49,0.5,0.01,0.01,77536.17,1776446102000
1776446105.13,5.13,0.5,0.51,0.49,0.5,0.01,0.01,77525.67,1776446103000
1776446105.571,5.571,0.49,0.51,0.49,0.51,0.02,0.02,77525.3,1776446104000
1776446105.912,5.912,0.49,0.5,0.5,0.51,0.01,0.01,77525.3,1776446104000
1776446106.34,6.34,0.49,0.5,0.5,0.51,0.01,0.01,77525.3,1776446104000
1776446106.789,6.789,0.49,0.5,0.5,0.51,0.01,0.01,77525.3,1776446105000
1776446107.552,7.552,0.49,0.5,0.5,0.51,0.01,0.01,77525.2,1776446106000
1776446107.921,7.921,0.51,0.52,0.48,0.5,0.01,0.02,77525.2,1776446106000
1776446108.257,8.257,0.51,0.52,0.48,0.49,0.01,0.01,77525.2,1776446106000
1776446108.694,8.694,0.51,0.52,0.48,0.49,0.01,0.01,77525.38,1776446107000
1776446109.152,9.152,0.51,0.52,0.48,0.49,0.01,0.01,77525.38,1776446107000
1776446109.511,9.511,0.51,0.52,0.48,0.49,0.01,0.01,77525.3,1776446108000
1776446110.031,10.031,0.51,0.52,0.48,0.49,0.01,0.01,77525.3,1776446108000
1776446110.462,10.462,0.51,0.52,0.48,0.49,0.01,0.01,77532.34,1776446109000
1776446110.811,10.811,0.54,0.55,0.45,0.46,0.01,0.01,77532.34,1776446109000
1776446111.182,11.182,0.54,0.55,0.45,0.46,0.01,0.01,77532.34,1776446109000
1776446111.569,11.569,0.55,0.56,0.44,0.46,0.01,0.02,77532.34,1776446109000
1776446111.902,11.902,0.55,0.56,0.44,0.45,0.01,0.01,77538.77,1776446110000
1776446112.388,12.388,0.55,0.56,0.44,0.45,0.01,0.01,77538.77,1776446110000
1776446112.754,12.754,0.56,0.57,0.43,0.44,0.01,0.01,77543.54,1776446111000
1776446113.2,13.2,0.56,0.57,0.43,0.44,0.01,0.01,77543.54,1776446111000
1776446113.655,13.655,0.56,0.57,0.43,0.44,0.01,0.01,77554.87,1776446112000
1776446114.021,14.021,0.56,0.58,0.43,0.44,0.02,0.01,77554.87,1776446112000
1776446114.528,14.528,0.58,0.59,0.41,0.42,0.01,0.01,77554.87,1776446112000
1776446114.862,14.862,0.58,0.59,0.41,0.42,0.01,0.01,77554.87,1776446112000
1776446115.235,15.235,0.58,0.59,0.41,0.42,0.01,0.01,77555.98,1776446113000
1776446115.898,15.898,0.58,0.59,0.41,0.42,0.01,0.01,77555.98,1776446113000
1776446116.233,16.233,0.58,0.59,0.41,0.42,0.01,0.01,77556.14,1776446115000
1776446116.568,16.568,0.62,0.64,0.36,0.38,0.02,0.02,77556.14,1776446115000
1776446116.921,16.921,0.62,0.63,0.37,0.38,0.01,0.01,77556.14,1776446115000
1776446117.28,17.28,0.62,0.63,0.37,0.38,0.01,0.01,77556.14,1776446115000
1776446117.622,17.622,0.62,0.63,0.37,0.38,0.01,0.01,77559.02,1776446116000
1776446118.056,18.056,0.62,0.63,0.37,0.38,0.01,0.01,77563.66,1776446117000
1776446118.475,18.475,0.62,0.63,0.37,0.38,0.01,0.01,77563.66,1776446117000
1776446118.822,18.822,0.62,0.63,0.37,0.39,0.01,0.02,77563.66,1776446117000
1776446119.194,19.194,0.61,0.62,0.37,0.39,0.01,0.02,77563.66,1776446117000
1776446119.767,19.767,0.61,0.62,0.38,0.39,0.01,0.01,77579.01,1776446118000
1776446120.246,20.246,0.61,0.62,0.38,0.39,0.01,0.01,77579.01,1776446118000
1776446120.707,20.707,0.61,0.62,0.38,0.39,0.01,0.01,77575.18,1776446119000
1776446121.203,21.203,0.61,0.62,0.38,0.39,0.01,0.01,77568.39,1776446120000
1776446121.752,21.752,0.61,0.62,0.38,0.39,0.01,0.01,77568.39,1776446120000
1776446122.165,22.165,0.61,0.63,0.37,0.39,0.02,0.02,77568.39,1776446120000
1776446122.57,22.57,0.63,0.65,0.35,0.37,0.02,0.02,77569.06,1776446121000
1776446122.998,22.998,0.63,0.65,0.36,0.37,0.02,0.01,77569.06,1776446121000
1776446123.332,23.332,0.64,0.67,0.34,0.36,0.03,0.02,77570.18,1776446122000
1776446123.684,23.684,0.65,0.66,0.33,0.35,0.01,0.02,77570.18,1776446122000
1776446124.037,24.037,0.66,0.67,0.33,0.34,0.01,0.01,77570.18,1776446122000
1776446124.423,24.423,0.66,0.67,0.33,0.34,0.01,0.01,77579.91,1776446123000
1776446124.804,24.804,0.66,0.67,0.33,0.34,0.01,0.01,77579.91,1776446123000
1776446125.142,25.142,0.66,0.67,0.33,0.34,0.01,0.01,77579.91,1776446123000
1776446125.485,25.485,0.66,0.67,0.33,0.34,0.01,0.01,77589.22,1776446124000
1776446125.824,25.824,0.66,0.67,0.33,0.34,0.01,0.01,77589.22,1776446124000
1776446126.212,26.212,0.66,0.67,0.33,0.34,0.01,0.01,77589.22,1776446124000
1776446126.589,26.589,0.66,0.67,0.33,0.34,0.01,0.01,77592.94,1776446125000
1776446126.935,26.935,0.66,0.67,0.33,0.34,0.01,0.01,77592.94,1776446126000
1776446127.756,27.756,0.66,0.67,0.33,0.34,0.01,0.01,77592.94,1776446126000
1776446128.276,28.276,0.66,0.67,0.33,0.34,0.01,0.01,77592.94,1776446126000
1776446128.779,28.779,0.66,0.67,0.33,0.34,0.01,0.01,77592.15,1776446127000
1776446129.217,29.217,0.66,0.67,0.33,0.34,0.01,0.01,77591.92,1776446128000
1776446129.811,29.811,0.66,0.67,0.33,0.34,0.01,0.01,77591.92,1776446128000
1776446130.188,30.188,0.66,0.67,0.33,0.34,0.01,0.01,77592.17,1776446129000
1776446130.536,30.536,0.66,0.67,0.33,0.34,0.01,0.01,77592.17,1776446129000
1776446130.969,30.969,0.66,0.67,0.33,0.34,0.01,0.01,77592.17,1776446129000
1776446131.311,31.311,0.66,0.67,0.33,0.34,0.01,0.01,77592.17,1776446129000
1776446131.818,31.818,0.67,0.68,0.33,0.34,0.01,0.01,77592.17,1776446129000
1776446132.323,32.323,0.67,0.68,0.32,0.33,0.01,0.01,77593.11,1776446130000
1776446132.659,32.659,0.67,0.68,0.32,0.33,0.01,0.01,77593.11,1776446130000
1776446133.016,33.016,0.67,0.68,0.32,0.33,0.01,0.01,77593.11,1776446130000
1776446133.398,33.398,0.66,0.67,0.33,0.34,0.01,0.01,77588.89,1776446132000
1776446133.831,33.831,0.66,0.67,0.33,0.34,0.01,0.01,77588.89,1776446132000
1776446134.241,34.241,0.66,0.67,0.33,0.34,0.01,0.01,77587.32,1776446133000
1776446134.824,34.824,0.66,0.67,0.33,0.34,0.01,0.01,77587.32,1776446133000
1776446135.257,35.257,0.66,0.67,0.33,0.34,0.01,0.01,77587.32,1776446133000
1776446135.655,35.655,0.66,0.67,0.33,0.34,0.01,0.01,77586.55,1776446134000
1776446136.135,36.135,0.66,0.67,0.33,0.34,0.01,0.01,77586.55,1776446135000
1776446136.935,36.935,0.66,0.67,0.33,0.34,0.01,0.01,77586.55,1776446135000
1776446137.565,37.565,0.66,0.67,0.33,0.34,0.01,0.01,77586.82,1776446136000
1776446137.9,37.9,0.63,0.65,0.35,0.37,0.02,0.02,77586.82,1776446136000
1776446138.291,38.291,0.63,0.64,0.36,0.38,0.01,0.02,77586.82,1776446136000
1776446138.625,38.625,0.63,0.64,0.36,0.37,0.01,0.01,77586.82,1776446136000
1776446138.979,38.979,0.63,0.65,0.35,0.37,0.02,0.02,77569.89,1776446137000
1776446139.504,39.504,0.63,0.64,0.36,0.37,0.01,0.01,77571.86,1776446138000
1776446140.041,40.041,0.63,0.64,0.36,0.37,0.01,0.01,77573.21,1776446139000
1776446140.4,40.4,0.63,0.64,0.36,0.37,0.01,0.01,77573.21,1776446139000
1776446140.855,40.855,0.63,0.64,0.36,0.37,0.01,0.01,77573.21,1776446139000
1776446141.248,41.248,0.63,0.64,0.36,0.37,0.01,0.01,77573.21,1776446139000
1776446141.934,41.934,0.63,0.64,0.36,0.37,0.01,0.01,77577.15,1776446140000
1776446142.616,42.616,0.63,0.64,0.36,0.37,0.01,0.01,77575.09,1776446141000
1776446143.048,43.048,0.63,0.64,0.36,0.37,0.01,0.01,77575.09,1776446141000
1776446143.4,43.4,0.63,0.64,0.36,0.37,0.01,0.01,77575.09,1776446142000
1776446143.81,43.81,0.63,0.64,0.36,0.37,0.01,0.01,77575.09,1776446142000
1776446144.331,44.331,0.63,0.64,0.36,0.37,0.01,0.01,77575.53,1776446143000
1776446144.744,44.744,0.63,0.64,0.36,0.37,0.01,0.01,77575.53,1776446143000
1776446145.222,45.222,0.62,0.64,0.36,0.38,0.02,0.02,77576.17,1776446144000
1776446146.208,46.208,0.62,0.64,0.36,0.38,0.02,0.02,77576.15,1776446145000
1776446146.552,46.552,0.62,0.63,0.37,0.38,0.01,0.01,77576.15,1776446145000
1776446146.888,46.888,0.62,0.63,0.37,0.38,0.01,0.01,77576.15,1776446145000
1776446147.285,47.285,0.62,0.63,0.37,0.38,0.01,0.01,77576.15,1776446145000
1776446147.78,47.78,0.62,0.63,0.37,0.38,0.01,0.01,77576.59,1776446146000
1776446148.144,48.144,0.62,0.63,0.37,0.38,0.01,0.01,77576.59,1776446146000
1776446148.515,48.515,0.61,0.62,0.37,0.39,0.01,0.02,77576.59,1776446146000
1776446148.878,48.878,0.6,0.61,0.39,0.4,0.01,0.01,77577.17,1776446147000
1776446149.22,49.22,0.58,0.6,0.39,0.42,0.02,0.03,77577.17,1776446147000
1776446149.618,49.618,0.57,0.59,0.41,0.43,0.02,0.02,77577.17,1776446147000
1776446149.982,49.982,0.55,0.56,0.44,0.45,0.01,0.01,77575.9,1776446148000
1776446150.382,50.382,0.55,0.56,0.44,0.45,0.01,0.01,77575.9,1776446148000
1776446150.788,50.788,0.57,0.58,0.42,0.43,0.01,0.01,77569.62,1776446149000
1776446151.168,51.168,0.58,0.59,0.41,0.42,0.01,0.01,77559.94,1776446150000
1776446151.548,51.548,0.58,0.59,0.41,0.42,0.01,0.01,77559.94,1776446150000
1776446151.979,51.979,0.58,0.59,0.41,0.42,0.01,0.01,77559.94,1776446150000
1776446152.407,52.407,0.58,0.59,0.41,0.42,0.01,0.01,77555.45,1776446151000
1776446152.884,52.884,0.57,0.58,0.41,0.43,0.01,0.02,77555.45,1776446151000
1776446153.232,53.232,0.56,0.57,0.43,0.45,0.01,0.02,77562.85,1776446152000
1776446153.575,53.575,0.55,0.56,0.44,0.45,0.01,0.01,77562.85,1776446152000
1776446153.988,53.988,0.56,0.57,0.43,0.45,0.01,0.02,77562.85,1776446152000
1776446154.344,54.344,0.56,0.57,0.43,0.44,0.01,0.01,77562.85,1776446153000
1776446154.697,54.697,0.56,0.57,0.43,0.44,0.01,0.01,77562.85,1776446153000
1776446155.113,55.113,0.56,0.57,0.43,0.44,0.01,0.01,77557.75,1776446154000
1776446155.548,55.548,0.56,0.57,0.43,0.44,0.01,0.01,77557.75,1776446154000
1776446155.997,55.997,0.56,0.57,0.43,0.44,0.01,0.01,77557.75,1776446154000
1776446156.331,56.331,0.56,0.57,0.43,0.44,0.01,0.01,77553.51,1776446155000
1776446156.721,56.721,0.54,0.55,0.43,0.46,0.01,0.03,77553.51,1776446155000
1776446157.211,57.211,0.54,0.55,0.45,0.46,0.01,0.01,77553.51,1776446156000
1776446157.703,57.703,0.54,0.55,0.45,0.46,0.01,0.01,77553.51,1776446156000
1776446158.056,58.056,0.55,0.56,0.44,0.45,0.01,0.01,77553.51,1776446156000
1776446158.659,58.659,0.56,0.57,0.43,0.44,0.01,0.01,77551.34,1776446157000
1776446159.025,59.025,0.57,0.58,0.42,0.44,0.01,0.02,77551.34,1776446157000
1776446159.427,59.427,0.58,0.59,0.41,0.42,0.01,0.01,77548.92,1776446158000
1776446159.927,59.927,0.59,0.6,0.4,0.42,0.01,0.02,77548.92,1776446158000
1776446160.265,60.265,0.59,0.61,0.4,0.41,0.02,0.01,77549.39,1776446159000
1776446160.612,60.612,0.6,0.61,0.39,0.4,0.01,0.01,77549.39,1776446159000
1776446160.947,60.947,0.61,0.62,0.39,0.4,0.01,0.01,77549.39,1776446159000
1776446161.331,61.331,0.61,0.62,0.38,0.39,0.01,0.01,77552.22,1776446160000
1776446161.688,61.688,0.61,0.62,0.38,0.39,0.01,0.01,77552.22,1776446160000
1776446162.205,62.205,0.61,0.62,0.38,0.39,0.01,0.01,77559.99,1776446161000
1776446162.653,62.653,0.61,0.62,0.38,0.39,0.01,0.01,77559.99,1776446161000
1776446162.989,62.989,0.62,0.63,0.37,0.38,0.01,0.01,77559.99,1776446161000
1776446163.329,63.329,0.63,0.64,0.37,0.38,0.01,0.01,77561.53,1776446162000
1776446163.663,63.663,0.64,0.65,0.35,0.36,0.01,0.01,77561.53,1776446162000
1776446164.005,64.005,0.64,0.65,0.35,0.36,0.01,0.01,77561.53,1776446162000
1776446164.355,64.355,0.64,0.65,0.35,0.36,0.01,0.01,77563.29,1776446163000
1776446164.803,64.803,0.64,0.65,0.35,0.36,0.01,0.01,77563.29,1776446163000
1776446165.22,65.22,0.64,0.65,0.35,0.36,0.01,0.01,77563.29,1776446163000
1776446165.607,65.607,0.64,0.65,0.35,0.36,0.01,0.01,77573.25,1776446164000
1776446166.008,66.008,0.64,0.65,0.35,0.36,0.01,0.01,77573.25,1776446164000
1776446166.432,66.432,0.64,0.65,0.35,0.36,0.01,0.01,77576.5,1776446165000
1776446167.078,67.078,0.64,0.65,0.35,0.36,0.01,0.01,77576.5,1776446165000
1776446167.586,67.586,0.64,0.65,0.35,0.36,0.01,0.01,77577.33,1776446166000
1776446167.93,67.93,0.64,0.65,0.35,0.36,0.01,0.01,77577.33,1776446166000
1776446168.295,68.295,0.64,0.65,0.35,0.36,0.01,0.01,77578.45,1776446167000
1776446168.812,68.812,0.64,0.65,0.35,0.36,0.01,0.01,77578.45,1776446167000
1776446169.608,69.608,0.64,0.65,0.35,0.36,0.01,0.01,77577.88,1776446168000
1776446170.013,70.013,0.64,0.65,0.35,0.36,0.01,0.01,77577.88,1776446168000
1776446170.544,70.544,0.64,0.65,0.35,0.36,0.01,0.01,77576.27,1776446169000
1776446171.409,71.409,0.64,0.65,0.35,0.36,0.01,0.01,77576.27,1776446169000
1776446171.776,71.776,0.64,0.65,0.35,0.36,0.01,0.01,77576.48,1776446170000
1776446172.114,72.114,0.64,0.65,0.35,0.36,0.01,0.01,77576.48,1776446171000
1776446172.487,72.487,0.64,0.65,0.35,0.36,0.01,0.01,77576.48,1776446171000
1776446173.072,73.072,0.64,0.65,0.35,0.36,0.01,0.01,77576.71,1776446172000
1776446174.016,74.016,0.64,0.65,0.35,0.36,0.01,0.01,77578.43,1776446173000
1776446174.484,74.484,0.66,0.68,0.33,0.34,0.02,0.01,77578.43,1776446173000
1776446175.129,75.129,0.67,0.68,0.32,0.33,0.01,0.01,77578.43,1776446173000
1776446175.531,75.531,0.67,0.68,0.32,0.33,0.01,0.01,77578.43,1776446173000
1776446176.145,76.145,0.67,0.68,0.32,0.33,0.01,0.01,77588.5,1776446175000
1776446176.487,76.487,0.67,0.68,0.32,0.33,0.01,0.01,77588.5,1776446175000
1776446176.865,76.865,0.67,0.68,0.32,0.33,0.01,0.01,77588.5,1776446175000
1776446177.246,77.246,0.67,0.68,0.32,0.33,0.01,0.01,77588.5,1776446175000
1776446177.802,77.802,0.67,0.68,0.32,0.33,0.01,0.01,77588.27,1776446176000
1776446178.293,78.293,0.66,0.68,0.32,0.33,0.02,0.01,77588.27,1776446176000
1776446178.649,78.649,0.64,0.65,0.35,0.36,0.01,0.01,77588.43,1776446177000
1776446179.017,79.017,0.64,0.65,0.35,0.36,0.01,0.01,77588.43,1776446177000
1776446179.355,79.355,0.63,0.64,0.36,0.37,0.01,0.01,77588.43,1776446178000
1776446179.768,79.768,0.63,0.64,0.36,0.37,0.01,0.01,77588.43,1776446178000
1776446180.301,80.301,0.63,0.64,0.36,0.37,0.01,0.01,77585.21,1776446179000
1776446180.752,80.752,0.63,0.64,0.36,0.37,0.01,0.01,77585.21,1776446179000
1776446181.164,81.164,0.63,0.64,0.36,0.37,0.01,0.01,77585.21,1776446179000
1776446181.538,81.538,0.63,0.64,0.36,0.37,0.01,0.01,77573.31,1776446180000
1776446181.941,81.941,0.63,0.64,0.36,0.37,0.01,0.01,77573.31,1776446180000
1776446182.285,82.285,0.63,0.64,0.36,0.37,0.01,0.01,77573.31,1776446180000
1776446182.8,82.8,0.63,0.64,0.36,0.37,0.01,0.01,77573.8,1776446181000
1776446183.152,83.152,0.65,0.67,0.33,0.35,0.02,0.02,77572.78,1776446182000
1776446183.677,83.677,0.66,0.67,0.33,0.34,0.01,0.01,77572.78,1776446182000
1776446184.132,84.132,0.67,0.68,0.32,0.34,0.01,0.02,77572.78,1776446182000
1776446184.519,84.519,0.67,0.68,0.32,0.33,0.01,0.01,77572.78,1776446183000
1776446185.13,85.13,0.69,0.7,0.31,0.32,0.01,0.01,77572.78,1776446183000
1776446185.486,85.486,0.69,0.7,0.3,0.31,0.01,0.01,77578.34,1776446184000
1776446185.876,85.876,0.69,0.7,0.3,0.31,0.01,0.01,77578.34,1776446184000
1776446186.28,86.28,0.69,0.7,0.3,0.31,0.01,0.01,77582.11,1776446185000
1776446186.775,86.775,0.69,0.7,0.3,0.31,0.01,0.01,77582.11,1776446185000
1776446187.287,87.287,0.69,0.7,0.3,0.31,0.01,0.01,77587.17,1776446186000
1776446187.678,87.678,0.69,0.7,0.3,0.31,0.01,0.01,77587.17,1776446186000
1776446188.013,88.013,0.68,0.7,0.3,0.31,0.02,0.01,77587.17,1776446186000
1776446188.392,88.392,0.67,0.68,0.31,0.38,0.01,0.07,77588.89,1776446187000
1776446188.758,88.758,0.64,0.68,0.32,0.33,0.04,0.01,77588.89,1776446187000
1776446189.142,89.142,0.64,0.65,0.35,0.36,0.01,0.01,77588.89,1776446187000
1776446189.574,89.574,0.66,0.67,0.33,0.34,0.01,0.01,77587.35,1776446188000
1776446189.95,89.95,0.66,0.67,0.33,0.34,0.01,0.01,77586.89,1776446189000
1776446190.323,90.323,0.66,0.67,0.33,0.34,0.01,0.01,77586.89,1776446189000
1776446190.667,90.667,0.66,0.67,0.33,0.34,0.01,0.01,77586.89,1776446189000
1776446191.025,91.025,0.66,0.67,0.33,0.34,0.01,0.01,77586.89,1776446189000
1776446191.495,91.495,0.66,0.67,0.33,0.34,0.01,0.01,77587.47,1776446190000
1776446191.855,91.855,0.66,0.67,0.33,0.34,0.01,0.01,77587.47,1776446190000
1776446192.273,92.273,0.66,0.67,0.33,0.34,0.01,0.01,77587.47,1776446190000
1776446192.61,92.61,0.66,0.67,0.33,0.34,0.01,0.01,77587.47,1776446190000
1776446193.008,93.008,0.66,0.67,0.33,0.34,0.01,0.01,77589.01,1776446191000
1776446193.396,93.396,0.66,0.67,0.33,0.34,0.01,0.01,77588.85,1776446192000
1776446193.959,93.959,0.66,0.67,0.33,0.34,0.01,0.01,77588.85,1776446192000
1776446194.327,94.327,0.66,0.67,0.33,0.34,0.01,0.01,77588.85,1776446193000
1776446194.682,94.682,0.68,0.69,0.31,0.32,0.01,0.01,77588.85,1776446193000
1776446195.267,95.267,0.69,0.7,0.3,0.32,0.01,0.02,77588.85,1776446193000
1776446195.692,95.692,0.69,0.7,0.3,0.31,0.01,0.01,77588.85,1776446193000
1776446196.249,96.249,0.69,0.7,0.3,0.31,0.01,0.01,77589.23,1776446194000
1776446196.613,96.613,0.69,0.7,0.3,0.31,0.01,0.01,77589.79,1776446195000
1776446197.16,97.16,0.69,0.7,0.3,0.31,0.01,0.01,77589.79,1776446195000
1776446197.51,97.51,0.69,0.7,0.3,0.31,0.01,0.01,77590.87,1776446196000
1776446197.993,97.993,0.69,0.7,0.3,0.31,0.01,0.01,77590.87,1776446196000
1776446198.44,98.44,0.69,0.7,0.3,0.31,0.01,0.01,77591.01,1776446197000
1776446198.939,98.939,0.69,0.7,0.3,0.31,0.01,0.01,77591.01,1776446197000
1776446199.614,99.614,0.69,0.7,0.3,0.31,0.01,0.01,77591.08,1776446198000
1776446199.985,99.985,0.67,0.68,0.32,0.33,0.01,0.01,77591.08,1776446198000
1776446200.332,100.332,0.67,0.68,0.32,0.33,0.01,0.01,77590.88,1776446199000
1776446200.853,100.853,0.67,0.68,0.32,0.33,0.01,0.01,77590.88,1776446199000
1776446201.395,101.395,0.67,0.68,0.32,0.33,0.01,0.01,77590.91,1776446200000
1776446201.773,101.773,0.67,0.68,0.32,0.33,0.01,0.01,77590.91,1776446200000
1776446202.162,102.162,0.67,0.68,0.32,0.33,0.01,0.01,77588.51,1776446201000
1776446202.53,102.53,0.67,0.68,0.32,0.33,0.01,0.01,77588.51,1776446201000
1776446202.905,102.905,0.67,0.7,0.32,0.33,0.03,0.01,77588.51,1776446201000
1776446203.484,103.484,0.69,0.7,0.3,0.31,0.01,0.01,77586.46,1776446202000
1776446203.853,103.853,0.69,0.7,0.3,0.31,0.01,0.01,77586.46,1776446202000
1776446204.209,104.209,0.73,0.75,0.26,0.27,0.02,0.01,77586.46,1776446202000
1776446204.554,104.554,0.74,0.75,0.25,0.26,0.01,0.01,77587.5,1776446203000
1776446204.908,104.908,0.74,0.75,0.25,0.26,0.01,0.01,77587.5,1776446203000
1776446205.266,105.266,0.74,0.76,0.25,0.26,0.02,0.01,77587.5,1776446203000
1776446205.618,105.618,0.75,0.76,0.24,0.25,0.01,0.01,77592.73,1776446204000
1776446206.445,106.445,0.75,0.76,0.24,0.25,0.01,0.01,77592.73,1776446204000
1776446206.838,106.838,0.75,0.76,0.24,0.25,0.01,0.01,77606.04,1776446205000
1776446207.336,107.336,0.75,0.76,0.24,0.25,0.01,0.01,77606.14,1776446206000
1776446207.741,107.741,0.75,0.76,0.24,0.25,0.01,0.01,77606.14,1776446206000
1776446208.243,108.243,0.75,0.76,0.24,0.25,0.01,0.01,77606.14,1776446206000
1776446208.614,108.614,0.75,0.76,0.24,0.25,0.01,0.01,77606.02,1776446207000
1776446209.009,109.009,0.75,0.76,0.24,0.25,0.01,0.01,77606.02,1776446207000
1776446209.459,109.459,0.75,0.76,0.24,0.25,0.01,0.01,77606.02,1776446207000
1776446209.813,109.813,0.75,0.76,0.24,0.25,0.01,0.01,77606.02,1776446207000
1776446210.492,110.492,0.75,0.76,0.24,0.25,0.01,0.01,77606.26,1776446209000
1776446210.841,110.841,0.7,0.71,0.29,0.3,0.01,0.01,77606.26,1776446209000
1776446211.223,111.223,0.68,0.69,0.31,0.32,0.01,0.01,77606.26,1776446209000
1776446211.637,111.637,0.68,0.69,0.31,0.32,0.01,0.01,77608.18,1776446210000
1776446212.021,112.021,0.68,0.69,0.31,0.32,0.01,0.01,77608.18,1776446210000
1776446212.375,112.375,0.7,0.71,0.29,0.32,0.01,0.03,77608.18,1776446210000
1776446212.724,112.724,0.71,0.72,0.28,0.3,0.01,0.02,77608.18,1776446210000
1776446213.098,113.098,0.73,0.74,0.26,0.27,0.01,0.01,77600.36,1776446211000
1776446213.432,113.432,0.73,0.75,0.26,0.27,0.02,0.01,77600.36,1776446211000
1776446213.774,113.774,0.74,0.75,0.25,0.26,0.01,0.01,77593.85,1776446212000
1776446214.124,114.124,0.74,0.75,0.25,0.26,0.01,0.01,77593.85,1776446212000
1776446214.487,114.487,0.74,0.75,0.25,0.26,0.01,0.01,77593.85,1776446212000
1776446215.17,115.17,0.74,0.75,0.25,0.26,0.01,0.01,77603.02,1776446214000
1776446215.596,115.596,0.74,0.75,0.25,0.26,0.01,0.01,77603.02,1776446214000
1776446216.022,116.022,0.74,0.75,0.25,0.26,0.01,0.01,77603.02,1776446214000
1776446216.547,116.547,0.74,0.75,0.25,0.26,0.01,0.01,77603.2,1776446215000
1776446217.048,117.048,0.74,0.75,0.25,0.26,0.01,0.01,77603.4,1776446216000
1776446217.401,117.401,0.75,0.76,0.25,0.26,0.01,0.01,77603.4,1776446216000
1776446218.112,118.112,0.75,0.76,0.24,0.25,0.01,0.01,77603.4,1776446216000
1776446218.508,118.508,0.75,0.76,0.24,0.25,0.01,0.01,77603.47,1776446217000
1776446218.939,118.939,0.75,0.76,0.24,0.25,0.01,0.01,77603.47,1776446217000
1776446219.286,119.286,0.74,0.75,0.24,0.26,0.01,0.02,77603.82,1776446218000
1776446220.316,120.316,0.74,0.75,0.25,0.26,0.01,0.01,77603.84,1776446219000
1776446220.715,120.715,0.74,0.75,0.25,0.26,0.01,0.01,77603.84,1776446219000
1776446221.121,121.121,0.74,0.75,0.25,0.26,0.01,0.01,77603.84,1776446219000
1776446221.611,121.611,0.75,0.76,0.24,0.25,0.01,0.01,77603.84,1776446219000
1776446221.961,121.961,0.76,0.77,0.23,0.25,0.01,0.02,77603.55,1776446220000
1776446222.372,122.372,0.76,0.77,0.23,0.24,0.01,0.01,77603.39,1776446221000
1776446222.715,122.715,0.75,0.77,0.23,0.24,0.02,0.01,77603.39,1776446221000
1776446223.231,123.231,0.72,0.73,0.26,0.28,0.01,0.02,77603.39,1776446221000
1776446223.617,123.617,0.71,0.72,0.28,0.29,0.01,0.01,77603.39,1776446221000
1776446224.076,124.076,0.7,0.71,0.29,0.3,0.01,0.01,77607.12,1776446222000
1776446224.426,124.426,0.68,0.69,0.31,0.32,0.01,0.01,77607.54,1776446223000
1776446224.791,124.791,0.68,0.69,0.31,0.32,0.01,0.01,77607.54,1776446223000
1776446225.159,125.159,0.65,0.66,0.34,0.35,0.01,0.01,77607.54,1776446223000
1776446225.543,125.543,0.65,0.66,0.34,0.35,0.01,0.01,77598.19,1776446224000
1776446225.903,125.903,0.66,0.67,0.33,0.34,0.01,0.01,77598.19,1776446224000
1776446226.444,126.444,0.66,0.67,0.33,0.34,0.01,0.01,77592.0,1776446225000
1776446227.036,127.036,0.66,0.67,0.33,0.34,0.01,0.01,77592.0,1776446225000
1776446227.457,127.457,0.67,0.68,0.32,0.34,0.01,0.02,77592.0,1776446225000
1776446227.897,127.897,0.67,0.68,0.32,0.33,0.01,0.01,77592.0,1776446225000
1776446228.609,128.609,0.68,0.69,0.31,0.32,0.01,0.01,77582.23,1776446226000
1776446228.96,128.96,0.69,0.71,0.29,0.31,0.02,0.02,77582.23,1776446226000
1776446229.331,129.331,0.7,0.71,0.29,0.3,0.01,0.01,77583.57,1776446227000
1776446229.67,129.67,0.73,0.76,0.26,0.27,0.03,0.01,77583.57,1776446227000
1776446230.086,130.086,0.74,0.76,0.24,0.26,0.02,0.02,77583.37,1776446228000
1776446230.649,130.649,0.74,0.76,0.24,0.26,0.02,0.02,77585.31,1776446229000
1776446231.535,131.535,0.74,0.76,0.24,0.26,0.02,0.02,77594.28,1776446230000
1776446231.952,131.952,0.75,0.76,0.24,0.25,0.01,0.01,77594.28,1776446230000
1776446232.31,132.31,0.75,0.76,0.24,0.25,0.01,0.01,77601.61,1776446231000
1776446232.644,132.644,0.75,0.76,0.24,0.25,0.01,0.01,77601.61,1776446231000
1776446233.094,133.094,0.75,0.76,0.24,0.25,0.01,0.01,77601.61,1776446231000
1776446233.592,133.592,0.75,0.76,0.24,0.25,0.01,0.01,77601.61,1776446231000
1776446234.127,134.127,0.75,0.76,0.24,0.25,0.01,0.01,77602.05,1776446232000
1776446234.748,134.748,0.75,0.76,0.24,0.25,0.01,0.01,77602.05,1776446232000
1776446235.28,135.28,0.76,0.77,0.23,0.24,0.01,0.01,77603.16,1776446233000
1776446236.055,136.055,0.77,0.79,0.23,0.24,0.02,0.01,77603.09,1776446234000
1776446236.426,136.426,0.8,0.81,0.19,0.2,0.01,0.01,77603.09,1776446235000
1776446236.769,136.769,0.81,0.82,0.18,0.19,0.01,0.01,77603.09,1776446235000
1776446237.126,137.126,0.81,0.82,0.18,0.19,0.01,0.01,77603.09,1776446235000
1776446237.469,137.469,0.81,0.82,0.18,0.19,0.01,0.01,77603.09,1776446235000
1776446237.827,137.827,0.81,0.82,0.18,0.19,0.01,0.01,77613.32,1776446236000
1776446238.359,138.359,0.81,0.82,0.18,0.19,0.01,0.01,77613.32,1776446236000
1776446238.786,138.786,0.81,0.82,0.18,0.19,0.01,0.01,77618.6,1776446237000
1776446239.168,139.168,0.81,0.82,0.18,0.19,0.01,0.01,77618.6,1776446237000
1776446239.718,139.718,0.82,0.83,0.17,0.19,0.01,0.02,77622.04,1776446238000
1776446240.145,140.145,0.82,0.83,0.17,0.18,0.01,0.01,77622.04,1776446238000
1776446240.618,140.618,0.82,0.83,0.17,0.18,0.01,0.01,77622.25,1776446239000
1776446241.096,141.096,0.82,0.83,0.17,0.18,0.01,0.01,77622.25,1776446239000
1776446241.595,141.595,0.82,0.83,0.17,0.18,0.01,0.01,77622.28,1776446240000
1776446242.08,142.08,0.82,0.83,0.17,0.18,0.01,0.01,77624.17,1776446241000
1776446242.427,142.427,0.82,0.83,0.17,0.18,0.01,0.01,77624.17,1776446241000
1776446242.791,142.791,0.82,0.83,0.17,0.18,0.01,0.01,77624.17,1776446241000
1776446243.138,143.138,0.82,0.83,0.17,0.18,0.01,0.01,77624.17,1776446241000
1776446243.497,143.497,0.82,0.83,0.17,0.18,0.01,0.01,77624.17,1776446241000
1776446244.021,144.021,0.82,0.83,0.16,0.17,0.01,0.01,77623.67,1776446242000
1776446244.509,144.509,0.82,0.83,0.17,0.18,0.01,0.01,77623.13,1776446243000
1776446244.848,144.848,0.82,0.83,0.17,0.18,0.01,0.01,77623.13,1776446243000
1776446245.236,145.236,0.82,0.83,0.17,0.18,0.01,0.01,77623.13,1776446243000
1776446245.6,145.6,0.82,0.83,0.17,0.18,0.01,0.01,77623.13,1776446243000
1776446246.022,146.022,0.82,0.83,0.17,0.18,0.01,0.01,77625.16,1776446244000
1776446246.366,146.366,0.82,0.83,0.17,0.18,0.01,0.01,77625.16,1776446245000
1776446247.452,147.452,0.81,0.83,0.17,0.18,0.02,0.01,77625.16,1776446245000
1776446248.019,148.019,0.79,0.8,0.17,0.21,0.01,0.04,77624.83,1776446246000
1776446248.369,148.369,0.78,0.8,0.2,0.22,0.02,0.02,77624.74,1776446247000
1776446248.731,148.731,0.78,0.79,0.21,0.22,0.01,0.01,77624.74,1776446247000
1776446249.075,149.075,0.78,0.79,0.21,0.22,0.01,0.01,77624.74,1776446247000
1776446249.534,149.534,0.77,0.78,0.21,0.22,0.01,0.01,77620.7,1776446248000
1776446249.912,149.912,0.76,0.77,0.22,0.24,0.01,0.02,77620.7,1776446248000
1776446250.317,150.317,0.75,0.76,0.24,0.25,0.01,0.01,77611.11,1776446249000
1776446250.65,150.65,0.74,0.76,0.24,0.26,0.02,0.02,77611.11,1776446249000
1776446250.987,150.987,0.73,0.74,0.26,0.27,0.01,0.01,77611.11,1776446249000
1776446251.398,151.398,0.7,0.72,0.28,0.3,0.02,0.02,77611.11,1776446249000
1776446251.745,151.745,0.69,0.7,0.3,0.31,0.01,0.01,77610.31,1776446250000
1776446252.093,152.093,0.69,0.7,0.3,0.31,0.01,0.01,77610.31,1776446250000
1776446252.494,152.494,0.69,0.71,0.3,0.31,0.02,0.01,77596.74,1776446251000
1776446252.879,152.879,0.69,0.7,0.3,0.31,0.01,0.01,77596.74,1776446251000
1776446253.221,153.221,0.69,0.7,0.3,0.31,0.01,0.01,77596.74,1776446251000
1776446253.784,153.784,0.69,0.7,0.3,0.31,0.01,0.01,77584.31,1776446252000
1776446254.19,154.19,0.68,0.69,0.3,0.31,0.01,0.01,77581.16,1776446253000
1776446254.553,154.553,0.68,0.69,0.31,0.32,0.01,0.01,77581.16,1776446253000
1776446254.955,154.955,0.68,0.69,0.31,0.32,0.01,0.01,77581.16,1776446253000
1776446255.383,155.383,0.68,0.69,0.31,0.32,0.01,0.01,77582.69,1776446254000
1776446256.02,156.02,0.68,0.69,0.31,0.32,0.01,0.01,77583.59,1776446255000
1776446256.441,156.441,0.68,0.69,0.31,0.32,0.01,0.01,77583.59,1776446255000
1776446256.824,156.824,0.68,0.69,0.31,0.32,0.01,0.01,77583.59,1776446255000
1776446257.243,157.243,0.68,0.69,0.31,0.32,0.01,0.01,77580.84,1776446256000
1776446257.802,157.802,0.68,0.69,0.31,0.32,0.01,0.01,77580.84,1776446256000
1776446258.136,158.136,0.7,0.71,0.29,0.3,0.01,0.01,77580.84,1776446257000
1776446258.507,158.507,0.7,0.71,0.29,0.3,0.01,0.01,77580.84,1776446257000
1776446258.876,158.876,0.7,0.71,0.29,0.3,0.01,0.01,77580.84,1776446257000
1776446259.329,159.329,0.7,0.71,0.29,0.3,0.01,0.01,77581.26,1776446258000
1776446259.976,159.976,0.7,0.71,0.29,0.3,0.01,0.01,77581.26,1776446258000
1776446260.331,160.331,0.74,0.75,0.25,0.26,0.01,0.01,77581.34,1776446259000
1776446260.681,160.681,0.74,0.75,0.25,0.26,0.01,0.01,77581.34,1776446259000
1776446261.113,161.113,0.74,0.75,0.25,0.26,0.01,0.01,77587.04,1776446260000
1776446261.82,161.82,0.74,0.76,0.24,0.26,0.02,0.02,77587.04,1776446260000
1776446262.406,162.406,0.74,0.76,0.24,0.26,0.02,0.02,77598.03,1776446261000
1776446262.923,162.923,0.75,0.77,0.23,0.25,0.02,0.02,77598.03,1776446261000
1776446263.288,163.288,0.74,0.75,0.25,0.26,0.01,0.01,77597.32,1776446262000
1776446263.696,163.696,0.74,0.75,0.24,0.26,0.01,0.02,77597.32,1776446262000
1776446264.03,164.03,0.73,0.75,0.25,0.27,0.02,0.02,77597.32,1776446262000
1776446264.369,164.369,0.73,0.74,0.26,0.27,0.01,0.01,77592.0,1776446263000
1776446264.711,164.711,0.73,0.74,0.26,0.27,0.01,0.01,77592.0,1776446263000
1776446265.074,165.074,0.72,0.73,0.26,0.28,0.01,0.02,77592.0,1776446263000
1776446265.443,165.443,0.71,0.72,0.28,0.29,0.01,0.01,77585.33,1776446264000
1776446265.814,165.814,0.71,0.72,0.28,0.29,0.01,0.01,77585.33,1776446264000
1776446266.316,166.316,0.71,0.72,0.28,0.29,0.01,0.01,77582.56,1776446265000
1776446266.926,166.926,0.71,0.72,0.28,0.29,0.01,0.01,77582.21,1776446266000
1776446267.992,167.992,0.7,0.72,0.28,0.3,0.02,0.02,77582.45,1776446267000
1776446269.037,169.037,0.7,0.72,0.28,0.3,0.02,0.02,77564.98,1776446268000
1776446269.854,169.854,0.68,0.69,0.3,0.31,0.01,0.01,77564.98,1776446268000
1776446270.234,170.234,0.67,0.69,0.3,0.33,0.02,0.03,77558.09,1776446269000
1776446270.709,170.709,0.66,0.69,0.31,0.34,0.03,0.03,77558.09,1776446269000
1776446271.234,171.234,0.66,0.67,0.33,0.34,0.01,0.01,77552.73,1776446270000
1776446271.569,171.569,0.64,0.69,0.31,0.36,0.05,0.05,77552.73,1776446270000
1776446271.943,171.943,0.6,0.66,0.33,0.38,0.06,0.05,77552.73,1776446270000
1776446272.371,172.371,0.6,0.61,0.39,0.4,0.01,0.01,77550.4,1776446271000
1776446272.721,172.721,0.6,0.61,0.39,0.4,0.01,0.01,77550.4,1776446271000
1776446273.101,173.101,0.6,0.61,0.39,0.4,0.01,0.01,77550.4,1776446271000
1776446273.441,173.441,0.59,0.6,0.4,0.41,0.01,0.01,77544.53,1776446272000
1776446273.933,173.933,0.59,0.61,0.4,0.41,0.02,0.01,77544.53,1776446272000
1776446275.364,175.364,0.59,0.6,0.39,0.41,0.01,0.02,77543.73,1776446273000
1776446275.834,175.834,0.6,0.61,0.39,0.4,0.01,0.01,77549.7,1776446274000
1776446276.193,176.193,0.6,0.61,0.39,0.4,0.01,0.01,77548.41,1776446275000
1776446276.531,176.531,0.6,0.61,0.39,0.4,0.01,0.01,77548.41,1776446275000
1776446277.17,177.17,0.58,0.6,0.4,0.42,0.02,0.02,77539.73,1776446276000
1776446277.514,177.514,0.57,0.6,0.4,0.42,0.03,0.02,77539.73,1776446276000
1776446277.964,177.964,0.57,0.59,0.4,0.43,0.02,0.03,77539.73,1776446276000
1776446278.312,178.312,0.57,0.61,0.41,0.43,0.04,0.02,77539.73,1776446277000
1776446278.699,178.699,0.57,0.59,0.41,0.43,0.02,0.02,77539.73,1776446277000
1776446279.039,179.039,0.57,0.59,0.41,0.43,0.02,0.02,77539.73,1776446277000
1776446279.375,179.375,0.57,0.58,0.42,0.43,0.01,0.01,77538.85,1776446278000
1776446279.711,179.711,0.58,0.6,0.4,0.42,0.02,0.02,77538.85,1776446278000
1776446280.064,180.064,0.6,0.61,0.39,0.4,0.01,0.01,77538.85,1776446278000
1776446280.786,180.786,0.6,0.62,0.38,0.4,0.02,0.02,77537.82,1776446279000
1776446281.133,181.133,0.6,0.62,0.38,0.4,0.02,0.02,77541.8,1776446280000
1776446281.61,181.61,0.6,0.63,0.37,0.4,0.03,0.03,77541.8,1776446280000
1776446282.271,182.271,0.59,0.63,0.37,0.4,0.04,0.03,77541.8,1776446280000
1776446282.746,182.746,0.59,0.63,0.37,0.41,0.04,0.04,77560.48,1776446281000
1776446283.113,183.113,0.59,0.63,0.4,0.41,0.04,0.01,77560.48,1776446281000
1776446283.532,183.532,0.6,0.61,0.39,0.41,0.01,0.02,77564.21,1776446282000
1776446283.973,183.973,0.6,0.61,0.38,0.4,0.01,0.02,77564.21,1776446282000
1776446284.461,184.461,0.6,0.62,0.38,0.4,0.02,0.02,77562.62,1776446283000
1776446284.798,184.798,0.61,0.64,0.36,0.39,0.03,0.03,77562.62,1776446283000
1776446285.188,185.188,0.61,0.62,0.34,0.39,0.01,0.05,77562.62,1776446283000
1776446285.703,185.703,0.62,0.67,0.34,0.38,0.05,0.04,77554.27,1776446284000
1776446286.039,186.039,0.6,0.69,0.32,0.4,0.09,0.08,77552.93,1776446285000
1776446286.378,186.378,0.65,0.7,0.3,0.35,0.05,0.05,77552.93,1776446285000
1776446286.712,186.712,0.66,0.7,0.31,0.34,0.04,0.03,77552.93,1776446285000
1776446287.095,187.095,0.69,0.7,0.28,0.32,0.01,0.04,77552.93,1776446285000
1776446287.428,187.428,0.68,0.71,0.3,0.32,0.03,0.02,77553.07,1776446286000
1776446287.787,187.787,0.69,0.7,0.3,0.32,0.01,0.02,77553.07,1776446286000
1776446288.148,188.148,0.69,0.7,0.3,0.31,0.01,0.01,77572.05,1776446287000
1776446288.517,188.517,0.69,0.7,0.3,0.31,0.01,0.01,77572.05,1776446287000
1776446289.11,189.11,0.69,0.7,0.3,0.31,0.01,0.01,77571.26,1776446288000
1776446289.603,189.603,0.69,0.7,0.3,0.31,0.01,0.01,77571.26,1776446288000
1776446290.212,190.212,0.69,0.7,0.3,0.31,0.01,0.01,77567.67,1776446289000
1776446290.664,190.664,0.69,0.7,0.3,0.34,0.01,0.04,77567.67,1776446289000
1776446291.062,191.062,0.66,0.7,0.3,0.34,0.04,0.04,77567.67,1776446289000
1776446291.417,191.417,0.66,0.7,0.3,0.34,0.04,0.04,77560.22,1776446290000
1776446291.899,191.899,0.67,0.69,0.31,0.33,0.02,0.02,77560.22,1776446290000
1776446292.501,192.501,0.67,0.68,0.31,0.33,0.01,0.02,77560.85,1776446291000
1776446292.94,192.94,0.67,0.68,0.32,0.33,0.01,0.01,77560.85,1776446291000
1776446293.339,193.339,0.67,0.68,0.32,0.33,0.01,0.01,77560.6,1776446292000
1776446294.113,194.113,0.67,0.68,0.32,0.35,0.01,0.03,77560.6,1776446292000
1776446294.449,194.449,0.66,0.67,0.33,0.34,0.01,0.01,77560.6,1776446292000
1776446294.803,194.803,0.66,0.68,0.32,0.34,0.02,0.02,77560.35,1776446293000
1776446295.16,195.16,0.67,0.68,0.32,0.33,0.01,0.01,77560.35,1776446293000
1776446295.556,195.556,0.67,0.68,0.32,0.33,0.01,0.01,77560.35,1776446294000
1776446296.271,196.271,0.67,0.68,0.32,0.33,0.01,0.01,77559.75,1776446295000
1776446296.621,196.621,0.67,0.68,0.32,0.33,0.01,0.01,77559.75,1776446295000
1776446297.009,197.009,0.63,0.68,0.32,0.37,0.05,0.05,77559.75,1776446295000
1776446297.401,197.401,0.64,0.65,0.35,0.36,0.01,0.01,77561.77,1776446296000
1776446297.764,197.764,0.63,0.67,0.33,0.36,0.04,0.03,77561.77,1776446296000
1776446298.1,198.1,0.64,0.65,0.35,0.36,0.01,0.01,77561.77,1776446296000
1776446298.475,198.475,0.64,0.65,0.35,0.36,0.01,0.01,77560.0,1776446297000
1776446298.847,198.847,0.64,0.65,0.35,0.36,0.01,0.01,77560.0,1776446297000
1776446299.231,199.231,0.64,0.65,0.35,0.36,0.01,0.01,77559.81,1776446298000
1776446299.864,199.864,0.62,0.63,0.36,0.38,0.01,0.02,77559.81,1776446298000
1776446300.239,200.239,0.62,0.63,0.37,0.38,0.01,0.01,77559.81,1776446298000
1776446300.635,200.635,0.61,0.62,0.38,0.39,0.01,0.01,77559.91,1776446299000
1776446301.091,201.091,0.61,0.62,0.38,0.39,0.01,0.01,77559.91,1776446299000
1776446301.497,201.497,0.61,0.62,0.38,0.39,0.01,0.01,77559.91,1776446299000
1776446301.945,201.945,0.61,0.62,0.38,0.39,0.01,0.01,77555.81,1776446300000
1776446302.325,202.325,0.61,0.64,0.38,0.39,0.03,0.01,77553.44,1776446301000
1776446302.696,202.696,0.61,0.62,0.38,0.39,0.01,0.01,77553.44,1776446301000
1776446303.096,203.096,0.61,0.62,0.38,0.39,0.01,0.01,77551.65,1776446302000
1776446303.562,203.562,0.62,0.64,0.37,0.39,0.02,0.02,77551.65,1776446302000
1776446303.927,203.927,0.64,0.65,0.35,0.36,0.01,0.01,77551.65,1776446302000
1776446304.295,204.295,0.64,0.65,0.35,0.36,0.01,0.01,77552.72,1776446303000
1776446304.674,204.674,0.65,0.66,0.34,0.35,0.01,0.01,77552.72,1776446303000
1776446305.301,205.301,0.65,0.66,0.34,0.35,0.01,0.01,77552.72,1776446303000
1776446305.659,205.659,0.65,0.66,0.34,0.35,0.01,0.01,77556.2,1776446304000
1776446306.114,206.114,0.65,0.66,0.34,0.35,0.01,0.01,77556.2,1776446304000
1776446306.451,206.451,0.65,0.66,0.34,0.35,0.01,0.01,77557.96,1776446305000
1776446306.858,206.858,0.66,0.67,0.34,0.35,0.01,0.01,77557.96,1776446305000
1776446307.441,207.441,0.66,0.67,0.33,0.34,0.01,0.01,77561.25,1776446306000
1776446307.781,207.781,0.66,0.67,0.33,0.34,0.01,0.01,77561.25,1776446306000
1776446308.341,208.341,0.66,0.67,0.33,0.34,0.01,0.01,77561.25,1776446307000
1776446309.12,209.12,0.66,0.67,0.33,0.34,0.01,0.01,77561.25,1776446307000
1776446309.517,209.517,0.66,0.67,0.33,0.34,0.01,0.01,77561.58,1776446308000
1776446309.896,209.896,0.61,0.66,0.33,0.39,0.05,0.06,77561.58,1776446308000
1776446310.234,210.234,0.62,0.63,0.37,0.38,0.01,0.01,77564.68,1776446309000
1776446310.626,210.626,0.62,0.63,0.37,0.38,0.01,0.01,77564.68,1776446309000
1776446311.134,211.134,0.61,0.63,0.37,0.38,0.02,0.01,77564.68,1776446309000
1776446311.48,211.48,0.58,0.6,0.39,0.42,0.02,0.03,77562.92,1776446310000
1776446311.853,211.853,0.56,0.57,0.43,0.44,0.01,0.01,77562.92,1776446310000
1776446312.245,212.245,0.53,0.56,0.44,0.47,0.03,0.03,77562.92,1776446310000
1776446312.599,212.599,0.49,0.54,0.46,0.5,0.05,0.04,77562.92,1776446310000
1776446312.943,212.943,0.51,0.54,0.46,0.49,0.03,0.03,77553.02,1776446311000
1776446313.28,213.28,0.51,0.53,0.47,0.49,0.02,0.02,77553.02,1776446311000
1776446313.669,213.669,0.5,0.51,0.47,0.51,0.01,0.04,77537.25,1776446312000
1776446314.018,214.018,0.48,0.49,0.5,0.52,0.01,0.02,77537.25,1776446312000
1776446314.359,214.359,0.47,0.49,0.51,0.53,0.02,0.02,77531.84,1776446313000
1776446314.693,214.693,0.47,0.48,0.52,0.53,0.01,0.01,77531.84,1776446313000
1776446315.103,215.103,0.46,0.47,0.53,0.54,0.01,0.01,77531.84,1776446313000
1776446315.45,215.45,0.45,0.46,0.54,0.55,0.01,0.01,77530.57,1776446314000
1776446315.853,215.853,0.43,0.45,0.54,0.56,0.02,0.02,77530.57,1776446314000
1776446316.21,216.21,0.42,0.43,0.57,0.58,0.01,0.01,77529.69,1776446315000
1776446316.551,216.551,0.42,0.43,0.57,0.58,0.01,0.01,77529.69,1776446315000
1776446316.995,216.995,0.42,0.43,0.57,0.58,0.01,0.01,77529.69,1776446315000
1776446317.338,217.338,0.42,0.44,0.56,0.58,0.02,0.02,77527.15,1776446316000
1776446317.685,217.685,0.43,0.44,0.56,0.57,0.01,0.01,77527.15,1776446316000
1776446318.149,218.149,0.45,0.46,0.56,0.57,0.01,0.01,77527.15,1776446316000
1776446318.484,218.484,0.45,0.46,0.54,0.55,0.01,0.01,77521.77,1776446317000
1776446318.836,218.836,0.45,0.46,0.54,0.55,0.01,0.01,77521.77,1776446317000
1776446319.252,219.252,0.45,0.46,0.54,0.55,0.01,0.01,77521.77,1776446317000
1776446319.658,219.658,0.46,0.47,0.53,0.54,0.01,0.01,77521.77,1776446317000
1776446320.015,220.015,0.46,0.47,0.53,0.54,0.01,0.01,77521.77,1776446317000
1776446320.397,220.397,0.46,0.47,0.53,0.54,0.01,0.01,77523.64,1776446319000
1776446320.98,220.98,0.46,0.47,0.53,0.54,0.01,0.01,77523.64,1776446319000
1776446321.321,221.321,0.46,0.47,0.53,0.54,0.01,0.01,77523.64,1776446319000
1776446321.904,221.904,0.46,0.47,0.53,0.54,0.01,0.01,77526.84,1776446320000
1776446322.265,222.265,0.45,0.46,0.54,0.55,0.01,0.01,77526.84,1776446321000
1776446322.74,222.74,0.43,0.44,0.56,0.57,0.01,0.01,77526.84,1776446321000
1776446323.211,223.211,0.43,0.44,0.56,0.57,0.01,0.01,77526.84,1776446321000
1776446323.597,223.597,0.43,0.44,0.56,0.57,0.01,0.01,77527.49,1776446322000
1776446324.112,224.112,0.43,0.44,0.56,0.57,0.01,0.01,77527.49,1776446322000
1776446324.52,224.52,0.42,0.43,0.56,0.58,0.01,0.02,77523.49,1776446323000
1776446324.919,224.919,0.43,0.45,0.56,0.57,0.02,0.01,77523.49,1776446323000
1776446325.257,225.257,0.42,0.45,0.55,0.56,0.03,0.01,77523.49,1776446323000
1776446325.611,225.611,0.41,0.42,0.58,0.59,0.01,0.01,77522.31,1776446324000
1776446325.959,225.959,0.4,0.41,0.59,0.6,0.01,0.01,77522.31,1776446324000
1776446326.34,226.34,0.39,0.4,0.6,0.61,0.01,0.01,77522.45,1776446325000
1776446326.716,226.716,0.38,0.39,0.61,0.62,0.01,0.01,77522.45,1776446325000
1776446327.155,227.155,0.36,0.37,0.63,0.64,0.01,0.01,77522.45,1776446325000
1776446327.517,227.517,0.36,0.37,0.63,0.64,0.01,0.01,77522.45,1776446325000
1776446327.888,227.888,0.42,0.43,0.57,0.58,0.01,0.01,77518.45,1776446326000
1776446328.224,228.224,0.47,0.5,0.5,0.53,0.03,0.03,77518.45,1776446326000
1776446328.653,228.653,0.5,0.51,0.49,0.53,0.01,0.04,77514.56,1776446327000
1776446329.018,229.018,0.5,0.51,0.49,0.5,0.01,0.01,77514.56,1776446327000
1776446329.353,229.353,0.52,0.56,0.45,0.48,0.04,0.03,77514.56,1776446327000
1776446329.71,229.71,0.64,0.65,0.38,0.44,0.01,0.06,77514.56,1776446327000
1776446330.047,230.047,0.64,0.65,0.35,0.36,0.01,0.01,77523.47,1776446328000
1776446330.382,230.382,0.64,0.65,0.35,0.36,0.01,0.01,77523.47,1776446328000
1776446330.969,230.969,0.64,0.66,0.35,0.36,0.02,0.01,77532.87,1776446329000
1776446331.313,231.313,0.65,0.66,0.33,0.35,0.01,0.02,77532.87,1776446329000
1776446331.648,231.648,0.63,0.65,0.34,0.35,0.02,0.01,77539.52,1776446330000
1776446332.038,232.038,0.62,0.63,0.36,0.38,0.01,0.02,77539.52,1776446330000
1776446332.371,232.371,0.61,0.62,0.38,0.39,0.01,0.01,77550.17,1776446331000
1776446332.711,232.711,0.61,0.62,0.38,0.39,0.01,0.01,77550.17,1776446331000
1776446333.051,233.051,0.61,0.62,0.38,0.39,0.01,0.01,77550.17,1776446331000
1776446333.428,233.428,0.6,0.62,0.38,0.39,0.02,0.01,77550.17,1776446331000
1776446333.791,233.791,0.6,0.61,0.39,0.4,0.01,0.01,77551.44,1776446332000
1776446334.381,234.381,0.6,0.61,0.39,0.4,0.01,0.01,77551.44,1776446332000
1776446334.727,234.727,0.56,0.57,0.43,0.44,0.01,0.01,77551.31,1776446333000
1776446335.071,235.071,0.53,0.54,0.45,0.47,0.01,0.02,77551.31,1776446333000
1776446335.432,235.432,0.53,0.54,0.46,0.47,0.01,0.01,77551.19,1776446334000
1776446335.823,235.823,0.54,0.55,0.45,0.46,0.01,0.01,77551.19,1776446334000
1776446336.223,236.223,0.54,0.55,0.45,0.46,0.01,0.01,77550.16,1776446335000
1776446336.575,236.575,0.55,0.56,0.44,0.45,0.01,0.01,77550.16,1776446335000
1776446336.984,236.984,0.55,0.56,0.44,0.45,0.01,0.01,77550.16,1776446335000
1776446337.428,237.428,0.58,0.6,0.43,0.45,0.02,0.02,77550.16,1776446335000
1776446338.028,238.028,0.59,0.6,0.4,0.41,0.01,0.01,77539.25,1776446336000
1776446338.791,238.791,0.57,0.58,0.4,0.44,0.01,0.04,77539.25,1776446336000
1776446339.212,239.212,0.65,0.66,0.35,0.36,0.01,0.01,77540.09,1776446337000
1776446339.564,239.564,0.67,0.68,0.32,0.33,0.01,0.01,77542.48,1776446338000
1776446339.978,239.978,0.67,0.68,0.32,0.33,0.01,0.01,77542.48,1776446338000
1776446340.313,240.313,0.67,0.68,0.32,0.33,0.01,0.01,77544.3,1776446339000
1776446340.984,240.984,0.67,0.68,0.32,0.33,0.01,0.01,77549.15,1776446340000
1776446341.723,241.723,0.68,0.69,0.31,0.33,0.01,0.02,77549.15,1776446340000
1776446342.166,242.166,0.68,0.69,0.31,0.32,0.01,0.01,77555.3,1776446341000
1776446342.745,242.745,0.68,0.69,0.31,0.32,0.01,0.01,77555.3,1776446341000
1776446343.093,243.093,0.72,0.73,0.27,0.28,0.01,0.01,77555.18,1776446342000
1776446343.43,243.43,0.76,0.78,0.22,0.24,0.02,0.02,77555.18,1776446342000
1776446343.77,243.77,0.77,0.78,0.22,0.23,0.01,0.01,77555.18,1776446342000
1776446344.126,244.126,0.77,0.78,0.22,0.24,0.01,0.02,77560.32,1776446343000
1776446344.469,244.469,0.72,0.73,0.27,0.28,0.01,0.01,77560.32,1776446343000
1776446344.808,244.808,0.72,0.73,0.27,0.28,0.01,0.01,77560.32,1776446343000
1776446345.284,245.284,0.71,0.72,0.28,0.29,0.01,0.01,77571.59,1776446344000
1776446345.655,245.655,0.68,0.69,0.31,0.32,0.01,0.01,77571.59,1776446344000
1776446346.218,246.218,0.64,0.66,0.34,0.35,0.02,0.01,77571.72,1776446345000
1776446346.806,246.806,0.64,0.65,0.35,0.36,0.01,0.01,77571.72,1776446345000
1776446347.16,247.16,0.7,0.72,0.3,0.31,0.02,0.01,77562.22,1776446346000
1776446347.512,247.512,0.7,0.71,0.29,0.31,0.01,0.02,77562.22,1776446346000
1776446347.848,247.848,0.7,0.71,0.29,0.3,0.01,0.01,77562.22,1776446346000
1776446348.56,248.56,0.7,0.71,0.29,0.3,0.01,0.01,77554.28,1776446347000
1776446348.912,248.912,0.76,0.78,0.22,0.24,0.02,0.02,77554.28,1776446347000
1776446349.259,249.259,0.77,0.78,0.22,0.23,0.01,0.01,77554.25,1776446348000
1776446349.601,249.601,0.74,0.75,0.25,0.26,0.01,0.01,77554.25,1776446348000
1776446349.939,249.939,0.74,0.75,0.25,0.26,0.01,0.01,77554.25,1776446348000
1776446350.428,250.428,0.68,0.69,0.25,0.29,0.01,0.04,77561.21,1776446349000
1776446350.766,250.766,0.67,0.68,0.32,0.33,0.01,0.01,77561.21,1776446349000
1776446351.109,251.109,0.67,0.68,0.32,0.33,0.01,0.01,77566.13,1776446350000
1776446351.46,251.46,0.7,0.71,0.28,0.3,0.01,0.02,77566.13,1776446350000
1776446351.81,251.81,0.75,0.77,0.23,0.24,0.02,0.01,77566.13,1776446350000
1776446352.227,252.227,0.79,0.8,0.2,0.21,0.01,0.01,77566.13,1776446350000
1776446352.749,252.749,0.8,0.81,0.19,0.2,0.01,0.01,77562.42,1776446351000
1776446353.101,253.101,0.81,0.82,0.18,0.19,0.01,0.01,77562.42,1776446351000
1776446353.952,253.952,0.82,0.84,0.16,0.18,0.02,0.02,77569.53,1776446352000
1776446354.455,254.455,0.83,0.84,0.16,0.17,0.01,0.01,77569.53,1776446352000
1776446354.791,254.791,0.84,0.85,0.16,0.17,0.01,0.01,77575.42,1776446353000
1776446355.149,255.149,0.84,0.86,0.15,0.16,0.02,0.01,77575.42,1776446353000
1776446355.495,255.495,0.86,0.87,0.13,0.15,0.01,0.02,77575.42,1776446353000
1776446355.836,255.836,0.86,0.87,0.13,0.14,0.01,0.01,77580.19,1776446354000
1776446356.191,256.191,0.77,0.79,0.21,0.22,0.02,0.01,77580.19,1776446354000
1776446356.546,256.546,0.71,0.72,0.28,0.29,0.01,0.01,77580.84,1776446355000
1776446356.886,256.886,0.73,0.74,0.26,0.27,0.01,0.01,77580.84,1776446355000
1776446357.24,257.24,0.79,0.8,0.2,0.21,0.01,0.01,77580.84,1776446355000
1776446357.58,257.58,0.74,0.75,0.25,0.26,0.01,0.01,77580.84,1776446355000
1776446357.951,257.951,0.74,0.75,0.25,0.26,0.01,0.01,77584.92,1776446356000
1776446358.307,258.307,0.74,0.75,0.25,0.26,0.01,0.01,77584.92,1776446356000
1776446358.645,258.645,0.73,0.74,0.26,0.27,0.01,0.01,77568.7,1776446357000
1776446359.012,259.012,0.76,0.77,0.23,0.24,0.01,0.01,77568.7,1776446357000
1776446359.356,259.356,0.76,0.77,0.23,0.24,0.01,0.01,77568.81,1776446358000
1776446359.734,259.734,0.78,0.79,0.21,0.23,0.01,0.02,77568.81,1776446358000
1776446360.118,260.118,0.78,0.8,0.21,0.22,0.02,0.01,77568.81,1776446358000
1776446360.479,260.479,0.81,0.83,0.17,0.19,0.02,0.02,77567.38,1776446359000
1776446360.87,260.87,0.84,0.85,0.15,0.17,0.01,0.02,77567.38,1776446359000
1776446361.306,261.306,0.86,0.87,0.13,0.14,0.01,0.01,77571.01,1776446360000
1776446361.794,261.794,0.86,0.87,0.13,0.14,0.01,0.01,77571.01,1776446360000
1776446362.135,262.135,0.86,0.87,0.13,0.14,0.01,0.01,77571.01,1776446360000
1776446362.529,262.529,0.86,0.87,0.13,0.14,0.01,0.01,77571.01,1776446360000
1776446362.87,262.87,0.87,0.88,0.12,0.14,0.01,0.02,77584.54,1776446361000
1776446363.203,263.203,0.87,0.88,0.12,0.13,0.01,0.01,77584.54,1776446361000
1776446363.589,263.589,0.88,0.89,0.11,0.12,0.01,0.01,77589.38,1776446362000
1776446363.939,263.939,0.88,0.89,0.11,0.12,0.01,0.01,77589.38,1776446362000
1776446364.35,264.35,0.87,0.89,0.11,0.12,0.02,0.01,77589.38,1776446362000
1776446364.691,264.691,0.87,0.88,0.12,0.13,0.01,0.01,77589.38,1776446362000
1776446365.06,265.06,0.87,0.88,0.12,0.13,0.01,0.01,77591.79,1776446363000
1776446365.473,265.473,0.86,0.89,0.11,0.13,0.03,0.02,77591.79,1776446363000
1776446365.838,265.838,0.88,0.89,0.11,0.13,0.01,0.02,77591.79,1776446363000
1776446366.185,266.185,0.84,0.85,0.11,0.12,0.01,0.01,77591.86,1776446364000
1776446366.523,266.523,0.82,0.85,0.15,0.18,0.03,0.03,77591.86,1776446364000
1776446366.857,266.857,0.82,0.84,0.16,0.18,0.02,0.02,77591.54,1776446365000
1776446367.193,267.193,0.8,0.83,0.17,0.19,0.03,0.02,77591.54,1776446365000
1776446367.527,267.527,0.8,0.81,0.19,0.2,0.01,0.01,77591.54,1776446365000
1776446367.891,267.891,0.8,0.81,0.19,0.2,0.01,0.01,77591.64,1776446366000
1776446368.378,268.378,0.77,0.78,0.19,0.21,0.01,0.02,77588.33,1776446367000
1776446368.728,268.728,0.76,0.77,0.23,0.24,0.01,0.01,77588.33,1776446367000
1776446369.089,269.089,0.76,0.77,0.23,0.24,0.01,0.01,77588.33,1776446367000
1776446369.478,269.478,0.75,0.76,0.24,0.25,0.01,0.01,77588.33,1776446367000
1776446370.231,270.231,0.75,0.76,0.24,0.25,0.01,0.01,77576.33,1776446368000
1776446370.578,270.578,0.75,0.76,0.24,0.25,0.01,0.01,77567.56,1776446369000
1776446370.936,270.936,0.75,0.76,0.24,0.25,0.01,0.01,77567.56,1776446369000
1776446371.331,271.331,0.74,0.75,0.25,0.26,0.01,0.01,77564.23,1776446370000
1776446371.697,271.697,0.74,0.75,0.25,0.26,0.01,0.01,77564.23,1776446370000
1776446372.034,272.034,0.74,0.75,0.25,0.26,0.01,0.01,77563.33,1776446371000
1776446372.561,272.561,0.74,0.75,0.25,0.26,0.01,0.01,77563.33,1776446371000
1776446373.023,273.023,0.74,0.75,0.25,0.26,0.01,0.01,77563.44,1776446372000
1776446373.568,273.568,0.75,0.76,0.24,0.25,0.01,0.01,77563.44,1776446372000
1776446373.964,273.964,0.76,0.77,0.23,0.24,0.01,0.01,77563.44,1776446372000
1776446374.309,274.309,0.79,0.81,0.2,0.22,0.02,0.02,77559.28,1776446373000
1776446374.683,274.683,0.8,0.81,0.2,0.21,0.01,0.01,77559.28,1776446373000
1776446375.136,275.136,0.77,0.81,0.19,0.2,0.04,0.01,77559.28,1776446373000
1776446375.488,275.488,0.79,0.8,0.19,0.23,0.01,0.04,77561.2,1776446374000
1776446376.184,276.184,0.79,0.81,0.2,0.22,0.02,0.02,77561.2,1776446374000
1776446376.694,276.694,0.76,0.77,0.19,0.26,0.01,0.07,77566.8,1776446375000
1776446377.094,277.094,0.72,0.73,0.23,0.24,0.01,0.01,77565.05,1776446376000
1776446377.43,277.43,0.72,0.73,0.27,0.28,0.01,0.01,77565.05,1776446376000
1776446377.997,277.997,0.74,0.75,0.25,0.26,0.01,0.01,77563.4,1776446377000
1776446378.347,278.347,0.81,0.84,0.17,0.19,0.03,0.02,77563.4,1776446377000
1776446378.731,278.731,0.85,0.86,0.14,0.16,0.01,0.02,77563.4,1776446377000
1776446379.072,279.072,0.85,0.86,0.14,0.15,0.01,0.01,77557.9,1776446378000
1776446379.414,279.414,0.85,0.86,0.14,0.15,0.01,0.01,77557.9,1776446378000
1776446379.834,279.834,0.85,0.86,0.14,0.15,0.01,0.01,77557.9,1776446378000
1776446380.171,280.171,0.83,0.84,0.15,0.17,0.01,0.02,77562.99,1776446379000
1776446380.536,280.536,0.79,0.83,0.16,0.17,0.04,0.01,77562.99,1776446379000
1776446381.021,281.021,0.77,0.82,0.18,0.19,0.05,0.01,77562.99,1776446379000
1776446381.429,281.429,0.81,0.82,0.18,0.2,0.01,0.02,77566.48,1776446380000
1776446381.847,281.847,0.81,0.82,0.18,0.19,0.01,0.01,77566.48,1776446380000
1776446382.189,282.189,0.82,0.83,0.17,0.19,0.01,0.02,77566.25,1776446381000
1776446382.531,282.531,0.74,0.8,0.17,0.21,0.06,0.04,77566.25,1776446381000
1776446382.872,282.872,0.73,0.74,0.26,0.27,0.01,0.01,77566.25,1776446381000
1776446383.211,283.211,0.73,0.74,0.26,0.27,0.01,0.01,77564.77,1776446382000
1776446383.578,283.578,0.74,0.75,0.25,0.27,0.01,0.02,77564.77,1776446382000
1776446383.915,283.915,0.74,0.75,0.25,0.26,0.01,0.01,77564.77,1776446382000
1776446384.25,284.25,0.78,0.79,0.18,0.26,0.01,0.08,77562.77,1776446383000
1776446384.624,284.624,0.8,0.81,0.19,0.2,0.01,0.01,77562.77,1776446383000
1776446384.962,284.962,0.8,0.81,0.19,0.2,0.01,0.01,77562.77,1776446383000
1776446385.325,285.325,0.76,0.79,0.19,0.24,0.03,0.05,77558.69,1776446384000
1776446385.744,285.744,0.76,0.77,0.22,0.23,0.01,0.01,77558.69,1776446384000
1776446386.092,286.092,0.72,0.73,0.27,0.28,0.01,0.01,77558.69,1776446384000
1776446386.518,286.518,0.71,0.73,0.27,0.28,0.02,0.01,77556.25,1776446385000
1776446386.916,286.916,0.72,0.73,0.27,0.28,0.01,0.01,77556.25,1776446385000
1776446387.324,287.324,0.74,0.76,0.25,0.26,0.02,0.01,77556.21,1776446386000
1776446387.716,287.716,0.75,0.76,0.24,0.25,0.01,0.01,77556.21,1776446386000
1776446388.053,288.053,0.75,0.76,0.24,0.25,0.01,0.01,77554.33,1776446387000
1776446388.419,288.419,0.75,0.76,0.24,0.25,0.01,0.01,77554.33,1776446387000
1776446388.811,288.811,0.71,0.72,0.28,0.29,0.01,0.01,77554.33,1776446387000
1776446389.196,289.196,0.7,0.71,0.29,0.3,0.01,0.01,77550.67,1776446388000
1776446389.551,289.551,0.75,0.85,0.24,0.26,0.1,0.02,77550.67,1776446388000
1776446389.897,289.897,0.82,0.83,0.17,0.18,0.01,0.01,77550.67,1776446388000
1776446390.275,290.275,0.82,0.83,0.17,0.18,0.01,0.01,77550.59,1776446389000
1776446390.61,290.61,0.83,0.84,0.15,0.17,0.01,0.02,77550.59,1776446389000
1776446391.056,291.056,0.84,0.85,0.13,0.17,0.01,0.04,77550.59,1776446389000
1776446391.447,291.447,0.84,0.85,0.15,0.16,0.01,0.01,77550.24,1776446390000
1776446391.891,291.891,0.84,0.85,0.15,0.16,0.01,0.01,77550.24,1776446390000
1776446392.226,292.226,0.84,0.85,0.15,0.16,0.01,0.01,77550.24,1776446390000
1776446392.582,292.582,0.84,0.85,0.15,0.16,0.01,0.01,77554.0,1776446391000
1776446393.149,293.149,0.84,0.85,0.15,0.16,0.01,0.01,77554.17,1776446392000
1776446393.521,293.521,0.83,0.85,0.15,0.16,0.02,0.01,77554.17,1776446392000
1776446393.87,293.87,0.81,0.82,0.18,0.19,0.01,0.01,77554.17,1776446392000
1776446394.212,294.212,0.76,0.82,0.18,0.19,0.06,0.01,77555.95,1776446393000
1776446394.625,294.625,0.8,0.81,0.19,0.2,0.01,0.01,77555.95,1776446393000
1776446394.963,294.963,0.8,0.81,0.19,0.2,0.01,0.01,77556.23,1776446394000
1776446395.341,295.341,0.84,0.85,0.15,0.17,0.01,0.02,77556.23,1776446394000
1776446395.693,295.693,0.86,0.87,0.13,0.15,0.01,0.02,77556.23,1776446394000
1776446396.072,296.072,0.87,0.88,0.13,0.15,0.01,0.02,77552.85,1776446395000
1776446396.43,296.43,0.87,0.89,0.12,0.13,0.02,0.01,77552.85,1776446395000
1776446396.816,296.816,0.87,0.89,0.11,0.12,0.02,0.01,77552.85,1776446395000
1776446397.205,297.205,0.88,0.89,0.11,0.12,0.01,0.01,77551.45,1776446396000
1776446397.542,297.542,0.89,0.9,0.1,0.11,0.01,0.01,77551.45,1776446396000
1776446397.888,297.888,0.91,0.92,0.08,0.09,0.01,0.01,77551.45,1776446396000
1776446398.224,298.224,0.93,0.94,0.06,0.08,0.01,0.02,77551.79,1776446397000
1776446398.557,298.557,0.96,0.97,0.03,0.04,0.01,0.01,77551.79,1776446397000
1776446398.895,298.895,0.97,0.99,0.02,0.03,0.02,0.01,77551.79,1776446397000
1776446399.282,299.282,0.99,0.99,0.01,0.01,0.0,0.0,77554.08,1776446398000
1776446399.668,299.668,0.99,0.99,0.01,0.01,0.0,0.0,77554.08,1776446398000
1776446400.087,300.087,0.99,0.99,0.01,0.01,0.0,0.0,77554.08,1776446398000
1776446400.481,300.481,0.99,0.99,0.01,0.01,0.0,0.0,77554.08,1776446398000
1776446400.922,300.922,0.99,0.99,0.01,0.01,0.0,0.0,77554.08,1776446398000

# RESULT,winner=Up,slug=btc-updown-5m-1776446100,ticks=707
