timestamp,elapsed_sec,up_bid,up_ask,down_bid,down_ask,up_spread,down_spread,btc_price,btc_oracle_ts
1776162600.522,0.522,0.51,0.52,0.48,0.49,0.01,0.01,74583.1,1776162599000
1776162600.984,0.984,0.51,0.52,0.48,0.49,0.01,0.01,74583.1,1776162599000
1776162601.551,1.551,0.51,0.52,0.48,0.49,0.01,0.01,74583.1,1776162599000
1776162602.012,2.012,0.52,0.53,0.47,0.49,0.01,0.02,74582.89,1776162600000
1776162602.616,2.616,0.52,0.53,0.47,0.48,0.01,0.01,74582.93,1776162601000
1776162603.097,3.097,0.53,0.54,0.46,0.48,0.01,0.02,74582.93,1776162601000
1776162603.719,3.719,0.53,0.54,0.46,0.47,0.01,0.01,74584.59,1776162602000
1776162604.441,4.441,0.53,0.54,0.46,0.47,0.01,0.01,74584.59,1776162602000
1776162604.964,4.964,0.53,0.54,0.46,0.47,0.01,0.01,74584.59,1776162602000
1776162605.302,5.302,0.54,0.56,0.45,0.46,0.02,0.01,74587.81,1776162603000
1776162605.653,5.653,0.58,0.59,0.38,0.42,0.01,0.04,74587.81,1776162603000
1776162606.046,6.046,0.6,0.61,0.38,0.4,0.01,0.02,74588.03,1776162604000
1776162606.409,6.409,0.61,0.62,0.38,0.39,0.01,0.01,74588.04,1776162605000
1776162606.75,6.75,0.61,0.62,0.38,0.39,0.01,0.01,74588.04,1776162605000
1776162607.175,7.175,0.62,0.63,0.37,0.38,0.01,0.01,74588.04,1776162605000
1776162607.626,7.626,0.62,0.63,0.37,0.38,0.01,0.01,74596.69,1776162606000
1776162607.961,7.961,0.62,0.63,0.37,0.38,0.01,0.01,74596.69,1776162606000
1776162608.321,8.321,0.62,0.63,0.37,0.38,0.01,0.01,74597.15,1776162607000
1776162608.783,8.783,0.62,0.63,0.37,0.38,0.01,0.01,74597.15,1776162607000
1776162609.148,9.148,0.62,0.63,0.37,0.38,0.01,0.01,74598.31,1776162608000
1776162609.498,9.498,0.62,0.63,0.37,0.38,0.01,0.01,74598.31,1776162608000
1776162609.991,9.991,0.62,0.63,0.37,0.38,0.01,0.01,74598.31,1776162608000
1776162610.463,10.463,0.63,0.64,0.36,0.37,0.01,0.01,74599.25,1776162609000
1776162610.922,10.922,0.63,0.64,0.36,0.37,0.01,0.01,74600.0,1776162610000
1776162611.262,11.262,0.63,0.64,0.36,0.37,0.01,0.01,74600.0,1776162610000
1776162611.643,11.643,0.63,0.64,0.36,0.37,0.01,0.01,74600.0,1776162610000
1776162612.08,12.08,0.63,0.64,0.36,0.37,0.01,0.01,74600.0,1776162610000
1776162612.468,12.468,0.64,0.65,0.35,0.36,0.01,0.01,74601.88,1776162611000
1776162612.922,12.922,0.65,0.67,0.34,0.36,0.02,0.02,74601.88,1776162611000
1776162613.272,13.272,0.66,0.67,0.33,0.34,0.01,0.01,74601.88,1776162611000
1776162613.612,13.612,0.67,0.68,0.32,0.34,0.01,0.02,74601.88,1776162611000
1776162613.982,13.982,0.67,0.7,0.32,0.33,0.03,0.01,74601.88,1776162611000
1776162614.719,14.719,0.7,0.71,0.29,0.31,0.01,0.02,74601.87,1776162613000
1776162615.059,15.059,0.7,0.71,0.29,0.3,0.01,0.01,74601.87,1776162613000
1776162615.393,15.393,0.7,0.71,0.29,0.3,0.01,0.01,74607.36,1776162614000
1776162615.802,15.802,0.7,0.71,0.29,0.3,0.01,0.01,74607.36,1776162614000
1776162616.218,16.218,0.7,0.71,0.29,0.3,0.01,0.01,74608.41,1776162615000
1776162616.598,16.598,0.7,0.72,0.29,0.3,0.02,0.01,74608.41,1776162615000
1776162616.983,16.983,0.71,0.72,0.28,0.29,0.01,0.01,74608.41,1776162615000
1776162617.403,17.403,0.71,0.72,0.28,0.29,0.01,0.01,74609.02,1776162616000
1776162617.766,17.766,0.71,0.72,0.28,0.29,0.01,0.01,74609.02,1776162616000
1776162618.172,18.172,0.71,0.72,0.28,0.29,0.01,0.01,74609.02,1776162616000
1776162618.544,18.544,0.71,0.72,0.28,0.29,0.01,0.01,74611.27,1776162617000
1776162618.879,18.879,0.71,0.72,0.28,0.29,0.01,0.01,74611.27,1776162617000
1776162619.312,19.312,0.71,0.72,0.28,0.29,0.01,0.01,74611.27,1776162617000
1776162619.647,19.647,0.71,0.72,0.28,0.29,0.01,0.01,74611.54,1776162618000
1776162619.988,19.988,0.71,0.72,0.28,0.29,0.01,0.01,74611.54,1776162618000
1776162620.534,20.534,0.71,0.72,0.28,0.29,0.01,0.01,74611.61,1776162619000
1776162620.969,20.969,0.71,0.72,0.28,0.29,0.01,0.01,74611.61,1776162619000
1776162621.359,21.359,0.71,0.72,0.28,0.29,0.01,0.01,74611.61,1776162619000
1776162621.72,21.72,0.71,0.72,0.28,0.29,0.01,0.01,74611.63,1776162620000
1776162622.11,22.11,0.71,0.72,0.28,0.29,0.01,0.01,74611.67,1776162621000
1776162622.873,22.873,0.71,0.72,0.28,0.29,0.01,0.01,74611.71,1776162622000
1776162623.35,23.35,0.71,0.72,0.28,0.29,0.01,0.01,74611.71,1776162622000
1776162623.694,23.694,0.71,0.72,0.28,0.29,0.01,0.01,74611.71,1776162622000
1776162624.221,24.221,0.71,0.72,0.28,0.29,0.01,0.01,74611.71,1776162622000
1776162624.603,24.603,0.71,0.72,0.28,0.29,0.01,0.01,74611.71,1776162623000
1776162624.953,24.953,0.71,0.72,0.28,0.29,0.01,0.01,74611.71,1776162623000
1776162625.331,25.331,0.71,0.72,0.28,0.29,0.01,0.01,74611.71,1776162624000
1776162625.894,25.894,0.71,0.72,0.28,0.29,0.01,0.01,74611.71,1776162624000
1776162626.267,26.267,0.72,0.73,0.27,0.28,0.01,0.01,74611.7,1776162625000
1776162626.636,26.636,0.72,0.73,0.27,0.28,0.01,0.01,74611.7,1776162625000
1776162627.123,27.123,0.72,0.73,0.27,0.28,0.01,0.01,74611.7,1776162625000
1776162627.457,27.457,0.72,0.73,0.27,0.28,0.01,0.01,74611.71,1776162626000
1776162627.9,27.9,0.72,0.73,0.27,0.28,0.01,0.01,74611.71,1776162626000
1776162628.316,28.316,0.72,0.73,0.27,0.28,0.01,0.01,74611.71,1776162626000
1776162629.137,29.137,0.72,0.73,0.27,0.28,0.01,0.01,74611.71,1776162627000
1776162629.612,29.612,0.72,0.73,0.27,0.28,0.01,0.01,74610.69,1776162628000
1776162629.981,29.981,0.72,0.73,0.27,0.28,0.01,0.01,74610.69,1776162628000
1776162630.343,30.343,0.72,0.73,0.27,0.28,0.01,0.01,74611.81,1776162629000
1776162630.792,30.792,0.72,0.73,0.27,0.28,0.01,0.01,74611.81,1776162629000
1776162631.401,31.401,0.72,0.73,0.27,0.28,0.01,0.01,74611.81,1776162630000
1776162631.819,31.819,0.72,0.73,0.27,0.28,0.01,0.01,74611.81,1776162630000
1776162632.189,32.189,0.72,0.73,0.27,0.28,0.01,0.01,74611.81,1776162630000
1776162633.038,33.038,0.72,0.73,0.27,0.28,0.01,0.01,74611.23,1776162631000
1776162633.492,33.492,0.72,0.73,0.27,0.28,0.01,0.01,74611.22,1776162632000
1776162634.119,34.119,0.72,0.73,0.27,0.28,0.01,0.01,74611.24,1776162633000
1776162634.483,34.483,0.72,0.73,0.27,0.28,0.01,0.01,74611.24,1776162633000
1776162634.841,34.841,0.73,0.74,0.26,0.28,0.01,0.02,74611.24,1776162633000
1776162635.325,35.325,0.73,0.75,0.26,0.27,0.02,0.01,74611.23,1776162634000
1776162635.716,35.716,0.74,0.76,0.25,0.26,0.02,0.01,74611.23,1776162634000
1776162636.097,36.097,0.75,0.77,0.23,0.25,0.02,0.02,74611.27,1776162635000
1776162636.451,36.451,0.77,0.79,0.21,0.23,0.02,0.02,74611.27,1776162635000
1776162636.803,36.803,0.78,0.79,0.2,0.22,0.01,0.02,74611.27,1776162635000
1776162637.137,37.137,0.79,0.8,0.2,0.21,0.01,0.01,74615.13,1776162636000
1776162637.574,37.574,0.79,0.8,0.2,0.21,0.01,0.01,74615.13,1776162636000
1776162637.921,37.921,0.79,0.8,0.2,0.21,0.01,0.01,74615.13,1776162636000
1776162638.265,38.265,0.79,0.8,0.2,0.21,0.01,0.01,74621.79,1776162637000
1776162638.725,38.725,0.79,0.8,0.2,0.21,0.01,0.01,74621.79,1776162637000
1776162639.064,39.064,0.79,0.8,0.2,0.21,0.01,0.01,74622.94,1776162638000
1776162639.484,39.484,0.8,0.81,0.19,0.21,0.01,0.02,74622.94,1776162638000
1776162640.042,40.042,0.8,0.81,0.19,0.2,0.01,0.01,74623.95,1776162639000
1776162640.42,40.42,0.8,0.81,0.19,0.2,0.01,0.01,74623.95,1776162639000
1776162640.843,40.843,0.81,0.82,0.18,0.19,0.01,0.01,74623.95,1776162639000
1776162641.312,41.312,0.82,0.83,0.17,0.18,0.01,0.01,74624.06,1776162640000
1776162641.668,41.668,0.82,0.83,0.17,0.18,0.01,0.01,74624.06,1776162640000
1776162642.201,42.201,0.82,0.83,0.17,0.18,0.01,0.01,74624.06,1776162640000
1776162642.554,42.554,0.82,0.83,0.17,0.18,0.01,0.01,74624.46,1776162641000
1776162642.9,42.9,0.82,0.83,0.17,0.18,0.01,0.01,74624.46,1776162641000
1776162643.52,43.52,0.82,0.83,0.17,0.18,0.01,0.01,74625.05,1776162642000
1776162644.03,44.03,0.82,0.83,0.17,0.18,0.01,0.01,74625.05,1776162643000
1776162644.472,44.472,0.81,0.83,0.17,0.18,0.02,0.01,74625.05,1776162643000
1776162645.056,45.056,0.81,0.82,0.18,0.19,0.01,0.01,74625.04,1776162644000
1776162645.405,45.405,0.81,0.82,0.18,0.19,0.01,0.01,74625.04,1776162644000
1776162645.75,45.75,0.81,0.82,0.18,0.19,0.01,0.01,74625.04,1776162644000
1776162646.124,46.124,0.81,0.82,0.18,0.19,0.01,0.01,74625.05,1776162645000
1776162646.529,46.529,0.81,0.82,0.18,0.19,0.01,0.01,74625.05,1776162645000
1776162647.041,47.041,0.82,0.83,0.17,0.18,0.01,0.01,74625.05,1776162645000
1776162647.407,47.407,0.82,0.83,0.17,0.18,0.01,0.01,74625.05,1776162646000
1776162647.908,47.908,0.82,0.83,0.17,0.18,0.01,0.01,74625.05,1776162646000
1776162648.284,48.284,0.82,0.83,0.17,0.18,0.01,0.01,74625.05,1776162647000
1776162648.71,48.71,0.82,0.83,0.17,0.18,0.01,0.01,74625.05,1776162647000
1776162649.055,49.055,0.82,0.83,0.17,0.18,0.01,0.01,74625.05,1776162647000
1776162649.396,49.396,0.82,0.83,0.17,0.18,0.01,0.01,74625.04,1776162648000
1776162650.099,50.099,0.82,0.83,0.17,0.18,0.01,0.01,74625.04,1776162649000
1776162650.822,50.822,0.82,0.83,0.17,0.18,0.01,0.01,74625.04,1776162649000
1776162651.181,51.181,0.82,0.83,0.17,0.18,0.01,0.01,74625.05,1776162650000
1776162651.6,51.6,0.82,0.83,0.17,0.18,0.01,0.01,74625.05,1776162650000
1776162652.012,52.012,0.82,0.83,0.17,0.18,0.01,0.01,74625.05,1776162650000
1776162652.415,52.415,0.82,0.83,0.17,0.18,0.01,0.01,74625.07,1776162651000
1776162652.772,52.772,0.82,0.83,0.17,0.18,0.01,0.01,74625.07,1776162651000
1776162653.216,53.216,0.8,0.82,0.17,0.2,0.02,0.03,74625.07,1776162651000
1776162653.774,53.774,0.81,0.82,0.18,0.2,0.01,0.02,74625.07,1776162652000
1776162654.475,54.475,0.81,0.82,0.18,0.19,0.01,0.01,74625.07,1776162652000
1776162655.143,55.143,0.8,0.81,0.18,0.2,0.01,0.02,74625.09,1776162653000
1776162655.607,55.607,0.79,0.8,0.2,0.21,0.01,0.01,74625.1,1776162654000
1776162656.076,56.076,0.79,0.8,0.19,0.21,0.01,0.02,74625.1,1776162654000
1776162656.563,56.563,0.79,0.8,0.2,0.21,0.01,0.01,74624.99,1776162655000
1776162656.923,56.923,0.79,0.8,0.2,0.21,0.01,0.01,74624.99,1776162655000
1776162657.278,57.278,0.79,0.8,0.2,0.21,0.01,0.01,74622.42,1776162656000
1776162657.8,57.8,0.79,0.8,0.2,0.21,0.01,0.01,74622.42,1776162656000
1776162658.196,58.196,0.79,0.8,0.2,0.21,0.01,0.01,74622.42,1776162656000
1776162659.158,59.158,0.79,0.8,0.2,0.21,0.01,0.01,74623.2,1776162657000
1776162659.785,59.785,0.79,0.8,0.2,0.21,0.01,0.01,74623.27,1776162658000
1776162660.212,60.212,0.79,0.8,0.2,0.21,0.01,0.01,74623.32,1776162659000
1776162660.561,60.561,0.79,0.8,0.2,0.21,0.01,0.01,74623.32,1776162659000
1776162660.992,60.992,0.8,0.81,0.19,0.21,0.01,0.02,74623.32,1776162659000
1776162661.369,61.369,0.8,0.83,0.17,0.2,0.03,0.03,74623.25,1776162660000
1776162661.746,61.746,0.82,0.84,0.17,0.19,0.02,0.02,74623.25,1776162660000
1776162662.119,62.119,0.83,0.85,0.15,0.17,0.02,0.02,74623.24,1776162661000
1776162662.518,62.518,0.84,0.85,0.15,0.16,0.01,0.01,74623.24,1776162661000
1776162662.852,62.852,0.84,0.85,0.15,0.16,0.01,0.01,74623.24,1776162661000
1776162663.225,63.225,0.84,0.85,0.15,0.16,0.01,0.01,74630.24,1776162662000
1776162663.585,63.585,0.84,0.85,0.15,0.16,0.01,0.01,74630.24,1776162662000
1776162664.088,64.088,0.83,0.85,0.15,0.18,0.02,0.03,74630.24,1776162662000
1776162664.423,64.423,0.8,0.81,0.19,0.2,0.01,0.01,74632.18,1776162663000
1776162664.861,64.861,0.8,0.81,0.19,0.2,0.01,0.01,74632.18,1776162663000
1776162665.386,65.386,0.8,0.81,0.19,0.2,0.01,0.01,74632.18,1776162664000
1776162665.767,65.767,0.8,0.81,0.19,0.2,0.01,0.01,74632.18,1776162664000
1776162666.151,66.151,0.81,0.82,0.18,0.2,0.01,0.02,74632.18,1776162664000
1776162666.54,66.54,0.82,0.83,0.17,0.18,0.01,0.01,74632.18,1776162664000
1776162666.955,66.955,0.82,0.83,0.17,0.18,0.01,0.01,74627.38,1776162665000
1776162667.4,67.4,0.82,0.83,0.17,0.18,0.01,0.01,74627.32,1776162666000
1776162667.74,67.74,0.82,0.83,0.17,0.18,0.01,0.01,74627.32,1776162666000
1776162668.251,68.251,0.84,0.85,0.16,0.17,0.01,0.01,74627.32,1776162666000
1776162668.587,68.587,0.84,0.85,0.15,0.16,0.01,0.01,74628.25,1776162667000
1776162669.043,69.043,0.84,0.86,0.14,0.16,0.02,0.02,74628.6,1776162668000
1776162669.517,69.517,0.85,0.86,0.14,0.15,0.01,0.01,74628.6,1776162668000
1776162669.98,69.98,0.85,0.86,0.14,0.15,0.01,0.01,74628.6,1776162668000
1776162670.664,70.664,0.85,0.86,0.14,0.15,0.01,0.01,74630.28,1776162669000
1776162671.328,71.328,0.85,0.86,0.14,0.15,0.01,0.01,74630.28,1776162669000
1776162671.779,71.779,0.85,0.86,0.14,0.15,0.01,0.01,74631.23,1776162670000
1776162672.149,72.149,0.85,0.86,0.14,0.15,0.01,0.01,74631.23,1776162670000
1776162672.563,72.563,0.85,0.86,0.14,0.15,0.01,0.01,74631.23,1776162671000
1776162672.997,72.997,0.86,0.87,0.13,0.14,0.01,0.01,74631.23,1776162671000
1776162673.38,73.38,0.86,0.87,0.13,0.14,0.01,0.01,74631.25,1776162672000
1776162674.14,74.14,0.86,0.87,0.13,0.14,0.01,0.01,74631.39,1776162673000
1776162674.906,74.906,0.86,0.87,0.13,0.14,0.01,0.01,74631.39,1776162673000
1776162675.256,75.256,0.86,0.87,0.13,0.14,0.01,0.01,74634.22,1776162674000
1776162675.605,75.605,0.86,0.87,0.13,0.14,0.01,0.01,74634.22,1776162674000
1776162676.16,76.16,0.86,0.87,0.13,0.14,0.01,0.01,74634.85,1776162675000
1776162676.506,76.506,0.86,0.87,0.13,0.14,0.01,0.01,74634.85,1776162675000
1776162677.107,77.107,0.86,0.87,0.13,0.14,0.01,0.01,74635.57,1776162676000
1776162677.448,77.448,0.84,0.87,0.13,0.14,0.03,0.01,74635.57,1776162676000
1776162677.844,77.844,0.84,0.85,0.15,0.16,0.01,0.01,74635.57,1776162676000
1776162678.353,78.353,0.84,0.85,0.15,0.16,0.01,0.01,74635.56,1776162677000
1776162678.709,78.709,0.84,0.85,0.15,0.16,0.01,0.01,74635.56,1776162677000
1776162679.159,79.159,0.84,0.85,0.15,0.16,0.01,0.01,74635.41,1776162678000
1776162679.562,79.562,0.84,0.85,0.15,0.16,0.01,0.01,74635.41,1776162678000
1776162679.97,79.97,0.84,0.85,0.15,0.16,0.01,0.01,74634.49,1776162679000
1776162680.307,80.307,0.84,0.85,0.15,0.16,0.01,0.01,74634.49,1776162679000
1776162680.67,80.67,0.84,0.85,0.15,0.16,0.01,0.01,74634.49,1776162679000
1776162681.035,81.035,0.84,0.85,0.15,0.16,0.01,0.01,74634.49,1776162680000
1776162681.477,81.477,0.84,0.85,0.15,0.16,0.01,0.01,74634.49,1776162680000
1776162681.913,81.913,0.84,0.85,0.15,0.16,0.01,0.01,74634.65,1776162681000
1776162682.298,82.298,0.84,0.85,0.15,0.16,0.01,0.01,74634.65,1776162681000
1776162682.633,82.633,0.84,0.85,0.15,0.16,0.01,0.01,74634.65,1776162681000
1776162682.987,82.987,0.84,0.85,0.15,0.16,0.01,0.01,74634.65,1776162682000
1776162683.333,83.333,0.84,0.86,0.15,0.16,0.02,0.01,74634.65,1776162682000
1776162683.819,83.819,0.85,0.86,0.14,0.15,0.01,0.01,74634.65,1776162682000
1776162684.281,84.281,0.85,0.86,0.14,0.15,0.01,0.01,74634.65,1776162682000
1776162684.671,84.671,0.85,0.86,0.14,0.15,0.01,0.01,74636.92,1776162683000
1776162685.031,85.031,0.86,0.87,0.13,0.14,0.01,0.01,74636.92,1776162683000
1776162685.49,85.49,0.86,0.87,0.13,0.14,0.01,0.01,74637.86,1776162684000
1776162685.902,85.902,0.86,0.87,0.13,0.14,0.01,0.01,74637.86,1776162684000
1776162686.388,86.388,0.86,0.87,0.13,0.14,0.01,0.01,74637.86,1776162684000
1776162687.075,87.075,0.86,0.87,0.13,0.14,0.01,0.01,74637.97,1776162686000
1776162687.536,87.536,0.86,0.87,0.13,0.14,0.01,0.01,74637.97,1776162686000
1776162688.223,88.223,0.86,0.87,0.13,0.14,0.01,0.01,74637.97,1776162686000
1776162688.699,88.699,0.86,0.87,0.13,0.14,0.01,0.01,74638.03,1776162687000
1776162690.049,90.049,0.86,0.87,0.13,0.14,0.01,0.01,74638.03,1776162688000
1776162690.416,90.416,0.86,0.87,0.13,0.14,0.01,0.01,74637.85,1776162689000
1776162690.762,90.762,0.86,0.87,0.13,0.14,0.01,0.01,74637.85,1776162689000
1776162691.162,91.162,0.86,0.87,0.13,0.14,0.01,0.01,74637.84,1776162690000
1776162691.506,91.506,0.86,0.87,0.13,0.14,0.01,0.01,74637.84,1776162690000
1776162692.119,92.119,0.86,0.87,0.13,0.14,0.01,0.01,74637.84,1776162690000
1776162692.724,92.724,0.82,0.83,0.14,0.18,0.01,0.04,74637.84,1776162691000
1776162693.089,93.089,0.82,0.83,0.17,0.18,0.01,0.01,74637.84,1776162691000
1776162693.458,93.458,0.82,0.83,0.17,0.18,0.01,0.01,74638.02,1776162692000
1776162694.137,94.137,0.82,0.83,0.17,0.18,0.01,0.01,74638.02,1776162692000
1776162694.49,94.49,0.82,0.83,0.17,0.18,0.01,0.01,74632.84,1776162693000
1776162695.116,95.116,0.82,0.83,0.17,0.18,0.01,0.01,74630.26,1776162694000
1776162695.508,95.508,0.82,0.83,0.17,0.18,0.01,0.01,74630.26,1776162694000
1776162696.16,96.16,0.82,0.83,0.17,0.18,0.01,0.01,74630.26,1776162694000
1776162696.609,96.609,0.82,0.83,0.17,0.18,0.01,0.01,74629.92,1776162695000
1776162697.145,97.145,0.82,0.83,0.17,0.18,0.01,0.01,74629.98,1776162696000
1776162697.539,97.539,0.82,0.83,0.17,0.18,0.01,0.01,74629.98,1776162696000
1776162697.989,97.989,0.82,0.83,0.17,0.18,0.01,0.01,74629.98,1776162696000
1776162698.336,98.336,0.82,0.83,0.17,0.18,0.01,0.01,74629.98,1776162696000
1776162698.75,98.75,0.83,0.84,0.16,0.18,0.01,0.02,74629.97,1776162697000
1776162699.175,99.175,0.83,0.84,0.16,0.17,0.01,0.01,74630.0,1776162698000
1776162700.171,100.171,0.83,0.84,0.16,0.17,0.01,0.01,74630.0,1776162698000
1776162700.593,100.593,0.83,0.84,0.16,0.17,0.01,0.01,74629.97,1776162699000
1776162701.347,101.347,0.83,0.84,0.16,0.17,0.01,0.01,74629.96,1776162700000
1776162701.975,101.975,0.83,0.84,0.16,0.17,0.01,0.01,74629.97,1776162701000
1776162702.354,102.354,0.83,0.84,0.16,0.17,0.01,0.01,74629.97,1776162701000
1776162702.818,102.818,0.84,0.85,0.15,0.16,0.01,0.01,74630.18,1776162702000
1776162703.152,103.152,0.84,0.85,0.15,0.16,0.01,0.01,74630.18,1776162702000
1776162703.591,103.591,0.84,0.85,0.15,0.16,0.01,0.01,74630.18,1776162702000
1776162704.121,104.121,0.84,0.85,0.15,0.16,0.01,0.01,74630.18,1776162702000
1776162704.584,104.584,0.84,0.85,0.15,0.16,0.01,0.01,74630.19,1776162703000
1776162704.962,104.962,0.85,0.86,0.14,0.15,0.01,0.01,74630.19,1776162703000
1776162705.594,105.594,0.85,0.86,0.14,0.15,0.01,0.01,74630.04,1776162704000
1776162705.977,105.977,0.85,0.86,0.14,0.15,0.01,0.01,74630.04,1776162704000
1776162706.52,106.52,0.85,0.87,0.14,0.15,0.02,0.01,74630.29,1776162705000
1776162706.998,106.998,0.86,0.87,0.13,0.14,0.01,0.01,74630.29,1776162705000
1776162707.465,107.465,0.86,0.87,0.13,0.14,0.01,0.01,74631.19,1776162706000
1776162708.126,108.126,0.86,0.87,0.13,0.14,0.01,0.01,74631.19,1776162706000
1776162708.574,108.574,0.86,0.87,0.13,0.14,0.01,0.01,74631.55,1776162707000
1776162708.998,108.998,0.86,0.87,0.13,0.14,0.01,0.01,74631.55,1776162707000
1776162710.123,110.123,0.86,0.87,0.13,0.14,0.01,0.01,74631.0,1776162709000
1776162710.463,110.463,0.86,0.87,0.13,0.14,0.01,0.01,74631.0,1776162709000
1776162710.801,110.801,0.86,0.87,0.13,0.14,0.01,0.01,74631.0,1776162709000
1776162711.151,111.151,0.86,0.87,0.13,0.14,0.01,0.01,74631.14,1776162710000
1776162712.111,112.111,0.86,0.87,0.13,0.14,0.01,0.01,74631.14,1776162710000
1776162712.551,112.551,0.86,0.87,0.13,0.14,0.01,0.01,74631.11,1776162711000
1776162713.089,113.089,0.86,0.87,0.13,0.14,0.01,0.01,74631.11,1776162711000
1776162714.144,114.144,0.86,0.87,0.13,0.14,0.01,0.01,74631.01,1776162712000
1776162715.292,115.292,0.86,0.87,0.13,0.14,0.01,0.01,74631.14,1776162713000
1776162715.975,115.975,0.86,0.87,0.13,0.14,0.01,0.01,74631.09,1776162715000
1776162716.748,116.748,0.87,0.88,0.13,0.14,0.01,0.01,74631.09,1776162715000
1776162717.175,117.175,0.87,0.88,0.12,0.13,0.01,0.01,74630.96,1776162716000
1776162718.01,118.01,0.87,0.88,0.12,0.13,0.01,0.01,74630.97,1776162717000
1776162718.346,118.346,0.87,0.88,0.12,0.13,0.01,0.01,74630.97,1776162717000
1776162718.803,118.803,0.87,0.88,0.12,0.13,0.01,0.01,74630.97,1776162717000
1776162719.529,119.529,0.87,0.88,0.12,0.13,0.01,0.01,74630.96,1776162718000
1776162720.188,120.188,0.87,0.88,0.12,0.13,0.01,0.01,74630.96,1776162718000
1776162720.565,120.565,0.8,0.81,0.14,0.22,0.01,0.08,74630.98,1776162719000
1776162720.905,120.905,0.79,0.81,0.2,0.21,0.02,0.01,74630.98,1776162719000
1776162721.33,121.33,0.79,0.8,0.2,0.21,0.01,0.01,74630.98,1776162719000
1776162721.723,121.723,0.78,0.79,0.21,0.24,0.01,0.03,74630.82,1776162720000
1776162722.066,122.066,0.77,0.78,0.22,0.23,0.01,0.01,74626.9,1776162721000
1776162722.421,122.421,0.77,0.78,0.22,0.23,0.01,0.01,74626.9,1776162721000
1776162722.77,122.77,0.77,0.78,0.22,0.23,0.01,0.01,74626.9,1776162721000
1776162723.107,123.107,0.77,0.78,0.22,0.23,0.01,0.01,74615.71,1776162722000
1776162723.848,123.848,0.77,0.78,0.22,0.23,0.01,0.01,74615.71,1776162722000
1776162724.225,124.225,0.8,0.81,0.19,0.21,0.01,0.02,74615.62,1776162723000
1776162724.603,124.603,0.8,0.81,0.19,0.2,0.01,0.01,74615.62,1776162723000
1776162725.006,125.006,0.81,0.82,0.18,0.2,0.01,0.02,74615.62,1776162723000
1776162725.419,125.419,0.81,0.82,0.18,0.19,0.01,0.01,74621.7,1776162724000
1776162725.899,125.899,0.81,0.82,0.18,0.19,0.01,0.01,74621.7,1776162724000
1776162726.256,126.256,0.82,0.83,0.17,0.18,0.01,0.01,74621.7,1776162724000
1776162726.631,126.631,0.82,0.83,0.17,0.18,0.01,0.01,74623.08,1776162725000
1776162727.118,127.118,0.82,0.83,0.17,0.18,0.01,0.01,74623.08,1776162725000
1776162727.946,127.946,0.82,0.83,0.16,0.18,0.01,0.02,74623.08,1776162726000
1776162728.51,128.51,0.83,0.84,0.17,0.18,0.01,0.01,74622.96,1776162727000
1776162728.867,128.867,0.83,0.84,0.16,0.17,0.01,0.01,74622.96,1776162727000
1776162729.323,129.323,0.83,0.84,0.16,0.17,0.01,0.01,74622.96,1776162727000
1776162729.784,129.784,0.83,0.84,0.16,0.17,0.01,0.01,74622.89,1776162728000
1776162730.128,130.128,0.83,0.84,0.16,0.17,0.01,0.01,74622.83,1776162729000
1776162730.595,130.595,0.83,0.84,0.16,0.17,0.01,0.01,74622.83,1776162729000
1776162730.961,130.961,0.83,0.84,0.16,0.17,0.01,0.01,74622.83,1776162729000
1776162731.495,131.495,0.83,0.84,0.16,0.17,0.01,0.01,74622.48,1776162730000
1776162731.848,131.848,0.83,0.84,0.16,0.17,0.01,0.01,74622.48,1776162730000
1776162732.216,132.216,0.83,0.84,0.16,0.17,0.01,0.01,74622.4,1776162731000
1776162733.588,133.588,0.83,0.84,0.16,0.17,0.01,0.01,74622.42,1776162732000
1776162734.125,134.125,0.83,0.84,0.16,0.17,0.01,0.01,74622.4,1776162733000
1776162734.782,134.782,0.83,0.84,0.16,0.17,0.01,0.01,74622.4,1776162733000
1776162735.2,135.2,0.82,0.83,0.17,0.18,0.01,0.01,74622.4,1776162733000
1776162735.546,135.546,0.81,0.82,0.18,0.19,0.01,0.01,74622.39,1776162734000
1776162735.909,135.909,0.81,0.83,0.17,0.19,0.02,0.02,74622.39,1776162734000
1776162736.518,136.518,0.82,0.83,0.17,0.18,0.01,0.01,74622.39,1776162734000
1776162737.213,137.213,0.82,0.83,0.17,0.18,0.01,0.01,74622.0,1776162735000
1776162737.592,137.592,0.83,0.84,0.16,0.17,0.01,0.01,74620.84,1776162736000
1776162737.997,137.997,0.83,0.84,0.16,0.17,0.01,0.01,74620.84,1776162736000
1776162738.442,138.442,0.83,0.85,0.15,0.17,0.02,0.02,74620.99,1776162737000
1776162738.789,138.789,0.84,0.85,0.15,0.16,0.01,0.01,74620.99,1776162737000
1776162739.129,139.129,0.84,0.85,0.15,0.16,0.01,0.01,74621.52,1776162738000
1776162739.609,139.609,0.84,0.85,0.15,0.16,0.01,0.01,74621.52,1776162738000
1776162740.189,140.189,0.84,0.85,0.15,0.16,0.01,0.01,74622.54,1776162739000
1776162740.602,140.602,0.85,0.86,0.14,0.15,0.01,0.01,74622.54,1776162739000
1776162741.394,141.394,0.85,0.86,0.14,0.15,0.01,0.01,74622.77,1776162740000
1776162741.98,141.98,0.85,0.86,0.14,0.15,0.01,0.01,74622.76,1776162741000
1776162742.47,142.47,0.85,0.86,0.14,0.15,0.01,0.01,74622.76,1776162741000
1776162743.133,143.133,0.87,0.88,0.13,0.15,0.01,0.02,74622.76,1776162741000
1776162743.6,143.6,0.87,0.88,0.12,0.13,0.01,0.01,74622.77,1776162742000
1776162744.004,144.004,0.87,0.89,0.11,0.13,0.02,0.02,74623.62,1776162743000
1776162744.351,144.351,0.88,0.89,0.11,0.13,0.01,0.02,74623.62,1776162743000
1776162744.768,144.768,0.88,0.89,0.11,0.12,0.01,0.01,74623.62,1776162743000
1776162745.208,145.208,0.88,0.89,0.11,0.12,0.01,0.01,74626.69,1776162744000
1776162745.73,145.73,0.88,0.89,0.11,0.12,0.01,0.01,74626.69,1776162744000
1776162746.491,146.491,0.88,0.89,0.11,0.12,0.01,0.01,74629.01,1776162745000
1776162746.865,146.865,0.88,0.89,0.11,0.12,0.01,0.01,74629.01,1776162745000
1776162747.249,147.249,0.88,0.89,0.11,0.12,0.01,0.01,74629.01,1776162745000
1776162747.697,147.697,0.88,0.89,0.11,0.12,0.01,0.01,74629.05,1776162746000
1776162748.294,148.294,0.88,0.89,0.11,0.12,0.01,0.01,74629.05,1776162747000
1776162748.777,148.777,0.87,0.89,0.11,0.12,0.02,0.01,74629.05,1776162747000
1776162749.114,149.114,0.87,0.88,0.12,0.13,0.01,0.01,74629.05,1776162747000
1776162749.519,149.519,0.87,0.88,0.12,0.13,0.01,0.01,74627.61,1776162748000
1776162749.895,149.895,0.87,0.88,0.12,0.13,0.01,0.01,74627.61,1776162748000
1776162750.229,150.229,0.86,0.87,0.12,0.14,0.01,0.02,74627.61,1776162748000
1776162750.568,150.568,0.84,0.85,0.15,0.16,0.01,0.01,74621.5,1776162749000
1776162750.927,150.927,0.84,0.85,0.15,0.16,0.01,0.01,74621.5,1776162749000
1776162751.36,151.36,0.84,0.85,0.15,0.16,0.01,0.01,74619.83,1776162750000
1776162751.752,151.752,0.83,0.84,0.15,0.16,0.01,0.01,74619.83,1776162750000
1776162752.176,152.176,0.83,0.84,0.16,0.17,0.01,0.01,74619.78,1776162751000
1776162752.726,152.726,0.82,0.83,0.16,0.17,0.01,0.01,74619.78,1776162751000
1776162753.303,153.303,0.82,0.83,0.17,0.18,0.01,0.01,74619.87,1776162752000
1776162753.664,153.664,0.81,0.82,0.18,0.19,0.01,0.01,74619.87,1776162752000
1776162754.0,154.0,0.8,0.81,0.19,0.2,0.01,0.01,74619.87,1776162752000
1776162754.503,154.503,0.8,0.81,0.19,0.2,0.01,0.01,74619.87,1776162752000
1776162755.193,155.193,0.8,0.81,0.19,0.2,0.01,0.01,74619.87,1776162752000
1776162755.713,155.713,0.8,0.81,0.19,0.2,0.01,0.01,74619.87,1776162752000
1776162756.135,156.135,0.8,0.81,0.19,0.2,0.01,0.01,74618.26,1776162755000
1776162756.536,156.536,0.8,0.81,0.19,0.2,0.01,0.01,74618.26,1776162755000
1776162756.916,156.916,0.8,0.81,0.19,0.2,0.01,0.01,74618.26,1776162755000
1776162757.291,157.291,0.8,0.81,0.19,0.2,0.01,0.01,74618.71,1776162756000
1776162757.639,157.639,0.8,0.81,0.19,0.2,0.01,0.01,74618.71,1776162756000
1776162758.189,158.189,0.8,0.81,0.19,0.2,0.01,0.01,74618.71,1776162756000
1776162758.747,158.747,0.8,0.81,0.19,0.2,0.01,0.01,74618.71,1776162757000
1776162759.312,159.312,0.8,0.81,0.19,0.2,0.01,0.01,74618.51,1776162758000
1776162759.693,159.693,0.8,0.81,0.19,0.2,0.01,0.01,74618.51,1776162758000
1776162760.039,160.039,0.8,0.81,0.19,0.2,0.01,0.01,74618.51,1776162758000
1776162760.399,160.399,0.8,0.81,0.19,0.2,0.01,0.01,74618.31,1776162759000
1776162760.743,160.743,0.8,0.81,0.19,0.2,0.01,0.01,74618.31,1776162759000
1776162761.313,161.313,0.81,0.82,0.18,0.2,0.01,0.02,74618.31,1776162759000
1776162761.679,161.679,0.81,0.82,0.18,0.19,0.01,0.01,74618.17,1776162760000
1776162762.025,162.025,0.81,0.82,0.18,0.19,0.01,0.01,74618.16,1776162761000
1776162762.393,162.393,0.81,0.82,0.18,0.19,0.01,0.01,74618.16,1776162761000
1776162762.951,162.951,0.81,0.82,0.18,0.19,0.01,0.01,74618.16,1776162761000
1776162763.752,163.752,0.81,0.82,0.18,0.19,0.01,0.01,74618.42,1776162762000
1776162764.673,164.673,0.81,0.82,0.18,0.19,0.01,0.01,74618.42,1776162762000
1776162765.152,165.152,0.81,0.83,0.18,0.19,0.02,0.01,74618.42,1776162763000
1776162765.491,165.491,0.82,0.83,0.17,0.18,0.01,0.01,74618.25,1776162764000
1776162766.123,166.123,0.82,0.83,0.17,0.18,0.01,0.01,74618.23,1776162765000
1776162766.502,166.502,0.82,0.83,0.17,0.18,0.01,0.01,74618.23,1776162765000
1776162767.18,167.18,0.82,0.84,0.16,0.18,0.02,0.02,74618.23,1776162766000
1776162768.205,168.205,0.83,0.84,0.16,0.17,0.01,0.01,74618.23,1776162766000
1776162768.637,168.637,0.82,0.83,0.17,0.18,0.01,0.01,74618.22,1776162767000
1776162769.015,169.015,0.82,0.83,0.17,0.18,0.01,0.01,74618.22,1776162767000
1776162769.938,169.938,0.81,0.83,0.17,0.19,0.02,0.02,74618.18,1776162769000
1776162770.433,170.433,0.8,0.81,0.18,0.2,0.01,0.02,74618.18,1776162769000
1776162770.884,170.884,0.79,0.8,0.19,0.2,0.01,0.01,74618.18,1776162769000
1776162771.255,171.255,0.79,0.8,0.2,0.21,0.01,0.01,74612.45,1776162770000
1776162772.202,172.202,0.79,0.8,0.2,0.21,0.01,0.01,74612.45,1776162770000
1776162772.601,172.601,0.79,0.8,0.2,0.21,0.01,0.01,74612.45,1776162770000
1776162772.981,172.981,0.79,0.8,0.2,0.21,0.01,0.01,74612.34,1776162771000
1776162773.428,173.428,0.79,0.8,0.2,0.21,0.01,0.01,74612.35,1776162772000
1776162773.771,173.771,0.79,0.8,0.2,0.21,0.01,0.01,74612.35,1776162772000
1776162774.423,174.423,0.8,0.81,0.2,0.21,0.01,0.01,74612.36,1776162773000
1776162774.939,174.939,0.8,0.81,0.19,0.2,0.01,0.01,74612.36,1776162773000
1776162775.356,175.356,0.8,0.81,0.19,0.2,0.01,0.01,74612.34,1776162774000
1776162775.779,175.779,0.8,0.81,0.19,0.2,0.01,0.01,74612.34,1776162774000
1776162776.582,176.582,0.8,0.81,0.19,0.2,0.01,0.01,74612.34,1776162775000
1776162776.939,176.939,0.8,0.81,0.19,0.2,0.01,0.01,74612.34,1776162775000
1776162777.357,177.357,0.8,0.81,0.19,0.2,0.01,0.01,74612.29,1776162776000
1776162777.966,177.966,0.8,0.81,0.19,0.2,0.01,0.01,74612.29,1776162776000
1776162779.112,179.112,0.8,0.81,0.19,0.2,0.01,0.01,74612.25,1776162777000
1776162779.671,179.671,0.8,0.81,0.19,0.2,0.01,0.01,74612.15,1776162778000
1776162780.005,180.005,0.76,0.8,0.2,0.22,0.04,0.02,74612.15,1776162778000
1776162780.418,180.418,0.75,0.76,0.24,0.25,0.01,0.01,74612.1,1776162779000
1776162780.821,180.821,0.75,0.76,0.24,0.25,0.01,0.01,74612.1,1776162779000
1776162781.158,181.158,0.74,0.75,0.24,0.25,0.01,0.01,74612.1,1776162779000
1776162781.649,181.649,0.73,0.75,0.25,0.26,0.02,0.01,74603.34,1776162780000
1776162782.031,182.031,0.72,0.75,0.25,0.27,0.03,0.02,74603.34,1776162780000
1776162782.384,182.384,0.72,0.75,0.25,0.28,0.03,0.03,74603.34,1776162780000
1776162782.73,182.73,0.72,0.75,0.25,0.28,0.03,0.03,74587.91,1776162781000
1776162783.069,183.069,0.7,0.75,0.25,0.3,0.05,0.05,74587.91,1776162781000
1776162783.436,183.436,0.69,0.76,0.24,0.3,0.07,0.06,74587.91,1776162781000
1776162783.773,183.773,0.65,0.72,0.28,0.35,0.07,0.07,74581.06,1776162782000
1776162784.113,184.113,0.69,0.71,0.29,0.31,0.02,0.02,74581.06,1776162783000
1776162784.484,184.484,0.69,0.71,0.29,0.32,0.02,0.03,74581.06,1776162783000
1776162784.87,184.87,0.69,0.7,0.3,0.31,0.01,0.01,74581.06,1776162783000
1776162785.684,185.684,0.68,0.7,0.3,0.35,0.02,0.05,74580.18,1776162784000
1776162786.019,186.019,0.63,0.7,0.3,0.37,0.07,0.07,74580.18,1776162784000
1776162786.371,186.371,0.55,0.6,0.39,0.46,0.05,0.07,74580.18,1776162784000
1776162786.906,186.906,0.54,0.6,0.4,0.47,0.06,0.07,74580.85,1776162785000
1776162787.432,187.432,0.54,0.6,0.4,0.47,0.06,0.07,74580.83,1776162786000
1776162788.101,188.101,0.54,0.6,0.4,0.47,0.06,0.07,74580.84,1776162787000
1776162788.461,188.461,0.54,0.55,0.4,0.47,0.01,0.07,74580.84,1776162787000
1776162788.866,188.866,0.53,0.55,0.45,0.47,0.02,0.02,74580.84,1776162787000
1776162789.205,189.205,0.53,0.56,0.44,0.46,0.03,0.02,74580.84,1776162787000
1776162789.581,189.581,0.52,0.55,0.43,0.47,0.03,0.04,74580.28,1776162788000
1776162789.933,189.933,0.51,0.52,0.48,0.49,0.01,0.01,74580.28,1776162788000
1776162790.275,190.275,0.51,0.54,0.46,0.49,0.03,0.03,74580.28,1776162788000
1776162790.623,190.623,0.51,0.52,0.48,0.49,0.01,0.01,74566.03,1776162789000
1776162790.985,190.985,0.51,0.52,0.48,0.49,0.01,0.01,74566.03,1776162789000
1776162791.357,191.357,0.51,0.52,0.48,0.49,0.01,0.01,74564.58,1776162790000
1776162791.819,191.819,0.51,0.52,0.48,0.49,0.01,0.01,74564.58,1776162790000
1776162792.167,192.167,0.51,0.52,0.48,0.49,0.01,0.01,74564.58,1776162790000
1776162792.526,192.526,0.51,0.52,0.48,0.49,0.01,0.01,74564.07,1776162791000
1776162792.901,192.901,0.5,0.51,0.49,0.5,0.01,0.01,74564.07,1776162791000
1776162793.273,193.273,0.5,0.51,0.49,0.5,0.01,0.01,74564.07,1776162791000
1776162793.691,193.691,0.47,0.49,0.51,0.54,0.02,0.03,74564.07,1776162792000
1776162794.058,194.058,0.46,0.48,0.52,0.54,0.02,0.02,74564.07,1776162793000
1776162794.405,194.405,0.45,0.46,0.54,0.55,0.01,0.01,74564.07,1776162793000
1776162794.745,194.745,0.45,0.46,0.54,0.55,0.01,0.01,74564.07,1776162793000
1776162795.091,195.091,0.45,0.46,0.54,0.55,0.01,0.01,74564.07,1776162793000
1776162795.436,195.436,0.45,0.46,0.54,0.55,0.01,0.01,74563.52,1776162794000
1776162795.875,195.875,0.39,0.4,0.6,0.62,0.01,0.02,74563.52,1776162794000
1776162796.313,196.313,0.39,0.4,0.6,0.62,0.01,0.02,74563.52,1776162794000
1776162796.706,196.706,0.39,0.4,0.6,0.61,0.01,0.01,74562.06,1776162795000
1776162797.08,197.08,0.38,0.39,0.61,0.62,0.01,0.01,74562.46,1776162796000
1776162797.421,197.421,0.36,0.37,0.63,0.65,0.01,0.02,74562.46,1776162796000
1776162797.778,197.778,0.36,0.37,0.63,0.64,0.01,0.01,74562.46,1776162796000
1776162798.122,198.122,0.36,0.37,0.63,0.64,0.01,0.01,74562.52,1776162797000
1776162798.478,198.478,0.35,0.36,0.64,0.65,0.01,0.01,74562.52,1776162797000
1776162798.83,198.83,0.35,0.36,0.64,0.65,0.01,0.01,74562.52,1776162797000
1776162799.172,199.172,0.35,0.36,0.64,0.65,0.01,0.01,74562.52,1776162797000
1776162799.535,199.535,0.35,0.36,0.64,0.65,0.01,0.01,74562.7,1776162798000
1776162799.892,199.892,0.35,0.36,0.64,0.65,0.01,0.01,74562.7,1776162798000
1776162800.274,200.274,0.33,0.34,0.66,0.67,0.01,0.01,74562.7,1776162798000
1776162800.613,200.613,0.33,0.34,0.66,0.67,0.01,0.01,74563.1,1776162799000
1776162800.982,200.982,0.32,0.33,0.66,0.68,0.01,0.02,74563.15,1776162800000
1776162801.367,201.367,0.32,0.33,0.67,0.68,0.01,0.01,74563.15,1776162800000
1776162801.715,201.715,0.32,0.33,0.67,0.68,0.01,0.01,74563.15,1776162800000
1776162802.109,202.109,0.32,0.33,0.67,0.68,0.01,0.01,74563.15,1776162800000
1776162802.452,202.452,0.32,0.33,0.67,0.68,0.01,0.01,74563.15,1776162800000
1776162802.883,202.883,0.31,0.32,0.68,0.69,0.01,0.01,74563.15,1776162800000
1776162803.23,203.23,0.31,0.32,0.68,0.69,0.01,0.01,74563.11,1776162801000
1776162803.592,203.592,0.31,0.32,0.68,0.69,0.01,0.01,74563.11,1776162801000
1776162804.023,204.023,0.31,0.32,0.68,0.69,0.01,0.01,74563.11,1776162801000
1776162804.36,204.36,0.31,0.32,0.68,0.69,0.01,0.01,74563.49,1776162802000
1776162804.759,204.759,0.31,0.32,0.68,0.69,0.01,0.01,74563.49,1776162802000
1776162805.102,205.102,0.31,0.32,0.68,0.69,0.01,0.01,74563.49,1776162802000
1776162805.436,205.436,0.31,0.32,0.68,0.69,0.01,0.01,74563.94,1776162803000
1776162805.94,205.94,0.31,0.32,0.68,0.69,0.01,0.01,74563.94,1776162803000
1776162806.351,206.351,0.34,0.35,0.65,0.67,0.01,0.02,74564.03,1776162804000
1776162806.717,206.717,0.34,0.35,0.65,0.66,0.01,0.01,74564.03,1776162804000
1776162807.059,207.059,0.34,0.35,0.65,0.66,0.01,0.01,74564.73,1776162805000
1776162807.394,207.394,0.34,0.35,0.65,0.66,0.01,0.01,74564.73,1776162805000
1776162807.735,207.735,0.34,0.35,0.65,0.66,0.01,0.01,74564.73,1776162805000
1776162808.108,208.108,0.33,0.34,0.66,0.67,0.01,0.01,74564.88,1776162806000
1776162808.511,208.511,0.32,0.33,0.66,0.68,0.01,0.02,74564.88,1776162806000
1776162808.911,208.911,0.32,0.33,0.67,0.68,0.01,0.01,74564.88,1776162806000
1776162809.264,209.264,0.32,0.33,0.67,0.68,0.01,0.01,74565.08,1776162807000
1776162809.616,209.616,0.32,0.33,0.67,0.68,0.01,0.01,74565.08,1776162807000
1776162809.987,209.987,0.32,0.33,0.67,0.68,0.01,0.01,74566.12,1776162808000
1776162810.34,210.34,0.32,0.33,0.67,0.68,0.01,0.01,74566.12,1776162808000
1776162810.678,210.678,0.32,0.33,0.67,0.68,0.01,0.01,74566.3,1776162809000
1776162811.017,211.017,0.32,0.33,0.67,0.68,0.01,0.01,74566.3,1776162809000
1776162811.457,211.457,0.32,0.33,0.67,0.68,0.01,0.01,74566.36,1776162810000
1776162811.839,211.839,0.32,0.33,0.67,0.68,0.01,0.01,74566.36,1776162810000
1776162812.176,212.176,0.32,0.33,0.67,0.68,0.01,0.01,74566.36,1776162810000
1776162812.536,212.536,0.32,0.33,0.67,0.68,0.01,0.01,74567.04,1776162811000
1776162812.876,212.876,0.32,0.33,0.67,0.68,0.01,0.01,74567.04,1776162811000
1776162813.227,213.227,0.32,0.33,0.67,0.68,0.01,0.01,74567.26,1776162812000
1776162813.606,213.606,0.32,0.33,0.67,0.68,0.01,0.01,74567.26,1776162812000
1776162814.008,214.008,0.32,0.33,0.67,0.68,0.01,0.01,74567.26,1776162812000
1776162814.344,214.344,0.32,0.33,0.67,0.68,0.01,0.01,74567.26,1776162812000
1776162814.702,214.702,0.32,0.33,0.67,0.68,0.01,0.01,74567.42,1776162813000
1776162815.107,215.107,0.32,0.33,0.67,0.68,0.01,0.01,74567.42,1776162813000
1776162815.513,215.513,0.31,0.32,0.68,0.69,0.01,0.01,74567.42,1776162814000
1776162815.937,215.937,0.31,0.32,0.68,0.69,0.01,0.01,74567.42,1776162814000
1776162816.285,216.285,0.31,0.32,0.68,0.69,0.01,0.01,74567.42,1776162814000
1776162816.667,216.667,0.31,0.32,0.68,0.69,0.01,0.01,74567.35,1776162815000
1776162817.029,217.029,0.31,0.32,0.68,0.69,0.01,0.01,74567.35,1776162815000
1776162817.378,217.378,0.31,0.32,0.68,0.69,0.01,0.01,74566.86,1776162816000
1776162817.74,217.74,0.31,0.32,0.68,0.69,0.01,0.01,74566.86,1776162816000
1776162818.075,218.075,0.31,0.32,0.68,0.69,0.01,0.01,74566.86,1776162817000
1776162818.437,218.437,0.31,0.32,0.68,0.69,0.01,0.01,74566.86,1776162817000
1776162818.777,218.777,0.3,0.31,0.69,0.7,0.01,0.01,74566.86,1776162817000
1776162819.158,219.158,0.29,0.3,0.7,0.71,0.01,0.01,74566.86,1776162817000
1776162819.501,219.501,0.29,0.3,0.7,0.71,0.01,0.01,74566.85,1776162818000
1776162819.897,219.897,0.29,0.3,0.7,0.71,0.01,0.01,74566.85,1776162818000
1776162820.319,220.319,0.29,0.3,0.7,0.71,0.01,0.01,74566.85,1776162818000
1776162820.666,220.666,0.29,0.3,0.7,0.71,0.01,0.01,74566.85,1776162818000
1776162821.005,221.005,0.28,0.29,0.71,0.72,0.01,0.01,74566.84,1776162819000
1776162821.383,221.383,0.27,0.28,0.72,0.73,0.01,0.01,74566.84,1776162819000
1776162821.722,221.722,0.27,0.28,0.72,0.73,0.01,0.01,74566.65,1776162820000
1776162822.12,222.12,0.25,0.26,0.73,0.75,0.01,0.02,74566.65,1776162820000
1776162822.473,222.473,0.25,0.26,0.74,0.75,0.01,0.01,74566.47,1776162821000
1776162822.816,222.816,0.25,0.26,0.74,0.75,0.01,0.01,74566.47,1776162821000
1776162823.162,223.162,0.25,0.26,0.74,0.75,0.01,0.01,74566.45,1776162822000
1776162823.536,223.536,0.25,0.26,0.74,0.75,0.01,0.01,74566.45,1776162822000
1776162823.874,223.874,0.25,0.26,0.74,0.75,0.01,0.01,74566.45,1776162823000
1776162824.208,224.208,0.26,0.27,0.73,0.74,0.01,0.01,74566.45,1776162823000
1776162824.555,224.555,0.27,0.28,0.73,0.74,0.01,0.01,74566.45,1776162823000
1776162824.906,224.906,0.27,0.28,0.72,0.73,0.01,0.01,74566.45,1776162823000
1776162825.249,225.249,0.26,0.27,0.72,0.73,0.01,0.01,74566.09,1776162824000
1776162825.661,225.661,0.26,0.27,0.73,0.74,0.01,0.01,74566.09,1776162824000
1776162826.07,226.07,0.25,0.26,0.73,0.75,0.01,0.02,74566.09,1776162824000
1776162826.433,226.433,0.25,0.26,0.74,0.75,0.01,0.01,74566.08,1776162825000
1776162826.787,226.787,0.25,0.26,0.74,0.75,0.01,0.01,74566.08,1776162825000
1776162827.123,227.123,0.25,0.26,0.74,0.75,0.01,0.01,74566.07,1776162826000
1776162827.516,227.516,0.25,0.26,0.73,0.75,0.01,0.02,74566.07,1776162826000
1776162827.85,227.85,0.25,0.26,0.74,0.75,0.01,0.01,74566.07,1776162826000
1776162828.317,228.317,0.26,0.27,0.74,0.75,0.01,0.01,74565.31,1776162827000
1776162828.725,228.725,0.27,0.28,0.72,0.73,0.01,0.01,74565.31,1776162827000
1776162829.112,229.112,0.26,0.27,0.72,0.75,0.01,0.03,74565.26,1776162828000
1776162829.48,229.48,0.26,0.27,0.73,0.74,0.01,0.01,74565.26,1776162828000
1776162829.824,229.824,0.27,0.28,0.72,0.74,0.01,0.02,74565.26,1776162828000
1776162830.157,230.157,0.27,0.28,0.72,0.73,0.01,0.01,74565.33,1776162829000
1776162830.502,230.502,0.27,0.28,0.72,0.73,0.01,0.01,74565.33,1776162829000
1776162830.877,230.877,0.28,0.29,0.71,0.72,0.01,0.01,74565.33,1776162829000
1776162831.297,231.297,0.27,0.29,0.71,0.72,0.02,0.01,74565.48,1776162830000
1776162831.74,231.74,0.27,0.28,0.72,0.73,0.01,0.01,74565.48,1776162830000
1776162832.081,232.081,0.27,0.28,0.72,0.73,0.01,0.01,74566.34,1776162831000
1776162832.437,232.437,0.27,0.28,0.72,0.73,0.01,0.01,74566.34,1776162831000
1776162832.847,232.847,0.27,0.28,0.72,0.73,0.01,0.01,74566.34,1776162832000
1776162833.241,233.241,0.27,0.28,0.72,0.73,0.01,0.01,74566.34,1776162832000
1776162833.768,233.768,0.27,0.28,0.72,0.73,0.01,0.01,74566.34,1776162832000
1776162834.122,234.122,0.27,0.28,0.72,0.73,0.01,0.01,74566.35,1776162833000
1776162834.515,234.515,0.27,0.28,0.72,0.73,0.01,0.01,74566.35,1776162833000
1776162835.007,235.007,0.27,0.28,0.72,0.73,0.01,0.01,74566.35,1776162833000
1776162835.355,235.355,0.27,0.28,0.72,0.73,0.01,0.01,74566.35,1776162833000
1776162835.856,235.856,0.27,0.28,0.72,0.73,0.01,0.01,74566.35,1776162833000
1776162836.347,236.347,0.27,0.28,0.72,0.73,0.01,0.01,74566.35,1776162834000
1776162836.868,236.868,0.26,0.27,0.72,0.73,0.01,0.01,74566.35,1776162835000
1776162837.45,237.45,0.25,0.26,0.74,0.75,0.01,0.01,74566.35,1776162836000
1776162838.069,238.069,0.24,0.25,0.75,0.76,0.01,0.01,74566.35,1776162836000
1776162838.655,238.655,0.24,0.25,0.75,0.76,0.01,0.01,74566.35,1776162836000
1776162839.03,239.03,0.24,0.25,0.75,0.76,0.01,0.01,74566.27,1776162837000
1776162839.376,239.376,0.24,0.25,0.75,0.76,0.01,0.01,74565.45,1776162838000
1776162839.781,239.781,0.23,0.24,0.75,0.76,0.01,0.01,74565.45,1776162838000
1776162840.194,240.194,0.23,0.24,0.76,0.77,0.01,0.01,74565.28,1776162839000
1776162840.669,240.669,0.23,0.24,0.76,0.77,0.01,0.01,74565.28,1776162839000
1776162841.011,241.011,0.23,0.24,0.76,0.77,0.01,0.01,74565.28,1776162839000
1776162841.362,241.362,0.24,0.25,0.75,0.76,0.01,0.01,74565.28,1776162839000
1776162841.752,241.752,0.24,0.25,0.75,0.76,0.01,0.01,74565.3,1776162840000
1776162842.134,242.134,0.24,0.3,0.75,0.76,0.06,0.01,74565.3,1776162840000
1776162842.468,242.468,0.36,0.37,0.63,0.64,0.01,0.01,74565.3,1776162841000
1776162842.829,242.829,0.36,0.38,0.63,0.64,0.02,0.01,74565.3,1776162841000
1776162843.19,243.19,0.38,0.39,0.61,0.63,0.01,0.02,74565.3,1776162841000
1776162843.543,243.543,0.42,0.43,0.57,0.59,0.01,0.02,74565.3,1776162842000
1776162843.885,243.885,0.42,0.43,0.57,0.58,0.01,0.01,74565.3,1776162842000
1776162844.273,244.273,0.42,0.43,0.57,0.58,0.01,0.01,74565.3,1776162842000
1776162844.623,244.623,0.42,0.43,0.57,0.58,0.01,0.01,74565.3,1776162842000
1776162844.964,244.964,0.42,0.43,0.57,0.58,0.01,0.01,74569.91,1776162843000
1776162845.338,245.338,0.42,0.43,0.57,0.58,0.01,0.01,74569.91,1776162843000
1776162845.792,245.792,0.35,0.37,0.62,0.63,0.02,0.01,74572.46,1776162844000
1776162846.286,246.286,0.34,0.35,0.65,0.66,0.01,0.01,74572.46,1776162844000
1776162846.633,246.633,0.31,0.32,0.68,0.69,0.01,0.01,74573.78,1776162845000
1776162846.969,246.969,0.29,0.3,0.7,0.71,0.01,0.01,74573.78,1776162845000
1776162847.438,247.438,0.29,0.3,0.7,0.71,0.01,0.01,74573.78,1776162845000
1776162847.793,247.793,0.27,0.28,0.71,0.73,0.01,0.02,74573.78,1776162845000
1776162848.189,248.189,0.27,0.28,0.72,0.73,0.01,0.01,74573.65,1776162846000
1776162848.634,248.634,0.27,0.28,0.72,0.73,0.01,0.01,74571.17,1776162847000
1776162848.992,248.992,0.25,0.26,0.74,0.75,0.01,0.01,74571.17,1776162847000
1776162849.416,249.416,0.25,0.26,0.74,0.75,0.01,0.01,74570.58,1776162848000
1776162849.75,249.75,0.22,0.23,0.74,0.78,0.01,0.04,74570.58,1776162848000
1776162850.103,250.103,0.22,0.23,0.77,0.78,0.01,0.01,74570.58,1776162848000
1776162850.487,250.487,0.21,0.22,0.77,0.78,0.01,0.01,74570.58,1776162848000
1776162850.934,250.934,0.21,0.22,0.78,0.79,0.01,0.01,74570.04,1776162849000
1776162851.34,251.34,0.21,0.22,0.78,0.79,0.01,0.01,74570.04,1776162849000
1776162851.745,251.745,0.2,0.21,0.79,0.8,0.01,0.01,74569.7,1776162850000
1776162852.079,252.079,0.2,0.21,0.79,0.8,0.01,0.01,74569.7,1776162850000
1776162852.447,252.447,0.19,0.2,0.8,0.81,0.01,0.01,74568.27,1776162851000
1776162852.817,252.817,0.18,0.19,0.81,0.82,0.01,0.01,74568.27,1776162851000
1776162853.179,253.179,0.17,0.18,0.81,0.83,0.01,0.02,74568.27,1776162851000
1776162853.739,253.739,0.17,0.18,0.82,0.83,0.01,0.01,74568.27,1776162851000
1776162854.205,254.205,0.17,0.18,0.82,0.83,0.01,0.01,74567.39,1776162853000
1776162854.756,254.756,0.17,0.18,0.82,0.83,0.01,0.01,74567.39,1776162853000
1776162855.093,255.093,0.17,0.18,0.82,0.83,0.01,0.01,74563.39,1776162854000
1776162855.478,255.478,0.17,0.18,0.82,0.83,0.01,0.01,74563.39,1776162854000
1776162855.911,255.911,0.16,0.18,0.82,0.83,0.02,0.01,74563.39,1776162854000
1776162856.562,256.562,0.16,0.17,0.82,0.83,0.01,0.01,74563.26,1776162855000
1776162856.954,256.954,0.16,0.17,0.83,0.84,0.01,0.01,74563.26,1776162855000
1776162857.379,257.379,0.16,0.17,0.83,0.84,0.01,0.01,74563.15,1776162856000
1776162857.762,257.762,0.15,0.16,0.84,0.85,0.01,0.01,74563.15,1776162856000
1776162858.111,258.111,0.15,0.16,0.84,0.85,0.01,0.01,74563.07,1776162857000
1776162858.487,258.487,0.15,0.16,0.84,0.85,0.01,0.01,74563.07,1776162857000
1776162858.832,258.832,0.16,0.17,0.83,0.85,0.01,0.02,74563.07,1776162857000
1776162859.173,259.173,0.16,0.17,0.83,0.84,0.01,0.01,74563.18,1776162858000
1776162859.508,259.508,0.2,0.25,0.75,0.82,0.05,0.07,74563.18,1776162858000
1776162859.847,259.847,0.26,0.27,0.73,0.74,0.01,0.01,74563.18,1776162858000
1776162860.202,260.202,0.27,0.28,0.72,0.73,0.01,0.01,74563.16,1776162859000
1776162860.547,260.547,0.27,0.28,0.72,0.73,0.01,0.01,74563.16,1776162859000
1776162860.919,260.919,0.27,0.28,0.72,0.73,0.01,0.01,74563.16,1776162859000
1776162861.327,261.327,0.27,0.28,0.72,0.73,0.01,0.01,74563.71,1776162860000
1776162861.919,261.919,0.27,0.28,0.72,0.73,0.01,0.01,74563.71,1776162860000
1776162862.29,262.29,0.23,0.24,0.76,0.77,0.01,0.01,74565.45,1776162861000
1776162862.655,262.655,0.23,0.24,0.76,0.77,0.01,0.01,74565.45,1776162861000
1776162862.999,262.999,0.21,0.22,0.78,0.79,0.01,0.01,74566.51,1776162862000
1776162863.448,263.448,0.22,0.23,0.77,0.79,0.01,0.02,74566.51,1776162862000
1776162863.84,263.84,0.23,0.24,0.76,0.77,0.01,0.01,74566.51,1776162862000
1776162864.376,264.376,0.23,0.24,0.76,0.77,0.01,0.01,74566.56,1776162863000
1776162864.896,264.896,0.23,0.24,0.76,0.77,0.01,0.01,74566.56,1776162863000
1776162865.302,265.302,0.23,0.24,0.76,0.77,0.01,0.01,74566.93,1776162864000
1776162865.651,265.651,0.22,0.23,0.77,0.78,0.01,0.01,74566.93,1776162864000
1776162866.313,266.313,0.2,0.21,0.78,0.8,0.01,0.02,74566.76,1776162865000
1776162866.985,266.985,0.2,0.21,0.79,0.8,0.01,0.01,74566.76,1776162865000
1776162867.527,267.527,0.21,0.22,0.78,0.79,0.01,0.01,74566.73,1776162866000
1776162868.01,268.01,0.21,0.22,0.78,0.79,0.01,0.01,74566.73,1776162866000
1776162868.369,268.369,0.2,0.21,0.78,0.8,0.01,0.02,74566.73,1776162867000
1776162868.815,268.815,0.2,0.21,0.79,0.8,0.01,0.01,74566.73,1776162867000
1776162869.493,269.493,0.19,0.2,0.79,0.81,0.01,0.02,74566.94,1776162868000
1776162869.847,269.847,0.32,0.41,0.59,0.63,0.09,0.04,74566.94,1776162868000
1776162870.211,270.211,0.44,0.45,0.55,0.56,0.01,0.01,74566.94,1776162869000
1776162870.572,270.572,0.51,0.53,0.47,0.49,0.02,0.02,74566.94,1776162869000
1776162870.996,270.996,0.54,0.55,0.45,0.46,0.01,0.01,74566.94,1776162869000
1776162871.358,271.358,0.55,0.56,0.44,0.45,0.01,0.01,74566.98,1776162870000
1776162871.727,271.727,0.56,0.57,0.43,0.45,0.01,0.02,74566.98,1776162870000
1776162872.093,272.093,0.56,0.57,0.43,0.44,0.01,0.01,74581.82,1776162871000
1776162872.432,272.432,0.56,0.57,0.43,0.44,0.01,0.01,74581.82,1776162871000
1776162872.785,272.785,0.56,0.57,0.43,0.44,0.01,0.01,74581.82,1776162871000
1776162873.128,273.128,0.56,0.57,0.43,0.44,0.01,0.01,74584.17,1776162872000
1776162873.464,273.464,0.56,0.57,0.43,0.44,0.01,0.01,74584.17,1776162872000
1776162873.882,273.882,0.56,0.57,0.43,0.44,0.01,0.01,74584.17,1776162872000
1776162874.224,274.224,0.62,0.63,0.39,0.42,0.01,0.03,74584.24,1776162873000
1776162874.596,274.596,0.69,0.7,0.3,0.33,0.01,0.03,74584.24,1776162873000
1776162874.959,274.959,0.72,0.73,0.27,0.28,0.01,0.01,74584.5,1776162874000
1776162875.299,275.299,0.72,0.73,0.27,0.28,0.01,0.01,74584.5,1776162874000
1776162875.653,275.653,0.72,0.73,0.27,0.28,0.01,0.01,74584.5,1776162874000
1776162875.999,275.999,0.72,0.73,0.27,0.28,0.01,0.01,74592.08,1776162875000
1776162876.402,276.402,0.73,0.75,0.27,0.28,0.02,0.01,74592.08,1776162875000
1776162876.764,276.764,0.74,0.75,0.25,0.26,0.01,0.01,74592.08,1776162875000
1776162877.137,277.137,0.7,0.76,0.24,0.26,0.06,0.02,74593.67,1776162876000
1776162877.476,277.476,0.75,0.76,0.24,0.25,0.01,0.01,74593.67,1776162876000
1776162877.828,277.828,0.76,0.77,0.23,0.25,0.01,0.02,74593.67,1776162876000
1776162878.171,278.171,0.79,0.82,0.19,0.21,0.03,0.02,74593.7,1776162877000
1776162878.519,278.519,0.85,0.88,0.13,0.16,0.03,0.03,74593.7,1776162877000
1776162878.888,278.888,0.87,0.88,0.12,0.13,0.01,0.01,74594.61,1776162878000
1776162879.321,279.321,0.88,0.89,0.11,0.12,0.01,0.01,74594.61,1776162878000
1776162879.669,279.669,0.88,0.89,0.11,0.12,0.01,0.01,74594.61,1776162878000
1776162880.036,280.036,0.88,0.89,0.11,0.12,0.01,0.01,74594.61,1776162878000
1776162880.372,280.372,0.88,0.89,0.11,0.12,0.01,0.01,74594.61,1776162878000
1776162880.723,280.723,0.89,0.9,0.1,0.11,0.01,0.01,74600.65,1776162879000
1776162881.061,281.061,0.89,0.9,0.1,0.11,0.01,0.01,74600.88,1776162880000
1776162881.435,281.435,0.9,0.91,0.09,0.1,0.01,0.01,74600.88,1776162880000
1776162881.804,281.804,0.9,0.91,0.09,0.1,0.01,0.01,74600.88,1776162880000
1776162882.225,282.225,0.91,0.93,0.08,0.09,0.02,0.01,74602.71,1776162881000
1776162882.639,282.639,0.92,0.93,0.07,0.08,0.01,0.01,74602.71,1776162881000
1776162882.986,282.986,0.92,0.93,0.07,0.08,0.01,0.01,74602.71,1776162881000
1776162883.446,283.446,0.92,0.93,0.07,0.08,0.01,0.01,74603.84,1776162882000
1776162883.847,283.847,0.92,0.93,0.07,0.08,0.01,0.01,74603.84,1776162882000
1776162884.25,284.25,0.92,0.93,0.07,0.08,0.01,0.01,74603.84,1776162882000
1776162884.883,284.883,0.92,0.93,0.07,0.08,0.01,0.01,74604.9,1776162883000
1776162885.3,285.3,0.92,0.93,0.07,0.08,0.01,0.01,74604.88,1776162884000
1776162885.694,285.694,0.92,0.94,0.07,0.08,0.02,0.01,74604.88,1776162884000
1776162886.087,286.087,0.93,0.94,0.06,0.07,0.01,0.01,74604.39,1776162885000
1776162886.443,286.443,0.95,0.96,0.04,0.05,0.01,0.01,74604.39,1776162885000
1776162886.814,286.814,0.95,0.96,0.04,0.05,0.01,0.01,74604.39,1776162885000
1776162887.172,287.172,0.95,0.96,0.04,0.05,0.01,0.01,74604.4,1776162886000
1776162887.506,287.506,0.96,0.97,0.03,0.04,0.01,0.01,74604.4,1776162886000
1776162887.844,287.844,0.96,0.97,0.03,0.04,0.01,0.01,74604.4,1776162886000
1776162888.181,288.181,0.96,0.97,0.03,0.04,0.01,0.01,74604.4,1776162886000
1776162888.517,288.517,0.96,0.97,0.03,0.04,0.01,0.01,74605.21,1776162887000
1776162888.925,288.925,0.96,0.97,0.03,0.04,0.01,0.01,74605.21,1776162887000
1776162889.356,289.356,0.96,0.97,0.03,0.04,0.01,0.01,74605.26,1776162888000
1776162889.692,289.692,0.97,0.98,0.02,0.03,0.01,0.01,74605.26,1776162888000
1776162890.334,290.334,0.97,0.98,0.02,0.03,0.01,0.01,74605.15,1776162889000
1776162890.742,290.742,0.97,0.98,0.02,0.03,0.01,0.01,74605.15,1776162889000
1776162891.086,291.086,0.97,0.98,0.02,0.03,0.01,0.01,74605.17,1776162890000
1776162891.43,291.43,0.97,0.98,0.02,0.03,0.01,0.01,74605.17,1776162890000
1776162891.768,291.768,0.97,0.98,0.02,0.03,0.01,0.01,74605.17,1776162890000
1776162892.206,292.206,0.97,0.98,0.02,0.03,0.01,0.01,74605.2,1776162891000
1776162892.637,292.637,0.97,0.98,0.02,0.03,0.01,0.01,74605.2,1776162891000
1776162892.983,292.983,0.97,0.98,0.02,0.03,0.01,0.01,74605.2,1776162891000
1776162893.326,293.326,0.97,0.98,0.02,0.03,0.01,0.01,74605.23,1776162892000
1776162893.754,293.754,0.97,0.98,0.02,0.03,0.01,0.01,74605.23,1776162892000
1776162894.15,294.15,0.97,0.98,0.02,0.03,0.01,0.01,74605.23,1776162892000
1776162894.496,294.496,0.97,0.98,0.02,0.03,0.01,0.01,74605.24,1776162893000
1776162894.847,294.847,0.97,0.98,0.02,0.03,0.01,0.01,74605.24,1776162893000
1776162895.336,295.336,0.97,0.98,0.02,0.03,0.01,0.01,74605.24,1776162893000
1776162895.706,295.706,0.97,0.98,0.02,0.03,0.01,0.01,74604.95,1776162894000
1776162896.054,296.054,0.97,0.98,0.02,0.03,0.01,0.01,74605.09,1776162895000
1776162896.41,296.41,0.97,0.98,0.02,0.03,0.01,0.01,74605.09,1776162895000
1776162896.744,296.744,0.97,0.99,0.02,0.03,0.02,0.01,74605.09,1776162895000
1776162897.107,297.107,0.98,0.99,0.01,0.02,0.01,0.01,74605.09,1776162895000
1776162897.444,297.444,0.98,0.99,0.01,0.02,0.01,0.01,74605.09,1776162895000
1776162897.824,297.824,0.98,0.99,0.01,0.02,0.01,0.01,74604.8,1776162896000
1776162898.189,298.189,0.98,0.99,0.01,0.02,0.01,0.01,74604.8,1776162896000
1776162898.625,298.625,0.99,0.99,0.01,0.01,0.0,0.0,74604.03,1776162897000
1776162898.986,298.986,0.99,0.99,0.01,0.01,0.0,0.0,74604.03,1776162897000
1776162899.542,299.542,0.99,0.99,0.01,0.01,0.0,0.0,74604.47,1776162898000
1776162900.047,300.047,0.99,0.99,0.01,0.01,0.0,0.0,74604.47,1776162898000
1776162900.413,300.413,0.99,0.99,0.01,0.01,0.0,0.0,74604.59,1776162899000
1776162900.801,300.801,0.99,0.99,0.01,0.01,0.0,0.0,74604.59,1776162899000
1776162902.093,302.093,0.99,0.99,0.01,0.01,0.0,0.0,74606.6,1776162901000

# RESULT,winner=Up,slug=btc-updown-5m-1776162600,ticks=690
