timestamp,elapsed_sec,up_bid,up_ask,down_bid,down_ask,up_spread,down_spread,btc_price,btc_oracle_ts
1776164100.585,0.585,0.52,0.53,0.47,0.48,0.01,0.01,74384.87,1776164099000
1776164101.113,1.113,0.52,0.53,0.47,0.48,0.01,0.01,74384.87,1776164099000
1776164101.499,1.499,0.52,0.53,0.47,0.48,0.01,0.01,74385.28,1776164100000
1776164101.969,1.969,0.52,0.53,0.47,0.48,0.01,0.01,74385.28,1776164100000
1776164102.44,2.44,0.52,0.53,0.47,0.48,0.01,0.01,74386.84,1776164101000
1776164102.78,2.78,0.52,0.53,0.47,0.48,0.01,0.01,74386.84,1776164101000
1776164103.142,3.142,0.52,0.53,0.47,0.48,0.01,0.01,74386.84,1776164101000
1776164103.508,3.508,0.52,0.53,0.47,0.48,0.01,0.01,74386.84,1776164102000
1776164104.247,4.247,0.52,0.53,0.47,0.48,0.01,0.01,74385.46,1776164103000
1776164104.709,4.709,0.52,0.53,0.47,0.48,0.01,0.01,74385.46,1776164103000
1776164105.076,5.076,0.52,0.53,0.47,0.48,0.01,0.01,74386.29,1776164104000
1776164105.507,5.507,0.52,0.53,0.47,0.48,0.01,0.01,74386.29,1776164104000
1776164105.859,5.859,0.52,0.53,0.47,0.48,0.01,0.01,74386.29,1776164104000
1776164106.255,6.255,0.52,0.53,0.47,0.48,0.01,0.01,74386.66,1776164105000
1776164106.659,6.659,0.52,0.53,0.47,0.48,0.01,0.01,74386.66,1776164105000
1776164107.092,7.092,0.52,0.53,0.47,0.48,0.01,0.01,74386.25,1776164106000
1776164107.428,7.428,0.52,0.53,0.47,0.48,0.01,0.01,74386.25,1776164106000
1776164107.872,7.872,0.52,0.53,0.47,0.48,0.01,0.01,74386.25,1776164106000
1776164108.391,8.391,0.52,0.53,0.47,0.48,0.01,0.01,74386.03,1776164107000
1776164108.725,8.725,0.52,0.53,0.47,0.48,0.01,0.01,74386.03,1776164107000
1776164109.189,9.189,0.52,0.53,0.47,0.48,0.01,0.01,74385.79,1776164108000
1776164109.789,9.789,0.53,0.55,0.46,0.47,0.02,0.01,74385.79,1776164108000
1776164110.27,10.27,0.54,0.55,0.45,0.46,0.01,0.01,74385.79,1776164108000
1776164110.669,10.669,0.54,0.55,0.45,0.46,0.01,0.01,74385.79,1776164109000
1776164111.06,11.06,0.54,0.56,0.45,0.46,0.02,0.01,74386.13,1776164110000
1776164111.419,11.419,0.55,0.56,0.44,0.45,0.01,0.01,74386.13,1776164110000
1776164111.817,11.817,0.55,0.57,0.44,0.45,0.02,0.01,74386.13,1776164110000
1776164112.195,12.195,0.56,0.57,0.43,0.45,0.01,0.02,74388.43,1776164111000
1776164112.743,12.743,0.56,0.57,0.43,0.44,0.01,0.01,74388.43,1776164111000
1776164113.099,13.099,0.56,0.57,0.43,0.44,0.01,0.01,74389.52,1776164112000
1776164113.914,13.914,0.56,0.57,0.43,0.44,0.01,0.01,74389.52,1776164112000
1776164114.352,14.352,0.56,0.57,0.43,0.44,0.01,0.01,74389.52,1776164112000
1776164114.932,14.932,0.56,0.57,0.43,0.44,0.01,0.01,74390.44,1776164113000
1776164115.337,15.337,0.56,0.57,0.43,0.44,0.01,0.01,74390.44,1776164113000
1776164115.702,15.702,0.56,0.57,0.43,0.44,0.01,0.01,74390.69,1776164114000
1776164116.484,16.484,0.57,0.58,0.42,0.43,0.01,0.01,74390.7,1776164115000
1776164116.841,16.841,0.58,0.59,0.41,0.42,0.01,0.01,74390.7,1776164115000
1776164117.235,17.235,0.59,0.6,0.4,0.41,0.01,0.01,74390.71,1776164116000
1776164117.797,17.797,0.6,0.61,0.39,0.41,0.01,0.02,74390.71,1776164116000
1776164118.14,18.14,0.61,0.62,0.38,0.39,0.01,0.01,74390.71,1776164116000
1776164118.508,18.508,0.61,0.62,0.38,0.39,0.01,0.01,74390.71,1776164116000
1776164118.922,18.922,0.61,0.62,0.38,0.39,0.01,0.01,74391.81,1776164117000
1776164119.264,19.264,0.61,0.62,0.38,0.39,0.01,0.01,74392.88,1776164118000
1776164119.633,19.633,0.61,0.62,0.38,0.39,0.01,0.01,74392.88,1776164118000
1776164119.969,19.969,0.61,0.62,0.38,0.39,0.01,0.01,74392.88,1776164118000
1776164120.508,20.508,0.61,0.62,0.38,0.39,0.01,0.01,74393.08,1776164119000
1776164120.944,20.944,0.61,0.62,0.38,0.39,0.01,0.01,74393.08,1776164119000
1776164121.385,21.385,0.61,0.62,0.38,0.39,0.01,0.01,74393.31,1776164120000
1776164121.819,21.819,0.61,0.62,0.38,0.39,0.01,0.01,74393.31,1776164120000
1776164122.282,22.282,0.61,0.62,0.38,0.39,0.01,0.01,74393.31,1776164120000
1776164122.76,22.76,0.61,0.62,0.38,0.39,0.01,0.01,74393.34,1776164121000
1776164123.185,23.185,0.61,0.62,0.38,0.39,0.01,0.01,74393.58,1776164122000
1776164123.613,23.613,0.61,0.62,0.38,0.39,0.01,0.01,74393.58,1776164122000
1776164124.112,24.112,0.61,0.62,0.38,0.39,0.01,0.01,74393.57,1776164123000
1776164124.629,24.629,0.61,0.62,0.38,0.39,0.01,0.01,74393.57,1776164123000
1776164124.976,24.976,0.61,0.62,0.38,0.39,0.01,0.01,74393.57,1776164123000
1776164125.399,25.399,0.61,0.62,0.38,0.39,0.01,0.01,74393.56,1776164124000
1776164126.277,26.277,0.61,0.62,0.38,0.39,0.01,0.01,74393.56,1776164124000
1776164126.657,26.657,0.62,0.63,0.37,0.39,0.01,0.02,74393.06,1776164125000
1776164127.068,27.068,0.62,0.63,0.37,0.38,0.01,0.01,74393.06,1776164125000
1776164127.41,27.41,0.62,0.64,0.36,0.38,0.02,0.02,74393.66,1776164126000
1776164127.786,27.786,0.64,0.65,0.35,0.36,0.01,0.01,74393.66,1776164126000
1776164128.168,28.168,0.67,0.71,0.29,0.33,0.04,0.04,74393.66,1776164127000
1776164128.52,28.52,0.7,0.71,0.29,0.32,0.01,0.03,74393.66,1776164127000
1776164128.87,28.87,0.7,0.71,0.29,0.3,0.01,0.01,74393.66,1776164127000
1776164129.251,29.251,0.71,0.72,0.28,0.29,0.01,0.01,74406.2,1776164128000
1776164129.639,29.639,0.71,0.72,0.28,0.29,0.01,0.01,74406.2,1776164128000
1776164129.982,29.982,0.71,0.73,0.27,0.29,0.02,0.02,74406.2,1776164128000
1776164130.389,30.389,0.72,0.74,0.27,0.28,0.02,0.01,74413.45,1776164129000
1776164130.755,30.755,0.72,0.73,0.27,0.28,0.01,0.01,74413.45,1776164129000
1776164131.13,31.13,0.72,0.73,0.27,0.28,0.01,0.01,74413.45,1776164129000
1776164131.804,31.804,0.73,0.74,0.26,0.27,0.01,0.01,74414.65,1776164130000
1776164132.175,32.175,0.73,0.74,0.26,0.27,0.01,0.01,74414.63,1776164131000
1776164132.747,32.747,0.73,0.74,0.26,0.27,0.01,0.01,74414.63,1776164131000
1776164133.127,33.127,0.73,0.74,0.26,0.27,0.01,0.01,74414.63,1776164131000
1776164133.475,33.475,0.73,0.74,0.26,0.27,0.01,0.01,74414.01,1776164132000
1776164133.957,33.957,0.73,0.74,0.26,0.27,0.01,0.01,74413.89,1776164133000
1776164134.428,34.428,0.73,0.75,0.26,0.27,0.02,0.01,74413.89,1776164133000
1776164134.811,34.811,0.76,0.77,0.24,0.26,0.01,0.02,74413.89,1776164133000
1776164135.15,35.15,0.76,0.79,0.21,0.24,0.03,0.03,74413.89,1776164133000
1776164135.529,35.529,0.78,0.79,0.21,0.22,0.01,0.01,74413.89,1776164133000
1776164135.931,35.931,0.78,0.79,0.21,0.22,0.01,0.01,74413.89,1776164134000
1776164136.288,36.288,0.78,0.79,0.21,0.22,0.01,0.01,74416.72,1776164135000
1776164136.677,36.677,0.78,0.79,0.21,0.22,0.01,0.01,74416.72,1776164135000
1776164137.21,37.21,0.78,0.79,0.21,0.22,0.01,0.01,74424.93,1776164136000
1776164137.621,37.621,0.78,0.8,0.21,0.22,0.02,0.01,74424.93,1776164136000
1776164137.979,37.979,0.79,0.8,0.2,0.21,0.01,0.01,74424.93,1776164136000
1776164138.334,38.334,0.79,0.8,0.2,0.21,0.01,0.01,74424.93,1776164136000
1776164138.684,38.684,0.79,0.8,0.2,0.21,0.01,0.01,74426.8,1776164137000
1776164139.021,39.021,0.8,0.81,0.19,0.2,0.01,0.01,74426.8,1776164137000
1776164139.389,39.389,0.81,0.82,0.18,0.19,0.01,0.01,74427.75,1776164138000
1776164139.747,39.747,0.81,0.83,0.18,0.19,0.02,0.01,74427.75,1776164138000
1776164140.116,40.116,0.82,0.83,0.17,0.18,0.01,0.01,74427.75,1776164138000
1776164140.494,40.494,0.82,0.83,0.17,0.18,0.01,0.01,74427.85,1776164139000
1776164141.079,41.079,0.82,0.83,0.17,0.18,0.01,0.01,74427.85,1776164139000
1776164141.414,41.414,0.83,0.84,0.16,0.17,0.01,0.01,74427.85,1776164139000
1776164141.75,41.75,0.83,0.84,0.16,0.17,0.01,0.01,74436.75,1776164140000
1776164142.236,42.236,0.83,0.84,0.16,0.17,0.01,0.01,74437.88,1776164141000
1776164142.599,42.599,0.83,0.84,0.16,0.17,0.01,0.01,74437.88,1776164141000
1776164143.003,43.003,0.83,0.84,0.16,0.17,0.01,0.01,74437.88,1776164141000
1776164143.379,43.379,0.83,0.84,0.16,0.17,0.01,0.01,74440.79,1776164142000
1776164143.744,43.744,0.83,0.84,0.16,0.17,0.01,0.01,74440.79,1776164142000
1776164144.118,44.118,0.83,0.84,0.16,0.17,0.01,0.01,74440.79,1776164142000
1776164144.519,44.519,0.83,0.84,0.16,0.17,0.01,0.01,74442.03,1776164143000
1776164144.924,44.924,0.83,0.84,0.16,0.17,0.01,0.01,74442.03,1776164143000
1776164145.274,45.274,0.83,0.85,0.15,0.17,0.02,0.02,74442.03,1776164143000
1776164145.658,45.658,0.84,0.85,0.15,0.16,0.01,0.01,74442.33,1776164144000
1776164145.999,45.999,0.84,0.85,0.15,0.16,0.01,0.01,74442.28,1776164145000
1776164146.485,46.485,0.84,0.85,0.15,0.16,0.01,0.01,74442.28,1776164145000
1776164146.882,46.882,0.84,0.85,0.15,0.16,0.01,0.01,74442.28,1776164145000
1776164147.241,47.241,0.84,0.85,0.15,0.16,0.01,0.01,74442.28,1776164146000
1776164147.574,47.574,0.84,0.85,0.15,0.16,0.01,0.01,74442.28,1776164146000
1776164147.929,47.929,0.84,0.85,0.15,0.16,0.01,0.01,74442.28,1776164146000
1776164148.289,48.289,0.84,0.85,0.15,0.16,0.01,0.01,74442.28,1776164146000
1776164148.739,48.739,0.84,0.85,0.15,0.16,0.01,0.01,74442.28,1776164146000
1776164149.163,49.163,0.84,0.85,0.15,0.16,0.01,0.01,74442.18,1776164147000
1776164149.55,49.55,0.84,0.85,0.15,0.16,0.01,0.01,74442.16,1776164148000
1776164149.89,49.89,0.84,0.85,0.15,0.16,0.01,0.01,74442.16,1776164148000
1776164150.256,50.256,0.84,0.85,0.15,0.16,0.01,0.01,74441.94,1776164149000
1776164150.595,50.595,0.84,0.85,0.15,0.16,0.01,0.01,74441.94,1776164149000
1776164150.979,50.979,0.84,0.85,0.15,0.16,0.01,0.01,74441.94,1776164149000
1776164151.318,51.318,0.84,0.85,0.15,0.16,0.01,0.01,74441.92,1776164150000
1776164151.657,51.657,0.84,0.85,0.15,0.16,0.01,0.01,74441.92,1776164150000
1776164152.018,52.018,0.84,0.85,0.15,0.16,0.01,0.01,74441.92,1776164150000
1776164152.377,52.377,0.84,0.85,0.15,0.16,0.01,0.01,74441.41,1776164151000
1776164152.862,52.862,0.84,0.85,0.15,0.16,0.01,0.01,74441.41,1776164151000
1776164153.476,53.476,0.84,0.85,0.15,0.16,0.01,0.01,74441.41,1776164152000
1776164153.883,53.883,0.84,0.85,0.15,0.16,0.01,0.01,74441.41,1776164152000
1776164154.255,54.255,0.84,0.85,0.15,0.16,0.01,0.01,74441.34,1776164153000
1776164154.607,54.607,0.83,0.85,0.15,0.16,0.02,0.01,74441.34,1776164153000
1776164155.026,55.026,0.83,0.84,0.16,0.17,0.01,0.01,74441.33,1776164154000
1776164155.37,55.37,0.83,0.84,0.16,0.17,0.01,0.01,74441.33,1776164154000
1776164155.848,55.848,0.83,0.84,0.16,0.17,0.01,0.01,74441.33,1776164154000
1776164156.388,56.388,0.84,0.85,0.16,0.17,0.01,0.01,74441.33,1776164155000
1776164156.799,56.799,0.84,0.85,0.15,0.16,0.01,0.01,74441.33,1776164155000
1776164157.226,57.226,0.84,0.85,0.15,0.16,0.01,0.01,74441.39,1776164156000
1776164157.736,57.736,0.84,0.85,0.15,0.16,0.01,0.01,74441.39,1776164156000
1776164158.148,58.148,0.84,0.85,0.15,0.16,0.01,0.01,74441.25,1776164157000
1776164158.716,58.716,0.85,0.86,0.15,0.16,0.01,0.01,74441.25,1776164157000
1776164159.12,59.12,0.85,0.86,0.14,0.15,0.01,0.01,74441.25,1776164158000
1776164159.523,59.523,0.85,0.86,0.14,0.15,0.01,0.01,74441.25,1776164158000
1776164159.953,59.953,0.85,0.87,0.13,0.15,0.02,0.02,74441.38,1776164159000
1776164160.304,60.304,0.86,0.87,0.13,0.14,0.01,0.01,74441.38,1776164159000
1776164160.661,60.661,0.86,0.87,0.13,0.14,0.01,0.01,74441.38,1776164159000
1776164161.005,61.005,0.85,0.87,0.13,0.15,0.02,0.02,74441.38,1776164159000
1776164161.352,61.352,0.86,0.87,0.13,0.15,0.01,0.02,74441.38,1776164159000
1776164161.821,61.821,0.86,0.87,0.13,0.14,0.01,0.01,74452.64,1776164160000
1776164162.169,62.169,0.85,0.86,0.14,0.15,0.01,0.01,74453.08,1776164161000
1776164162.51,62.51,0.83,0.84,0.16,0.17,0.01,0.01,74453.08,1776164161000
1776164162.897,62.897,0.83,0.84,0.16,0.17,0.01,0.01,74453.08,1776164161000
1776164163.259,63.259,0.83,0.84,0.16,0.17,0.01,0.01,74453.59,1776164162000
1776164163.602,63.602,0.83,0.84,0.16,0.17,0.01,0.01,74453.59,1776164162000
1776164163.961,63.961,0.82,0.83,0.16,0.18,0.01,0.02,74453.59,1776164162000
1776164164.3,64.3,0.82,0.83,0.17,0.18,0.01,0.01,74453.65,1776164163000
1776164164.688,64.688,0.82,0.83,0.17,0.18,0.01,0.01,74453.65,1776164163000
1776164165.023,65.023,0.82,0.83,0.17,0.18,0.01,0.01,74452.73,1776164164000
1776164165.362,65.362,0.81,0.82,0.18,0.19,0.01,0.01,74452.73,1776164164000
1776164165.787,65.787,0.81,0.82,0.18,0.19,0.01,0.01,74452.73,1776164164000
1776164166.192,66.192,0.81,0.82,0.18,0.19,0.01,0.01,74452.04,1776164165000
1776164166.546,66.546,0.81,0.82,0.18,0.19,0.01,0.01,74452.04,1776164165000
1776164166.919,66.919,0.81,0.82,0.18,0.19,0.01,0.01,74452.04,1776164165000
1776164167.432,67.432,0.81,0.82,0.18,0.19,0.01,0.01,74451.58,1776164166000
1776164167.786,67.786,0.8,0.82,0.18,0.19,0.02,0.01,74451.58,1776164166000
1776164168.172,68.172,0.8,0.81,0.19,0.2,0.01,0.01,74451.56,1776164167000
1776164168.522,68.522,0.8,0.81,0.19,0.2,0.01,0.01,74451.56,1776164167000
1776164169.755,69.755,0.8,0.81,0.19,0.2,0.01,0.01,74451.55,1776164168000
1776164170.18,70.18,0.79,0.8,0.2,0.21,0.01,0.01,74451.51,1776164169000
1776164170.521,70.521,0.79,0.8,0.2,0.21,0.01,0.01,74451.51,1776164169000
1776164170.891,70.891,0.8,0.81,0.19,0.2,0.01,0.01,74451.51,1776164169000
1776164171.225,71.225,0.8,0.81,0.19,0.2,0.01,0.01,74451.26,1776164170000
1776164171.576,71.576,0.8,0.81,0.19,0.2,0.01,0.01,74451.26,1776164170000
1776164171.923,71.923,0.79,0.8,0.19,0.21,0.01,0.02,74451.26,1776164170000
1776164172.59,72.59,0.78,0.8,0.2,0.21,0.02,0.01,74451.26,1776164171000
1776164173.055,73.055,0.77,0.79,0.21,0.23,0.02,0.02,74451.48,1776164172000
1776164173.401,73.401,0.76,0.78,0.22,0.23,0.02,0.01,74451.48,1776164172000
1776164173.772,73.772,0.76,0.77,0.23,0.24,0.01,0.01,74451.48,1776164172000
1776164174.129,74.129,0.76,0.77,0.23,0.24,0.01,0.01,74451.48,1776164172000
1776164174.646,74.646,0.76,0.77,0.23,0.24,0.01,0.01,74451.48,1776164172000
1776164175.081,75.081,0.76,0.77,0.23,0.24,0.01,0.01,74450.0,1776164173000
1776164175.511,75.511,0.76,0.77,0.23,0.24,0.01,0.01,74447.03,1776164174000
1776164175.881,75.881,0.76,0.77,0.23,0.24,0.01,0.01,74447.03,1776164174000
1776164176.288,76.288,0.76,0.77,0.23,0.24,0.01,0.01,74441.95,1776164175000
1776164176.768,76.768,0.75,0.76,0.24,0.25,0.01,0.01,74441.95,1776164175000
1776164177.132,77.132,0.75,0.76,0.24,0.25,0.01,0.01,74441.85,1776164176000
1776164177.486,77.486,0.75,0.76,0.24,0.25,0.01,0.01,74441.85,1776164176000
1776164177.82,77.82,0.75,0.76,0.24,0.25,0.01,0.01,74441.85,1776164176000
1776164178.304,78.304,0.75,0.76,0.24,0.25,0.01,0.01,74441.32,1776164177000
1776164178.657,78.657,0.75,0.76,0.24,0.25,0.01,0.01,74441.32,1776164177000
1776164179.193,79.193,0.74,0.76,0.24,0.26,0.02,0.02,74441.27,1776164178000
1776164179.541,79.541,0.74,0.75,0.25,0.26,0.01,0.01,74441.27,1776164178000
1776164179.914,79.914,0.73,0.74,0.25,0.28,0.01,0.03,74441.27,1776164178000
1776164180.309,80.309,0.75,0.76,0.24,0.27,0.01,0.03,74441.27,1776164178000
1776164180.723,80.723,0.75,0.76,0.24,0.25,0.01,0.01,74442.33,1776164179000
1776164181.122,81.122,0.75,0.76,0.24,0.25,0.01,0.01,74442.33,1776164180000
1776164181.459,81.459,0.75,0.76,0.24,0.25,0.01,0.01,74442.33,1776164180000
1776164181.827,81.827,0.75,0.76,0.24,0.25,0.01,0.01,74442.33,1776164180000
1776164182.204,82.204,0.75,0.76,0.24,0.25,0.01,0.01,74441.72,1776164181000
1776164182.554,82.554,0.74,0.75,0.24,0.25,0.01,0.01,74441.72,1776164181000
1776164182.924,82.924,0.73,0.74,0.25,0.26,0.01,0.01,74441.72,1776164181000
1776164183.261,83.261,0.73,0.75,0.26,0.27,0.02,0.01,74441.59,1776164182000
1776164183.724,83.724,0.73,0.74,0.26,0.27,0.01,0.01,74441.59,1776164182000
1776164184.173,84.173,0.71,0.72,0.28,0.29,0.01,0.01,74441.59,1776164182000
1776164184.592,84.592,0.7,0.71,0.29,0.31,0.01,0.02,74441.34,1776164183000
1776164184.949,84.949,0.69,0.7,0.29,0.31,0.01,0.02,74441.34,1776164183000
1776164185.335,85.335,0.68,0.7,0.3,0.32,0.02,0.02,74440.71,1776164184000
1776164185.673,85.673,0.67,0.69,0.31,0.32,0.02,0.01,74440.71,1776164184000
1776164186.092,86.092,0.68,0.69,0.31,0.32,0.01,0.01,74440.71,1776164184000
1776164186.444,86.444,0.65,0.68,0.32,0.35,0.03,0.03,74432.53,1776164185000
1776164186.84,86.84,0.64,0.66,0.34,0.35,0.02,0.01,74432.53,1776164185000
1776164187.412,87.412,0.64,0.65,0.35,0.36,0.01,0.01,74427.93,1776164186000
1776164187.761,87.761,0.63,0.64,0.36,0.37,0.01,0.01,74427.93,1776164186000
1776164188.215,88.215,0.63,0.64,0.36,0.37,0.01,0.01,74427.93,1776164186000
1776164189.057,89.057,0.64,0.65,0.34,0.37,0.01,0.03,74424.58,1776164187000
1776164189.436,89.436,0.65,0.66,0.34,0.35,0.01,0.01,74420.49,1776164188000
1776164189.931,89.931,0.67,0.68,0.32,0.33,0.01,0.01,74420.49,1776164188000
1776164190.417,90.417,0.67,0.68,0.32,0.33,0.01,0.01,74419.88,1776164189000
1776164190.84,90.84,0.67,0.68,0.32,0.33,0.01,0.01,74419.88,1776164189000
1776164191.231,91.231,0.67,0.68,0.32,0.33,0.01,0.01,74419.88,1776164189000
1776164191.694,91.694,0.68,0.69,0.31,0.32,0.01,0.01,74420.75,1776164190000
1776164192.042,92.042,0.69,0.7,0.3,0.31,0.01,0.01,74420.75,1776164190000
1776164192.417,92.417,0.7,0.72,0.28,0.3,0.02,0.02,74420.78,1776164191000
1776164192.808,92.808,0.71,0.72,0.28,0.29,0.01,0.01,74420.78,1776164191000
1776164193.276,93.276,0.71,0.72,0.28,0.29,0.01,0.01,74421.27,1776164192000
1776164193.64,93.64,0.72,0.73,0.27,0.28,0.01,0.01,74421.27,1776164192000
1776164194.208,94.208,0.72,0.73,0.27,0.28,0.01,0.01,74421.27,1776164192000
1776164194.542,94.542,0.72,0.73,0.27,0.28,0.01,0.01,74421.27,1776164192000
1776164194.908,94.908,0.73,0.74,0.26,0.28,0.01,0.02,74421.85,1776164193000
1776164195.447,95.447,0.72,0.73,0.26,0.27,0.01,0.01,74422.49,1776164194000
1776164196.165,96.165,0.72,0.73,0.27,0.28,0.01,0.01,74422.49,1776164194000
1776164196.573,96.573,0.72,0.73,0.27,0.28,0.01,0.01,74422.52,1776164195000
1776164196.925,96.925,0.72,0.73,0.27,0.28,0.01,0.01,74422.52,1776164195000
1776164197.273,97.273,0.72,0.73,0.27,0.28,0.01,0.01,74422.52,1776164195000
1776164197.689,97.689,0.72,0.73,0.27,0.28,0.01,0.01,74422.6,1776164196000
1776164198.047,98.047,0.72,0.73,0.27,0.28,0.01,0.01,74422.6,1776164197000
1776164198.57,98.57,0.72,0.73,0.27,0.28,0.01,0.01,74422.6,1776164197000
1776164199.029,99.029,0.73,0.74,0.26,0.28,0.01,0.02,74422.6,1776164197000
1776164199.409,99.409,0.72,0.74,0.26,0.28,0.02,0.02,74422.12,1776164198000
1776164199.75,99.75,0.72,0.73,0.27,0.28,0.01,0.01,74422.12,1776164198000
1776164200.177,100.177,0.72,0.73,0.27,0.28,0.01,0.01,74422.13,1776164199000
1776164200.513,100.513,0.72,0.73,0.27,0.28,0.01,0.01,74422.13,1776164199000
1776164201.29,101.29,0.72,0.73,0.27,0.28,0.01,0.01,74422.4,1776164200000
1776164201.64,101.64,0.71,0.72,0.28,0.29,0.01,0.01,74422.4,1776164200000
1776164202.108,102.108,0.71,0.72,0.28,0.29,0.01,0.01,74422.4,1776164200000
1776164202.451,102.451,0.71,0.72,0.28,0.29,0.01,0.01,74422.4,1776164200000
1776164202.847,102.847,0.7,0.71,0.29,0.3,0.01,0.01,74422.4,1776164200000
1776164203.199,103.199,0.7,0.71,0.29,0.3,0.01,0.01,74422.22,1776164201000
1776164203.843,103.843,0.7,0.71,0.29,0.3,0.01,0.01,74422.19,1776164202000
1776164204.227,104.227,0.7,0.71,0.29,0.3,0.01,0.01,74422.19,1776164202000
1776164204.66,104.66,0.7,0.71,0.29,0.3,0.01,0.01,74422.19,1776164203000
1776164205.025,105.025,0.7,0.71,0.29,0.3,0.01,0.01,74422.19,1776164203000
1776164205.363,105.363,0.7,0.71,0.29,0.3,0.01,0.01,74422.19,1776164204000
1776164205.955,105.955,0.68,0.71,0.29,0.3,0.03,0.01,74422.19,1776164204000
1776164206.288,106.288,0.69,0.7,0.29,0.32,0.01,0.03,74422.19,1776164205000
1776164206.673,106.673,0.69,0.7,0.3,0.31,0.01,0.01,74422.19,1776164205000
1776164207.126,107.126,0.69,0.7,0.3,0.31,0.01,0.01,74422.19,1776164205000
1776164207.658,107.658,0.69,0.71,0.3,0.33,0.02,0.03,74422.59,1776164206000
1776164208.147,108.147,0.69,0.7,0.3,0.31,0.01,0.01,74422.59,1776164207000
1776164208.542,108.542,0.69,0.71,0.3,0.31,0.02,0.01,74422.59,1776164207000
1776164209.026,109.026,0.7,0.71,0.29,0.3,0.01,0.01,74422.59,1776164207000
1776164209.41,109.41,0.7,0.71,0.29,0.3,0.01,0.01,74422.59,1776164208000
1776164209.873,109.873,0.7,0.71,0.29,0.3,0.01,0.01,74422.59,1776164208000
1776164210.267,110.267,0.7,0.71,0.29,0.31,0.01,0.02,74422.59,1776164209000
1776164211.002,111.002,0.7,0.71,0.29,0.3,0.01,0.01,74422.59,1776164209000
1776164211.508,111.508,0.71,0.72,0.28,0.32,0.01,0.04,74422.63,1776164210000
1776164211.924,111.924,0.67,0.68,0.28,0.33,0.01,0.05,74422.63,1776164210000
1776164212.275,112.275,0.68,0.69,0.31,0.33,0.01,0.02,74422.65,1776164211000
1776164212.618,112.618,0.68,0.69,0.31,0.32,0.01,0.01,74422.65,1776164211000
1776164213.024,113.024,0.68,0.7,0.3,0.32,0.02,0.02,74422.65,1776164211000
1776164213.437,113.437,0.67,0.69,0.31,0.32,0.02,0.01,74422.65,1776164212000
1776164213.911,113.911,0.67,0.68,0.32,0.33,0.01,0.01,74422.65,1776164212000
1776164214.295,114.295,0.67,0.68,0.32,0.33,0.01,0.01,74422.65,1776164213000
1776164214.81,114.81,0.67,0.68,0.32,0.33,0.01,0.01,74422.65,1776164213000
1776164215.213,115.213,0.67,0.68,0.32,0.33,0.01,0.01,74422.52,1776164214000
1776164215.693,115.693,0.67,0.68,0.32,0.33,0.01,0.01,74422.52,1776164214000
1776164216.079,116.079,0.66,0.67,0.33,0.34,0.01,0.01,74422.52,1776164214000
1776164216.445,116.445,0.66,0.67,0.33,0.34,0.01,0.01,74422.7,1776164215000
1776164216.779,116.779,0.65,0.67,0.33,0.34,0.02,0.01,74422.7,1776164215000
1776164217.158,117.158,0.65,0.66,0.34,0.35,0.01,0.01,74422.71,1776164216000
1776164217.843,117.843,0.64,0.65,0.34,0.35,0.01,0.01,74422.71,1776164216000
1776164218.193,118.193,0.65,0.66,0.34,0.35,0.01,0.01,74422.68,1776164217000
1776164218.532,118.532,0.66,0.67,0.33,0.34,0.01,0.01,74422.68,1776164217000
1776164218.887,118.887,0.66,0.67,0.33,0.34,0.01,0.01,74422.68,1776164217000
1776164219.317,119.317,0.66,0.7,0.33,0.34,0.04,0.01,74422.45,1776164218000
1776164219.709,119.709,0.72,0.73,0.27,0.3,0.01,0.03,74422.45,1776164218000
1776164220.211,120.211,0.72,0.73,0.27,0.28,0.01,0.01,74422.31,1776164219000
1776164220.615,120.615,0.72,0.73,0.27,0.28,0.01,0.01,74422.31,1776164219000
1776164221.023,121.023,0.72,0.73,0.28,0.29,0.01,0.01,74422.31,1776164219000
1776164221.405,121.405,0.71,0.73,0.27,0.28,0.02,0.01,74422.31,1776164219000
1776164221.796,121.796,0.7,0.72,0.28,0.29,0.02,0.01,74429.15,1776164220000
1776164222.185,122.185,0.69,0.7,0.29,0.3,0.01,0.01,74429.15,1776164220000
1776164222.553,122.553,0.69,0.7,0.3,0.31,0.01,0.01,74430.86,1776164221000
1776164222.889,122.889,0.69,0.7,0.3,0.31,0.01,0.01,74430.86,1776164221000
1776164223.223,123.223,0.68,0.69,0.31,0.32,0.01,0.01,74430.86,1776164221000
1776164223.586,123.586,0.68,0.69,0.31,0.32,0.01,0.01,74430.96,1776164222000
1776164223.963,123.963,0.67,0.69,0.31,0.33,0.02,0.02,74430.75,1776164223000
1776164224.297,124.297,0.66,0.68,0.32,0.33,0.02,0.01,74430.75,1776164223000
1776164224.643,124.643,0.67,0.68,0.32,0.33,0.01,0.01,74430.75,1776164223000
1776164225.002,125.002,0.66,0.67,0.33,0.34,0.01,0.01,74430.48,1776164224000
1776164225.345,125.345,0.66,0.67,0.33,0.34,0.01,0.01,74430.48,1776164224000
1776164225.722,125.722,0.66,0.67,0.33,0.34,0.01,0.01,74430.48,1776164224000
1776164226.07,126.07,0.66,0.67,0.33,0.34,0.01,0.01,74430.09,1776164225000
1776164226.433,126.433,0.66,0.67,0.33,0.34,0.01,0.01,74430.09,1776164225000
1776164226.794,126.794,0.66,0.67,0.33,0.34,0.01,0.01,74430.09,1776164225000
1776164227.235,127.235,0.66,0.67,0.33,0.34,0.01,0.01,74430.17,1776164226000
1776164227.579,127.579,0.65,0.66,0.34,0.35,0.01,0.01,74430.17,1776164226000
1776164228.151,128.151,0.65,0.66,0.34,0.35,0.01,0.01,74430.17,1776164226000
1776164228.523,128.523,0.65,0.66,0.34,0.35,0.01,0.01,74430.09,1776164227000
1776164229.111,129.111,0.66,0.67,0.33,0.34,0.01,0.01,74430.09,1776164227000
1776164229.456,129.456,0.64,0.65,0.35,0.36,0.01,0.01,74430.09,1776164228000
1776164229.842,129.842,0.65,0.66,0.34,0.35,0.01,0.01,74430.09,1776164228000
1776164230.25,130.25,0.65,0.66,0.34,0.35,0.01,0.01,74430.09,1776164228000
1776164230.593,130.593,0.64,0.65,0.34,0.36,0.01,0.02,74430.12,1776164229000
1776164231.094,131.094,0.65,0.66,0.34,0.36,0.01,0.02,74430.12,1776164230000
1776164231.661,131.661,0.64,0.65,0.35,0.36,0.01,0.01,74430.12,1776164230000
1776164232.01,132.01,0.63,0.65,0.35,0.36,0.02,0.01,74430.12,1776164230000
1776164232.452,132.452,0.63,0.64,0.36,0.37,0.01,0.01,74430.36,1776164231000
1776164232.839,132.839,0.63,0.64,0.36,0.37,0.01,0.01,74430.36,1776164231000
1776164233.376,133.376,0.63,0.64,0.36,0.37,0.01,0.01,74430.35,1776164232000
1776164233.719,133.719,0.63,0.64,0.36,0.37,0.01,0.01,74430.35,1776164232000
1776164234.142,134.142,0.63,0.64,0.36,0.37,0.01,0.01,74430.35,1776164232000
1776164234.511,134.511,0.63,0.64,0.36,0.37,0.01,0.01,74430.13,1776164233000
1776164234.851,134.851,0.63,0.64,0.36,0.37,0.01,0.01,74430.13,1776164233000
1776164235.188,135.188,0.63,0.65,0.36,0.37,0.02,0.01,74430.13,1776164233000
1776164235.57,135.57,0.64,0.65,0.35,0.37,0.01,0.02,74430.12,1776164234000
1776164235.926,135.926,0.63,0.65,0.35,0.37,0.02,0.02,74430.12,1776164234000
1776164236.337,136.337,0.63,0.64,0.36,0.37,0.01,0.01,74430.11,1776164235000
1776164236.974,136.974,0.62,0.64,0.36,0.38,0.02,0.02,74430.11,1776164235000
1776164237.311,137.311,0.61,0.63,0.37,0.39,0.02,0.02,74429.86,1776164236000
1776164237.645,137.645,0.61,0.62,0.38,0.39,0.01,0.01,74429.86,1776164236000
1776164238.041,138.041,0.62,0.63,0.37,0.39,0.01,0.02,74429.86,1776164236000
1776164238.383,138.383,0.61,0.62,0.38,0.39,0.01,0.01,74429.86,1776164237000
1776164238.791,138.791,0.62,0.63,0.37,0.38,0.01,0.01,74429.86,1776164237000
1776164239.232,139.232,0.62,0.64,0.37,0.38,0.02,0.01,74429.86,1776164237000
1776164239.74,139.74,0.62,0.64,0.37,0.38,0.02,0.01,74429.86,1776164237000
1776164240.102,140.102,0.63,0.64,0.36,0.37,0.01,0.01,74429.86,1776164238000
1776164240.494,140.494,0.63,0.64,0.36,0.37,0.01,0.01,74429.86,1776164239000
1776164240.927,140.927,0.63,0.64,0.36,0.37,0.01,0.01,74429.86,1776164239000
1776164241.368,141.368,0.63,0.64,0.36,0.37,0.01,0.01,74429.86,1776164240000
1776164242.401,142.401,0.63,0.64,0.36,0.38,0.01,0.02,74429.86,1776164240000
1776164242.926,142.926,0.63,0.64,0.36,0.37,0.01,0.01,74430.06,1776164241000
1776164243.261,143.261,0.59,0.62,0.38,0.39,0.03,0.01,74430.06,1776164241000
1776164243.634,143.634,0.6,0.61,0.39,0.4,0.01,0.01,74430.06,1776164242000
1776164244.034,144.034,0.59,0.6,0.39,0.4,0.01,0.01,74430.06,1776164242000
1776164244.478,144.478,0.59,0.6,0.4,0.41,0.01,0.01,74430.06,1776164242000
1776164244.904,144.904,0.59,0.6,0.4,0.41,0.01,0.01,74429.26,1776164243000
1776164245.251,145.251,0.59,0.6,0.4,0.41,0.01,0.01,74429.26,1776164243000
1776164245.764,145.764,0.59,0.6,0.4,0.41,0.01,0.01,74428.9,1776164244000
1776164246.12,146.12,0.59,0.6,0.4,0.41,0.01,0.01,74428.71,1776164245000
1776164246.525,146.525,0.59,0.6,0.4,0.41,0.01,0.01,74428.71,1776164245000
1776164246.908,146.908,0.59,0.6,0.4,0.41,0.01,0.01,74428.71,1776164245000
1776164247.246,147.246,0.59,0.6,0.4,0.41,0.01,0.01,74428.71,1776164245000
1776164247.583,147.583,0.58,0.59,0.41,0.42,0.01,0.01,74428.71,1776164245000
1776164247.956,147.956,0.57,0.59,0.41,0.42,0.02,0.01,74428.3,1776164246000
1776164248.29,148.29,0.57,0.58,0.42,0.43,0.01,0.01,74428.3,1776164246000
1776164248.639,148.639,0.58,0.59,0.41,0.43,0.01,0.02,74428.3,1776164246000
1776164249.006,149.006,0.58,0.59,0.41,0.42,0.01,0.01,74428.49,1776164247000
1776164249.351,149.351,0.57,0.59,0.42,0.43,0.02,0.01,74428.49,1776164247000
1776164249.709,149.709,0.57,0.58,0.42,0.43,0.01,0.01,74428.49,1776164248000
1776164250.326,150.326,0.57,0.58,0.42,0.43,0.01,0.01,74428.26,1776164249000
1776164250.665,150.665,0.57,0.59,0.42,0.43,0.02,0.01,74428.26,1776164249000
1776164250.999,150.999,0.58,0.59,0.41,0.42,0.01,0.01,74428.26,1776164249000
1776164251.495,151.495,0.58,0.59,0.41,0.42,0.01,0.01,74428.02,1776164250000
1776164251.877,151.877,0.58,0.59,0.41,0.42,0.01,0.01,74428.02,1776164250000
1776164252.338,152.338,0.58,0.59,0.41,0.42,0.01,0.01,74428.02,1776164250000
1776164252.782,152.782,0.58,0.59,0.41,0.42,0.01,0.01,74428.02,1776164251000
1776164253.129,153.129,0.58,0.59,0.41,0.42,0.01,0.01,74428.02,1776164251000
1776164253.513,153.513,0.58,0.59,0.41,0.42,0.01,0.01,74428.02,1776164252000
1776164254.017,154.017,0.58,0.59,0.41,0.42,0.01,0.01,74428.02,1776164252000
1776164254.535,154.535,0.58,0.59,0.41,0.42,0.01,0.01,74428.02,1776164252000
1776164254.999,154.999,0.58,0.59,0.41,0.42,0.01,0.01,74427.72,1776164253000
1776164255.375,155.375,0.58,0.59,0.41,0.42,0.01,0.01,74427.72,1776164253000
1776164255.786,155.786,0.58,0.59,0.41,0.42,0.01,0.01,74427.72,1776164254000
1776164256.178,156.178,0.58,0.59,0.41,0.42,0.01,0.01,74427.72,1776164254000
1776164256.541,156.541,0.55,0.59,0.41,0.42,0.04,0.01,74427.72,1776164255000
1776164257.087,157.087,0.58,0.59,0.41,0.42,0.01,0.01,74427.72,1776164255000
1776164257.45,157.45,0.58,0.59,0.41,0.42,0.01,0.01,74427.72,1776164255000
1776164257.788,157.788,0.54,0.59,0.41,0.42,0.05,0.01,74427.72,1776164256000
1776164258.179,158.179,0.52,0.54,0.45,0.47,0.02,0.02,74427.72,1776164256000
1776164258.694,158.694,0.52,0.53,0.47,0.48,0.01,0.01,74427.72,1776164257000
1776164259.057,159.057,0.53,0.54,0.46,0.48,0.01,0.02,74427.72,1776164257000
1776164259.468,159.468,0.54,0.63,0.41,0.46,0.09,0.05,74427.72,1776164258000
1776164259.807,159.807,0.56,0.57,0.43,0.44,0.01,0.01,74427.72,1776164258000
1776164260.177,160.177,0.58,0.59,0.38,0.44,0.01,0.06,74427.72,1776164258000
1776164260.553,160.553,0.6,0.66,0.39,0.41,0.06,0.02,74427.72,1776164258000
1776164260.896,160.896,0.62,0.63,0.37,0.38,0.01,0.01,74428.02,1776164259000
1776164261.267,161.267,0.62,0.63,0.37,0.38,0.01,0.01,74428.02,1776164259000
1776164261.608,161.608,0.64,0.65,0.36,0.37,0.01,0.01,74428.02,1776164260000
1776164261.949,161.949,0.64,0.65,0.35,0.36,0.01,0.01,74428.02,1776164260000
1776164262.287,162.287,0.64,0.65,0.35,0.36,0.01,0.01,74428.02,1776164261000
1776164262.63,162.63,0.64,0.65,0.35,0.36,0.01,0.01,74428.02,1776164261000
1776164263.077,163.077,0.65,0.66,0.34,0.35,0.01,0.01,74428.02,1776164261000
1776164263.448,163.448,0.65,0.66,0.34,0.35,0.01,0.01,74428.02,1776164261000
1776164263.783,163.783,0.66,0.67,0.33,0.34,0.01,0.01,74428.47,1776164262000
1776164264.124,164.124,0.66,0.67,0.33,0.34,0.01,0.01,74428.47,1776164262000
1776164264.457,164.457,0.66,0.68,0.32,0.34,0.02,0.02,74428.01,1776164263000
1776164264.797,164.797,0.67,0.68,0.32,0.33,0.01,0.01,74428.01,1776164263000
1776164265.154,165.154,0.67,0.68,0.32,0.33,0.01,0.01,74428.01,1776164263000
1776164265.573,165.573,0.67,0.68,0.32,0.33,0.01,0.01,74428.02,1776164264000
1776164266.103,166.103,0.67,0.68,0.32,0.33,0.01,0.01,74428.02,1776164264000
1776164266.468,166.468,0.67,0.68,0.32,0.33,0.01,0.01,74428.02,1776164264000
1776164266.853,166.853,0.67,0.68,0.32,0.33,0.01,0.01,74428.02,1776164264000
1776164267.287,167.287,0.67,0.68,0.32,0.33,0.01,0.01,74428.22,1776164265000
1776164267.938,167.938,0.68,0.69,0.32,0.33,0.01,0.01,74428.39,1776164266000
1776164268.281,168.281,0.68,0.69,0.31,0.32,0.01,0.01,74428.12,1776164267000
1776164269.142,169.142,0.68,0.69,0.31,0.32,0.01,0.01,74428.12,1776164267000
1776164269.567,169.567,0.68,0.69,0.31,0.32,0.01,0.01,74428.12,1776164267000
1776164270.075,170.075,0.68,0.69,0.31,0.32,0.01,0.01,74428.12,1776164268000
1776164270.669,170.669,0.67,0.68,0.32,0.33,0.01,0.01,74428.12,1776164269000
1776164271.056,171.056,0.67,0.68,0.32,0.33,0.01,0.01,74428.12,1776164269000
1776164271.408,171.408,0.67,0.68,0.32,0.33,0.01,0.01,74428.12,1776164270000
1776164271.99,171.99,0.67,0.68,0.32,0.33,0.01,0.01,74428.12,1776164270000
1776164272.509,172.509,0.67,0.68,0.32,0.33,0.01,0.01,74428.11,1776164271000
1776164273.209,173.209,0.67,0.68,0.32,0.33,0.01,0.01,74428.11,1776164272000
1776164273.557,173.557,0.67,0.68,0.32,0.33,0.01,0.01,74428.11,1776164272000
1776164274.158,174.158,0.67,0.68,0.32,0.33,0.01,0.01,74428.11,1776164272000
1776164274.502,174.502,0.67,0.68,0.32,0.33,0.01,0.01,74428.11,1776164272000
1776164274.888,174.888,0.67,0.68,0.32,0.33,0.01,0.01,74427.8,1776164273000
1776164275.394,175.394,0.67,0.68,0.32,0.33,0.01,0.01,74427.66,1776164274000
1776164275.902,175.902,0.66,0.68,0.32,0.33,0.02,0.01,74427.66,1776164274000
1776164276.278,176.278,0.65,0.67,0.33,0.34,0.02,0.01,74427.66,1776164274000
1776164276.614,176.614,0.66,0.67,0.33,0.34,0.01,0.01,74427.34,1776164275000
1776164276.956,176.956,0.68,0.71,0.29,0.32,0.03,0.03,74427.34,1776164275000
1776164277.459,177.459,0.68,0.69,0.31,0.32,0.01,0.01,74427.15,1776164276000
1776164277.807,177.807,0.68,0.69,0.31,0.32,0.01,0.01,74427.15,1776164276000
1776164278.329,178.329,0.68,0.69,0.31,0.32,0.01,0.01,74427.15,1776164276000
1776164278.684,178.684,0.67,0.68,0.31,0.33,0.01,0.02,74425.66,1776164277000
1776164279.022,179.022,0.64,0.66,0.34,0.36,0.02,0.02,74425.66,1776164277000
1776164279.483,179.483,0.64,0.65,0.35,0.36,0.01,0.01,74426.89,1776164278000
1776164279.821,179.821,0.64,0.65,0.35,0.36,0.01,0.01,74426.89,1776164278000
1776164280.154,180.154,0.64,0.65,0.35,0.36,0.01,0.01,74426.89,1776164278000
1776164280.56,180.56,0.64,0.65,0.35,0.36,0.01,0.01,74428.11,1776164279000
1776164280.897,180.897,0.65,0.66,0.34,0.35,0.01,0.01,74428.11,1776164279000
1776164281.296,181.296,0.65,0.66,0.34,0.35,0.01,0.01,74427.75,1776164280000
1776164281.718,181.718,0.66,0.67,0.33,0.35,0.01,0.02,74427.75,1776164280000
1776164282.063,182.063,0.66,0.67,0.33,0.34,0.01,0.01,74427.75,1776164280000
1776164282.412,182.412,0.66,0.67,0.33,0.35,0.01,0.02,74427.75,1776164280000
1776164282.793,182.793,0.69,0.7,0.3,0.33,0.01,0.03,74426.85,1776164281000
1776164283.133,183.133,0.68,0.69,0.31,0.32,0.01,0.01,74426.85,1776164281000
1776164283.499,183.499,0.68,0.69,0.31,0.32,0.01,0.01,74427.43,1776164282000
1776164283.868,183.868,0.64,0.65,0.35,0.36,0.01,0.01,74427.43,1776164282000
1776164284.249,184.249,0.64,0.65,0.35,0.36,0.01,0.01,74428.2,1776164283000
1776164284.628,184.628,0.64,0.65,0.35,0.36,0.01,0.01,74428.2,1776164283000
1776164285.198,185.198,0.64,0.65,0.35,0.36,0.01,0.01,74428.2,1776164283000
1776164285.68,185.68,0.63,0.64,0.35,0.37,0.01,0.02,74429.19,1776164284000
1776164286.03,186.03,0.63,0.64,0.36,0.37,0.01,0.01,74429.19,1776164285000
1776164286.405,186.405,0.63,0.65,0.36,0.37,0.02,0.01,74429.19,1776164285000
1776164286.739,186.739,0.64,0.65,0.35,0.36,0.01,0.01,74429.19,1776164285000
1776164287.088,187.088,0.63,0.64,0.36,0.37,0.01,0.01,74429.19,1776164285000
1776164287.427,187.427,0.63,0.64,0.36,0.37,0.01,0.01,74428.56,1776164286000
1776164287.773,187.773,0.63,0.64,0.36,0.37,0.01,0.01,74428.56,1776164286000
1776164288.251,188.251,0.63,0.64,0.36,0.37,0.01,0.01,74428.56,1776164286000
1776164288.585,188.585,0.62,0.63,0.37,0.38,0.01,0.01,74427.44,1776164287000
1776164288.945,188.945,0.63,0.64,0.36,0.37,0.01,0.01,74427.44,1776164287000
1776164289.524,189.524,0.62,0.63,0.37,0.38,0.01,0.01,74427.44,1776164288000
1776164289.869,189.869,0.63,0.64,0.36,0.38,0.01,0.02,74427.44,1776164288000
1776164290.214,190.214,0.63,0.64,0.36,0.37,0.01,0.01,74427.44,1776164289000
1776164290.559,190.559,0.63,0.64,0.36,0.37,0.01,0.01,74427.44,1776164289000
1776164290.894,190.894,0.62,0.63,0.37,0.38,0.01,0.01,74427.44,1776164289000
1776164291.238,191.238,0.62,0.64,0.36,0.38,0.02,0.02,74427.44,1776164289000
1776164291.575,191.575,0.62,0.64,0.36,0.37,0.02,0.01,74427.44,1776164290000
1776164291.955,191.955,0.62,0.63,0.37,0.38,0.01,0.01,74427.44,1776164290000
1776164292.398,192.398,0.62,0.63,0.37,0.38,0.01,0.01,74427.44,1776164290000
1776164292.799,192.799,0.62,0.63,0.37,0.38,0.01,0.01,74427.59,1776164291000
1776164293.191,193.191,0.62,0.63,0.37,0.38,0.01,0.01,74427.81,1776164292000
1776164293.639,193.639,0.61,0.64,0.37,0.39,0.03,0.02,74427.81,1776164292000
1776164294.027,194.027,0.62,0.63,0.37,0.38,0.01,0.01,74427.96,1776164293000
1776164294.644,194.644,0.63,0.64,0.36,0.37,0.01,0.01,74427.96,1776164293000
1776164295.288,195.288,0.63,0.64,0.36,0.37,0.01,0.01,74427.93,1776164294000
1776164295.675,195.675,0.63,0.64,0.36,0.37,0.01,0.01,74427.93,1776164294000
1776164296.123,196.123,0.63,0.64,0.36,0.37,0.01,0.01,74427.93,1776164294000
1776164296.73,196.73,0.63,0.64,0.36,0.37,0.01,0.01,74427.49,1776164295000
1776164297.147,197.147,0.63,0.64,0.36,0.37,0.01,0.01,74427.49,1776164295000
1776164297.631,197.631,0.63,0.64,0.36,0.37,0.01,0.01,74427.46,1776164296000
1776164298.01,198.01,0.63,0.64,0.36,0.37,0.01,0.01,74427.35,1776164297000
1776164298.407,198.407,0.63,0.64,0.36,0.37,0.01,0.01,74427.35,1776164297000
1776164298.819,198.819,0.63,0.64,0.36,0.37,0.01,0.01,74427.35,1776164297000
1776164299.26,199.26,0.63,0.64,0.36,0.37,0.01,0.01,74427.35,1776164298000
1776164299.646,199.646,0.63,0.64,0.36,0.37,0.01,0.01,74427.35,1776164298000
1776164300.27,200.27,0.63,0.64,0.36,0.37,0.01,0.01,74427.35,1776164298000
1776164300.817,200.817,0.63,0.64,0.36,0.37,0.01,0.01,74427.46,1776164299000
1776164301.781,201.781,0.63,0.64,0.36,0.37,0.01,0.01,74427.3,1776164300000
1776164302.119,202.119,0.63,0.64,0.36,0.37,0.01,0.01,74427.3,1776164300000
1776164302.842,202.842,0.63,0.64,0.36,0.37,0.01,0.01,74427.15,1776164301000
1776164303.338,203.338,0.63,0.64,0.36,0.37,0.01,0.01,74427.15,1776164301000
1776164303.955,203.955,0.63,0.64,0.36,0.37,0.01,0.01,74427.36,1776164303000
1776164304.654,204.654,0.63,0.64,0.36,0.37,0.01,0.01,74427.36,1776164303000
1776164305.008,205.008,0.63,0.64,0.36,0.37,0.01,0.01,74427.36,1776164303000
1776164305.562,205.562,0.63,0.64,0.36,0.37,0.01,0.01,74427.15,1776164304000
1776164306.246,206.246,0.63,0.64,0.36,0.37,0.01,0.01,74427.15,1776164305000
1776164306.836,206.836,0.63,0.64,0.36,0.37,0.01,0.01,74427.15,1776164305000
1776164307.328,207.328,0.63,0.64,0.36,0.37,0.01,0.01,74426.98,1776164306000
1776164307.966,207.966,0.63,0.64,0.36,0.37,0.01,0.01,74426.98,1776164307000
1776164308.359,208.359,0.65,0.66,0.34,0.36,0.01,0.02,74426.98,1776164307000
1776164308.801,208.801,0.65,0.66,0.34,0.35,0.01,0.01,74426.98,1776164307000
1776164309.432,209.432,0.65,0.67,0.33,0.34,0.02,0.01,74426.98,1776164308000
1776164309.821,209.821,0.61,0.63,0.36,0.39,0.02,0.03,74426.98,1776164308000
1776164310.239,210.239,0.61,0.62,0.38,0.39,0.01,0.01,74426.94,1776164309000
1776164310.665,210.665,0.61,0.62,0.38,0.39,0.01,0.01,74426.94,1776164309000
1776164311.346,211.346,0.61,0.62,0.38,0.39,0.01,0.01,74423.83,1776164310000
1776164311.702,211.702,0.61,0.62,0.38,0.39,0.01,0.01,74423.83,1776164310000
1776164312.057,212.057,0.61,0.62,0.38,0.39,0.01,0.01,74419.37,1776164311000
1776164312.404,212.404,0.61,0.62,0.38,0.39,0.01,0.01,74419.37,1776164311000
1776164312.764,212.764,0.61,0.62,0.38,0.39,0.01,0.01,74419.37,1776164311000
1776164313.11,213.11,0.61,0.62,0.38,0.39,0.01,0.01,74419.37,1776164311000
1776164313.622,213.622,0.62,0.63,0.37,0.39,0.01,0.02,74418.96,1776164312000
1776164314.228,214.228,0.62,0.63,0.37,0.38,0.01,0.01,74418.96,1776164313000
1776164314.721,214.721,0.62,0.63,0.37,0.38,0.01,0.01,74418.96,1776164313000
1776164315.135,215.135,0.62,0.63,0.37,0.38,0.01,0.01,74418.96,1776164313000
1776164315.852,215.852,0.62,0.63,0.37,0.38,0.01,0.01,74418.59,1776164314000
1776164316.211,216.211,0.62,0.63,0.37,0.38,0.01,0.01,74418.59,1776164314000
1776164316.795,216.795,0.61,0.62,0.38,0.39,0.01,0.01,74418.59,1776164314000
1776164317.156,217.156,0.61,0.62,0.38,0.39,0.01,0.01,74418.8,1776164315000
1776164317.529,217.529,0.6,0.62,0.38,0.4,0.02,0.02,74418.8,1776164316000
1776164318.069,218.069,0.6,0.61,0.38,0.4,0.01,0.02,74418.8,1776164316000
1776164318.427,218.427,0.6,0.61,0.39,0.4,0.01,0.01,74415.29,1776164317000
1776164318.814,218.814,0.6,0.61,0.39,0.4,0.01,0.01,74415.29,1776164317000
1776164319.297,219.297,0.6,0.61,0.39,0.4,0.01,0.01,74415.29,1776164317000
1776164319.633,219.633,0.6,0.61,0.39,0.4,0.01,0.01,74411.18,1776164318000
1776164319.991,219.991,0.6,0.61,0.39,0.4,0.01,0.01,74411.18,1776164319000
1776164320.526,220.526,0.6,0.61,0.39,0.4,0.01,0.01,74411.18,1776164319000
1776164320.888,220.888,0.6,0.61,0.39,0.4,0.01,0.01,74411.18,1776164319000
1776164321.226,221.226,0.6,0.62,0.38,0.4,0.02,0.02,74411.66,1776164320000
1776164321.567,221.567,0.6,0.61,0.39,0.4,0.01,0.01,74411.66,1776164320000
1776164321.9,221.9,0.61,0.62,0.38,0.39,0.01,0.01,74411.66,1776164320000
1776164322.36,222.36,0.61,0.62,0.38,0.39,0.01,0.01,74412.79,1776164321000
1776164322.883,222.883,0.61,0.62,0.38,0.39,0.01,0.01,74412.79,1776164321000
1776164323.314,223.314,0.61,0.62,0.38,0.39,0.01,0.01,74413.55,1776164322000
1776164323.781,223.781,0.61,0.62,0.38,0.39,0.01,0.01,74413.55,1776164322000
1776164324.119,224.119,0.61,0.62,0.38,0.39,0.01,0.01,74413.55,1776164322000
1776164324.452,224.452,0.61,0.62,0.38,0.39,0.01,0.01,74415.51,1776164323000
1776164325.205,225.205,0.64,0.65,0.35,0.36,0.01,0.01,74415.51,1776164323000
1776164325.592,225.592,0.64,0.65,0.35,0.36,0.01,0.01,74414.69,1776164324000
1776164325.979,225.979,0.64,0.65,0.35,0.36,0.01,0.01,74414.69,1776164324000
1776164326.376,226.376,0.64,0.65,0.35,0.36,0.01,0.01,74414.45,1776164325000
1776164326.966,226.966,0.64,0.65,0.35,0.36,0.01,0.01,74414.45,1776164325000
1776164327.466,227.466,0.64,0.65,0.35,0.36,0.01,0.01,74413.47,1776164326000
1776164327.891,227.891,0.64,0.65,0.35,0.36,0.01,0.01,74413.47,1776164326000
1776164328.387,228.387,0.64,0.65,0.35,0.36,0.01,0.01,74413.47,1776164326000
1776164328.747,228.747,0.64,0.65,0.35,0.36,0.01,0.01,74413.58,1776164327000
1776164329.119,229.119,0.64,0.65,0.35,0.36,0.01,0.01,74413.58,1776164327000
1776164329.476,229.476,0.64,0.65,0.35,0.36,0.01,0.01,74413.58,1776164328000
1776164329.834,229.834,0.64,0.65,0.35,0.36,0.01,0.01,74413.58,1776164328000
1776164330.303,230.303,0.64,0.65,0.35,0.36,0.01,0.01,74414.68,1776164329000
1776164330.773,230.773,0.64,0.65,0.35,0.36,0.01,0.01,74414.68,1776164329000
1776164331.129,231.129,0.64,0.65,0.35,0.36,0.01,0.01,74414.96,1776164330000
1776164331.663,231.663,0.64,0.65,0.35,0.36,0.01,0.01,74414.96,1776164330000
1776164332.07,232.07,0.64,0.65,0.35,0.36,0.01,0.01,74414.96,1776164330000
1776164332.597,232.597,0.65,0.66,0.34,0.35,0.01,0.01,74414.68,1776164331000
1776164333.249,233.249,0.65,0.66,0.34,0.35,0.01,0.01,74414.74,1776164332000
1776164334.082,234.082,0.65,0.66,0.34,0.35,0.01,0.01,74414.74,1776164332000
1776164334.416,234.416,0.65,0.66,0.34,0.35,0.01,0.01,74414.74,1776164333000
1776164334.948,234.948,0.65,0.66,0.34,0.35,0.01,0.01,74414.74,1776164333000
1776164335.51,235.51,0.65,0.66,0.34,0.35,0.01,0.01,74415.02,1776164334000
1776164335.853,235.853,0.66,0.67,0.34,0.35,0.01,0.01,74415.02,1776164334000
1776164336.262,236.262,0.66,0.67,0.33,0.35,0.01,0.02,74415.02,1776164335000
1776164336.711,236.711,0.63,0.65,0.35,0.36,0.02,0.01,74415.02,1776164335000
1776164337.135,237.135,0.63,0.64,0.36,0.38,0.01,0.02,74415.02,1776164336000
1776164337.474,237.474,0.64,0.65,0.35,0.36,0.01,0.01,74415.02,1776164336000
1776164338.041,238.041,0.64,0.66,0.34,0.36,0.02,0.02,74414.86,1776164337000
1776164338.858,238.858,0.65,0.66,0.34,0.36,0.01,0.02,74414.86,1776164337000
1776164339.279,239.279,0.64,0.66,0.34,0.35,0.02,0.01,74415.84,1776164338000
1776164339.687,239.687,0.64,0.65,0.35,0.36,0.01,0.01,74415.84,1776164338000
1776164340.231,240.231,0.64,0.65,0.35,0.36,0.01,0.01,74416.01,1776164339000
1776164340.57,240.57,0.63,0.64,0.35,0.37,0.01,0.02,74416.01,1776164339000
1776164340.917,240.917,0.63,0.64,0.36,0.37,0.01,0.01,74416.01,1776164340000
1776164341.273,241.273,0.62,0.63,0.36,0.38,0.01,0.02,74416.01,1776164340000
1776164341.645,241.645,0.62,0.63,0.37,0.38,0.01,0.01,74416.01,1776164340000
1776164342.085,242.085,0.61,0.62,0.38,0.39,0.01,0.01,74416.01,1776164340000
1776164342.603,242.603,0.6,0.61,0.39,0.4,0.01,0.01,74416.01,1776164340000
1776164342.944,242.944,0.61,0.62,0.38,0.39,0.01,0.01,74416.01,1776164340000
1776164343.284,243.284,0.61,0.62,0.38,0.39,0.01,0.01,74414.68,1776164342000
1776164343.66,243.66,0.6,0.61,0.39,0.4,0.01,0.01,74414.68,1776164342000
1776164344.038,244.038,0.6,0.61,0.39,0.4,0.01,0.01,74414.68,1776164342000
1776164344.523,244.523,0.61,0.62,0.38,0.4,0.01,0.02,74414.27,1776164343000
1776164344.899,244.899,0.6,0.62,0.38,0.39,0.02,0.01,74414.27,1776164343000
1776164345.292,245.292,0.6,0.61,0.39,0.4,0.01,0.01,74414.18,1776164344000
1776164345.699,245.699,0.59,0.6,0.4,0.41,0.01,0.01,74414.18,1776164344000
1776164346.218,246.218,0.61,0.62,0.39,0.41,0.01,0.02,74414.18,1776164344000
1776164346.593,246.593,0.62,0.63,0.37,0.38,0.01,0.01,74414.18,1776164345000
1776164347.076,247.076,0.62,0.63,0.37,0.39,0.01,0.02,74414.18,1776164345000
1776164347.446,247.446,0.62,0.64,0.37,0.38,0.02,0.01,74414.18,1776164346000
1776164347.801,247.801,0.62,0.63,0.37,0.38,0.01,0.01,74414.18,1776164346000
1776164348.578,248.578,0.61,0.62,0.37,0.39,0.01,0.02,74414.18,1776164347000
1776164349.026,249.026,0.59,0.6,0.4,0.41,0.01,0.01,74414.18,1776164347000
1776164349.385,249.385,0.62,0.63,0.37,0.38,0.01,0.01,74414.23,1776164348000
1776164349.756,249.756,0.63,0.64,0.36,0.37,0.01,0.01,74414.23,1776164348000
1776164350.094,250.094,0.66,0.68,0.32,0.34,0.02,0.02,74414.42,1776164349000
1776164350.43,250.43,0.67,0.68,0.32,0.33,0.01,0.01,74414.42,1776164349000
1776164350.763,250.763,0.67,0.68,0.32,0.33,0.01,0.01,74414.42,1776164349000
1776164351.149,251.149,0.64,0.65,0.35,0.36,0.01,0.01,74414.42,1776164350000
1776164351.539,251.539,0.68,0.69,0.31,0.36,0.01,0.05,74414.42,1776164350000
1776164351.92,251.92,0.66,0.67,0.31,0.34,0.01,0.03,74414.42,1776164350000
1776164352.484,252.484,0.64,0.67,0.33,0.34,0.03,0.01,74414.66,1776164351000
1776164352.9,252.9,0.65,0.66,0.34,0.35,0.01,0.01,74415.04,1776164352000
1776164353.253,253.253,0.62,0.63,0.34,0.38,0.01,0.04,74415.04,1776164352000
1776164353.618,253.618,0.64,0.65,0.32,0.38,0.01,0.06,74415.04,1776164352000
1776164354.113,254.113,0.64,0.65,0.35,0.36,0.01,0.01,74415.04,1776164353000
1776164354.493,254.493,0.65,0.66,0.34,0.36,0.01,0.02,74415.04,1776164353000
1776164354.834,254.834,0.67,0.68,0.32,0.33,0.01,0.01,74415.04,1776164353000
1776164355.214,255.214,0.68,0.69,0.31,0.32,0.01,0.01,74415.04,1776164353000
1776164355.854,255.854,0.68,0.69,0.31,0.32,0.01,0.01,74415.25,1776164354000
1776164356.244,256.244,0.68,0.69,0.31,0.32,0.01,0.01,74415.25,1776164355000
1776164356.87,256.87,0.67,0.69,0.31,0.32,0.02,0.01,74415.25,1776164355000
1776164357.41,257.41,0.67,0.68,0.32,0.33,0.01,0.01,74415.25,1776164355000
1776164357.84,257.84,0.64,0.65,0.31,0.35,0.01,0.04,74415.25,1776164355000
1776164358.698,258.698,0.64,0.65,0.35,0.36,0.01,0.01,74415.25,1776164356000
1776164359.034,259.034,0.64,0.65,0.35,0.36,0.01,0.01,74415.03,1776164357000
1776164359.584,259.584,0.64,0.65,0.35,0.36,0.01,0.01,74415.08,1776164358000
1776164360.181,260.181,0.65,0.66,0.3,0.36,0.01,0.06,74415.08,1776164358000
1776164360.533,260.533,0.65,0.66,0.34,0.35,0.01,0.01,74415.08,1776164358000
1776164360.999,260.999,0.66,0.68,0.34,0.35,0.02,0.01,74415.31,1776164359000
1776164361.477,261.477,0.69,0.71,0.3,0.31,0.02,0.01,74415.31,1776164360000
1776164361.829,261.829,0.7,0.71,0.28,0.3,0.01,0.02,74415.31,1776164360000
1776164362.245,262.245,0.7,0.71,0.29,0.3,0.01,0.01,74415.31,1776164360000
1776164362.589,262.589,0.7,0.71,0.29,0.3,0.01,0.01,74415.5,1776164361000
1776164362.953,262.953,0.71,0.72,0.28,0.3,0.01,0.02,74415.5,1776164361000
1776164363.379,263.379,0.71,0.72,0.28,0.29,0.01,0.01,74415.67,1776164362000
1776164363.766,263.766,0.74,0.75,0.25,0.26,0.01,0.01,74415.67,1776164362000
1776164364.196,264.196,0.71,0.74,0.26,0.29,0.03,0.03,74415.95,1776164363000
1776164364.602,264.602,0.7,0.71,0.29,0.3,0.01,0.01,74415.95,1776164363000
1776164364.967,264.967,0.7,0.71,0.29,0.3,0.01,0.01,74415.95,1776164363000
1776164365.463,265.463,0.7,0.71,0.29,0.3,0.01,0.01,74420.91,1776164364000
1776164365.911,265.911,0.7,0.71,0.29,0.3,0.01,0.01,74420.91,1776164364000
1776164366.326,266.326,0.73,0.76,0.27,0.29,0.03,0.02,74420.91,1776164364000
1776164366.665,266.665,0.74,0.75,0.25,0.26,0.01,0.01,74423.71,1776164365000
1776164367.018,267.018,0.75,0.76,0.24,0.25,0.01,0.01,74423.71,1776164365000
1776164367.548,267.548,0.74,0.75,0.25,0.26,0.01,0.01,74423.78,1776164366000
1776164367.881,267.881,0.74,0.76,0.25,0.26,0.02,0.01,74423.78,1776164366000
1776164368.242,268.242,0.76,0.77,0.23,0.24,0.01,0.01,74423.77,1776164367000
1776164368.627,268.627,0.76,0.77,0.23,0.24,0.01,0.01,74423.77,1776164367000
1776164369.023,269.023,0.76,0.77,0.23,0.24,0.01,0.01,74423.77,1776164367000
1776164369.393,269.393,0.76,0.77,0.23,0.24,0.01,0.01,74423.76,1776164368000
1776164369.797,269.797,0.75,0.76,0.24,0.25,0.01,0.01,74423.76,1776164368000
1776164370.233,270.233,0.75,0.76,0.24,0.25,0.01,0.01,74423.76,1776164368000
1776164370.619,270.619,0.75,0.76,0.24,0.25,0.01,0.01,74423.76,1776164368000
1776164370.999,270.999,0.75,0.76,0.24,0.25,0.01,0.01,74423.8,1776164369000
1776164371.357,271.357,0.76,0.77,0.23,0.24,0.01,0.01,74423.8,1776164369000
1776164371.701,271.701,0.76,0.77,0.23,0.24,0.01,0.01,74423.8,1776164369000
1776164372.071,272.071,0.76,0.77,0.23,0.24,0.01,0.01,74423.79,1776164370000
1776164372.512,272.512,0.76,0.77,0.23,0.24,0.01,0.01,74423.55,1776164371000
1776164372.884,272.884,0.76,0.78,0.22,0.23,0.02,0.01,74423.55,1776164371000
1776164373.309,273.309,0.73,0.74,0.26,0.27,0.01,0.01,74423.54,1776164372000
1776164373.716,273.716,0.73,0.74,0.26,0.27,0.01,0.01,74423.54,1776164372000
1776164374.193,274.193,0.73,0.74,0.26,0.27,0.01,0.01,74423.54,1776164372000
1776164374.641,274.641,0.73,0.74,0.26,0.27,0.01,0.01,74423.54,1776164372000
1776164375.0,275.0,0.75,0.76,0.24,0.25,0.01,0.01,74421.0,1776164374000
1776164375.382,275.382,0.75,0.76,0.24,0.25,0.01,0.01,74421.0,1776164374000
1776164375.762,275.762,0.76,0.77,0.23,0.25,0.01,0.02,74421.0,1776164374000
1776164376.167,276.167,0.75,0.76,0.23,0.24,0.01,0.01,74421.0,1776164374000
1776164376.519,276.519,0.76,0.77,0.23,0.24,0.01,0.01,74420.82,1776164375000
1776164377.095,277.095,0.75,0.76,0.22,0.23,0.01,0.01,74420.82,1776164375000
1776164377.464,277.464,0.74,0.75,0.25,0.26,0.01,0.01,74420.82,1776164376000
1776164378.219,278.219,0.74,0.76,0.24,0.25,0.02,0.01,74420.82,1776164376000
1776164378.66,278.66,0.74,0.75,0.24,0.25,0.01,0.01,74419.44,1776164377000
1776164379.049,279.049,0.75,0.76,0.24,0.25,0.01,0.01,74419.44,1776164377000
1776164379.387,279.387,0.75,0.76,0.24,0.25,0.01,0.01,74420.5,1776164378000
1776164379.913,279.913,0.76,0.77,0.23,0.25,0.01,0.02,74420.5,1776164378000
1776164380.316,280.316,0.76,0.77,0.23,0.24,0.01,0.01,74419.0,1776164379000
1776164380.679,280.679,0.77,0.78,0.22,0.23,0.01,0.01,74419.0,1776164379000
1776164381.054,281.054,0.76,0.77,0.23,0.24,0.01,0.01,74419.0,1776164379000
1776164381.474,281.474,0.76,0.77,0.23,0.24,0.01,0.01,74418.98,1776164380000
1776164381.853,281.853,0.76,0.77,0.23,0.24,0.01,0.01,74418.98,1776164380000
1776164382.233,282.233,0.76,0.77,0.23,0.24,0.01,0.01,74418.98,1776164380000
1776164382.824,282.824,0.76,0.77,0.23,0.24,0.01,0.01,74420.3,1776164381000
1776164383.327,283.327,0.76,0.77,0.23,0.24,0.01,0.01,74420.3,1776164381000
1776164383.684,283.684,0.76,0.77,0.22,0.24,0.01,0.02,74420.16,1776164382000
1776164384.04,284.04,0.78,0.79,0.21,0.22,0.01,0.01,74420.16,1776164382000
1776164384.668,284.668,0.78,0.79,0.21,0.22,0.01,0.01,74420.17,1776164383000
1776164385.073,285.073,0.79,0.8,0.2,0.21,0.01,0.01,74420.17,1776164383000
1776164385.474,285.474,0.8,0.81,0.19,0.21,0.01,0.02,74420.17,1776164383000
1776164385.845,285.845,0.81,0.82,0.18,0.19,0.01,0.01,74420.17,1776164384000
1776164386.28,286.28,0.82,0.83,0.17,0.18,0.01,0.01,74420.17,1776164385000
1776164386.625,286.625,0.82,0.83,0.17,0.18,0.01,0.01,74420.17,1776164385000
1776164387.002,287.002,0.82,0.83,0.17,0.18,0.01,0.01,74420.17,1776164385000
1776164387.369,287.369,0.82,0.83,0.17,0.18,0.01,0.01,74420.17,1776164385000
1776164387.749,287.749,0.82,0.83,0.17,0.18,0.01,0.01,74420.17,1776164386000
1776164388.091,288.091,0.75,0.83,0.17,0.22,0.08,0.05,74420.17,1776164386000
1776164388.431,288.431,0.61,0.62,0.38,0.39,0.01,0.01,74420.76,1776164387000
1776164388.779,288.779,0.57,0.58,0.42,0.43,0.01,0.01,74420.76,1776164387000
1776164389.121,289.121,0.57,0.58,0.42,0.43,0.01,0.01,74420.76,1776164388000
1776164389.565,289.565,0.59,0.6,0.4,0.43,0.01,0.03,74420.76,1776164388000
1776164389.94,289.94,0.65,0.66,0.33,0.35,0.01,0.02,74420.76,1776164388000
1776164390.327,290.327,0.65,0.66,0.34,0.35,0.01,0.01,74403.69,1776164389000
1776164390.822,290.822,0.65,0.66,0.34,0.35,0.01,0.01,74403.69,1776164389000
1776164391.243,291.243,0.65,0.66,0.34,0.35,0.01,0.01,74403.69,1776164389000
1776164391.577,291.577,0.57,0.66,0.34,0.35,0.09,0.01,74398.33,1776164390000
1776164391.912,291.912,0.63,0.64,0.36,0.37,0.01,0.01,74398.33,1776164390000
1776164392.376,292.376,0.65,0.66,0.34,0.35,0.01,0.01,74399.11,1776164391000
1776164392.71,292.71,0.55,0.56,0.34,0.45,0.01,0.11,74399.11,1776164391000
1776164393.048,293.048,0.49,0.54,0.46,0.51,0.05,0.05,74399.11,1776164391000
1776164393.383,293.383,0.45,0.5,0.5,0.55,0.05,0.05,74399.06,1776164392000
1776164393.718,293.718,0.4,0.46,0.54,0.6,0.06,0.06,74399.06,1776164392000
1776164394.094,294.094,0.4,0.41,0.59,0.65,0.01,0.06,74399.06,1776164392000
1776164394.436,294.436,0.2,0.24,0.76,0.8,0.04,0.04,74396.04,1776164393000
1776164394.905,294.905,0.18,0.2,0.79,0.81,0.02,0.02,74396.04,1776164393000
1776164395.253,295.253,0.13,0.14,0.86,0.87,0.01,0.01,74381.95,1776164394000
1776164395.586,295.586,0.13,0.14,0.86,0.87,0.01,0.01,74381.95,1776164394000
1776164395.923,295.923,0.1,0.11,0.89,0.9,0.01,0.01,74381.95,1776164394000
1776164396.268,296.268,0.09,0.1,0.9,0.91,0.01,0.01,74381.95,1776164394000
1776164396.645,296.645,0.05,0.06,0.94,0.95,0.01,0.01,74379.22,1776164395000
1776164396.98,296.98,0.05,0.06,0.94,0.95,0.01,0.01,74379.22,1776164395000
1776164397.314,297.314,0.05,0.06,0.94,0.95,0.01,0.01,74379.22,1776164395000
1776164397.647,297.647,0.05,0.06,0.94,0.95,0.01,0.01,74377.42,1776164396000
1776164397.994,297.994,0.05,0.06,0.94,0.95,0.01,0.01,74377.42,1776164396000
1776164398.329,298.329,0.05,0.06,0.94,0.95,0.01,0.01,74371.32,1776164397000
1776164398.681,298.681,0.04,0.05,0.95,0.96,0.01,0.01,74371.32,1776164397000
1776164399.033,299.033,0.03,0.04,0.96,0.97,0.01,0.01,74371.32,1776164397000
1776164399.389,299.389,0.01,0.01,0.98,0.99,0.0,0.01,74369.38,1776164398000
1776164399.83,299.83,0.01,0.01,0.99,0.99,0.0,0.0,74369.38,1776164398000
1776164400.172,300.172,0.01,0.01,0.99,0.99,0.0,0.0,74369.38,1776164398000
1776164400.521,300.521,0.01,0.01,0.99,0.99,0.0,0.0,74368.77,1776164399000

# RESULT,winner=Down,slug=btc-updown-5m-1776164100,ticks=711
