timestamp,elapsed_sec,up_bid,up_ask,down_bid,down_ask,up_spread,down_spread,btc_price,btc_oracle_ts
1777094400.516,0.516,0.52,0.53,0.48,0.49,0.01,0.01,77534.95,1777094399000
1777094400.959,0.959,0.52,0.53,0.47,0.48,0.01,0.01,77534.95,1777094399000
1777094401.479,1.479,0.52,0.53,0.47,0.48,0.01,0.01,77534.95,1777094399000
1777094402.073,2.073,0.52,0.53,0.47,0.48,0.01,0.01,77534.91,1777094400000
1777094402.531,2.531,0.52,0.53,0.47,0.48,0.01,0.01,77534.94,1777094401000
1777094402.89,2.89,0.52,0.53,0.47,0.48,0.01,0.01,77534.94,1777094401000
1777094403.379,3.379,0.52,0.53,0.47,0.48,0.01,0.01,77534.94,1777094401000
1777094403.821,3.821,0.52,0.53,0.47,0.48,0.01,0.01,77535.24,1777094402000
1777094404.186,4.186,0.52,0.53,0.47,0.48,0.01,0.01,77535.24,1777094402000
1777094404.562,4.562,0.52,0.53,0.47,0.48,0.01,0.01,77535.25,1777094403000
1777094404.922,4.922,0.52,0.53,0.47,0.48,0.01,0.01,77535.25,1777094403000
1777094405.261,5.261,0.52,0.53,0.47,0.48,0.01,0.01,77535.25,1777094403000
1777094405.615,5.615,0.53,0.54,0.46,0.47,0.01,0.01,77535.19,1777094404000
1777094405.966,5.966,0.53,0.54,0.46,0.47,0.01,0.01,77535.19,1777094404000
1777094406.403,6.403,0.53,0.54,0.46,0.47,0.01,0.01,77535.19,1777094405000
1777094406.745,6.745,0.53,0.54,0.46,0.47,0.01,0.01,77535.19,1777094405000
1777094407.243,7.243,0.6,0.61,0.37,0.42,0.01,0.05,77535.19,1777094405000
1777094407.627,7.627,0.6,0.61,0.39,0.4,0.01,0.01,77535.18,1777094406000
1777094407.965,7.965,0.61,0.62,0.38,0.39,0.01,0.01,77535.18,1777094407000
1777094408.496,8.496,0.62,0.63,0.37,0.38,0.01,0.01,77535.18,1777094407000
1777094408.899,8.899,0.62,0.63,0.37,0.38,0.01,0.01,77535.18,1777094407000
1777094409.24,9.24,0.62,0.63,0.37,0.38,0.01,0.01,77535.25,1777094408000
1777094409.58,9.58,0.62,0.63,0.37,0.38,0.01,0.01,77535.25,1777094408000
1777094409.922,9.922,0.62,0.63,0.37,0.38,0.01,0.01,77535.25,1777094408000
1777094410.339,10.339,0.63,0.64,0.36,0.37,0.01,0.01,77538.25,1777094409000
1777094410.765,10.765,0.61,0.63,0.37,0.38,0.02,0.01,77538.25,1777094409000
1777094411.334,11.334,0.61,0.62,0.38,0.39,0.01,0.01,77538.45,1777094410000
1777094411.696,11.696,0.61,0.62,0.38,0.39,0.01,0.01,77538.45,1777094410000
1777094412.032,12.032,0.6,0.62,0.38,0.4,0.02,0.02,77538.45,1777094410000
1777094412.447,12.447,0.6,0.61,0.39,0.4,0.01,0.01,77538.56,1777094411000
1777094412.938,12.938,0.6,0.61,0.39,0.4,0.01,0.01,77538.56,1777094411000
1777094413.687,13.687,0.6,0.61,0.39,0.4,0.01,0.01,77538.56,1777094412000
1777094414.094,14.094,0.6,0.61,0.39,0.4,0.01,0.01,77538.87,1777094413000
1777094414.447,14.447,0.6,0.61,0.39,0.4,0.01,0.01,77538.87,1777094413000
1777094414.799,14.799,0.6,0.61,0.39,0.4,0.01,0.01,77538.87,1777094413000
1777094415.196,15.196,0.6,0.61,0.39,0.4,0.01,0.01,77538.88,1777094414000
1777094415.575,15.575,0.6,0.62,0.39,0.4,0.02,0.01,77538.88,1777094414000
1777094416.0,16.0,0.66,0.67,0.33,0.35,0.01,0.02,77538.88,1777094414000
1777094416.367,16.367,0.66,0.67,0.33,0.34,0.01,0.01,77538.89,1777094415000
1777094416.714,16.714,0.66,0.67,0.33,0.34,0.01,0.01,77538.89,1777094415000
1777094417.16,17.16,0.66,0.67,0.33,0.34,0.01,0.01,77538.89,1777094415000
1777094417.527,17.527,0.66,0.67,0.33,0.34,0.01,0.01,77538.88,1777094416000
1777094417.876,17.876,0.66,0.67,0.33,0.34,0.01,0.01,77538.88,1777094416000
1777094418.268,18.268,0.68,0.69,0.31,0.33,0.01,0.02,77538.88,1777094417000
1777094419.148,19.148,0.68,0.69,0.31,0.32,0.01,0.01,77540.65,1777094418000
1777094419.574,19.574,0.68,0.69,0.31,0.32,0.01,0.01,77540.65,1777094418000
1777094419.924,19.924,0.68,0.69,0.31,0.32,0.01,0.01,77540.65,1777094418000
1777094420.315,20.315,0.68,0.69,0.31,0.32,0.01,0.01,77540.65,1777094419000
1777094420.651,20.651,0.72,0.74,0.27,0.28,0.02,0.01,77540.65,1777094419000
1777094421.114,21.114,0.73,0.74,0.26,0.27,0.01,0.01,77541.03,1777094420000
1777094421.449,21.449,0.71,0.73,0.27,0.29,0.02,0.02,77541.03,1777094420000
1777094421.801,21.801,0.71,0.72,0.28,0.29,0.01,0.01,77541.03,1777094420000
1777094422.156,22.156,0.71,0.72,0.28,0.29,0.01,0.01,77541.03,1777094420000
1777094422.496,22.496,0.71,0.72,0.28,0.29,0.01,0.01,77544.56,1777094421000
1777094422.854,22.854,0.71,0.72,0.28,0.29,0.01,0.01,77544.56,1777094421000
1777094423.204,23.204,0.71,0.72,0.28,0.29,0.01,0.01,77544.56,1777094421000
1777094423.703,23.703,0.71,0.72,0.28,0.29,0.01,0.01,77548.42,1777094422000
1777094424.199,24.199,0.71,0.72,0.28,0.29,0.01,0.01,77548.38,1777094423000
1777094424.551,24.551,0.71,0.72,0.28,0.29,0.01,0.01,77548.38,1777094423000
1777094425.0,25.0,0.71,0.72,0.28,0.29,0.01,0.01,77548.38,1777094423000
1777094425.354,25.354,0.71,0.72,0.28,0.29,0.01,0.01,77548.86,1777094424000
1777094425.791,25.791,0.71,0.72,0.28,0.29,0.01,0.01,77548.86,1777094424000
1777094426.241,26.241,0.66,0.68,0.32,0.33,0.02,0.01,77548.86,1777094424000
1777094426.625,26.625,0.66,0.67,0.33,0.34,0.01,0.01,77548.86,1777094425000
1777094426.979,26.979,0.66,0.67,0.33,0.34,0.01,0.01,77548.86,1777094425000
1777094427.359,27.359,0.66,0.67,0.33,0.34,0.01,0.01,77548.83,1777094426000
1777094427.75,27.75,0.66,0.67,0.33,0.34,0.01,0.01,77548.83,1777094426000
1777094428.175,28.175,0.66,0.68,0.33,0.34,0.02,0.01,77548.83,1777094426000
1777094428.723,28.723,0.67,0.68,0.32,0.33,0.01,0.01,77545.64,1777094427000
1777094429.189,29.189,0.67,0.68,0.32,0.33,0.01,0.01,77545.64,1777094427000
1777094429.57,29.57,0.68,0.69,0.31,0.32,0.01,0.01,77545.07,1777094428000
1777094429.983,29.983,0.68,0.69,0.31,0.32,0.01,0.01,77545.07,1777094428000
1777094430.508,30.508,0.68,0.69,0.31,0.32,0.01,0.01,77545.18,1777094429000
1777094430.866,30.866,0.68,0.69,0.31,0.32,0.01,0.01,77545.18,1777094429000
1777094431.425,31.425,0.68,0.69,0.31,0.32,0.01,0.01,77544.67,1777094430000
1777094431.885,31.885,0.68,0.69,0.31,0.32,0.01,0.01,77544.67,1777094430000
1777094432.221,32.221,0.68,0.7,0.31,0.32,0.02,0.01,77543.12,1777094431000
1777094432.574,32.574,0.69,0.7,0.3,0.31,0.01,0.01,77543.12,1777094431000
1777094433.149,33.149,0.69,0.7,0.3,0.31,0.01,0.01,77543.12,1777094431000
1777094433.579,33.579,0.69,0.7,0.3,0.31,0.01,0.01,77543.75,1777094432000
1777094434.188,34.188,0.69,0.7,0.3,0.31,0.01,0.01,77543.75,1777094432000
1777094434.539,34.539,0.69,0.7,0.3,0.31,0.01,0.01,77543.75,1777094432000
1777094434.885,34.885,0.69,0.71,0.3,0.31,0.02,0.01,77543.75,1777094432000
1777094435.266,35.266,0.7,0.71,0.29,0.3,0.01,0.01,77543.21,1777094434000
1777094435.646,35.646,0.7,0.72,0.29,0.3,0.02,0.01,77543.21,1777094434000
1777094436.03,36.03,0.71,0.72,0.28,0.3,0.01,0.02,77543.21,1777094434000
1777094436.967,36.967,0.71,0.72,0.28,0.29,0.01,0.01,77543.58,1777094435000
1777094437.303,37.303,0.71,0.72,0.28,0.29,0.01,0.01,77543.21,1777094436000
1777094437.669,37.669,0.71,0.72,0.28,0.29,0.01,0.01,77543.21,1777094436000
1777094438.024,38.024,0.71,0.72,0.28,0.29,0.01,0.01,77543.21,1777094436000
1777094438.403,38.403,0.71,0.72,0.28,0.29,0.01,0.01,77543.38,1777094437000
1777094439.025,39.025,0.71,0.72,0.28,0.29,0.01,0.01,77543.38,1777094438000
1777094439.74,39.74,0.71,0.72,0.28,0.29,0.01,0.01,77543.38,1777094438000
1777094440.179,40.179,0.71,0.73,0.27,0.29,0.02,0.02,77543.42,1777094439000
1777094440.579,40.579,0.72,0.73,0.27,0.28,0.01,0.01,77543.42,1777094439000
1777094441.057,41.057,0.72,0.73,0.27,0.28,0.01,0.01,77543.42,1777094439000
1777094441.4,41.4,0.72,0.73,0.27,0.28,0.01,0.01,77543.41,1777094440000
1777094441.904,41.904,0.72,0.73,0.27,0.28,0.01,0.01,77543.41,1777094440000
1777094442.243,42.243,0.72,0.73,0.27,0.28,0.01,0.01,77543.4,1777094441000
1777094442.756,42.756,0.71,0.72,0.28,0.29,0.01,0.01,77543.4,1777094441000
1777094443.263,43.263,0.71,0.72,0.28,0.29,0.01,0.01,77543.4,1777094441000
1777094443.636,43.636,0.71,0.72,0.28,0.29,0.01,0.01,77543.72,1777094442000
1777094444.339,44.339,0.71,0.72,0.28,0.29,0.01,0.01,77543.74,1777094443000
1777094445.157,45.157,0.71,0.72,0.28,0.29,0.01,0.01,77543.74,1777094443000
1777094445.756,45.756,0.71,0.72,0.28,0.29,0.01,0.01,77543.77,1777094444000
1777094446.277,46.277,0.71,0.72,0.28,0.29,0.01,0.01,77543.77,1777094444000
1777094446.957,46.957,0.72,0.73,0.28,0.29,0.01,0.01,77543.66,1777094445000
1777094447.747,47.747,0.72,0.73,0.27,0.28,0.01,0.01,77543.66,1777094446000
1777094448.106,48.106,0.72,0.73,0.27,0.28,0.01,0.01,77543.67,1777094447000
1777094448.529,48.529,0.72,0.73,0.27,0.28,0.01,0.01,77543.67,1777094447000
1777094448.96,48.96,0.72,0.73,0.27,0.28,0.01,0.01,77543.67,1777094447000
1777094450.021,50.021,0.72,0.73,0.27,0.28,0.01,0.01,77543.61,1777094448000
1777094450.46,50.46,0.72,0.73,0.27,0.28,0.01,0.01,77543.65,1777094449000
1777094452.527,52.527,0.72,0.73,0.27,0.28,0.01,0.01,77543.83,1777094451000
1777094452.943,52.943,0.72,0.73,0.27,0.28,0.01,0.01,77543.83,1777094451000
1777094453.291,53.291,0.72,0.73,0.27,0.28,0.01,0.01,77543.64,1777094452000
1777094453.997,53.997,0.72,0.73,0.27,0.28,0.01,0.01,77543.64,1777094452000
1777094455.048,55.048,0.72,0.73,0.26,0.28,0.01,0.02,77543.5,1777094453000
1777094455.434,55.434,0.72,0.73,0.27,0.28,0.01,0.01,77543.58,1777094454000
1777094455.87,55.87,0.72,0.73,0.27,0.28,0.01,0.01,77543.58,1777094454000
1777094456.272,56.272,0.71,0.72,0.27,0.29,0.01,0.02,77543.58,1777094455000
1777094457.136,57.136,0.71,0.72,0.28,0.29,0.01,0.01,77543.58,1777094455000
1777094457.824,57.824,0.71,0.72,0.28,0.29,0.01,0.01,77543.59,1777094456000
1777094458.264,58.264,0.71,0.72,0.28,0.29,0.01,0.01,77543.29,1777094457000
1777094458.727,58.727,0.7,0.72,0.28,0.29,0.02,0.01,77543.29,1777094457000
1777094459.144,59.144,0.7,0.71,0.28,0.3,0.01,0.02,77543.29,1777094457000
1777094459.575,59.575,0.7,0.71,0.29,0.3,0.01,0.01,77543.25,1777094458000
1777094459.928,59.928,0.71,0.72,0.28,0.29,0.01,0.01,77543.25,1777094458000
1777094460.425,60.425,0.71,0.72,0.28,0.29,0.01,0.01,77543.22,1777094459000
1777094460.875,60.875,0.71,0.72,0.28,0.29,0.01,0.01,77543.22,1777094459000
1777094461.371,61.371,0.71,0.72,0.28,0.29,0.01,0.01,77543.22,1777094459000
1777094461.765,61.765,0.71,0.72,0.28,0.29,0.01,0.01,77543.17,1777094460000
1777094462.338,62.338,0.71,0.72,0.28,0.29,0.01,0.01,77543.17,1777094461000
1777094462.818,62.818,0.71,0.72,0.28,0.29,0.01,0.01,77543.17,1777094461000
1777094463.2,63.2,0.71,0.72,0.28,0.29,0.01,0.01,77543.17,1777094461000
1777094463.663,63.663,0.71,0.72,0.28,0.29,0.01,0.01,77543.17,1777094461000
1777094464.05,64.05,0.71,0.72,0.28,0.29,0.01,0.01,77542.13,1777094462000
1777094464.481,64.481,0.69,0.7,0.3,0.31,0.01,0.01,77542.13,1777094462000
1777094465.024,65.024,0.68,0.69,0.3,0.32,0.01,0.02,77542.11,1777094463000
1777094465.386,65.386,0.68,0.69,0.31,0.32,0.01,0.01,77542.08,1777094464000
1777094465.78,65.78,0.68,0.69,0.31,0.32,0.01,0.01,77542.08,1777094464000
1777094466.332,66.332,0.68,0.69,0.31,0.32,0.01,0.01,77542.17,1777094465000
1777094466.867,66.867,0.68,0.69,0.31,0.32,0.01,0.01,77542.17,1777094465000
1777094467.738,67.738,0.68,0.69,0.31,0.32,0.01,0.01,77542.18,1777094466000
1777094468.392,68.392,0.68,0.69,0.31,0.32,0.01,0.01,77542.18,1777094467000
1777094468.809,68.809,0.68,0.69,0.31,0.32,0.01,0.01,77542.18,1777094467000
1777094469.294,69.294,0.68,0.69,0.31,0.32,0.01,0.01,77542.51,1777094468000
1777094469.642,69.642,0.68,0.69,0.31,0.32,0.01,0.01,77542.51,1777094468000
1777094470.129,70.129,0.69,0.7,0.31,0.32,0.01,0.01,77542.51,1777094468000
1777094471.201,71.201,0.69,0.7,0.3,0.31,0.01,0.01,77542.41,1777094469000
1777094471.759,71.759,0.69,0.7,0.3,0.31,0.01,0.01,77542.6,1777094470000
1777094472.242,72.242,0.7,0.71,0.29,0.31,0.01,0.02,77542.73,1777094471000
1777094472.719,72.719,0.71,0.73,0.28,0.29,0.02,0.01,77542.73,1777094471000
1777094473.987,73.987,0.72,0.73,0.27,0.28,0.01,0.01,77543.05,1777094473000
1777094474.42,74.42,0.71,0.72,0.28,0.29,0.01,0.01,77543.05,1777094473000
1777094475.056,75.056,0.71,0.72,0.28,0.29,0.01,0.01,77543.06,1777094474000
1777094475.535,75.535,0.7,0.71,0.29,0.3,0.01,0.01,77543.06,1777094474000
1777094476.222,76.222,0.7,0.71,0.29,0.3,0.01,0.01,77543.08,1777094475000
1777094477.2,77.2,0.7,0.73,0.29,0.3,0.03,0.01,77543.08,1777094475000
1777094477.544,77.544,0.71,0.72,0.27,0.3,0.01,0.03,77543.08,1777094475000
1777094478.0,78.0,0.71,0.72,0.28,0.29,0.01,0.01,77543.1,1777094476000
1777094478.549,78.549,0.72,0.73,0.27,0.28,0.01,0.01,77543.1,1777094476000
1777094478.974,78.974,0.72,0.73,0.27,0.28,0.01,0.01,77543.1,1777094477000
1777094479.866,79.866,0.72,0.73,0.27,0.28,0.01,0.01,77543.09,1777094478000
1777094480.574,80.574,0.72,0.73,0.27,0.28,0.01,0.01,77543.09,1777094479000
1777094481.12,81.12,0.72,0.73,0.27,0.28,0.01,0.01,77543.09,1777094479000
1777094481.898,81.898,0.71,0.72,0.27,0.28,0.01,0.01,77543.09,1777094480000
1777094482.393,82.393,0.71,0.72,0.28,0.29,0.01,0.01,77543.09,1777094481000
1777094482.897,82.897,0.71,0.72,0.28,0.29,0.01,0.01,77543.09,1777094481000
1777094483.757,83.757,0.71,0.73,0.28,0.29,0.02,0.01,77543.12,1777094482000
1777094484.129,84.129,0.72,0.73,0.27,0.28,0.01,0.01,77543.12,1777094482000
1777094484.597,84.597,0.72,0.73,0.27,0.28,0.01,0.01,77543.09,1777094483000
1777094484.973,84.973,0.7,0.71,0.27,0.3,0.01,0.03,77543.09,1777094483000
1777094485.394,85.394,0.7,0.71,0.29,0.3,0.01,0.01,77543.1,1777094484000
1777094485.841,85.841,0.7,0.71,0.29,0.3,0.01,0.01,77543.1,1777094484000
1777094486.431,86.431,0.7,0.71,0.29,0.3,0.01,0.01,77543.07,1777094485000
1777094486.929,86.929,0.7,0.71,0.29,0.3,0.01,0.01,77543.07,1777094485000
1777094487.301,87.301,0.7,0.71,0.29,0.3,0.01,0.01,77543.07,1777094485000
1777094487.636,87.636,0.7,0.71,0.29,0.3,0.01,0.01,77542.99,1777094486000
1777094487.991,87.991,0.7,0.71,0.29,0.3,0.01,0.01,77542.99,1777094486000
1777094488.384,88.384,0.69,0.7,0.29,0.31,0.01,0.02,77542.99,1777094487000
1777094488.9,88.9,0.69,0.7,0.3,0.31,0.01,0.01,77542.99,1777094487000
1777094489.307,89.307,0.7,0.71,0.29,0.31,0.01,0.02,77542.99,1777094487000
1777094489.772,89.772,0.63,0.64,0.36,0.37,0.01,0.01,77542.9,1777094488000
1777094490.128,90.128,0.64,0.66,0.35,0.36,0.02,0.01,77542.78,1777094489000
1777094490.667,90.667,0.66,0.67,0.33,0.35,0.01,0.02,77542.78,1777094489000
1777094491.001,91.001,0.66,0.67,0.33,0.34,0.01,0.01,77542.78,1777094489000
1777094491.473,91.473,0.66,0.67,0.33,0.34,0.01,0.01,77543.36,1777094490000
1777094491.93,91.93,0.67,0.68,0.32,0.33,0.01,0.01,77543.36,1777094490000
1777094492.295,92.295,0.67,0.68,0.32,0.33,0.01,0.01,77543.36,1777094490000
1777094492.867,92.867,0.67,0.68,0.32,0.33,0.01,0.01,77542.85,1777094491000
1777094493.214,93.214,0.67,0.68,0.32,0.33,0.01,0.01,77542.85,1777094491000
1777094493.551,93.551,0.67,0.68,0.32,0.33,0.01,0.01,77542.96,1777094492000
1777094494.0,94.0,0.67,0.68,0.32,0.33,0.01,0.01,77542.96,1777094492000
1777094494.989,94.989,0.67,0.68,0.32,0.33,0.01,0.01,77542.94,1777094493000
1777094495.694,95.694,0.67,0.68,0.32,0.33,0.01,0.01,77542.94,1777094493000
1777094496.037,96.037,0.67,0.68,0.32,0.33,0.01,0.01,77543.61,1777094494000
1777094496.681,96.681,0.67,0.68,0.32,0.33,0.01,0.01,77543.64,1777094495000
1777094497.014,97.014,0.67,0.68,0.32,0.33,0.01,0.01,77543.64,1777094495000
1777094497.384,97.384,0.67,0.68,0.32,0.33,0.01,0.01,77543.64,1777094495000
1777094498.338,98.338,0.67,0.68,0.32,0.33,0.01,0.01,77543.67,1777094496000
1777094499.073,99.073,0.67,0.68,0.32,0.33,0.01,0.01,77543.68,1777094498000
1777094499.522,99.522,0.67,0.68,0.32,0.33,0.01,0.01,77543.68,1777094498000
1777094500.172,100.172,0.66,0.67,0.32,0.33,0.01,0.01,77543.68,1777094498000
1777094500.512,100.512,0.66,0.68,0.33,0.34,0.02,0.01,77543.02,1777094499000
1777094501.041,101.041,0.67,0.68,0.32,0.34,0.01,0.02,77543.02,1777094499000
1777094501.67,101.67,0.67,0.68,0.32,0.33,0.01,0.01,77543.29,1777094500000
1777094502.252,102.252,0.67,0.68,0.32,0.33,0.01,0.01,77543.3,1777094501000
1777094502.606,102.606,0.67,0.68,0.32,0.33,0.01,0.01,77543.3,1777094501000
1777094503.401,103.401,0.67,0.68,0.32,0.33,0.01,0.01,77542.69,1777094502000
1777094504.111,104.111,0.67,0.68,0.32,0.33,0.01,0.01,77542.7,1777094503000
1777094504.521,104.521,0.68,0.69,0.32,0.33,0.01,0.01,77542.7,1777094503000
1777094505.618,105.618,0.68,0.69,0.31,0.32,0.01,0.01,77542.74,1777094504000
1777094506.293,106.293,0.68,0.69,0.31,0.32,0.01,0.01,77542.73,1777094505000
1777094506.872,106.872,0.69,0.7,0.3,0.31,0.01,0.01,77542.73,1777094505000
1777094507.659,107.659,0.69,0.7,0.3,0.31,0.01,0.01,77542.73,1777094505000
1777094508.293,108.293,0.69,0.7,0.3,0.31,0.01,0.01,77542.7,1777094507000
1777094508.778,108.778,0.7,0.71,0.29,0.3,0.01,0.01,77542.7,1777094507000
1777094509.837,109.837,0.7,0.71,0.29,0.3,0.01,0.01,77543.06,1777094508000
1777094510.524,110.524,0.7,0.71,0.29,0.3,0.01,0.01,77543.02,1777094509000
1777094510.858,110.858,0.71,0.72,0.29,0.3,0.01,0.01,77543.02,1777094509000
1777094511.323,111.323,0.71,0.72,0.28,0.29,0.01,0.01,77543.0,1777094510000
1777094511.681,111.681,0.71,0.72,0.28,0.29,0.01,0.01,77543.0,1777094510000
1777094512.287,112.287,0.71,0.72,0.28,0.29,0.01,0.01,77543.0,1777094510000
1777094513.071,113.071,0.71,0.72,0.28,0.29,0.01,0.01,77543.0,1777094511000
1777094513.544,113.544,0.71,0.72,0.28,0.29,0.01,0.01,77543.14,1777094512000
1777094514.024,114.024,0.71,0.72,0.28,0.29,0.01,0.01,77543.14,1777094512000
1777094514.393,114.393,0.71,0.72,0.28,0.29,0.01,0.01,77542.85,1777094513000
1777094514.772,114.772,0.71,0.72,0.28,0.29,0.01,0.01,77542.85,1777094513000
1777094515.239,115.239,0.71,0.72,0.28,0.29,0.01,0.01,77542.94,1777094514000
1777094515.931,115.931,0.71,0.72,0.28,0.29,0.01,0.01,77542.94,1777094514000
1777094516.418,116.418,0.71,0.72,0.28,0.29,0.01,0.01,77542.94,1777094515000
1777094516.787,116.787,0.71,0.72,0.28,0.29,0.01,0.01,77542.94,1777094515000
1777094517.179,117.179,0.71,0.72,0.28,0.29,0.01,0.01,77542.94,1777094515000
1777094518.022,118.022,0.71,0.72,0.28,0.29,0.01,0.01,77543.53,1777094517000
1777094518.399,118.399,0.71,0.72,0.28,0.29,0.01,0.01,77543.53,1777094517000
1777094519.101,119.101,0.7,0.72,0.28,0.3,0.02,0.02,77543.33,1777094518000
1777094519.594,119.594,0.7,0.71,0.29,0.3,0.01,0.01,77543.33,1777094518000
1777094520.251,120.251,0.7,0.71,0.29,0.3,0.01,0.01,77543.07,1777094519000
1777094520.894,120.894,0.7,0.71,0.29,0.3,0.01,0.01,77543.07,1777094519000
1777094521.267,121.267,0.7,0.71,0.29,0.3,0.01,0.01,77543.38,1777094520000
1777094521.61,121.61,0.7,0.71,0.29,0.3,0.01,0.01,77543.38,1777094520000
1777094522.059,122.059,0.71,0.72,0.28,0.29,0.01,0.01,77543.38,1777094520000
1777094522.426,122.426,0.71,0.72,0.28,0.29,0.01,0.01,77543.07,1777094521000
1777094523.03,123.03,0.71,0.72,0.28,0.29,0.01,0.01,77543.52,1777094522000
1777094523.496,123.496,0.71,0.72,0.28,0.3,0.01,0.02,77543.52,1777094522000
1777094524.092,124.092,0.71,0.72,0.28,0.29,0.01,0.01,77542.99,1777094523000
1777094525.219,125.219,0.71,0.72,0.28,0.29,0.01,0.01,77543.31,1777094524000
1777094525.652,125.652,0.71,0.72,0.28,0.29,0.01,0.01,77543.31,1777094524000
1777094526.352,126.352,0.71,0.72,0.28,0.29,0.01,0.01,77543.31,1777094524000
1777094526.688,126.688,0.71,0.72,0.28,0.29,0.01,0.01,77543.31,1777094524000
1777094527.172,127.172,0.71,0.72,0.28,0.29,0.01,0.01,77543.28,1777094525000
1777094527.672,127.672,0.71,0.72,0.28,0.29,0.01,0.01,77543.28,1777094526000
1777094528.123,128.123,0.71,0.72,0.28,0.29,0.01,0.01,77543.65,1777094527000
1777094529.429,129.429,0.71,0.73,0.27,0.29,0.02,0.02,77543.68,1777094528000
1777094529.765,129.765,0.71,0.72,0.28,0.29,0.01,0.01,77543.68,1777094528000
1777094530.293,130.293,0.71,0.72,0.28,0.29,0.01,0.01,77543.43,1777094529000
1777094530.725,130.725,0.71,0.72,0.28,0.29,0.01,0.01,77543.43,1777094529000
1777094531.251,131.251,0.71,0.72,0.28,0.29,0.01,0.01,77543.51,1777094530000
1777094531.825,131.825,0.71,0.72,0.28,0.29,0.01,0.01,77543.51,1777094530000
1777094532.39,132.39,0.71,0.72,0.28,0.29,0.01,0.01,77543.81,1777094531000
1777094532.931,132.931,0.71,0.72,0.28,0.29,0.01,0.01,77543.53,1777094532000
1777094533.363,133.363,0.71,0.72,0.28,0.29,0.01,0.01,77543.53,1777094532000
1777094534.556,134.556,0.71,0.72,0.28,0.29,0.01,0.01,77543.52,1777094533000
1777094535.098,135.098,0.71,0.72,0.28,0.29,0.01,0.01,77543.62,1777094534000
1777094535.446,135.446,0.71,0.72,0.28,0.29,0.01,0.01,77543.62,1777094534000
1777094536.246,136.246,0.71,0.72,0.28,0.29,0.01,0.01,77543.26,1777094535000
1777094536.739,136.739,0.71,0.72,0.28,0.29,0.01,0.01,77543.26,1777094535000
1777094537.304,137.304,0.7,0.71,0.28,0.29,0.01,0.01,77543.26,1777094535000
1777094537.74,137.74,0.7,0.71,0.29,0.3,0.01,0.01,77543.53,1777094536000
1777094538.391,138.391,0.7,0.71,0.29,0.3,0.01,0.01,77543.53,1777094536000
1777094539.105,139.105,0.7,0.71,0.29,0.3,0.01,0.01,77543.51,1777094538000
1777094539.72,139.72,0.7,0.71,0.29,0.3,0.01,0.01,77543.51,1777094538000
1777094540.181,140.181,0.7,0.71,0.29,0.3,0.01,0.01,77543.21,1777094539000
1777094540.649,140.649,0.7,0.71,0.29,0.3,0.01,0.01,77543.21,1777094539000
1777094541.397,141.397,0.7,0.71,0.29,0.3,0.01,0.01,77543.21,1777094539000
1777094541.82,141.82,0.7,0.71,0.29,0.3,0.01,0.01,77543.52,1777094540000
1777094543.06,143.06,0.7,0.71,0.29,0.3,0.01,0.01,77543.21,1777094541000
1777094543.566,143.566,0.7,0.71,0.29,0.3,0.01,0.01,77543.21,1777094541000
1777094544.266,144.266,0.7,0.71,0.29,0.3,0.01,0.01,77543.17,1777094543000
1777094544.696,144.696,0.7,0.71,0.29,0.3,0.01,0.01,77543.17,1777094543000
1777094545.447,145.447,0.7,0.71,0.29,0.3,0.01,0.01,77543.17,1777094544000
1777094546.066,146.066,0.7,0.71,0.29,0.3,0.01,0.01,77543.28,1777094545000
1777094546.469,146.469,0.7,0.71,0.29,0.3,0.01,0.01,77543.28,1777094545000
1777094546.979,146.979,0.7,0.71,0.29,0.3,0.01,0.01,77543.28,1777094545000
1777094547.352,147.352,0.7,0.71,0.29,0.3,0.01,0.01,77543.59,1777094546000
1777094547.837,147.837,0.7,0.71,0.29,0.3,0.01,0.01,77543.59,1777094546000
1777094548.216,148.216,0.7,0.71,0.29,0.3,0.01,0.01,77543.59,1777094546000
1777094549.49,149.49,0.7,0.71,0.29,0.3,0.01,0.01,77543.59,1777094547000
1777094550.088,150.088,0.7,0.71,0.29,0.3,0.01,0.01,77543.14,1777094549000
1777094550.52,150.52,0.7,0.71,0.29,0.3,0.01,0.01,77543.14,1777094549000
1777094551.027,151.027,0.7,0.71,0.29,0.3,0.01,0.01,77543.14,1777094549000
1777094551.915,151.915,0.7,0.71,0.29,0.3,0.01,0.01,77543.13,1777094550000
1777094552.339,152.339,0.7,0.71,0.29,0.3,0.01,0.01,77542.69,1777094551000
1777094552.749,152.749,0.69,0.7,0.3,0.31,0.01,0.01,77542.69,1777094551000
1777094553.156,153.156,0.69,0.7,0.3,0.31,0.01,0.01,77542.69,1777094551000
1777094553.49,153.49,0.69,0.7,0.3,0.31,0.01,0.01,77542.53,1777094552000
1777094554.019,154.019,0.69,0.7,0.3,0.31,0.01,0.01,77542.59,1777094553000
1777094554.47,154.47,0.69,0.7,0.3,0.31,0.01,0.01,77542.59,1777094553000
1777094554.818,154.818,0.69,0.7,0.3,0.31,0.01,0.01,77542.59,1777094553000
1777094555.21,155.21,0.69,0.7,0.3,0.31,0.01,0.01,77542.72,1777094554000
1777094556.167,156.167,0.69,0.7,0.3,0.31,0.01,0.01,77542.72,1777094554000
1777094557.753,157.753,0.69,0.7,0.3,0.31,0.01,0.01,77542.52,1777094555000
1777094558.612,158.612,0.69,0.7,0.3,0.31,0.01,0.01,77542.57,1777094557000
1777094559.087,159.087,0.69,0.7,0.3,0.31,0.01,0.01,77542.55,1777094558000
1777094559.46,159.46,0.71,0.72,0.28,0.29,0.01,0.01,77542.55,1777094558000
1777094560.232,160.232,0.71,0.72,0.28,0.29,0.01,0.01,77542.28,1777094559000
1777094560.673,160.673,0.71,0.72,0.28,0.29,0.01,0.01,77542.28,1777094559000
1777094561.284,161.284,0.71,0.72,0.28,0.29,0.01,0.01,77542.73,1777094560000
1777094562.006,162.006,0.71,0.73,0.28,0.29,0.02,0.01,77542.73,1777094560000
1777094562.766,162.766,0.71,0.72,0.27,0.29,0.01,0.02,77542.3,1777094561000
1777094563.26,163.26,0.71,0.72,0.28,0.29,0.01,0.01,77542.3,1777094561000
1777094564.158,164.158,0.71,0.72,0.28,0.29,0.01,0.01,77542.2,1777094562000
1777094564.592,164.592,0.71,0.72,0.28,0.29,0.01,0.01,77542.2,1777094563000
1777094565.328,165.328,0.71,0.72,0.28,0.29,0.01,0.01,77542.47,1777094564000
1777094565.723,165.723,0.71,0.72,0.28,0.29,0.01,0.01,77542.47,1777094564000
1777094566.125,166.125,0.71,0.72,0.28,0.29,0.01,0.01,77542.47,1777094564000
1777094566.939,166.939,0.71,0.72,0.28,0.29,0.01,0.01,77542.49,1777094566000
1777094567.383,167.383,0.71,0.72,0.28,0.29,0.01,0.01,77542.49,1777094566000
1777094568.015,168.015,0.71,0.74,0.26,0.29,0.03,0.03,77541.79,1777094567000
1777094568.429,168.429,0.73,0.74,0.26,0.27,0.01,0.01,77541.79,1777094567000
1777094569.07,169.07,0.73,0.74,0.26,0.27,0.01,0.01,77541.71,1777094568000
1777094569.586,169.586,0.73,0.74,0.26,0.27,0.01,0.01,77541.71,1777094568000
1777094570.127,170.127,0.73,0.74,0.26,0.27,0.01,0.01,77541.44,1777094569000
1777094571.011,171.011,0.73,0.74,0.26,0.27,0.01,0.01,77541.44,1777094569000
1777094571.795,171.795,0.73,0.74,0.26,0.27,0.01,0.01,77542.13,1777094570000
1777094572.216,172.216,0.73,0.74,0.26,0.27,0.01,0.01,77542.13,1777094570000
1777094572.601,172.601,0.73,0.74,0.26,0.27,0.01,0.01,77541.47,1777094571000
1777094572.951,172.951,0.73,0.74,0.26,0.27,0.01,0.01,77541.52,1777094572000
1777094573.303,173.303,0.72,0.74,0.26,0.27,0.02,0.01,77541.52,1777094572000
1777094573.733,173.733,0.72,0.73,0.26,0.28,0.01,0.02,77541.52,1777094572000
1777094574.216,174.216,0.72,0.73,0.27,0.28,0.01,0.01,77542.31,1777094573000
1777094575.317,175.317,0.72,0.73,0.27,0.28,0.01,0.01,77542.11,1777094574000
1777094575.685,175.685,0.72,0.73,0.27,0.28,0.01,0.01,77542.11,1777094574000
1777094576.383,176.383,0.72,0.73,0.27,0.28,0.01,0.01,77542.11,1777094574000
1777094576.985,176.985,0.72,0.73,0.27,0.28,0.01,0.01,77542.61,1777094576000
1777094577.346,177.346,0.72,0.73,0.27,0.28,0.01,0.01,77542.61,1777094576000
1777094577.852,177.852,0.72,0.73,0.27,0.28,0.01,0.01,77542.61,1777094576000
1777094578.47,178.47,0.72,0.73,0.27,0.28,0.01,0.01,77542.69,1777094577000
1777094578.822,178.822,0.72,0.73,0.27,0.28,0.01,0.01,77542.69,1777094577000
1777094579.287,179.287,0.72,0.73,0.27,0.28,0.01,0.01,77541.67,1777094578000
1777094579.73,179.73,0.71,0.73,0.27,0.28,0.02,0.01,77541.67,1777094578000
1777094580.075,180.075,0.71,0.72,0.28,0.29,0.01,0.01,77541.67,1777094578000
1777094580.517,180.517,0.7,0.71,0.28,0.3,0.01,0.02,77541.69,1777094579000
1777094580.935,180.935,0.7,0.71,0.29,0.3,0.01,0.01,77541.69,1777094579000
1777094581.286,181.286,0.7,0.71,0.29,0.3,0.01,0.01,77541.72,1777094580000
1777094581.706,181.706,0.7,0.71,0.29,0.3,0.01,0.01,77541.72,1777094580000
1777094582.471,182.471,0.7,0.71,0.29,0.3,0.01,0.01,77542.19,1777094581000
1777094583.086,183.086,0.7,0.71,0.29,0.3,0.01,0.01,77542.19,1777094582000
1777094583.486,183.486,0.7,0.71,0.29,0.3,0.01,0.01,77542.19,1777094582000
1777094583.877,183.877,0.7,0.71,0.29,0.3,0.01,0.01,77542.19,1777094582000
1777094584.225,184.225,0.7,0.71,0.29,0.3,0.01,0.01,77542.01,1777094583000
1777094584.676,184.676,0.68,0.69,0.31,0.32,0.01,0.01,77542.01,1777094583000
1777094585.321,185.321,0.68,0.69,0.31,0.32,0.01,0.01,77542.01,1777094583000
1777094585.837,185.837,0.68,0.69,0.31,0.32,0.01,0.01,77543.28,1777094584000
1777094586.2,186.2,0.68,0.7,0.3,0.32,0.02,0.02,77542.12,1777094585000
1777094586.534,186.534,0.69,0.7,0.3,0.31,0.01,0.01,77542.12,1777094585000
1777094586.911,186.911,0.69,0.7,0.3,0.31,0.01,0.01,77542.12,1777094585000
1777094587.326,187.326,0.69,0.7,0.3,0.31,0.01,0.01,77542.12,1777094585000
1777094587.794,187.794,0.69,0.7,0.3,0.31,0.01,0.01,77542.12,1777094586000
1777094588.265,188.265,0.69,0.7,0.3,0.31,0.01,0.01,77542.12,1777094587000
1777094588.671,188.671,0.69,0.7,0.3,0.31,0.01,0.01,77542.12,1777094587000
1777094589.153,189.153,0.69,0.71,0.3,0.31,0.02,0.01,77542.12,1777094587000
1777094589.624,189.624,0.7,0.71,0.29,0.3,0.01,0.01,77543.38,1777094588000
1777094590.265,190.265,0.7,0.71,0.29,0.3,0.01,0.01,77542.17,1777094589000
1777094591.441,191.441,0.7,0.73,0.29,0.3,0.03,0.01,77542.17,1777094589000
1777094591.838,191.838,0.7,0.79,0.21,0.3,0.09,0.09,77542.17,1777094590000
1777094592.319,192.319,0.75,0.79,0.21,0.25,0.04,0.04,77542.28,1777094591000
1777094592.906,192.906,0.75,0.77,0.24,0.25,0.02,0.01,77542.28,1777094591000
1777094593.241,193.241,0.75,0.77,0.23,0.25,0.02,0.02,77542.28,1777094591000
1777094593.588,193.588,0.76,0.77,0.23,0.24,0.01,0.01,77543.48,1777094592000
1777094594.129,194.129,0.77,0.78,0.22,0.23,0.01,0.01,77543.48,1777094592000
1777094594.531,194.531,0.77,0.78,0.22,0.23,0.01,0.01,77543.66,1777094593000
1777094594.879,194.879,0.78,0.81,0.19,0.22,0.03,0.03,77543.66,1777094593000
1777094595.223,195.223,0.85,0.86,0.14,0.15,0.01,0.01,77543.66,1777094593000
1777094595.625,195.625,0.85,0.86,0.14,0.15,0.01,0.01,77544.34,1777094594000
1777094596.056,196.056,0.85,0.86,0.14,0.15,0.01,0.01,77544.34,1777094594000
1777094596.659,196.659,0.86,0.87,0.13,0.14,0.01,0.01,77544.34,1777094594000
1777094597.227,197.227,0.87,0.88,0.12,0.13,0.01,0.01,77546.81,1777094595000
1777094598.155,198.155,0.87,0.88,0.12,0.13,0.01,0.01,77549.2,1777094597000
1777094598.9,198.9,0.87,0.88,0.12,0.13,0.01,0.01,77549.2,1777094597000
1777094599.273,199.273,0.87,0.89,0.11,0.13,0.02,0.02,77549.2,1777094597000
1777094599.693,199.693,0.88,0.89,0.11,0.12,0.01,0.01,77551.95,1777094598000
1777094600.071,200.071,0.89,0.9,0.11,0.12,0.01,0.01,77551.95,1777094598000
1777094600.444,200.444,0.89,0.9,0.1,0.11,0.01,0.01,77552.04,1777094599000
1777094600.833,200.833,0.89,0.9,0.1,0.11,0.01,0.01,77552.04,1777094599000
1777094601.227,201.227,0.89,0.9,0.1,0.11,0.01,0.01,77552.04,1777094599000
1777094601.766,201.766,0.89,0.9,0.1,0.11,0.01,0.01,77552.36,1777094600000
1777094602.127,202.127,0.9,0.91,0.09,0.1,0.01,0.01,77552.36,1777094600000
1777094602.662,202.662,0.9,0.91,0.09,0.1,0.01,0.01,77552.39,1777094601000
1777094603.458,203.458,0.91,0.92,0.09,0.1,0.01,0.01,77552.39,1777094601000
1777094604.008,204.008,0.91,0.94,0.06,0.09,0.03,0.03,77554.25,1777094602000
1777094604.367,204.367,0.92,0.94,0.06,0.09,0.02,0.03,77555.05,1777094603000
1777094605.255,205.255,0.92,0.93,0.06,0.08,0.01,0.02,77555.05,1777094603000
1777094605.701,205.701,0.92,0.93,0.07,0.08,0.01,0.01,77555.08,1777094604000
1777094606.051,206.051,0.92,0.93,0.07,0.08,0.01,0.01,77554.7,1777094605000
1777094606.399,206.399,0.92,0.93,0.07,0.08,0.01,0.01,77554.7,1777094605000
1777094606.928,206.928,0.92,0.93,0.07,0.08,0.01,0.01,77554.7,1777094605000
1777094607.353,207.353,0.94,0.95,0.05,0.07,0.01,0.02,77554.69,1777094606000
1777094607.69,207.69,0.94,0.95,0.05,0.06,0.01,0.01,77554.69,1777094606000
1777094608.046,208.046,0.94,0.95,0.05,0.06,0.01,0.01,77554.69,1777094606000
1777094608.677,208.677,0.94,0.95,0.05,0.06,0.01,0.01,77554.28,1777094607000
1777094609.216,209.216,0.94,0.95,0.05,0.06,0.01,0.01,77554.28,1777094607000
1777094609.586,209.586,0.94,0.95,0.05,0.06,0.01,0.01,77553.19,1777094608000
1777094610.395,210.395,0.93,0.94,0.06,0.07,0.01,0.01,77552.62,1777094609000
1777094610.923,210.923,0.93,0.94,0.06,0.07,0.01,0.01,77551.2,1777094610000
1777094611.504,211.504,0.93,0.94,0.06,0.07,0.01,0.01,77551.2,1777094610000
1777094611.919,211.919,0.86,0.93,0.06,0.13,0.07,0.07,77551.2,1777094610000
1777094612.313,212.313,0.87,0.93,0.12,0.14,0.06,0.02,77551.13,1777094611000
1777094612.673,212.673,0.89,0.92,0.08,0.11,0.03,0.03,77551.13,1777094611000
1777094613.062,213.062,0.89,0.91,0.08,0.12,0.02,0.04,77551.13,1777094611000
1777094613.436,213.436,0.9,0.91,0.09,0.1,0.01,0.01,77550.77,1777094612000
1777094614.077,214.077,0.9,0.91,0.09,0.1,0.01,0.01,77550.77,1777094612000
1777094614.418,214.418,0.9,0.91,0.09,0.1,0.01,0.01,77554.19,1777094613000
1777094614.837,214.837,0.9,0.91,0.09,0.1,0.01,0.01,77554.19,1777094613000
1777094615.206,215.206,0.9,0.91,0.09,0.1,0.01,0.01,77554.19,1777094613000
1777094615.543,215.543,0.89,0.9,0.1,0.11,0.01,0.01,77554.63,1777094614000
1777094615.883,215.883,0.89,0.9,0.1,0.11,0.01,0.01,77554.63,1777094614000
1777094616.3,216.3,0.89,0.9,0.1,0.11,0.01,0.01,77554.63,1777094614000
1777094617.369,217.369,0.89,0.9,0.1,0.11,0.01,0.01,77553.25,1777094616000
1777094617.706,217.706,0.89,0.9,0.1,0.11,0.01,0.01,77553.25,1777094616000
1777094618.05,218.05,0.9,0.91,0.09,0.1,0.01,0.01,77553.25,1777094616000
1777094618.421,218.421,0.9,0.91,0.09,0.1,0.01,0.01,77553.25,1777094616000
1777094618.844,218.844,0.91,0.92,0.09,0.1,0.01,0.01,77553.17,1777094617000
1777094619.214,219.214,0.91,0.92,0.08,0.09,0.01,0.01,77553.17,1777094617000
1777094619.575,219.575,0.91,0.92,0.08,0.09,0.01,0.01,77550.54,1777094618000
1777094619.936,219.936,0.9,0.91,0.09,0.1,0.01,0.01,77550.54,1777094618000
1777094620.307,220.307,0.9,0.91,0.09,0.1,0.01,0.01,77550.54,1777094618000
1777094620.802,220.802,0.9,0.91,0.09,0.1,0.01,0.01,77553.34,1777094619000
1777094621.171,221.171,0.9,0.91,0.09,0.1,0.01,0.01,77554.53,1777094620000
1777094621.52,221.52,0.9,0.91,0.09,0.1,0.01,0.01,77554.53,1777094620000
1777094621.861,221.861,0.9,0.91,0.09,0.1,0.01,0.01,77554.53,1777094620000
1777094622.921,222.921,0.9,0.91,0.08,0.1,0.01,0.02,77553.51,1777094621000
1777094623.274,223.274,0.9,0.91,0.09,0.1,0.01,0.01,77553.24,1777094622000
1777094623.712,223.712,0.77,0.79,0.21,0.23,0.02,0.02,77553.24,1777094622000
1777094624.115,224.115,0.77,0.78,0.22,0.23,0.01,0.01,77552.42,1777094623000
1777094624.473,224.473,0.77,0.78,0.22,0.23,0.01,0.01,77552.42,1777094623000
1777094624.858,224.858,0.77,0.78,0.22,0.23,0.01,0.01,77548.32,1777094624000
1777094625.382,225.382,0.77,0.78,0.22,0.23,0.01,0.01,77548.32,1777094624000
1777094625.715,225.715,0.77,0.78,0.22,0.23,0.01,0.01,77548.32,1777094624000
1777094626.297,226.297,0.77,0.78,0.22,0.23,0.01,0.01,77545.62,1777094625000
1777094626.672,226.672,0.77,0.78,0.22,0.23,0.01,0.01,77545.62,1777094625000
1777094627.119,227.119,0.77,0.78,0.22,0.23,0.01,0.01,77545.62,1777094625000
1777094627.47,227.47,0.77,0.78,0.22,0.23,0.01,0.01,77545.27,1777094626000
1777094628.298,228.298,0.77,0.78,0.22,0.23,0.01,0.01,77545.07,1777094627000
1777094628.719,228.719,0.77,0.78,0.22,0.23,0.01,0.01,77545.07,1777094627000
1777094629.302,229.302,0.77,0.78,0.22,0.23,0.01,0.01,77545.07,1777094628000
1777094629.813,229.813,0.77,0.78,0.22,0.23,0.01,0.01,77545.07,1777094628000
1777094630.233,230.233,0.77,0.78,0.22,0.23,0.01,0.01,77544.8,1777094629000
1777094630.665,230.665,0.77,0.78,0.22,0.23,0.01,0.01,77544.8,1777094629000
1777094631.234,231.234,0.77,0.78,0.22,0.23,0.01,0.01,77544.8,1777094630000
1777094631.602,231.602,0.77,0.78,0.22,0.23,0.01,0.01,77544.8,1777094630000
1777094632.139,232.139,0.77,0.78,0.22,0.23,0.01,0.01,77544.8,1777094630000
1777094632.486,232.486,0.77,0.78,0.22,0.23,0.01,0.01,77544.63,1777094631000
1777094633.307,233.307,0.77,0.78,0.22,0.23,0.01,0.01,77544.63,1777094631000
1777094633.905,233.905,0.77,0.78,0.22,0.23,0.01,0.01,77545.33,1777094632000
1777094634.57,234.57,0.77,0.78,0.22,0.23,0.01,0.01,77545.27,1777094633000
1777094635.202,235.202,0.77,0.78,0.22,0.23,0.01,0.01,77545.07,1777094634000
1777094635.889,235.889,0.77,0.78,0.22,0.23,0.01,0.01,77545.07,1777094634000
1777094636.223,236.223,0.77,0.78,0.22,0.23,0.01,0.01,77545.07,1777094634000
1777094636.575,236.575,0.77,0.78,0.22,0.23,0.01,0.01,77545.07,1777094634000
1777094636.957,236.957,0.77,0.78,0.22,0.23,0.01,0.01,77545.07,1777094635000
1777094637.566,237.566,0.77,0.78,0.22,0.23,0.01,0.01,77545.1,1777094636000
1777094638.605,238.605,0.77,0.78,0.22,0.23,0.01,0.01,77545.17,1777094637000
1777094639.128,239.128,0.77,0.78,0.22,0.23,0.01,0.01,77545.17,1777094637000
1777094639.58,239.58,0.77,0.78,0.22,0.23,0.01,0.01,77545.17,1777094638000
1777094639.915,239.915,0.77,0.78,0.22,0.23,0.01,0.01,77545.17,1777094638000
1777094640.446,240.446,0.78,0.81,0.22,0.23,0.03,0.01,77545.17,1777094638000
1777094640.865,240.865,0.82,0.84,0.17,0.2,0.02,0.03,77545.15,1777094639000
1777094641.206,241.206,0.83,0.92,0.08,0.17,0.09,0.09,77544.68,1777094640000
1777094641.575,241.575,0.87,0.88,0.12,0.13,0.01,0.01,77544.68,1777094640000
1777094641.965,241.965,0.87,0.88,0.12,0.13,0.01,0.01,77544.68,1777094640000
1777094642.461,242.461,0.87,0.88,0.12,0.13,0.01,0.01,77544.68,1777094640000
1777094642.921,242.921,0.87,0.88,0.12,0.13,0.01,0.01,77544.71,1777094641000
1777094643.296,243.296,0.87,0.88,0.12,0.13,0.01,0.01,77544.71,1777094642000
1777094643.768,243.768,0.87,0.9,0.12,0.13,0.03,0.01,77544.71,1777094642000
1777094644.599,244.599,0.89,0.9,0.1,0.11,0.01,0.01,77544.71,1777094642000
1777094645.015,245.015,0.89,0.9,0.1,0.11,0.01,0.01,77545.45,1777094643000
1777094645.357,245.357,0.89,0.9,0.1,0.11,0.01,0.01,77547.59,1777094644000
1777094645.818,245.818,0.9,0.91,0.09,0.1,0.01,0.01,77547.59,1777094644000
1777094646.487,246.487,0.9,0.91,0.09,0.1,0.01,0.01,77547.59,1777094645000
1777094647.031,247.031,0.85,0.86,0.11,0.12,0.01,0.01,77547.59,1777094645000
1777094647.413,247.413,0.85,0.86,0.14,0.15,0.01,0.01,77547.59,1777094645000
1777094647.966,247.966,0.86,0.87,0.14,0.15,0.01,0.01,77545.39,1777094646000
1777094648.302,248.302,0.86,0.89,0.13,0.14,0.03,0.01,77545.39,1777094646000
1777094648.767,248.767,0.89,0.9,0.11,0.14,0.01,0.03,77547.55,1777094647000
1777094649.369,249.369,0.89,0.9,0.1,0.11,0.01,0.01,77547.55,1777094648000
1777094649.833,249.833,0.89,0.9,0.1,0.11,0.01,0.01,77547.55,1777094648000
1777094650.332,250.332,0.88,0.9,0.1,0.12,0.02,0.02,77545.31,1777094649000
1777094650.995,250.995,0.93,0.94,0.06,0.09,0.01,0.03,77545.31,1777094649000
1777094651.352,251.352,0.93,0.94,0.06,0.07,0.01,0.01,77545.3,1777094650000
1777094651.687,251.687,0.93,0.94,0.06,0.07,0.01,0.01,77545.3,1777094650000
1777094652.166,252.166,0.93,0.94,0.06,0.07,0.01,0.01,77547.55,1777094651000
1777094652.589,252.589,0.93,0.94,0.06,0.07,0.01,0.01,77547.55,1777094651000
1777094653.19,253.19,0.92,0.93,0.07,0.08,0.01,0.01,77545.54,1777094652000
1777094653.807,253.807,0.92,0.93,0.07,0.08,0.01,0.01,77545.54,1777094652000
1777094654.143,254.143,0.86,0.87,0.12,0.14,0.01,0.02,77545.54,1777094652000
1777094654.658,254.658,0.86,0.87,0.13,0.14,0.01,0.01,77545.33,1777094653000
1777094654.991,254.991,0.86,0.87,0.13,0.14,0.01,0.01,77545.33,1777094653000
1777094655.412,255.412,0.86,0.87,0.13,0.14,0.01,0.01,77545.32,1777094654000
1777094656.006,256.006,0.86,0.87,0.13,0.14,0.01,0.01,77545.32,1777094654000
1777094656.514,256.514,0.86,0.87,0.13,0.14,0.01,0.01,77545.3,1777094655000
1777094656.895,256.895,0.86,0.87,0.13,0.14,0.01,0.01,77545.3,1777094655000
1777094657.246,257.246,0.87,0.88,0.12,0.13,0.01,0.01,77545.32,1777094656000
1777094658.047,258.047,0.87,0.88,0.12,0.13,0.01,0.01,77545.32,1777094656000
1777094658.983,258.983,0.87,0.89,0.12,0.13,0.02,0.01,77547.56,1777094657000
1777094659.454,259.454,0.88,0.89,0.11,0.13,0.01,0.02,77545.33,1777094658000
1777094660.21,260.21,0.88,0.89,0.11,0.12,0.01,0.01,77545.33,1777094658000
1777094660.609,260.609,0.88,0.89,0.11,0.12,0.01,0.01,77545.3,1777094659000
1777094661.176,261.176,0.88,0.89,0.11,0.12,0.01,0.01,77545.3,1777094659000
1777094661.561,261.561,0.88,0.89,0.11,0.12,0.01,0.01,77547.57,1777094660000
1777094661.934,261.934,0.88,0.89,0.11,0.12,0.01,0.01,77547.57,1777094660000
1777094662.309,262.309,0.88,0.89,0.11,0.12,0.01,0.01,77545.31,1777094661000
1777094662.817,262.817,0.88,0.89,0.11,0.12,0.01,0.01,77545.31,1777094661000
1777094663.17,263.17,0.88,0.89,0.11,0.12,0.01,0.01,77545.31,1777094662000
1777094663.517,263.517,0.88,0.89,0.11,0.12,0.01,0.01,77545.31,1777094662000
1777094664.01,264.01,0.88,0.89,0.11,0.12,0.01,0.01,77545.31,1777094663000
1777094664.573,264.573,0.89,0.9,0.11,0.12,0.01,0.01,77545.31,1777094663000
1777094665.174,265.174,0.89,0.93,0.1,0.11,0.04,0.01,77545.31,1777094663000
1777094665.663,265.663,0.92,0.93,0.07,0.08,0.01,0.01,77545.31,1777094664000
1777094666.104,266.104,0.92,0.93,0.07,0.08,0.01,0.01,77545.31,1777094664000
1777094667.101,267.101,0.92,0.93,0.07,0.08,0.01,0.01,77545.25,1777094666000
1777094667.486,267.486,0.93,0.94,0.06,0.07,0.01,0.01,77545.25,1777094666000
1777094667.891,267.891,0.93,0.94,0.06,0.07,0.01,0.01,77545.25,1777094666000
1777094668.762,268.762,0.93,0.94,0.06,0.07,0.01,0.01,77545.17,1777094667000
1777094669.138,269.138,0.93,0.94,0.06,0.07,0.01,0.01,77545.17,1777094667000
1777094669.482,269.482,0.93,0.94,0.06,0.07,0.01,0.01,77545.17,1777094667000
1777094670.172,270.172,0.93,0.94,0.06,0.07,0.01,0.01,77547.58,1777094669000
1777094670.535,270.535,0.93,0.94,0.06,0.07,0.01,0.01,77547.58,1777094669000
1777094670.892,270.892,0.93,0.94,0.06,0.07,0.01,0.01,77547.58,1777094669000
1777094671.255,271.255,0.93,0.94,0.06,0.07,0.01,0.01,77547.58,1777094670000
1777094671.665,271.665,0.94,0.95,0.05,0.06,0.01,0.01,77547.58,1777094670000
1777094672.123,272.123,0.94,0.95,0.05,0.06,0.01,0.01,77547.58,1777094670000
1777094672.585,272.585,0.94,0.95,0.05,0.06,0.01,0.01,77545.26,1777094671000
1777094672.979,272.979,0.94,0.95,0.05,0.06,0.01,0.01,77545.26,1777094671000
1777094673.323,273.323,0.94,0.95,0.05,0.06,0.01,0.01,77545.26,1777094671000
1777094673.76,273.76,0.95,0.96,0.04,0.06,0.01,0.02,77545.24,1777094672000
1777094674.325,274.325,0.95,0.96,0.04,0.05,0.01,0.01,77545.25,1777094673000
1777094674.775,274.775,0.95,0.96,0.04,0.05,0.01,0.01,77545.25,1777094673000
1777094675.234,275.234,0.95,0.96,0.04,0.05,0.01,0.01,77545.26,1777094674000
1777094675.575,275.575,0.95,0.96,0.04,0.05,0.01,0.01,77545.26,1777094674000
1777094675.924,275.924,0.95,0.96,0.04,0.05,0.01,0.01,77545.26,1777094674000
1777094676.373,276.373,0.95,0.96,0.04,0.05,0.01,0.01,77545.25,1777094675000
1777094676.995,276.995,0.95,0.96,0.04,0.05,0.01,0.01,77545.34,1777094676000
1777094677.393,277.393,0.96,0.97,0.03,0.05,0.01,0.02,77545.34,1777094676000
1777094677.825,277.825,0.95,0.96,0.03,0.06,0.01,0.03,77545.34,1777094676000
1777094678.204,278.204,0.95,0.96,0.04,0.05,0.01,0.01,77545.34,1777094676000
1777094678.612,278.612,0.96,0.97,0.03,0.04,0.01,0.01,77547.59,1777094677000
1777094678.953,278.953,0.96,0.97,0.03,0.04,0.01,0.01,77547.59,1777094677000
1777094679.288,279.288,0.96,0.97,0.03,0.04,0.01,0.01,77545.34,1777094678000
1777094679.775,279.775,0.96,0.97,0.03,0.04,0.01,0.01,77545.34,1777094678000
1777094680.343,280.343,0.96,0.97,0.03,0.04,0.01,0.01,77545.34,1777094679000
1777094680.727,280.727,0.96,0.97,0.03,0.04,0.01,0.01,77545.34,1777094679000
1777094681.085,281.085,0.96,0.97,0.03,0.04,0.01,0.01,77545.58,1777094680000
1777094681.433,281.433,0.96,0.97,0.03,0.04,0.01,0.01,77545.58,1777094680000
1777094681.799,281.799,0.96,0.97,0.03,0.04,0.01,0.01,77545.58,1777094680000
1777094682.142,282.142,0.96,0.97,0.03,0.04,0.01,0.01,77545.58,1777094681000
1777094682.615,282.615,0.96,0.97,0.03,0.04,0.01,0.01,77545.58,1777094681000
1777094683.139,283.139,0.96,0.97,0.03,0.04,0.01,0.01,77545.47,1777094682000
1777094683.538,283.538,0.96,0.97,0.03,0.04,0.01,0.01,77545.47,1777094682000
1777094683.996,283.996,0.96,0.97,0.03,0.04,0.01,0.01,77545.47,1777094682000
1777094684.594,284.594,0.96,0.97,0.03,0.04,0.01,0.01,77545.47,1777094683000
1777094685.005,285.005,0.96,0.97,0.03,0.04,0.01,0.01,77545.47,1777094683000
1777094685.48,285.48,0.95,0.97,0.03,0.04,0.02,0.01,77548.55,1777094684000
1777094685.997,285.997,0.96,0.97,0.03,0.04,0.01,0.01,77548.55,1777094684000
1777094686.499,286.499,0.96,0.97,0.03,0.04,0.01,0.01,77548.19,1777094685000
1777094687.01,287.01,0.96,0.97,0.03,0.04,0.01,0.01,77548.19,1777094685000
1777094687.661,287.661,0.96,0.97,0.03,0.04,0.01,0.01,77547.4,1777094686000
1777094688.179,288.179,0.96,0.97,0.03,0.04,0.01,0.01,77547.4,1777094686000
1777094688.623,288.623,0.96,0.97,0.03,0.04,0.01,0.01,77549.53,1777094687000
1777094688.981,288.981,0.96,0.97,0.03,0.04,0.01,0.01,77549.53,1777094687000
1777094689.36,289.36,0.96,0.97,0.03,0.04,0.01,0.01,77547.4,1777094688000
1777094689.725,289.725,0.96,0.97,0.03,0.04,0.01,0.01,77547.4,1777094688000
1777094690.402,290.402,0.96,0.97,0.03,0.04,0.01,0.01,77547.35,1777094689000
1777094690.749,290.749,0.97,0.98,0.02,0.03,0.01,0.01,77547.35,1777094689000
1777094691.239,291.239,0.97,0.98,0.02,0.03,0.01,0.01,77547.35,1777094689000
1777094691.63,291.63,0.97,0.98,0.02,0.03,0.01,0.01,77547.35,1777094690000
1777094692.18,292.18,0.97,0.98,0.02,0.03,0.01,0.01,77547.35,1777094690000
1777094692.62,292.62,0.97,0.98,0.02,0.03,0.01,0.01,77549.53,1777094691000
1777094693.074,293.074,0.97,0.98,0.02,0.03,0.01,0.01,77549.53,1777094692000
1777094693.42,293.42,0.97,0.98,0.02,0.03,0.01,0.01,77549.53,1777094692000
1777094693.923,293.923,0.98,0.99,0.01,0.02,0.01,0.01,77549.53,1777094692000
1777094694.381,294.381,0.98,0.99,0.01,0.02,0.01,0.01,77549.53,1777094693000
1777094694.786,294.786,0.98,0.99,0.01,0.02,0.01,0.01,77549.53,1777094693000
1777094695.129,295.129,0.98,0.99,0.01,0.02,0.01,0.01,77549.53,1777094694000
1777094695.462,295.462,0.98,0.99,0.01,0.02,0.01,0.01,77549.53,1777094694000
1777094695.846,295.846,0.98,0.99,0.01,0.02,0.01,0.01,77549.53,1777094694000
1777094696.18,296.18,0.98,0.99,0.01,0.02,0.01,0.01,77549.53,1777094694000
1777094696.56,296.56,0.98,0.99,0.01,0.02,0.01,0.01,77547.31,1777094695000
1777094697.047,297.047,0.99,0.99,0.01,0.02,0.0,0.01,77547.31,1777094695000
1777094697.533,297.533,0.99,0.99,0.01,0.01,0.0,0.0,77549.53,1777094696000
1777094698.427,298.427,0.99,0.99,0.01,0.01,0.0,0.0,77549.53,1777094696000
1777094699.031,299.031,0.99,0.99,0.01,0.01,0.0,0.0,77549.54,1777094698000
1777094699.49,299.49,0.99,0.99,0.01,0.01,0.0,0.0,77549.54,1777094698000
1777094700.084,300.084,0.99,0.99,0.01,0.01,0.0,0.0,77548.43,1777094699000
1777094700.42,300.42,0.99,0.99,0.01,0.01,0.0,0.0,77548.43,1777094699000
1777094700.779,300.779,0.99,0.99,0.01,0.01,0.0,0.0,77548.43,1777094699000
1777094701.235,301.235,0.99,0.99,0.01,0.01,0.0,0.0,77547.49,1777094700000
1777094702.37,302.37,0.99,0.99,0.01,0.01,0.0,0.0,77549.54,1777094701000
1777094702.932,302.932,0.99,0.99,0.01,0.01,0.0,0.0,77549.54,1777094702000

# RESULT,winner=Up,slug=btc-updown-5m-1777094400,ticks=600
