timestamp,elapsed_sec,up_bid,up_ask,down_bid,down_ask,up_spread,down_spread,btc_price,btc_oracle_ts
1776627600.514,0.514,0.49,0.5,0.5,0.51,0.01,0.01,75005.38,1776627599000
1776627600.981,0.981,0.49,0.5,0.5,0.51,0.01,0.01,75005.38,1776627599000
1776627601.32,1.32,0.49,0.5,0.5,0.51,0.01,0.01,75005.38,1776627599000
1776627601.969,1.969,0.49,0.5,0.5,0.51,0.01,0.01,75005.45,1776627600000
1776627602.357,2.357,0.49,0.5,0.5,0.51,0.01,0.01,75005.45,1776627600000
1776627602.891,2.891,0.49,0.5,0.5,0.51,0.01,0.01,75005.45,1776627600000
1776627603.427,3.427,0.49,0.5,0.5,0.51,0.01,0.01,75005.58,1776627602000
1776627603.863,3.863,0.49,0.5,0.5,0.51,0.01,0.01,75005.58,1776627602000
1776627604.632,4.632,0.45,0.46,0.52,0.55,0.01,0.03,75005.56,1776627603000
1776627605.324,5.324,0.45,0.46,0.54,0.55,0.01,0.01,75005.56,1776627603000
1776627605.662,5.662,0.44,0.45,0.55,0.56,0.01,0.01,75005.59,1776627604000
1776627606.209,6.209,0.44,0.45,0.55,0.56,0.01,0.01,75005.59,1776627604000
1776627606.597,6.597,0.44,0.45,0.55,0.56,0.01,0.01,75002.95,1776627605000
1776627607.058,7.058,0.44,0.45,0.55,0.56,0.01,0.01,75002.95,1776627605000
1776627607.499,7.499,0.44,0.45,0.55,0.56,0.01,0.01,75002.95,1776627605000
1776627608.165,8.165,0.44,0.45,0.55,0.56,0.01,0.01,75001.85,1776627606000
1776627608.668,8.668,0.44,0.45,0.55,0.56,0.01,0.01,75001.85,1776627606000
1776627609.045,9.045,0.44,0.45,0.55,0.56,0.01,0.01,75001.39,1776627607000
1776627609.444,9.444,0.44,0.45,0.55,0.56,0.01,0.01,75001.35,1776627608000
1776627609.93,9.93,0.44,0.45,0.55,0.56,0.01,0.01,75001.35,1776627608000
1776627610.271,10.271,0.44,0.45,0.55,0.56,0.01,0.01,75001.35,1776627609000
1776627611.012,11.012,0.44,0.45,0.55,0.56,0.01,0.01,75001.35,1776627609000
1776627611.388,11.388,0.44,0.45,0.55,0.56,0.01,0.01,74995.37,1776627610000
1776627611.782,11.782,0.44,0.45,0.55,0.56,0.01,0.01,74995.37,1776627610000
1776627612.159,12.159,0.44,0.45,0.55,0.56,0.01,0.01,75001.42,1776627611000
1776627612.637,12.637,0.45,0.46,0.54,0.56,0.01,0.02,75001.42,1776627611000
1776627613.022,13.022,0.45,0.46,0.54,0.55,0.01,0.01,75001.42,1776627611000
1776627613.396,13.396,0.45,0.46,0.54,0.55,0.01,0.01,75001.64,1776627612000
1776627614.299,14.299,0.45,0.46,0.54,0.55,0.01,0.01,75001.64,1776627612000
1776627614.745,14.745,0.45,0.47,0.54,0.55,0.02,0.01,75001.74,1776627613000
1776627615.129,15.129,0.46,0.47,0.53,0.54,0.01,0.01,75001.74,1776627613000
1776627615.673,15.673,0.46,0.47,0.53,0.54,0.01,0.01,74997.8,1776627614000
1776627616.514,16.514,0.42,0.43,0.55,0.57,0.01,0.02,75001.67,1776627615000
1776627616.854,16.854,0.37,0.38,0.62,0.63,0.01,0.01,75001.67,1776627615000
1776627617.191,17.191,0.32,0.38,0.62,0.67,0.06,0.05,75001.67,1776627615000
1776627617.526,17.526,0.32,0.35,0.65,0.68,0.03,0.03,75001.67,1776627615000
1776627617.866,17.866,0.33,0.34,0.66,0.67,0.01,0.01,75001.95,1776627616000
1776627618.203,18.203,0.32,0.33,0.67,0.68,0.01,0.01,75001.95,1776627616000
1776627618.564,18.564,0.32,0.33,0.67,0.68,0.01,0.01,74995.6,1776627617000
1776627618.905,18.905,0.32,0.33,0.67,0.68,0.01,0.01,74995.6,1776627617000
1776627619.279,19.279,0.32,0.33,0.67,0.68,0.01,0.01,74995.6,1776627617000
1776627619.644,19.644,0.32,0.33,0.67,0.68,0.01,0.01,74984.1,1776627618000
1776627620.038,20.038,0.32,0.33,0.67,0.68,0.01,0.01,74984.1,1776627618000
1776627620.445,20.445,0.32,0.33,0.67,0.68,0.01,0.01,74981.88,1776627619000
1776627620.953,20.953,0.32,0.33,0.67,0.68,0.01,0.01,74981.88,1776627619000
1776627621.306,21.306,0.36,0.41,0.6,0.64,0.05,0.04,74981.34,1776627620000
1776627621.642,21.642,0.4,0.41,0.59,0.6,0.01,0.01,74981.34,1776627620000
1776627621.983,21.983,0.41,0.42,0.58,0.59,0.01,0.01,74981.34,1776627620000
1776627622.324,22.324,0.41,0.42,0.58,0.59,0.01,0.01,74981.34,1776627620000
1776627622.677,22.677,0.41,0.42,0.58,0.59,0.01,0.01,74980.12,1776627621000
1776627623.318,23.318,0.41,0.43,0.58,0.59,0.02,0.01,74980.12,1776627621000
1776627623.663,23.663,0.42,0.43,0.57,0.58,0.01,0.01,74980.12,1776627621000
1776627624.409,24.409,0.42,0.43,0.57,0.58,0.01,0.01,74992.99,1776627622000
1776627625.049,25.049,0.42,0.43,0.57,0.58,0.01,0.01,74993.62,1776627623000
1776627625.453,25.453,0.42,0.43,0.57,0.58,0.01,0.01,74993.62,1776627624000
1776627625.89,25.89,0.42,0.43,0.57,0.58,0.01,0.01,74993.62,1776627624000
1776627626.396,26.396,0.42,0.43,0.57,0.58,0.01,0.01,74995.63,1776627625000
1776627626.769,26.769,0.41,0.43,0.57,0.58,0.02,0.01,74995.63,1776627625000
1776627627.233,27.233,0.41,0.42,0.58,0.59,0.01,0.01,74995.63,1776627625000
1776627627.74,27.74,0.41,0.42,0.58,0.59,0.01,0.01,74995.62,1776627626000
1776627628.296,28.296,0.41,0.42,0.58,0.59,0.01,0.01,74995.62,1776627627000
1776627629.082,29.082,0.42,0.43,0.57,0.58,0.01,0.01,74995.62,1776627627000
1776627629.878,29.878,0.42,0.43,0.57,0.58,0.01,0.01,74995.59,1776627628000
1776627630.277,30.277,0.42,0.43,0.57,0.58,0.01,0.01,74995.6,1776627629000
1776627630.785,30.785,0.42,0.43,0.57,0.58,0.01,0.01,74995.6,1776627629000
1776627631.28,31.28,0.42,0.43,0.57,0.58,0.01,0.01,74995.6,1776627629000
1776627631.646,31.646,0.42,0.43,0.57,0.58,0.01,0.01,74995.62,1776627630000
1776627632.221,32.221,0.42,0.43,0.57,0.58,0.01,0.01,74995.62,1776627630000
1776627632.668,32.668,0.42,0.43,0.57,0.58,0.01,0.01,74995.62,1776627631000
1776627633.165,33.165,0.42,0.43,0.57,0.58,0.01,0.01,74995.62,1776627632000
1776627633.884,33.884,0.41,0.42,0.58,0.59,0.01,0.01,74995.62,1776627632000
1776627634.234,34.234,0.41,0.42,0.58,0.59,0.01,0.01,74995.62,1776627633000
1776627634.606,34.606,0.4,0.41,0.59,0.6,0.01,0.01,74995.62,1776627633000
1776627634.97,34.97,0.4,0.41,0.59,0.6,0.01,0.01,74995.62,1776627633000
1776627635.469,35.469,0.4,0.41,0.59,0.6,0.01,0.01,74994.39,1776627634000
1776627635.844,35.844,0.4,0.41,0.59,0.6,0.01,0.01,74994.39,1776627634000
1776627636.26,36.26,0.4,0.41,0.59,0.6,0.01,0.01,74993.98,1776627635000
1776627636.672,36.672,0.4,0.41,0.59,0.6,0.01,0.01,74993.98,1776627635000
1776627637.054,37.054,0.4,0.41,0.59,0.6,0.01,0.01,74993.57,1776627636000
1776627637.552,37.552,0.4,0.41,0.59,0.6,0.01,0.01,74993.57,1776627636000
1776627637.964,37.964,0.4,0.41,0.59,0.6,0.01,0.01,74993.57,1776627636000
1776627638.307,38.307,0.4,0.41,0.59,0.6,0.01,0.01,74993.35,1776627637000
1776627638.73,38.73,0.4,0.41,0.59,0.6,0.01,0.01,74993.35,1776627637000
1776627639.132,39.132,0.4,0.41,0.59,0.6,0.01,0.01,74993.35,1776627637000
1776627639.891,39.891,0.4,0.41,0.59,0.6,0.01,0.01,74993.41,1776627638000
1776627640.244,40.244,0.39,0.4,0.6,0.61,0.01,0.01,74993.41,1776627639000
1776627640.644,40.644,0.39,0.41,0.6,0.61,0.02,0.01,74993.41,1776627639000
1776627641.08,41.08,0.39,0.4,0.6,0.61,0.01,0.01,74993.42,1776627640000
1776627641.529,41.529,0.39,0.4,0.6,0.61,0.01,0.01,74993.42,1776627640000
1776627642.259,42.259,0.39,0.4,0.6,0.61,0.01,0.01,74992.93,1776627641000
1776627642.6,42.6,0.39,0.4,0.6,0.61,0.01,0.01,74992.93,1776627641000
1776627643.074,43.074,0.39,0.4,0.6,0.61,0.01,0.01,74992.93,1776627641000
1776627643.41,43.41,0.39,0.4,0.6,0.61,0.01,0.01,74992.93,1776627641000
1776627643.765,43.765,0.39,0.4,0.6,0.61,0.01,0.01,74993.04,1776627642000
1776627644.145,44.145,0.35,0.36,0.64,0.66,0.01,0.02,74993.04,1776627643000
1776627644.481,44.481,0.33,0.34,0.66,0.67,0.01,0.01,74993.04,1776627643000
1776627644.826,44.826,0.33,0.34,0.66,0.67,0.01,0.01,74993.04,1776627643000
1776627645.163,45.163,0.33,0.34,0.66,0.67,0.01,0.01,74990.87,1776627644000
1776627645.751,45.751,0.33,0.34,0.66,0.67,0.01,0.01,74990.87,1776627644000
1776627646.296,46.296,0.34,0.35,0.65,0.66,0.01,0.01,74990.87,1776627644000
1776627646.711,46.711,0.34,0.35,0.65,0.66,0.01,0.01,74984.56,1776627645000
1776627647.045,47.045,0.34,0.35,0.65,0.66,0.01,0.01,74984.56,1776627645000
1776627647.685,47.685,0.34,0.35,0.65,0.66,0.01,0.01,74984.56,1776627645000
1776627648.042,48.042,0.34,0.35,0.65,0.66,0.01,0.01,74983.6,1776627646000
1776627648.535,48.535,0.34,0.35,0.65,0.66,0.01,0.01,74983.47,1776627647000
1776627648.906,48.906,0.34,0.35,0.65,0.66,0.01,0.01,74983.47,1776627647000
1776627649.319,49.319,0.34,0.35,0.65,0.66,0.01,0.01,74983.19,1776627648000
1776627649.9,49.9,0.35,0.36,0.64,0.65,0.01,0.01,74983.19,1776627648000
1776627650.329,50.329,0.35,0.36,0.64,0.65,0.01,0.01,74983.19,1776627648000
1776627650.918,50.918,0.36,0.37,0.63,0.64,0.01,0.01,74984.52,1776627650000
1776627651.359,51.359,0.36,0.37,0.63,0.64,0.01,0.01,74984.52,1776627650000
1776627651.775,51.775,0.38,0.39,0.61,0.64,0.01,0.03,74984.52,1776627650000
1776627652.114,52.114,0.38,0.39,0.61,0.62,0.01,0.01,74984.52,1776627651000
1776627652.465,52.465,0.38,0.39,0.61,0.62,0.01,0.01,74984.52,1776627651000
1776627652.815,52.815,0.38,0.39,0.61,0.62,0.01,0.01,74984.52,1776627651000
1776627653.328,53.328,0.39,0.4,0.6,0.62,0.01,0.02,74984.43,1776627652000
1776627653.682,53.682,0.39,0.4,0.6,0.61,0.01,0.01,74984.43,1776627652000
1776627654.177,54.177,0.39,0.4,0.6,0.61,0.01,0.01,74986.42,1776627653000
1776627654.574,54.574,0.39,0.4,0.6,0.61,0.01,0.01,74986.42,1776627653000
1776627654.997,54.997,0.39,0.4,0.6,0.61,0.01,0.01,74986.42,1776627653000
1776627655.403,55.403,0.39,0.4,0.6,0.61,0.01,0.01,74987.36,1776627654000
1776627655.757,55.757,0.4,0.41,0.59,0.61,0.01,0.02,74987.36,1776627654000
1776627656.29,56.29,0.4,0.41,0.59,0.6,0.01,0.01,74986.19,1776627655000
1776627656.659,56.659,0.4,0.41,0.59,0.6,0.01,0.01,74986.19,1776627655000
1776627657.012,57.012,0.4,0.41,0.59,0.6,0.01,0.01,74986.19,1776627655000
1776627657.361,57.361,0.4,0.41,0.59,0.6,0.01,0.01,74987.61,1776627656000
1776627657.843,57.843,0.4,0.41,0.59,0.6,0.01,0.01,74987.8,1776627657000
1776627658.252,58.252,0.4,0.41,0.59,0.6,0.01,0.01,74987.8,1776627657000
1776627658.732,58.732,0.4,0.41,0.59,0.6,0.01,0.01,74987.8,1776627657000
1776627659.071,59.071,0.4,0.41,0.59,0.6,0.01,0.01,74987.8,1776627657000
1776627659.419,59.419,0.4,0.41,0.59,0.6,0.01,0.01,74987.8,1776627657000
1776627659.873,59.873,0.4,0.41,0.59,0.6,0.01,0.01,74987.82,1776627658000
1776627660.25,60.25,0.4,0.41,0.59,0.6,0.01,0.01,74987.82,1776627659000
1776627660.641,60.641,0.4,0.41,0.59,0.6,0.01,0.01,74987.82,1776627659000
1776627661.114,61.114,0.4,0.41,0.59,0.6,0.01,0.01,74987.82,1776627659000
1776627661.514,61.514,0.4,0.41,0.59,0.6,0.01,0.01,74987.82,1776627659000
1776627661.871,61.871,0.4,0.41,0.59,0.6,0.01,0.01,74987.82,1776627659000
1776627662.36,62.36,0.4,0.41,0.59,0.6,0.01,0.01,74987.82,1776627659000
1776627662.721,62.721,0.4,0.41,0.59,0.6,0.01,0.01,74987.82,1776627659000
1776627663.087,63.087,0.4,0.41,0.59,0.6,0.01,0.01,74987.47,1776627661000
1776627663.464,63.464,0.4,0.41,0.59,0.6,0.01,0.01,74987.47,1776627662000
1776627663.885,63.885,0.4,0.41,0.59,0.6,0.01,0.01,74987.47,1776627662000
1776627664.273,64.273,0.4,0.41,0.59,0.6,0.01,0.01,74987.47,1776627663000
1776627664.673,64.673,0.4,0.41,0.59,0.6,0.01,0.01,74987.47,1776627663000
1776627665.06,65.06,0.4,0.41,0.59,0.6,0.01,0.01,74987.47,1776627663000
1776627665.443,65.443,0.4,0.41,0.59,0.6,0.01,0.01,74987.46,1776627664000
1776627665.805,65.805,0.4,0.41,0.59,0.6,0.01,0.01,74987.46,1776627664000
1776627666.193,66.193,0.4,0.41,0.59,0.6,0.01,0.01,74987.46,1776627664000
1776627666.674,66.674,0.4,0.41,0.59,0.6,0.01,0.01,74987.8,1776627665000
1776627667.068,67.068,0.4,0.41,0.59,0.6,0.01,0.01,74987.8,1776627665000
1776627667.463,67.463,0.4,0.41,0.59,0.6,0.01,0.01,74987.82,1776627666000
1776627667.82,67.82,0.4,0.41,0.59,0.6,0.01,0.01,74987.82,1776627666000
1776627668.293,68.293,0.4,0.41,0.59,0.6,0.01,0.01,74987.82,1776627666000
1776627668.676,68.676,0.4,0.41,0.59,0.6,0.01,0.01,74987.83,1776627667000
1776627669.059,69.059,0.4,0.41,0.59,0.6,0.01,0.01,74987.75,1776627668000
1776627669.517,69.517,0.4,0.41,0.59,0.6,0.01,0.01,74987.75,1776627668000
1776627669.899,69.899,0.4,0.41,0.59,0.6,0.01,0.01,74987.75,1776627668000
1776627670.74,70.74,0.4,0.41,0.58,0.6,0.01,0.02,74987.78,1776627669000
1776627671.369,71.369,0.4,0.41,0.59,0.6,0.01,0.01,74987.77,1776627670000
1776627671.715,71.715,0.4,0.41,0.59,0.6,0.01,0.01,74987.77,1776627670000
1776627672.078,72.078,0.4,0.41,0.59,0.6,0.01,0.01,74987.77,1776627670000
1776627672.46,72.46,0.4,0.41,0.59,0.6,0.01,0.01,74987.77,1776627671000
1776627672.909,72.909,0.4,0.41,0.59,0.6,0.01,0.01,74987.77,1776627671000
1776627673.435,73.435,0.41,0.42,0.59,0.6,0.01,0.01,74987.76,1776627672000
1776627673.874,73.874,0.41,0.42,0.58,0.59,0.01,0.01,74987.76,1776627672000
1776627674.258,74.258,0.41,0.42,0.58,0.59,0.01,0.01,74987.66,1776627673000
1776627674.601,74.601,0.41,0.42,0.58,0.59,0.01,0.01,74987.66,1776627673000
1776627675.301,75.301,0.41,0.42,0.58,0.59,0.01,0.01,74987.78,1776627674000
1776627675.724,75.724,0.41,0.42,0.58,0.59,0.01,0.01,74987.78,1776627674000
1776627676.058,76.058,0.41,0.42,0.58,0.59,0.01,0.01,74987.78,1776627674000
1776627676.518,76.518,0.41,0.42,0.58,0.59,0.01,0.01,74987.78,1776627674000
1776627677.107,77.107,0.41,0.42,0.58,0.59,0.01,0.01,74991.22,1776627675000
1776627677.483,77.483,0.43,0.46,0.56,0.57,0.03,0.01,74991.23,1776627676000
1776627677.845,77.845,0.48,0.49,0.51,0.52,0.01,0.01,74991.23,1776627676000
1776627678.189,78.189,0.49,0.52,0.48,0.51,0.03,0.03,74991.23,1776627677000
1776627678.529,78.529,0.52,0.53,0.47,0.48,0.01,0.01,74991.23,1776627677000
1776627678.911,78.911,0.52,0.54,0.47,0.48,0.02,0.01,74991.23,1776627677000
1776627679.371,79.371,0.53,0.54,0.46,0.47,0.01,0.01,74995.07,1776627678000
1776627679.767,79.767,0.53,0.55,0.46,0.47,0.02,0.01,74995.07,1776627678000
1776627680.125,80.125,0.54,0.6,0.4,0.46,0.06,0.06,74995.07,1776627678000
1776627680.466,80.466,0.59,0.61,0.4,0.41,0.02,0.01,75003.57,1776627679000
1776627680.823,80.823,0.6,0.61,0.39,0.4,0.01,0.01,75003.57,1776627679000
1776627681.251,81.251,0.6,0.61,0.39,0.4,0.01,0.01,75006.09,1776627680000
1776627681.597,81.597,0.6,0.61,0.39,0.4,0.01,0.01,75006.09,1776627680000
1776627681.969,81.969,0.6,0.61,0.39,0.4,0.01,0.01,75006.09,1776627680000
1776627682.318,82.318,0.6,0.61,0.39,0.4,0.01,0.01,75008.54,1776627681000
1776627682.714,82.714,0.6,0.61,0.39,0.4,0.01,0.01,75008.54,1776627681000
1776627683.119,83.119,0.6,0.61,0.39,0.4,0.01,0.01,75008.98,1776627682000
1776627683.557,83.557,0.6,0.61,0.39,0.4,0.01,0.01,75008.98,1776627682000
1776627683.898,83.898,0.67,0.7,0.3,0.33,0.03,0.03,75008.98,1776627682000
1776627684.234,84.234,0.71,0.75,0.25,0.29,0.04,0.04,75011.78,1776627683000
1776627684.578,84.578,0.71,0.72,0.26,0.29,0.01,0.03,75011.78,1776627683000
1776627685.035,85.035,0.72,0.73,0.27,0.28,0.01,0.01,75011.78,1776627683000
1776627685.386,85.386,0.73,0.74,0.26,0.27,0.01,0.01,75014.44,1776627684000
1776627685.738,85.738,0.73,0.74,0.26,0.27,0.01,0.01,75014.44,1776627684000
1776627686.102,86.102,0.73,0.74,0.26,0.27,0.01,0.01,75014.44,1776627684000
1776627686.451,86.451,0.73,0.74,0.26,0.27,0.01,0.01,75032.83,1776627685000
1776627686.861,86.861,0.73,0.74,0.26,0.27,0.01,0.01,75032.83,1776627685000
1776627687.253,87.253,0.74,0.75,0.25,0.26,0.01,0.01,75032.85,1776627686000
1776627687.664,87.664,0.74,0.75,0.25,0.26,0.01,0.01,75032.85,1776627686000
1776627688.04,88.04,0.74,0.75,0.25,0.26,0.01,0.01,75032.85,1776627686000
1776627688.379,88.379,0.74,0.75,0.25,0.26,0.01,0.01,75035.63,1776627687000
1776627688.722,88.722,0.74,0.75,0.25,0.26,0.01,0.01,75035.63,1776627687000
1776627689.056,89.056,0.74,0.75,0.25,0.26,0.01,0.01,75035.63,1776627687000
1776627689.399,89.399,0.74,0.75,0.25,0.26,0.01,0.01,75035.6,1776627688000
1776627689.733,89.733,0.74,0.75,0.25,0.26,0.01,0.01,75035.6,1776627688000
1776627690.074,90.074,0.74,0.75,0.25,0.26,0.01,0.01,75035.6,1776627688000
1776627690.407,90.407,0.74,0.75,0.25,0.26,0.01,0.01,75035.6,1776627688000
1776627690.778,90.778,0.74,0.75,0.25,0.26,0.01,0.01,75035.52,1776627689000
1776627691.245,91.245,0.74,0.75,0.25,0.26,0.01,0.01,75035.52,1776627689000
1776627691.653,91.653,0.74,0.75,0.25,0.26,0.01,0.01,75036.35,1776627690000
1776627692.268,92.268,0.74,0.75,0.25,0.26,0.01,0.01,75036.35,1776627690000
1776627692.603,92.603,0.74,0.75,0.25,0.26,0.01,0.01,75036.35,1776627690000
1776627693.083,93.083,0.74,0.75,0.25,0.26,0.01,0.01,75037.15,1776627691000
1776627693.504,93.504,0.74,0.75,0.25,0.26,0.01,0.01,75037.15,1776627691000
1776627693.896,93.896,0.74,0.75,0.25,0.26,0.01,0.01,75037.16,1776627692000
1776627694.325,94.325,0.74,0.75,0.25,0.26,0.01,0.01,75037.15,1776627693000
1776627694.935,94.935,0.74,0.75,0.25,0.26,0.01,0.01,75037.15,1776627693000
1776627695.273,95.273,0.74,0.75,0.25,0.26,0.01,0.01,75037.17,1776627694000
1776627695.691,95.691,0.74,0.75,0.25,0.26,0.01,0.01,75037.17,1776627694000
1776627696.11,96.11,0.74,0.75,0.25,0.26,0.01,0.01,75037.17,1776627694000
1776627696.448,96.448,0.75,0.77,0.24,0.25,0.02,0.01,75037.26,1776627695000
1776627696.783,96.783,0.76,0.77,0.23,0.25,0.01,0.02,75037.26,1776627695000
1776627697.128,97.128,0.79,0.8,0.2,0.21,0.01,0.01,75037.26,1776627695000
1776627697.536,97.536,0.79,0.8,0.2,0.21,0.01,0.01,75037.43,1776627696000
1776627697.968,97.968,0.8,0.81,0.19,0.2,0.01,0.01,75037.43,1776627696000
1776627698.311,98.311,0.8,0.81,0.19,0.2,0.01,0.01,75038.07,1776627697000
1776627698.661,98.661,0.8,0.81,0.19,0.2,0.01,0.01,75038.07,1776627697000
1776627699.118,99.118,0.8,0.81,0.19,0.2,0.01,0.01,75038.07,1776627697000
1776627699.506,99.506,0.8,0.81,0.19,0.2,0.01,0.01,75040.99,1776627698000
1776627699.848,99.848,0.8,0.81,0.19,0.2,0.01,0.01,75040.99,1776627698000
1776627700.543,100.543,0.8,0.81,0.19,0.2,0.01,0.01,75043.61,1776627699000
1776627701.026,101.026,0.8,0.81,0.19,0.2,0.01,0.01,75043.61,1776627700000
1776627701.392,101.392,0.75,0.79,0.21,0.24,0.04,0.03,75043.61,1776627700000
1776627701.73,101.73,0.74,0.75,0.25,0.26,0.01,0.01,75043.61,1776627700000
1776627702.08,102.08,0.74,0.75,0.25,0.26,0.01,0.01,75043.61,1776627700000
1776627702.497,102.497,0.74,0.75,0.25,0.26,0.01,0.01,75043.69,1776627701000
1776627702.85,102.85,0.74,0.78,0.22,0.26,0.04,0.04,75043.69,1776627701000
1776627703.254,103.254,0.79,0.81,0.2,0.22,0.02,0.02,75043.69,1776627701000
1776627703.595,103.595,0.79,0.8,0.2,0.21,0.01,0.01,75038.31,1776627702000
1776627703.938,103.938,0.79,0.81,0.19,0.21,0.02,0.02,75038.31,1776627702000
1776627704.312,104.312,0.8,0.81,0.19,0.2,0.01,0.01,75038.31,1776627702000
1776627704.675,104.675,0.8,0.81,0.19,0.2,0.01,0.01,75038.03,1776627703000
1776627705.033,105.033,0.8,0.81,0.19,0.2,0.01,0.01,75038.03,1776627703000
1776627705.438,105.438,0.81,0.82,0.18,0.19,0.01,0.01,75038.03,1776627703000
1776627705.854,105.854,0.81,0.82,0.18,0.19,0.01,0.01,75042.73,1776627704000
1776627706.852,106.852,0.81,0.82,0.18,0.19,0.01,0.01,75045.64,1776627705000
1776627707.288,107.288,0.82,0.83,0.17,0.18,0.01,0.01,75045.64,1776627706000
1776627707.64,107.64,0.82,0.83,0.17,0.18,0.01,0.01,75045.64,1776627706000
1776627708.002,108.002,0.82,0.83,0.17,0.18,0.01,0.01,75045.64,1776627706000
1776627708.577,108.577,0.82,0.83,0.17,0.18,0.01,0.01,75045.64,1776627706000
1776627708.927,108.927,0.82,0.83,0.17,0.18,0.01,0.01,75046.33,1776627707000
1776627709.403,109.403,0.82,0.83,0.17,0.18,0.01,0.01,75046.56,1776627708000
1776627709.746,109.746,0.82,0.83,0.17,0.18,0.01,0.01,75046.56,1776627708000
1776627710.128,110.128,0.82,0.83,0.17,0.18,0.01,0.01,75046.56,1776627708000
1776627710.841,110.841,0.82,0.83,0.17,0.18,0.01,0.01,75046.99,1776627709000
1776627711.213,111.213,0.82,0.83,0.17,0.18,0.01,0.01,75046.99,1776627709000
1776627711.548,111.548,0.82,0.83,0.17,0.18,0.01,0.01,75046.99,1776627709000
1776627712.057,112.057,0.82,0.83,0.17,0.18,0.01,0.01,75047.15,1776627710000
1776627712.469,112.469,0.81,0.83,0.18,0.19,0.02,0.01,75047.14,1776627711000
1776627712.954,112.954,0.81,0.82,0.18,0.19,0.01,0.01,75047.14,1776627711000
1776627713.363,113.363,0.81,0.82,0.18,0.19,0.01,0.01,75047.15,1776627712000
1776627713.898,113.898,0.8,0.81,0.19,0.2,0.01,0.01,75047.15,1776627712000
1776627714.249,114.249,0.8,0.81,0.19,0.2,0.01,0.01,75047.15,1776627712000
1776627714.607,114.607,0.79,0.8,0.19,0.21,0.01,0.02,75047.16,1776627713000
1776627715.106,115.106,0.79,0.8,0.2,0.21,0.01,0.01,75047.05,1776627714000
1776627715.542,115.542,0.83,0.84,0.15,0.17,0.01,0.02,75047.05,1776627714000
1776627715.875,115.875,0.85,0.86,0.14,0.15,0.01,0.01,75047.05,1776627714000
1776627716.217,116.217,0.85,0.86,0.14,0.15,0.01,0.01,75047.05,1776627714000
1776627716.647,116.647,0.84,0.85,0.14,0.17,0.01,0.03,75046.72,1776627715000
1776627717.003,117.003,0.84,0.85,0.15,0.16,0.01,0.01,75046.72,1776627715000
1776627717.357,117.357,0.84,0.85,0.15,0.16,0.01,0.01,75046.72,1776627715000
1776627717.875,117.875,0.84,0.85,0.15,0.16,0.01,0.01,75055.27,1776627716000
1776627718.475,118.475,0.84,0.85,0.15,0.16,0.01,0.01,75057.72,1776627717000
1776627718.982,118.982,0.84,0.85,0.15,0.16,0.01,0.01,75057.72,1776627717000
1776627719.53,119.53,0.84,0.85,0.15,0.16,0.01,0.01,75056.71,1776627718000
1776627719.914,119.914,0.84,0.85,0.15,0.16,0.01,0.01,75056.71,1776627718000
1776627720.337,120.337,0.84,0.85,0.15,0.16,0.01,0.01,75056.71,1776627718000
1776627720.675,120.675,0.84,0.85,0.15,0.16,0.01,0.01,75056.71,1776627718000
1776627721.031,121.031,0.84,0.85,0.15,0.16,0.01,0.01,75056.51,1776627719000
1776627721.451,121.451,0.84,0.85,0.15,0.16,0.01,0.01,75056.51,1776627719000
1776627721.785,121.785,0.83,0.85,0.15,0.17,0.02,0.02,75056.51,1776627719000
1776627722.145,122.145,0.82,0.83,0.15,0.17,0.01,0.02,75056.51,1776627720000
1776627722.529,122.529,0.82,0.83,0.17,0.18,0.01,0.01,75056.51,1776627720000
1776627722.918,122.918,0.82,0.83,0.17,0.18,0.01,0.01,75056.5,1776627721000
1776627723.291,123.291,0.82,0.83,0.17,0.18,0.01,0.01,75056.5,1776627721000
1776627723.627,123.627,0.82,0.83,0.17,0.18,0.01,0.01,75056.5,1776627722000
1776627724.069,124.069,0.82,0.83,0.17,0.18,0.01,0.01,75056.5,1776627722000
1776627724.413,124.413,0.82,0.83,0.17,0.18,0.01,0.01,75056.5,1776627722000
1776627724.797,124.797,0.82,0.84,0.16,0.18,0.02,0.02,75053.97,1776627723000
1776627725.144,125.144,0.83,0.84,0.16,0.17,0.01,0.01,75053.97,1776627723000
1776627725.481,125.481,0.83,0.84,0.16,0.17,0.01,0.01,75053.97,1776627723000
1776627725.822,125.822,0.83,0.84,0.16,0.17,0.01,0.01,75053.97,1776627724000
1776627726.298,126.298,0.83,0.84,0.16,0.17,0.01,0.01,75053.97,1776627724000
1776627726.877,126.877,0.83,0.84,0.16,0.17,0.01,0.01,75053.97,1776627725000
1776627727.393,127.393,0.83,0.84,0.16,0.17,0.01,0.01,75053.97,1776627725000
1776627727.788,127.788,0.83,0.84,0.16,0.17,0.01,0.01,75053.97,1776627725000
1776627728.158,128.158,0.83,0.84,0.16,0.17,0.01,0.01,75053.48,1776627726000
1776627728.642,128.642,0.83,0.84,0.16,0.17,0.01,0.01,75051.0,1776627727000
1776627729.169,129.169,0.83,0.84,0.16,0.17,0.01,0.01,75051.0,1776627727000
1776627729.534,129.534,0.83,0.84,0.16,0.17,0.01,0.01,75053.45,1776627728000
1776627729.905,129.905,0.83,0.84,0.16,0.17,0.01,0.01,75053.45,1776627728000
1776627730.256,130.256,0.83,0.84,0.16,0.17,0.01,0.01,75053.45,1776627729000
1776627730.767,130.767,0.83,0.84,0.16,0.17,0.01,0.01,75053.45,1776627729000
1776627731.104,131.104,0.83,0.84,0.16,0.17,0.01,0.01,75053.45,1776627729000
1776627731.438,131.438,0.83,0.84,0.16,0.17,0.01,0.01,75053.45,1776627729000
1776627731.844,131.844,0.83,0.84,0.16,0.17,0.01,0.01,75053.1,1776627730000
1776627732.221,132.221,0.83,0.84,0.16,0.17,0.01,0.01,75053.1,1776627730000
1776627732.564,132.564,0.83,0.84,0.16,0.17,0.01,0.01,75053.1,1776627730000
1776627732.966,132.966,0.83,0.84,0.16,0.17,0.01,0.01,75054.33,1776627731000
1776627733.423,133.423,0.83,0.84,0.16,0.17,0.01,0.01,75054.32,1776627732000
1776627733.821,133.821,0.83,0.84,0.16,0.17,0.01,0.01,75054.32,1776627732000
1776627734.191,134.191,0.83,0.84,0.16,0.17,0.01,0.01,75054.32,1776627732000
1776627734.627,134.627,0.83,0.84,0.16,0.17,0.01,0.01,75054.33,1776627733000
1776627735.009,135.009,0.83,0.84,0.16,0.17,0.01,0.01,75054.33,1776627733000
1776627735.552,135.552,0.83,0.84,0.16,0.17,0.01,0.01,75054.35,1776627734000
1776627736.048,136.048,0.83,0.84,0.16,0.17,0.01,0.01,75054.35,1776627734000
1776627736.389,136.389,0.83,0.84,0.16,0.17,0.01,0.01,75054.36,1776627735000
1776627736.729,136.729,0.83,0.84,0.16,0.17,0.01,0.01,75054.36,1776627735000
1776627737.128,137.128,0.83,0.84,0.16,0.17,0.01,0.01,75054.36,1776627735000
1776627737.763,137.763,0.82,0.84,0.16,0.17,0.02,0.01,75054.38,1776627736000
1776627738.23,138.23,0.81,0.82,0.18,0.19,0.01,0.01,75054.38,1776627736000
1776627738.698,138.698,0.81,0.82,0.18,0.19,0.01,0.01,75054.38,1776627736000
1776627739.149,139.149,0.8,0.82,0.18,0.19,0.02,0.01,75054.18,1776627737000
1776627739.568,139.568,0.8,0.81,0.19,0.2,0.01,0.01,75051.88,1776627738000
1776627739.932,139.932,0.8,0.81,0.19,0.2,0.01,0.01,75051.88,1776627738000
1776627740.358,140.358,0.81,0.82,0.19,0.2,0.01,0.01,75051.88,1776627738000
1776627740.936,140.936,0.81,0.82,0.18,0.19,0.01,0.01,75050.14,1776627739000
1776627741.278,141.278,0.81,0.82,0.18,0.19,0.01,0.01,75050.14,1776627739000
1776627741.619,141.619,0.81,0.82,0.18,0.19,0.01,0.01,75049.96,1776627740000
1776627742.148,142.148,0.81,0.82,0.18,0.19,0.01,0.01,75049.96,1776627740000
1776627742.504,142.504,0.81,0.82,0.18,0.19,0.01,0.01,75049.36,1776627741000
1776627743.272,143.272,0.81,0.82,0.18,0.19,0.01,0.01,75049.36,1776627741000
1776627743.682,143.682,0.81,0.82,0.18,0.19,0.01,0.01,75049.63,1776627742000
1776627744.127,144.127,0.81,0.82,0.18,0.19,0.01,0.01,75049.57,1776627743000
1776627744.677,144.677,0.81,0.82,0.18,0.19,0.01,0.01,75049.57,1776627743000
1776627745.011,145.011,0.8,0.82,0.18,0.2,0.02,0.02,75049.57,1776627743000
1776627745.387,145.387,0.8,0.81,0.18,0.2,0.01,0.02,75049.09,1776627744000
1776627745.728,145.728,0.8,0.81,0.19,0.2,0.01,0.01,75049.09,1776627744000
1776627746.071,146.071,0.8,0.81,0.19,0.2,0.01,0.01,75049.09,1776627744000
1776627746.419,146.419,0.8,0.81,0.19,0.2,0.01,0.01,75049.09,1776627745000
1776627746.768,146.768,0.8,0.81,0.19,0.2,0.01,0.01,75049.09,1776627745000
1776627747.122,147.122,0.8,0.81,0.19,0.2,0.01,0.01,75049.09,1776627745000
1776627747.468,147.468,0.8,0.81,0.19,0.2,0.01,0.01,75047.44,1776627746000
1776627748.041,148.041,0.8,0.81,0.19,0.2,0.01,0.01,75047.44,1776627746000
1776627748.513,148.513,0.8,0.81,0.19,0.2,0.01,0.01,75046.71,1776627747000
1776627748.862,148.862,0.8,0.81,0.19,0.2,0.01,0.01,75046.71,1776627747000
1776627749.209,149.209,0.8,0.81,0.19,0.2,0.01,0.01,75046.71,1776627747000
1776627749.581,149.581,0.8,0.81,0.19,0.2,0.01,0.01,75046.44,1776627748000
1776627749.969,149.969,0.8,0.81,0.19,0.2,0.01,0.01,75046.44,1776627749000
1776627750.593,150.593,0.8,0.81,0.19,0.2,0.01,0.01,75046.44,1776627749000
1776627750.941,150.941,0.79,0.81,0.19,0.21,0.02,0.02,75046.44,1776627749000
1776627751.377,151.377,0.8,0.81,0.19,0.2,0.01,0.01,75047.07,1776627750000
1776627751.712,151.712,0.8,0.81,0.19,0.2,0.01,0.01,75047.07,1776627750000
1776627752.105,152.105,0.8,0.81,0.19,0.2,0.01,0.01,75045.39,1776627751000
1776627752.534,152.534,0.8,0.81,0.19,0.2,0.01,0.01,75045.39,1776627751000
1776627752.986,152.986,0.8,0.81,0.19,0.2,0.01,0.01,75045.39,1776627751000
1776627753.414,153.414,0.8,0.81,0.19,0.2,0.01,0.01,75042.62,1776627752000
1776627753.847,153.847,0.8,0.81,0.19,0.2,0.01,0.01,75042.62,1776627752000
1776627754.397,154.397,0.8,0.81,0.19,0.2,0.01,0.01,75042.62,1776627752000
1776627754.836,154.836,0.8,0.81,0.19,0.2,0.01,0.01,75043.86,1776627753000
1776627755.24,155.24,0.8,0.81,0.19,0.2,0.01,0.01,75043.91,1776627754000
1776627755.577,155.577,0.8,0.81,0.19,0.2,0.01,0.01,75043.91,1776627754000
1776627755.953,155.953,0.8,0.81,0.19,0.2,0.01,0.01,75043.91,1776627754000
1776627756.339,156.339,0.8,0.81,0.19,0.2,0.01,0.01,75043.92,1776627755000
1776627756.924,156.924,0.8,0.81,0.19,0.2,0.01,0.01,75043.97,1776627756000
1776627757.523,157.523,0.8,0.81,0.19,0.2,0.01,0.01,75043.97,1776627756000
1776627758.004,158.004,0.8,0.81,0.19,0.2,0.01,0.01,75043.9,1776627757000
1776627758.515,158.515,0.8,0.81,0.19,0.2,0.01,0.01,75043.9,1776627757000
1776627758.913,158.913,0.8,0.81,0.19,0.2,0.01,0.01,75043.9,1776627757000
1776627759.252,159.252,0.8,0.81,0.19,0.2,0.01,0.01,75043.93,1776627758000
1776627759.625,159.625,0.8,0.81,0.19,0.2,0.01,0.01,75043.93,1776627758000
1776627760.201,160.201,0.8,0.81,0.19,0.2,0.01,0.01,75043.93,1776627759000
1776627760.605,160.605,0.8,0.81,0.19,0.2,0.01,0.01,75043.93,1776627759000
1776627761.012,161.012,0.8,0.81,0.19,0.2,0.01,0.01,75043.93,1776627759000
1776627761.391,161.391,0.8,0.81,0.19,0.2,0.01,0.01,75043.91,1776627760000
1776627761.743,161.743,0.8,0.81,0.19,0.2,0.01,0.01,75043.91,1776627760000
1776627762.122,162.122,0.8,0.81,0.19,0.2,0.01,0.01,75043.91,1776627760000
1776627762.829,162.829,0.8,0.81,0.19,0.2,0.01,0.01,75043.92,1776627761000
1776627763.21,163.21,0.8,0.81,0.19,0.2,0.01,0.01,75043.78,1776627762000
1776627763.799,163.799,0.8,0.81,0.19,0.2,0.01,0.01,75043.78,1776627762000
1776627764.197,164.197,0.8,0.81,0.19,0.2,0.01,0.01,75043.64,1776627763000
1776627765.328,165.328,0.8,0.81,0.19,0.2,0.01,0.01,75043.86,1776627764000
1776627765.676,165.676,0.8,0.81,0.19,0.2,0.01,0.01,75043.86,1776627764000
1776627766.053,166.053,0.8,0.81,0.19,0.2,0.01,0.01,75043.86,1776627765000
1776627766.531,166.531,0.8,0.82,0.19,0.2,0.02,0.01,75043.86,1776627765000
1776627766.932,166.932,0.85,0.86,0.14,0.15,0.01,0.01,75043.86,1776627765000
1776627767.621,167.621,0.86,0.87,0.13,0.14,0.01,0.01,75043.91,1776627766000
1776627767.986,167.986,0.86,0.87,0.13,0.14,0.01,0.01,75043.91,1776627766000
1776627768.351,168.351,0.86,0.87,0.13,0.14,0.01,0.01,75043.91,1776627766000
1776627768.83,168.83,0.86,0.87,0.13,0.14,0.01,0.01,75046.71,1776627767000
1776627769.308,169.308,0.86,0.87,0.13,0.14,0.01,0.01,75046.71,1776627767000
1776627769.84,169.84,0.86,0.87,0.13,0.14,0.01,0.01,75047.25,1776627768000
1776627770.306,170.306,0.86,0.87,0.13,0.14,0.01,0.01,75050.85,1776627769000
1776627770.875,170.875,0.86,0.87,0.13,0.14,0.01,0.01,75050.85,1776627769000
1776627771.235,171.235,0.86,0.87,0.13,0.14,0.01,0.01,75050.85,1776627769000
1776627771.794,171.794,0.85,0.87,0.13,0.14,0.02,0.01,75050.85,1776627769000
1776627772.15,172.15,0.82,0.83,0.17,0.18,0.01,0.01,75049.64,1776627771000
1776627772.673,172.673,0.82,0.83,0.17,0.18,0.01,0.01,75049.64,1776627771000
1776627773.032,173.032,0.82,0.83,0.17,0.18,0.01,0.01,75049.64,1776627771000
1776627773.958,173.958,0.82,0.83,0.17,0.18,0.01,0.01,75048.45,1776627772000
1776627774.457,174.457,0.82,0.83,0.17,0.18,0.01,0.01,75046.25,1776627773000
1776627775.014,175.014,0.82,0.83,0.17,0.18,0.01,0.01,75046.25,1776627773000
1776627775.772,175.772,0.82,0.83,0.17,0.18,0.01,0.01,75046.19,1776627774000
1776627776.264,176.264,0.82,0.83,0.17,0.18,0.01,0.01,75044.89,1776627775000
1776627776.659,176.659,0.82,0.83,0.17,0.18,0.01,0.01,75044.89,1776627775000
1776627777.218,177.218,0.82,0.83,0.17,0.18,0.01,0.01,75044.89,1776627775000
1776627777.673,177.673,0.82,0.83,0.17,0.18,0.01,0.01,75045.34,1776627776000
1776627778.334,178.334,0.82,0.83,0.17,0.18,0.01,0.01,75045.34,1776627777000
1776627779.006,179.006,0.82,0.83,0.17,0.18,0.01,0.01,75045.55,1776627778000
1776627779.71,179.71,0.82,0.83,0.17,0.18,0.01,0.01,75045.55,1776627778000
1776627780.061,180.061,0.82,0.83,0.17,0.18,0.01,0.01,75045.31,1776627779000
1776627780.415,180.415,0.8,0.81,0.19,0.2,0.01,0.01,75045.31,1776627779000
1776627780.793,180.793,0.8,0.81,0.19,0.2,0.01,0.01,75045.31,1776627779000
1776627781.213,181.213,0.8,0.81,0.19,0.2,0.01,0.01,75045.25,1776627780000
1776627781.682,181.682,0.8,0.81,0.19,0.2,0.01,0.01,75045.25,1776627780000
1776627782.087,182.087,0.8,0.81,0.19,0.2,0.01,0.01,75045.25,1776627780000
1776627782.429,182.429,0.8,0.81,0.19,0.2,0.01,0.01,75042.51,1776627781000
1776627783.049,183.049,0.81,0.82,0.18,0.19,0.01,0.01,75042.51,1776627781000
1776627783.682,183.682,0.81,0.82,0.18,0.19,0.01,0.01,75042.51,1776627781000
1776627784.136,184.136,0.81,0.82,0.18,0.19,0.01,0.01,75041.62,1776627783000
1776627784.474,184.474,0.81,0.83,0.17,0.19,0.02,0.02,75041.62,1776627783000
1776627785.137,185.137,0.82,0.83,0.17,0.19,0.01,0.02,75041.62,1776627783000
1776627785.605,185.605,0.82,0.83,0.17,0.18,0.01,0.01,75041.95,1776627784000
1776627786.362,186.362,0.82,0.83,0.17,0.18,0.01,0.01,75041.95,1776627784000
1776627786.741,186.741,0.82,0.83,0.17,0.18,0.01,0.01,75042.04,1776627785000
1776627787.126,187.126,0.82,0.83,0.17,0.18,0.01,0.01,75042.04,1776627786000
1776627787.675,187.675,0.82,0.83,0.17,0.18,0.01,0.01,75042.04,1776627786000
1776627788.013,188.013,0.82,0.83,0.17,0.18,0.01,0.01,75042.04,1776627786000
1776627788.649,188.649,0.82,0.83,0.17,0.18,0.01,0.01,75042.43,1776627787000
1776627789.298,189.298,0.82,0.83,0.17,0.18,0.01,0.01,75042.43,1776627787000
1776627790.239,190.239,0.82,0.83,0.17,0.18,0.01,0.01,75042.44,1776627788000
1776627790.636,190.636,0.82,0.83,0.17,0.18,0.01,0.01,75042.44,1776627789000
1776627791.019,191.019,0.82,0.84,0.17,0.18,0.02,0.01,75042.44,1776627789000
1776627791.793,191.793,0.83,0.84,0.16,0.18,0.01,0.02,75042.35,1776627790000
1776627792.145,192.145,0.83,0.84,0.16,0.17,0.01,0.01,75042.35,1776627791000
1776627792.524,192.524,0.84,0.85,0.14,0.17,0.01,0.03,75042.35,1776627791000
1776627793.242,193.242,0.85,0.86,0.14,0.16,0.01,0.02,75042.35,1776627791000
1776627793.725,193.725,0.85,0.86,0.14,0.15,0.01,0.01,75042.04,1776627792000
1776627794.332,194.332,0.85,0.86,0.14,0.15,0.01,0.01,75042.04,1776627792000
1776627794.692,194.692,0.85,0.86,0.14,0.15,0.01,0.01,75042.04,1776627793000
1776627795.223,195.223,0.85,0.86,0.14,0.15,0.01,0.01,75042.11,1776627794000
1776627795.744,195.744,0.85,0.86,0.14,0.15,0.01,0.01,75042.11,1776627794000
1776627796.139,196.139,0.85,0.86,0.14,0.15,0.01,0.01,75042.11,1776627794000
1776627796.589,196.589,0.85,0.86,0.14,0.15,0.01,0.01,75042.18,1776627795000
1776627797.26,197.26,0.85,0.86,0.14,0.15,0.01,0.01,75042.15,1776627796000
1776627797.844,197.844,0.85,0.86,0.14,0.15,0.01,0.01,75042.15,1776627796000
1776627798.406,198.406,0.85,0.86,0.14,0.15,0.01,0.01,75042.15,1776627796000
1776627798.958,198.958,0.85,0.87,0.13,0.15,0.02,0.02,75042.08,1776627797000
1776627799.474,199.474,0.86,0.87,0.13,0.14,0.01,0.01,75042.08,1776627798000
1776627800.238,200.238,0.86,0.87,0.13,0.14,0.01,0.01,75042.32,1776627799000
1776627800.831,200.831,0.86,0.87,0.13,0.14,0.01,0.01,75042.32,1776627799000
1776627801.342,201.342,0.86,0.87,0.13,0.14,0.01,0.01,75042.29,1776627800000
1776627801.775,201.775,0.86,0.87,0.13,0.14,0.01,0.01,75042.29,1776627800000
1776627802.158,202.158,0.86,0.87,0.13,0.14,0.01,0.01,75042.29,1776627800000
1776627802.515,202.515,0.86,0.87,0.13,0.14,0.01,0.01,75042.3,1776627801000
1776627803.181,203.181,0.86,0.87,0.13,0.14,0.01,0.01,75042.36,1776627802000
1776627803.578,203.578,0.86,0.87,0.13,0.14,0.01,0.01,75042.36,1776627802000
1776627804.507,204.507,0.86,0.87,0.13,0.14,0.01,0.01,75042.37,1776627803000
1776627804.996,204.996,0.86,0.87,0.13,0.14,0.01,0.01,75042.35,1776627804000
1776627806.004,206.004,0.86,0.87,0.13,0.14,0.01,0.01,75042.31,1776627805000
1776627806.442,206.442,0.86,0.87,0.13,0.14,0.01,0.01,75042.31,1776627805000
1776627807.157,207.157,0.86,0.87,0.13,0.14,0.01,0.01,75041.19,1776627806000
1776627807.787,207.787,0.86,0.87,0.13,0.14,0.01,0.01,75041.19,1776627806000
1776627808.181,208.181,0.86,0.87,0.13,0.14,0.01,0.01,75041.19,1776627807000
1776627808.544,208.544,0.86,0.87,0.13,0.14,0.01,0.01,75041.19,1776627807000
1776627809.072,209.072,0.86,0.87,0.13,0.14,0.01,0.01,75041.29,1776627808000
1776627809.601,209.601,0.86,0.87,0.13,0.14,0.01,0.01,75041.29,1776627808000
1776627810.273,210.273,0.86,0.87,0.13,0.14,0.01,0.01,75041.18,1776627809000
1776627810.631,210.631,0.86,0.87,0.13,0.14,0.01,0.01,75041.18,1776627809000
1776627811.371,211.371,0.86,0.87,0.13,0.14,0.01,0.01,75041.18,1776627810000
1776627812.153,212.153,0.86,0.87,0.13,0.14,0.01,0.01,75041.18,1776627810000
1776627812.529,212.529,0.86,0.87,0.13,0.14,0.01,0.01,75035.64,1776627811000
1776627813.267,213.267,0.86,0.87,0.13,0.14,0.01,0.01,75035.64,1776627811000
1776627814.04,214.04,0.86,0.87,0.13,0.14,0.01,0.01,75023.71,1776627813000
1776627815.051,215.051,0.86,0.87,0.13,0.14,0.01,0.01,75020.36,1776627814000
1776627815.437,215.437,0.86,0.87,0.13,0.14,0.01,0.01,75020.36,1776627814000
1776627815.77,215.77,0.84,0.87,0.13,0.16,0.03,0.03,75020.36,1776627814000
1776627816.115,216.115,0.83,0.86,0.13,0.16,0.03,0.03,75018.56,1776627815000
1776627816.462,216.462,0.77,0.81,0.19,0.22,0.04,0.03,75018.56,1776627815000
1776627816.8,216.8,0.77,0.81,0.19,0.22,0.04,0.03,75018.56,1776627815000
1776627817.134,217.134,0.78,0.8,0.2,0.22,0.02,0.02,75018.56,1776627815000
1776627817.489,217.489,0.79,0.8,0.2,0.21,0.01,0.01,75022.88,1776627816000
1776627817.824,217.824,0.79,0.8,0.2,0.21,0.01,0.01,75022.88,1776627816000
1776627818.176,218.176,0.8,0.83,0.17,0.2,0.03,0.03,75022.94,1776627817000
1776627818.516,218.516,0.81,0.82,0.18,0.19,0.01,0.01,75022.94,1776627817000
1776627818.855,218.855,0.82,0.83,0.17,0.18,0.01,0.01,75022.94,1776627817000
1776627819.427,219.427,0.82,0.84,0.16,0.18,0.02,0.02,75022.83,1776627818000
1776627819.765,219.765,0.83,0.84,0.16,0.17,0.01,0.01,75022.83,1776627818000
1776627820.117,220.117,0.82,0.84,0.16,0.18,0.02,0.02,75022.83,1776627818000
1776627820.534,220.534,0.82,0.83,0.17,0.18,0.01,0.01,75029.13,1776627819000
1776627821.049,221.049,0.82,0.83,0.17,0.18,0.01,0.01,75029.13,1776627819000
1776627821.446,221.446,0.82,0.83,0.17,0.18,0.01,0.01,75029.14,1776627820000
1776627821.784,221.784,0.82,0.84,0.17,0.18,0.02,0.01,75029.14,1776627820000
1776627822.168,222.168,0.83,0.84,0.16,0.17,0.01,0.01,75029.14,1776627820000
1776627822.511,222.511,0.82,0.84,0.16,0.18,0.02,0.02,75029.12,1776627821000
1776627822.864,222.864,0.82,0.83,0.17,0.18,0.01,0.01,75029.12,1776627821000
1776627823.278,223.278,0.82,0.83,0.17,0.18,0.01,0.01,75029.12,1776627821000
1776627823.631,223.631,0.83,0.84,0.16,0.17,0.01,0.01,75029.14,1776627822000
1776627823.969,223.969,0.83,0.84,0.16,0.17,0.01,0.01,75029.14,1776627822000
1776627824.305,224.305,0.83,0.84,0.16,0.17,0.01,0.01,75029.14,1776627823000
1776627824.64,224.64,0.83,0.84,0.16,0.17,0.01,0.01,75029.14,1776627823000
1776627824.98,224.98,0.82,0.84,0.16,0.17,0.02,0.01,75029.14,1776627823000
1776627825.34,225.34,0.82,0.84,0.16,0.18,0.02,0.02,75029.25,1776627824000
1776627825.745,225.745,0.82,0.83,0.17,0.18,0.01,0.01,75029.25,1776627824000
1776627826.255,226.255,0.76,0.78,0.21,0.23,0.02,0.02,75029.26,1776627825000
1776627826.619,226.619,0.76,0.77,0.23,0.24,0.01,0.01,75029.26,1776627825000
1776627826.974,226.974,0.76,0.77,0.23,0.24,0.01,0.01,75029.26,1776627825000
1776627827.314,227.314,0.76,0.77,0.23,0.24,0.01,0.01,75029.26,1776627826000
1776627827.891,227.891,0.75,0.76,0.24,0.25,0.01,0.01,75029.26,1776627826000
1776627828.287,228.287,0.75,0.76,0.24,0.25,0.01,0.01,75027.35,1776627827000
1776627829.212,229.212,0.75,0.76,0.24,0.25,0.01,0.01,75027.03,1776627828000
1776627829.888,229.888,0.75,0.76,0.24,0.25,0.01,0.01,75027.03,1776627828000
1776627830.25,230.25,0.75,0.76,0.24,0.25,0.01,0.01,75027.03,1776627828000
1776627830.652,230.652,0.74,0.75,0.24,0.25,0.01,0.01,75022.91,1776627829000
1776627830.993,230.993,0.73,0.75,0.25,0.27,0.02,0.02,75022.91,1776627830000
1776627831.483,231.483,0.74,0.75,0.25,0.27,0.01,0.02,75022.91,1776627830000
1776627831.826,231.826,0.74,0.75,0.25,0.26,0.01,0.01,75022.91,1776627830000
1776627832.188,232.188,0.74,0.75,0.25,0.26,0.01,0.01,75020.72,1776627831000
1776627832.536,232.536,0.74,0.75,0.25,0.26,0.01,0.01,75020.72,1776627831000
1776627832.889,232.889,0.74,0.75,0.25,0.26,0.01,0.01,75020.72,1776627831000
1776627833.291,233.291,0.74,0.75,0.25,0.26,0.01,0.01,75020.38,1776627832000
1776627833.813,233.813,0.74,0.75,0.25,0.26,0.01,0.01,75020.38,1776627832000
1776627834.218,234.218,0.74,0.75,0.25,0.26,0.01,0.01,75020.38,1776627832000
1776627834.577,234.577,0.73,0.75,0.25,0.26,0.02,0.01,75020.1,1776627833000
1776627834.911,234.911,0.73,0.74,0.26,0.27,0.01,0.01,75020.1,1776627833000
1776627835.29,235.29,0.73,0.74,0.26,0.27,0.01,0.01,75020.1,1776627833000
1776627835.661,235.661,0.73,0.74,0.26,0.27,0.01,0.01,75019.72,1776627834000
1776627836.045,236.045,0.73,0.74,0.26,0.27,0.01,0.01,75020.1,1776627835000
1776627836.446,236.446,0.73,0.74,0.26,0.27,0.01,0.01,75020.1,1776627835000
1776627836.861,236.861,0.73,0.74,0.26,0.27,0.01,0.01,75020.1,1776627835000
1776627837.205,237.205,0.73,0.74,0.26,0.27,0.01,0.01,75020.12,1776627836000
1776627837.571,237.571,0.73,0.74,0.26,0.27,0.01,0.01,75020.12,1776627836000
1776627838.171,238.171,0.73,0.74,0.26,0.27,0.01,0.01,75020.11,1776627837000
1776627838.605,238.605,0.73,0.74,0.26,0.27,0.01,0.01,75020.11,1776627837000
1776627838.943,238.943,0.73,0.74,0.26,0.27,0.01,0.01,75020.11,1776627837000
1776627839.32,239.32,0.73,0.74,0.26,0.27,0.01,0.01,75019.79,1776627838000
1776627842.289,242.289,0.73,0.74,0.26,0.27,0.01,0.01,75019.79,1776627838000
1776627842.73,242.73,0.73,0.74,0.26,0.27,0.01,0.01,75019.79,1776627838000
1776627843.069,243.069,0.73,0.74,0.26,0.27,0.01,0.01,75019.79,1776627838000
1776627843.497,243.497,0.72,0.73,0.27,0.28,0.01,0.01,75019.79,1776627838000
1776627843.831,243.831,0.71,0.72,0.27,0.28,0.01,0.01,75019.79,1776627838000
1776627844.327,244.327,0.71,0.72,0.28,0.29,0.01,0.01,75019.79,1776627838000
1776627844.708,244.708,0.7,0.71,0.29,0.3,0.01,0.01,75019.79,1776627838000
1776627845.059,245.059,0.7,0.71,0.29,0.3,0.01,0.01,75019.79,1776627838000
1776627845.434,245.434,0.7,0.71,0.29,0.3,0.01,0.01,75019.79,1776627838000
1776627845.871,245.871,0.68,0.69,0.29,0.32,0.01,0.03,75019.79,1776627838000
1776627846.256,246.256,0.65,0.66,0.33,0.35,0.01,0.02,75019.79,1776627838000
1776627846.61,246.61,0.62,0.64,0.36,0.37,0.02,0.01,75016.6,1776627845000
1776627846.945,246.945,0.62,0.63,0.37,0.38,0.01,0.01,75016.6,1776627845000
1776627847.451,247.451,0.61,0.62,0.37,0.39,0.01,0.02,75016.6,1776627845000
1776627847.784,247.784,0.61,0.62,0.38,0.39,0.01,0.01,75016.4,1776627846000
1776627848.178,248.178,0.61,0.62,0.38,0.39,0.01,0.01,75016.4,1776627846000
1776627848.563,248.563,0.59,0.6,0.39,0.41,0.01,0.02,75011.96,1776627847000
1776627848.962,248.962,0.59,0.6,0.4,0.41,0.01,0.01,75011.96,1776627847000
1776627849.314,249.314,0.59,0.6,0.4,0.41,0.01,0.01,75011.96,1776627847000
1776627849.647,249.647,0.59,0.6,0.4,0.41,0.01,0.01,75011.23,1776627848000
1776627850.005,250.005,0.59,0.6,0.4,0.41,0.01,0.01,75011.23,1776627848000
1776627850.401,250.401,0.59,0.6,0.4,0.41,0.01,0.01,75011.23,1776627848000
1776627850.85,250.85,0.59,0.6,0.4,0.41,0.01,0.01,75011.12,1776627849000
1776627851.2,251.2,0.59,0.6,0.4,0.41,0.01,0.01,75011.12,1776627849000
1776627851.601,251.601,0.59,0.6,0.4,0.41,0.01,0.01,75011.12,1776627850000
1776627851.988,251.988,0.59,0.6,0.4,0.41,0.01,0.01,75011.12,1776627850000
1776627852.37,252.37,0.59,0.6,0.4,0.41,0.01,0.01,75012.74,1776627851000
1776627852.758,252.758,0.6,0.61,0.39,0.4,0.01,0.01,75012.74,1776627851000
1776627853.235,253.235,0.6,0.61,0.39,0.4,0.01,0.01,75013.02,1776627852000
1776627853.623,253.623,0.6,0.61,0.39,0.4,0.01,0.01,75013.02,1776627852000
1776627853.962,253.962,0.6,0.61,0.39,0.4,0.01,0.01,75013.02,1776627852000
1776627854.305,254.305,0.6,0.61,0.39,0.4,0.01,0.01,75013.02,1776627852000
1776627854.64,254.64,0.6,0.61,0.39,0.4,0.01,0.01,75012.75,1776627853000
1776627855.073,255.073,0.6,0.61,0.39,0.4,0.01,0.01,75012.75,1776627853000
1776627855.424,255.424,0.6,0.61,0.39,0.4,0.01,0.01,75012.75,1776627853000
1776627855.911,255.911,0.6,0.61,0.39,0.4,0.01,0.01,75012.98,1776627854000
1776627856.295,256.295,0.6,0.61,0.39,0.4,0.01,0.01,75012.98,1776627855000
1776627856.989,256.989,0.53,0.57,0.43,0.47,0.04,0.04,75012.08,1776627856000
1776627857.723,257.723,0.53,0.56,0.43,0.47,0.03,0.04,75012.08,1776627856000
1776627858.219,258.219,0.52,0.53,0.47,0.48,0.01,0.01,75010.47,1776627857000
1776627858.579,258.579,0.5,0.51,0.49,0.5,0.01,0.01,75010.47,1776627857000
1776627858.923,258.923,0.51,0.53,0.48,0.49,0.02,0.01,75010.47,1776627857000
1776627859.317,259.317,0.51,0.52,0.48,0.49,0.01,0.01,75002.96,1776627858000
1776627859.665,259.665,0.49,0.5,0.5,0.51,0.01,0.01,75002.96,1776627858000
1776627859.999,259.999,0.49,0.5,0.5,0.51,0.01,0.01,75002.96,1776627858000
1776627860.345,260.345,0.49,0.5,0.5,0.51,0.01,0.01,75002.35,1776627859000
1776627860.707,260.707,0.49,0.5,0.5,0.51,0.01,0.01,75002.35,1776627859000
1776627861.09,261.09,0.5,0.51,0.49,0.51,0.01,0.02,75002.35,1776627859000
1776627861.448,261.448,0.5,0.51,0.49,0.5,0.01,0.01,75002.79,1776627860000
1776627861.804,261.804,0.49,0.5,0.5,0.51,0.01,0.01,75002.79,1776627860000
1776627862.151,262.151,0.53,0.54,0.45,0.47,0.01,0.02,75002.79,1776627860000
1776627862.528,262.528,0.55,0.56,0.44,0.45,0.01,0.01,75005.27,1776627861000
1776627862.995,262.995,0.55,0.56,0.44,0.45,0.01,0.01,75005.27,1776627861000
1776627863.357,263.357,0.56,0.57,0.43,0.44,0.01,0.01,75005.27,1776627861000
1776627863.727,263.727,0.56,0.57,0.43,0.44,0.01,0.01,75005.58,1776627862000
1776627864.068,264.068,0.56,0.57,0.43,0.44,0.01,0.01,75005.58,1776627862000
1776627864.42,264.42,0.56,0.57,0.43,0.44,0.01,0.01,75005.58,1776627863000
1776627864.936,264.936,0.58,0.6,0.43,0.44,0.02,0.01,75005.58,1776627863000
1776627865.324,265.324,0.74,0.76,0.25,0.28,0.02,0.03,75005.58,1776627863000
1776627865.719,265.719,0.74,0.75,0.25,0.26,0.01,0.01,75007.59,1776627864000
1776627866.053,266.053,0.77,0.78,0.22,0.24,0.01,0.02,75007.59,1776627864000
1776627866.4,266.4,0.77,0.78,0.22,0.23,0.01,0.01,75007.59,1776627865000
1776627866.754,266.754,0.77,0.78,0.22,0.23,0.01,0.01,75007.59,1776627865000
1776627867.148,267.148,0.77,0.78,0.22,0.23,0.01,0.01,75007.59,1776627865000
1776627867.634,267.634,0.77,0.78,0.22,0.23,0.01,0.01,75007.59,1776627865000
1776627868.004,268.004,0.74,0.77,0.23,0.24,0.03,0.01,75010.13,1776627866000
1776627868.358,268.358,0.74,0.75,0.25,0.26,0.01,0.01,75010.13,1776627866000
1776627868.83,268.83,0.74,0.75,0.25,0.26,0.01,0.01,75016.65,1776627867000
1776627869.185,269.185,0.74,0.75,0.25,0.26,0.01,0.01,75016.65,1776627867000
1776627869.581,269.581,0.74,0.75,0.25,0.26,0.01,0.01,75016.65,1776627867000
1776627869.937,269.937,0.43,0.49,0.51,0.57,0.06,0.06,75016.66,1776627868000
1776627870.29,270.29,0.38,0.42,0.58,0.6,0.04,0.02,75016.66,1776627868000
1776627870.623,270.623,0.37,0.39,0.61,0.63,0.02,0.02,75016.66,1776627868000
1776627870.957,270.957,0.31,0.38,0.62,0.69,0.07,0.07,75016.51,1776627869000
1776627871.301,271.301,0.27,0.3,0.7,0.73,0.03,0.03,75013.24,1776627870000
1776627871.649,271.649,0.24,0.28,0.72,0.76,0.04,0.04,75013.24,1776627870000
1776627871.983,271.983,0.23,0.26,0.74,0.77,0.03,0.03,75013.24,1776627870000
1776627872.336,272.336,0.24,0.25,0.75,0.76,0.01,0.01,75013.24,1776627870000
1776627872.684,272.684,0.24,0.25,0.75,0.76,0.01,0.01,75000.48,1776627871000
1776627873.026,273.026,0.24,0.25,0.75,0.76,0.01,0.01,75000.48,1776627871000
1776627873.463,273.463,0.24,0.25,0.75,0.76,0.01,0.01,74996.11,1776627872000
1776627873.803,273.803,0.24,0.25,0.75,0.76,0.01,0.01,74996.11,1776627872000
1776627874.21,274.21,0.22,0.23,0.77,0.78,0.01,0.01,74996.11,1776627872000
1776627874.624,274.624,0.22,0.23,0.77,0.78,0.01,0.01,74994.97,1776627873000
1776627875.156,275.156,0.22,0.23,0.77,0.78,0.01,0.01,74994.97,1776627873000
1776627875.519,275.519,0.22,0.23,0.77,0.78,0.01,0.01,74994.97,1776627874000
1776627875.868,275.868,0.22,0.23,0.77,0.78,0.01,0.01,74994.97,1776627874000
1776627876.311,276.311,0.24,0.27,0.75,0.76,0.03,0.01,74994.97,1776627874000
1776627876.74,276.74,0.24,0.25,0.75,0.76,0.01,0.01,74995.19,1776627875000
1776627877.107,277.107,0.21,0.23,0.77,0.78,0.02,0.01,74995.19,1776627875000
1776627877.635,277.635,0.21,0.22,0.78,0.79,0.01,0.01,74995.45,1776627876000
1776627877.995,277.995,0.21,0.22,0.78,0.79,0.01,0.01,74995.45,1776627876000
1776627878.34,278.34,0.21,0.22,0.78,0.79,0.01,0.01,74995.45,1776627876000
1776627878.983,278.983,0.21,0.22,0.78,0.79,0.01,0.01,74995.83,1776627877000
1776627879.318,279.318,0.21,0.22,0.78,0.79,0.01,0.01,74995.83,1776627877000
1776627879.792,279.792,0.23,0.24,0.76,0.77,0.01,0.01,74995.39,1776627878000
1776627880.161,280.161,0.22,0.24,0.76,0.78,0.02,0.02,74995.39,1776627879000
1776627880.548,280.548,0.22,0.23,0.77,0.78,0.01,0.01,74995.39,1776627879000
1776627880.932,280.932,0.2,0.23,0.77,0.78,0.03,0.01,74995.39,1776627879000
1776627881.312,281.312,0.2,0.21,0.79,0.8,0.01,0.01,74995.4,1776627880000
1776627881.659,281.659,0.2,0.21,0.79,0.8,0.01,0.01,74995.4,1776627880000
1776627882.058,282.058,0.2,0.21,0.79,0.8,0.01,0.01,74995.4,1776627880000
1776627882.512,282.512,0.21,0.22,0.78,0.79,0.01,0.01,74995.4,1776627880000
1776627882.942,282.942,0.21,0.22,0.78,0.79,0.01,0.01,74995.8,1776627881000
1776627883.363,283.363,0.2,0.23,0.79,0.8,0.03,0.01,74995.8,1776627881000
1776627883.711,283.711,0.31,0.32,0.73,0.74,0.01,0.01,74995.8,1776627882000
1776627884.091,284.091,0.35,0.36,0.64,0.65,0.01,0.01,74995.8,1776627882000
1776627884.449,284.449,0.35,0.36,0.64,0.65,0.01,0.01,74995.8,1776627882000
1776627884.784,284.784,0.35,0.36,0.64,0.65,0.01,0.01,74995.96,1776627883000
1776627885.128,285.128,0.35,0.36,0.64,0.65,0.01,0.01,74995.96,1776627883000
1776627885.597,285.597,0.35,0.36,0.64,0.65,0.01,0.01,74996.55,1776627884000
1776627885.947,285.947,0.35,0.36,0.64,0.65,0.01,0.01,74996.55,1776627884000
1776627886.324,286.324,0.35,0.36,0.64,0.65,0.01,0.01,74996.55,1776627884000
1776627886.667,286.667,0.35,0.36,0.64,0.65,0.01,0.01,75000.87,1776627885000
1776627887.011,287.011,0.35,0.36,0.64,0.65,0.01,0.01,75000.92,1776627886000
1776627887.371,287.371,0.35,0.36,0.64,0.65,0.01,0.01,75000.92,1776627886000
1776627887.922,287.922,0.35,0.36,0.64,0.65,0.01,0.01,75000.92,1776627886000
1776627888.266,288.266,0.4,0.44,0.59,0.6,0.04,0.01,75000.92,1776627886000
1776627888.697,288.697,0.42,0.43,0.57,0.58,0.01,0.01,75000.92,1776627886000
1776627889.079,289.079,0.42,0.43,0.57,0.58,0.01,0.01,75001.02,1776627887000
1776627889.47,289.47,0.42,0.43,0.57,0.58,0.01,0.01,75001.02,1776627887000
1776627890.328,290.328,0.34,0.35,0.65,0.66,0.01,0.01,75001.12,1776627889000
1776627890.707,290.707,0.31,0.32,0.68,0.69,0.01,0.01,75001.12,1776627889000
1776627891.163,291.163,0.31,0.32,0.68,0.69,0.01,0.01,75001.12,1776627889000
1776627891.51,291.51,0.31,0.32,0.68,0.69,0.01,0.01,75001.12,1776627889000
1776627891.98,291.98,0.31,0.32,0.68,0.69,0.01,0.01,75001.39,1776627890000
1776627892.596,292.596,0.31,0.32,0.68,0.69,0.01,0.01,75001.39,1776627891000
1776627893.014,293.014,0.22,0.32,0.68,0.69,0.1,0.01,75001.39,1776627891000
1776627893.432,293.432,0.21,0.27,0.73,0.79,0.06,0.06,75001.39,1776627891000
1776627893.782,293.782,0.25,0.27,0.73,0.79,0.02,0.06,75001.32,1776627892000
1776627894.151,294.151,0.25,0.26,0.74,0.75,0.01,0.01,75001.32,1776627892000
1776627894.505,294.505,0.25,0.32,0.74,0.75,0.07,0.01,75001.32,1776627893000
1776627894.979,294.979,0.25,0.26,0.74,0.75,0.01,0.01,75001.32,1776627893000
1776627895.384,295.384,0.25,0.26,0.74,0.75,0.01,0.01,75001.36,1776627894000
1776627895.724,295.724,0.16,0.23,0.76,0.85,0.07,0.09,75001.36,1776627894000
1776627896.069,296.069,0.14,0.2,0.8,0.81,0.06,0.01,75001.36,1776627894000
1776627896.421,296.421,0.15,0.16,0.84,0.85,0.01,0.01,75001.36,1776627894000
1776627896.763,296.763,0.11,0.12,0.88,0.89,0.01,0.01,75001.33,1776627895000
1776627897.099,297.099,0.11,0.12,0.88,0.89,0.01,0.01,75001.33,1776627895000
1776627897.472,297.472,0.06,0.07,0.93,0.94,0.01,0.01,75001.33,1776627896000
1776627897.816,297.816,0.05,0.06,0.94,0.95,0.01,0.01,75001.33,1776627896000
1776627898.162,298.162,0.05,0.06,0.94,0.95,0.01,0.01,75001.33,1776627896000
1776627898.524,298.524,0.01,0.02,0.98,0.99,0.01,0.01,75001.33,1776627896000
1776627898.955,298.955,0.01,0.01,0.99,0.99,0.0,0.0,75001.31,1776627897000
1776627899.289,299.289,0.01,0.01,0.99,0.99,0.0,0.0,74997.86,1776627898000
1776627899.77,299.77,0.01,0.01,0.99,0.99,0.0,0.0,74997.86,1776627898000
1776627900.35,300.35,0.01,0.01,0.99,0.99,0.0,0.0,74997.86,1776627898000
1776627900.706,300.706,0.01,0.01,0.99,0.99,0.0,0.0,74997.86,1776627898000
1776627901.203,301.203,0.01,0.01,0.99,0.99,0.0,0.0,74990.21,1776627899000
1776627901.691,301.691,0.01,0.01,0.99,0.99,0.0,0.0,74989.58,1776627900000
1776627902.27,302.27,0.01,0.01,0.99,0.99,0.0,0.0,74989.58,1776627901000

# RESULT,winner=Down,slug=btc-updown-5m-1776627600,ticks=688
