timestamp,elapsed_sec,up_bid,up_ask,down_bid,down_ask,up_spread,down_spread,btc_price,btc_oracle_ts
1776205500.801,0.801,0.52,0.53,0.47,0.49,0.01,0.02,74104.97,1776205499000
1776205501.164,1.164,0.52,0.53,0.47,0.48,0.01,0.01,74104.97,1776205499000
1776205501.825,1.825,0.52,0.53,0.47,0.48,0.01,0.01,74105.09,1776205500000
1776205502.783,2.783,0.51,0.53,0.47,0.49,0.02,0.02,74105.09,1776205501000
1776205503.116,3.116,0.5,0.52,0.48,0.5,0.02,0.02,74105.09,1776205501000
1776205503.452,3.452,0.5,0.51,0.49,0.5,0.01,0.01,74105.21,1776205502000
1776205504.001,4.001,0.5,0.51,0.49,0.5,0.01,0.01,74105.21,1776205502000
1776205504.361,4.361,0.5,0.51,0.49,0.5,0.01,0.01,74105.21,1776205502000
1776205504.84,4.84,0.49,0.5,0.5,0.51,0.01,0.01,74100.16,1776205503000
1776205505.349,5.349,0.48,0.49,0.5,0.52,0.01,0.02,74100.16,1776205503000
1776205505.729,5.729,0.48,0.49,0.51,0.52,0.01,0.01,74095.77,1776205504000
1776205506.285,6.285,0.47,0.48,0.52,0.53,0.01,0.01,74095.76,1776205505000
1776205506.62,6.62,0.47,0.48,0.52,0.53,0.01,0.01,74095.76,1776205505000
1776205507.169,7.169,0.47,0.48,0.52,0.53,0.01,0.01,74095.76,1776205505000
1776205507.582,7.582,0.47,0.48,0.52,0.53,0.01,0.01,74095.76,1776205505000
1776205508.059,8.059,0.47,0.48,0.52,0.53,0.01,0.01,74095.42,1776205506000
1776205508.477,8.477,0.46,0.47,0.53,0.54,0.01,0.01,74094.97,1776205507000
1776205508.858,8.858,0.46,0.47,0.53,0.54,0.01,0.01,74094.97,1776205507000
1776205509.206,9.206,0.46,0.47,0.53,0.54,0.01,0.01,74094.95,1776205508000
1776205509.663,9.663,0.45,0.46,0.54,0.55,0.01,0.01,74094.95,1776205508000
1776205510.037,10.037,0.45,0.46,0.54,0.55,0.01,0.01,74094.95,1776205508000
1776205510.457,10.457,0.45,0.46,0.54,0.55,0.01,0.01,74094.82,1776205509000
1776205510.901,10.901,0.45,0.46,0.54,0.55,0.01,0.01,74094.82,1776205509000
1776205511.388,11.388,0.45,0.46,0.54,0.55,0.01,0.01,74095.17,1776205510000
1776205511.786,11.786,0.45,0.46,0.54,0.55,0.01,0.01,74095.17,1776205510000
1776205512.177,12.177,0.45,0.46,0.54,0.55,0.01,0.01,74095.17,1776205510000
1776205512.589,12.589,0.45,0.48,0.54,0.55,0.03,0.01,74095.11,1776205511000
1776205513.03,13.03,0.45,0.46,0.52,0.55,0.01,0.03,74095.11,1776205511000
1776205513.569,13.569,0.46,0.47,0.53,0.54,0.01,0.01,74094.83,1776205512000
1776205514.101,14.101,0.46,0.47,0.53,0.54,0.01,0.01,74094.83,1776205512000
1776205514.664,14.664,0.46,0.47,0.53,0.54,0.01,0.01,74094.84,1776205513000
1776205515.108,15.108,0.46,0.47,0.53,0.54,0.01,0.01,74094.84,1776205513000
1776205515.462,15.462,0.46,0.47,0.53,0.54,0.01,0.01,74094.84,1776205514000
1776205516.0,16.0,0.45,0.46,0.54,0.55,0.01,0.01,74094.16,1776205515000
1776205516.743,16.743,0.45,0.46,0.54,0.55,0.01,0.01,74094.16,1776205515000
1776205517.111,17.111,0.45,0.46,0.54,0.55,0.01,0.01,74094.16,1776205516000
1776205517.461,17.461,0.45,0.46,0.54,0.55,0.01,0.01,74094.16,1776205516000
1776205517.863,17.863,0.45,0.46,0.54,0.55,0.01,0.01,74094.16,1776205516000
1776205518.529,18.529,0.44,0.45,0.55,0.56,0.01,0.01,74094.16,1776205516000
1776205518.887,18.887,0.44,0.45,0.55,0.56,0.01,0.01,74092.63,1776205517000
1776205519.236,19.236,0.44,0.45,0.55,0.56,0.01,0.01,74092.63,1776205518000
1776205519.846,19.846,0.44,0.45,0.55,0.56,0.01,0.01,74092.63,1776205518000
1776205520.323,20.323,0.44,0.45,0.55,0.56,0.01,0.01,74093.09,1776205519000
1776205520.922,20.922,0.44,0.45,0.55,0.56,0.01,0.01,74093.09,1776205519000
1776205521.35,21.35,0.44,0.45,0.55,0.56,0.01,0.01,74093.09,1776205519000
1776205521.868,21.868,0.44,0.45,0.55,0.56,0.01,0.01,74091.91,1776205520000
1776205522.554,22.554,0.44,0.45,0.55,0.56,0.01,0.01,74091.89,1776205521000
1776205523.424,23.424,0.44,0.45,0.55,0.56,0.01,0.01,74091.89,1776205521000
1776205523.789,23.789,0.44,0.45,0.55,0.56,0.01,0.01,74091.89,1776205521000
1776205524.362,24.362,0.44,0.45,0.55,0.56,0.01,0.01,74091.74,1776205522000
1776205524.764,24.764,0.44,0.45,0.55,0.56,0.01,0.01,74091.74,1776205522000
1776205525.109,25.109,0.44,0.45,0.55,0.56,0.01,0.01,74091.74,1776205522000
1776205525.604,25.604,0.44,0.45,0.55,0.56,0.01,0.01,74091.64,1776205524000
1776205526.065,26.065,0.44,0.45,0.55,0.56,0.01,0.01,74091.64,1776205524000
1776205526.403,26.403,0.44,0.45,0.55,0.56,0.01,0.01,74092.38,1776205525000
1776205526.872,26.872,0.44,0.45,0.55,0.56,0.01,0.01,74092.38,1776205525000
1776205527.252,27.252,0.44,0.45,0.55,0.56,0.01,0.01,74092.38,1776205525000
1776205528.245,28.245,0.44,0.45,0.55,0.56,0.01,0.01,74092.58,1776205526000
1776205528.6,28.6,0.43,0.44,0.56,0.57,0.01,0.01,74092.59,1776205527000
1776205528.979,28.979,0.43,0.44,0.56,0.57,0.01,0.01,74092.59,1776205527000
1776205529.357,29.357,0.43,0.44,0.56,0.57,0.01,0.01,74092.52,1776205528000
1776205530.363,30.363,0.43,0.44,0.56,0.57,0.01,0.01,74092.39,1776205529000
1776205530.838,30.838,0.43,0.44,0.56,0.57,0.01,0.01,74092.39,1776205529000
1776205531.221,31.221,0.42,0.44,0.56,0.57,0.02,0.01,74092.39,1776205529000
1776205531.561,31.561,0.4,0.42,0.58,0.6,0.02,0.02,74091.7,1776205530000
1776205531.912,31.912,0.38,0.4,0.6,0.61,0.02,0.01,74091.7,1776205530000
1776205532.307,32.307,0.39,0.4,0.6,0.61,0.01,0.01,74091.7,1776205530000
1776205532.794,32.794,0.37,0.38,0.62,0.64,0.01,0.02,74091.7,1776205531000
1776205533.223,33.223,0.37,0.38,0.62,0.63,0.01,0.01,74091.7,1776205531000
1776205533.569,33.569,0.37,0.38,0.62,0.63,0.01,0.01,74088.93,1776205532000
1776205534.311,34.311,0.37,0.38,0.62,0.63,0.01,0.01,74080.34,1776205533000
1776205534.879,34.879,0.36,0.38,0.62,0.63,0.02,0.01,74080.34,1776205533000
1776205535.321,35.321,0.35,0.37,0.63,0.65,0.02,0.02,74077.95,1776205534000
1776205535.669,35.669,0.35,0.36,0.64,0.65,0.01,0.01,74077.95,1776205534000
1776205536.082,36.082,0.35,0.36,0.64,0.65,0.01,0.01,74077.95,1776205534000
1776205536.542,36.542,0.34,0.36,0.64,0.66,0.02,0.02,74077.04,1776205535000
1776205537.263,37.263,0.34,0.35,0.65,0.66,0.01,0.01,74075.3,1776205536000
1776205537.621,37.621,0.34,0.35,0.65,0.66,0.01,0.01,74075.3,1776205536000
1776205537.964,37.964,0.34,0.35,0.65,0.66,0.01,0.01,74075.3,1776205536000
1776205538.311,38.311,0.34,0.35,0.65,0.67,0.01,0.02,74075.3,1776205536000
1776205538.702,38.702,0.33,0.34,0.66,0.67,0.01,0.01,74074.72,1776205537000
1776205539.499,39.499,0.33,0.34,0.66,0.67,0.01,0.01,74074.45,1776205538000
1776205539.879,39.879,0.33,0.34,0.66,0.67,0.01,0.01,74073.75,1776205539000
1776205540.57,40.57,0.33,0.34,0.66,0.67,0.01,0.01,74073.75,1776205539000
1776205541.328,41.328,0.33,0.34,0.66,0.67,0.01,0.01,74073.4,1776205540000
1776205542.371,42.371,0.33,0.34,0.66,0.67,0.01,0.01,74071.16,1776205541000
1776205543.296,43.296,0.33,0.34,0.66,0.67,0.01,0.01,74071.16,1776205542000
1776205544.2,44.2,0.33,0.34,0.66,0.67,0.01,0.01,74071.16,1776205542000
1776205544.645,44.645,0.33,0.34,0.66,0.67,0.01,0.01,74075.64,1776205543000
1776205544.979,44.979,0.39,0.4,0.6,0.61,0.01,0.01,74075.64,1776205543000
1776205545.344,45.344,0.38,0.4,0.6,0.62,0.02,0.02,74082.38,1776205544000
1776205545.73,45.73,0.4,0.41,0.6,0.61,0.01,0.01,74082.38,1776205544000
1776205546.109,46.109,0.4,0.41,0.59,0.6,0.01,0.01,74082.38,1776205544000
1776205546.679,46.679,0.4,0.41,0.59,0.6,0.01,0.01,74087.84,1776205545000
1776205547.029,47.029,0.41,0.42,0.58,0.59,0.01,0.01,74087.84,1776205545000
1776205547.367,47.367,0.41,0.42,0.58,0.59,0.01,0.01,74087.84,1776205545000
1776205547.981,47.981,0.41,0.42,0.58,0.59,0.01,0.01,74088.52,1776205546000
1776205548.33,48.33,0.41,0.42,0.58,0.59,0.01,0.01,74089.44,1776205547000
1776205548.887,48.887,0.41,0.42,0.58,0.59,0.01,0.01,74089.44,1776205547000
1776205549.231,49.231,0.41,0.42,0.58,0.59,0.01,0.01,74089.44,1776205548000
1776205549.58,49.58,0.41,0.42,0.58,0.59,0.01,0.01,74089.44,1776205548000
1776205549.964,49.964,0.41,0.42,0.58,0.59,0.01,0.01,74090.03,1776205549000
1776205550.477,50.477,0.41,0.42,0.58,0.59,0.01,0.01,74090.03,1776205549000
1776205550.959,50.959,0.41,0.42,0.58,0.59,0.01,0.01,74090.03,1776205549000
1776205551.538,51.538,0.41,0.42,0.58,0.59,0.01,0.01,74090.06,1776205550000
1776205552.167,52.167,0.41,0.42,0.58,0.59,0.01,0.01,74090.06,1776205550000
1776205553.081,53.081,0.41,0.42,0.58,0.59,0.01,0.01,74090.05,1776205552000
1776205553.446,53.446,0.41,0.42,0.58,0.59,0.01,0.01,74090.05,1776205552000
1776205554.014,54.014,0.41,0.42,0.58,0.59,0.01,0.01,74090.05,1776205553000
1776205555.01,55.01,0.4,0.41,0.59,0.6,0.01,0.01,74090.05,1776205554000
1776205555.548,55.548,0.4,0.41,0.59,0.6,0.01,0.01,74090.05,1776205554000
1776205555.882,55.882,0.4,0.41,0.59,0.6,0.01,0.01,74090.05,1776205554000
1776205556.226,56.226,0.41,0.42,0.58,0.59,0.01,0.01,74090.12,1776205555000
1776205556.637,56.637,0.41,0.42,0.58,0.59,0.01,0.01,74090.12,1776205555000
1776205557.909,57.909,0.41,0.42,0.58,0.59,0.01,0.01,74090.07,1776205557000
1776205558.809,58.809,0.41,0.42,0.58,0.59,0.01,0.01,74090.07,1776205557000
1776205559.149,59.149,0.41,0.42,0.58,0.59,0.01,0.01,74090.07,1776205558000
1776205559.972,59.972,0.41,0.42,0.58,0.59,0.01,0.01,74090.37,1776205559000
1776205560.32,60.32,0.41,0.42,0.58,0.59,0.01,0.01,74090.37,1776205559000
1776205561.01,61.01,0.41,0.42,0.58,0.59,0.01,0.01,74090.37,1776205560000
1776205561.56,61.56,0.41,0.42,0.58,0.59,0.01,0.01,74090.37,1776205560000
1776205561.932,61.932,0.41,0.42,0.58,0.59,0.01,0.01,74090.37,1776205561000
1776205562.676,62.676,0.41,0.42,0.58,0.59,0.01,0.01,74090.37,1776205561000
1776205563.041,63.041,0.41,0.42,0.58,0.59,0.01,0.01,74090.37,1776205562000
1776205563.383,63.383,0.41,0.42,0.58,0.59,0.01,0.01,74090.37,1776205562000
1776205563.922,63.922,0.41,0.42,0.58,0.59,0.01,0.01,74090.37,1776205562000
1776205564.804,64.804,0.41,0.42,0.58,0.59,0.01,0.01,74090.27,1776205563000
1776205565.149,65.149,0.41,0.42,0.58,0.59,0.01,0.01,74090.32,1776205564000
1776205566.167,66.167,0.41,0.43,0.57,0.59,0.02,0.02,74090.32,1776205565000
1776205566.511,66.511,0.42,0.43,0.57,0.58,0.01,0.01,74090.32,1776205565000
1776205567.03,67.03,0.42,0.43,0.57,0.58,0.01,0.01,74090.32,1776205565000
1776205567.756,67.756,0.42,0.43,0.57,0.58,0.01,0.01,74090.32,1776205566000
1776205568.151,68.151,0.42,0.43,0.57,0.58,0.01,0.01,74090.33,1776205567000
1776205568.488,68.488,0.42,0.43,0.57,0.58,0.01,0.01,74090.33,1776205567000
1776205568.843,68.843,0.38,0.4,0.6,0.62,0.02,0.02,74090.33,1776205567000
1776205569.185,69.185,0.38,0.39,0.61,0.62,0.01,0.01,74090.33,1776205567000
1776205569.61,69.61,0.38,0.39,0.61,0.62,0.01,0.01,74090.34,1776205568000
1776205570.345,70.345,0.38,0.39,0.61,0.62,0.01,0.01,74089.04,1776205569000
1776205570.875,70.875,0.38,0.39,0.61,0.62,0.01,0.01,74088.86,1776205570000
1776205571.479,71.479,0.38,0.39,0.61,0.62,0.01,0.01,74088.86,1776205570000
1776205571.915,71.915,0.38,0.39,0.61,0.62,0.01,0.01,74088.86,1776205570000
1776205572.48,72.48,0.38,0.39,0.61,0.62,0.01,0.01,74086.39,1776205571000
1776205572.839,72.839,0.38,0.39,0.61,0.62,0.01,0.01,74086.39,1776205571000
1776205573.302,73.302,0.38,0.39,0.61,0.62,0.01,0.01,74086.56,1776205572000
1776205574.357,74.357,0.38,0.39,0.61,0.62,0.01,0.01,74086.56,1776205573000
1776205574.845,74.845,0.34,0.35,0.65,0.66,0.01,0.01,74086.56,1776205573000
1776205575.246,75.246,0.34,0.35,0.65,0.66,0.01,0.01,74086.56,1776205573000
1776205575.586,75.586,0.34,0.35,0.65,0.66,0.01,0.01,74086.49,1776205574000
1776205575.963,75.963,0.34,0.35,0.65,0.66,0.01,0.01,74086.4,1776205575000
1776205576.997,76.997,0.34,0.35,0.65,0.66,0.01,0.01,74081.81,1776205576000
1776205577.527,77.527,0.34,0.35,0.65,0.66,0.01,0.01,74081.81,1776205576000
1776205577.958,77.958,0.36,0.37,0.63,0.65,0.01,0.02,74081.81,1776205576000
1776205578.638,78.638,0.36,0.37,0.63,0.64,0.01,0.01,74080.26,1776205577000
1776205579.014,79.014,0.36,0.37,0.63,0.64,0.01,0.01,74080.26,1776205577000
1776205579.914,79.914,0.36,0.37,0.63,0.64,0.01,0.01,74081.3,1776205578000
1776205580.509,80.509,0.36,0.37,0.63,0.64,0.01,0.01,74081.3,1776205578000
1776205580.911,80.911,0.36,0.37,0.63,0.64,0.01,0.01,74083.03,1776205579000
1776205581.382,81.382,0.36,0.37,0.63,0.64,0.01,0.01,74082.83,1776205580000
1776205581.91,81.91,0.36,0.37,0.63,0.64,0.01,0.01,74082.83,1776205580000
1776205582.269,82.269,0.36,0.37,0.63,0.64,0.01,0.01,74082.83,1776205580000
1776205582.692,82.692,0.36,0.37,0.63,0.64,0.01,0.01,74082.9,1776205581000
1776205583.126,83.126,0.35,0.36,0.64,0.65,0.01,0.01,74082.9,1776205581000
1776205583.494,83.494,0.35,0.36,0.64,0.65,0.01,0.01,74082.86,1776205582000
1776205584.39,84.39,0.35,0.36,0.64,0.65,0.01,0.01,74082.86,1776205582000
1776205584.733,84.733,0.34,0.36,0.64,0.65,0.02,0.01,74082.73,1776205583000
1776205585.09,85.09,0.34,0.35,0.65,0.66,0.01,0.01,74082.73,1776205583000
1776205585.672,85.672,0.34,0.35,0.65,0.66,0.01,0.01,74080.92,1776205584000
1776205586.143,86.143,0.34,0.35,0.65,0.66,0.01,0.01,74080.92,1776205584000
1776205586.538,86.538,0.34,0.35,0.65,0.66,0.01,0.01,74080.65,1776205585000
1776205586.902,86.902,0.34,0.35,0.65,0.66,0.01,0.01,74080.65,1776205585000
1776205587.419,87.419,0.34,0.35,0.65,0.66,0.01,0.01,74080.7,1776205586000
1776205588.203,88.203,0.34,0.35,0.65,0.66,0.01,0.01,74080.7,1776205586000
1776205588.69,88.69,0.34,0.35,0.65,0.66,0.01,0.01,74082.12,1776205587000
1776205589.207,89.207,0.34,0.35,0.65,0.66,0.01,0.01,74082.12,1776205587000
1776205590.069,90.069,0.34,0.35,0.65,0.66,0.01,0.01,74081.9,1776205589000
1776205590.42,90.42,0.34,0.35,0.65,0.66,0.01,0.01,74081.9,1776205589000
1776205590.756,90.756,0.34,0.35,0.65,0.66,0.01,0.01,74081.9,1776205589000
1776205591.29,91.29,0.34,0.35,0.65,0.66,0.01,0.01,74081.9,1776205589000
1776205591.731,91.731,0.34,0.35,0.65,0.66,0.01,0.01,74082.62,1776205590000
1776205592.601,92.601,0.34,0.35,0.65,0.66,0.01,0.01,74082.82,1776205591000
1776205593.047,93.047,0.34,0.35,0.65,0.66,0.01,0.01,74082.82,1776205591000
1776205593.605,93.605,0.34,0.35,0.65,0.66,0.01,0.01,74082.26,1776205592000
1776205593.97,93.97,0.34,0.35,0.65,0.66,0.01,0.01,74081.47,1776205593000
1776205594.759,94.759,0.34,0.35,0.65,0.66,0.01,0.01,74081.47,1776205593000
1776205595.399,95.399,0.34,0.35,0.65,0.66,0.01,0.01,74081.47,1776205593000
1776205595.761,95.761,0.33,0.34,0.66,0.67,0.01,0.01,74081.47,1776205594000
1776205596.099,96.099,0.33,0.35,0.66,0.67,0.02,0.01,74081.66,1776205595000
1776205596.681,96.681,0.34,0.36,0.65,0.66,0.02,0.01,74081.66,1776205595000
1776205597.024,97.024,0.38,0.39,0.61,0.62,0.01,0.01,74081.66,1776205595000
1776205597.471,97.471,0.38,0.39,0.61,0.62,0.01,0.01,74081.68,1776205596000
1776205597.979,97.979,0.38,0.39,0.61,0.62,0.01,0.01,74081.74,1776205597000
1776205598.345,98.345,0.38,0.39,0.61,0.62,0.01,0.01,74081.74,1776205597000
1776205598.799,98.799,0.38,0.39,0.61,0.62,0.01,0.01,74081.74,1776205597000
1776205599.156,99.156,0.38,0.4,0.6,0.62,0.02,0.02,74083.98,1776205598000
1776205599.671,99.671,0.4,0.41,0.59,0.6,0.01,0.01,74083.98,1776205598000
1776205600.063,100.063,0.4,0.41,0.59,0.6,0.01,0.01,74085.11,1776205599000
1776205600.663,100.663,0.4,0.41,0.59,0.6,0.01,0.01,74085.11,1776205599000
1776205601.029,101.029,0.4,0.41,0.59,0.6,0.01,0.01,74085.11,1776205599000
1776205601.56,101.56,0.39,0.4,0.59,0.61,0.01,0.02,74086.67,1776205600000
1776205601.934,101.934,0.39,0.4,0.6,0.61,0.01,0.01,74086.67,1776205600000
1776205602.407,102.407,0.37,0.38,0.62,0.63,0.01,0.01,74088.01,1776205601000
1776205602.898,102.898,0.35,0.37,0.63,0.65,0.02,0.02,74088.46,1776205602000
1776205603.244,103.244,0.35,0.36,0.63,0.65,0.01,0.02,74088.46,1776205602000
1776205603.638,103.638,0.35,0.36,0.64,0.65,0.01,0.01,74088.46,1776205602000
1776205603.995,103.995,0.35,0.36,0.64,0.65,0.01,0.01,74085.14,1776205603000
1776205604.599,104.599,0.35,0.36,0.64,0.65,0.01,0.01,74085.14,1776205603000
1776205604.957,104.957,0.35,0.36,0.64,0.65,0.01,0.01,74084.77,1776205604000
1776205605.354,105.354,0.35,0.36,0.64,0.65,0.01,0.01,74084.77,1776205604000
1776205605.778,105.778,0.35,0.36,0.64,0.65,0.01,0.01,74084.77,1776205604000
1776205606.677,106.677,0.35,0.36,0.64,0.65,0.01,0.01,74085.83,1776205605000
1776205607.49,107.49,0.35,0.36,0.64,0.65,0.01,0.01,74085.62,1776205606000
1776205608.141,108.141,0.35,0.36,0.64,0.65,0.01,0.01,74085.62,1776205606000
1776205608.503,108.503,0.35,0.36,0.64,0.65,0.01,0.01,74085.85,1776205607000
1776205608.905,108.905,0.35,0.36,0.64,0.65,0.01,0.01,74085.85,1776205608000
1776205609.411,109.411,0.35,0.36,0.64,0.65,0.01,0.01,74085.85,1776205608000
1776205609.764,109.764,0.34,0.35,0.64,0.66,0.01,0.02,74085.85,1776205608000
1776205610.137,110.137,0.34,0.35,0.65,0.66,0.01,0.01,74085.89,1776205609000
1776205610.474,110.474,0.34,0.35,0.65,0.66,0.01,0.01,74085.89,1776205609000
1776205610.9,110.9,0.34,0.35,0.65,0.66,0.01,0.01,74085.89,1776205610000
1776205611.285,111.285,0.34,0.35,0.65,0.66,0.01,0.01,74085.89,1776205610000
1776205611.91,111.91,0.34,0.35,0.65,0.66,0.01,0.01,74083.33,1776205611000
1776205612.519,112.519,0.34,0.35,0.65,0.66,0.01,0.01,74083.33,1776205611000
1776205612.964,112.964,0.34,0.35,0.65,0.66,0.01,0.01,74080.94,1776205612000
1776205613.496,113.496,0.33,0.34,0.65,0.66,0.01,0.01,74080.94,1776205612000
1776205614.018,114.018,0.33,0.34,0.66,0.67,0.01,0.01,74080.86,1776205613000
1776205615.026,115.026,0.33,0.34,0.66,0.67,0.01,0.01,74080.85,1776205614000
1776205615.606,115.606,0.32,0.34,0.66,0.67,0.02,0.01,74080.85,1776205614000
1776205615.98,115.98,0.32,0.33,0.67,0.68,0.01,0.01,74080.85,1776205614000
1776205616.618,116.618,0.32,0.33,0.67,0.68,0.01,0.01,74080.87,1776205615000
1776205617.031,117.031,0.31,0.33,0.67,0.69,0.02,0.02,74080.67,1776205616000
1776205617.703,117.703,0.31,0.32,0.67,0.69,0.01,0.02,74080.67,1776205616000
1776205618.178,118.178,0.31,0.32,0.68,0.69,0.01,0.01,74079.73,1776205617000
1776205618.975,118.975,0.31,0.32,0.68,0.69,0.01,0.01,74078.24,1776205618000
1776205619.314,119.314,0.31,0.32,0.68,0.69,0.01,0.01,74078.24,1776205618000
1776205619.692,119.692,0.3,0.31,0.68,0.7,0.01,0.02,74078.24,1776205618000
1776205620.344,120.344,0.3,0.31,0.69,0.7,0.01,0.01,74077.87,1776205619000
1776205620.838,120.838,0.29,0.3,0.69,0.71,0.01,0.02,74077.87,1776205619000
1776205621.425,121.425,0.28,0.29,0.7,0.72,0.01,0.02,74077.87,1776205619000
1776205621.769,121.769,0.28,0.29,0.71,0.72,0.01,0.01,74077.87,1776205619000
1776205622.152,122.152,0.28,0.29,0.71,0.72,0.01,0.01,74076.97,1776205620000
1776205622.486,122.486,0.28,0.29,0.71,0.72,0.01,0.01,74076.97,1776205620000
1776205622.84,122.84,0.28,0.29,0.71,0.72,0.01,0.01,74074.56,1776205621000
1776205623.292,123.292,0.28,0.29,0.71,0.72,0.01,0.01,74074.56,1776205621000
1776205623.663,123.663,0.28,0.29,0.71,0.72,0.01,0.01,74071.81,1776205622000
1776205623.998,123.998,0.28,0.29,0.71,0.72,0.01,0.01,74071.86,1776205623000
1776205624.42,124.42,0.28,0.29,0.71,0.72,0.01,0.01,74071.86,1776205623000
1776205624.795,124.795,0.28,0.29,0.71,0.72,0.01,0.01,74071.86,1776205623000
1776205625.327,125.327,0.27,0.29,0.71,0.73,0.02,0.02,74071.86,1776205623000
1776205625.672,125.672,0.27,0.28,0.72,0.73,0.01,0.01,74072.12,1776205624000
1776205626.191,126.191,0.27,0.28,0.72,0.73,0.01,0.01,74072.12,1776205624000
1776205626.591,126.591,0.26,0.27,0.72,0.74,0.01,0.02,74072.6,1776205625000
1776205627.022,127.022,0.26,0.27,0.73,0.74,0.01,0.01,74072.6,1776205625000
1776205627.508,127.508,0.26,0.27,0.73,0.74,0.01,0.01,74072.6,1776205626000
1776205627.914,127.914,0.26,0.27,0.73,0.74,0.01,0.01,74072.6,1776205626000
1776205628.311,128.311,0.26,0.27,0.73,0.74,0.01,0.01,74072.36,1776205627000
1776205628.778,128.778,0.26,0.27,0.73,0.74,0.01,0.01,74072.36,1776205627000
1776205629.709,129.709,0.26,0.27,0.73,0.74,0.01,0.01,74072,1776205628000
1776205630.073,130.073,0.26,0.27,0.73,0.74,0.01,0.01,74072,1776205628000
1776205630.451,130.451,0.26,0.27,0.73,0.74,0.01,0.01,74071.87,1776205629000
1776205631.052,131.052,0.26,0.27,0.73,0.74,0.01,0.01,74071.87,1776205629000
1776205631.712,131.712,0.26,0.27,0.73,0.74,0.01,0.01,74071.87,1776205630000
1776205632.621,132.621,0.26,0.27,0.73,0.74,0.01,0.01,74071.87,1776205630000
1776205633.052,133.052,0.26,0.27,0.73,0.74,0.01,0.01,74075.0,1776205631000
1776205633.459,133.459,0.26,0.27,0.73,0.74,0.01,0.01,74075.0,1776205631000
1776205634.011,134.011,0.26,0.27,0.73,0.74,0.01,0.01,74074.28,1776205632000
1776205634.462,134.462,0.26,0.27,0.73,0.74,0.01,0.01,74074.68,1776205633000
1776205635.653,135.653,0.26,0.27,0.73,0.74,0.01,0.01,74074.68,1776205633000
1776205636.1,136.1,0.26,0.27,0.73,0.74,0.01,0.01,74075.2,1776205634000
1776205636.637,136.637,0.28,0.29,0.71,0.72,0.01,0.01,74075.2,1776205634000
1776205637.491,137.491,0.28,0.29,0.71,0.72,0.01,0.01,74074.66,1776205636000
1776205637.91,137.91,0.28,0.29,0.71,0.72,0.01,0.01,74074.66,1776205636000
1776205638.323,138.323,0.28,0.29,0.71,0.72,0.01,0.01,74077.04,1776205637000
1776205639.271,139.271,0.28,0.29,0.71,0.72,0.01,0.01,74077.04,1776205637000
1776205639.776,139.776,0.28,0.29,0.71,0.72,0.01,0.01,74077.04,1776205637000
1776205640.367,140.367,0.28,0.29,0.71,0.72,0.01,0.01,74075.62,1776205638000
1776205640.725,140.725,0.28,0.29,0.71,0.72,0.01,0.01,74075.64,1776205639000
1776205641.736,141.736,0.28,0.29,0.71,0.72,0.01,0.01,74075.64,1776205639000
1776205642.11,142.11,0.28,0.29,0.71,0.72,0.01,0.01,74075.64,1776205639000
1776205642.445,142.445,0.28,0.29,0.71,0.72,0.01,0.01,74076.0,1776205640000
1776205642.982,142.982,0.28,0.29,0.71,0.72,0.01,0.01,74076.03,1776205641000
1776205643.63,143.63,0.27,0.28,0.72,0.73,0.01,0.01,74076.03,1776205641000
1776205644.353,144.353,0.27,0.28,0.72,0.73,0.01,0.01,74076.03,1776205643000
1776205644.736,144.736,0.27,0.28,0.72,0.73,0.01,0.01,74076.03,1776205643000
1776205645.645,145.645,0.27,0.28,0.72,0.73,0.01,0.01,74076.07,1776205644000
1776205646.421,146.421,0.27,0.28,0.72,0.73,0.01,0.01,74076.31,1776205645000
1776205646.909,146.909,0.27,0.28,0.72,0.73,0.01,0.01,74076.31,1776205645000
1776205647.249,147.249,0.26,0.28,0.72,0.73,0.02,0.01,74076.31,1776205645000
1776205647.589,147.589,0.26,0.27,0.72,0.74,0.01,0.02,74076.31,1776205645000
1776205648.184,148.184,0.26,0.27,0.73,0.74,0.01,0.01,74076.28,1776205647000
1776205648.628,148.628,0.26,0.27,0.73,0.74,0.01,0.01,74076.28,1776205647000
1776205649.343,149.343,0.26,0.27,0.73,0.74,0.01,0.01,74076.28,1776205648000
1776205649.721,149.721,0.26,0.27,0.73,0.74,0.01,0.01,74076.28,1776205648000
1776205650.485,150.485,0.26,0.27,0.73,0.74,0.01,0.01,74076.28,1776205648000
1776205650.9,150.9,0.26,0.27,0.73,0.74,0.01,0.01,74075.37,1776205649000
1776205651.247,151.247,0.25,0.26,0.74,0.75,0.01,0.01,74074.65,1776205650000
1776205651.746,151.746,0.25,0.26,0.74,0.75,0.01,0.01,74074.65,1776205650000
1776205652.214,152.214,0.25,0.26,0.74,0.75,0.01,0.01,74074.65,1776205650000
1776205652.57,152.57,0.25,0.26,0.74,0.75,0.01,0.01,74074.6,1776205651000
1776205652.96,152.96,0.25,0.26,0.74,0.75,0.01,0.01,74074.6,1776205651000
1776205653.338,153.338,0.25,0.26,0.74,0.75,0.01,0.01,74074.6,1776205651000
1776205653.795,153.795,0.25,0.26,0.74,0.75,0.01,0.01,74074.6,1776205652000
1776205655.327,155.327,0.25,0.26,0.74,0.75,0.01,0.01,74074.59,1776205654000
1776205655.956,155.956,0.25,0.26,0.74,0.75,0.01,0.01,74074.59,1776205654000
1776205656.5,156.5,0.25,0.26,0.74,0.75,0.01,0.01,74074.6,1776205655000
1776205657.327,157.327,0.25,0.26,0.74,0.75,0.01,0.01,74074.73,1776205656000
1776205657.797,157.797,0.25,0.26,0.74,0.75,0.01,0.01,74074.73,1776205656000
1776205658.296,158.296,0.25,0.26,0.74,0.75,0.01,0.01,74074.73,1776205656000
1776205658.893,158.893,0.25,0.26,0.74,0.75,0.01,0.01,74076.21,1776205657000
1776205659.518,159.518,0.25,0.26,0.74,0.75,0.01,0.01,74076.21,1776205658000
1776205659.971,159.971,0.25,0.26,0.74,0.75,0.01,0.01,74076.21,1776205658000
1776205660.378,160.378,0.25,0.26,0.74,0.75,0.01,0.01,74076.21,1776205659000
1776205660.777,160.777,0.25,0.26,0.74,0.75,0.01,0.01,74076.21,1776205659000
1776205661.172,161.172,0.25,0.26,0.74,0.75,0.01,0.01,74076.23,1776205660000
1776205661.553,161.553,0.24,0.25,0.74,0.76,0.01,0.02,74076.23,1776205660000
1776205662.09,162.09,0.24,0.25,0.75,0.76,0.01,0.01,74076.23,1776205660000
1776205662.562,162.562,0.23,0.24,0.75,0.78,0.01,0.03,74076.38,1776205661000
1776205663.086,163.086,0.22,0.24,0.76,0.77,0.02,0.01,74076.38,1776205661000
1776205663.439,163.439,0.22,0.24,0.76,0.78,0.02,0.02,74076.38,1776205661000
1776205663.775,163.775,0.23,0.24,0.76,0.77,0.01,0.01,74075.73,1776205662000
1776205664.142,164.142,0.22,0.23,0.77,0.78,0.01,0.01,74074.29,1776205663000
1776205664.617,164.617,0.22,0.23,0.77,0.78,0.01,0.01,74074.29,1776205663000
1776205664.955,164.955,0.22,0.23,0.77,0.78,0.01,0.01,74074.29,1776205663000
1776205665.309,165.309,0.22,0.23,0.77,0.78,0.01,0.01,74072.77,1776205664000
1776205665.704,165.704,0.22,0.23,0.77,0.78,0.01,0.01,74072.77,1776205664000
1776205666.127,166.127,0.22,0.23,0.77,0.78,0.01,0.01,74072.77,1776205664000
1776205666.687,166.687,0.21,0.22,0.77,0.79,0.01,0.02,74071.08,1776205665000
1776205667.167,167.167,0.21,0.22,0.78,0.79,0.01,0.01,74071.28,1776205666000
1776205667.594,167.594,0.21,0.22,0.78,0.79,0.01,0.01,74071.28,1776205666000
1776205667.951,167.951,0.21,0.22,0.78,0.79,0.01,0.01,74071.28,1776205666000
1776205668.304,168.304,0.21,0.22,0.78,0.79,0.01,0.01,74071.22,1776205667000
1776205669.256,169.256,0.21,0.22,0.78,0.79,0.01,0.01,74071.15,1776205668000
1776205669.89,169.89,0.21,0.22,0.78,0.79,0.01,0.01,74071.15,1776205668000
1776205670.304,170.304,0.21,0.22,0.78,0.79,0.01,0.01,74071.15,1776205668000
1776205670.93,170.93,0.2,0.22,0.78,0.8,0.02,0.02,74071.64,1776205670000
1776205671.608,171.608,0.2,0.21,0.79,0.8,0.01,0.01,74071.64,1776205670000
1776205672.101,172.101,0.2,0.21,0.79,0.8,0.01,0.01,74071.64,1776205670000
1776205672.668,172.668,0.2,0.21,0.79,0.8,0.01,0.01,74071.64,1776205670000
1776205673.112,173.112,0.2,0.21,0.79,0.8,0.01,0.01,74071.61,1776205671000
1776205673.492,173.492,0.2,0.21,0.79,0.8,0.01,0.01,74071.61,1776205671000
1776205673.835,173.835,0.2,0.21,0.79,0.8,0.01,0.01,74072.24,1776205672000
1776205674.342,174.342,0.2,0.21,0.79,0.8,0.01,0.01,74072.24,1776205673000
1776205674.758,174.758,0.2,0.21,0.79,0.8,0.01,0.01,74072.24,1776205673000
1776205675.618,175.618,0.2,0.21,0.79,0.8,0.01,0.01,74071.92,1776205674000
1776205676.234,176.234,0.2,0.21,0.79,0.8,0.01,0.01,74071.36,1776205675000
1776205676.79,176.79,0.2,0.21,0.79,0.8,0.01,0.01,74071.36,1776205675000
1776205677.381,177.381,0.2,0.21,0.79,0.8,0.01,0.01,74071.36,1776205675000
1776205677.999,177.999,0.2,0.21,0.79,0.8,0.01,0.01,74071.48,1776205677000
1776205678.447,178.447,0.2,0.21,0.79,0.8,0.01,0.01,74071.48,1776205677000
1776205678.803,178.803,0.2,0.21,0.79,0.8,0.01,0.01,74071.48,1776205677000
1776205679.145,179.145,0.19,0.2,0.79,0.81,0.01,0.02,74071.26,1776205678000
1776205679.521,179.521,0.19,0.2,0.8,0.81,0.01,0.01,74071.26,1776205678000
1776205680.169,180.169,0.19,0.2,0.8,0.81,0.01,0.01,74070.77,1776205679000
1776205680.507,180.507,0.19,0.2,0.8,0.81,0.01,0.01,74070.77,1776205679000
1776205680.842,180.842,0.19,0.2,0.8,0.81,0.01,0.01,74070.77,1776205679000
1776205681.192,181.192,0.19,0.2,0.8,0.81,0.01,0.01,74070.78,1776205680000
1776205682.247,182.247,0.19,0.2,0.8,0.81,0.01,0.01,74070.78,1776205680000
1776205682.945,182.945,0.19,0.2,0.8,0.81,0.01,0.01,74070.78,1776205681000
1776205683.315,183.315,0.19,0.2,0.8,0.81,0.01,0.01,74070.78,1776205681000
1776205684.023,184.023,0.19,0.2,0.8,0.81,0.01,0.01,74070.78,1776205682000
1776205684.377,184.377,0.19,0.2,0.8,0.81,0.01,0.01,74070.78,1776205682000
1776205684.846,184.846,0.19,0.2,0.8,0.81,0.01,0.01,74070.97,1776205683000
1776205685.353,185.353,0.19,0.2,0.8,0.81,0.01,0.01,74070.98,1776205684000
1776205685.979,185.979,0.19,0.2,0.8,0.81,0.01,0.01,74070.98,1776205684000
1776205687.02,187.02,0.19,0.2,0.8,0.81,0.01,0.01,74071.26,1776205685000
1776205687.611,187.611,0.19,0.2,0.8,0.81,0.01,0.01,74071.1,1776205686000
1776205688.087,188.087,0.18,0.2,0.8,0.82,0.02,0.02,74071.1,1776205687000
1776205689.056,189.056,0.18,0.19,0.8,0.82,0.01,0.02,74071.1,1776205687000
1776205689.43,189.43,0.18,0.19,0.81,0.82,0.01,0.01,74071.06,1776205688000
1776205689.999,189.999,0.18,0.19,0.81,0.82,0.01,0.01,74071.06,1776205688000
1776205690.389,190.389,0.18,0.19,0.81,0.82,0.01,0.01,74071.06,1776205689000
1776205690.959,190.959,0.18,0.19,0.81,0.82,0.01,0.01,74071.06,1776205689000
1776205691.826,191.826,0.18,0.19,0.81,0.82,0.01,0.01,74071.06,1776205689000
1776205692.173,192.173,0.18,0.19,0.81,0.82,0.01,0.01,74071.21,1776205690000
1776205692.917,192.917,0.18,0.19,0.81,0.82,0.01,0.01,74071.28,1776205691000
1776205693.285,193.285,0.18,0.19,0.81,0.82,0.01,0.01,74071.28,1776205692000
1776205693.686,193.686,0.18,0.19,0.81,0.82,0.01,0.01,74071.28,1776205692000
1776205694.173,194.173,0.18,0.19,0.81,0.82,0.01,0.01,74071.28,1776205693000
1776205695.328,195.328,0.18,0.19,0.81,0.82,0.01,0.01,74071.22,1776205694000
1776205695.802,195.802,0.18,0.19,0.81,0.82,0.01,0.01,74071.22,1776205694000
1776205696.403,196.403,0.17,0.19,0.81,0.82,0.02,0.01,74071.22,1776205694000
1776205697.246,197.246,0.17,0.19,0.81,0.83,0.02,0.02,74070.0,1776205696000
1776205697.649,197.649,0.17,0.18,0.81,0.83,0.01,0.02,74070.0,1776205696000
1776205698.228,198.228,0.17,0.18,0.82,0.83,0.01,0.01,74070.0,1776205696000
1776205698.664,198.664,0.17,0.18,0.82,0.83,0.01,0.01,74070.02,1776205697000
1776205699.024,199.024,0.17,0.18,0.82,0.83,0.01,0.01,74070.46,1776205698000
1776205699.37,199.37,0.17,0.18,0.82,0.83,0.01,0.01,74070.46,1776205698000
1776205699.764,199.764,0.17,0.18,0.82,0.83,0.01,0.01,74070.46,1776205698000
1776205700.181,200.181,0.17,0.18,0.82,0.83,0.01,0.01,74070.46,1776205698000
1776205700.576,200.576,0.17,0.18,0.82,0.83,0.01,0.01,74070.48,1776205699000
1776205701.037,201.037,0.17,0.18,0.82,0.83,0.01,0.01,74070.48,1776205699000
1776205701.506,201.506,0.17,0.18,0.82,0.83,0.01,0.01,74070.36,1776205700000
1776205701.857,201.857,0.16,0.18,0.82,0.83,0.02,0.01,74070.36,1776205700000
1776205702.676,202.676,0.17,0.18,0.82,0.84,0.01,0.02,74070.36,1776205700000
1776205703.05,203.05,0.17,0.18,0.82,0.83,0.01,0.01,74070.36,1776205702000
1776205703.445,203.445,0.16,0.17,0.82,0.83,0.01,0.01,74070.36,1776205702000
1776205703.853,203.853,0.16,0.17,0.83,0.84,0.01,0.01,74070.36,1776205702000
1776205704.203,204.203,0.16,0.17,0.83,0.84,0.01,0.01,74070.38,1776205703000
1776205704.553,204.553,0.16,0.17,0.83,0.84,0.01,0.01,74070.38,1776205703000
1776205705.113,205.113,0.16,0.17,0.83,0.84,0.01,0.01,74071.55,1776205704000
1776205705.581,205.581,0.16,0.17,0.83,0.84,0.01,0.01,74071.55,1776205704000
1776205706.057,206.057,0.16,0.17,0.83,0.84,0.01,0.01,74071.55,1776205704000
1776205706.543,206.543,0.15,0.16,0.83,0.85,0.01,0.02,74071.71,1776205705000
1776205707.09,207.09,0.15,0.16,0.84,0.85,0.01,0.01,74071.68,1776205706000
1776205707.53,207.53,0.15,0.16,0.84,0.85,0.01,0.01,74071.68,1776205706000
1776205708.205,208.205,0.15,0.16,0.84,0.85,0.01,0.01,74069.76,1776205707000
1776205708.87,208.87,0.15,0.16,0.84,0.85,0.01,0.01,74069.76,1776205707000
1776205709.401,209.401,0.15,0.16,0.84,0.85,0.01,0.01,74062.66,1776205708000
1776205709.747,209.747,0.12,0.14,0.86,0.87,0.02,0.01,74062.66,1776205708000
1776205710.11,210.11,0.1,0.12,0.88,0.9,0.02,0.02,74062.66,1776205708000
1776205710.542,210.542,0.1,0.11,0.89,0.9,0.01,0.01,74052.3,1776205709000
1776205710.898,210.898,0.09,0.11,0.89,0.91,0.02,0.02,74052.3,1776205709000
1776205711.307,211.307,0.1,0.11,0.89,0.9,0.01,0.01,74047.67,1776205710000
1776205711.65,211.65,0.08,0.09,0.91,0.92,0.01,0.01,74047.67,1776205710000
1776205711.993,211.993,0.08,0.09,0.91,0.92,0.01,0.01,74047.67,1776205710000
1776205712.352,212.352,0.08,0.09,0.91,0.92,0.01,0.01,74046.44,1776205711000
1776205712.706,212.706,0.08,0.09,0.91,0.92,0.01,0.01,74046.44,1776205711000
1776205713.048,213.048,0.07,0.08,0.92,0.93,0.01,0.01,74045.41,1776205712000
1776205713.466,213.466,0.07,0.08,0.92,0.93,0.01,0.01,74045.41,1776205712000
1776205713.986,213.986,0.06,0.07,0.92,0.93,0.01,0.01,74045.41,1776205712000
1776205714.486,214.486,0.06,0.07,0.93,0.94,0.01,0.01,74046.17,1776205713000
1776205714.865,214.865,0.06,0.07,0.93,0.94,0.01,0.01,74046.17,1776205713000
1776205715.582,215.582,0.06,0.07,0.93,0.94,0.01,0.01,74045.32,1776205714000
1776205716.002,216.002,0.06,0.07,0.93,0.94,0.01,0.01,74045.32,1776205714000
1776205716.518,216.518,0.05,0.06,0.94,0.95,0.01,0.01,74043.65,1776205715000
1776205716.856,216.856,0.05,0.06,0.94,0.95,0.01,0.01,74043.65,1776205715000
1776205717.208,217.208,0.05,0.06,0.94,0.95,0.01,0.01,74043.65,1776205715000
1776205717.56,217.56,0.04,0.05,0.95,0.96,0.01,0.01,74043.19,1776205716000
1776205717.97,217.97,0.04,0.05,0.95,0.96,0.01,0.01,74043.19,1776205716000
1776205718.312,218.312,0.04,0.05,0.95,0.96,0.01,0.01,74043.71,1776205717000
1776205718.656,218.656,0.04,0.05,0.95,0.96,0.01,0.01,74043.71,1776205717000
1776205719.012,219.012,0.04,0.05,0.95,0.96,0.01,0.01,74043.71,1776205717000
1776205719.499,219.499,0.04,0.05,0.95,0.96,0.01,0.01,74043.44,1776205718000
1776205719.925,219.925,0.04,0.05,0.95,0.96,0.01,0.01,74043.44,1776205718000
1776205720.28,220.28,0.04,0.05,0.95,0.96,0.01,0.01,74043.44,1776205719000
1776205720.693,220.693,0.04,0.05,0.95,0.96,0.01,0.01,74043.44,1776205719000
1776205721.15,221.15,0.04,0.05,0.95,0.96,0.01,0.01,74043.44,1776205720000
1776205721.718,221.718,0.04,0.05,0.95,0.96,0.01,0.01,74043.44,1776205720000
1776205722.074,222.074,0.04,0.05,0.95,0.96,0.01,0.01,74043.63,1776205721000
1776205722.568,222.568,0.03,0.04,0.96,0.97,0.01,0.01,74043.63,1776205721000
1776205722.946,222.946,0.03,0.04,0.96,0.97,0.01,0.01,74043.74,1776205722000
1776205723.465,223.465,0.03,0.04,0.96,0.97,0.01,0.01,74043.74,1776205722000
1776205723.806,223.806,0.03,0.04,0.96,0.97,0.01,0.01,74043.74,1776205722000
1776205724.164,224.164,0.03,0.04,0.96,0.97,0.01,0.01,74035.71,1776205723000
1776205724.578,224.578,0.03,0.04,0.96,0.97,0.01,0.01,74035.71,1776205723000
1776205724.938,224.938,0.03,0.04,0.96,0.97,0.01,0.01,74035.71,1776205723000
1776205725.323,225.323,0.03,0.04,0.96,0.97,0.01,0.01,74029.83,1776205724000
1776205725.713,225.713,0.03,0.04,0.96,0.97,0.01,0.01,74029.83,1776205724000
1776205726.062,226.062,0.03,0.04,0.96,0.97,0.01,0.01,74029.69,1776205725000
1776205726.573,226.573,0.03,0.04,0.96,0.97,0.01,0.01,74029.69,1776205725000
1776205727.061,227.061,0.03,0.04,0.96,0.97,0.01,0.01,74029.69,1776205725000
1776205727.762,227.762,0.03,0.04,0.96,0.97,0.01,0.01,74028.14,1776205726000
1776205728.109,228.109,0.03,0.04,0.96,0.97,0.01,0.01,74028.14,1776205726000
1776205728.459,228.459,0.03,0.04,0.96,0.97,0.01,0.01,74028.02,1776205727000
1776205728.845,228.845,0.02,0.03,0.96,0.97,0.01,0.01,74028.02,1776205727000
1776205729.23,229.23,0.02,0.03,0.97,0.98,0.01,0.01,74026.97,1776205728000
1776205729.584,229.584,0.02,0.03,0.97,0.98,0.01,0.01,74026.97,1776205728000
1776205730.182,230.182,0.02,0.03,0.97,0.98,0.01,0.01,74026.97,1776205728000
1776205730.53,230.53,0.02,0.03,0.97,0.98,0.01,0.01,74029.15,1776205729000
1776205730.911,230.911,0.02,0.03,0.97,0.98,0.01,0.01,74029.15,1776205730000
1776205731.277,231.277,0.02,0.03,0.97,0.98,0.01,0.01,74029.15,1776205730000
1776205731.627,231.627,0.02,0.03,0.97,0.98,0.01,0.01,74029.15,1776205730000
1776205732.112,232.112,0.02,0.03,0.97,0.98,0.01,0.01,74028.93,1776205731000
1776205732.448,232.448,0.02,0.03,0.97,0.98,0.01,0.01,74028.93,1776205731000
1776205732.786,232.786,0.02,0.03,0.97,0.98,0.01,0.01,74028.93,1776205731000
1776205733.124,233.124,0.02,0.03,0.97,0.98,0.01,0.01,74029.12,1776205732000
1776205733.519,233.519,0.02,0.03,0.97,0.98,0.01,0.01,74029.12,1776205732000
1776205733.853,233.853,0.02,0.03,0.97,0.98,0.01,0.01,74029.12,1776205732000
1776205734.189,234.189,0.02,0.03,0.97,0.98,0.01,0.01,74029.28,1776205733000
1776205734.566,234.566,0.02,0.03,0.97,0.98,0.01,0.01,74029.28,1776205733000
1776205734.904,234.904,0.02,0.03,0.97,0.98,0.01,0.01,74029.28,1776205733000
1776205735.513,235.513,0.02,0.03,0.97,0.98,0.01,0.01,74029.29,1776205734000
1776205736.097,236.097,0.02,0.03,0.97,0.98,0.01,0.01,74029.29,1776205734000
1776205736.48,236.48,0.02,0.03,0.97,0.98,0.01,0.01,74029.29,1776205735000
1776205736.833,236.833,0.01,0.02,0.98,0.99,0.01,0.01,74029.29,1776205735000
1776205737.295,237.295,0.01,0.02,0.98,0.99,0.01,0.01,74029.29,1776205735000
1776205737.643,237.643,0.01,0.02,0.98,0.99,0.01,0.01,74029.28,1776205736000
1776205737.988,237.988,0.01,0.02,0.98,0.99,0.01,0.01,74029.28,1776205736000
1776205738.372,238.372,0.01,0.02,0.98,0.99,0.01,0.01,74029.28,1776205736000
1776205738.756,238.756,0.01,0.02,0.98,0.99,0.01,0.01,74018.97,1776205737000
1776205739.114,239.114,0.01,0.02,0.98,0.99,0.01,0.01,74016.52,1776205738000
1776205739.498,239.498,0.01,0.02,0.98,0.99,0.01,0.01,74016.52,1776205738000
1776205740.043,240.043,0.01,0.02,0.98,0.99,0.01,0.01,74016.52,1776205738000
1776205740.47,240.47,0.01,0.02,0.98,0.99,0.01,0.01,74016.43,1776205739000
1776205741.157,241.157,0.01,0.02,0.98,0.99,0.01,0.01,74016.03,1776205740000
1776205741.518,241.518,0.01,0.02,0.98,0.99,0.01,0.01,74016.03,1776205740000
1776205742.009,242.009,0.01,0.02,0.98,0.99,0.01,0.01,74016.03,1776205740000
1776205742.497,242.497,0.01,0.02,0.98,0.99,0.01,0.01,74015.91,1776205741000
1776205742.846,242.846,0.01,0.02,0.98,0.99,0.01,0.01,74015.91,1776205741000
1776205743.239,243.239,0.01,0.02,0.98,0.99,0.01,0.01,74015.91,1776205741000
1776205743.641,243.641,0.01,0.02,0.98,0.99,0.01,0.01,74013.95,1776205742000
1776205743.975,243.975,0.01,0.02,0.98,0.99,0.01,0.01,74013.95,1776205742000
1776205744.39,244.39,0.01,0.02,0.98,0.99,0.01,0.01,74013.95,1776205742000
1776205745.144,245.144,0.01,0.02,0.98,0.99,0.01,0.01,74013.68,1776205743000
1776205745.553,245.553,0.01,0.02,0.98,0.99,0.01,0.01,74015.95,1776205744000
1776205746.574,246.574,0.01,0.02,0.98,0.99,0.01,0.01,74015.95,1776205744000
1776205747.005,247.005,0.01,0.02,0.98,0.99,0.01,0.01,74015.38,1776205745000
1776205747.387,247.387,0.01,0.02,0.98,0.99,0.01,0.01,74015.38,1776205745000
1776205747.747,247.747,0.01,0.02,0.98,0.99,0.01,0.01,74015.4,1776205746000
1776205748.198,248.198,0.01,0.02,0.98,0.99,0.01,0.01,74015.41,1776205747000
1776205748.659,248.659,0.01,0.02,0.98,0.99,0.01,0.01,74015.41,1776205747000
1776205748.993,248.993,0.01,0.02,0.98,0.99,0.01,0.01,74015.41,1776205747000
1776205749.39,249.39,0.01,0.02,0.98,0.99,0.01,0.01,74018.06,1776205748000
1776205749.765,249.765,0.01,0.02,0.98,0.99,0.01,0.01,74018.06,1776205748000
1776205750.178,250.178,0.01,0.02,0.98,0.99,0.01,0.01,74018.06,1776205749000
1776205750.528,250.528,0.01,0.02,0.98,0.99,0.01,0.01,74018.06,1776205749000
1776205750.974,250.974,0.01,0.02,0.98,0.99,0.01,0.01,74018.06,1776205749000
1776205751.338,251.338,0.01,0.02,0.98,0.99,0.01,0.01,74017.85,1776205750000
1776205751.847,251.847,0.01,0.02,0.98,0.99,0.01,0.01,74017.85,1776205750000
1776205752.277,252.277,0.01,0.01,0.99,0.99,0.0,0.0,74017.85,1776205750000
1776205752.857,252.857,0.01,0.01,0.99,0.99,0.0,0.0,74014.26,1776205751000
1776205753.366,253.366,0.01,0.01,0.99,0.99,0.0,0.0,74014.26,1776205751000
1776205753.719,253.719,0.01,0.01,0.99,0.99,0.0,0.0,74003.84,1776205752000
1776205754.183,254.183,0.01,0.01,0.99,0.99,0.0,0.0,73997.25,1776205753000
1776205754.935,254.935,0.01,0.01,0.99,0.99,0.0,0.0,73997.25,1776205753000
1776205755.334,255.334,0.01,0.01,0.99,0.99,0.0,0.0,73997.25,1776205753000
1776205756.037,256.037,0.01,0.01,0.99,0.99,0.0,0.0,73982.63,1776205755000
1776205756.689,256.689,0.01,0.01,0.99,0.99,0.0,0.0,73982.63,1776205755000
1776205757.348,257.348,0.01,0.01,0.99,0.99,0.0,0.0,73984.22,1776205756000
1776205757.957,257.957,0.01,0.01,0.99,0.99,0.0,0.0,73984.22,1776205756000
1776205758.397,258.397,0.01,0.01,0.99,0.99,0.0,0.0,73984.22,1776205756000
1776205759.105,259.105,0.01,0.01,0.99,0.99,0.0,0.0,73984.62,1776205758000
1776205759.547,259.547,0.01,0.01,0.99,0.99,0.0,0.0,73984.62,1776205758000
1776205759.892,259.892,0.01,0.01,0.99,0.99,0.0,0.0,73984.62,1776205758000
1776205760.601,260.601,0.01,0.01,0.99,0.99,0.0,0.0,73984.62,1776205758000
1776205761.089,261.089,0.01,0.01,0.99,0.99,0.0,0.0,73985.38,1776205759000
1776205761.454,261.454,0.01,0.01,0.99,0.99,0.0,0.0,73986.23,1776205760000
1776205761.988,261.988,0.01,0.01,0.99,0.99,0.0,0.0,73986.22,1776205761000
1776205762.476,262.476,0.01,0.01,0.99,0.99,0.0,0.0,73986.22,1776205761000
1776205762.946,262.946,0.01,0.01,0.99,0.99,0.0,0.0,73983.18,1776205762000
1776205764.061,264.061,0.01,0.01,0.99,0.99,0.0,0.0,73978.04,1776205763000
1776205765.055,265.055,0.01,0.01,0.99,0.99,0.0,0.0,73980.06,1776205764000
1776205765.616,265.616,0.01,0.01,0.99,0.99,0.0,0.0,73980.06,1776205764000
1776205766.032,266.032,0.01,0.01,0.99,0.99,0.0,0.0,73983.12,1776205765000
1776205767.046,267.046,0.01,0.01,0.99,0.99,0.0,0.0,73983.22,1776205766000
1776205767.529,267.529,0.01,0.01,0.99,0.99,0.0,0.0,73983.22,1776205766000
1776205768.066,268.066,0.01,0.01,0.99,0.99,0.0,0.0,73983.54,1776205767000
1776205769.09,269.09,0.01,0.01,0.99,0.99,0.0,0.0,73983.54,1776205768000
1776205769.807,269.807,0.01,0.01,0.99,0.99,0.0,0.0,73983.54,1776205768000
1776205770.625,270.625,0.01,0.01,0.99,0.99,0.0,0.0,73983.72,1776205769000
1776205771.02,271.02,0.01,0.01,0.99,0.99,0.0,0.0,73983.72,1776205769000
1776205772.173,272.173,0.01,0.01,0.99,0.99,0.0,0.0,73990.46,1776205771000
1776205772.598,272.598,0.01,0.01,0.99,0.99,0.0,0.0,73990.46,1776205771000
1776205772.981,272.981,0.01,0.01,0.99,0.99,0.0,0.0,73990.46,1776205771000
1776205774.202,274.202,0.01,0.01,0.99,0.99,0.0,0.0,73969.65,1776205772000
1776205774.783,274.783,0.01,0.01,0.99,0.99,0.0,0.0,73965.1,1776205773000
1776205775.314,275.314,0.01,0.01,0.99,0.99,0.0,0.0,73963.47,1776205774000
1776205776.659,276.659,0.01,0.01,0.99,0.99,0.0,0.0,73956.36,1776205775000
1776205777.03,277.03,0.01,0.01,0.99,0.99,0.0,0.0,73956.36,1776205775000
1776205777.998,277.998,0.01,0.01,0.99,0.99,0.0,0.0,73954.92,1776205777000
1776205779.152,279.152,0.01,0.01,0.99,0.99,0.0,0.0,73954.0,1776205778000
1776205780.166,280.166,0.01,0.01,0.99,0.99,0.0,0.0,73954.0,1776205778000
1776205780.608,280.608,0.01,0.01,0.99,0.99,0.0,0.0,73954.0,1776205779000
1776205781.15,281.15,0.01,0.01,0.99,0.99,0.0,0.0,73954.0,1776205779000
1776205781.951,281.951,0.01,0.01,0.99,0.99,0.0,0.0,73954.02,1776205780000
1776205782.5,282.5,0.01,0.01,0.99,0.99,0.0,0.0,73952.77,1776205781000
1776205783.295,283.295,0.01,0.01,0.99,0.99,0.0,0.0,73952.35,1776205782000
1776205783.634,283.634,0.01,0.01,0.99,0.99,0.0,0.0,73952.35,1776205782000
1776205784.6,284.6,0.01,0.01,0.99,0.99,0.0,0.0,73956.62,1776205783000
1776205785.345,285.345,0.01,0.01,0.99,0.99,0.0,0.0,73955.0,1776205784000
1776205785.967,285.967,0.01,0.01,0.99,0.99,0.0,0.0,73952.97,1776205785000
1776205786.633,286.633,0.01,0.01,0.99,0.99,0.0,0.0,73952.97,1776205785000
1776205787.299,287.299,0.01,0.01,0.99,0.99,0.0,0.0,73951.48,1776205786000
1776205788.654,288.654,0.01,0.01,0.99,0.99,0.0,0.0,73951.47,1776205787000
1776205789.381,289.381,0.01,0.01,0.99,0.99,0.0,0.0,73949.96,1776205788000
1776205790.597,290.597,0.01,0.01,0.99,0.99,0.0,0.0,73943.92,1776205789000
1776205791.909,291.909,0.01,0.01,0.99,0.99,0.0,0.0,73941.09,1776205790000
1776205792.763,292.763,0.01,0.01,0.99,0.99,0.0,0.0,73941.09,1776205791000
1776205793.414,293.414,0.01,0.01,0.99,0.99,0.0,0.0,73943.98,1776205792000
1776205794.284,294.284,0.01,0.01,0.99,0.99,0.0,0.0,73945.75,1776205793000
1776205795.85,295.85,0.01,0.01,0.99,0.99,0.0,0.0,73946.78,1776205794000
1776205796.423,296.423,0.01,0.01,0.99,0.99,0.0,0.0,73946.82,1776205795000
1776205797.102,297.102,0.01,0.01,0.99,0.99,0.0,0.0,73946.3,1776205796000
1776205797.567,297.567,0.01,0.01,0.99,0.99,0.0,0.0,73946.3,1776205796000
1776205798.543,298.543,0.01,0.01,0.99,0.99,0.0,0.0,73946.02,1776205797000
1776205799.135,299.135,0.01,0.01,0.99,0.99,0.0,0.0,73946.02,1776205798000
1776205799.871,299.871,0.01,0.01,0.99,0.99,0.0,0.0,73946.02,1776205798000
1776205800.646,300.646,0.01,0.01,0.99,0.99,0.0,0.0,73945.51,1776205799000

# RESULT,winner=Down,slug=btc-updown-5m-1776205500,ticks=577
