timestamp,elapsed_sec,up_bid,up_ask,down_bid,down_ask,up_spread,down_spread,btc_price,btc_oracle_ts
1776530100.769,0.769,0.45,0.46,0.54,0.55,0.01,0.01,76065.25,1776530099000
1776530101.207,1.207,0.45,0.46,0.54,0.55,0.01,0.01,76063.7,1776530100000
1776530101.563,1.563,0.45,0.46,0.54,0.55,0.01,0.01,76063.7,1776530100000
1776530101.9,1.9,0.46,0.48,0.53,0.54,0.02,0.01,76063.7,1776530100000
1776530102.243,2.243,0.5,0.53,0.47,0.52,0.03,0.05,76063.42,1776530101000
1776530102.584,2.584,0.53,0.54,0.46,0.48,0.01,0.02,76063.42,1776530101000
1776530102.927,2.927,0.55,0.56,0.43,0.45,0.01,0.02,76063.42,1776530101000
1776530103.283,3.283,0.56,0.57,0.43,0.44,0.01,0.01,76063.64,1776530102000
1776530103.624,3.624,0.56,0.57,0.43,0.44,0.01,0.01,76063.64,1776530102000
1776530103.998,3.998,0.56,0.57,0.43,0.44,0.01,0.01,76063.64,1776530102000
1776530104.334,4.334,0.56,0.58,0.42,0.44,0.02,0.02,76064.76,1776530103000
1776530104.676,4.676,0.59,0.61,0.39,0.41,0.02,0.02,76064.76,1776530103000
1776530105.044,5.044,0.6,0.62,0.38,0.4,0.02,0.02,76064.76,1776530103000
1776530105.385,5.385,0.61,0.62,0.38,0.39,0.01,0.01,76072.76,1776530104000
1776530105.764,5.764,0.61,0.62,0.38,0.39,0.01,0.01,76072.76,1776530104000
1776530106.284,6.284,0.61,0.63,0.38,0.39,0.02,0.01,76072.76,1776530104000
1776530106.772,6.772,0.61,0.63,0.38,0.39,0.02,0.01,76073.21,1776530105000
1776530107.108,7.108,0.62,0.63,0.37,0.39,0.01,0.02,76073.21,1776530105000
1776530107.529,7.529,0.62,0.63,0.37,0.38,0.01,0.01,76078.49,1776530106000
1776530107.907,7.907,0.61,0.63,0.37,0.38,0.02,0.01,76078.49,1776530106000
1776530108.249,8.249,0.61,0.62,0.38,0.39,0.01,0.01,76078.49,1776530106000
1776530108.643,8.643,0.61,0.63,0.38,0.39,0.02,0.01,76079.06,1776530107000
1776530108.982,8.982,0.61,0.62,0.38,0.39,0.01,0.01,76079.06,1776530107000
1776530109.331,9.331,0.61,0.62,0.38,0.39,0.01,0.01,76079.06,1776530107000
1776530109.728,9.728,0.61,0.62,0.38,0.39,0.01,0.01,76081.21,1776530108000
1776530110.417,10.417,0.61,0.62,0.38,0.39,0.01,0.01,76081.21,1776530108000
1776530110.821,10.821,0.61,0.62,0.38,0.39,0.01,0.01,76082.81,1776530109000
1776530111.209,11.209,0.61,0.62,0.38,0.39,0.01,0.01,76082.35,1776530110000
1776530111.67,11.67,0.6,0.61,0.38,0.4,0.01,0.02,76082.35,1776530110000
1776530112.097,12.097,0.6,0.61,0.39,0.4,0.01,0.01,76082.27,1776530111000
1776530112.558,12.558,0.6,0.61,0.39,0.4,0.01,0.01,76082.27,1776530111000
1776530112.931,12.931,0.6,0.61,0.39,0.4,0.01,0.01,76082.27,1776530111000
1776530113.296,13.296,0.6,0.61,0.39,0.4,0.01,0.01,76082.29,1776530112000
1776530113.709,13.709,0.6,0.61,0.39,0.4,0.01,0.01,76082.29,1776530112000
1776530114.078,14.078,0.6,0.61,0.39,0.4,0.01,0.01,76082.29,1776530112000
1776530114.519,14.519,0.6,0.61,0.39,0.4,0.01,0.01,76082.28,1776530113000
1776530114.917,14.917,0.6,0.61,0.39,0.4,0.01,0.01,76082.28,1776530113000
1776530115.378,15.378,0.6,0.61,0.39,0.4,0.01,0.01,76082.28,1776530114000
1776530115.815,15.815,0.6,0.61,0.39,0.4,0.01,0.01,76082.28,1776530114000
1776530116.492,16.492,0.6,0.61,0.39,0.4,0.01,0.01,76082.28,1776530115000
1776530117.026,17.026,0.6,0.61,0.39,0.4,0.01,0.01,76082.64,1776530116000
1776530117.54,17.54,0.6,0.61,0.39,0.4,0.01,0.01,76082.64,1776530116000
1776530118.07,18.07,0.61,0.62,0.38,0.4,0.01,0.02,76082.64,1776530116000
1776530118.403,18.403,0.61,0.62,0.38,0.39,0.01,0.01,76082.63,1776530117000
1776530118.893,18.893,0.62,0.64,0.37,0.38,0.02,0.01,76082.63,1776530117000
1776530119.274,19.274,0.63,0.65,0.36,0.37,0.02,0.01,76082.63,1776530117000
1776530119.722,19.722,0.64,0.65,0.35,0.36,0.01,0.01,76082.64,1776530118000
1776530120.153,20.153,0.64,0.65,0.35,0.36,0.01,0.01,76082.64,1776530118000
1776530120.531,20.531,0.66,0.67,0.33,0.34,0.01,0.01,76087.07,1776530119000
1776530120.974,20.974,0.66,0.67,0.33,0.34,0.01,0.01,76087.07,1776530119000
1776530121.343,21.343,0.66,0.67,0.33,0.34,0.01,0.01,76087.07,1776530119000
1776530121.699,21.699,0.66,0.67,0.33,0.34,0.01,0.01,76087.07,1776530119000
1776530122.038,22.038,0.67,0.68,0.32,0.33,0.01,0.01,76089.42,1776530120000
1776530122.377,22.377,0.67,0.69,0.31,0.33,0.02,0.02,76091.64,1776530121000
1776530122.778,22.778,0.68,0.69,0.31,0.32,0.01,0.01,76091.64,1776530121000
1776530123.182,23.182,0.68,0.69,0.31,0.32,0.01,0.01,76091.64,1776530121000
1776530123.546,23.546,0.68,0.69,0.31,0.32,0.01,0.01,76095.17,1776530122000
1776530123.964,23.964,0.68,0.69,0.31,0.32,0.01,0.01,76095.17,1776530122000
1776530124.341,24.341,0.68,0.69,0.31,0.32,0.01,0.01,76097.65,1776530123000
1776530124.71,24.71,0.68,0.69,0.31,0.32,0.01,0.01,76097.65,1776530123000
1776530125.112,25.112,0.68,0.69,0.31,0.32,0.01,0.01,76097.65,1776530123000
1776530125.447,25.447,0.68,0.69,0.31,0.32,0.01,0.01,76100.53,1776530124000
1776530126.033,26.033,0.68,0.69,0.31,0.32,0.01,0.01,76100.53,1776530124000
1776530126.433,26.433,0.68,0.69,0.31,0.32,0.01,0.01,76101.18,1776530125000
1776530126.835,26.835,0.68,0.69,0.31,0.32,0.01,0.01,76101.18,1776530125000
1776530127.24,27.24,0.68,0.69,0.31,0.32,0.01,0.01,76101.18,1776530125000
1776530127.816,27.816,0.68,0.69,0.31,0.32,0.01,0.01,76101.19,1776530126000
1776530128.178,28.178,0.69,0.7,0.3,0.31,0.01,0.01,76101.22,1776530127000
1776530128.618,28.618,0.69,0.7,0.3,0.31,0.01,0.01,76101.22,1776530127000
1776530129.029,29.029,0.69,0.7,0.3,0.31,0.01,0.01,76101.22,1776530127000
1776530129.613,29.613,0.69,0.7,0.3,0.31,0.01,0.01,76101.18,1776530128000
1776530130.115,30.115,0.69,0.7,0.3,0.31,0.01,0.01,76101.18,1776530128000
1776530130.593,30.593,0.69,0.7,0.3,0.31,0.01,0.01,76101.75,1776530129000
1776530131.028,31.028,0.69,0.7,0.3,0.31,0.01,0.01,76101.75,1776530129000
1776530131.39,31.39,0.69,0.7,0.3,0.31,0.01,0.01,76101.75,1776530130000
1776530131.898,31.898,0.69,0.7,0.3,0.31,0.01,0.01,76101.75,1776530130000
1776530132.235,32.235,0.69,0.7,0.3,0.31,0.01,0.01,76099.26,1776530131000
1776530132.661,32.661,0.69,0.7,0.3,0.31,0.01,0.01,76099.26,1776530131000
1776530133.039,33.039,0.69,0.7,0.3,0.31,0.01,0.01,76099.21,1776530132000
1776530133.386,33.386,0.69,0.7,0.3,0.31,0.01,0.01,76099.21,1776530132000
1776530133.973,33.973,0.69,0.7,0.3,0.31,0.01,0.01,76099.21,1776530132000
1776530134.662,34.662,0.69,0.7,0.3,0.31,0.01,0.01,76101.99,1776530133000
1776530135.186,35.186,0.68,0.7,0.3,0.31,0.02,0.01,76101.99,1776530133000
1776530135.683,35.683,0.69,0.7,0.3,0.31,0.01,0.01,76101.99,1776530134000
1776530136.048,36.048,0.69,0.7,0.3,0.31,0.01,0.01,76101.99,1776530134000
1776530136.409,36.409,0.69,0.7,0.3,0.31,0.01,0.01,76096.49,1776530135000
1776530136.962,36.962,0.69,0.7,0.3,0.31,0.01,0.01,76096.49,1776530136000
1776530137.328,37.328,0.69,0.7,0.3,0.31,0.01,0.01,76096.49,1776530136000
1776530137.873,37.873,0.69,0.7,0.3,0.31,0.01,0.01,76096.49,1776530136000
1776530138.208,38.208,0.69,0.7,0.3,0.31,0.01,0.01,76099.24,1776530137000
1776530138.569,38.569,0.69,0.7,0.3,0.31,0.01,0.01,76099.24,1776530137000
1776530138.902,38.902,0.7,0.71,0.29,0.3,0.01,0.01,76099.24,1776530137000
1776530139.32,39.32,0.7,0.72,0.29,0.3,0.02,0.01,76099.24,1776530137000
1776530139.754,39.754,0.71,0.72,0.28,0.29,0.01,0.01,76102.0,1776530138000
1776530140.113,40.113,0.73,0.74,0.26,0.27,0.01,0.01,76102.0,1776530138000
1776530140.447,40.447,0.73,0.74,0.26,0.27,0.01,0.01,76102.5,1776530139000
1776530140.795,40.795,0.73,0.74,0.26,0.27,0.01,0.01,76102.5,1776530139000
1776530141.19,41.19,0.73,0.74,0.26,0.27,0.01,0.01,76103.7,1776530140000
1776530141.554,41.554,0.73,0.74,0.26,0.27,0.01,0.01,76103.7,1776530140000
1776530141.89,41.89,0.73,0.74,0.26,0.27,0.01,0.01,76103.7,1776530140000
1776530142.584,42.584,0.73,0.74,0.26,0.27,0.01,0.01,76105.02,1776530141000
1776530143.031,43.031,0.73,0.74,0.26,0.27,0.01,0.01,76105.02,1776530141000
1776530143.433,43.433,0.73,0.74,0.26,0.27,0.01,0.01,76106.74,1776530142000
1776530143.772,43.772,0.73,0.77,0.26,0.27,0.04,0.01,76106.74,1776530142000
1776530144.137,44.137,0.73,0.74,0.26,0.27,0.01,0.01,76106.9,1776530143000
1776530144.722,44.722,0.73,0.74,0.26,0.27,0.01,0.01,76106.9,1776530143000
1776530145.359,45.359,0.73,0.75,0.26,0.27,0.02,0.01,76107.24,1776530144000
1776530145.755,45.755,0.74,0.75,0.25,0.26,0.01,0.01,76107.24,1776530144000
1776530146.172,46.172,0.74,0.75,0.25,0.26,0.01,0.01,76107.26,1776530145000
1776530146.718,46.718,0.74,0.75,0.25,0.26,0.01,0.01,76107.26,1776530145000
1776530147.26,47.26,0.74,0.75,0.25,0.26,0.01,0.01,76107.26,1776530145000
1776530147.827,47.827,0.74,0.75,0.25,0.26,0.01,0.01,76107.36,1776530146000
1776530148.389,48.389,0.74,0.75,0.25,0.26,0.01,0.01,76107.88,1776530147000
1776530148.937,48.937,0.74,0.75,0.25,0.26,0.01,0.01,76107.88,1776530147000
1776530149.53,49.53,0.74,0.75,0.25,0.26,0.01,0.01,76107.88,1776530147000
1776530149.873,49.873,0.75,0.76,0.24,0.25,0.01,0.01,76107.23,1776530148000
1776530150.298,50.298,0.75,0.76,0.24,0.25,0.01,0.01,76107.4,1776530149000
1776530150.777,50.777,0.75,0.76,0.24,0.25,0.01,0.01,76107.4,1776530149000
1776530151.176,51.176,0.74,0.76,0.24,0.25,0.02,0.01,76107.4,1776530149000
1776530151.682,51.682,0.75,0.76,0.24,0.25,0.01,0.01,76107.84,1776530150000
1776530152.201,52.201,0.75,0.76,0.24,0.25,0.01,0.01,76109.04,1776530151000
1776530152.613,52.613,0.75,0.76,0.24,0.25,0.01,0.01,76109.04,1776530151000
1776530152.967,52.967,0.75,0.76,0.24,0.25,0.01,0.01,76109.11,1776530152000
1776530153.3,53.3,0.75,0.76,0.24,0.25,0.01,0.01,76109.11,1776530152000
1776530153.795,53.795,0.75,0.76,0.24,0.25,0.01,0.01,76109.11,1776530152000
1776530154.131,54.131,0.75,0.76,0.24,0.25,0.01,0.01,76109.53,1776530153000
1776530154.605,54.605,0.75,0.76,0.24,0.25,0.01,0.01,76109.53,1776530153000
1776530154.949,54.949,0.76,0.77,0.23,0.24,0.01,0.01,76109.53,1776530153000
1776530155.316,55.316,0.76,0.77,0.23,0.24,0.01,0.01,76109.52,1776530154000
1776530155.724,55.724,0.73,0.74,0.26,0.27,0.01,0.01,76109.52,1776530154000
1776530156.163,56.163,0.73,0.74,0.26,0.27,0.01,0.01,76109.52,1776530154000
1776530156.581,56.581,0.73,0.74,0.26,0.27,0.01,0.01,76109.64,1776530155000
1776530156.956,56.956,0.73,0.74,0.26,0.27,0.01,0.01,76109.64,1776530155000
1776530157.407,57.407,0.73,0.74,0.26,0.27,0.01,0.01,76109.11,1776530156000
1776530157.827,57.827,0.72,0.74,0.26,0.27,0.02,0.01,76109.11,1776530156000
1776530158.264,58.264,0.72,0.73,0.27,0.28,0.01,0.01,76105.5,1776530157000
1776530158.689,58.689,0.72,0.73,0.27,0.28,0.01,0.01,76105.5,1776530157000
1776530159.193,59.193,0.72,0.73,0.27,0.28,0.01,0.01,76105.5,1776530157000
1776530159.635,59.635,0.72,0.73,0.27,0.28,0.01,0.01,76105.92,1776530158000
1776530160.012,60.012,0.72,0.73,0.27,0.28,0.01,0.01,76105.92,1776530158000
1776530160.363,60.363,0.72,0.73,0.27,0.28,0.01,0.01,76105.92,1776530158000
1776530160.755,60.755,0.73,0.74,0.26,0.27,0.01,0.01,76106.17,1776530159000
1776530161.133,61.133,0.73,0.74,0.26,0.27,0.01,0.01,76106.17,1776530160000
1776530161.55,61.55,0.73,0.74,0.26,0.27,0.01,0.01,76106.17,1776530160000
1776530162.114,62.114,0.73,0.74,0.26,0.27,0.01,0.01,76106.17,1776530160000
1776530162.92,62.92,0.73,0.74,0.26,0.27,0.01,0.01,76106.29,1776530161000
1776530163.27,63.27,0.73,0.74,0.26,0.27,0.01,0.01,76106.29,1776530161000
1776530163.777,63.777,0.73,0.74,0.26,0.27,0.01,0.01,76106.26,1776530162000
1776530164.114,64.114,0.73,0.74,0.26,0.27,0.01,0.01,76106.26,1776530162000
1776530164.484,64.484,0.73,0.74,0.26,0.27,0.01,0.01,76108.61,1776530163000
1776530164.821,64.821,0.73,0.74,0.26,0.27,0.01,0.01,76108.61,1776530163000
1776530165.16,65.16,0.73,0.74,0.26,0.27,0.01,0.01,76108.61,1776530163000
1776530165.577,65.577,0.73,0.74,0.26,0.27,0.01,0.01,76108.61,1776530163000
1776530166.213,66.213,0.73,0.75,0.26,0.27,0.02,0.01,76110.42,1776530164000
1776530166.61,66.61,0.76,0.77,0.23,0.24,0.01,0.01,76110.42,1776530164000
1776530167.123,67.123,0.76,0.77,0.23,0.24,0.01,0.01,76110.41,1776530165000
1776530167.469,67.469,0.76,0.77,0.23,0.24,0.01,0.01,76110.41,1776530166000
1776530167.942,67.942,0.76,0.77,0.23,0.24,0.01,0.01,76110.41,1776530166000
1776530168.37,68.37,0.76,0.77,0.23,0.24,0.01,0.01,76110.41,1776530166000
1776530168.803,68.803,0.76,0.77,0.23,0.24,0.01,0.01,76110.41,1776530166000
1776530169.198,69.198,0.75,0.76,0.24,0.25,0.01,0.01,76112.15,1776530167000
1776530169.693,69.693,0.75,0.76,0.24,0.25,0.01,0.01,76112.15,1776530167000
1776530170.134,70.134,0.75,0.76,0.24,0.25,0.01,0.01,76111.79,1776530168000
1776530170.658,70.658,0.75,0.76,0.24,0.25,0.01,0.01,76111.09,1776530169000
1776530171.156,71.156,0.75,0.76,0.24,0.25,0.01,0.01,76110.36,1776530170000
1776530171.531,71.531,0.75,0.76,0.24,0.25,0.01,0.01,76110.36,1776530170000
1776530171.963,71.963,0.75,0.76,0.24,0.25,0.01,0.01,76110.36,1776530170000
1776530172.488,72.488,0.75,0.76,0.24,0.25,0.01,0.01,76110.36,1776530170000
1776530172.901,72.901,0.75,0.76,0.24,0.25,0.01,0.01,76109.99,1776530171000
1776530173.392,73.392,0.75,0.76,0.24,0.25,0.01,0.01,76109.99,1776530171000
1776530173.796,73.796,0.75,0.76,0.24,0.25,0.01,0.01,76109.99,1776530171000
1776530174.156,74.156,0.75,0.77,0.24,0.25,0.02,0.01,76109.93,1776530172000
1776530174.568,74.568,0.75,0.76,0.24,0.25,0.01,0.01,76109.93,1776530172000
1776530174.901,74.901,0.75,0.76,0.24,0.25,0.01,0.01,76109.4,1776530173000
1776530175.293,75.293,0.75,0.76,0.24,0.25,0.01,0.01,76109.4,1776530173000
1776530175.7,75.7,0.74,0.75,0.25,0.26,0.01,0.01,76109.49,1776530174000
1776530176.061,76.061,0.74,0.75,0.25,0.26,0.01,0.01,76109.49,1776530174000
1776530176.41,76.41,0.74,0.75,0.25,0.26,0.01,0.01,76106.97,1776530175000
1776530176.79,76.79,0.74,0.75,0.25,0.26,0.01,0.01,76106.97,1776530175000
1776530177.15,77.15,0.74,0.75,0.25,0.26,0.01,0.01,76106.97,1776530175000
1776530177.939,77.939,0.74,0.75,0.25,0.26,0.01,0.01,76107.75,1776530176000
1776530178.531,78.531,0.74,0.75,0.25,0.26,0.01,0.01,76107.75,1776530176000
1776530179.279,79.279,0.74,0.75,0.25,0.26,0.01,0.01,76108.43,1776530177000
1776530179.623,79.623,0.74,0.75,0.25,0.26,0.01,0.01,76108.43,1776530177000
1776530180.539,80.539,0.74,0.75,0.25,0.26,0.01,0.01,76105.17,1776530178000
1776530181.263,81.263,0.74,0.75,0.25,0.26,0.01,0.01,76107.41,1776530179000
1776530182.029,82.029,0.74,0.75,0.25,0.26,0.01,0.01,76106.88,1776530180000
1776530182.496,82.496,0.74,0.75,0.25,0.26,0.01,0.01,76106.88,1776530181000
1776530183.227,83.227,0.74,0.75,0.25,0.26,0.01,0.01,76106.88,1776530181000
1776530183.836,83.836,0.74,0.75,0.25,0.26,0.01,0.01,76104.13,1776530182000
1776530184.25,84.25,0.74,0.75,0.25,0.26,0.01,0.01,76104.13,1776530182000
1776530184.636,84.636,0.74,0.75,0.25,0.26,0.01,0.01,76104.13,1776530182000
1776530185.358,85.358,0.74,0.75,0.25,0.26,0.01,0.01,76106.86,1776530183000
1776530185.813,85.813,0.74,0.75,0.25,0.26,0.01,0.01,76106.86,1776530183000
1776530186.189,86.189,0.74,0.75,0.25,0.26,0.01,0.01,76105.05,1776530184000
1776530186.564,86.564,0.74,0.75,0.25,0.26,0.01,0.01,76105.05,1776530184000
1776530186.909,86.909,0.74,0.75,0.25,0.26,0.01,0.01,76105.93,1776530185000
1776530187.425,87.425,0.74,0.75,0.25,0.26,0.01,0.01,76105.18,1776530186000
1776530188.161,88.161,0.74,0.75,0.25,0.26,0.01,0.01,76105.18,1776530186000
1776530188.5,88.5,0.74,0.75,0.25,0.26,0.01,0.01,76105.21,1776530187000
1776530188.873,88.873,0.74,0.75,0.25,0.26,0.01,0.01,76105.21,1776530187000
1776530189.403,89.403,0.75,0.76,0.25,0.26,0.01,0.01,76105.21,1776530187000
1776530189.736,89.736,0.75,0.76,0.24,0.25,0.01,0.01,76106.83,1776530188000
1776530190.355,90.355,0.75,0.76,0.24,0.25,0.01,0.01,76106.82,1776530189000
1776530190.819,90.819,0.75,0.76,0.24,0.25,0.01,0.01,76106.82,1776530189000
1776530191.171,91.171,0.75,0.76,0.24,0.25,0.01,0.01,76104.3,1776530190000
1776530191.754,91.754,0.75,0.76,0.24,0.25,0.01,0.01,76104.3,1776530190000
1776530192.312,92.312,0.75,0.76,0.24,0.25,0.01,0.01,76104.3,1776530190000
1776530192.839,92.839,0.75,0.76,0.24,0.25,0.01,0.01,76103.71,1776530191000
1776530193.179,93.179,0.75,0.76,0.24,0.25,0.01,0.01,76105.27,1776530192000
1776530193.8,93.8,0.75,0.76,0.24,0.25,0.01,0.01,76105.27,1776530192000
1776530194.576,94.576,0.75,0.76,0.24,0.25,0.01,0.01,76103.17,1776530193000
1776530195.19,95.19,0.75,0.76,0.24,0.25,0.01,0.01,76103.17,1776530193000
1776530195.748,95.748,0.75,0.76,0.24,0.25,0.01,0.01,76105.09,1776530194000
1776530196.182,96.182,0.75,0.76,0.24,0.25,0.01,0.01,76105.09,1776530194000
1776530196.671,96.671,0.75,0.76,0.24,0.25,0.01,0.01,76105.35,1776530195000
1776530197.439,97.439,0.75,0.76,0.24,0.25,0.01,0.01,76102.79,1776530196000
1776530197.916,97.916,0.75,0.76,0.24,0.25,0.01,0.01,76102.79,1776530196000
1776530198.463,98.463,0.75,0.76,0.24,0.25,0.01,0.01,76105.69,1776530197000
1776530198.917,98.917,0.75,0.76,0.24,0.25,0.01,0.01,76105.69,1776530197000
1776530199.582,99.582,0.75,0.76,0.24,0.25,0.01,0.01,76105.69,1776530197000
1776530199.946,99.946,0.75,0.76,0.24,0.25,0.01,0.01,76103.19,1776530198000
1776530200.393,100.393,0.72,0.73,0.25,0.28,0.01,0.03,76103.19,1776530198000
1776530200.781,100.781,0.7,0.71,0.29,0.3,0.01,0.01,76105.69,1776530199000
1776530201.247,101.247,0.7,0.71,0.29,0.3,0.01,0.01,76105.69,1776530199000
1776530202.15,102.15,0.7,0.71,0.29,0.3,0.01,0.01,76102.13,1776530201000
1776530202.595,102.595,0.7,0.71,0.29,0.3,0.01,0.01,76102.13,1776530201000
1776530202.966,102.966,0.7,0.71,0.29,0.3,0.01,0.01,76102.13,1776530201000
1776530203.304,103.304,0.7,0.71,0.29,0.3,0.01,0.01,76102.13,1776530201000
1776530203.646,103.646,0.7,0.71,0.29,0.3,0.01,0.01,76102.13,1776530201000
1776530204.025,104.025,0.7,0.71,0.29,0.3,0.01,0.01,76098.58,1776530202000
1776530204.359,104.359,0.7,0.71,0.29,0.3,0.01,0.01,76098.58,1776530202000
1776530205.086,105.086,0.7,0.71,0.29,0.3,0.01,0.01,76094.33,1776530204000
1776530205.617,105.617,0.65,0.69,0.29,0.32,0.04,0.03,76094.33,1776530204000
1776530205.987,105.987,0.64,0.65,0.35,0.36,0.01,0.01,76094.33,1776530204000
1776530206.321,106.321,0.64,0.65,0.35,0.36,0.01,0.01,76093.41,1776530205000
1776530206.689,106.689,0.64,0.65,0.35,0.36,0.01,0.01,76093.41,1776530205000
1776530207.377,107.377,0.64,0.65,0.35,0.36,0.01,0.01,76090.13,1776530206000
1776530207.773,107.773,0.64,0.65,0.35,0.36,0.01,0.01,76090.13,1776530206000
1776530208.145,108.145,0.64,0.65,0.35,0.36,0.01,0.01,76090.13,1776530206000
1776530208.754,108.754,0.64,0.65,0.35,0.36,0.01,0.01,76088.3,1776530207000
1776530209.091,109.091,0.64,0.65,0.35,0.36,0.01,0.01,76088.3,1776530207000
1776530209.46,109.46,0.64,0.65,0.35,0.36,0.01,0.01,76088.3,1776530208000
1776530209.827,109.827,0.64,0.65,0.35,0.36,0.01,0.01,76088.3,1776530208000
1776530210.206,110.206,0.64,0.65,0.35,0.36,0.01,0.01,76088.3,1776530208000
1776530210.832,110.832,0.64,0.65,0.35,0.36,0.01,0.01,76087.93,1776530209000
1776530211.209,111.209,0.63,0.64,0.35,0.37,0.01,0.02,76087.93,1776530209000
1776530211.805,111.805,0.63,0.64,0.36,0.37,0.01,0.01,76087.84,1776530210000
1776530212.188,112.188,0.63,0.64,0.36,0.37,0.01,0.01,76088.29,1776530211000
1776530212.523,112.523,0.63,0.64,0.36,0.37,0.01,0.01,76088.29,1776530211000
1776530212.888,112.888,0.63,0.64,0.36,0.37,0.01,0.01,76088.29,1776530211000
1776530213.252,113.252,0.63,0.64,0.36,0.37,0.01,0.01,76087.86,1776530212000
1776530213.837,113.837,0.63,0.64,0.36,0.37,0.01,0.01,76087.86,1776530212000
1776530214.184,114.184,0.63,0.64,0.36,0.37,0.01,0.01,76087.86,1776530212000
1776530214.566,114.566,0.63,0.64,0.36,0.37,0.01,0.01,76087.12,1776530213000
1776530214.98,114.98,0.63,0.64,0.36,0.37,0.01,0.01,76087.12,1776530214000
1776530215.343,115.343,0.63,0.64,0.36,0.37,0.01,0.01,76087.12,1776530214000
1776530215.699,115.699,0.63,0.64,0.36,0.37,0.01,0.01,76087.12,1776530214000
1776530216.04,116.04,0.63,0.64,0.36,0.37,0.01,0.01,76087.12,1776530214000
1776530216.425,116.425,0.63,0.64,0.36,0.37,0.01,0.01,76087.22,1776530215000
1776530217.418,117.418,0.63,0.64,0.36,0.37,0.01,0.01,76087.22,1776530215000
1776530217.934,117.934,0.63,0.64,0.36,0.37,0.01,0.01,76087.89,1776530216000
1776530218.304,118.304,0.63,0.64,0.36,0.37,0.01,0.01,76087.89,1776530216000
1776530218.728,118.728,0.63,0.64,0.36,0.37,0.01,0.01,76087.52,1776530217000
1776530219.116,119.116,0.64,0.65,0.35,0.36,0.01,0.01,76087.57,1776530218000
1776530219.551,119.551,0.63,0.65,0.35,0.36,0.02,0.01,76087.57,1776530218000
1776530220.203,120.203,0.63,0.64,0.35,0.37,0.01,0.02,76087.57,1776530218000
1776530220.602,120.602,0.63,0.64,0.36,0.37,0.01,0.01,76087.44,1776530219000
1776530220.97,120.97,0.63,0.64,0.36,0.37,0.01,0.01,76087.44,1776530219000
1776530221.328,121.328,0.63,0.64,0.36,0.37,0.01,0.01,76087.61,1776530220000
1776530221.71,121.71,0.63,0.64,0.36,0.37,0.01,0.01,76087.61,1776530220000
1776530222.098,122.098,0.63,0.64,0.36,0.37,0.01,0.01,76087.61,1776530220000
1776530222.45,122.45,0.63,0.64,0.36,0.37,0.01,0.01,76087.61,1776530221000
1776530222.843,122.843,0.63,0.64,0.36,0.37,0.01,0.01,76087.61,1776530221000
1776530223.241,123.241,0.63,0.64,0.36,0.37,0.01,0.01,76087.77,1776530222000
1776530223.614,123.614,0.63,0.64,0.36,0.37,0.01,0.01,76087.77,1776530222000
1776530223.978,123.978,0.63,0.64,0.36,0.37,0.01,0.01,76087.77,1776530222000
1776530224.317,124.317,0.63,0.65,0.35,0.37,0.02,0.02,76087.77,1776530223000
1776530224.804,124.804,0.64,0.65,0.35,0.36,0.01,0.01,76087.77,1776530223000
1776530225.324,125.324,0.64,0.65,0.35,0.36,0.01,0.01,76087.98,1776530224000
1776530225.671,125.671,0.64,0.65,0.35,0.36,0.01,0.01,76087.98,1776530224000
1776530226.149,126.149,0.64,0.65,0.35,0.36,0.01,0.01,76089.0,1776530225000
1776530226.672,126.672,0.64,0.65,0.35,0.36,0.01,0.01,76089.0,1776530225000
1776530227.394,127.394,0.63,0.64,0.35,0.36,0.01,0.01,76087.77,1776530226000
1776530227.916,127.916,0.63,0.64,0.36,0.37,0.01,0.01,76087.8,1776530227000
1776530228.449,128.449,0.63,0.64,0.36,0.37,0.01,0.01,76087.8,1776530227000
1776530228.845,128.845,0.63,0.64,0.36,0.37,0.01,0.01,76088.05,1776530228000
1776530229.729,129.729,0.63,0.64,0.36,0.37,0.01,0.01,76088.05,1776530228000
1776530230.122,130.122,0.63,0.64,0.36,0.37,0.01,0.01,76088.05,1776530228000
1776530230.455,130.455,0.63,0.64,0.36,0.37,0.01,0.01,76085.51,1776530229000
1776530230.792,130.792,0.63,0.65,0.36,0.37,0.02,0.01,76085.51,1776530229000
1776530231.303,131.303,0.63,0.65,0.35,0.37,0.02,0.02,76088.24,1776530230000
1776530231.782,131.782,0.64,0.65,0.35,0.36,0.01,0.01,76088.24,1776530230000
1776530232.141,132.141,0.64,0.65,0.35,0.36,0.01,0.01,76088.24,1776530230000
1776530232.539,132.539,0.64,0.65,0.35,0.36,0.01,0.01,76088.3,1776530231000
1776530232.936,132.936,0.63,0.64,0.36,0.37,0.01,0.01,76088.3,1776530231000
1776530233.299,133.299,0.64,0.65,0.35,0.37,0.01,0.02,76088.3,1776530231000
1776530234.053,134.053,0.64,0.65,0.35,0.36,0.01,0.01,76088.33,1776530233000
1776530234.486,134.486,0.65,0.66,0.35,0.36,0.01,0.01,76088.33,1776530233000
1776530235.177,135.177,0.65,0.66,0.34,0.35,0.01,0.01,76084.16,1776530234000
1776530235.701,135.701,0.65,0.66,0.34,0.35,0.01,0.01,76084.16,1776530234000
1776530236.135,136.135,0.63,0.64,0.34,0.38,0.01,0.04,76084.16,1776530234000
1776530236.476,136.476,0.63,0.64,0.36,0.37,0.01,0.01,76085.27,1776530235000
1776530236.962,136.962,0.63,0.64,0.36,0.37,0.01,0.01,76085.27,1776530235000
1776530237.317,137.317,0.63,0.64,0.36,0.37,0.01,0.01,76085.27,1776530235000
1776530237.816,137.816,0.63,0.64,0.36,0.37,0.01,0.01,76087.94,1776530236000
1776530238.233,138.233,0.63,0.64,0.36,0.37,0.01,0.01,76087.62,1776530237000
1776530238.632,138.632,0.63,0.64,0.36,0.37,0.01,0.01,76087.62,1776530237000
1776530239.124,139.124,0.63,0.64,0.36,0.37,0.01,0.01,76087.62,1776530238000
1776530239.683,139.683,0.63,0.64,0.36,0.37,0.01,0.01,76087.62,1776530238000
1776530240.044,140.044,0.63,0.64,0.36,0.37,0.01,0.01,76087.62,1776530238000
1776530240.437,140.437,0.63,0.64,0.36,0.37,0.01,0.01,76085.29,1776530239000
1776530240.931,140.931,0.63,0.64,0.36,0.37,0.01,0.01,76087.74,1776530240000
1776530241.394,141.394,0.63,0.64,0.36,0.37,0.01,0.01,76087.74,1776530240000
1776530241.949,141.949,0.63,0.64,0.36,0.37,0.01,0.01,76085.04,1776530241000
1776530242.288,142.288,0.63,0.64,0.36,0.37,0.01,0.01,76085.04,1776530241000
1776530242.652,142.652,0.63,0.64,0.36,0.37,0.01,0.01,76085.04,1776530241000
1776530243.104,143.104,0.63,0.64,0.36,0.37,0.01,0.01,76085.04,1776530241000
1776530243.456,143.456,0.63,0.64,0.36,0.37,0.01,0.01,76088.02,1776530242000
1776530244.252,144.252,0.63,0.64,0.36,0.37,0.01,0.01,76087.88,1776530243000
1776530245.514,145.514,0.63,0.64,0.36,0.37,0.01,0.01,76087.92,1776530244000
1776530246.091,146.091,0.63,0.64,0.36,0.37,0.01,0.01,76087.92,1776530245000
1776530246.739,146.739,0.63,0.64,0.36,0.37,0.01,0.01,76087.92,1776530245000
1776530247.277,147.277,0.64,0.65,0.35,0.37,0.01,0.02,76088.1,1776530246000
1776530247.879,147.879,0.64,0.65,0.35,0.36,0.01,0.01,76088.1,1776530246000
1776530248.228,148.228,0.64,0.65,0.35,0.36,0.01,0.01,76087.59,1776530247000
1776530249.097,149.097,0.63,0.65,0.35,0.37,0.02,0.02,76087.39,1776530248000
1776530249.713,149.713,0.63,0.64,0.36,0.37,0.01,0.01,76087.39,1776530248000
1776530250.136,150.136,0.63,0.64,0.36,0.37,0.01,0.01,76087.38,1776530249000
1776530250.545,150.545,0.64,0.65,0.36,0.37,0.01,0.01,76087.38,1776530249000
1776530251.122,151.122,0.64,0.65,0.35,0.36,0.01,0.01,76087.3,1776530250000
1776530251.761,151.761,0.64,0.65,0.35,0.36,0.01,0.01,76087.3,1776530250000
1776530252.099,152.099,0.65,0.66,0.34,0.35,0.01,0.01,76087.3,1776530250000
1776530252.45,152.45,0.65,0.66,0.34,0.35,0.01,0.01,76087.29,1776530251000
1776530253.103,153.103,0.65,0.66,0.34,0.35,0.01,0.01,76087.29,1776530251000
1776530254.115,154.115,0.64,0.65,0.35,0.36,0.01,0.01,76087.29,1776530252000
1776530254.66,154.66,0.64,0.65,0.35,0.36,0.01,0.01,76085.14,1776530253000
1776530255.124,155.124,0.65,0.66,0.34,0.36,0.01,0.02,76085.14,1776530253000
1776530255.501,155.501,0.65,0.66,0.34,0.35,0.01,0.01,76087.2,1776530254000
1776530256.12,156.12,0.65,0.66,0.34,0.35,0.01,0.01,76087.2,1776530254000
1776530256.626,156.626,0.65,0.66,0.34,0.35,0.01,0.01,76087.05,1776530255000
1776530257.011,157.011,0.65,0.66,0.34,0.35,0.01,0.01,76087.05,1776530255000
1776530257.372,157.372,0.64,0.65,0.35,0.36,0.01,0.01,76087.05,1776530255000
1776530257.777,157.777,0.64,0.65,0.35,0.36,0.01,0.01,76084.41,1776530256000
1776530258.319,158.319,0.64,0.65,0.35,0.36,0.01,0.01,76082.24,1776530257000
1776530258.809,158.809,0.64,0.65,0.35,0.36,0.01,0.01,76082.24,1776530257000
1776530259.355,159.355,0.64,0.65,0.35,0.36,0.01,0.01,76082.24,1776530257000
1776530259.757,159.757,0.64,0.66,0.35,0.36,0.02,0.01,76084.43,1776530258000
1776530260.688,160.688,0.65,0.66,0.34,0.36,0.01,0.02,76087.11,1776530259000
1776530261.534,161.534,0.65,0.66,0.34,0.35,0.01,0.01,76087.28,1776530260000
1776530262.056,162.056,0.65,0.66,0.34,0.35,0.01,0.01,76087.28,1776530260000
1776530262.392,162.392,0.71,0.73,0.29,0.3,0.02,0.01,76087.28,1776530260000
1776530262.746,162.746,0.75,0.76,0.24,0.25,0.01,0.01,76087.21,1776530261000
1776530263.093,163.093,0.75,0.76,0.24,0.25,0.01,0.01,76087.21,1776530261000
1776530263.484,163.484,0.75,0.76,0.24,0.25,0.01,0.01,76087.4,1776530262000
1776530263.823,163.823,0.73,0.76,0.24,0.26,0.03,0.02,76087.4,1776530262000
1776530264.361,164.361,0.75,0.76,0.24,0.25,0.01,0.01,76096.97,1776530263000
1776530264.852,164.852,0.75,0.76,0.24,0.25,0.01,0.01,76096.97,1776530263000
1776530265.189,165.189,0.75,0.76,0.24,0.25,0.01,0.01,76096.97,1776530263000
1776530266.087,166.087,0.75,0.76,0.24,0.25,0.01,0.01,76095.87,1776530264000
1776530266.486,166.486,0.75,0.76,0.24,0.25,0.01,0.01,76095.87,1776530264000
1776530266.88,166.88,0.75,0.76,0.24,0.25,0.01,0.01,76098.85,1776530265000
1776530267.343,167.343,0.75,0.76,0.24,0.25,0.01,0.01,76098.85,1776530265000
1776530267.682,167.682,0.75,0.76,0.24,0.25,0.01,0.01,76098.85,1776530265000
1776530268.283,168.283,0.75,0.76,0.24,0.25,0.01,0.01,76098.85,1776530266000
1776530268.642,168.642,0.75,0.76,0.24,0.25,0.01,0.01,76095.27,1776530267000
1776530269.1,169.1,0.75,0.76,0.24,0.25,0.01,0.01,76096.07,1776530268000
1776530269.455,169.455,0.75,0.76,0.24,0.25,0.01,0.01,76096.07,1776530268000
1776530269.894,169.894,0.75,0.76,0.24,0.25,0.01,0.01,76096.07,1776530268000
1776530270.489,170.489,0.75,0.76,0.24,0.25,0.01,0.01,76096.07,1776530269000
1776530271.061,171.061,0.74,0.75,0.24,0.26,0.01,0.02,76096.07,1776530269000
1776530271.415,171.415,0.74,0.75,0.25,0.26,0.01,0.01,76099.01,1776530270000
1776530271.798,171.798,0.74,0.75,0.25,0.26,0.01,0.01,76099.01,1776530270000
1776530272.655,172.655,0.74,0.75,0.25,0.26,0.01,0.01,76099.01,1776530270000
1776530273.206,173.206,0.74,0.76,0.25,0.26,0.02,0.01,76096.27,1776530271000
1776530273.618,173.618,0.74,0.75,0.24,0.26,0.01,0.02,76095.02,1776530272000
1776530274.629,174.629,0.74,0.75,0.25,0.26,0.01,0.01,76095.97,1776530273000
1776530275.392,175.392,0.74,0.75,0.25,0.26,0.01,0.01,76095.97,1776530273000
1776530275.839,175.839,0.74,0.75,0.25,0.26,0.01,0.01,76094.77,1776530274000
1776530276.29,176.29,0.74,0.75,0.25,0.26,0.01,0.01,76094.77,1776530274000
1776530276.63,176.63,0.75,0.76,0.24,0.25,0.01,0.01,76095.92,1776530275000
1776530277.286,177.286,0.74,0.75,0.25,0.26,0.01,0.01,76098.9,1776530276000
1776530277.665,177.665,0.72,0.73,0.27,0.28,0.01,0.01,76098.9,1776530276000
1776530278.096,178.096,0.7,0.72,0.28,0.3,0.02,0.02,76098.9,1776530276000
1776530278.518,178.518,0.69,0.71,0.28,0.3,0.02,0.02,76098.9,1776530276000
1776530278.919,178.919,0.64,0.69,0.3,0.34,0.05,0.04,76090.6,1776530277000
1776530279.282,179.282,0.64,0.66,0.32,0.36,0.02,0.04,76090.6,1776530277000
1776530279.72,179.72,0.65,0.66,0.34,0.35,0.01,0.01,76090.6,1776530277000
1776530280.516,180.516,0.64,0.66,0.34,0.35,0.02,0.01,76087.7,1776530278000
1776530280.911,180.911,0.64,0.65,0.35,0.36,0.01,0.01,76087.7,1776530279000
1776530281.26,181.26,0.64,0.65,0.35,0.36,0.01,0.01,76087.7,1776530279000
1776530281.668,181.668,0.64,0.65,0.35,0.36,0.01,0.01,76083.86,1776530280000
1776530282.009,182.009,0.64,0.65,0.35,0.36,0.01,0.01,76083.86,1776530280000
1776530282.453,182.453,0.64,0.65,0.35,0.36,0.01,0.01,76083.11,1776530281000
1776530283.387,183.387,0.64,0.65,0.34,0.36,0.01,0.02,76083.11,1776530281000
1776530283.777,183.777,0.64,0.65,0.35,0.36,0.01,0.01,76081.54,1776530282000
1776530284.214,184.214,0.64,0.65,0.34,0.36,0.01,0.02,76081.54,1776530282000
1776530284.692,184.692,0.64,0.65,0.35,0.36,0.01,0.01,76081.54,1776530283000
1776530285.08,185.08,0.64,0.65,0.35,0.36,0.01,0.01,76081.71,1776530284000
1776530285.469,185.469,0.64,0.65,0.35,0.36,0.01,0.01,76081.71,1776530284000
1776530285.944,185.944,0.64,0.65,0.35,0.36,0.01,0.01,76081.71,1776530284000
1776530286.375,186.375,0.64,0.65,0.35,0.36,0.01,0.01,76081.71,1776530284000
1776530286.877,186.877,0.64,0.65,0.35,0.36,0.01,0.01,76081.25,1776530285000
1776530287.364,187.364,0.64,0.65,0.35,0.36,0.01,0.01,76081.24,1776530286000
1776530287.905,187.905,0.64,0.65,0.35,0.36,0.01,0.01,76081.24,1776530286000
1776530288.253,188.253,0.64,0.65,0.35,0.36,0.01,0.01,76081.24,1776530286000
1776530288.607,188.607,0.64,0.65,0.35,0.36,0.01,0.01,76081.24,1776530286000
1776530289.281,189.281,0.64,0.65,0.35,0.36,0.01,0.01,76081.84,1776530288000
1776530289.823,189.823,0.64,0.65,0.35,0.36,0.01,0.01,76081.84,1776530288000
1776530290.808,190.808,0.64,0.67,0.33,0.36,0.03,0.03,76084.41,1776530289000
1776530291.657,191.657,0.64,0.67,0.33,0.36,0.03,0.03,76084.44,1776530290000
1776530292.287,192.287,0.66,0.68,0.33,0.36,0.02,0.03,76084.44,1776530290000
1776530293.19,193.19,0.66,0.68,0.32,0.34,0.02,0.02,76086.18,1776530292000
1776530293.877,193.877,0.64,0.68,0.32,0.34,0.04,0.02,76086.18,1776530292000
1776530294.21,194.21,0.66,0.68,0.31,0.35,0.02,0.04,76086.18,1776530292000
1776530294.703,194.703,0.7,0.71,0.29,0.3,0.01,0.01,76086.18,1776530292000
1776530295.052,195.052,0.7,0.71,0.29,0.3,0.01,0.01,76086.79,1776530293000
1776530295.454,195.454,0.7,0.71,0.29,0.3,0.01,0.01,76086.62,1776530294000
1776530295.939,195.939,0.71,0.72,0.28,0.3,0.01,0.02,76086.62,1776530294000
1776530296.462,196.462,0.71,0.72,0.28,0.29,0.01,0.01,76088.0,1776530295000
1776530297.06,197.06,0.72,0.73,0.27,0.29,0.01,0.02,76088.0,1776530295000
1776530297.506,197.506,0.73,0.74,0.26,0.27,0.01,0.01,76088.0,1776530295000
1776530297.867,197.867,0.73,0.74,0.26,0.27,0.01,0.01,76088.47,1776530296000
1776530298.236,198.236,0.74,0.76,0.24,0.26,0.02,0.02,76088.47,1776530296000
1776530298.638,198.638,0.75,0.76,0.24,0.25,0.01,0.01,76089.78,1776530297000
1776530299.111,199.111,0.75,0.76,0.24,0.25,0.01,0.01,76089.78,1776530297000
1776530299.446,199.446,0.75,0.76,0.24,0.25,0.01,0.01,76090.5,1776530298000
1776530299.815,199.815,0.75,0.76,0.24,0.25,0.01,0.01,76090.5,1776530298000
1776530300.573,200.573,0.75,0.76,0.24,0.25,0.01,0.01,76090.5,1776530298000
1776530300.965,200.965,0.74,0.75,0.25,0.26,0.01,0.01,76093.06,1776530299000
1776530301.316,201.316,0.74,0.75,0.25,0.26,0.01,0.01,76093.06,1776530299000
1776530301.984,201.984,0.74,0.75,0.25,0.26,0.01,0.01,76092.98,1776530300000
1776530302.329,202.329,0.74,0.75,0.25,0.26,0.01,0.01,76092.98,1776530300000
1776530302.683,202.683,0.73,0.74,0.26,0.27,0.01,0.01,76091.25,1776530301000
1776530303.019,203.019,0.73,0.74,0.26,0.27,0.01,0.01,76091.25,1776530302000
1776530303.406,203.406,0.73,0.74,0.26,0.27,0.01,0.01,76091.25,1776530302000
1776530303.791,203.791,0.73,0.74,0.26,0.27,0.01,0.01,76091.25,1776530302000
1776530304.205,204.205,0.71,0.72,0.28,0.29,0.01,0.01,76092.21,1776530303000
1776530304.669,204.669,0.7,0.71,0.28,0.3,0.01,0.02,76092.21,1776530303000
1776530305.062,205.062,0.7,0.71,0.29,0.3,0.01,0.01,76092.21,1776530303000
1776530305.432,205.432,0.7,0.71,0.29,0.3,0.01,0.01,76092.23,1776530304000
1776530305.88,205.88,0.7,0.72,0.29,0.3,0.02,0.01,76092.23,1776530304000
1776530306.499,206.499,0.71,0.72,0.28,0.29,0.01,0.01,76091.82,1776530305000
1776530307.128,207.128,0.71,0.72,0.28,0.29,0.01,0.01,76091.82,1776530305000
1776530307.488,207.488,0.71,0.72,0.28,0.29,0.01,0.01,76090.66,1776530306000
1776530307.923,207.923,0.71,0.72,0.28,0.29,0.01,0.01,76090.66,1776530306000
1776530308.293,208.293,0.71,0.72,0.28,0.29,0.01,0.01,76090.66,1776530306000
1776530308.662,208.662,0.71,0.72,0.28,0.29,0.01,0.01,76090.39,1776530307000
1776530309.089,209.089,0.71,0.72,0.28,0.29,0.01,0.01,76090.32,1776530308000
1776530309.593,209.593,0.71,0.72,0.28,0.29,0.01,0.01,76090.32,1776530308000
1776530310.214,210.214,0.71,0.73,0.28,0.29,0.02,0.01,76090.32,1776530308000
1776530310.56,210.56,0.71,0.72,0.28,0.29,0.01,0.01,76090.32,1776530309000
1776530310.915,210.915,0.72,0.73,0.27,0.28,0.01,0.01,76090.32,1776530309000
1776530311.258,211.258,0.72,0.73,0.27,0.28,0.01,0.01,76090.32,1776530309000
1776530311.655,211.655,0.72,0.73,0.27,0.28,0.01,0.01,76090.18,1776530310000
1776530312.024,212.024,0.72,0.73,0.27,0.28,0.01,0.01,76090.18,1776530311000
1776530312.362,212.362,0.72,0.73,0.27,0.28,0.01,0.01,76090.18,1776530311000
1776530313.282,213.282,0.72,0.74,0.26,0.28,0.02,0.02,76090.04,1776530312000
1776530313.916,213.916,0.73,0.74,0.26,0.27,0.01,0.01,76090.04,1776530312000
1776530314.266,214.266,0.73,0.74,0.26,0.27,0.01,0.01,76090.04,1776530313000
1776530314.822,214.822,0.73,0.74,0.26,0.27,0.01,0.01,76090.04,1776530313000
1776530315.449,215.449,0.73,0.74,0.26,0.27,0.01,0.01,76090.8,1776530314000
1776530316.178,216.178,0.73,0.74,0.26,0.27,0.01,0.01,76090.8,1776530314000
1776530316.514,216.514,0.73,0.74,0.26,0.27,0.01,0.01,76090.8,1776530315000
1776530316.989,216.989,0.73,0.74,0.26,0.27,0.01,0.01,76090.8,1776530315000
1776530317.457,217.457,0.73,0.74,0.26,0.27,0.01,0.01,76090.81,1776530316000
1776530318.149,218.149,0.73,0.74,0.26,0.27,0.01,0.01,76090.81,1776530316000
1776530318.517,218.517,0.73,0.74,0.26,0.27,0.01,0.01,76090.0,1776530317000
1776530319.146,219.146,0.73,0.74,0.26,0.27,0.01,0.01,76090.0,1776530317000
1776530319.535,219.535,0.73,0.74,0.26,0.27,0.01,0.01,76090.78,1776530318000
1776530320.003,220.003,0.73,0.74,0.26,0.27,0.01,0.01,76090.75,1776530319000
1776530320.355,220.355,0.73,0.74,0.26,0.27,0.01,0.01,76090.75,1776530319000
1776530320.738,220.738,0.73,0.74,0.26,0.27,0.01,0.01,76090.75,1776530319000
1776530321.217,221.217,0.73,0.74,0.26,0.27,0.01,0.01,76090.73,1776530320000
1776530321.577,221.577,0.73,0.75,0.25,0.26,0.02,0.01,76090.73,1776530320000
1776530321.95,221.95,0.73,0.75,0.25,0.27,0.02,0.02,76090.78,1776530321000
1776530322.384,222.384,0.74,0.75,0.25,0.26,0.01,0.01,76090.78,1776530321000
1776530323.161,223.161,0.74,0.75,0.25,0.26,0.01,0.01,76090.78,1776530321000
1776530323.586,223.586,0.74,0.75,0.25,0.26,0.01,0.01,76090.79,1776530322000
1776530323.965,223.965,0.74,0.75,0.25,0.26,0.01,0.01,76090.79,1776530322000
1776530325.014,225.014,0.74,0.75,0.25,0.26,0.01,0.01,76090.77,1776530324000
1776530326.118,226.118,0.74,0.76,0.25,0.26,0.02,0.01,76090.77,1776530324000
1776530326.605,226.605,0.75,0.76,0.24,0.25,0.01,0.01,76090.81,1776530325000
1776530327.099,227.099,0.75,0.76,0.24,0.25,0.01,0.01,76090.81,1776530325000
1776530327.505,227.505,0.75,0.77,0.23,0.25,0.02,0.02,76090.78,1776530326000
1776530328.04,228.04,0.75,0.77,0.23,0.25,0.02,0.02,76090.78,1776530327000
1776530328.534,228.534,0.76,0.77,0.23,0.24,0.01,0.01,76090.78,1776530327000
1776530329.751,229.751,0.76,0.77,0.23,0.24,0.01,0.01,76091.14,1776530328000
1776530330.272,230.272,0.76,0.77,0.23,0.24,0.01,0.01,76091.14,1776530328000
1776530330.685,230.685,0.76,0.77,0.23,0.24,0.01,0.01,76091.19,1776530329000
1776530331.101,231.101,0.76,0.77,0.23,0.24,0.01,0.01,76091.19,1776530329000
1776530331.712,231.712,0.76,0.77,0.23,0.24,0.01,0.01,76091.14,1776530330000
1776530332.297,232.297,0.76,0.77,0.23,0.24,0.01,0.01,76091.08,1776530331000
1776530332.77,232.77,0.77,0.78,0.22,0.24,0.01,0.02,76091.08,1776530331000
1776530333.117,233.117,0.77,0.78,0.22,0.23,0.01,0.01,76091.08,1776530331000
1776530333.467,233.467,0.78,0.79,0.21,0.22,0.01,0.01,76091.08,1776530331000
1776530333.871,233.871,0.78,0.79,0.21,0.22,0.01,0.01,76090.56,1776530332000
1776530334.226,234.226,0.78,0.79,0.21,0.22,0.01,0.01,76090.56,1776530332000
1776530334.701,234.701,0.78,0.79,0.21,0.22,0.01,0.01,76091.1,1776530333000
1776530335.174,235.174,0.8,0.82,0.19,0.21,0.02,0.02,76091.1,1776530333000
1776530335.529,235.529,0.81,0.82,0.18,0.19,0.01,0.01,76091.14,1776530334000
1776530335.867,235.867,0.81,0.82,0.18,0.19,0.01,0.01,76091.14,1776530334000
1776530336.219,236.219,0.81,0.82,0.18,0.19,0.01,0.01,76091.17,1776530335000
1776530336.553,236.553,0.81,0.82,0.18,0.19,0.01,0.01,76091.17,1776530335000
1776530336.975,236.975,0.81,0.82,0.18,0.19,0.01,0.01,76091.17,1776530335000
1776530337.416,237.416,0.81,0.82,0.18,0.19,0.01,0.01,76094.4,1776530336000
1776530338.425,238.425,0.82,0.83,0.17,0.19,0.01,0.02,76094.4,1776530336000
1776530339.072,239.072,0.82,0.83,0.17,0.18,0.01,0.01,76095.45,1776530338000
1776530339.476,239.476,0.82,0.83,0.17,0.18,0.01,0.01,76095.45,1776530338000
1776530339.922,239.922,0.82,0.83,0.17,0.18,0.01,0.01,76095.45,1776530338000
1776530340.463,240.463,0.83,0.84,0.16,0.17,0.01,0.01,76095.44,1776530339000
1776530340.819,240.819,0.84,0.85,0.15,0.16,0.01,0.01,76095.44,1776530339000
1776530341.155,241.155,0.84,0.85,0.15,0.16,0.01,0.01,76095.44,1776530339000
1776530341.54,241.54,0.84,0.85,0.15,0.16,0.01,0.01,76095.44,1776530340000
1776530341.916,241.916,0.85,0.86,0.14,0.16,0.01,0.02,76095.44,1776530340000
1776530342.498,242.498,0.85,0.87,0.14,0.15,0.02,0.01,76095.44,1776530340000
1776530342.835,242.835,0.87,0.88,0.12,0.13,0.01,0.01,76096.78,1776530341000
1776530343.187,243.187,0.88,0.89,0.11,0.12,0.01,0.01,76096.78,1776530341000
1776530343.531,243.531,0.89,0.9,0.1,0.11,0.01,0.01,76096.78,1776530342000
1776530343.88,243.88,0.89,0.9,0.1,0.11,0.01,0.01,76096.78,1776530342000
1776530344.217,244.217,0.89,0.9,0.1,0.11,0.01,0.01,76096.78,1776530342000
1776530344.637,244.637,0.9,0.91,0.09,0.1,0.01,0.01,76096.98,1776530343000
1776530345.015,245.015,0.9,0.91,0.09,0.1,0.01,0.01,76100.52,1776530344000
1776530345.371,245.371,0.91,0.92,0.08,0.09,0.01,0.01,76100.52,1776530344000
1776530345.789,245.789,0.92,0.93,0.07,0.09,0.01,0.02,76100.52,1776530344000
1776530346.176,246.176,0.92,0.93,0.07,0.08,0.01,0.01,76100.52,1776530344000
1776530346.537,246.537,0.92,0.93,0.07,0.08,0.01,0.01,76101.51,1776530345000
1776530346.909,246.909,0.92,0.93,0.07,0.08,0.01,0.01,76101.51,1776530345000
1776530347.27,247.27,0.92,0.93,0.07,0.08,0.01,0.01,76101.51,1776530345000
1776530347.663,247.663,0.92,0.93,0.07,0.08,0.01,0.01,76103.62,1776530346000
1776530348.057,248.057,0.92,0.93,0.07,0.08,0.01,0.01,76104.24,1776530347000
1776530348.451,248.451,0.92,0.93,0.07,0.08,0.01,0.01,76104.24,1776530347000
1776530348.787,248.787,0.92,0.93,0.07,0.08,0.01,0.01,76104.24,1776530347000
1776530349.184,249.184,0.94,0.95,0.05,0.06,0.01,0.01,76104.25,1776530348000
1776530349.566,249.566,0.94,0.95,0.05,0.06,0.01,0.01,76104.25,1776530348000
1776530349.965,249.965,0.94,0.95,0.05,0.06,0.01,0.01,76104.25,1776530348000
1776530350.3,250.3,0.94,0.95,0.05,0.06,0.01,0.01,76104.25,1776530348000
1776530350.634,250.634,0.94,0.95,0.05,0.06,0.01,0.01,76104.26,1776530349000
1776530351.1,251.1,0.94,0.95,0.05,0.06,0.01,0.01,76104.26,1776530349000
1776530351.546,251.546,0.94,0.95,0.05,0.06,0.01,0.01,76106.0,1776530350000
1776530351.913,251.913,0.95,0.96,0.04,0.05,0.01,0.01,76106.0,1776530350000
1776530352.25,252.25,0.95,0.96,0.04,0.05,0.01,0.01,76109.23,1776530351000
1776530352.593,252.593,0.95,0.96,0.04,0.05,0.01,0.01,76109.23,1776530351000
1776530353.088,253.088,0.96,0.97,0.03,0.04,0.01,0.01,76109.23,1776530351000
1776530353.477,253.477,0.96,0.97,0.03,0.04,0.01,0.01,76110.76,1776530352000
1776530353.812,253.812,0.95,0.96,0.03,0.09,0.01,0.06,76110.76,1776530352000
1776530354.245,254.245,0.95,0.96,0.04,0.05,0.01,0.01,76110.79,1776530353000
1776530354.583,254.583,0.95,0.96,0.04,0.05,0.01,0.01,76110.79,1776530353000
1776530354.948,254.948,0.94,0.95,0.05,0.06,0.01,0.01,76110.79,1776530353000
1776530355.288,255.288,0.94,0.95,0.05,0.06,0.01,0.01,76110.79,1776530353000
1776530355.63,255.63,0.94,0.95,0.05,0.06,0.01,0.01,76109.48,1776530354000
1776530356.09,256.09,0.94,0.95,0.05,0.07,0.01,0.02,76109.48,1776530354000
1776530356.496,256.496,0.94,0.95,0.05,0.07,0.01,0.02,76108.9,1776530355000
1776530356.846,256.846,0.94,0.95,0.05,0.06,0.01,0.01,76108.9,1776530355000
1776530357.225,257.225,0.94,0.95,0.05,0.06,0.01,0.01,76112.2,1776530356000
1776530357.575,257.575,0.94,0.96,0.05,0.06,0.02,0.01,76112.2,1776530356000
1776530358.113,258.113,0.95,0.96,0.04,0.05,0.01,0.01,76112.22,1776530357000
1776530358.447,258.447,0.95,0.97,0.03,0.05,0.02,0.02,76112.22,1776530357000
1776530358.8,258.8,0.95,0.96,0.03,0.04,0.01,0.01,76112.22,1776530357000
1776530359.142,259.142,0.95,0.96,0.04,0.05,0.01,0.01,76112.22,1776530357000
1776530359.693,259.693,0.95,0.96,0.04,0.05,0.01,0.01,76112.21,1776530358000
1776530360.119,260.119,0.96,0.97,0.03,0.04,0.01,0.01,76112.21,1776530358000
1776530360.597,260.597,0.96,0.97,0.03,0.04,0.01,0.01,76112.21,1776530358000
1776530360.932,260.932,0.96,0.97,0.03,0.04,0.01,0.01,76112.31,1776530359000
1776530361.315,261.315,0.96,0.97,0.03,0.04,0.01,0.01,76112.76,1776530360000
1776530361.648,261.648,0.96,0.97,0.03,0.04,0.01,0.01,76112.76,1776530360000
1776530362.146,262.146,0.95,0.97,0.04,0.05,0.02,0.01,76112.76,1776530360000
1776530362.522,262.522,0.96,0.97,0.03,0.04,0.01,0.01,76113.17,1776530361000
1776530362.915,262.915,0.96,0.97,0.03,0.04,0.01,0.01,76113.17,1776530361000
1776530363.444,263.444,0.96,0.97,0.03,0.04,0.01,0.01,76113.18,1776530362000
1776530363.838,263.838,0.96,0.97,0.03,0.04,0.01,0.01,76113.18,1776530362000
1776530364.225,264.225,0.96,0.97,0.03,0.04,0.01,0.01,76113.32,1776530363000
1776530364.675,264.675,0.96,0.98,0.03,0.04,0.02,0.01,76113.32,1776530363000
1776530365.064,265.064,0.96,0.97,0.03,0.04,0.01,0.01,76113.32,1776530363000
1776530365.495,265.495,0.97,0.98,0.02,0.03,0.01,0.01,76113.47,1776530364000
1776530365.928,265.928,0.97,0.98,0.02,0.03,0.01,0.01,76113.47,1776530364000
1776530366.292,266.292,0.97,0.98,0.02,0.03,0.01,0.01,76113.62,1776530365000
1776530366.638,266.638,0.96,0.97,0.02,0.04,0.01,0.02,76113.62,1776530365000
1776530366.992,266.992,0.96,0.97,0.03,0.04,0.01,0.01,76113.62,1776530365000
1776530367.544,267.544,0.96,0.97,0.03,0.04,0.01,0.01,76113.8,1776530366000
1776530367.977,267.977,0.97,0.98,0.03,0.04,0.01,0.01,76113.8,1776530366000
1776530368.348,268.348,0.96,0.98,0.02,0.04,0.02,0.02,76114.04,1776530367000
1776530368.779,268.779,0.97,0.98,0.02,0.03,0.01,0.01,76114.04,1776530367000
1776530369.191,269.191,0.96,0.97,0.03,0.04,0.01,0.01,76114.04,1776530367000
1776530369.562,269.562,0.96,0.97,0.03,0.04,0.01,0.01,76115.0,1776530368000
1776530369.909,269.909,0.96,0.97,0.03,0.04,0.01,0.01,76115.0,1776530368000
1776530370.29,270.29,0.96,0.97,0.03,0.04,0.01,0.01,76114.97,1776530369000
1776530370.648,270.648,0.97,0.98,0.02,0.03,0.01,0.01,76114.97,1776530369000
1776530371.016,271.016,0.96,0.97,0.02,0.03,0.01,0.01,76114.97,1776530369000
1776530371.385,271.385,0.97,0.98,0.02,0.03,0.01,0.01,76114.97,1776530369000
1776530371.769,271.769,0.97,0.98,0.02,0.03,0.01,0.01,76112.66,1776530370000
1776530372.105,272.105,0.97,0.98,0.02,0.03,0.01,0.01,76112.66,1776530370000
1776530372.465,272.465,0.97,0.98,0.02,0.03,0.01,0.01,76112.57,1776530371000
1776530373.058,273.058,0.97,0.98,0.02,0.03,0.01,0.01,76114.68,1776530372000
1776530373.392,273.392,0.97,0.98,0.02,0.03,0.01,0.01,76114.68,1776530372000
1776530373.828,273.828,0.97,0.98,0.01,0.03,0.01,0.02,76114.68,1776530372000
1776530374.375,274.375,0.98,0.99,0.01,0.02,0.01,0.01,76114.68,1776530372000
1776530374.771,274.771,0.98,0.99,0.01,0.02,0.01,0.01,76112.91,1776530373000
1776530375.188,275.188,0.97,0.98,0.02,0.03,0.01,0.01,76112.45,1776530374000
1776530375.697,275.697,0.97,0.98,0.02,0.03,0.01,0.01,76112.45,1776530374000
1776530376.277,276.277,0.98,0.99,0.02,0.03,0.01,0.01,76112.45,1776530374000
1776530376.637,276.637,0.98,0.99,0.01,0.02,0.01,0.01,76112.75,1776530375000
1776530377.168,277.168,0.98,0.99,0.01,0.02,0.01,0.01,76112.75,1776530376000
1776530377.56,277.56,0.98,0.99,0.01,0.02,0.01,0.01,76112.75,1776530376000
1776530377.956,277.956,0.98,0.99,0.01,0.02,0.01,0.01,76112.75,1776530376000
1776530378.421,278.421,0.98,0.99,0.01,0.02,0.01,0.01,76109.54,1776530377000
1776530378.767,278.767,0.98,0.99,0.01,0.02,0.01,0.01,76109.54,1776530377000
1776530379.263,279.263,0.98,0.99,0.01,0.02,0.01,0.01,76109.54,1776530377000
1776530379.693,279.693,0.98,0.99,0.01,0.02,0.01,0.01,76111.14,1776530378000
1776530380.047,280.047,0.98,0.99,0.01,0.02,0.01,0.01,76111.14,1776530378000
1776530380.443,280.443,0.98,0.99,0.01,0.02,0.01,0.01,76111.08,1776530379000
1776530380.783,280.783,0.98,0.99,0.01,0.02,0.01,0.01,76111.08,1776530379000
1776530381.234,281.234,0.98,0.99,0.01,0.02,0.01,0.01,76111.08,1776530379000
1776530381.662,281.662,0.98,0.99,0.01,0.02,0.01,0.01,76111.21,1776530380000
1776530382.077,282.077,0.98,0.99,0.01,0.02,0.01,0.01,76111.21,1776530380000
1776530382.442,282.442,0.98,0.99,0.01,0.02,0.01,0.01,76109.28,1776530381000
1776530382.81,282.81,0.98,0.99,0.01,0.02,0.01,0.01,76109.28,1776530381000
1776530383.153,283.153,0.88,0.97,0.03,0.04,0.09,0.01,76108.46,1776530382000
1776530383.536,283.536,0.9,0.91,0.09,0.1,0.01,0.01,76108.46,1776530382000
1776530383.941,283.941,0.9,0.91,0.09,0.1,0.01,0.01,76108.46,1776530382000
1776530384.289,284.289,0.9,0.91,0.09,0.1,0.01,0.01,76102.0,1776530383000
1776530384.754,284.754,0.91,0.92,0.08,0.09,0.01,0.01,76102.0,1776530383000
1776530385.09,285.09,0.91,0.92,0.08,0.09,0.01,0.01,76102.0,1776530383000
1776530385.429,285.429,0.93,0.94,0.06,0.07,0.01,0.01,76094.74,1776530384000
1776530385.817,285.817,0.92,0.94,0.06,0.07,0.02,0.01,76094.74,1776530384000
1776530386.176,286.176,0.93,0.94,0.06,0.07,0.01,0.01,76094.74,1776530384000
1776530386.553,286.553,0.93,0.94,0.06,0.07,0.01,0.01,76094.74,1776530384000
1776530386.899,286.899,0.93,0.95,0.06,0.07,0.02,0.01,76091.97,1776530385000
1776530387.235,287.235,0.95,0.96,0.04,0.05,0.01,0.01,76091.97,1776530385000
1776530387.572,287.572,0.95,0.96,0.04,0.05,0.01,0.01,76091.97,1776530385000
1776530387.913,287.913,0.92,0.93,0.07,0.08,0.01,0.01,76091.59,1776530386000
1776530388.281,288.281,0.92,0.93,0.07,0.08,0.01,0.01,76091.59,1776530386000
1776530388.616,288.616,0.92,0.93,0.07,0.08,0.01,0.01,76091.59,1776530387000
1776530389.072,289.072,0.92,0.93,0.07,0.08,0.01,0.01,76091.59,1776530387000
1776530389.433,289.433,0.92,0.93,0.07,0.08,0.01,0.01,76091.54,1776530388000
1776530389.766,289.766,0.92,0.93,0.07,0.08,0.01,0.01,76091.54,1776530388000
1776530390.198,290.198,0.92,0.93,0.07,0.08,0.01,0.01,76091.54,1776530388000
1776530390.532,290.532,0.85,0.88,0.09,0.14,0.03,0.05,76090.59,1776530389000
1776530391.068,291.068,0.87,0.88,0.12,0.13,0.01,0.01,76090.59,1776530389000
1776530391.581,291.581,0.87,0.88,0.12,0.13,0.01,0.01,76089.24,1776530390000
1776530391.984,291.984,0.87,0.88,0.12,0.13,0.01,0.01,76089.24,1776530390000
1776530392.484,292.484,0.88,0.89,0.11,0.12,0.01,0.01,76086.12,1776530391000
1776530392.83,292.83,0.88,0.92,0.11,0.12,0.04,0.01,76086.12,1776530391000
1776530393.279,293.279,0.91,0.92,0.08,0.09,0.01,0.01,76082.17,1776530392000
1776530393.93,293.93,0.91,0.92,0.08,0.09,0.01,0.01,76082.17,1776530392000
1776530394.333,294.333,0.92,0.93,0.07,0.08,0.01,0.01,76082.17,1776530392000
1776530394.763,294.763,0.9,0.91,0.08,0.09,0.01,0.01,76081.15,1776530393000
1776530395.106,295.106,0.9,0.91,0.09,0.1,0.01,0.01,76081.15,1776530393000
1776530395.442,295.442,0.9,0.91,0.09,0.1,0.01,0.01,76081.15,1776530393000
1776530395.885,295.885,0.94,0.95,0.05,0.06,0.01,0.01,76081.62,1776530394000
1776530396.267,296.267,0.94,0.95,0.05,0.06,0.01,0.01,76081.62,1776530395000
1776530396.708,296.708,0.95,0.96,0.04,0.05,0.01,0.01,76081.62,1776530395000
1776530397.1,297.1,0.95,0.96,0.04,0.05,0.01,0.01,76081.62,1776530395000
1776530397.461,297.461,0.97,0.98,0.02,0.03,0.01,0.01,76081.65,1776530396000
1776530397.801,297.801,0.98,0.99,0.01,0.02,0.01,0.01,76081.65,1776530396000
1776530398.322,298.322,0.99,0.99,0.01,0.01,0.0,0.0,76080.89,1776530397000
1776530398.799,298.799,0.99,0.99,0.01,0.01,0.0,0.0,76080.89,1776530397000
1776530399.172,299.172,0.99,0.99,0.01,0.01,0.0,0.0,76080.66,1776530398000
1776530399.552,299.552,0.99,0.99,0.01,0.01,0.0,0.0,76080.66,1776530398000
1776530400.0,300.0,0.99,0.99,0.01,0.01,0.0,0.0,76080.66,1776530398000
1776530400.979,300.979,0.99,0.99,0.01,0.01,0.0,0.0,76081.39,1776530399000
1776530402.785,302.785,0.99,0.99,0.01,0.01,0.0,0.0,76081.65,1776530401000

# RESULT,winner=Up,slug=btc-updown-5m-1776530100,ticks=662
