timestamp,elapsed_sec,up_bid,up_ask,down_bid,down_ask,up_spread,down_spread,btc_price,btc_oracle_ts
1777261800.559,0.559,0.5,0.52,0.48,0.5,0.02,0.02,79224.05,1777261799000
1777261800.977,0.977,0.5,0.51,0.49,0.5,0.01,0.01,79224.05,1777261800000
1777261801.326,1.326,0.53,0.58,0.46,0.47,0.05,0.01,79224.05,1777261800000
1777261802.045,2.045,0.56,0.57,0.43,0.44,0.01,0.01,79224.05,1777261800000
1777261802.382,2.382,0.56,0.57,0.43,0.44,0.01,0.01,79224.05,1777261801000
1777261802.788,2.788,0.57,0.58,0.42,0.44,0.01,0.02,79224.05,1777261801000
1777261803.158,3.158,0.58,0.59,0.41,0.43,0.01,0.02,79224.05,1777261801000
1777261803.612,3.612,0.59,0.6,0.4,0.41,0.01,0.01,79229.76,1777261802000
1777261803.974,3.974,0.5,0.51,0.49,0.5,0.01,0.01,79229.76,1777261802000
1777261804.349,4.349,0.5,0.51,0.49,0.5,0.01,0.01,79233.99,1777261803000
1777261804.78,4.78,0.5,0.51,0.49,0.5,0.01,0.01,79233.99,1777261803000
1777261805.326,5.326,0.5,0.51,0.49,0.5,0.01,0.01,79233.99,1777261804000
1777261805.789,5.789,0.5,0.52,0.49,0.5,0.02,0.01,79233.99,1777261804000
1777261806.133,6.133,0.5,0.51,0.49,0.5,0.01,0.01,79230.24,1777261805000
1777261806.748,6.748,0.5,0.51,0.49,0.5,0.01,0.01,79230.24,1777261805000
1777261807.127,7.127,0.5,0.51,0.49,0.5,0.01,0.01,79227.71,1777261806000
1777261807.509,7.509,0.5,0.51,0.49,0.5,0.01,0.01,79227.71,1777261806000
1777261808.142,8.142,0.5,0.51,0.49,0.5,0.01,0.01,79226.98,1777261807000
1777261808.517,8.517,0.5,0.51,0.49,0.5,0.01,0.01,79226.98,1777261807000
1777261809.001,9.001,0.5,0.51,0.49,0.5,0.01,0.01,79226.98,1777261807000
1777261809.408,9.408,0.5,0.51,0.49,0.5,0.01,0.01,79226.11,1777261808000
1777261809.794,9.794,0.5,0.51,0.49,0.5,0.01,0.01,79226.11,1777261808000
1777261810.162,10.162,0.5,0.51,0.49,0.5,0.01,0.01,79226.11,1777261808000
1777261810.673,10.673,0.5,0.51,0.49,0.5,0.01,0.01,79226,1777261809000
1777261811.457,11.457,0.5,0.51,0.49,0.5,0.01,0.01,79225.86,1777261810000
1777261811.868,11.868,0.5,0.51,0.49,0.5,0.01,0.01,79224.97,1777261811000
1777261812.213,12.213,0.5,0.51,0.49,0.5,0.01,0.01,79224.97,1777261811000
1777261812.556,12.556,0.5,0.51,0.49,0.5,0.01,0.01,79224.97,1777261811000
1777261813.466,13.466,0.5,0.51,0.49,0.5,0.01,0.01,79225.88,1777261812000
1777261813.999,13.999,0.5,0.51,0.49,0.5,0.01,0.01,79225.86,1777261813000
1777261815.047,15.047,0.5,0.51,0.49,0.5,0.01,0.01,79225.79,1777261814000
1777261816.162,16.162,0.5,0.51,0.49,0.5,0.01,0.01,79224.92,1777261815000
1777261816.519,16.519,0.5,0.51,0.49,0.5,0.01,0.01,79224.92,1777261815000
1777261817.185,17.185,0.52,0.53,0.47,0.5,0.01,0.03,79224.92,1777261815000
1777261817.524,17.524,0.5,0.53,0.47,0.49,0.03,0.02,79224.8,1777261816000
1777261817.858,17.858,0.52,0.53,0.47,0.49,0.01,0.02,79224.8,1777261816000
1777261818.235,18.235,0.52,0.53,0.47,0.48,0.01,0.01,79224.7,1777261817000
1777261819.111,19.111,0.51,0.52,0.47,0.49,0.01,0.02,79224.7,1777261817000
1777261819.674,19.674,0.5,0.51,0.48,0.49,0.01,0.01,79224.63,1777261818000
1777261820.21,20.21,0.49,0.5,0.5,0.51,0.01,0.01,79224.63,1777261818000
1777261820.741,20.741,0.49,0.5,0.5,0.51,0.01,0.01,79224.11,1777261819000
1777261821.075,21.075,0.49,0.5,0.5,0.51,0.01,0.01,79224.11,1777261819000
1777261821.434,21.434,0.45,0.46,0.54,0.55,0.01,0.01,79224.11,1777261819000
1777261821.858,21.858,0.45,0.46,0.54,0.55,0.01,0.01,79224.11,1777261820000
1777261822.269,22.269,0.45,0.46,0.54,0.55,0.01,0.01,79224.11,1777261821000
1777261822.752,22.752,0.45,0.46,0.54,0.55,0.01,0.01,79224.11,1777261821000
1777261823.27,23.27,0.45,0.46,0.54,0.55,0.01,0.01,79222.36,1777261822000
1777261823.688,23.688,0.45,0.46,0.54,0.55,0.01,0.01,79222.36,1777261822000
1777261824.022,24.022,0.45,0.46,0.54,0.55,0.01,0.01,79222.36,1777261822000
1777261824.509,24.509,0.45,0.46,0.54,0.55,0.01,0.01,79217.27,1777261823000
1777261824.935,24.935,0.45,0.46,0.54,0.55,0.01,0.01,79217.27,1777261823000
1777261825.475,25.475,0.45,0.47,0.54,0.55,0.02,0.01,79216.39,1777261824000
1777261825.903,25.903,0.46,0.47,0.53,0.55,0.01,0.02,79216.39,1777261824000
1777261826.504,26.504,0.45,0.46,0.53,0.55,0.01,0.02,79216.3,1777261825000
1777261826.841,26.841,0.45,0.46,0.54,0.55,0.01,0.01,79216.3,1777261825000
1777261827.243,27.243,0.45,0.46,0.54,0.55,0.01,0.01,79216.19,1777261826000
1777261827.78,27.78,0.45,0.46,0.54,0.55,0.01,0.01,79216.19,1777261826000
1777261828.379,28.379,0.45,0.46,0.54,0.55,0.01,0.01,79216.19,1777261826000
1777261828.827,28.827,0.45,0.46,0.54,0.55,0.01,0.01,79215.07,1777261827000
1777261829.227,29.227,0.44,0.45,0.54,0.56,0.01,0.02,79215.07,1777261827000
1777261829.609,29.609,0.44,0.45,0.55,0.56,0.01,0.01,79214.28,1777261828000
1777261830.09,30.09,0.44,0.45,0.55,0.56,0.01,0.01,79214.28,1777261828000
1777261830.45,30.45,0.44,0.45,0.55,0.56,0.01,0.01,79212.73,1777261829000
1777261830.935,30.935,0.44,0.45,0.55,0.56,0.01,0.01,79212.73,1777261829000
1777261831.405,31.405,0.44,0.45,0.55,0.56,0.01,0.01,79212.56,1777261830000
1777261832.223,32.223,0.43,0.44,0.56,0.57,0.01,0.01,79212.56,1777261830000
1777261832.625,32.625,0.43,0.44,0.56,0.57,0.01,0.01,79213.81,1777261831000
1777261833.46,33.46,0.43,0.44,0.56,0.57,0.01,0.01,79212.44,1777261832000
1777261833.945,33.945,0.42,0.44,0.56,0.57,0.02,0.01,79212.44,1777261832000
1777261834.299,34.299,0.42,0.43,0.57,0.58,0.01,0.01,79212.44,1777261833000
1777261834.834,34.834,0.42,0.43,0.57,0.58,0.01,0.01,79212.44,1777261833000
1777261835.292,35.292,0.42,0.43,0.57,0.58,0.01,0.01,79213.54,1777261834000
1777261836.042,36.042,0.42,0.43,0.57,0.58,0.01,0.01,79213.54,1777261834000
1777261836.388,36.388,0.42,0.43,0.57,0.58,0.01,0.01,79213.54,1777261834000
1777261836.726,36.726,0.42,0.43,0.57,0.58,0.01,0.01,79211.83,1777261835000
1777261837.417,37.417,0.42,0.43,0.57,0.58,0.01,0.01,79213.18,1777261836000
1777261838.34,38.34,0.42,0.43,0.57,0.58,0.01,0.01,79212.98,1777261837000
1777261838.809,38.809,0.42,0.43,0.57,0.58,0.01,0.01,79212.98,1777261837000
1777261839.281,39.281,0.42,0.43,0.57,0.58,0.01,0.01,79212.98,1777261837000
1777261840.094,40.094,0.42,0.43,0.57,0.58,0.01,0.01,79213.6,1777261838000
1777261840.528,40.528,0.42,0.43,0.57,0.58,0.01,0.01,79213.15,1777261839000
1777261841.409,41.409,0.42,0.43,0.57,0.58,0.01,0.01,79213.15,1777261840000
1777261841.946,41.946,0.42,0.44,0.57,0.58,0.02,0.01,79213.15,1777261840000
1777261842.467,42.467,0.43,0.44,0.56,0.58,0.01,0.02,79213.14,1777261841000
1777261842.948,42.948,0.43,0.44,0.56,0.57,0.01,0.01,79213.14,1777261841000
1777261843.678,43.678,0.43,0.44,0.56,0.57,0.01,0.01,79213.14,1777261842000
1777261844.196,44.196,0.38,0.39,0.6,0.62,0.01,0.02,79213.14,1777261842000
1777261844.854,44.854,0.38,0.39,0.61,0.62,0.01,0.01,79213.14,1777261842000
1777261845.216,45.216,0.38,0.39,0.61,0.62,0.01,0.01,79213.28,1777261843000
1777261845.718,45.718,0.39,0.4,0.6,0.61,0.01,0.01,79213.28,1777261843000
1777261846.196,46.196,0.4,0.41,0.59,0.61,0.01,0.02,79213.21,1777261844000
1777261846.722,46.722,0.4,0.41,0.59,0.6,0.01,0.01,79213.21,1777261844000
1777261847.076,47.076,0.4,0.41,0.59,0.6,0.01,0.01,79210.96,1777261845000
1777261847.753,47.753,0.4,0.42,0.58,0.6,0.02,0.02,79210.96,1777261846000
1777261848.095,48.095,0.41,0.42,0.58,0.6,0.01,0.02,79210.96,1777261846000
1777261849.714,49.714,0.41,0.42,0.58,0.59,0.01,0.01,79210.81,1777261847000
1777261850.409,50.409,0.41,0.42,0.58,0.59,0.01,0.01,79210.91,1777261849000
1777261851.032,51.032,0.4,0.41,0.59,0.6,0.01,0.01,79210.91,1777261849000
1777261852.035,52.035,0.39,0.4,0.59,0.61,0.01,0.02,79210.91,1777261850000
1777261852.779,52.779,0.39,0.4,0.6,0.61,0.01,0.01,79210.91,1777261850000
1777261853.349,53.349,0.38,0.41,0.6,0.61,0.03,0.01,79209.92,1777261851000
1777261854.171,54.171,0.38,0.41,0.59,0.62,0.03,0.03,79210.24,1777261853000
1777261855.166,55.166,0.4,0.41,0.59,0.6,0.01,0.01,79210.24,1777261853000
1777261855.525,55.525,0.4,0.41,0.59,0.6,0.01,0.01,79209.95,1777261854000
1777261856.086,56.086,0.4,0.41,0.59,0.6,0.01,0.01,79209.95,1777261854000
1777261856.511,56.511,0.4,0.41,0.59,0.6,0.01,0.01,79209.59,1777261855000
1777261857.026,57.026,0.4,0.41,0.59,0.6,0.01,0.01,79209.59,1777261855000
1777261857.468,57.468,0.41,0.42,0.58,0.59,0.01,0.01,79209.59,1777261855000
1777261858.275,58.275,0.41,0.42,0.58,0.59,0.01,0.01,79210.22,1777261857000
1777261858.666,58.666,0.41,0.42,0.58,0.59,0.01,0.01,79210.22,1777261857000
1777261859.026,59.026,0.41,0.42,0.58,0.59,0.01,0.01,79210.22,1777261858000
1777261859.523,59.523,0.41,0.42,0.58,0.59,0.01,0.01,79210.22,1777261858000
1777261860.136,60.136,0.41,0.42,0.58,0.59,0.01,0.01,79210.24,1777261859000
1777261860.579,60.579,0.41,0.42,0.58,0.59,0.01,0.01,79210.24,1777261859000
1777261860.935,60.935,0.41,0.42,0.58,0.59,0.01,0.01,79210.24,1777261859000
1777261861.318,61.318,0.41,0.42,0.58,0.59,0.01,0.01,79210.24,1777261859000
1777261861.913,61.913,0.41,0.42,0.58,0.59,0.01,0.01,79210.2,1777261860000
1777261862.25,62.25,0.33,0.35,0.65,0.67,0.02,0.02,79210.2,1777261860000
1777261862.629,62.629,0.32,0.34,0.66,0.68,0.02,0.02,79210.2,1777261861000
1777261863.037,63.037,0.29,0.33,0.67,0.71,0.04,0.04,79210.2,1777261861000
1777261863.374,63.374,0.26,0.29,0.72,0.74,0.03,0.02,79210.2,1777261861000
1777261863.784,63.784,0.27,0.28,0.72,0.73,0.01,0.01,79210.29,1777261862000
1777261864.166,64.166,0.29,0.3,0.7,0.71,0.01,0.01,79210.29,1777261862000
1777261864.543,64.543,0.29,0.3,0.7,0.71,0.01,0.01,79198.82,1777261863000
1777261864.887,64.887,0.29,0.3,0.7,0.71,0.01,0.01,79198.82,1777261863000
1777261865.23,65.23,0.29,0.3,0.7,0.71,0.01,0.01,79198.82,1777261863000
1777261865.567,65.567,0.29,0.3,0.7,0.71,0.01,0.01,79198.82,1777261863000
1777261866.195,66.195,0.29,0.3,0.7,0.71,0.01,0.01,79189.14,1777261864000
1777261866.53,66.53,0.29,0.3,0.7,0.71,0.01,0.01,79189.14,1777261864000
1777261866.939,66.939,0.29,0.3,0.7,0.71,0.01,0.01,79186.82,1777261865000
1777261867.409,67.409,0.29,0.3,0.7,0.71,0.01,0.01,79186.82,1777261865000
1777261867.783,67.783,0.29,0.3,0.7,0.71,0.01,0.01,79186.77,1777261866000
1777261868.235,68.235,0.29,0.3,0.7,0.71,0.01,0.01,79186.77,1777261867000
1777261868.639,68.639,0.29,0.3,0.7,0.71,0.01,0.01,79186.77,1777261867000
1777261868.991,68.991,0.29,0.3,0.7,0.71,0.01,0.01,79186.77,1777261867000
1777261869.446,69.446,0.29,0.3,0.7,0.71,0.01,0.01,79186.77,1777261867000
1777261870.139,70.139,0.29,0.3,0.7,0.71,0.01,0.01,79186.8,1777261868000
1777261870.487,70.487,0.29,0.3,0.7,0.71,0.01,0.01,79186.72,1777261869000
1777261870.884,70.884,0.29,0.3,0.7,0.71,0.01,0.01,79186.72,1777261869000
1777261871.439,71.439,0.29,0.3,0.7,0.71,0.01,0.01,79186.72,1777261869000
1777261871.81,71.81,0.29,0.3,0.7,0.71,0.01,0.01,79186.4,1777261870000
1777261872.194,72.194,0.29,0.3,0.7,0.71,0.01,0.01,79186.4,1777261870000
1777261872.545,72.545,0.29,0.3,0.7,0.71,0.01,0.01,79188.36,1777261871000
1777261872.935,72.935,0.29,0.3,0.7,0.71,0.01,0.01,79188.36,1777261871000
1777261873.314,73.314,0.27,0.3,0.71,0.73,0.03,0.02,79188.36,1777261871000
1777261873.818,73.818,0.23,0.27,0.72,0.73,0.04,0.01,79186.54,1777261872000
1777261874.246,74.246,0.23,0.24,0.76,0.77,0.01,0.01,79186.54,1777261872000
1777261874.612,74.612,0.22,0.23,0.77,0.78,0.01,0.01,79186.54,1777261872000
1777261874.997,74.997,0.22,0.23,0.77,0.78,0.01,0.01,79185.73,1777261873000
1777261875.365,75.365,0.22,0.23,0.77,0.78,0.01,0.01,79185.73,1777261873000
1777261875.698,75.698,0.22,0.23,0.77,0.78,0.01,0.01,79185.47,1777261874000
1777261876.062,76.062,0.22,0.23,0.77,0.78,0.01,0.01,79185.47,1777261874000
1777261876.562,76.562,0.22,0.23,0.77,0.78,0.01,0.01,79184.2,1777261875000
1777261876.907,76.907,0.22,0.23,0.77,0.78,0.01,0.01,79184.2,1777261875000
1777261877.283,77.283,0.22,0.23,0.77,0.78,0.01,0.01,79183.24,1777261876000
1777261877.893,77.893,0.22,0.23,0.77,0.78,0.01,0.01,79183.24,1777261876000
1777261878.353,78.353,0.22,0.23,0.77,0.78,0.01,0.01,79183.24,1777261876000
1777261878.688,78.688,0.22,0.23,0.77,0.78,0.01,0.01,79183.07,1777261877000
1777261879.04,79.04,0.22,0.23,0.77,0.78,0.01,0.01,79183.07,1777261877000
1777261879.499,79.499,0.21,0.22,0.78,0.79,0.01,0.01,79182.94,1777261878000
1777261879.895,79.895,0.21,0.22,0.78,0.79,0.01,0.01,79182.94,1777261878000
1777261880.23,80.23,0.21,0.22,0.78,0.79,0.01,0.01,79183.04,1777261879000
1777261880.584,80.584,0.21,0.22,0.78,0.79,0.01,0.01,79183.04,1777261879000
1777261881.089,81.089,0.23,0.24,0.76,0.77,0.01,0.01,79182.93,1777261880000
1777261881.564,81.564,0.24,0.25,0.75,0.76,0.01,0.01,79182.93,1777261880000
1777261882.13,82.13,0.24,0.26,0.74,0.76,0.02,0.02,79182.99,1777261881000
1777261882.475,82.475,0.25,0.26,0.74,0.75,0.01,0.01,79182.99,1777261881000
1777261882.933,82.933,0.25,0.26,0.74,0.75,0.01,0.01,79182.99,1777261881000
1777261883.522,83.522,0.25,0.26,0.74,0.75,0.01,0.01,79182.93,1777261882000
1777261883.861,83.861,0.25,0.26,0.74,0.75,0.01,0.01,79182.93,1777261882000
1777261884.266,84.266,0.25,0.26,0.74,0.75,0.01,0.01,79182.93,1777261882000
1777261884.609,84.609,0.25,0.26,0.74,0.75,0.01,0.01,79182.93,1777261882000
1777261885.16,85.16,0.25,0.26,0.74,0.75,0.01,0.01,79182.94,1777261883000
1777261885.565,85.565,0.22,0.23,0.77,0.78,0.01,0.01,79182.96,1777261884000
1777261885.988,85.988,0.22,0.23,0.77,0.78,0.01,0.01,79182.96,1777261884000
1777261886.339,86.339,0.22,0.23,0.77,0.78,0.01,0.01,79182.96,1777261885000
1777261886.857,86.857,0.22,0.23,0.77,0.78,0.01,0.01,79182.96,1777261885000
1777261887.27,87.27,0.21,0.22,0.77,0.78,0.01,0.01,79182.96,1777261885000
1777261887.617,87.617,0.2,0.21,0.79,0.8,0.01,0.01,79182.96,1777261885000
1777261887.961,87.961,0.2,0.21,0.79,0.8,0.01,0.01,79182.93,1777261886000
1777261888.353,88.353,0.2,0.21,0.79,0.8,0.01,0.01,79180.25,1777261887000
1777261888.833,88.833,0.2,0.21,0.79,0.8,0.01,0.01,79180.25,1777261887000
1777261889.185,89.185,0.2,0.21,0.79,0.8,0.01,0.01,79180.25,1777261887000
1777261889.571,89.571,0.2,0.21,0.79,0.8,0.01,0.01,79178.24,1777261888000
1777261890.029,90.029,0.2,0.21,0.79,0.8,0.01,0.01,79178.24,1777261888000
1777261890.365,90.365,0.2,0.21,0.79,0.8,0.01,0.01,79178.24,1777261888000
1777261890.729,90.729,0.2,0.21,0.79,0.8,0.01,0.01,79174.24,1777261889000
1777261891.425,91.425,0.2,0.21,0.79,0.8,0.01,0.01,79174.24,1777261890000
1777261891.993,91.993,0.16,0.17,0.82,0.83,0.01,0.01,79174.24,1777261890000
1777261892.392,92.392,0.15,0.16,0.83,0.85,0.01,0.02,79174.03,1777261891000
1777261892.778,92.778,0.15,0.16,0.84,0.85,0.01,0.01,79174.03,1777261891000
1777261893.116,93.116,0.15,0.16,0.84,0.85,0.01,0.01,79174.03,1777261891000
1777261893.553,93.553,0.15,0.16,0.84,0.85,0.01,0.01,79170.42,1777261892000
1777261893.922,93.922,0.15,0.16,0.84,0.85,0.01,0.01,79170.42,1777261892000
1777261894.305,94.305,0.15,0.16,0.84,0.85,0.01,0.01,79165.55,1777261893000
1777261894.766,94.766,0.15,0.16,0.84,0.85,0.01,0.01,79165.55,1777261893000
1777261895.27,95.27,0.15,0.16,0.84,0.85,0.01,0.01,79165.55,1777261893000
1777261895.643,95.643,0.15,0.16,0.84,0.85,0.01,0.01,79163.4,1777261894000
1777261896.039,96.039,0.15,0.16,0.84,0.85,0.01,0.01,79163.33,1777261895000
1777261896.908,96.908,0.15,0.16,0.84,0.85,0.01,0.01,79163.33,1777261895000
1777261897.274,97.274,0.15,0.16,0.84,0.85,0.01,0.01,79163.33,1777261895000
1777261897.716,97.716,0.15,0.16,0.84,0.85,0.01,0.01,79163.33,1777261895000
1777261898.22,98.22,0.15,0.16,0.84,0.85,0.01,0.01,79163.97,1777261897000
1777261898.74,98.74,0.15,0.16,0.84,0.85,0.01,0.01,79163.97,1777261897000
1777261899.14,99.14,0.15,0.16,0.84,0.85,0.01,0.01,79163.97,1777261897000
1777261899.592,99.592,0.15,0.16,0.84,0.85,0.01,0.01,79163.71,1777261898000
1777261899.926,99.926,0.14,0.16,0.84,0.86,0.02,0.02,79163.72,1777261899000
1777261900.379,100.379,0.13,0.14,0.86,0.87,0.01,0.01,79163.72,1777261899000
1777261900.726,100.726,0.13,0.14,0.86,0.87,0.01,0.01,79163.72,1777261899000
1777261901.101,101.101,0.13,0.14,0.86,0.87,0.01,0.01,79166.69,1777261900000
1777261901.467,101.467,0.13,0.14,0.86,0.87,0.01,0.01,79166.69,1777261900000
1777261901.81,101.81,0.12,0.14,0.86,0.87,0.02,0.01,79166.69,1777261900000
1777261902.277,102.277,0.12,0.13,0.87,0.88,0.01,0.01,79166.69,1777261900000
1777261902.632,102.632,0.12,0.13,0.87,0.88,0.01,0.01,79166.32,1777261901000
1777261903.02,103.02,0.12,0.13,0.87,0.88,0.01,0.01,79166.32,1777261901000
1777261903.431,103.431,0.13,0.14,0.86,0.87,0.01,0.01,79166.32,1777261901000
1777261903.847,103.847,0.13,0.14,0.86,0.87,0.01,0.01,79164.21,1777261902000
1777261904.182,104.182,0.13,0.14,0.86,0.87,0.01,0.01,79164.51,1777261903000
1777261904.574,104.574,0.13,0.14,0.86,0.87,0.01,0.01,79164.51,1777261903000
1777261904.941,104.941,0.13,0.14,0.86,0.87,0.01,0.01,79164.51,1777261903000
1777261905.294,105.294,0.13,0.14,0.86,0.87,0.01,0.01,79163.07,1777261904000
1777261905.809,105.809,0.13,0.14,0.86,0.88,0.01,0.02,79163.07,1777261904000
1777261906.341,106.341,0.13,0.14,0.86,0.87,0.01,0.01,79163.55,1777261905000
1777261906.751,106.751,0.13,0.14,0.86,0.87,0.01,0.01,79163.55,1777261905000
1777261907.112,107.112,0.13,0.14,0.86,0.87,0.01,0.01,79163.03,1777261906000
1777261907.53,107.53,0.13,0.14,0.86,0.87,0.01,0.01,79163.03,1777261906000
1777261907.868,107.868,0.13,0.14,0.86,0.87,0.01,0.01,79163.03,1777261906000
1777261908.265,108.265,0.13,0.14,0.86,0.87,0.01,0.01,79162.78,1777261907000
1777261908.902,108.902,0.13,0.14,0.86,0.87,0.01,0.01,79162.78,1777261907000
1777261909.271,109.271,0.13,0.14,0.86,0.87,0.01,0.01,79163.04,1777261908000
1777261909.901,109.901,0.13,0.14,0.86,0.87,0.01,0.01,79163.04,1777261908000
1777261910.307,110.307,0.13,0.18,0.82,0.87,0.05,0.05,79163.34,1777261909000
1777261910.714,110.714,0.15,0.16,0.84,0.85,0.01,0.01,79163.34,1777261909000
1777261911.07,111.07,0.15,0.16,0.84,0.85,0.01,0.01,79162.45,1777261910000
1777261911.412,111.412,0.15,0.16,0.84,0.85,0.01,0.01,79162.45,1777261910000
1777261911.803,111.803,0.15,0.16,0.84,0.85,0.01,0.01,79162.45,1777261910000
1777261912.348,112.348,0.15,0.16,0.84,0.85,0.01,0.01,79164.51,1777261911000
1777261912.729,112.729,0.15,0.16,0.84,0.85,0.01,0.01,79164.51,1777261911000
1777261913.255,113.255,0.15,0.16,0.84,0.85,0.01,0.01,79165.73,1777261912000
1777261913.821,113.821,0.15,0.16,0.84,0.85,0.01,0.01,79165.73,1777261912000
1777261914.249,114.249,0.15,0.16,0.84,0.85,0.01,0.01,79166.96,1777261913000
1777261914.598,114.598,0.15,0.16,0.84,0.85,0.01,0.01,79166.96,1777261913000
1777261915.036,115.036,0.15,0.16,0.84,0.85,0.01,0.01,79166.96,1777261913000
1777261915.412,115.412,0.15,0.16,0.84,0.85,0.01,0.01,79166.96,1777261914000
1777261916.32,116.32,0.15,0.16,0.84,0.85,0.01,0.01,79166.96,1777261915000
1777261916.709,116.709,0.15,0.16,0.84,0.85,0.01,0.01,79166.96,1777261915000
1777261917.239,117.239,0.15,0.16,0.84,0.85,0.01,0.01,79166.96,1777261915000
1777261917.606,117.606,0.15,0.16,0.84,0.85,0.01,0.01,79166.96,1777261916000
1777261918.035,118.035,0.15,0.16,0.84,0.85,0.01,0.01,79166.96,1777261916000
1777261918.402,118.402,0.15,0.16,0.84,0.85,0.01,0.01,79166.47,1777261917000
1777261918.86,118.86,0.15,0.16,0.84,0.85,0.01,0.01,79166.47,1777261917000
1777261919.493,119.493,0.14,0.15,0.85,0.86,0.01,0.01,79166.47,1777261917000
1777261919.853,119.853,0.14,0.15,0.85,0.86,0.01,0.01,79164.81,1777261918000
1777261920.65,120.65,0.14,0.15,0.85,0.86,0.01,0.01,79163.87,1777261919000
1777261921.041,121.041,0.14,0.15,0.85,0.86,0.01,0.01,79163.87,1777261919000
1777261921.405,121.405,0.13,0.14,0.85,0.87,0.01,0.02,79163.72,1777261920000
1777261922.091,122.091,0.13,0.14,0.86,0.87,0.01,0.01,79163.72,1777261920000
1777261922.446,122.446,0.13,0.14,0.86,0.87,0.01,0.01,79163.45,1777261921000
1777261923.045,123.045,0.13,0.14,0.86,0.87,0.01,0.01,79163.45,1777261921000
1777261923.411,123.411,0.13,0.14,0.86,0.87,0.01,0.01,79161.83,1777261922000
1777261923.869,123.869,0.13,0.14,0.86,0.87,0.01,0.01,79161.83,1777261922000
1777261924.268,124.268,0.13,0.14,0.86,0.87,0.01,0.01,79161.83,1777261922000
1777261924.61,124.61,0.11,0.12,0.87,0.88,0.01,0.01,79161.83,1777261923000
1777261924.971,124.971,0.1,0.11,0.89,0.9,0.01,0.01,79161.83,1777261923000
1777261925.381,125.381,0.1,0.11,0.89,0.9,0.01,0.01,79161.83,1777261923000
1777261925.72,125.72,0.1,0.11,0.89,0.9,0.01,0.01,79161.83,1777261923000
1777261926.177,126.177,0.1,0.13,0.89,0.9,0.03,0.01,79161.83,1777261923000
1777261926.544,126.544,0.12,0.13,0.87,0.88,0.01,0.01,79162.4,1777261924000
1777261926.884,126.884,0.11,0.12,0.88,0.89,0.01,0.01,79157.74,1777261925000
1777261927.22,127.22,0.11,0.12,0.88,0.89,0.01,0.01,79157.74,1777261925000
1777261927.707,127.707,0.11,0.12,0.88,0.89,0.01,0.01,79156.35,1777261926000
1777261928.329,128.329,0.11,0.12,0.88,0.89,0.01,0.01,79156.35,1777261926000
1777261928.761,128.761,0.1,0.12,0.89,0.9,0.02,0.01,79156.38,1777261927000
1777261929.259,129.259,0.11,0.12,0.88,0.89,0.01,0.01,79157.89,1777261928000
1777261929.813,129.813,0.11,0.12,0.88,0.89,0.01,0.01,79157.89,1777261928000
1777261930.382,130.382,0.11,0.12,0.88,0.89,0.01,0.01,79158.87,1777261929000
1777261930.829,130.829,0.11,0.12,0.88,0.89,0.01,0.01,79158.87,1777261929000
1777261931.286,131.286,0.11,0.12,0.88,0.89,0.01,0.01,79159.21,1777261930000
1777261932.126,132.126,0.11,0.12,0.88,0.89,0.01,0.01,79159.21,1777261930000
1777261932.676,132.676,0.11,0.12,0.88,0.89,0.01,0.01,79159.29,1777261931000
1777261933.44,133.44,0.11,0.12,0.88,0.89,0.01,0.01,79160.37,1777261932000
1777261933.794,133.794,0.11,0.12,0.88,0.89,0.01,0.01,79160.37,1777261932000
1777261934.343,134.343,0.11,0.12,0.88,0.89,0.01,0.01,79162.09,1777261933000
1777261934.712,134.712,0.11,0.12,0.88,0.89,0.01,0.01,79162.09,1777261933000
1777261935.109,135.109,0.11,0.12,0.88,0.89,0.01,0.01,79162.02,1777261934000
1777261935.538,135.538,0.11,0.12,0.88,0.89,0.01,0.01,79162.02,1777261934000
1777261935.918,135.918,0.11,0.12,0.88,0.89,0.01,0.01,79162.02,1777261934000
1777261936.309,136.309,0.11,0.12,0.88,0.89,0.01,0.01,79162.02,1777261935000
1777261936.643,136.643,0.11,0.13,0.88,0.89,0.02,0.01,79162.02,1777261935000
1777261937.084,137.084,0.14,0.15,0.85,0.86,0.01,0.01,79162.02,1777261935000
1777261937.494,137.494,0.14,0.15,0.85,0.86,0.01,0.01,79162.02,1777261936000
1777261937.849,137.849,0.14,0.15,0.85,0.86,0.01,0.01,79162.02,1777261936000
1777261938.951,138.951,0.14,0.15,0.85,0.86,0.01,0.01,79162.02,1777261937000
1777261939.435,139.435,0.14,0.15,0.85,0.86,0.01,0.01,79165.92,1777261938000
1777261939.815,139.815,0.14,0.15,0.85,0.86,0.01,0.01,79165.92,1777261938000
1777261940.283,140.283,0.14,0.15,0.85,0.86,0.01,0.01,79165.92,1777261938000
1777261940.735,140.735,0.14,0.15,0.85,0.86,0.01,0.01,79167.47,1777261939000
1777261941.105,141.105,0.14,0.15,0.85,0.86,0.01,0.01,79167.47,1777261939000
1777261941.457,141.457,0.14,0.15,0.85,0.86,0.01,0.01,79167.47,1777261939000
1777261942.112,142.112,0.14,0.15,0.85,0.86,0.01,0.01,79167.48,1777261940000
1777261942.461,142.461,0.14,0.15,0.85,0.86,0.01,0.01,79167.48,1777261941000
1777261942.836,142.836,0.14,0.15,0.85,0.86,0.01,0.01,79167.48,1777261941000
1777261943.338,143.338,0.14,0.15,0.85,0.86,0.01,0.01,79167.35,1777261942000
1777261943.742,143.742,0.14,0.15,0.85,0.86,0.01,0.01,79167.35,1777261942000
1777261944.343,144.343,0.14,0.15,0.85,0.86,0.01,0.01,79167.22,1777261943000
1777261944.867,144.867,0.14,0.15,0.85,0.86,0.01,0.01,79167.22,1777261943000
1777261945.556,145.556,0.14,0.15,0.85,0.86,0.01,0.01,79168.53,1777261944000
1777261946.233,146.233,0.14,0.15,0.85,0.86,0.01,0.01,79168.53,1777261944000
1777261946.587,146.587,0.14,0.15,0.85,0.86,0.01,0.01,79168.58,1777261945000
1777261947.527,147.527,0.14,0.15,0.85,0.86,0.01,0.01,79168.29,1777261946000
1777261948.125,148.125,0.14,0.15,0.85,0.86,0.01,0.01,79168.29,1777261946000
1777261948.633,148.633,0.14,0.15,0.85,0.86,0.01,0.01,79166.96,1777261947000
1777261949.477,149.477,0.14,0.15,0.85,0.86,0.01,0.01,79166.96,1777261948000
1777261950.086,150.086,0.14,0.15,0.85,0.86,0.01,0.01,79168.97,1777261949000
1777261950.49,150.49,0.14,0.15,0.85,0.86,0.01,0.01,79168.97,1777261949000
1777261951.157,151.157,0.14,0.15,0.85,0.86,0.01,0.01,79168.97,1777261949000
1777261951.755,151.755,0.14,0.15,0.85,0.86,0.01,0.01,79169.02,1777261950000
1777261952.105,152.105,0.13,0.14,0.86,0.87,0.01,0.01,79169.07,1777261951000
1777261952.481,152.481,0.13,0.14,0.86,0.87,0.01,0.01,79169.07,1777261951000
1777261952.947,152.947,0.13,0.14,0.86,0.87,0.01,0.01,79169.07,1777261951000
1777261953.382,153.382,0.13,0.14,0.86,0.87,0.01,0.01,79169.24,1777261952000
1777261953.724,153.724,0.13,0.14,0.86,0.87,0.01,0.01,79169.24,1777261952000
1777261954.264,154.264,0.13,0.14,0.86,0.87,0.01,0.01,79166.99,1777261953000
1777261954.736,154.736,0.13,0.14,0.86,0.87,0.01,0.01,79166.99,1777261953000
1777261955.104,155.104,0.1,0.11,0.89,0.9,0.01,0.01,79166.99,1777261953000
1777261955.46,155.46,0.14,0.15,0.86,0.9,0.01,0.04,79168.06,1777261954000
1777261955.831,155.831,0.15,0.16,0.84,0.86,0.01,0.02,79168.06,1777261954000
1777261956.236,156.236,0.15,0.16,0.84,0.85,0.01,0.01,79168.24,1777261955000
1777261956.676,156.676,0.15,0.16,0.84,0.85,0.01,0.01,79168.24,1777261955000
1777261957.126,157.126,0.15,0.16,0.84,0.85,0.01,0.01,79168.24,1777261955000
1777261957.466,157.466,0.15,0.16,0.84,0.85,0.01,0.01,79168.24,1777261955000
1777261957.828,157.828,0.15,0.16,0.84,0.85,0.01,0.01,79170.72,1777261956000
1777261958.178,158.178,0.15,0.16,0.84,0.85,0.01,0.01,79170.76,1777261957000
1777261958.837,158.837,0.15,0.16,0.84,0.85,0.01,0.01,79170.76,1777261957000
1777261959.337,159.337,0.15,0.16,0.84,0.85,0.01,0.01,79170.76,1777261957000
1777261959.935,159.935,0.15,0.16,0.84,0.85,0.01,0.01,79171.23,1777261958000
1777261960.384,160.384,0.15,0.16,0.84,0.85,0.01,0.01,79171.16,1777261959000
1777261961.026,161.026,0.14,0.16,0.84,0.85,0.02,0.01,79171.16,1777261959000
1777261961.538,161.538,0.14,0.15,0.85,0.86,0.01,0.01,79169.17,1777261960000
1777261961.981,161.981,0.14,0.15,0.85,0.86,0.01,0.01,79171.3,1777261961000
1777261962.359,162.359,0.14,0.15,0.85,0.86,0.01,0.01,79171.3,1777261961000
1777261962.735,162.735,0.14,0.15,0.85,0.86,0.01,0.01,79171.3,1777261961000
1777261963.336,163.336,0.14,0.15,0.85,0.86,0.01,0.01,79171.3,1777261961000
1777261963.942,163.942,0.14,0.15,0.85,0.86,0.01,0.01,79168.0,1777261962000
1777261964.49,164.49,0.14,0.15,0.85,0.86,0.01,0.01,79168.0,1777261962000
1777261964.881,164.881,0.14,0.15,0.85,0.86,0.01,0.01,79170.25,1777261963000
1777261965.264,165.264,0.13,0.14,0.86,0.87,0.01,0.01,79168.0,1777261964000
1777261966.107,166.107,0.12,0.14,0.86,0.87,0.02,0.01,79168.0,1777261964000
1777261966.509,166.509,0.11,0.12,0.88,0.89,0.01,0.01,79168.0,1777261964000
1777261967.087,167.087,0.11,0.12,0.88,0.89,0.01,0.01,79171.81,1777261966000
1777261967.831,167.831,0.11,0.12,0.88,0.89,0.01,0.01,79171.81,1777261966000
1777261968.217,168.217,0.11,0.12,0.88,0.89,0.01,0.01,79171.63,1777261967000
1777261969.106,169.106,0.11,0.12,0.88,0.89,0.01,0.01,79171.63,1777261967000
1777261969.779,169.779,0.11,0.12,0.88,0.89,0.01,0.01,79168.54,1777261968000
1777261970.215,170.215,0.11,0.12,0.88,0.89,0.01,0.01,79169.8,1777261969000
1777261970.589,170.589,0.11,0.12,0.88,0.89,0.01,0.01,79169.8,1777261969000
1777261971.264,171.264,0.11,0.12,0.88,0.89,0.01,0.01,79169.8,1777261969000
1777261971.937,171.937,0.11,0.12,0.88,0.89,0.01,0.01,79169.8,1777261970000
1777261972.411,172.411,0.11,0.12,0.88,0.89,0.01,0.01,79168.4,1777261971000
1777261972.784,172.784,0.11,0.12,0.88,0.89,0.01,0.01,79168.4,1777261971000
1777261973.172,173.172,0.11,0.12,0.88,0.89,0.01,0.01,79168.4,1777261971000
1777261973.985,173.985,0.11,0.12,0.88,0.89,0.01,0.01,79167.08,1777261973000
1777261974.735,174.735,0.11,0.12,0.88,0.89,0.01,0.01,79167.08,1777261973000
1777261975.113,175.113,0.1,0.12,0.88,0.89,0.02,0.01,79167.08,1777261974000
1777261975.641,175.641,0.1,0.11,0.89,0.9,0.01,0.01,79167.08,1777261974000
1777261975.984,175.984,0.1,0.11,0.89,0.9,0.01,0.01,79167.08,1777261975000
1777261976.54,176.54,0.09,0.11,0.89,0.9,0.02,0.01,79167.08,1777261975000
1777261977.11,177.11,0.09,0.1,0.9,0.91,0.01,0.01,79167.09,1777261976000
1777261977.476,177.476,0.09,0.1,0.9,0.91,0.01,0.01,79167.09,1777261976000
1777261978.024,178.024,0.09,0.1,0.9,0.91,0.01,0.01,79167.09,1777261976000
1777261978.435,178.435,0.09,0.1,0.9,0.91,0.01,0.01,79167.09,1777261977000
1777261979.071,179.071,0.09,0.1,0.9,0.91,0.01,0.01,79168.28,1777261978000
1777261979.428,179.428,0.09,0.1,0.9,0.91,0.01,0.01,79168.28,1777261978000
1777261979.799,179.799,0.08,0.09,0.91,0.92,0.01,0.01,79168.28,1777261978000
1777261980.198,180.198,0.08,0.09,0.91,0.92,0.01,0.01,79170.49,1777261979000
1777261980.541,180.541,0.07,0.08,0.92,0.93,0.01,0.01,79170.49,1777261979000
1777261981.128,181.128,0.07,0.08,0.92,0.93,0.01,0.01,79170.49,1777261979000
1777261981.467,181.467,0.07,0.08,0.92,0.93,0.01,0.01,79168.9,1777261980000
1777261982.105,182.105,0.07,0.08,0.92,0.93,0.01,0.01,79168.9,1777261980000
1777261982.494,182.494,0.07,0.08,0.92,0.93,0.01,0.01,79168.95,1777261981000
1777261982.87,182.87,0.07,0.08,0.92,0.93,0.01,0.01,79168.95,1777261981000
1777261983.234,183.234,0.07,0.08,0.92,0.93,0.01,0.01,79170.8,1777261982000
1777261983.595,183.595,0.07,0.08,0.92,0.93,0.01,0.01,79170.8,1777261982000
1777261984.103,184.103,0.07,0.08,0.92,0.93,0.01,0.01,79170.8,1777261982000
1777261984.488,184.488,0.07,0.08,0.92,0.93,0.01,0.01,79170.79,1777261983000
1777261985.217,185.217,0.07,0.08,0.92,0.93,0.01,0.01,79170.79,1777261983000
1777261985.827,185.827,0.07,0.08,0.92,0.93,0.01,0.01,79167.11,1777261984000
1777261986.22,186.22,0.07,0.08,0.92,0.93,0.01,0.01,79167.11,1777261984000
1777261986.637,186.637,0.07,0.08,0.92,0.93,0.01,0.01,79167.1,1777261985000
1777261987.174,187.174,0.07,0.08,0.92,0.93,0.01,0.01,79167.1,1777261985000
1777261987.53,187.53,0.07,0.08,0.92,0.93,0.01,0.01,79169.62,1777261986000
1777261987.883,187.883,0.07,0.08,0.92,0.93,0.01,0.01,79169.62,1777261986000
1777261988.227,188.227,0.07,0.08,0.92,0.93,0.01,0.01,79169.62,1777261986000
1777261988.566,188.566,0.07,0.08,0.92,0.93,0.01,0.01,79168.46,1777261987000
1777261988.902,188.902,0.07,0.08,0.92,0.93,0.01,0.01,79168.46,1777261987000
1777261989.336,189.336,0.07,0.08,0.92,0.93,0.01,0.01,79168.46,1777261987000
1777261989.802,189.802,0.07,0.08,0.92,0.93,0.01,0.01,79169.96,1777261988000
1777261990.408,190.408,0.07,0.08,0.92,0.93,0.01,0.01,79169.96,1777261989000
1777261990.746,190.746,0.07,0.08,0.92,0.93,0.01,0.01,79169.96,1777261989000
1777261991.2,191.2,0.07,0.08,0.92,0.93,0.01,0.01,79170.32,1777261990000
1777261992.03,192.03,0.07,0.08,0.92,0.93,0.01,0.01,79170.26,1777261991000
1777261992.481,192.481,0.07,0.08,0.92,0.93,0.01,0.01,79170.26,1777261991000
1777261993.086,193.086,0.07,0.08,0.92,0.93,0.01,0.01,79170.21,1777261992000
1777261994.072,194.072,0.07,0.08,0.92,0.93,0.01,0.01,79167.06,1777261993000
1777261994.494,194.494,0.07,0.08,0.92,0.93,0.01,0.01,79167.06,1777261993000
1777261994.955,194.955,0.07,0.08,0.92,0.93,0.01,0.01,79167.06,1777261993000
1777261995.3,195.3,0.07,0.08,0.92,0.93,0.01,0.01,79167.27,1777261994000
1777261995.694,195.694,0.07,0.1,0.92,0.93,0.03,0.01,79167.27,1777261994000
1777261996.078,196.078,0.09,0.1,0.9,0.91,0.01,0.01,79169.46,1777261995000
1777261996.569,196.569,0.09,0.1,0.9,0.91,0.01,0.01,79169.46,1777261995000
1777261997.227,197.227,0.09,0.1,0.9,0.91,0.01,0.01,79170.62,1777261996000
1777261997.812,197.812,0.09,0.1,0.9,0.91,0.01,0.01,79170.62,1777261996000
1777261998.3,198.3,0.07,0.08,0.9,0.93,0.01,0.03,79170.62,1777261996000
1777261998.981,198.981,0.07,0.09,0.92,0.93,0.02,0.01,79170.61,1777261997000
1777261999.375,199.375,0.07,0.08,0.92,0.93,0.01,0.01,79170.61,1777261997000
1777262000.476,200.476,0.07,0.08,0.92,0.93,0.01,0.01,79167.07,1777261998000
1777262000.985,200.985,0.07,0.08,0.92,0.93,0.01,0.01,79170.22,1777262000000
1777262001.779,201.779,0.07,0.08,0.92,0.93,0.01,0.01,79170.22,1777262000000
1777262002.28,202.28,0.07,0.08,0.92,0.93,0.01,0.01,79170.22,1777262000000
1777262003.023,203.023,0.07,0.08,0.92,0.93,0.01,0.01,79167.7,1777262002000
1777262003.588,203.588,0.06,0.07,0.93,0.94,0.01,0.01,79167.7,1777262002000
1777262004.012,204.012,0.06,0.07,0.93,0.94,0.01,0.01,79169.98,1777262003000
1777262004.786,204.786,0.05,0.07,0.93,0.94,0.02,0.01,79169.98,1777262003000
1777262005.262,205.262,0.05,0.06,0.93,0.95,0.01,0.02,79169.64,1777262004000
1777262005.677,205.677,0.05,0.06,0.94,0.95,0.01,0.01,79169.64,1777262004000
1777262006.016,206.016,0.05,0.06,0.94,0.95,0.01,0.01,79169.64,1777262004000
1777262006.88,206.88,0.05,0.06,0.94,0.95,0.01,0.01,79169.48,1777262005000
1777262007.236,207.236,0.05,0.06,0.94,0.95,0.01,0.01,79169.48,1777262005000
1777262007.976,207.976,0.05,0.06,0.94,0.95,0.01,0.01,79168.89,1777262007000
1777262008.38,208.38,0.05,0.06,0.94,0.95,0.01,0.01,79168.89,1777262007000
1777262009.069,209.069,0.05,0.06,0.94,0.95,0.01,0.01,79165.29,1777262008000
1777262009.451,209.451,0.05,0.06,0.94,0.95,0.01,0.01,79165.29,1777262008000
1777262009.827,209.827,0.05,0.06,0.94,0.95,0.01,0.01,79165.29,1777262008000
1777262010.231,210.231,0.05,0.06,0.94,0.95,0.01,0.01,79165.29,1777262008000
1777262010.688,210.688,0.05,0.06,0.94,0.95,0.01,0.01,79165.29,1777262009000
1777262011.062,211.062,0.05,0.06,0.94,0.95,0.01,0.01,79165.29,1777262009000
1777262011.435,211.435,0.05,0.06,0.94,0.95,0.01,0.01,79165.29,1777262009000
1777262011.907,211.907,0.05,0.06,0.94,0.95,0.01,0.01,79169.11,1777262010000
1777262012.797,212.797,0.05,0.06,0.94,0.95,0.01,0.01,79169.11,1777262011000
1777262013.19,213.19,0.05,0.06,0.94,0.95,0.01,0.01,79166.71,1777262012000
1777262013.696,213.696,0.05,0.06,0.94,0.95,0.01,0.01,79166.71,1777262012000
1777262014.125,214.125,0.05,0.06,0.94,0.95,0.01,0.01,79166.71,1777262012000
1777262014.479,214.479,0.05,0.06,0.94,0.95,0.01,0.01,79167.11,1777262013000
1777262014.812,214.812,0.04,0.05,0.95,0.96,0.01,0.01,79167.11,1777262013000
1777262015.244,215.244,0.04,0.05,0.95,0.96,0.01,0.01,79167.11,1777262013000
1777262015.675,215.675,0.04,0.05,0.95,0.96,0.01,0.01,79166.83,1777262014000
1777262016.022,216.022,0.04,0.05,0.95,0.96,0.01,0.01,79166.83,1777262014000
1777262016.513,216.513,0.04,0.05,0.95,0.96,0.01,0.01,79165.71,1777262015000
1777262017.109,217.109,0.04,0.05,0.95,0.96,0.01,0.01,79165.71,1777262015000
1777262017.466,217.466,0.04,0.05,0.95,0.96,0.01,0.01,79156.65,1777262016000
1777262018.238,218.238,0.04,0.05,0.95,0.96,0.01,0.01,79156.65,1777262016000
1777262018.764,218.764,0.04,0.05,0.95,0.96,0.01,0.01,79156.94,1777262017000
1777262019.261,219.261,0.04,0.05,0.95,0.96,0.01,0.01,79156.93,1777262018000
1777262019.717,219.717,0.04,0.05,0.95,0.96,0.01,0.01,79156.93,1777262018000
1777262020.125,220.125,0.04,0.05,0.95,0.96,0.01,0.01,79156.93,1777262018000
1777262020.514,220.514,0.04,0.05,0.95,0.96,0.01,0.01,79158.37,1777262019000
1777262020.97,220.97,0.04,0.05,0.95,0.96,0.01,0.01,79158.37,1777262019000
1777262021.444,221.444,0.04,0.05,0.95,0.96,0.01,0.01,79158.37,1777262019000
1777262022.032,222.032,0.04,0.05,0.95,0.96,0.01,0.01,79159.0,1777262021000
1777262022.927,222.927,0.04,0.05,0.95,0.96,0.01,0.01,79159.0,1777262021000
1777262023.299,223.299,0.03,0.05,0.95,0.96,0.02,0.01,79158.6,1777262022000
1777262023.65,223.65,0.03,0.04,0.95,0.97,0.01,0.02,79158.6,1777262022000
1777262023.994,223.994,0.03,0.04,0.96,0.97,0.01,0.01,79158.6,1777262022000
1777262024.341,224.341,0.03,0.04,0.96,0.97,0.01,0.01,79156.41,1777262023000
1777262024.865,224.865,0.03,0.04,0.96,0.97,0.01,0.01,79156.41,1777262023000
1777262025.217,225.217,0.03,0.04,0.96,0.97,0.01,0.01,79158.73,1777262024000
1777262025.634,225.634,0.03,0.04,0.96,0.97,0.01,0.01,79158.73,1777262024000
1777262026.132,226.132,0.03,0.04,0.96,0.97,0.01,0.01,79158.73,1777262024000
1777262026.499,226.499,0.03,0.04,0.96,0.97,0.01,0.01,79158.77,1777262025000
1777262026.905,226.905,0.03,0.04,0.96,0.97,0.01,0.01,79158.77,1777262025000
1777262027.412,227.412,0.03,0.04,0.96,0.97,0.01,0.01,79158.77,1777262025000
1777262027.88,227.88,0.03,0.04,0.96,0.97,0.01,0.01,79158.57,1777262026000
1777262028.365,228.365,0.02,0.03,0.96,0.98,0.01,0.02,79158.57,1777262026000
1777262029.243,229.243,0.02,0.03,0.97,0.98,0.01,0.01,79158.57,1777262027000
1777262029.756,229.756,0.02,0.03,0.97,0.98,0.01,0.01,79158.57,1777262027000
1777262030.094,230.094,0.02,0.03,0.97,0.98,0.01,0.01,79158.76,1777262028000
1777262030.542,230.542,0.02,0.03,0.97,0.98,0.01,0.01,79156.31,1777262029000
1777262030.944,230.944,0.02,0.03,0.97,0.98,0.01,0.01,79156.31,1777262029000
1777262031.311,231.311,0.02,0.03,0.97,0.98,0.01,0.01,79158.46,1777262030000
1777262031.684,231.684,0.02,0.03,0.97,0.98,0.01,0.01,79158.46,1777262030000
1777262032.218,232.218,0.02,0.03,0.97,0.98,0.01,0.01,79158.51,1777262031000
1777262032.561,232.561,0.02,0.03,0.97,0.98,0.01,0.01,79158.51,1777262031000
1777262033.105,233.105,0.02,0.03,0.97,0.98,0.01,0.01,79158.51,1777262031000
1777262033.489,233.489,0.02,0.03,0.97,0.98,0.01,0.01,79158.51,1777262031000
1777262034.011,234.011,0.02,0.03,0.97,0.98,0.01,0.01,79158.71,1777262033000
1777262034.425,234.425,0.02,0.03,0.97,0.98,0.01,0.01,79158.71,1777262033000
1777262034.967,234.967,0.02,0.03,0.97,0.98,0.01,0.01,79158.71,1777262033000
1777262035.323,235.323,0.02,0.03,0.97,0.98,0.01,0.01,79158.78,1777262034000
1777262035.79,235.79,0.02,0.03,0.97,0.98,0.01,0.01,79158.78,1777262034000
1777262036.41,236.41,0.02,0.03,0.97,0.98,0.01,0.01,79158.78,1777262034000
1777262036.777,236.777,0.02,0.03,0.97,0.98,0.01,0.01,79158.69,1777262035000
1777262037.257,237.257,0.02,0.03,0.97,0.98,0.01,0.01,79158.69,1777262036000
1777262037.964,237.964,0.02,0.03,0.97,0.98,0.01,0.01,79158.69,1777262036000
1777262038.417,238.417,0.02,0.03,0.97,0.98,0.01,0.01,79158.73,1777262037000
1777262038.853,238.853,0.02,0.03,0.97,0.98,0.01,0.01,79158.73,1777262037000
1777262039.188,239.188,0.02,0.03,0.97,0.98,0.01,0.01,79158.73,1777262038000
1777262039.898,239.898,0.02,0.03,0.97,0.98,0.01,0.01,79158.73,1777262038000
1777262040.368,240.368,0.02,0.03,0.97,0.98,0.01,0.01,79157.54,1777262039000
1777262040.737,240.737,0.01,0.02,0.98,0.99,0.01,0.01,79157.54,1777262039000
1777262041.094,241.094,0.01,0.02,0.98,0.99,0.01,0.01,79157.54,1777262039000
1777262041.446,241.446,0.01,0.02,0.98,0.99,0.01,0.01,79156.29,1777262040000
1777262042.071,242.071,0.01,0.02,0.98,0.99,0.01,0.01,79156.29,1777262040000
1777262042.789,242.789,0.01,0.02,0.98,0.99,0.01,0.01,79158.17,1777262041000
1777262043.258,243.258,0.01,0.02,0.98,0.99,0.01,0.01,79159.2,1777262042000
1777262043.658,243.658,0.01,0.02,0.98,0.99,0.01,0.01,79159.2,1777262042000
1777262044.044,244.044,0.01,0.02,0.98,0.99,0.01,0.01,79159.2,1777262042000
1777262045.044,245.044,0.01,0.02,0.98,0.99,0.01,0.01,79160.2,1777262044000
1777262046.109,246.109,0.01,0.02,0.98,0.99,0.01,0.01,79160.2,1777262044000
1777262047.049,247.049,0.01,0.02,0.98,0.99,0.01,0.01,79160.7,1777262046000
1777262047.403,247.403,0.01,0.02,0.98,0.99,0.01,0.01,79160.7,1777262046000
1777262047.756,247.756,0.01,0.02,0.98,0.99,0.01,0.01,79160.7,1777262046000
1777262048.149,248.149,0.01,0.02,0.98,0.99,0.01,0.01,79160.7,1777262047000
1777262048.531,248.531,0.01,0.02,0.98,0.99,0.01,0.01,79160.7,1777262047000
1777262048.927,248.927,0.01,0.02,0.98,0.99,0.01,0.01,79160.7,1777262047000
1777262049.32,249.32,0.01,0.02,0.98,0.99,0.01,0.01,79175.2,1777262048000
1777262049.881,249.881,0.01,0.02,0.98,0.99,0.01,0.01,79175.2,1777262048000
1777262050.262,250.262,0.01,0.02,0.98,0.99,0.01,0.01,79178.85,1777262049000
1777262050.815,250.815,0.01,0.02,0.98,0.99,0.01,0.01,79178.85,1777262049000
1777262051.437,251.437,0.01,0.02,0.98,0.99,0.01,0.01,79178.78,1777262050000
1777262051.923,251.923,0.01,0.02,0.98,0.99,0.01,0.01,79178.78,1777262050000
1777262052.691,252.691,0.01,0.02,0.98,0.99,0.01,0.01,79177.75,1777262051000
1777262053.289,253.289,0.01,0.02,0.98,0.99,0.01,0.01,79176.0,1777262052000
1777262053.934,253.934,0.01,0.02,0.98,0.99,0.01,0.01,79175.98,1777262053000
1777262054.416,254.416,0.01,0.02,0.98,0.99,0.01,0.01,79175.98,1777262053000
1777262054.844,254.844,0.01,0.02,0.98,0.99,0.01,0.01,79173.81,1777262054000
1777262055.216,255.216,0.01,0.02,0.98,0.99,0.01,0.01,79173.81,1777262054000
1777262055.669,255.669,0.01,0.02,0.98,0.99,0.01,0.01,79173.81,1777262054000
1777262056.84,256.84,0.01,0.02,0.98,0.99,0.01,0.01,79170.52,1777262056000
1777262057.593,257.593,0.01,0.02,0.98,0.99,0.01,0.01,79170.52,1777262056000
1777262057.965,257.965,0.01,0.02,0.98,0.99,0.01,0.01,79170.52,1777262056000
1777262058.326,258.326,0.01,0.02,0.98,0.99,0.01,0.01,79170.44,1777262057000
1777262058.662,258.662,0.01,0.02,0.98,0.99,0.01,0.01,79170.44,1777262057000
1777262059.332,259.332,0.01,0.02,0.98,0.99,0.01,0.01,79170.77,1777262058000
1777262060.164,260.164,0.01,0.02,0.98,0.99,0.01,0.01,79170.77,1777262058000
1777262060.55,260.55,0.01,0.02,0.98,0.99,0.01,0.01,79171.14,1777262059000
1777262060.972,260.972,0.01,0.02,0.98,0.99,0.01,0.01,79171.14,1777262060000
1777262061.499,261.499,0.01,0.04,0.98,0.99,0.03,0.01,79171.14,1777262060000
1777262061.901,261.901,0.01,0.02,0.98,0.99,0.01,0.01,79170.78,1777262061000
1777262062.517,262.517,0.01,0.02,0.98,0.99,0.01,0.01,79170.78,1777262061000
1777262062.904,262.904,0.01,0.02,0.98,0.99,0.01,0.01,79170.69,1777262062000
1777262063.628,263.628,0.01,0.02,0.98,0.99,0.01,0.01,79170.69,1777262062000
1777262064.014,264.014,0.01,0.02,0.98,0.99,0.01,0.01,79170.69,1777262062000
1777262064.363,264.363,0.01,0.02,0.98,0.99,0.01,0.01,79170.9,1777262063000
1777262064.778,264.778,0.01,0.02,0.98,0.99,0.01,0.01,79170.9,1777262063000
1777262065.404,265.404,0.01,0.02,0.98,0.99,0.01,0.01,79172.67,1777262064000
1777262065.77,265.77,0.01,0.02,0.98,0.99,0.01,0.01,79172.67,1777262064000
1777262066.25,266.25,0.01,0.02,0.98,0.99,0.01,0.01,79174.18,1777262065000
1777262066.659,266.659,0.01,0.02,0.98,0.99,0.01,0.01,79174.18,1777262065000
1777262066.993,266.993,0.01,0.02,0.98,0.99,0.01,0.01,79174.69,1777262066000
1777262067.369,267.369,0.01,0.02,0.98,0.99,0.01,0.01,79174.69,1777262066000
1777262067.819,267.819,0.01,0.02,0.98,0.99,0.01,0.01,79174.69,1777262066000
1777262068.511,268.511,0.01,0.02,0.98,0.99,0.01,0.01,79175.7,1777262067000
1777262068.962,268.962,0.01,0.02,0.98,0.99,0.01,0.01,79174.74,1777262068000
1777262069.361,269.361,0.01,0.02,0.98,0.99,0.01,0.01,79174.74,1777262068000
1777262069.72,269.72,0.01,0.02,0.98,0.99,0.01,0.01,79174.74,1777262068000
1777262070.106,270.106,0.01,0.02,0.98,0.99,0.01,0.01,79174.74,1777262069000
1777262070.514,270.514,0.01,0.02,0.98,0.99,0.01,0.01,79174.74,1777262069000
1777262070.919,270.919,0.01,0.02,0.98,0.99,0.01,0.01,79174.74,1777262069000
1777262071.396,271.396,0.01,0.02,0.98,0.99,0.01,0.01,79174.74,1777262069000
1777262071.733,271.733,0.01,0.02,0.98,0.99,0.01,0.01,79173.41,1777262070000
1777262072.125,272.125,0.01,0.02,0.98,0.99,0.01,0.01,79173.16,1777262071000
1777262072.458,272.458,0.01,0.02,0.98,0.99,0.01,0.01,79173.16,1777262071000
1777262073.13,273.13,0.01,0.02,0.98,0.99,0.01,0.01,79171.89,1777262072000
1777262073.722,273.722,0.01,0.02,0.98,0.99,0.01,0.01,79171.89,1777262072000
1777262074.149,274.149,0.01,0.02,0.98,0.99,0.01,0.01,79171.89,1777262072000
1777262074.903,274.903,0.01,0.02,0.98,0.99,0.01,0.01,79171.51,1777262073000
1777262075.283,275.283,0.01,0.02,0.98,0.99,0.01,0.01,79171.51,1777262073000
1777262075.815,275.815,0.01,0.02,0.98,0.99,0.01,0.01,79171.68,1777262074000
1777262076.288,276.288,0.01,0.02,0.98,0.99,0.01,0.01,79171.51,1777262075000
1777262076.815,276.815,0.01,0.02,0.98,0.99,0.01,0.01,79171.51,1777262075000
1777262077.273,277.273,0.01,0.02,0.98,0.99,0.01,0.01,79171.51,1777262075000
1777262077.645,277.645,0.01,0.02,0.98,0.99,0.01,0.01,79171.7,1777262076000
1777262078.04,278.04,0.01,0.02,0.98,0.99,0.01,0.01,79171.7,1777262076000
1777262078.702,278.702,0.01,0.02,0.98,0.99,0.01,0.01,79171.89,1777262077000
1777262079.259,279.259,0.01,0.02,0.98,0.99,0.01,0.01,79171.89,1777262077000
1777262079.741,279.741,0.01,0.02,0.98,0.99,0.01,0.01,79171.89,1777262078000
1777262080.407,280.407,0.01,0.02,0.98,0.99,0.01,0.01,79171.89,1777262079000
1777262080.877,280.877,0.01,0.02,0.98,0.99,0.01,0.01,79171.89,1777262079000
1777262081.473,281.473,0.01,0.02,0.98,0.99,0.01,0.01,79171.7,1777262080000
1777262081.851,281.851,0.01,0.02,0.98,0.99,0.01,0.01,79171.7,1777262080000
1777262082.407,282.407,0.01,0.02,0.98,0.99,0.01,0.01,79171.89,1777262081000
1777262082.775,282.775,0.01,0.02,0.98,0.99,0.01,0.01,79171.89,1777262081000
1777262083.157,283.157,0.01,0.02,0.98,0.99,0.01,0.01,79172.76,1777262082000
1777262083.518,283.518,0.01,0.02,0.98,0.99,0.01,0.01,79172.76,1777262082000
1777262083.949,283.949,0.01,0.02,0.98,0.99,0.01,0.01,79172.76,1777262082000
1777262084.548,284.548,0.01,0.01,0.98,0.99,0.0,0.01,79172.76,1777262082000
1777262084.949,284.949,0.01,0.01,0.99,0.99,0.0,0.0,79171.54,1777262083000
1777262086.096,286.096,0.01,0.01,0.99,0.99,0.0,0.0,79170.81,1777262085000
1777262086.978,286.978,0.01,0.01,0.99,0.99,0.0,0.0,79170.81,1777262085000
1777262088.105,288.105,0.01,0.01,0.99,0.99,0.0,0.0,79171.72,1777262087000
1777262089.154,289.154,0.01,0.01,0.99,0.99,0.0,0.0,79171.72,1777262087000
1777262090.285,290.285,0.01,0.01,0.99,0.99,0.0,0.0,79170.81,1777262089000
1777262090.956,290.956,0.01,0.01,0.99,0.99,0.0,0.0,79170.81,1777262090000
1777262091.865,291.865,0.01,0.01,0.99,0.99,0.0,0.0,79170.81,1777262090000
1777262093.049,293.049,0.01,0.01,0.99,0.99,0.0,0.0,79169.06,1777262092000
1777262094.118,294.118,0.01,0.01,0.99,0.99,0.0,0.0,79169.06,1777262092000
1777262094.791,294.791,0.01,0.01,0.99,0.99,0.0,0.0,79164.39,1777262093000
1777262095.148,295.148,0.01,0.01,0.99,0.99,0.0,0.0,79164.12,1777262094000
1777262096.097,296.097,0.01,0.01,0.99,0.99,0.0,0.0,79164.12,1777262094000
1777262097.359,297.359,0.01,0.01,0.99,0.99,0.0,0.0,79164.02,1777262096000
1777262098.284,298.284,0.01,0.01,0.99,0.99,0.0,0.0,79163.81,1777262097000
1777262099.134,299.134,0.01,0.01,0.99,0.99,0.0,0.0,79163.81,1777262097000
1777262099.577,299.577,0.01,0.01,0.99,0.99,0.0,0.0,79163.81,1777262098000
1777262100.135,300.135,0.01,0.01,0.99,0.99,0.0,0.0,79162.9,1777262099000

# RESULT,winner=Down,slug=btc-updown-5m-1777261800,ticks=604
