timestamp,elapsed_sec,up_bid,up_ask,down_bid,down_ask,up_spread,down_spread,btc_price,btc_oracle_ts
1776813600.506,0.506,0.42,0.44,0.56,0.57,0.02,0.01,75851.97,1776813599000
1776813600.942,0.942,0.42,0.43,0.56,0.58,0.01,0.02,75851.97,1776813599000
1776813601.406,1.406,0.43,0.44,0.56,0.57,0.01,0.01,75854.11,1776813600000
1776813601.768,1.768,0.43,0.44,0.56,0.57,0.01,0.01,75854.11,1776813600000
1776813602.268,2.268,0.44,0.45,0.55,0.57,0.01,0.02,75854.13,1776813601000
1776813602.617,2.617,0.45,0.46,0.54,0.55,0.01,0.01,75854.13,1776813601000
1776813603.157,3.157,0.45,0.46,0.54,0.55,0.01,0.01,75854.13,1776813602000
1776813603.625,3.625,0.45,0.46,0.54,0.55,0.01,0.01,75854.13,1776813602000
1776813604.039,4.039,0.45,0.46,0.54,0.55,0.01,0.01,75854.13,1776813602000
1776813604.502,4.502,0.45,0.46,0.54,0.55,0.01,0.01,75854.13,1776813603000
1776813604.881,4.881,0.45,0.46,0.54,0.55,0.01,0.01,75854.13,1776813603000
1776813605.266,5.266,0.45,0.46,0.54,0.55,0.01,0.01,75853.61,1776813604000
1776813605.699,5.699,0.45,0.46,0.54,0.55,0.01,0.01,75853.61,1776813604000
1776813606.086,6.086,0.45,0.46,0.54,0.55,0.01,0.01,75854.17,1776813605000
1776813606.46,6.46,0.45,0.46,0.54,0.55,0.01,0.01,75854.17,1776813605000
1776813606.936,6.936,0.45,0.46,0.54,0.55,0.01,0.01,75854.17,1776813605000
1776813607.455,7.455,0.45,0.46,0.54,0.55,0.01,0.01,75854.17,1776813606000
1776813607.812,7.812,0.45,0.46,0.54,0.55,0.01,0.01,75854.17,1776813606000
1776813608.333,8.333,0.45,0.46,0.54,0.55,0.01,0.01,75854.17,1776813606000
1776813608.761,8.761,0.45,0.46,0.54,0.55,0.01,0.01,75855.48,1776813607000
1776813609.134,9.134,0.45,0.46,0.54,0.55,0.01,0.01,75855.48,1776813607000
1776813609.48,9.48,0.45,0.46,0.54,0.55,0.01,0.01,75854.19,1776813608000
1776813609.827,9.827,0.45,0.46,0.54,0.55,0.01,0.01,75854.19,1776813608000
1776813610.22,10.22,0.45,0.46,0.54,0.55,0.01,0.01,75854.19,1776813609000
1776813610.58,10.58,0.45,0.46,0.54,0.55,0.01,0.01,75854.19,1776813609000
1776813610.976,10.976,0.46,0.47,0.53,0.55,0.01,0.02,75854.19,1776813609000
1776813611.322,11.322,0.46,0.47,0.53,0.54,0.01,0.01,75854.2,1776813610000
1776813611.673,11.673,0.46,0.47,0.53,0.54,0.01,0.01,75854.2,1776813610000
1776813612.032,12.032,0.46,0.47,0.53,0.54,0.01,0.01,75854.2,1776813610000
1776813612.407,12.407,0.46,0.47,0.53,0.54,0.01,0.01,75854.2,1776813611000
1776813612.759,12.759,0.47,0.48,0.52,0.53,0.01,0.01,75854.2,1776813611000
1776813613.127,13.127,0.49,0.5,0.5,0.51,0.01,0.01,75854.2,1776813611000
1776813613.47,13.47,0.49,0.5,0.5,0.51,0.01,0.01,75854.2,1776813611000
1776813613.924,13.924,0.48,0.5,0.5,0.51,0.02,0.01,75853.97,1776813612000
1776813614.281,14.281,0.45,0.46,0.51,0.55,0.01,0.04,75853.97,1776813612000
1776813614.734,14.734,0.45,0.46,0.54,0.55,0.01,0.01,75853.97,1776813612000
1776813615.101,15.101,0.45,0.46,0.54,0.55,0.01,0.01,75857.3,1776813613000
1776813615.597,15.597,0.45,0.46,0.54,0.55,0.01,0.01,75855.11,1776813614000
1776813616.109,16.109,0.45,0.46,0.54,0.55,0.01,0.01,75855.11,1776813614000
1776813616.451,16.451,0.45,0.46,0.54,0.55,0.01,0.01,75853.6,1776813615000
1776813616.85,16.85,0.45,0.46,0.54,0.55,0.01,0.01,75853.6,1776813615000
1776813617.194,17.194,0.45,0.46,0.54,0.55,0.01,0.01,75853.6,1776813615000
1776813617.605,17.605,0.45,0.46,0.54,0.55,0.01,0.01,75852.73,1776813616000
1776813617.991,17.991,0.45,0.48,0.52,0.55,0.03,0.03,75852.73,1776813617000
1776813618.415,18.415,0.47,0.48,0.52,0.55,0.01,0.03,75852.73,1776813617000
1776813619.125,19.125,0.47,0.48,0.52,0.53,0.01,0.01,75852.74,1776813618000
1776813619.467,19.467,0.49,0.5,0.5,0.51,0.01,0.01,75852.74,1776813618000
1776813619.805,19.805,0.5,0.51,0.49,0.51,0.01,0.02,75852.74,1776813618000
1776813620.175,20.175,0.5,0.51,0.49,0.5,0.01,0.01,75852.74,1776813618000
1776813620.509,20.509,0.49,0.51,0.49,0.5,0.02,0.01,75853.46,1776813619000
1776813620.85,20.85,0.49,0.5,0.5,0.51,0.01,0.01,75853.46,1776813619000
1776813621.225,21.225,0.49,0.5,0.5,0.51,0.01,0.01,75853.46,1776813619000
1776813621.64,21.64,0.49,0.5,0.5,0.51,0.01,0.01,75858.88,1776813620000
1776813622.014,22.014,0.49,0.5,0.5,0.51,0.01,0.01,75858.83,1776813621000
1776813622.466,22.466,0.49,0.5,0.5,0.51,0.01,0.01,75858.83,1776813621000
1776813622.901,22.901,0.49,0.5,0.5,0.51,0.01,0.01,75858.83,1776813621000
1776813623.437,23.437,0.49,0.5,0.5,0.51,0.01,0.01,75859.12,1776813622000
1776813623.796,23.796,0.49,0.5,0.5,0.51,0.01,0.01,75859.12,1776813622000
1776813624.181,24.181,0.49,0.5,0.5,0.51,0.01,0.01,75859.12,1776813622000
1776813624.671,24.671,0.49,0.5,0.5,0.51,0.01,0.01,75859.13,1776813623000
1776813625.392,25.392,0.49,0.5,0.5,0.51,0.01,0.01,75859.13,1776813624000
1776813625.906,25.906,0.51,0.52,0.48,0.49,0.01,0.01,75859.13,1776813624000
1776813626.248,26.248,0.51,0.52,0.48,0.49,0.01,0.01,75859.13,1776813625000
1776813626.857,26.857,0.51,0.52,0.48,0.49,0.01,0.01,75859.13,1776813625000
1776813627.225,27.225,0.51,0.52,0.48,0.49,0.01,0.01,75859.19,1776813626000
1776813627.696,27.696,0.51,0.52,0.48,0.49,0.01,0.01,75859.19,1776813626000
1776813628.274,28.274,0.51,0.52,0.48,0.49,0.01,0.01,75859.19,1776813626000
1776813628.607,28.607,0.5,0.51,0.49,0.5,0.01,0.01,75859.19,1776813627000
1776813628.967,28.967,0.5,0.51,0.49,0.5,0.01,0.01,75859.19,1776813628000
1776813629.775,29.775,0.5,0.52,0.49,0.5,0.02,0.01,75859.19,1776813628000
1776813630.214,30.214,0.5,0.52,0.48,0.5,0.02,0.02,75859.19,1776813629000
1776813630.622,30.622,0.56,0.57,0.43,0.44,0.01,0.01,75859.19,1776813629000
1776813631.001,31.001,0.56,0.57,0.43,0.44,0.01,0.01,75859.19,1776813629000
1776813631.561,31.561,0.56,0.57,0.43,0.44,0.01,0.01,75860.9,1776813630000
1776813632.032,32.032,0.56,0.57,0.43,0.44,0.01,0.01,75860.9,1776813630000
1776813632.369,32.369,0.55,0.57,0.43,0.44,0.02,0.01,75862.99,1776813631000
1776813633.014,33.014,0.5,0.51,0.48,0.5,0.01,0.02,75862.99,1776813631000
1776813633.399,33.399,0.47,0.48,0.52,0.55,0.01,0.03,75862.85,1776813632000
1776813633.739,33.739,0.44,0.46,0.54,0.56,0.02,0.02,75862.85,1776813632000
1776813634.076,34.076,0.44,0.45,0.55,0.56,0.01,0.01,75862.85,1776813632000
1776813634.464,34.464,0.44,0.45,0.55,0.56,0.01,0.01,75861.61,1776813633000
1776813634.896,34.896,0.45,0.46,0.54,0.55,0.01,0.01,75861.61,1776813633000
1776813635.239,35.239,0.45,0.46,0.54,0.55,0.01,0.01,75852.57,1776813634000
1776813635.67,35.67,0.45,0.46,0.54,0.55,0.01,0.01,75852.57,1776813634000
1776813636.242,36.242,0.45,0.46,0.54,0.55,0.01,0.01,75852.55,1776813635000
1776813636.8,36.8,0.45,0.46,0.54,0.55,0.01,0.01,75852.55,1776813635000
1776813637.223,37.223,0.45,0.46,0.54,0.55,0.01,0.01,75851.54,1776813636000
1776813637.696,37.696,0.45,0.46,0.54,0.55,0.01,0.01,75851.54,1776813636000
1776813638.149,38.149,0.45,0.46,0.54,0.55,0.01,0.01,75850.53,1776813637000
1776813638.948,38.948,0.45,0.46,0.54,0.55,0.01,0.01,75850.53,1776813637000
1776813639.601,39.601,0.45,0.46,0.54,0.55,0.01,0.01,75851.74,1776813638000
1776813639.997,39.997,0.45,0.46,0.54,0.55,0.01,0.01,75851.13,1776813639000
1776813640.52,40.52,0.45,0.46,0.54,0.55,0.01,0.01,75851.13,1776813639000
1776813640.989,40.989,0.45,0.46,0.54,0.55,0.01,0.01,75851.13,1776813639000
1776813641.455,41.455,0.45,0.46,0.54,0.55,0.01,0.01,75850.41,1776813640000
1776813641.891,41.891,0.42,0.43,0.57,0.58,0.01,0.01,75850.41,1776813640000
1776813642.25,42.25,0.4,0.41,0.59,0.6,0.01,0.01,75850.88,1776813641000
1776813642.653,42.653,0.4,0.41,0.59,0.6,0.01,0.01,75850.88,1776813641000
1776813643.05,43.05,0.4,0.41,0.59,0.6,0.01,0.01,75850.88,1776813641000
1776813643.409,43.409,0.4,0.41,0.59,0.6,0.01,0.01,75850.88,1776813641000
1776813643.808,43.808,0.39,0.4,0.6,0.61,0.01,0.01,75847.33,1776813642000
1776813644.184,44.184,0.38,0.39,0.61,0.62,0.01,0.01,75845.91,1776813643000
1776813644.543,44.543,0.38,0.39,0.61,0.62,0.01,0.01,75845.91,1776813643000
1776813644.933,44.933,0.37,0.39,0.61,0.62,0.02,0.01,75845.91,1776813643000
1776813645.322,45.322,0.38,0.39,0.61,0.62,0.01,0.01,75845.05,1776813644000
1776813645.745,45.745,0.38,0.39,0.61,0.62,0.01,0.01,75845.05,1776813644000
1776813646.104,46.104,0.37,0.39,0.61,0.62,0.02,0.01,75845.05,1776813644000
1776813646.685,46.685,0.37,0.38,0.62,0.63,0.01,0.01,75844.61,1776813645000
1776813647.072,47.072,0.37,0.38,0.62,0.63,0.01,0.01,75844.62,1776813646000
1776813647.432,47.432,0.37,0.38,0.62,0.63,0.01,0.01,75844.62,1776813646000
1776813647.817,47.817,0.37,0.38,0.62,0.63,0.01,0.01,75844.62,1776813646000
1776813648.152,48.152,0.33,0.34,0.66,0.68,0.01,0.02,75844.28,1776813647000
1776813648.615,48.615,0.32,0.33,0.67,0.68,0.01,0.01,75844.28,1776813647000
1776813648.948,48.948,0.4,0.41,0.56,0.6,0.01,0.04,75844.28,1776813647000
1776813649.295,49.295,0.41,0.42,0.58,0.59,0.01,0.01,75844.12,1776813648000
1776813649.734,49.734,0.41,0.42,0.58,0.59,0.01,0.01,75844.12,1776813648000
1776813650.073,50.073,0.42,0.43,0.57,0.58,0.01,0.01,75844.12,1776813648000
1776813650.687,50.687,0.42,0.43,0.57,0.58,0.01,0.01,75840.48,1776813649000
1776813651.023,51.023,0.36,0.41,0.59,0.64,0.05,0.05,75840.48,1776813649000
1776813651.403,51.403,0.35,0.36,0.63,0.66,0.01,0.03,75841.27,1776813650000
1776813651.768,51.768,0.35,0.36,0.64,0.65,0.01,0.01,75841.27,1776813650000
1776813652.16,52.16,0.35,0.36,0.64,0.65,0.01,0.01,75841.27,1776813650000
1776813652.714,52.714,0.35,0.36,0.64,0.65,0.01,0.01,75841.27,1776813651000
1776813653.239,53.239,0.35,0.36,0.64,0.65,0.01,0.01,75834.41,1776813652000
1776813653.577,53.577,0.35,0.36,0.64,0.65,0.01,0.01,75834.41,1776813652000
1776813654.032,54.032,0.35,0.36,0.64,0.65,0.01,0.01,75834.41,1776813652000
1776813654.42,54.42,0.35,0.36,0.64,0.65,0.01,0.01,75833.02,1776813653000
1776813654.755,54.755,0.35,0.36,0.64,0.65,0.01,0.01,75833.02,1776813653000
1776813655.226,55.226,0.35,0.36,0.64,0.65,0.01,0.01,75833.06,1776813654000
1776813655.91,55.91,0.36,0.37,0.63,0.64,0.01,0.01,75833.06,1776813654000
1776813656.393,56.393,0.36,0.37,0.63,0.64,0.01,0.01,75833.06,1776813654000
1776813656.728,56.728,0.36,0.37,0.63,0.64,0.01,0.01,75833.06,1776813654000
1776813657.134,57.134,0.36,0.37,0.63,0.64,0.01,0.01,75833.02,1776813655000
1776813657.754,57.754,0.36,0.37,0.63,0.64,0.01,0.01,75833.02,1776813655000
1776813658.205,58.205,0.36,0.37,0.63,0.64,0.01,0.01,75833.02,1776813656000
1776813658.648,58.648,0.36,0.37,0.63,0.64,0.01,0.01,75833.7,1776813657000
1776813659.173,59.173,0.36,0.37,0.63,0.64,0.01,0.01,75833.7,1776813657000
1776813659.534,59.534,0.36,0.37,0.63,0.64,0.01,0.01,75833.74,1776813658000
1776813660.31,60.31,0.36,0.37,0.63,0.64,0.01,0.01,75833.74,1776813658000
1776813660.65,60.65,0.35,0.36,0.64,0.65,0.01,0.01,75833.74,1776813658000
1776813660.984,60.984,0.35,0.36,0.64,0.65,0.01,0.01,75833.03,1776813659000
1776813661.382,61.382,0.36,0.37,0.63,0.64,0.01,0.01,75833.03,1776813660000
1776813661.763,61.763,0.35,0.36,0.64,0.65,0.01,0.01,75833.03,1776813660000
1776813662.247,62.247,0.35,0.36,0.64,0.65,0.01,0.01,75833.03,1776813660000
1776813662.615,62.615,0.35,0.36,0.64,0.65,0.01,0.01,75833.02,1776813661000
1776813663.04,63.04,0.35,0.36,0.64,0.65,0.01,0.01,75833.02,1776813661000
1776813663.623,63.623,0.35,0.36,0.64,0.65,0.01,0.01,75833.02,1776813662000
1776813664.283,64.283,0.35,0.36,0.64,0.65,0.01,0.01,75833.02,1776813662000
1776813664.626,64.626,0.35,0.36,0.64,0.65,0.01,0.01,75833.05,1776813663000
1776813665.012,65.012,0.35,0.36,0.64,0.65,0.01,0.01,75833.05,1776813663000
1776813665.497,65.497,0.35,0.36,0.64,0.65,0.01,0.01,75833.05,1776813664000
1776813665.974,65.974,0.37,0.38,0.62,0.63,0.01,0.01,75833.05,1776813664000
1776813666.541,66.541,0.37,0.38,0.62,0.63,0.01,0.01,75833.05,1776813665000
1776813667.113,67.113,0.37,0.38,0.62,0.63,0.01,0.01,75833.05,1776813665000
1776813667.457,67.457,0.39,0.4,0.6,0.61,0.01,0.01,75833.05,1776813665000
1776813667.826,67.826,0.39,0.4,0.6,0.61,0.01,0.01,75833.1,1776813666000
1776813668.163,68.163,0.43,0.44,0.56,0.59,0.01,0.03,75833.1,1776813666000
1776813668.499,68.499,0.44,0.45,0.54,0.57,0.01,0.03,75833.11,1776813667000
1776813668.961,68.961,0.44,0.46,0.55,0.56,0.02,0.01,75833.11,1776813667000
1776813669.319,69.319,0.49,0.5,0.5,0.51,0.01,0.01,75833.11,1776813667000
1776813669.653,69.653,0.49,0.5,0.5,0.51,0.01,0.01,75833.11,1776813667000
1776813669.988,69.988,0.49,0.5,0.5,0.51,0.01,0.01,75839.03,1776813668000
1776813670.328,70.328,0.49,0.5,0.5,0.51,0.01,0.01,75841.35,1776813669000
1776813670.83,70.83,0.49,0.5,0.5,0.51,0.01,0.01,75841.35,1776813669000
1776813671.228,71.228,0.49,0.5,0.5,0.51,0.01,0.01,75841.35,1776813669000
1776813671.575,71.575,0.53,0.55,0.46,0.47,0.02,0.01,75852.1,1776813670000
1776813671.928,71.928,0.55,0.58,0.43,0.45,0.03,0.02,75852.1,1776813670000
1776813672.365,72.365,0.57,0.58,0.42,0.43,0.01,0.01,75852.21,1776813671000
1776813673.156,73.156,0.57,0.58,0.42,0.43,0.01,0.01,75852.21,1776813671000
1776813673.519,73.519,0.57,0.58,0.42,0.43,0.01,0.01,75852.21,1776813671000
1776813673.895,73.895,0.57,0.58,0.42,0.43,0.01,0.01,75858.57,1776813672000
1776813674.344,74.344,0.57,0.58,0.42,0.43,0.01,0.01,75858.57,1776813672000
1776813674.851,74.851,0.57,0.58,0.42,0.43,0.01,0.01,75862.22,1776813673000
1776813675.251,75.251,0.54,0.55,0.44,0.46,0.01,0.02,75862.22,1776813674000
1776813675.731,75.731,0.54,0.55,0.45,0.46,0.01,0.01,75862.22,1776813674000
1776813676.109,76.109,0.54,0.55,0.45,0.46,0.01,0.01,75860.41,1776813675000
1776813676.443,76.443,0.54,0.55,0.45,0.46,0.01,0.01,75860.41,1776813675000
1776813676.849,76.849,0.53,0.54,0.45,0.47,0.01,0.02,75860.41,1776813675000
1776813677.211,77.211,0.45,0.47,0.53,0.55,0.02,0.02,75857.16,1776813676000
1776813677.632,77.632,0.45,0.46,0.54,0.55,0.01,0.01,75857.16,1776813676000
1776813677.972,77.972,0.45,0.46,0.54,0.55,0.01,0.01,75855.99,1776813677000
1776813678.318,78.318,0.43,0.46,0.54,0.57,0.03,0.03,75855.99,1776813677000
1776813678.671,78.671,0.44,0.45,0.55,0.56,0.01,0.01,75855.99,1776813677000
1776813679.201,79.201,0.44,0.45,0.55,0.56,0.01,0.01,75850.91,1776813678000
1776813679.668,79.668,0.44,0.45,0.55,0.56,0.01,0.01,75850.91,1776813678000
1776813680.223,80.223,0.44,0.45,0.55,0.56,0.01,0.01,75849.16,1776813679000
1776813680.647,80.647,0.46,0.47,0.53,0.54,0.01,0.01,75849.16,1776813679000
1776813681.14,81.14,0.47,0.48,0.52,0.53,0.01,0.01,75849.16,1776813679000
1776813682.227,82.227,0.47,0.48,0.52,0.53,0.01,0.01,75850.11,1776813681000
1776813682.747,82.747,0.47,0.48,0.52,0.53,0.01,0.01,75850.11,1776813681000
1776813683.112,83.112,0.54,0.55,0.45,0.46,0.01,0.01,75850.11,1776813681000
1776813683.518,83.518,0.54,0.55,0.45,0.46,0.01,0.01,75852.92,1776813682000
1776813683.853,83.853,0.54,0.55,0.45,0.46,0.01,0.01,75852.92,1776813682000
1776813684.191,84.191,0.54,0.55,0.45,0.46,0.01,0.01,75854.1,1776813683000
1776813684.56,84.56,0.53,0.54,0.45,0.47,0.01,0.02,75854.1,1776813683000
1776813685.114,85.114,0.52,0.53,0.47,0.48,0.01,0.01,75856.14,1776813684000
1776813685.725,85.725,0.52,0.53,0.47,0.48,0.01,0.01,75856.14,1776813684000
1776813686.091,86.091,0.52,0.53,0.47,0.48,0.01,0.01,75856.14,1776813684000
1776813686.465,86.465,0.52,0.53,0.47,0.48,0.01,0.01,75856.31,1776813685000
1776813687.102,87.102,0.52,0.53,0.47,0.48,0.01,0.01,75856.59,1776813686000
1776813687.526,87.526,0.51,0.52,0.47,0.48,0.01,0.01,75856.59,1776813686000
1776813687.922,87.922,0.51,0.52,0.48,0.49,0.01,0.01,75856.59,1776813687000
1776813688.372,88.372,0.51,0.52,0.48,0.49,0.01,0.01,75856.59,1776813687000
1776813688.902,88.902,0.51,0.52,0.48,0.49,0.01,0.01,75856.59,1776813687000
1776813689.263,89.263,0.51,0.52,0.48,0.49,0.01,0.01,75856.67,1776813688000
1776813689.615,89.615,0.51,0.52,0.48,0.49,0.01,0.01,75856.67,1776813688000
1776813689.987,89.987,0.51,0.52,0.48,0.49,0.01,0.01,75856.19,1776813689000
1776813690.525,90.525,0.51,0.52,0.48,0.49,0.01,0.01,75856.19,1776813689000
1776813690.867,90.867,0.51,0.52,0.48,0.49,0.01,0.01,75856.19,1776813689000
1776813691.332,91.332,0.5,0.52,0.48,0.49,0.02,0.01,75855.66,1776813690000
1776813691.731,91.731,0.5,0.52,0.48,0.5,0.02,0.02,75855.66,1776813690000
1776813692.067,92.067,0.57,0.58,0.42,0.43,0.01,0.01,75855.51,1776813691000
1776813692.643,92.643,0.57,0.58,0.42,0.43,0.01,0.01,75855.51,1776813691000
1776813693.022,93.022,0.57,0.58,0.42,0.43,0.01,0.01,75857.87,1776813692000
1776813693.381,93.381,0.57,0.58,0.42,0.43,0.01,0.01,75857.87,1776813692000
1776813693.723,93.723,0.57,0.58,0.42,0.43,0.01,0.01,75857.87,1776813692000
1776813694.257,94.257,0.57,0.58,0.42,0.43,0.01,0.01,75861.35,1776813693000
1776813694.648,94.648,0.57,0.58,0.42,0.43,0.01,0.01,75861.35,1776813693000
1776813695.097,95.097,0.57,0.58,0.42,0.43,0.01,0.01,75861.35,1776813693000
1776813695.531,95.531,0.61,0.62,0.39,0.41,0.01,0.02,75862.0,1776813694000
1776813695.866,95.866,0.61,0.62,0.38,0.39,0.01,0.01,75862.0,1776813694000
1776813696.351,96.351,0.61,0.62,0.38,0.39,0.01,0.01,75862.89,1776813695000
1776813696.696,96.696,0.61,0.62,0.38,0.39,0.01,0.01,75862.89,1776813695000
1776813697.158,97.158,0.61,0.62,0.38,0.39,0.01,0.01,75863.77,1776813696000
1776813697.671,97.671,0.61,0.62,0.38,0.39,0.01,0.01,75863.77,1776813696000
1776813698.159,98.159,0.61,0.62,0.38,0.39,0.01,0.01,75869.41,1776813697000
1776813698.618,98.618,0.61,0.62,0.38,0.39,0.01,0.01,75869.41,1776813697000
1776813698.965,98.965,0.61,0.62,0.38,0.39,0.01,0.01,75869.0,1776813698000
1776813699.299,99.299,0.61,0.62,0.38,0.39,0.01,0.01,75869.0,1776813698000
1776813699.954,99.954,0.6,0.61,0.38,0.4,0.01,0.02,75869.0,1776813698000
1776813700.304,100.304,0.49,0.5,0.5,0.52,0.01,0.02,75869.0,1776813698000
1776813700.682,100.682,0.49,0.5,0.5,0.51,0.01,0.01,75869.0,1776813698000
1776813701.206,101.206,0.49,0.5,0.5,0.51,0.01,0.01,75869.0,1776813698000
1776813701.546,101.546,0.49,0.5,0.5,0.51,0.01,0.01,75863.71,1776813700000
1776813701.914,101.914,0.49,0.5,0.5,0.51,0.01,0.01,75863.71,1776813700000
1776813702.519,102.519,0.49,0.5,0.5,0.51,0.01,0.01,75863.71,1776813700000
1776813702.863,102.863,0.45,0.47,0.53,0.55,0.02,0.02,75863.71,1776813700000
1776813703.208,103.208,0.46,0.47,0.53,0.54,0.01,0.01,75861.55,1776813701000
1776813703.74,103.74,0.46,0.47,0.53,0.54,0.01,0.01,75860.75,1776813702000
1776813704.106,104.106,0.46,0.47,0.53,0.54,0.01,0.01,75860.13,1776813703000
1776813704.479,104.479,0.35,0.36,0.56,0.61,0.01,0.05,75860.13,1776813703000
1776813704.836,104.836,0.35,0.36,0.61,0.65,0.01,0.04,75860.13,1776813703000
1776813705.234,105.234,0.35,0.36,0.64,0.65,0.01,0.01,75860.13,1776813703000
1776813705.571,105.571,0.35,0.36,0.64,0.65,0.01,0.01,75860.13,1776813703000
1776813706.028,106.028,0.35,0.36,0.64,0.65,0.01,0.01,75855.98,1776813704000
1776813706.415,106.415,0.35,0.36,0.64,0.65,0.01,0.01,75850.38,1776813705000
1776813706.893,106.893,0.35,0.36,0.64,0.65,0.01,0.01,75850.38,1776813705000
1776813707.667,107.667,0.35,0.36,0.64,0.65,0.01,0.01,75850.38,1776813705000
1776813708.182,108.182,0.35,0.36,0.64,0.65,0.01,0.01,75844.93,1776813706000
1776813708.548,108.548,0.33,0.34,0.65,0.67,0.01,0.02,75844.93,1776813706000
1776813708.904,108.904,0.32,0.33,0.67,0.68,0.01,0.01,75844.92,1776813707000
1776813709.269,109.269,0.29,0.3,0.69,0.71,0.01,0.02,75844.92,1776813707000
1776813709.636,109.636,0.28,0.29,0.7,0.72,0.01,0.02,75844.92,1776813708000
1776813710.122,110.122,0.28,0.29,0.71,0.72,0.01,0.01,75844.92,1776813708000
1776813710.465,110.465,0.28,0.29,0.71,0.72,0.01,0.01,75844.92,1776813708000
1776813710.81,110.81,0.28,0.29,0.71,0.72,0.01,0.01,75837.72,1776813709000
1776813711.224,111.224,0.28,0.29,0.71,0.72,0.01,0.01,75837.72,1776813709000
1776813711.636,111.636,0.28,0.29,0.71,0.72,0.01,0.01,75837.15,1776813710000
1776813712.143,112.143,0.28,0.29,0.71,0.72,0.01,0.01,75833.65,1776813711000
1776813712.745,112.745,0.28,0.29,0.71,0.72,0.01,0.01,75833.65,1776813711000
1776813713.087,113.087,0.28,0.29,0.71,0.72,0.01,0.01,75833.65,1776813711000
1776813713.622,113.622,0.28,0.29,0.71,0.72,0.01,0.01,75833.65,1776813711000
1776813714.108,114.108,0.28,0.29,0.71,0.72,0.01,0.01,75833.38,1776813713000
1776813714.506,114.506,0.28,0.29,0.71,0.72,0.01,0.01,75833.38,1776813713000
1776813715.114,115.114,0.28,0.29,0.71,0.72,0.01,0.01,75833.38,1776813713000
1776813715.514,115.514,0.28,0.29,0.71,0.72,0.01,0.01,75833.39,1776813714000
1776813715.956,115.956,0.28,0.29,0.71,0.72,0.01,0.01,75833.39,1776813714000
1776813716.296,116.296,0.32,0.33,0.67,0.68,0.01,0.01,75833.38,1776813715000
1776813717.16,117.16,0.32,0.33,0.67,0.68,0.01,0.01,75833.38,1776813715000
1776813717.723,117.723,0.32,0.33,0.67,0.68,0.01,0.01,75837.03,1776813716000
1776813718.475,118.475,0.32,0.33,0.67,0.68,0.01,0.01,75837.03,1776813716000
1776813718.944,118.944,0.32,0.33,0.67,0.68,0.01,0.01,75840.38,1776813717000
1776813719.366,119.366,0.33,0.34,0.66,0.67,0.01,0.01,75840.38,1776813718000
1776813719.843,119.843,0.33,0.34,0.66,0.67,0.01,0.01,75840.38,1776813718000
1776813720.306,120.306,0.33,0.34,0.66,0.67,0.01,0.01,75840.38,1776813718000
1776813720.689,120.689,0.33,0.34,0.66,0.67,0.01,0.01,75836.76,1776813719000
1776813721.066,121.066,0.33,0.34,0.66,0.67,0.01,0.01,75837.66,1776813720000
1776813721.525,121.525,0.33,0.34,0.66,0.67,0.01,0.01,75837.66,1776813720000
1776813722.065,122.065,0.33,0.34,0.66,0.67,0.01,0.01,75837.66,1776813720000
1776813722.886,122.886,0.33,0.34,0.66,0.67,0.01,0.01,75835.92,1776813721000
1776813723.228,123.228,0.3,0.34,0.66,0.69,0.04,0.03,75836.33,1776813722000
1776813723.703,123.703,0.28,0.29,0.71,0.72,0.01,0.01,75836.33,1776813722000
1776813724.159,124.159,0.28,0.29,0.71,0.72,0.01,0.01,75836.33,1776813722000
1776813724.536,124.536,0.26,0.27,0.73,0.74,0.01,0.01,75837.6,1776813723000
1776813724.881,124.881,0.25,0.26,0.73,0.75,0.01,0.02,75837.6,1776813723000
1776813725.239,125.239,0.25,0.26,0.74,0.75,0.01,0.01,75833.6,1776813724000
1776813725.866,125.866,0.25,0.26,0.74,0.75,0.01,0.01,75833.6,1776813724000
1776813726.203,126.203,0.25,0.26,0.74,0.75,0.01,0.01,75833.6,1776813724000
1776813726.67,126.67,0.25,0.26,0.74,0.75,0.01,0.01,75831.87,1776813725000
1776813727.199,127.199,0.25,0.26,0.74,0.75,0.01,0.01,75830.66,1776813726000
1776813727.808,127.808,0.25,0.26,0.74,0.75,0.01,0.01,75830.66,1776813726000
1776813728.686,128.686,0.25,0.26,0.74,0.75,0.01,0.01,75831.96,1776813727000
1776813729.082,129.082,0.25,0.26,0.74,0.75,0.01,0.01,75832.0,1776813728000
1776813729.552,129.552,0.25,0.26,0.74,0.75,0.01,0.01,75832.0,1776813728000
1776813730.094,130.094,0.25,0.26,0.74,0.75,0.01,0.01,75831.81,1776813729000
1776813730.507,130.507,0.25,0.26,0.74,0.77,0.01,0.03,75831.81,1776813729000
1776813730.865,130.865,0.24,0.26,0.74,0.75,0.02,0.01,75831.81,1776813729000
1776813731.251,131.251,0.24,0.25,0.75,0.76,0.01,0.01,75831.82,1776813730000
1776813731.589,131.589,0.24,0.25,0.75,0.76,0.01,0.01,75831.82,1776813730000
1776813731.997,131.997,0.24,0.25,0.75,0.76,0.01,0.01,75831.82,1776813730000
1776813733.013,133.013,0.24,0.25,0.75,0.76,0.01,0.01,75831.83,1776813731000
1776813733.355,133.355,0.24,0.25,0.75,0.76,0.01,0.01,75831.83,1776813731000
1776813733.787,133.787,0.23,0.24,0.75,0.77,0.01,0.02,75831.12,1776813732000
1776813734.365,134.365,0.23,0.24,0.76,0.77,0.01,0.01,75831.12,1776813732000
1776813734.773,134.773,0.23,0.24,0.76,0.77,0.01,0.01,75830.1,1776813733000
1776813735.176,135.176,0.23,0.24,0.76,0.77,0.01,0.01,75830.09,1776813734000
1776813735.51,135.51,0.23,0.25,0.75,0.77,0.02,0.02,75830.09,1776813734000
1776813735.885,135.885,0.24,0.25,0.75,0.76,0.01,0.01,75830.09,1776813734000
1776813736.286,136.286,0.24,0.25,0.75,0.76,0.01,0.01,75830.03,1776813735000
1776813737.165,137.165,0.24,0.25,0.75,0.76,0.01,0.01,75830.03,1776813735000
1776813737.603,137.603,0.24,0.25,0.75,0.76,0.01,0.01,75830.03,1776813735000
1776813738.03,138.03,0.24,0.25,0.75,0.76,0.01,0.01,75832.71,1776813737000
1776813738.691,138.691,0.24,0.25,0.75,0.76,0.01,0.01,75832.71,1776813737000
1776813739.14,139.14,0.24,0.25,0.75,0.76,0.01,0.01,75832.58,1776813738000
1776813739.477,139.477,0.27,0.35,0.67,0.73,0.08,0.06,75832.58,1776813738000
1776813739.836,139.836,0.32,0.4,0.6,0.68,0.08,0.08,75832.58,1776813738000
1776813740.173,140.173,0.39,0.41,0.6,0.61,0.02,0.01,75832.58,1776813738000
1776813740.519,140.519,0.39,0.4,0.59,0.61,0.01,0.02,75832.69,1776813739000
1776813740.868,140.868,0.39,0.4,0.6,0.61,0.01,0.01,75832.69,1776813739000
1776813741.722,141.722,0.39,0.4,0.6,0.61,0.01,0.01,75836.91,1776813740000
1776813742.077,142.077,0.39,0.4,0.6,0.61,0.01,0.01,75836.91,1776813740000
1776813742.757,142.757,0.39,0.4,0.6,0.61,0.01,0.01,75842.17,1776813741000
1776813743.1,143.1,0.39,0.4,0.6,0.61,0.01,0.01,75842.17,1776813741000
1776813743.479,143.479,0.39,0.4,0.6,0.61,0.01,0.01,75842.17,1776813741000
1776813743.914,143.914,0.39,0.4,0.6,0.61,0.01,0.01,75842.04,1776813742000
1776813744.306,144.306,0.39,0.4,0.6,0.61,0.01,0.01,75842.29,1776813743000
1776813744.784,144.784,0.39,0.4,0.6,0.61,0.01,0.01,75842.29,1776813743000
1776813745.279,145.279,0.39,0.4,0.6,0.61,0.01,0.01,75842.29,1776813743000
1776813745.741,145.741,0.39,0.4,0.6,0.61,0.01,0.01,75842.63,1776813744000
1776813746.361,146.361,0.39,0.4,0.6,0.61,0.01,0.01,75842.63,1776813744000
1776813747.018,147.018,0.39,0.4,0.6,0.61,0.01,0.01,75842.63,1776813745000
1776813747.44,147.44,0.39,0.41,0.6,0.61,0.02,0.01,75842.63,1776813745000
1776813747.841,147.841,0.4,0.41,0.59,0.61,0.01,0.02,75842.63,1776813746000
1776813748.195,148.195,0.4,0.41,0.59,0.6,0.01,0.01,75842.63,1776813746000
1776813748.599,148.599,0.46,0.51,0.49,0.54,0.05,0.05,75842.63,1776813746000
1776813748.988,148.988,0.48,0.49,0.51,0.52,0.01,0.01,75842.64,1776813747000
1776813749.353,149.353,0.48,0.49,0.51,0.52,0.01,0.01,75844.97,1776813748000
1776813749.695,149.695,0.48,0.49,0.51,0.52,0.01,0.01,75844.97,1776813748000
1776813750.222,150.222,0.48,0.49,0.51,0.52,0.01,0.01,75844.97,1776813748000
1776813750.654,150.654,0.48,0.49,0.51,0.52,0.01,0.01,75844.97,1776813748000
1776813751.196,151.196,0.49,0.5,0.5,0.51,0.01,0.01,75851.18,1776813749000
1776813751.534,151.534,0.49,0.5,0.5,0.51,0.01,0.01,75851.26,1776813750000
1776813751.93,151.93,0.5,0.51,0.49,0.51,0.01,0.02,75851.26,1776813750000
1776813752.649,152.649,0.5,0.51,0.49,0.5,0.01,0.01,75851.14,1776813751000
1776813753.003,153.003,0.5,0.51,0.49,0.5,0.01,0.01,75851.14,1776813751000
1776813753.413,153.413,0.5,0.51,0.49,0.5,0.01,0.01,75851.2,1776813752000
1776813753.865,153.865,0.5,0.51,0.49,0.5,0.01,0.01,75851.2,1776813752000
1776813754.232,154.232,0.48,0.51,0.49,0.51,0.03,0.02,75851.2,1776813752000
1776813754.773,154.773,0.47,0.49,0.51,0.53,0.02,0.02,75853.47,1776813753000
1776813755.123,155.123,0.32,0.37,0.63,0.68,0.05,0.05,75853.47,1776813753000
1776813755.467,155.467,0.34,0.35,0.64,0.66,0.01,0.02,75853.47,1776813753000
1776813755.803,155.803,0.31,0.34,0.66,0.69,0.03,0.03,75853.26,1776813754000
1776813756.137,156.137,0.31,0.33,0.67,0.69,0.02,0.02,75853.26,1776813754000
1776813756.509,156.509,0.3,0.31,0.69,0.7,0.01,0.01,75851.6,1776813755000
1776813757.075,157.075,0.3,0.31,0.69,0.7,0.01,0.01,75838.81,1776813756000
1776813757.458,157.458,0.32,0.33,0.67,0.68,0.01,0.01,75838.81,1776813756000
1776813757.796,157.796,0.32,0.34,0.67,0.68,0.02,0.01,75838.81,1776813756000
1776813758.216,158.216,0.33,0.34,0.66,0.67,0.01,0.01,75838.81,1776813756000
1776813758.626,158.626,0.32,0.33,0.66,0.68,0.01,0.02,75838.81,1776813756000
1776813758.967,158.967,0.3,0.31,0.67,0.68,0.01,0.01,75840.22,1776813757000
1776813759.38,159.38,0.25,0.29,0.71,0.75,0.04,0.04,75840.22,1776813757000
1776813759.807,159.807,0.25,0.26,0.73,0.75,0.01,0.02,75839.94,1776813758000
1776813760.141,160.141,0.25,0.26,0.74,0.75,0.01,0.01,75837.65,1776813759000
1776813760.514,160.514,0.25,0.26,0.74,0.75,0.01,0.01,75837.65,1776813759000
1776813760.908,160.908,0.25,0.26,0.74,0.75,0.01,0.01,75837.65,1776813759000
1776813761.279,161.279,0.25,0.26,0.74,0.75,0.01,0.01,75837.65,1776813759000
1776813761.614,161.614,0.25,0.26,0.74,0.75,0.01,0.01,75837.65,1776813759000
1776813761.947,161.947,0.25,0.26,0.74,0.75,0.01,0.01,75835.32,1776813760000
1776813762.346,162.346,0.26,0.27,0.73,0.75,0.01,0.02,75833.46,1776813761000
1776813762.738,162.738,0.26,0.27,0.73,0.74,0.01,0.01,75833.46,1776813761000
1776813763.141,163.141,0.26,0.27,0.73,0.74,0.01,0.01,75833.46,1776813761000
1776813763.48,163.48,0.26,0.27,0.73,0.74,0.01,0.01,75833.46,1776813761000
1776813763.826,163.826,0.26,0.27,0.73,0.74,0.01,0.01,75833.39,1776813762000
1776813764.228,164.228,0.26,0.27,0.73,0.74,0.01,0.01,75833.39,1776813762000
1776813764.759,164.759,0.26,0.27,0.73,0.74,0.01,0.01,75833.35,1776813763000
1776813765.26,165.26,0.26,0.27,0.73,0.74,0.01,0.01,75833.35,1776813763000
1776813765.776,165.776,0.26,0.27,0.73,0.74,0.01,0.01,75833.35,1776813763000
1776813766.341,166.341,0.25,0.26,0.74,0.75,0.01,0.01,75833.85,1776813765000
1776813767.018,167.018,0.25,0.26,0.74,0.75,0.01,0.01,75833.85,1776813765000
1776813767.357,167.357,0.19,0.22,0.78,0.8,0.03,0.02,75833.85,1776813765000
1776813767.711,167.711,0.18,0.19,0.81,0.82,0.01,0.01,75833.63,1776813766000
1776813768.221,168.221,0.18,0.19,0.81,0.82,0.01,0.01,75833.63,1776813766000
1776813768.569,168.569,0.18,0.19,0.81,0.82,0.01,0.01,75833.56,1776813767000
1776813768.919,168.919,0.18,0.19,0.81,0.82,0.01,0.01,75827.62,1776813768000
1776813769.334,169.334,0.18,0.19,0.81,0.82,0.01,0.01,75827.62,1776813768000
1776813769.762,169.762,0.18,0.19,0.8,0.82,0.01,0.02,75827.62,1776813768000
1776813770.173,170.173,0.19,0.2,0.8,0.81,0.01,0.01,75828.34,1776813769000
1776813770.523,170.523,0.19,0.2,0.8,0.81,0.01,0.01,75828.34,1776813769000
1776813770.889,170.889,0.18,0.19,0.81,0.82,0.01,0.01,75828.34,1776813769000
1776813771.353,171.353,0.18,0.19,0.81,0.82,0.01,0.01,75828.34,1776813770000
1776813771.832,171.832,0.18,0.19,0.81,0.82,0.01,0.01,75828.34,1776813770000
1776813772.17,172.17,0.18,0.19,0.81,0.82,0.01,0.01,75828.34,1776813771000
1776813772.602,172.602,0.18,0.19,0.81,0.82,0.01,0.01,75828.34,1776813771000
1776813773.076,173.076,0.18,0.19,0.81,0.82,0.01,0.01,75828.34,1776813771000
1776813773.505,173.505,0.18,0.19,0.81,0.82,0.01,0.01,75828.1,1776813772000
1776813774.131,174.131,0.17,0.2,0.8,0.83,0.03,0.03,75827.74,1776813773000
1776813774.866,174.866,0.17,0.18,0.82,0.83,0.01,0.01,75827.74,1776813773000
1776813775.241,175.241,0.17,0.18,0.82,0.83,0.01,0.01,75827.68,1776813774000
1776813775.596,175.596,0.17,0.18,0.82,0.83,0.01,0.01,75827.68,1776813774000
1776813776.01,176.01,0.18,0.19,0.81,0.82,0.01,0.01,75827.68,1776813774000
1776813776.349,176.349,0.18,0.19,0.81,0.82,0.01,0.01,75827.69,1776813775000
1776813776.685,176.685,0.17,0.18,0.81,0.82,0.01,0.01,75827.69,1776813775000
1776813777.166,177.166,0.17,0.18,0.82,0.83,0.01,0.01,75827.9,1776813776000
1776813777.578,177.578,0.18,0.19,0.81,0.83,0.01,0.02,75827.9,1776813776000
1776813777.936,177.936,0.19,0.2,0.81,0.82,0.01,0.01,75827.9,1776813776000
1776813778.476,178.476,0.2,0.21,0.8,0.81,0.01,0.01,75827.69,1776813777000
1776813778.841,178.841,0.2,0.21,0.79,0.8,0.01,0.01,75827.69,1776813777000
1776813779.277,179.277,0.21,0.22,0.78,0.79,0.01,0.01,75827.69,1776813778000
1776813779.803,179.803,0.21,0.22,0.78,0.79,0.01,0.01,75827.69,1776813778000
1776813780.152,180.152,0.23,0.25,0.75,0.78,0.02,0.03,75827.69,1776813778000
1776813780.494,180.494,0.23,0.24,0.76,0.77,0.01,0.01,75822.2,1776813779000
1776813780.951,180.951,0.23,0.24,0.76,0.77,0.01,0.01,75822.2,1776813779000
1776813781.293,181.293,0.19,0.24,0.76,0.78,0.05,0.02,75822.2,1776813779000
1776813781.767,181.767,0.19,0.2,0.8,0.81,0.01,0.01,75824.12,1776813780000
1776813782.113,182.113,0.16,0.18,0.82,0.84,0.02,0.02,75824.12,1776813780000
1776813782.461,182.461,0.16,0.17,0.83,0.84,0.01,0.01,75827.38,1776813781000
1776813782.873,182.873,0.16,0.17,0.83,0.84,0.01,0.01,75827.38,1776813781000
1776813783.397,183.397,0.16,0.17,0.83,0.84,0.01,0.01,75827.38,1776813782000
1776813783.74,183.74,0.16,0.17,0.83,0.84,0.01,0.01,75827.38,1776813782000
1776813784.15,184.15,0.16,0.17,0.83,0.84,0.01,0.01,75827.38,1776813782000
1776813784.658,184.658,0.15,0.16,0.84,0.85,0.01,0.01,75820.15,1776813783000
1776813785.041,185.041,0.14,0.15,0.84,0.86,0.01,0.02,75821.03,1776813784000
1776813785.464,185.464,0.14,0.15,0.85,0.86,0.01,0.01,75821.03,1776813784000
1776813785.814,185.814,0.14,0.15,0.85,0.86,0.01,0.01,75821.03,1776813784000
1776813786.272,186.272,0.14,0.15,0.85,0.86,0.01,0.01,75818.73,1776813785000
1776813786.748,186.748,0.14,0.15,0.85,0.86,0.01,0.01,75818.73,1776813785000
1776813787.209,187.209,0.14,0.15,0.85,0.86,0.01,0.01,75818.73,1776813785000
1776813788.107,188.107,0.14,0.15,0.85,0.86,0.01,0.01,75818.73,1776813786000
1776813788.489,188.489,0.14,0.15,0.85,0.86,0.01,0.01,75819.28,1776813787000
1776813789.061,189.061,0.14,0.15,0.85,0.86,0.01,0.01,75819.28,1776813787000
1776813789.456,189.456,0.14,0.15,0.85,0.86,0.01,0.01,75819.31,1776813788000
1776813789.848,189.848,0.14,0.15,0.85,0.86,0.01,0.01,75819.31,1776813788000
1776813790.248,190.248,0.14,0.15,0.85,0.86,0.01,0.01,75819.51,1776813789000
1776813790.608,190.608,0.14,0.15,0.85,0.86,0.01,0.01,75819.51,1776813789000
1776813790.967,190.967,0.14,0.15,0.85,0.86,0.01,0.01,75819.51,1776813789000
1776813791.31,191.31,0.14,0.15,0.85,0.86,0.01,0.01,75819.51,1776813789000
1776813791.673,191.673,0.14,0.15,0.85,0.86,0.01,0.01,75819.51,1776813790000
1776813792.319,192.319,0.15,0.16,0.84,0.86,0.01,0.02,75819.51,1776813790000
1776813792.716,192.716,0.15,0.16,0.84,0.85,0.01,0.01,75819.1,1776813791000
1776813793.161,193.161,0.15,0.16,0.84,0.85,0.01,0.01,75818.96,1776813792000
1776813793.612,193.612,0.15,0.16,0.84,0.85,0.01,0.01,75818.96,1776813792000
1776813794.33,194.33,0.15,0.16,0.84,0.85,0.01,0.01,75818.96,1776813792000
1776813794.691,194.691,0.15,0.16,0.84,0.85,0.01,0.01,75821.21,1776813793000
1776813795.124,195.124,0.15,0.16,0.84,0.85,0.01,0.01,75821.21,1776813793000
1776813795.475,195.475,0.15,0.16,0.84,0.85,0.01,0.01,75821.26,1776813794000
1776813795.826,195.826,0.15,0.16,0.84,0.85,0.01,0.01,75821.26,1776813794000
1776813796.194,196.194,0.15,0.16,0.84,0.85,0.01,0.01,75821.26,1776813794000
1776813796.582,196.582,0.15,0.16,0.84,0.85,0.01,0.01,75821.18,1776813795000
1776813797.231,197.231,0.15,0.16,0.84,0.85,0.01,0.01,75821.18,1776813796000
1776813797.574,197.574,0.2,0.25,0.79,0.8,0.05,0.01,75821.18,1776813796000
1776813797.977,197.977,0.22,0.23,0.77,0.78,0.01,0.01,75821.18,1776813796000
1776813798.522,198.522,0.22,0.23,0.77,0.78,0.01,0.01,75821.82,1776813797000
1776813798.875,198.875,0.2,0.21,0.78,0.8,0.01,0.02,75821.82,1776813797000
1776813799.475,199.475,0.2,0.21,0.79,0.8,0.01,0.01,75826.19,1776813798000
1776813799.859,199.859,0.2,0.21,0.79,0.8,0.01,0.01,75826.19,1776813798000
1776813800.211,200.211,0.14,0.19,0.81,0.85,0.05,0.04,75826.82,1776813799000
1776813800.903,200.903,0.14,0.15,0.85,0.86,0.01,0.01,75826.82,1776813799000
1776813801.242,201.242,0.13,0.14,0.86,0.87,0.01,0.01,75827.75,1776813800000
1776813801.605,201.605,0.11,0.12,0.86,0.89,0.01,0.03,75827.75,1776813800000
1776813802.033,202.033,0.1,0.11,0.88,0.9,0.01,0.02,75827.75,1776813800000
1776813802.412,202.412,0.1,0.11,0.89,0.9,0.01,0.01,75821.64,1776813801000
1776813802.76,202.76,0.1,0.11,0.89,0.9,0.01,0.01,75821.64,1776813801000
1776813803.197,203.197,0.1,0.11,0.89,0.9,0.01,0.01,75821.64,1776813801000
1776813803.589,203.589,0.1,0.12,0.89,0.9,0.02,0.01,75814.06,1776813802000
1776813803.934,203.934,0.13,0.14,0.86,0.87,0.01,0.01,75814.06,1776813802000
1776813804.323,204.323,0.13,0.14,0.86,0.87,0.01,0.01,75814.06,1776813802000
1776813804.68,204.68,0.13,0.14,0.86,0.87,0.01,0.01,75812.22,1776813803000
1776813805.081,205.081,0.14,0.15,0.85,0.86,0.01,0.01,75812.58,1776813804000
1776813805.452,205.452,0.14,0.15,0.85,0.86,0.01,0.01,75812.58,1776813804000
1776813805.932,205.932,0.14,0.15,0.85,0.86,0.01,0.01,75812.58,1776813804000
1776813806.283,206.283,0.14,0.15,0.85,0.86,0.01,0.01,75814.63,1776813805000
1776813806.62,206.62,0.14,0.15,0.85,0.86,0.01,0.01,75814.63,1776813805000
1776813807.038,207.038,0.13,0.14,0.85,0.86,0.01,0.01,75814.63,1776813805000
1776813807.42,207.42,0.13,0.14,0.86,0.87,0.01,0.01,75814.63,1776813805000
1776813807.894,207.894,0.13,0.14,0.86,0.87,0.01,0.01,75816.7,1776813807000
1776813808.28,208.28,0.13,0.14,0.86,0.87,0.01,0.01,75816.7,1776813807000
1776813809.379,209.379,0.13,0.14,0.86,0.87,0.01,0.01,75816.7,1776813807000
1776813809.716,209.716,0.1,0.11,0.89,0.9,0.01,0.01,75812.09,1776813808000
1776813810.128,210.128,0.09,0.1,0.9,0.91,0.01,0.01,75813.55,1776813809000
1776813810.526,210.526,0.09,0.1,0.9,0.91,0.01,0.01,75813.55,1776813809000
1776813810.915,210.915,0.08,0.09,0.91,0.92,0.01,0.01,75813.55,1776813809000
1776813811.282,211.282,0.07,0.09,0.91,0.92,0.02,0.01,75813.55,1776813809000
1776813811.626,211.626,0.07,0.08,0.92,0.93,0.01,0.01,75812.31,1776813810000
1776813811.977,211.977,0.07,0.08,0.92,0.93,0.01,0.01,75812.31,1776813810000
1776813812.315,212.315,0.06,0.08,0.92,0.93,0.02,0.01,75811.45,1776813811000
1776813812.675,212.675,0.06,0.07,0.93,0.94,0.01,0.01,75811.45,1776813811000
1776813813.286,213.286,0.06,0.07,0.93,0.94,0.01,0.01,75811.45,1776813811000
1776813813.683,213.683,0.06,0.07,0.93,0.94,0.01,0.01,75807.74,1776813812000
1776813814.106,214.106,0.06,0.07,0.93,0.94,0.01,0.01,75807.38,1776813813000
1776813814.485,214.485,0.06,0.07,0.93,0.94,0.01,0.01,75807.38,1776813813000
1776813815.053,215.053,0.06,0.07,0.93,0.94,0.01,0.01,75807.38,1776813813000
1776813815.522,215.522,0.06,0.07,0.93,0.94,0.01,0.01,75807.4,1776813814000
1776813815.884,215.884,0.06,0.07,0.93,0.94,0.01,0.01,75807.4,1776813814000
1776813816.437,216.437,0.06,0.07,0.93,0.94,0.01,0.01,75804.57,1776813815000
1776813816.85,216.85,0.06,0.07,0.93,0.94,0.01,0.01,75804.57,1776813815000
1776813817.213,217.213,0.06,0.07,0.93,0.94,0.01,0.01,75803.62,1776813816000
1776813817.744,217.744,0.06,0.07,0.93,0.94,0.01,0.01,75803.62,1776813816000
1776813818.122,218.122,0.06,0.07,0.93,0.94,0.01,0.01,75803.62,1776813816000
1776813818.456,218.456,0.06,0.07,0.93,0.94,0.01,0.01,75803.62,1776813817000
1776813818.868,218.868,0.06,0.07,0.93,0.94,0.01,0.01,75803.62,1776813817000
1776813819.243,219.243,0.06,0.07,0.93,0.94,0.01,0.01,75803.62,1776813817000
1776813819.698,219.698,0.06,0.07,0.93,0.94,0.01,0.01,75803.62,1776813818000
1776813820.047,220.047,0.06,0.07,0.93,0.94,0.01,0.01,75802.05,1776813819000
1776813820.407,220.407,0.05,0.06,0.94,0.95,0.01,0.01,75802.05,1776813819000
1776813820.889,220.889,0.05,0.06,0.94,0.95,0.01,0.01,75802.05,1776813819000
1776813821.243,221.243,0.05,0.06,0.94,0.95,0.01,0.01,75802.03,1776813820000
1776813821.625,221.625,0.05,0.06,0.94,0.95,0.01,0.01,75802.03,1776813820000
1776813821.991,221.991,0.05,0.06,0.94,0.95,0.01,0.01,75802.03,1776813820000
1776813822.348,222.348,0.05,0.06,0.94,0.95,0.01,0.01,75802.03,1776813820000
1776813822.763,222.763,0.05,0.06,0.94,0.95,0.01,0.01,75801.02,1776813821000
1776813823.169,223.169,0.05,0.06,0.94,0.95,0.01,0.01,75801.02,1776813821000
1776813823.605,223.605,0.05,0.06,0.94,0.95,0.01,0.01,75801.01,1776813822000
1776813823.972,223.972,0.05,0.06,0.94,0.95,0.01,0.01,75801.01,1776813822000
1776813824.386,224.386,0.05,0.06,0.94,0.95,0.01,0.01,75801.01,1776813822000
1776813824.749,224.749,0.05,0.06,0.94,0.95,0.01,0.01,75800.54,1776813823000
1776813825.102,225.102,0.05,0.06,0.94,0.95,0.01,0.01,75800.54,1776813823000
1776813825.449,225.449,0.05,0.06,0.94,0.95,0.01,0.01,75800.54,1776813823000
1776813826.002,226.002,0.05,0.06,0.94,0.95,0.01,0.01,75800.55,1776813824000
1776813826.367,226.367,0.05,0.06,0.94,0.95,0.01,0.01,75800.55,1776813825000
1776813827.015,227.015,0.05,0.06,0.94,0.95,0.01,0.01,75802.46,1776813826000
1776813827.402,227.402,0.09,0.1,0.9,0.91,0.01,0.01,75802.46,1776813826000
1776813827.745,227.745,0.09,0.1,0.9,0.91,0.01,0.01,75802.46,1776813826000
1776813828.085,228.085,0.09,0.1,0.9,0.91,0.01,0.01,75802.46,1776813826000
1776813828.478,228.478,0.09,0.1,0.9,0.91,0.01,0.01,75802.46,1776813827000
1776813828.963,228.963,0.09,0.1,0.9,0.91,0.01,0.01,75802.46,1776813827000
1776813829.313,229.313,0.09,0.1,0.9,0.91,0.01,0.01,75810.96,1776813828000
1776813829.882,229.882,0.09,0.1,0.9,0.91,0.01,0.01,75810.96,1776813828000
1776813830.314,230.314,0.09,0.1,0.9,0.91,0.01,0.01,75810.96,1776813828000
1776813830.922,230.922,0.06,0.07,0.93,0.94,0.01,0.01,75810.96,1776813829000
1776813831.419,231.419,0.05,0.06,0.94,0.95,0.01,0.01,75810.96,1776813829000
1776813831.897,231.897,0.05,0.06,0.94,0.95,0.01,0.01,75810.66,1776813830000
1776813832.255,232.255,0.05,0.06,0.94,0.95,0.01,0.01,75810.37,1776813831000
1776813832.987,232.987,0.05,0.06,0.94,0.95,0.01,0.01,75810.37,1776813831000
1776813833.817,233.817,0.05,0.06,0.94,0.95,0.01,0.01,75809.6,1776813832000
1776813834.214,234.214,0.05,0.06,0.94,0.95,0.01,0.01,75809.6,1776813833000
1776813834.709,234.709,0.05,0.06,0.94,0.95,0.01,0.01,75809.6,1776813833000
1776813835.078,235.078,0.05,0.06,0.94,0.95,0.01,0.01,75809.6,1776813833000
1776813835.497,235.497,0.05,0.06,0.94,0.95,0.01,0.01,75810.07,1776813834000
1776813836.396,236.396,0.05,0.06,0.94,0.95,0.01,0.01,75809.5,1776813835000
1776813837.418,237.418,0.05,0.06,0.94,0.95,0.01,0.01,75809.22,1776813836000
1776813837.866,237.866,0.05,0.06,0.94,0.95,0.01,0.01,75809.22,1776813836000
1776813838.346,238.346,0.08,0.1,0.9,0.92,0.02,0.02,75809.22,1776813837000
1776813838.719,238.719,0.08,0.11,0.9,0.92,0.03,0.02,75809.22,1776813837000
1776813839.126,239.126,0.09,0.12,0.89,0.92,0.03,0.03,75809.22,1776813837000
1776813839.611,239.611,0.09,0.12,0.88,0.91,0.03,0.03,75815.99,1776813838000
1776813840.035,240.035,0.12,0.13,0.87,0.88,0.01,0.01,75815.99,1776813838000
1776813840.381,240.381,0.12,0.13,0.87,0.88,0.01,0.01,75815.99,1776813839000
1776813840.792,240.792,0.12,0.13,0.87,0.88,0.01,0.01,75815.99,1776813839000
1776813841.143,241.143,0.12,0.13,0.87,0.88,0.01,0.01,75815.99,1776813839000
1776813841.505,241.505,0.12,0.13,0.87,0.88,0.01,0.01,75818.51,1776813840000
1776813841.838,241.838,0.12,0.13,0.87,0.88,0.01,0.01,75818.51,1776813840000
1776813842.174,242.174,0.12,0.13,0.87,0.88,0.01,0.01,75818.51,1776813840000
1776813842.525,242.525,0.12,0.13,0.87,0.88,0.01,0.01,75821.41,1776813841000
1776813842.892,242.892,0.12,0.13,0.87,0.88,0.01,0.01,75821.41,1776813841000
1776813843.307,243.307,0.17,0.18,0.82,0.84,0.01,0.02,75821.41,1776813841000
1776813843.669,243.669,0.17,0.18,0.82,0.83,0.01,0.01,75821.98,1776813842000
1776813844.023,244.023,0.18,0.19,0.81,0.82,0.01,0.01,75821.98,1776813842000
1776813844.5,244.5,0.19,0.2,0.8,0.81,0.01,0.01,75823.32,1776813843000
1776813844.872,244.872,0.19,0.2,0.8,0.81,0.01,0.01,75823.32,1776813843000
1776813845.212,245.212,0.19,0.2,0.8,0.81,0.01,0.01,75823.32,1776813843000
1776813845.567,245.567,0.19,0.2,0.8,0.81,0.01,0.01,75826.15,1776813844000
1776813845.928,245.928,0.19,0.2,0.8,0.81,0.01,0.01,75826.15,1776813844000
1776813846.263,246.263,0.1,0.15,0.85,0.9,0.05,0.05,75828.18,1776813845000
1776813846.62,246.62,0.07,0.1,0.9,0.93,0.03,0.03,75828.18,1776813845000
1776813846.967,246.967,0.07,0.08,0.92,0.93,0.01,0.01,75828.18,1776813845000
1776813847.324,247.324,0.07,0.08,0.92,0.93,0.01,0.01,75828.63,1776813846000
1776813847.66,247.66,0.07,0.08,0.92,0.93,0.01,0.01,75828.63,1776813846000
1776813848.018,248.018,0.07,0.08,0.92,0.93,0.01,0.01,75828.63,1776813846000
1776813848.472,248.472,0.07,0.08,0.92,0.93,0.01,0.01,75826.29,1776813847000
1776813848.9,248.9,0.07,0.08,0.92,0.93,0.01,0.01,75826.29,1776813847000
1776813849.363,249.363,0.06,0.08,0.92,0.93,0.02,0.01,75823.84,1776813848000
1776813849.872,249.872,0.06,0.07,0.93,0.94,0.01,0.01,75823.84,1776813848000
1776813850.291,250.291,0.06,0.07,0.93,0.94,0.01,0.01,75823.61,1776813849000
1776813850.799,250.799,0.05,0.06,0.94,0.95,0.01,0.01,75823.61,1776813849000
1776813851.602,251.602,0.05,0.06,0.94,0.95,0.01,0.01,75823.1,1776813850000
1776813851.957,251.957,0.05,0.06,0.94,0.95,0.01,0.01,75823.1,1776813850000
1776813852.397,252.397,0.05,0.06,0.94,0.95,0.01,0.01,75822.78,1776813851000
1776813852.732,252.732,0.05,0.06,0.94,0.95,0.01,0.01,75822.78,1776813851000
1776813853.139,253.139,0.05,0.06,0.94,0.95,0.01,0.01,75822.78,1776813851000
1776813853.605,253.605,0.05,0.06,0.94,0.95,0.01,0.01,75822.78,1776813851000
1776813854.082,254.082,0.05,0.06,0.94,0.95,0.01,0.01,75822.58,1776813852000
1776813854.431,254.431,0.05,0.06,0.94,0.95,0.01,0.01,75822.71,1776813853000
1776813854.971,254.971,0.05,0.06,0.94,0.95,0.01,0.01,75822.71,1776813853000
1776813855.367,255.367,0.05,0.06,0.94,0.95,0.01,0.01,75822.72,1776813854000
1776813855.805,255.805,0.05,0.06,0.94,0.95,0.01,0.01,75822.72,1776813854000
1776813856.219,256.219,0.05,0.06,0.94,0.95,0.01,0.01,75822.72,1776813854000
1776813856.694,256.694,0.05,0.06,0.94,0.95,0.01,0.01,75822.02,1776813855000
1776813857.185,257.185,0.05,0.06,0.94,0.95,0.01,0.01,75823.05,1776813856000
1776813857.572,257.572,0.05,0.06,0.94,0.95,0.01,0.01,75823.05,1776813856000
1776813858.14,258.14,0.05,0.06,0.94,0.95,0.01,0.01,75823.05,1776813856000
1776813858.686,258.686,0.05,0.06,0.94,0.95,0.01,0.01,75821.74,1776813857000
1776813859.088,259.088,0.05,0.06,0.94,0.95,0.01,0.01,75821.74,1776813857000
1776813859.486,259.486,0.05,0.06,0.94,0.95,0.01,0.01,75821.36,1776813858000
1776813859.914,259.914,0.05,0.06,0.94,0.95,0.01,0.01,75821.36,1776813858000
1776813860.319,260.319,0.05,0.06,0.94,0.95,0.01,0.01,75821.36,1776813858000
1776813861.202,261.202,0.05,0.06,0.94,0.95,0.01,0.01,75818.58,1776813859000
1776813861.625,261.625,0.05,0.06,0.94,0.95,0.01,0.01,75818.57,1776813860000
1776813862.233,262.233,0.05,0.06,0.94,0.95,0.01,0.01,75818.57,1776813861000
1776813862.627,262.627,0.05,0.06,0.94,0.95,0.01,0.01,75818.57,1776813861000
1776813863.044,263.044,0.05,0.06,0.94,0.95,0.01,0.01,75818.57,1776813861000
1776813863.411,263.411,0.05,0.06,0.94,0.95,0.01,0.01,75818.57,1776813862000
1776813863.782,263.782,0.05,0.06,0.94,0.95,0.01,0.01,75818.57,1776813862000
1776813864.156,264.156,0.05,0.06,0.94,0.95,0.01,0.01,75818.57,1776813863000
1776813864.642,264.642,0.05,0.06,0.94,0.95,0.01,0.01,75818.57,1776813863000
1776813865.091,265.091,0.05,0.06,0.94,0.95,0.01,0.01,75818.57,1776813863000
1776813865.58,265.58,0.04,0.05,0.94,0.96,0.01,0.02,75818.57,1776813864000
1776813866.054,266.054,0.04,0.05,0.95,0.96,0.01,0.01,75818.57,1776813864000
1776813866.391,266.391,0.04,0.05,0.94,0.96,0.01,0.02,75818.58,1776813865000
1776813866.727,266.727,0.05,0.06,0.94,0.95,0.01,0.01,75818.58,1776813865000
1776813867.087,267.087,0.07,0.08,0.92,0.93,0.01,0.01,75818.58,1776813865000
1776813867.483,267.483,0.07,0.08,0.92,0.93,0.01,0.01,75818.58,1776813865000
1776813867.922,267.922,0.07,0.08,0.92,0.93,0.01,0.01,75819.97,1776813866000
1776813868.288,268.288,0.07,0.08,0.92,0.93,0.01,0.01,75821.28,1776813867000
1776813868.697,268.697,0.07,0.08,0.92,0.93,0.01,0.01,75821.28,1776813867000
1776813869.219,269.219,0.08,0.09,0.91,0.92,0.01,0.01,75821.28,1776813867000
1776813869.634,269.634,0.12,0.13,0.87,0.9,0.01,0.03,75821.28,1776813867000
1776813870.018,270.018,0.12,0.13,0.87,0.88,0.01,0.01,75824.79,1776813868000
1776813870.402,270.402,0.12,0.13,0.86,0.88,0.01,0.02,75824.79,1776813869000
1776813870.807,270.807,0.12,0.13,0.87,0.88,0.01,0.01,75824.79,1776813869000
1776813871.144,271.144,0.12,0.13,0.87,0.88,0.01,0.01,75824.79,1776813869000
1776813871.478,271.478,0.16,0.19,0.81,0.84,0.03,0.03,75824.79,1776813869000
1776813871.814,271.814,0.18,0.19,0.81,0.82,0.01,0.01,75830.1,1776813870000
1776813872.156,272.156,0.18,0.19,0.81,0.82,0.01,0.01,75832.95,1776813871000
1776813872.535,272.535,0.18,0.19,0.81,0.82,0.01,0.01,75832.95,1776813871000
1776813872.883,272.883,0.18,0.19,0.81,0.82,0.01,0.01,75832.95,1776813871000
1776813873.222,273.222,0.18,0.19,0.81,0.82,0.01,0.01,75835.9,1776813872000
1776813873.578,273.578,0.18,0.19,0.81,0.82,0.01,0.01,75835.9,1776813872000
1776813873.977,273.977,0.18,0.19,0.81,0.82,0.01,0.01,75835.9,1776813872000
1776813874.354,274.354,0.18,0.19,0.81,0.82,0.01,0.01,75835.91,1776813873000
1776813874.966,274.966,0.18,0.19,0.81,0.82,0.01,0.01,75835.91,1776813873000
1776813875.357,275.357,0.18,0.19,0.81,0.82,0.01,0.01,75835.91,1776813873000
1776813875.994,275.994,0.18,0.19,0.81,0.82,0.01,0.01,75838.3,1776813875000
1776813876.367,276.367,0.18,0.19,0.81,0.82,0.01,0.01,75838.3,1776813875000
1776813876.857,276.857,0.17,0.18,0.82,0.83,0.01,0.01,75838.3,1776813875000
1776813877.323,277.323,0.15,0.16,0.82,0.85,0.01,0.03,75837.24,1776813876000
1776813877.687,277.687,0.13,0.14,0.86,0.87,0.01,0.01,75837.24,1776813876000
1776813878.056,278.056,0.13,0.14,0.86,0.87,0.01,0.01,75837.24,1776813876000
1776813878.731,278.731,0.13,0.14,0.86,0.87,0.01,0.01,75838.43,1776813877000
1776813879.117,279.117,0.11,0.12,0.88,0.89,0.01,0.01,75838.43,1776813877000
1776813879.459,279.459,0.1,0.11,0.89,0.9,0.01,0.01,75837.68,1776813878000
1776813879.836,279.836,0.1,0.11,0.89,0.9,0.01,0.01,75837.68,1776813878000
1776813880.366,280.366,0.1,0.11,0.89,0.9,0.01,0.01,75837.66,1776813879000
1776813880.884,280.884,0.1,0.11,0.89,0.9,0.01,0.01,75837.66,1776813879000
1776813881.232,281.232,0.1,0.11,0.89,0.9,0.01,0.01,75837.66,1776813880000
1776813881.774,281.774,0.1,0.11,0.89,0.9,0.01,0.01,75837.66,1776813880000
1776813882.356,282.356,0.1,0.11,0.89,0.9,0.01,0.01,75837.57,1776813881000
1776813882.757,282.757,0.1,0.11,0.89,0.9,0.01,0.01,75837.57,1776813881000
1776813883.288,283.288,0.1,0.11,0.89,0.9,0.01,0.01,75837.57,1776813881000
1776813883.644,283.644,0.1,0.11,0.89,0.9,0.01,0.01,75838.59,1776813882000
1776813884.018,284.018,0.1,0.11,0.89,0.9,0.01,0.01,75838.59,1776813883000
1776813884.462,284.462,0.07,0.1,0.9,0.91,0.03,0.01,75838.59,1776813883000
1776813884.798,284.798,0.07,0.08,0.92,0.93,0.01,0.01,75838.59,1776813883000
1776813885.163,285.163,0.07,0.08,0.92,0.93,0.01,0.01,75838.76,1776813884000
1776813885.566,285.566,0.06,0.07,0.92,0.93,0.01,0.01,75838.76,1776813884000
1776813885.9,285.9,0.06,0.07,0.93,0.94,0.01,0.01,75838.76,1776813884000
1776813886.338,286.338,0.06,0.07,0.93,0.94,0.01,0.01,75837.1,1776813885000
1776813886.72,286.72,0.1,0.11,0.89,0.9,0.01,0.01,75837.1,1776813885000
1776813887.058,287.058,0.22,0.25,0.75,0.83,0.03,0.08,75837.1,1776813885000
1776813887.394,287.394,0.33,0.34,0.66,0.67,0.01,0.01,75839.06,1776813886000
1776813887.749,287.749,0.34,0.35,0.65,0.66,0.01,0.01,75839.06,1776813886000
1776813888.084,288.084,0.4,0.42,0.58,0.6,0.02,0.02,75839.06,1776813886000
1776813888.438,288.438,0.37,0.38,0.62,0.63,0.01,0.01,75840.08,1776813887000
1776813888.787,288.787,0.36,0.37,0.63,0.64,0.01,0.01,75840.08,1776813887000
1776813889.162,289.162,0.34,0.37,0.63,0.64,0.03,0.01,75843.41,1776813888000
1776813889.521,289.521,0.34,0.35,0.63,0.67,0.01,0.04,75843.41,1776813888000
1776813889.895,289.895,0.27,0.33,0.65,0.69,0.06,0.04,75843.41,1776813888000
1776813890.3,290.3,0.27,0.33,0.67,0.73,0.06,0.06,75847.56,1776813889000
1776813890.755,290.755,0.3,0.31,0.67,0.68,0.01,0.01,75847.56,1776813889000
1776813891.158,291.158,0.26,0.3,0.7,0.71,0.04,0.01,75847.56,1776813889000
1776813891.567,291.567,0.27,0.28,0.72,0.73,0.01,0.01,75847.56,1776813890000
1776813891.966,291.966,0.26,0.27,0.73,0.74,0.01,0.01,75847.56,1776813890000
1776813892.356,292.356,0.25,0.26,0.73,0.74,0.01,0.01,75850.74,1776813891000
1776813892.768,292.768,0.25,0.26,0.74,0.75,0.01,0.01,75850.74,1776813891000
1776813893.115,293.115,0.25,0.26,0.74,0.75,0.01,0.01,75850.74,1776813891000
1776813893.646,293.646,0.21,0.22,0.78,0.79,0.01,0.01,75850.92,1776813892000
1776813894.037,294.037,0.2,0.21,0.79,0.8,0.01,0.01,75850.92,1776813892000
1776813894.42,294.42,0.17,0.18,0.81,0.91,0.01,0.1,75850.92,1776813892000
1776813894.791,294.791,0.17,0.18,0.82,0.83,0.01,0.01,75851.28,1776813893000
1776813895.398,295.398,0.17,0.18,0.82,0.83,0.01,0.01,75851.28,1776813894000
1776813895.735,295.735,0.19,0.2,0.72,0.86,0.01,0.14,75851.28,1776813894000
1776813896.073,296.073,0.22,0.23,0.77,0.78,0.01,0.01,75851.28,1776813894000
1776813896.456,296.456,0.18,0.21,0.79,0.82,0.03,0.03,75851.28,1776813894000
1776813896.801,296.801,0.21,0.22,0.78,0.79,0.01,0.01,75851.28,1776813895000
1776813897.142,297.142,0.16,0.17,0.83,0.84,0.01,0.01,75851.28,1776813895000
1776813897.552,297.552,0.13,0.19,0.8,0.91,0.06,0.11,75851.28,1776813895000
1776813897.894,297.894,0.13,0.14,0.86,0.87,0.01,0.01,75851.63,1776813896000
1776813898.242,298.242,0.02,0.03,0.97,0.98,0.01,0.01,75851.92,1776813897000
1776813898.578,298.578,0.33,0.34,0.66,0.67,0.01,0.01,75851.92,1776813897000
1776813898.924,298.924,0.03,0.01,0.99,0.97,-0.02,-0.02,75851.92,1776813897000
1776813899.266,299.266,0.03,0.01,0.99,0.97,-0.02,-0.02,75851.92,1776813897000
1776813899.639,299.639,0.03,0.01,0.99,0.97,-0.02,-0.02,75849.92,1776813898000
1776813899.974,299.974,0.03,0.01,0.99,0.97,-0.02,-0.02,75849.92,1776813898000
1776813900.383,300.383,0.03,0.01,0.99,0.97,-0.02,-0.02,75849.92,1776813898000
1776813900.722,300.722,0.03,0.01,0.99,0.97,-0.02,-0.02,75845.36,1776813899000
1776813901.147,301.147,0.03,0.01,0.99,0.97,-0.02,-0.02,75839.95,1776813900000
1776813902.475,302.475,0.03,0.01,0.99,0.97,-0.02,-0.02,75839.09,1776813901000

# RESULT,winner=Down,slug=btc-updown-5m-1776813600,ticks=696
