timestamp,elapsed_sec,up_bid,up_ask,down_bid,down_ask,up_spread,down_spread,btc_price,btc_oracle_ts
1776215700.713,0.713,0.43,0.44,0.56,0.57,0.01,0.01,74780.59,1776215699000
1776215701.049,1.049,0.44,0.45,0.55,0.56,0.01,0.01,74780.59,1776215699000
1776215701.473,1.473,0.44,0.45,0.55,0.56,0.01,0.01,74781.24,1776215700000
1776215701.813,1.813,0.44,0.46,0.54,0.56,0.02,0.02,74781.24,1776215700000
1776215702.155,2.155,0.45,0.48,0.53,0.55,0.03,0.02,74781.24,1776215700000
1776215702.509,2.509,0.46,0.49,0.51,0.54,0.03,0.03,74781.02,1776215701000
1776215702.979,2.979,0.47,0.49,0.51,0.53,0.02,0.02,74781.02,1776215701000
1776215703.406,3.406,0.47,0.5,0.5,0.53,0.03,0.03,74781.02,1776215701000
1776215703.745,3.745,0.47,0.5,0.5,0.53,0.03,0.03,74781.02,1776215701000
1776215704.114,4.114,0.47,0.5,0.5,0.53,0.03,0.03,74786.07,1776215702000
1776215704.453,4.453,0.49,0.5,0.5,0.51,0.01,0.01,74786.07,1776215702000
1776215704.881,4.881,0.49,0.57,0.45,0.51,0.08,0.06,74790.77,1776215703000
1776215705.399,5.399,0.47,0.57,0.43,0.53,0.1,0.1,74790.77,1776215703000
1776215705.772,5.772,0.46,0.56,0.51,0.54,0.1,0.03,74790.77,1776215703000
1776215706.135,6.135,0.48,0.5,0.5,0.52,0.02,0.02,74787.91,1776215704000
1776215706.531,6.531,0.47,0.49,0.47,0.55,0.02,0.08,74787.91,1776215704000
1776215706.956,6.956,0.48,0.49,0.51,0.52,0.01,0.01,74787.91,1776215704000
1776215707.521,7.521,0.48,0.49,0.51,0.52,0.01,0.01,74782.04,1776215705000
1776215707.909,7.909,0.46,0.47,0.53,0.54,0.01,0.01,74777.75,1776215706000
1776215708.26,8.26,0.46,0.47,0.53,0.54,0.01,0.01,74776.82,1776215707000
1776215708.605,8.605,0.46,0.47,0.53,0.54,0.01,0.01,74776.82,1776215707000
1776215708.957,8.957,0.46,0.47,0.53,0.54,0.01,0.01,74776.82,1776215707000
1776215709.305,9.305,0.43,0.44,0.56,0.57,0.01,0.01,74773.17,1776215708000
1776215709.689,9.689,0.4,0.41,0.59,0.61,0.01,0.02,74773.17,1776215708000
1776215710.187,10.187,0.4,0.41,0.59,0.6,0.01,0.01,74773.17,1776215708000
1776215710.548,10.548,0.4,0.41,0.59,0.6,0.01,0.01,74773.17,1776215708000
1776215710.96,10.96,0.39,0.4,0.59,0.62,0.01,0.03,74773.37,1776215709000
1776215711.337,11.337,0.39,0.4,0.6,0.61,0.01,0.01,74767.36,1776215710000
1776215711.872,11.872,0.39,0.4,0.6,0.61,0.01,0.01,74767.36,1776215710000
1776215712.391,12.391,0.36,0.4,0.6,0.64,0.04,0.04,74761.85,1776215711000
1776215712.751,12.751,0.37,0.38,0.62,0.63,0.01,0.01,74761.85,1776215711000
1776215713.098,13.098,0.37,0.38,0.62,0.63,0.01,0.01,74761.85,1776215711000
1776215713.614,13.614,0.37,0.38,0.62,0.63,0.01,0.01,74760.79,1776215712000
1776215714.127,14.127,0.37,0.38,0.62,0.63,0.01,0.01,74760.79,1776215712000
1776215714.766,14.766,0.36,0.38,0.62,0.64,0.02,0.02,74756.65,1776215713000
1776215715.123,15.123,0.33,0.37,0.63,0.67,0.04,0.04,74756.65,1776215714000
1776215715.497,15.497,0.35,0.36,0.64,0.65,0.01,0.01,74756.65,1776215714000
1776215715.85,15.85,0.34,0.35,0.65,0.66,0.01,0.01,74756.65,1776215714000
1776215716.194,16.194,0.34,0.35,0.65,0.66,0.01,0.01,74756.65,1776215714000
1776215716.567,16.567,0.34,0.35,0.63,0.66,0.01,0.03,74756.65,1776215714000
1776215716.968,16.968,0.34,0.35,0.65,0.66,0.01,0.01,74751.56,1776215715000
1776215717.464,17.464,0.34,0.35,0.65,0.66,0.01,0.01,74750.52,1776215716000
1776215717.819,17.819,0.34,0.35,0.65,0.66,0.01,0.01,74750.52,1776215716000
1776215718.366,18.366,0.32,0.35,0.65,0.68,0.03,0.03,74748.34,1776215717000
1776215718.763,18.763,0.31,0.35,0.65,0.66,0.04,0.01,74748.34,1776215717000
1776215719.116,19.116,0.31,0.35,0.65,0.69,0.04,0.04,74748.34,1776215717000
1776215719.449,19.449,0.32,0.34,0.66,0.68,0.02,0.02,74748.34,1776215717000
1776215719.783,19.783,0.33,0.34,0.66,0.67,0.01,0.01,74748.34,1776215717000
1776215720.497,20.497,0.31,0.32,0.68,0.69,0.01,0.01,74746.27,1776215718000
1776215720.912,20.912,0.32,0.33,0.67,0.69,0.01,0.02,74743.35,1776215719000
1776215721.263,21.263,0.32,0.33,0.66,0.68,0.01,0.02,74743.35,1776215719000
1776215721.635,21.635,0.32,0.33,0.65,0.68,0.01,0.03,74740.09,1776215720000
1776215721.97,21.97,0.32,0.35,0.65,0.68,0.03,0.03,74740.09,1776215720000
1776215722.334,22.334,0.33,0.35,0.65,0.68,0.02,0.03,74740.0,1776215721000
1776215722.735,22.735,0.35,0.36,0.63,0.65,0.01,0.02,74740.0,1776215721000
1776215723.133,23.133,0.36,0.37,0.63,0.64,0.01,0.01,74740.0,1776215721000
1776215723.487,23.487,0.37,0.38,0.62,0.63,0.01,0.01,74740.0,1776215721000
1776215723.851,23.851,0.38,0.39,0.61,0.62,0.01,0.01,74742.99,1776215722000
1776215724.22,24.22,0.38,0.39,0.61,0.62,0.01,0.01,74742.99,1776215722000
1776215725.142,25.142,0.38,0.39,0.61,0.62,0.01,0.01,74749.79,1776215724000
1776215725.495,25.495,0.38,0.4,0.6,0.62,0.02,0.02,74749.79,1776215724000
1776215725.965,25.965,0.4,0.41,0.59,0.6,0.01,0.01,74749.79,1776215724000
1776215726.329,26.329,0.4,0.41,0.59,0.6,0.01,0.01,74752.25,1776215725000
1776215726.748,26.748,0.4,0.41,0.59,0.61,0.01,0.02,74752.25,1776215725000
1776215727.108,27.108,0.38,0.39,0.61,0.62,0.01,0.01,74757.33,1776215726000
1776215727.458,27.458,0.38,0.39,0.61,0.62,0.01,0.01,74757.33,1776215726000
1776215727.906,27.906,0.37,0.38,0.62,0.63,0.01,0.01,74757.33,1776215726000
1776215728.377,28.377,0.37,0.38,0.62,0.63,0.01,0.01,74758.53,1776215727000
1776215728.788,28.788,0.36,0.37,0.62,0.65,0.01,0.03,74758.53,1776215727000
1776215729.129,29.129,0.36,0.37,0.62,0.64,0.01,0.02,74755.44,1776215728000
1776215729.471,29.471,0.36,0.38,0.63,0.64,0.02,0.01,74755.44,1776215728000
1776215729.825,29.825,0.36,0.38,0.62,0.63,0.02,0.01,74755.44,1776215728000
1776215730.163,30.163,0.36,0.37,0.63,0.64,0.01,0.01,74754.45,1776215729000
1776215730.502,30.502,0.35,0.36,0.64,0.65,0.01,0.01,74754.45,1776215729000
1776215731.0,31.0,0.35,0.36,0.64,0.65,0.01,0.01,74753.17,1776215730000
1776215731.351,31.351,0.35,0.36,0.64,0.65,0.01,0.01,74753.17,1776215730000
1776215731.818,31.818,0.35,0.37,0.64,0.65,0.02,0.01,74753.17,1776215730000
1776215732.373,32.373,0.35,0.37,0.64,0.65,0.02,0.01,74752.69,1776215731000
1776215732.734,32.734,0.35,0.37,0.63,0.65,0.02,0.02,74752.69,1776215731000
1776215733.191,33.191,0.35,0.39,0.62,0.65,0.04,0.03,74752.81,1776215732000
1776215733.64,33.64,0.37,0.38,0.61,0.63,0.01,0.02,74752.81,1776215732000
1776215733.99,33.99,0.38,0.39,0.61,0.62,0.01,0.01,74749.53,1776215733000
1776215734.327,34.327,0.39,0.4,0.6,0.61,0.01,0.01,74749.53,1776215733000
1776215734.684,34.684,0.4,0.41,0.59,0.6,0.01,0.01,74749.53,1776215733000
1776215735.027,35.027,0.4,0.41,0.59,0.6,0.01,0.01,74748.98,1776215734000
1776215735.392,35.392,0.4,0.41,0.59,0.6,0.01,0.01,74748.98,1776215734000
1776215735.733,35.733,0.39,0.4,0.6,0.61,0.01,0.01,74748.98,1776215734000
1776215736.142,36.142,0.39,0.4,0.6,0.61,0.01,0.01,74748.98,1776215734000
1776215736.498,36.498,0.36,0.37,0.63,0.65,0.01,0.02,74748.98,1776215734000
1776215736.854,36.854,0.36,0.37,0.63,0.64,0.01,0.01,74751.15,1776215735000
1776215737.331,37.331,0.33,0.34,0.64,0.68,0.01,0.04,74751.15,1776215735000
1776215737.77,37.77,0.33,0.34,0.66,0.67,0.01,0.01,74751.07,1776215736000
1776215738.804,38.804,0.33,0.34,0.66,0.67,0.01,0.01,74747.59,1776215737000
1776215739.146,39.146,0.33,0.34,0.66,0.67,0.01,0.01,74747.59,1776215737000
1776215739.513,39.513,0.31,0.32,0.67,0.69,0.01,0.02,74742.88,1776215738000
1776215739.868,39.868,0.31,0.32,0.68,0.69,0.01,0.01,74742.88,1776215738000
1776215740.205,40.205,0.31,0.32,0.68,0.69,0.01,0.01,74742.88,1776215738000
1776215740.543,40.543,0.31,0.32,0.68,0.69,0.01,0.01,74738.72,1776215739000
1776215741.019,41.019,0.31,0.32,0.68,0.69,0.01,0.01,74735.25,1776215740000
1776215741.396,41.396,0.31,0.32,0.68,0.69,0.01,0.01,74735.25,1776215740000
1776215741.733,41.733,0.3,0.32,0.68,0.69,0.02,0.01,74735.25,1776215740000
1776215742.155,42.155,0.31,0.32,0.68,0.69,0.01,0.01,74730.1,1776215741000
1776215742.526,42.526,0.3,0.31,0.69,0.7,0.01,0.01,74730.1,1776215741000
1776215743.161,43.161,0.3,0.31,0.69,0.7,0.01,0.01,74730.1,1776215741000
1776215744.28,44.28,0.3,0.31,0.69,0.7,0.01,0.01,74730.1,1776215742000
1776215744.923,44.923,0.32,0.33,0.69,0.7,0.01,0.01,74729.58,1776215743000
1776215745.493,45.493,0.33,0.34,0.65,0.67,0.01,0.02,74733.77,1776215744000
1776215745.837,45.837,0.34,0.35,0.65,0.66,0.01,0.01,74733.77,1776215744000
1776215746.209,46.209,0.37,0.38,0.62,0.64,0.01,0.02,74733.77,1776215744000
1776215746.634,46.634,0.37,0.38,0.62,0.63,0.01,0.01,74742.15,1776215745000
1776215746.999,46.999,0.37,0.38,0.62,0.63,0.01,0.01,74742.15,1776215745000
1776215747.341,47.341,0.35,0.38,0.62,0.63,0.03,0.01,74742.15,1776215745000
1776215747.754,47.754,0.35,0.36,0.63,0.65,0.01,0.02,74743.06,1776215746000
1776215748.186,48.186,0.33,0.34,0.65,0.66,0.01,0.01,74743.77,1776215747000
1776215748.547,48.547,0.31,0.32,0.68,0.69,0.01,0.01,74743.77,1776215747000
1776215749.05,49.05,0.31,0.32,0.68,0.69,0.01,0.01,74743.77,1776215747000
1776215749.448,49.448,0.3,0.31,0.69,0.7,0.01,0.01,74743.67,1776215748000
1776215749.964,49.964,0.29,0.3,0.7,0.71,0.01,0.01,74743.67,1776215748000
1776215750.467,50.467,0.28,0.29,0.7,0.71,0.01,0.01,74738.88,1776215749000
1776215750.801,50.801,0.28,0.29,0.71,0.72,0.01,0.01,74738.88,1776215749000
1776215751.136,51.136,0.28,0.29,0.71,0.72,0.01,0.01,74738.88,1776215749000
1776215751.836,51.836,0.28,0.29,0.71,0.72,0.01,0.01,74738.88,1776215749000
1776215752.392,52.392,0.28,0.29,0.71,0.72,0.01,0.01,74732.0,1776215750000
1776215752.74,52.74,0.29,0.3,0.7,0.71,0.01,0.01,74730.96,1776215751000
1776215753.145,53.145,0.29,0.3,0.7,0.71,0.01,0.01,74728.73,1776215752000
1776215753.788,53.788,0.29,0.3,0.7,0.71,0.01,0.01,74728.73,1776215752000
1776215754.18,54.18,0.29,0.31,0.7,0.71,0.02,0.01,74729.16,1776215753000
1776215754.536,54.536,0.29,0.3,0.7,0.71,0.01,0.01,74729.16,1776215753000
1776215754.938,54.938,0.29,0.3,0.7,0.71,0.01,0.01,74729.16,1776215753000
1776215755.498,55.498,0.29,0.3,0.7,0.71,0.01,0.01,74728.89,1776215754000
1776215755.906,55.906,0.28,0.3,0.7,0.71,0.02,0.01,74728.89,1776215754000
1776215756.366,56.366,0.27,0.28,0.72,0.73,0.01,0.01,74731.49,1776215755000
1776215756.76,56.76,0.27,0.28,0.72,0.73,0.01,0.01,74731.49,1776215755000
1776215757.189,57.189,0.29,0.3,0.7,0.71,0.01,0.01,74728.72,1776215756000
1776215757.927,57.927,0.29,0.3,0.7,0.71,0.01,0.01,74728.05,1776215757000
1776215758.66,58.66,0.31,0.32,0.69,0.71,0.01,0.02,74728.05,1776215757000
1776215759.011,59.011,0.31,0.32,0.68,0.69,0.01,0.01,74728.05,1776215757000
1776215759.446,59.446,0.3,0.31,0.68,0.7,0.01,0.02,74728.05,1776215757000
1776215759.97,59.97,0.3,0.31,0.69,0.7,0.01,0.01,74729.68,1776215758000
1776215760.338,60.338,0.3,0.31,0.69,0.7,0.01,0.01,74729.73,1776215759000
1776215760.695,60.695,0.3,0.31,0.69,0.7,0.01,0.01,74729.73,1776215759000
1776215761.037,61.037,0.29,0.3,0.7,0.71,0.01,0.01,74729.73,1776215759000
1776215761.376,61.376,0.29,0.3,0.7,0.71,0.01,0.01,74729.79,1776215760000
1776215761.712,61.712,0.28,0.29,0.71,0.72,0.01,0.01,74729.79,1776215760000
1776215762.047,62.047,0.28,0.29,0.71,0.72,0.01,0.01,74729.79,1776215760000
1776215762.388,62.388,0.27,0.28,0.71,0.73,0.01,0.02,74729.79,1776215760000
1776215762.724,62.724,0.26,0.28,0.72,0.73,0.02,0.01,74729.49,1776215761000
1776215763.141,63.141,0.27,0.28,0.72,0.73,0.01,0.01,74729.54,1776215762000
1776215763.615,63.615,0.26,0.27,0.73,0.74,0.01,0.01,74729.54,1776215762000
1776215764.092,64.092,0.26,0.27,0.73,0.74,0.01,0.01,74729.54,1776215762000
1776215764.492,64.492,0.26,0.27,0.73,0.74,0.01,0.01,74729.54,1776215763000
1776215764.825,64.825,0.26,0.27,0.73,0.74,0.01,0.01,74729.54,1776215763000
1776215765.31,65.31,0.26,0.27,0.73,0.74,0.01,0.01,74729.24,1776215764000
1776215765.667,65.667,0.26,0.27,0.73,0.74,0.01,0.01,74729.24,1776215764000
1776215766.072,66.072,0.26,0.27,0.72,0.74,0.01,0.02,74729.24,1776215764000
1776215767.088,67.088,0.26,0.27,0.73,0.74,0.01,0.01,74729.24,1776215765000
1776215767.562,67.562,0.26,0.27,0.73,0.74,0.01,0.01,74729.05,1776215766000
1776215768.118,68.118,0.26,0.27,0.73,0.74,0.01,0.01,74729.22,1776215767000
1776215768.549,68.549,0.26,0.27,0.73,0.74,0.01,0.01,74729.22,1776215767000
1776215768.956,68.956,0.26,0.27,0.73,0.74,0.01,0.01,74729.22,1776215768000
1776215769.332,69.332,0.26,0.27,0.73,0.74,0.01,0.01,74729.22,1776215768000
1776215769.669,69.669,0.27,0.32,0.71,0.73,0.05,0.02,74729.22,1776215768000
1776215770.096,70.096,0.35,0.45,0.55,0.65,0.1,0.1,74729.11,1776215769000
1776215770.433,70.433,0.37,0.45,0.55,0.63,0.08,0.08,74729.11,1776215769000
1776215770.789,70.789,0.44,0.45,0.55,0.56,0.01,0.01,74729.11,1776215769000
1776215771.286,71.286,0.44,0.45,0.55,0.56,0.01,0.01,74766.77,1776215770000
1776215771.625,71.625,0.39,0.45,0.55,0.61,0.06,0.06,74766.77,1776215770000
1776215771.96,71.96,0.44,0.45,0.55,0.56,0.01,0.01,74766.77,1776215770000
1776215772.311,72.311,0.44,0.48,0.52,0.58,0.04,0.06,74777.82,1776215771000
1776215772.657,72.657,0.44,0.46,0.55,0.56,0.02,0.01,74777.82,1776215771000
1776215772.994,72.994,0.44,0.45,0.55,0.56,0.01,0.01,74777.51,1776215772000
1776215773.343,73.343,0.41,0.45,0.55,0.57,0.04,0.02,74777.51,1776215772000
1776215773.684,73.684,0.37,0.38,0.62,0.63,0.01,0.01,74777.51,1776215772000
1776215774.37,74.37,0.37,0.4,0.62,0.63,0.03,0.01,74776.56,1776215773000
1776215774.704,74.704,0.37,0.39,0.61,0.63,0.02,0.02,74776.56,1776215773000
1776215775.047,75.047,0.37,0.39,0.61,0.62,0.02,0.01,74770.06,1776215774000
1776215775.399,75.399,0.38,0.39,0.61,0.62,0.01,0.01,74770.06,1776215774000
1776215775.732,75.732,0.42,0.44,0.56,0.58,0.02,0.02,74770.06,1776215774000
1776215776.125,76.125,0.44,0.45,0.55,0.56,0.01,0.01,74764.35,1776215775000
1776215776.669,76.669,0.44,0.45,0.55,0.56,0.01,0.01,74764.35,1776215775000
1776215777.078,77.078,0.44,0.49,0.52,0.56,0.05,0.04,74764.35,1776215775000
1776215777.696,77.696,0.48,0.5,0.5,0.52,0.02,0.02,74764.48,1776215776000
1776215778.092,78.092,0.48,0.5,0.5,0.52,0.02,0.02,74764.48,1776215776000
1776215778.483,78.483,0.49,0.5,0.5,0.51,0.01,0.01,74769.87,1776215777000
1776215778.928,78.928,0.52,0.53,0.47,0.48,0.01,0.01,74769.87,1776215777000
1776215779.287,79.287,0.53,0.54,0.46,0.47,0.01,0.01,74769.87,1776215777000
1776215779.668,79.668,0.53,0.54,0.46,0.47,0.01,0.01,74769.87,1776215777000
1776215780.205,80.205,0.54,0.55,0.45,0.47,0.01,0.02,74788.36,1776215778000
1776215780.563,80.563,0.54,0.58,0.45,0.46,0.04,0.01,74788.36,1776215778000
1776215780.901,80.901,0.56,0.57,0.43,0.44,0.01,0.01,74788.66,1776215779000
1776215781.276,81.276,0.57,0.58,0.42,0.43,0.01,0.01,74788.9,1776215780000
1776215781.641,81.641,0.57,0.58,0.42,0.43,0.01,0.01,74788.9,1776215780000
1776215782.075,82.075,0.57,0.58,0.42,0.43,0.01,0.01,74788.9,1776215780000
1776215782.432,82.432,0.57,0.59,0.42,0.43,0.02,0.01,74789.11,1776215781000
1776215782.978,82.978,0.58,0.59,0.41,0.42,0.01,0.01,74789.11,1776215781000
1776215783.38,83.38,0.58,0.6,0.41,0.42,0.02,0.01,74789.14,1776215782000
1776215783.728,83.728,0.59,0.61,0.39,0.41,0.02,0.02,74789.14,1776215782000
1776215784.126,84.126,0.59,0.6,0.4,0.41,0.01,0.01,74789.14,1776215782000
1776215784.725,84.725,0.59,0.6,0.4,0.41,0.01,0.01,74789.34,1776215783000
1776215785.152,85.152,0.58,0.6,0.4,0.42,0.02,0.02,74789.34,1776215783000
1776215785.504,85.504,0.52,0.56,0.4,0.46,0.04,0.06,74789.34,1776215783000
1776215786.042,86.042,0.49,0.5,0.5,0.51,0.01,0.01,74787.36,1776215785000
1776215786.376,86.376,0.47,0.51,0.49,0.53,0.04,0.04,74787.36,1776215785000
1776215786.722,86.722,0.45,0.49,0.5,0.55,0.04,0.05,74787.36,1776215785000
1776215787.091,87.091,0.48,0.49,0.51,0.54,0.01,0.03,74776.83,1776215786000
1776215787.444,87.444,0.46,0.49,0.51,0.53,0.03,0.02,74776.83,1776215786000
1776215787.88,87.88,0.48,0.49,0.51,0.53,0.01,0.02,74776.83,1776215786000
1776215788.219,88.219,0.48,0.49,0.51,0.52,0.01,0.01,74768.76,1776215787000
1776215788.677,88.677,0.47,0.49,0.51,0.52,0.02,0.01,74768.76,1776215787000
1776215789.013,89.013,0.47,0.48,0.52,0.53,0.01,0.01,74768.76,1776215787000
1776215789.441,89.441,0.47,0.48,0.52,0.53,0.01,0.01,74768.76,1776215788000
1776215789.831,89.831,0.47,0.48,0.52,0.53,0.01,0.01,74768.76,1776215788000
1776215790.363,90.363,0.47,0.48,0.52,0.53,0.01,0.01,74768.54,1776215789000
1776215790.773,90.773,0.46,0.47,0.52,0.53,0.01,0.01,74768.54,1776215789000
1776215791.226,91.226,0.46,0.47,0.53,0.54,0.01,0.01,74768.54,1776215790000
1776215792.038,92.038,0.45,0.46,0.54,0.55,0.01,0.01,74769.25,1776215791000
1776215792.419,92.419,0.45,0.46,0.54,0.55,0.01,0.01,74769.25,1776215791000
1776215793.028,93.028,0.45,0.46,0.54,0.55,0.01,0.01,74769.25,1776215791000
1776215793.479,93.479,0.45,0.46,0.54,0.55,0.01,0.01,74769.25,1776215792000
1776215793.934,93.934,0.44,0.45,0.55,0.56,0.01,0.01,74769.25,1776215792000
1776215794.555,94.555,0.44,0.45,0.55,0.56,0.01,0.01,74768.5,1776215793000
1776215794.953,94.953,0.44,0.45,0.55,0.56,0.01,0.01,74766.57,1776215794000
1776215795.82,95.82,0.44,0.45,0.55,0.56,0.01,0.01,74766.57,1776215794000
1776215796.304,96.304,0.44,0.45,0.55,0.56,0.01,0.01,74766.87,1776215795000
1776215796.642,96.642,0.44,0.45,0.55,0.56,0.01,0.01,74766.87,1776215795000
1776215797.145,97.145,0.44,0.45,0.55,0.56,0.01,0.01,74766.87,1776215795000
1776215797.529,97.529,0.44,0.45,0.55,0.56,0.01,0.01,74768.88,1776215796000
1776215798.128,98.128,0.44,0.45,0.55,0.56,0.01,0.01,74768.88,1776215796000
1776215798.681,98.681,0.44,0.45,0.55,0.56,0.01,0.01,74768.67,1776215797000
1776215799.271,99.271,0.44,0.45,0.55,0.56,0.01,0.01,74769.02,1776215798000
1776215799.643,99.643,0.43,0.45,0.55,0.56,0.02,0.01,74769.02,1776215798000
1776215800.154,100.154,0.42,0.43,0.56,0.58,0.01,0.02,74769.02,1776215798000
1776215800.597,100.597,0.42,0.43,0.57,0.58,0.01,0.01,74768.86,1776215799000
1776215801.319,101.319,0.42,0.43,0.57,0.58,0.01,0.01,74768.44,1776215800000
1776215801.86,101.86,0.41,0.42,0.58,0.59,0.01,0.01,74768.44,1776215800000
1776215802.244,102.244,0.39,0.42,0.58,0.61,0.03,0.03,74762.91,1776215801000
1776215802.787,102.787,0.39,0.4,0.6,0.61,0.01,0.01,74762.91,1776215801000
1776215803.221,103.221,0.39,0.4,0.6,0.61,0.01,0.01,74762.91,1776215801000
1776215803.736,103.736,0.39,0.4,0.6,0.61,0.01,0.01,74760.69,1776215802000
1776215804.18,104.18,0.39,0.4,0.6,0.61,0.01,0.01,74760.5,1776215803000
1776215804.559,104.559,0.39,0.4,0.59,0.61,0.01,0.02,74760.5,1776215803000
1776215805.071,105.071,0.39,0.42,0.6,0.61,0.03,0.01,74760.5,1776215803000
1776215805.425,105.425,0.4,0.41,0.59,0.6,0.01,0.01,74760.5,1776215803000
1776215805.835,105.835,0.41,0.42,0.58,0.6,0.01,0.02,74760.45,1776215804000
1776215806.373,106.373,0.41,0.42,0.58,0.59,0.01,0.01,74760.69,1776215805000
1776215806.738,106.738,0.41,0.42,0.58,0.59,0.01,0.01,74760.69,1776215805000
1776215807.282,107.282,0.44,0.47,0.53,0.54,0.03,0.01,74760.69,1776215805000
1776215807.721,107.721,0.46,0.47,0.51,0.54,0.01,0.03,74760.83,1776215806000
1776215808.339,108.339,0.47,0.48,0.5,0.53,0.01,0.03,74761.52,1776215807000
1776215809.023,109.023,0.47,0.48,0.52,0.53,0.01,0.01,74761.52,1776215807000
1776215809.39,109.39,0.47,0.48,0.52,0.53,0.01,0.01,74768.45,1776215808000
1776215809.831,109.831,0.47,0.48,0.52,0.53,0.01,0.01,74768.45,1776215808000
1776215810.194,110.194,0.47,0.48,0.52,0.53,0.01,0.01,74768.45,1776215808000
1776215811.16,111.16,0.47,0.48,0.52,0.53,0.01,0.01,74768.45,1776215808000
1776215811.663,111.663,0.47,0.48,0.52,0.53,0.01,0.01,74768.45,1776215808000
1776215812.066,112.066,0.48,0.49,0.51,0.53,0.01,0.02,74768.45,1776215808000
1776215812.921,112.921,0.47,0.49,0.51,0.52,0.02,0.01,74771.38,1776215811000
1776215813.517,113.517,0.47,0.48,0.51,0.53,0.01,0.02,74771.39,1776215812000
1776215813.963,113.963,0.47,0.48,0.52,0.53,0.01,0.01,74771.39,1776215812000
1776215815.024,115.024,0.47,0.48,0.52,0.53,0.01,0.01,74770.11,1776215813000
1776215815.392,115.392,0.47,0.48,0.52,0.53,0.01,0.01,74765.34,1776215814000
1776215815.785,115.785,0.43,0.47,0.52,0.54,0.04,0.02,74765.34,1776215814000
1776215816.448,116.448,0.43,0.44,0.56,0.57,0.01,0.01,74761.9,1776215815000
1776215817.049,117.049,0.43,0.44,0.56,0.57,0.01,0.01,74759.89,1776215816000
1776215817.383,117.383,0.41,0.44,0.56,0.59,0.03,0.03,74759.89,1776215816000
1776215817.731,117.731,0.38,0.4,0.6,0.62,0.02,0.02,74759.89,1776215816000
1776215818.176,118.176,0.36,0.38,0.62,0.64,0.02,0.02,74754.44,1776215817000
1776215818.519,118.519,0.36,0.37,0.63,0.64,0.01,0.01,74754.44,1776215817000
1776215818.916,118.916,0.35,0.36,0.64,0.65,0.01,0.01,74754.44,1776215817000
1776215819.297,119.297,0.33,0.34,0.64,0.65,0.01,0.01,74754.44,1776215817000
1776215819.697,119.697,0.32,0.33,0.66,0.69,0.01,0.03,74738.17,1776215818000
1776215820.048,120.048,0.32,0.33,0.67,0.68,0.01,0.01,74738.17,1776215818000
1776215820.4,120.4,0.32,0.33,0.67,0.68,0.01,0.01,74738.17,1776215818000
1776215820.765,120.765,0.32,0.33,0.67,0.68,0.01,0.01,74736.45,1776215819000
1776215821.166,121.166,0.32,0.33,0.67,0.68,0.01,0.01,74736.45,1776215820000
1776215821.52,121.52,0.32,0.33,0.67,0.68,0.01,0.01,74736.45,1776215820000
1776215821.903,121.903,0.32,0.33,0.67,0.68,0.01,0.01,74736.45,1776215820000
1776215822.296,122.296,0.32,0.33,0.67,0.68,0.01,0.01,74738.35,1776215821000
1776215822.726,122.726,0.32,0.33,0.67,0.68,0.01,0.01,74738.35,1776215821000
1776215823.102,123.102,0.32,0.33,0.67,0.68,0.01,0.01,74738.35,1776215821000
1776215823.48,123.48,0.32,0.33,0.67,0.68,0.01,0.01,74744.13,1776215822000
1776215824.013,124.013,0.31,0.32,0.68,0.69,0.01,0.01,74744.13,1776215822000
1776215824.385,124.385,0.31,0.32,0.68,0.69,0.01,0.01,74745.21,1776215823000
1776215824.839,124.839,0.31,0.32,0.68,0.7,0.01,0.02,74745.21,1776215823000
1776215825.469,125.469,0.31,0.32,0.68,0.69,0.01,0.01,74745.27,1776215824000
1776215825.844,125.844,0.31,0.32,0.68,0.69,0.01,0.01,74745.27,1776215824000
1776215826.239,126.239,0.31,0.32,0.68,0.69,0.01,0.01,74745.27,1776215825000
1776215826.585,126.585,0.3,0.31,0.69,0.7,0.01,0.01,74745.27,1776215825000
1776215826.985,126.985,0.29,0.3,0.69,0.71,0.01,0.02,74745.27,1776215825000
1776215827.409,127.409,0.29,0.3,0.7,0.71,0.01,0.01,74746.02,1776215826000
1776215827.757,127.757,0.27,0.28,0.71,0.73,0.01,0.02,74746.02,1776215826000
1776215828.415,128.415,0.27,0.28,0.72,0.73,0.01,0.01,74743.11,1776215827000
1776215829.033,129.033,0.26,0.28,0.72,0.74,0.02,0.02,74741.6,1776215828000
1776215829.519,129.519,0.26,0.27,0.73,0.74,0.01,0.01,74741.6,1776215828000
1776215830.066,130.066,0.26,0.27,0.73,0.74,0.01,0.01,74738.69,1776215829000
1776215830.614,130.614,0.26,0.27,0.73,0.74,0.01,0.01,74738.69,1776215829000
1776215830.985,130.985,0.26,0.28,0.73,0.74,0.02,0.01,74738.69,1776215829000
1776215831.388,131.388,0.28,0.29,0.71,0.73,0.01,0.02,74736.54,1776215830000
1776215831.75,131.75,0.28,0.3,0.71,0.72,0.02,0.01,74736.54,1776215830000
1776215832.107,132.107,0.34,0.35,0.65,0.66,0.01,0.01,74736.08,1776215831000
1776215832.445,132.445,0.34,0.35,0.65,0.66,0.01,0.01,74736.08,1776215831000
1776215832.805,132.805,0.34,0.35,0.65,0.66,0.01,0.01,74736.08,1776215831000
1776215833.182,133.182,0.34,0.35,0.65,0.66,0.01,0.01,74738.24,1776215832000
1776215833.55,133.55,0.34,0.35,0.65,0.66,0.01,0.01,74738.24,1776215832000
1776215834.012,134.012,0.34,0.35,0.65,0.66,0.01,0.01,74748.62,1776215833000
1776215834.702,134.702,0.35,0.36,0.65,0.66,0.01,0.01,74748.62,1776215833000
1776215835.061,135.061,0.35,0.36,0.64,0.65,0.01,0.01,74751.86,1776215834000
1776215835.539,135.539,0.35,0.36,0.64,0.65,0.01,0.01,74751.86,1776215834000
1776215835.948,135.948,0.35,0.36,0.64,0.65,0.01,0.01,74751.86,1776215834000
1776215836.74,136.74,0.35,0.36,0.64,0.65,0.01,0.01,74751.66,1776215835000
1776215837.246,137.246,0.35,0.36,0.64,0.65,0.01,0.01,74751.66,1776215835000
1776215837.651,137.651,0.35,0.36,0.64,0.65,0.01,0.01,74752.53,1776215836000
1776215838.029,138.029,0.35,0.36,0.64,0.65,0.01,0.01,74752.53,1776215836000
1776215838.971,138.971,0.35,0.36,0.64,0.65,0.01,0.01,74752.03,1776215837000
1776215839.415,139.415,0.35,0.36,0.64,0.65,0.01,0.01,74752.03,1776215837000
1776215839.775,139.775,0.35,0.36,0.64,0.65,0.01,0.01,74750.74,1776215838000
1776215840.428,140.428,0.34,0.36,0.64,0.65,0.02,0.01,74750.74,1776215838000
1776215840.963,140.963,0.3,0.31,0.69,0.7,0.01,0.01,74751.48,1776215839000
1776215841.384,141.384,0.3,0.31,0.69,0.7,0.01,0.01,74751.48,1776215839000
1776215842.021,142.021,0.3,0.31,0.69,0.7,0.01,0.01,74749.87,1776215841000
1776215842.46,142.46,0.3,0.31,0.69,0.7,0.01,0.01,74749.87,1776215841000
1776215843.014,143.014,0.3,0.31,0.69,0.7,0.01,0.01,74749.87,1776215841000
1776215843.506,143.506,0.3,0.31,0.69,0.7,0.01,0.01,74743.99,1776215842000
1776215843.845,143.845,0.3,0.31,0.69,0.7,0.01,0.01,74743.99,1776215842000
1776215844.245,144.245,0.29,0.31,0.69,0.71,0.02,0.02,74743.99,1776215842000
1776215844.601,144.601,0.29,0.3,0.7,0.71,0.01,0.01,74741.38,1776215843000
1776215844.979,144.979,0.29,0.3,0.7,0.71,0.01,0.01,74741.38,1776215843000
1776215845.339,145.339,0.29,0.3,0.7,0.71,0.01,0.01,74740.85,1776215844000
1776215845.694,145.694,0.29,0.3,0.7,0.71,0.01,0.01,74740.85,1776215844000
1776215846.246,146.246,0.29,0.3,0.7,0.71,0.01,0.01,74740.85,1776215844000
1776215846.876,146.876,0.29,0.3,0.7,0.72,0.01,0.02,74739.83,1776215845000
1776215847.242,147.242,0.28,0.29,0.71,0.72,0.01,0.01,74739.83,1776215845000
1776215847.631,147.631,0.28,0.29,0.71,0.72,0.01,0.01,74738.75,1776215846000
1776215848.018,148.018,0.28,0.29,0.71,0.72,0.01,0.01,74737.13,1776215847000
1776215848.364,148.364,0.28,0.29,0.71,0.72,0.01,0.01,74737.13,1776215847000
1776215848.773,148.773,0.28,0.29,0.71,0.73,0.01,0.02,74737.13,1776215847000
1776215849.119,149.119,0.28,0.29,0.71,0.72,0.01,0.01,74738.1,1776215848000
1776215849.453,149.453,0.29,0.31,0.7,0.71,0.02,0.01,74738.1,1776215848000
1776215849.811,149.811,0.3,0.31,0.69,0.7,0.01,0.01,74738.1,1776215848000
1776215850.185,150.185,0.3,0.31,0.69,0.7,0.01,0.01,74736.23,1776215849000
1776215850.546,150.546,0.3,0.31,0.69,0.7,0.01,0.01,74736.23,1776215849000
1776215850.958,150.958,0.3,0.31,0.69,0.7,0.01,0.01,74736.23,1776215849000
1776215851.334,151.334,0.3,0.31,0.69,0.7,0.01,0.01,74735.93,1776215850000
1776215851.831,151.831,0.3,0.31,0.69,0.7,0.01,0.01,74735.93,1776215850000
1776215852.227,152.227,0.3,0.31,0.69,0.7,0.01,0.01,74735.91,1776215851000
1776215852.566,152.566,0.3,0.31,0.69,0.7,0.01,0.01,74735.91,1776215851000
1776215853.249,153.249,0.31,0.32,0.68,0.69,0.01,0.01,74735.91,1776215851000
1776215853.683,153.683,0.31,0.32,0.68,0.69,0.01,0.01,74735.91,1776215851000
1776215854.042,154.042,0.31,0.32,0.68,0.69,0.01,0.01,74736.05,1776215852000
1776215854.822,154.822,0.29,0.32,0.68,0.71,0.03,0.03,74736.05,1776215853000
1776215855.266,155.266,0.29,0.3,0.7,0.71,0.01,0.01,74736.05,1776215853000
1776215855.633,155.633,0.29,0.3,0.7,0.71,0.01,0.01,74736.43,1776215854000
1776215856.243,156.243,0.29,0.3,0.7,0.71,0.01,0.01,74736.43,1776215855000
1776215857.22,157.22,0.29,0.3,0.7,0.71,0.01,0.01,74736.43,1776215855000
1776215858.048,158.048,0.3,0.31,0.69,0.71,0.01,0.02,74734.82,1776215856000
1776215858.601,158.601,0.3,0.31,0.69,0.7,0.01,0.01,74734.8,1776215857000
1776215859.377,159.377,0.3,0.31,0.69,0.7,0.01,0.01,74740.82,1776215858000
1776215859.998,159.998,0.3,0.31,0.69,0.7,0.01,0.01,74741.33,1776215859000
1776215860.559,160.559,0.3,0.31,0.69,0.7,0.01,0.01,74741.33,1776215859000
1776215860.939,160.939,0.3,0.31,0.69,0.7,0.01,0.01,74741.33,1776215859000
1776215861.65,161.65,0.3,0.31,0.69,0.7,0.01,0.01,74737.34,1776215860000
1776215862.085,162.085,0.29,0.31,0.69,0.7,0.02,0.01,74737.34,1776215860000
1776215862.52,162.52,0.29,0.3,0.7,0.71,0.01,0.01,74737,1776215861000
1776215862.885,162.885,0.29,0.3,0.7,0.71,0.01,0.01,74737,1776215861000
1776215863.283,163.283,0.29,0.3,0.7,0.71,0.01,0.01,74736.63,1776215862000
1776215863.631,163.631,0.28,0.3,0.7,0.71,0.02,0.01,74736.63,1776215862000
1776215864.2,164.2,0.28,0.29,0.71,0.72,0.01,0.01,74736.63,1776215862000
1776215864.872,164.872,0.28,0.29,0.71,0.72,0.01,0.01,74736.71,1776215863000
1776215865.62,165.62,0.28,0.29,0.71,0.72,0.01,0.01,74736.71,1776215864000
1776215865.961,165.961,0.28,0.29,0.71,0.72,0.01,0.01,74736.71,1776215864000
1776215866.484,166.484,0.28,0.29,0.71,0.72,0.01,0.01,74736.82,1776215865000
1776215867.079,167.079,0.27,0.28,0.72,0.73,0.01,0.01,74736.82,1776215865000
1776215867.498,167.498,0.27,0.28,0.72,0.73,0.01,0.01,74736.37,1776215866000
1776215867.935,167.935,0.27,0.28,0.72,0.73,0.01,0.01,74736.37,1776215866000
1776215868.53,168.53,0.27,0.28,0.72,0.73,0.01,0.01,74736.37,1776215867000
1776215869.236,169.236,0.27,0.28,0.72,0.73,0.01,0.01,74736.37,1776215867000
1776215869.624,169.624,0.27,0.28,0.72,0.73,0.01,0.01,74736.18,1776215868000
1776215870.023,170.023,0.27,0.28,0.72,0.73,0.01,0.01,74736.18,1776215868000
1776215870.49,170.49,0.27,0.28,0.72,0.73,0.01,0.01,74738.03,1776215869000
1776215870.906,170.906,0.28,0.29,0.71,0.72,0.01,0.01,74738.03,1776215869000
1776215871.328,171.328,0.28,0.29,0.71,0.72,0.01,0.01,74738.22,1776215870000
1776215871.838,171.838,0.28,0.29,0.71,0.72,0.01,0.01,74738.22,1776215870000
1776215872.284,172.284,0.28,0.29,0.71,0.72,0.01,0.01,74738.19,1776215871000
1776215872.931,172.931,0.28,0.29,0.71,0.72,0.01,0.01,74738.19,1776215871000
1776215873.372,173.372,0.28,0.29,0.71,0.72,0.01,0.01,74739.88,1776215872000
1776215873.927,173.927,0.28,0.29,0.71,0.72,0.01,0.01,74739.88,1776215873000
1776215874.336,174.336,0.29,0.3,0.7,0.72,0.01,0.02,74739.88,1776215873000
1776215874.821,174.821,0.29,0.3,0.7,0.71,0.01,0.01,74739.88,1776215873000
1776215875.319,175.319,0.29,0.3,0.7,0.71,0.01,0.01,74740.7,1776215874000
1776215875.93,175.93,0.28,0.3,0.7,0.71,0.02,0.01,74740.7,1776215874000
1776215876.397,176.397,0.27,0.28,0.71,0.74,0.01,0.03,74741.27,1776215875000
1776215876.841,176.841,0.27,0.28,0.72,0.73,0.01,0.01,74741.27,1776215875000
1776215877.189,177.189,0.27,0.28,0.72,0.73,0.01,0.01,74741.27,1776215876000
1776215877.532,177.532,0.26,0.27,0.73,0.74,0.01,0.01,74741.27,1776215876000
1776215877.941,177.941,0.25,0.26,0.73,0.75,0.01,0.02,74741.27,1776215876000
1776215878.286,178.286,0.25,0.26,0.74,0.75,0.01,0.01,74741.27,1776215876000
1776215878.671,178.671,0.24,0.25,0.74,0.76,0.01,0.02,74742.09,1776215877000
1776215879.066,179.066,0.24,0.25,0.75,0.76,0.01,0.01,74742.09,1776215877000
1776215879.703,179.703,0.24,0.25,0.75,0.76,0.01,0.01,74740.57,1776215878000
1776215880.169,180.169,0.23,0.24,0.76,0.77,0.01,0.01,74737.06,1776215879000
1776215880.511,180.511,0.22,0.24,0.76,0.77,0.02,0.01,74737.06,1776215879000
1776215880.847,180.847,0.22,0.23,0.77,0.78,0.01,0.01,74737.06,1776215879000
1776215881.267,181.267,0.22,0.23,0.77,0.78,0.01,0.01,74730.72,1776215880000
1776215881.728,181.728,0.22,0.23,0.77,0.78,0.01,0.01,74730.72,1776215880000
1776215882.086,182.086,0.22,0.23,0.77,0.78,0.01,0.01,74730.84,1776215881000
1776215882.446,182.446,0.22,0.23,0.77,0.78,0.01,0.01,74730.84,1776215881000
1776215882.984,182.984,0.21,0.22,0.77,0.79,0.01,0.02,74730.84,1776215881000
1776215883.352,183.352,0.21,0.22,0.78,0.79,0.01,0.01,74730.84,1776215881000
1776215883.707,183.707,0.21,0.22,0.78,0.79,0.01,0.01,74730.84,1776215881000
1776215884.309,184.309,0.21,0.22,0.78,0.79,0.01,0.01,74730.36,1776215883000
1776215884.693,184.693,0.21,0.22,0.78,0.79,0.01,0.01,74730.36,1776215883000
1776215885.07,185.07,0.21,0.22,0.78,0.79,0.01,0.01,74730.36,1776215883000
1776215885.492,185.492,0.21,0.22,0.78,0.8,0.01,0.02,74729.69,1776215884000
1776215885.863,185.863,0.2,0.21,0.79,0.8,0.01,0.01,74729.69,1776215884000
1776215886.24,186.24,0.2,0.21,0.79,0.8,0.01,0.01,74729.69,1776215884000
1776215886.746,186.746,0.2,0.21,0.79,0.8,0.01,0.01,74729.64,1776215885000
1776215887.093,187.093,0.2,0.21,0.79,0.8,0.01,0.01,74729.64,1776215886000
1776215887.45,187.45,0.21,0.22,0.78,0.8,0.01,0.02,74729.64,1776215886000
1776215887.97,187.97,0.21,0.22,0.78,0.79,0.01,0.01,74729.64,1776215886000
1776215888.322,188.322,0.21,0.22,0.78,0.79,0.01,0.01,74729.64,1776215887000
1776215889.013,189.013,0.21,0.22,0.78,0.79,0.01,0.01,74729.64,1776215887000
1776215889.346,189.346,0.21,0.23,0.77,0.79,0.02,0.02,74729.44,1776215888000
1776215889.722,189.722,0.22,0.23,0.76,0.79,0.01,0.03,74729.44,1776215888000
1776215890.117,190.117,0.23,0.24,0.76,0.77,0.01,0.01,74729.44,1776215889000
1776215890.467,190.467,0.23,0.24,0.76,0.77,0.01,0.01,74729.44,1776215889000
1776215890.869,190.869,0.23,0.24,0.76,0.77,0.01,0.01,74729.44,1776215889000
1776215891.303,191.303,0.23,0.24,0.76,0.77,0.01,0.01,74732.89,1776215890000
1776215891.69,191.69,0.23,0.24,0.76,0.77,0.01,0.01,74732.89,1776215890000
1776215892.432,192.432,0.23,0.24,0.76,0.77,0.01,0.01,74733.23,1776215891000
1776215892.982,192.982,0.23,0.24,0.76,0.77,0.01,0.01,74734.55,1776215892000
1776215893.48,193.48,0.22,0.24,0.76,0.77,0.02,0.01,74734.55,1776215892000
1776215894.204,194.204,0.22,0.23,0.76,0.78,0.01,0.02,74734.55,1776215892000
1776215894.926,194.926,0.22,0.23,0.77,0.78,0.01,0.01,74735.29,1776215893000
1776215895.345,195.345,0.21,0.23,0.77,0.79,0.02,0.02,74735.29,1776215893000
1776215895.683,195.683,0.21,0.22,0.77,0.79,0.01,0.02,74730.84,1776215894000
1776215896.044,196.044,0.21,0.22,0.78,0.79,0.01,0.01,74730.84,1776215895000
1776215896.512,196.512,0.21,0.22,0.78,0.79,0.01,0.01,74730.84,1776215895000
1776215897.025,197.025,0.21,0.22,0.78,0.79,0.01,0.01,74730.84,1776215895000
1776215897.439,197.439,0.21,0.22,0.78,0.79,0.01,0.01,74729.37,1776215896000
1776215898.059,198.059,0.2,0.21,0.78,0.79,0.01,0.01,74729.37,1776215896000
1776215898.424,198.424,0.2,0.21,0.79,0.8,0.01,0.01,74729.62,1776215897000
1776215898.775,198.775,0.21,0.22,0.78,0.79,0.01,0.01,74729.62,1776215897000
1776215899.16,199.16,0.21,0.22,0.78,0.79,0.01,0.01,74729.62,1776215897000
1776215899.502,199.502,0.21,0.22,0.78,0.79,0.01,0.01,74729.62,1776215898000
1776215899.839,199.839,0.21,0.22,0.78,0.79,0.01,0.01,74729.62,1776215898000
1776215900.737,200.737,0.21,0.22,0.78,0.79,0.01,0.01,74729.52,1776215899000
1776215901.198,201.198,0.21,0.22,0.78,0.79,0.01,0.01,74729.52,1776215900000
1776215901.585,201.585,0.21,0.22,0.78,0.79,0.01,0.01,74729.52,1776215900000
1776215902.074,202.074,0.21,0.22,0.78,0.79,0.01,0.01,74729.52,1776215900000
1776215903.13,203.13,0.21,0.22,0.78,0.79,0.01,0.01,74729.25,1776215901000
1776215903.57,203.57,0.21,0.22,0.78,0.79,0.01,0.01,74729.25,1776215901000
1776215904.426,204.426,0.21,0.22,0.78,0.79,0.01,0.01,74729.32,1776215902000
1776215904.76,204.76,0.21,0.22,0.78,0.79,0.01,0.01,74729.32,1776215902000
1776215905.115,205.115,0.21,0.22,0.78,0.79,0.01,0.01,74729.32,1776215903000
1776215905.462,205.462,0.21,0.22,0.78,0.79,0.01,0.01,74728.96,1776215904000
1776215906.021,206.021,0.21,0.22,0.78,0.79,0.01,0.01,74729.28,1776215905000
1776215906.435,206.435,0.21,0.22,0.78,0.79,0.01,0.01,74729.28,1776215905000
1776215906.831,206.831,0.2,0.22,0.78,0.79,0.02,0.01,74729.28,1776215905000
1776215907.227,207.227,0.2,0.21,0.78,0.8,0.01,0.02,74725.81,1776215906000
1776215907.586,207.586,0.2,0.21,0.79,0.8,0.01,0.01,74725.81,1776215906000
1776215908.111,208.111,0.2,0.21,0.79,0.8,0.01,0.01,74725.81,1776215906000
1776215908.782,208.782,0.2,0.21,0.79,0.8,0.01,0.01,74718.27,1776215907000
1776215909.141,209.141,0.2,0.21,0.79,0.8,0.01,0.01,74718.27,1776215907000
1776215909.698,209.698,0.2,0.21,0.79,0.8,0.01,0.01,74716.05,1776215908000
1776215910.051,210.051,0.2,0.21,0.79,0.8,0.01,0.01,74716.05,1776215908000
1776215910.463,210.463,0.2,0.21,0.79,0.8,0.01,0.01,74718.24,1776215909000
1776215910.823,210.823,0.19,0.2,0.8,0.81,0.01,0.01,74718.24,1776215909000
1776215911.185,211.185,0.19,0.2,0.8,0.81,0.01,0.01,74718.24,1776215909000
1776215911.73,211.73,0.18,0.19,0.8,0.83,0.01,0.03,74716.53,1776215910000
1776215912.095,212.095,0.18,0.19,0.81,0.82,0.01,0.01,74716.52,1776215911000
1776215912.553,212.553,0.17,0.19,0.81,0.83,0.02,0.02,74716.52,1776215911000
1776215913.07,213.07,0.17,0.18,0.82,0.83,0.01,0.01,74716.53,1776215912000
1776215913.891,213.891,0.17,0.2,0.82,0.83,0.03,0.01,74716.53,1776215912000
1776215914.237,214.237,0.17,0.18,0.82,0.83,0.01,0.01,74716.53,1776215912000
1776215914.585,214.585,0.17,0.18,0.82,0.83,0.01,0.01,74716.53,1776215912000
1776215914.975,214.975,0.17,0.18,0.82,0.83,0.01,0.01,74714.83,1776215913000
1776215916.272,216.272,0.17,0.18,0.82,0.83,0.01,0.01,74712.99,1776215914000
1776215916.843,216.843,0.17,0.18,0.82,0.83,0.01,0.01,74712.99,1776215914000
1776215917.269,217.269,0.16,0.17,0.83,0.85,0.01,0.02,74712.99,1776215916000
1776215917.627,217.627,0.15,0.16,0.84,0.85,0.01,0.01,74712.99,1776215916000
1776215917.98,217.98,0.15,0.16,0.84,0.86,0.01,0.02,74712.99,1776215916000
1776215918.524,218.524,0.13,0.15,0.85,0.88,0.02,0.03,74712.99,1776215916000
1776215918.87,218.87,0.12,0.13,0.86,0.88,0.01,0.02,74708.45,1776215917000
1776215919.236,219.236,0.12,0.13,0.87,0.88,0.01,0.01,74705.88,1776215918000
1776215919.575,219.575,0.11,0.13,0.87,0.88,0.02,0.01,74705.88,1776215918000
1776215919.924,219.924,0.12,0.13,0.87,0.88,0.01,0.01,74705.88,1776215918000
1776215920.276,220.276,0.11,0.13,0.87,0.89,0.02,0.02,74705.88,1776215918000
1776215920.766,220.766,0.12,0.13,0.87,0.88,0.01,0.01,74704.22,1776215919000
1776215921.156,221.156,0.12,0.13,0.87,0.88,0.01,0.01,74704.22,1776215920000
1776215921.509,221.509,0.11,0.12,0.87,0.89,0.01,0.02,74704.22,1776215920000
1776215921.891,221.891,0.11,0.12,0.88,0.89,0.01,0.01,74704.22,1776215920000
1776215922.237,222.237,0.11,0.12,0.88,0.89,0.01,0.01,74704.22,1776215920000
1776215922.676,222.676,0.11,0.12,0.88,0.89,0.01,0.01,74704.1,1776215921000
1776215923.042,223.042,0.11,0.12,0.88,0.89,0.01,0.01,74704.1,1776215921000
1776215923.578,223.578,0.1,0.11,0.88,0.89,0.01,0.01,74704.1,1776215922000
1776215924.027,224.027,0.1,0.11,0.89,0.9,0.01,0.01,74704.1,1776215922000
1776215924.482,224.482,0.1,0.11,0.89,0.9,0.01,0.01,74703.84,1776215923000
1776215924.964,224.964,0.1,0.11,0.89,0.9,0.01,0.01,74703.83,1776215924000
1776215925.49,225.49,0.1,0.11,0.89,0.9,0.01,0.01,74703.83,1776215924000
1776215925.965,225.965,0.1,0.11,0.89,0.9,0.01,0.01,74703.83,1776215924000
1776215926.421,226.421,0.1,0.11,0.89,0.9,0.01,0.01,74704.22,1776215925000
1776215927.487,227.487,0.09,0.11,0.89,0.91,0.02,0.02,74704.08,1776215926000
1776215928.083,228.083,0.09,0.1,0.89,0.91,0.01,0.02,74704.08,1776215926000
1776215928.53,228.53,0.09,0.1,0.9,0.91,0.01,0.01,74704.08,1776215927000
1776215928.894,228.894,0.09,0.1,0.9,0.91,0.01,0.01,74704.08,1776215927000
1776215929.373,229.373,0.09,0.1,0.9,0.91,0.01,0.01,74704.07,1776215928000
1776215929.754,229.754,0.09,0.1,0.9,0.91,0.01,0.01,74704.07,1776215928000
1776215930.331,230.331,0.08,0.1,0.9,0.91,0.02,0.01,74703.97,1776215929000
1776215930.765,230.765,0.08,0.09,0.91,0.92,0.01,0.01,74703.97,1776215929000
1776215931.12,231.12,0.08,0.09,0.91,0.92,0.01,0.01,74703.97,1776215929000
1776215931.553,231.553,0.08,0.09,0.91,0.92,0.01,0.01,74703.77,1776215930000
1776215932.267,232.267,0.08,0.09,0.91,0.92,0.01,0.01,74703.77,1776215930000
1776215932.678,232.678,0.08,0.09,0.91,0.92,0.01,0.01,74703.1,1776215931000
1776215933.544,233.544,0.08,0.09,0.91,0.92,0.01,0.01,74703.1,1776215931000
1776215934.035,234.035,0.08,0.09,0.91,0.92,0.01,0.01,74702.73,1776215933000
1776215934.475,234.475,0.08,0.09,0.91,0.92,0.01,0.01,74702.73,1776215933000
1776215934.898,234.898,0.08,0.09,0.91,0.92,0.01,0.01,74702.73,1776215933000
1776215935.406,235.406,0.08,0.09,0.91,0.92,0.01,0.01,74702.61,1776215934000
1776215935.794,235.794,0.08,0.09,0.91,0.92,0.01,0.01,74702.61,1776215934000
1776215936.205,236.205,0.08,0.09,0.91,0.92,0.01,0.01,74702.79,1776215935000
1776215936.688,236.688,0.08,0.09,0.91,0.92,0.01,0.01,74702.79,1776215935000
1776215937.221,237.221,0.08,0.09,0.91,0.92,0.01,0.01,74702.89,1776215936000
1776215937.623,237.623,0.08,0.09,0.91,0.92,0.01,0.01,74702.89,1776215936000
1776215938.002,238.002,0.08,0.09,0.91,0.92,0.01,0.01,74702.89,1776215936000
1776215938.573,238.573,0.08,0.09,0.91,0.92,0.01,0.01,74702.36,1776215937000
1776215939.04,239.04,0.08,0.09,0.91,0.92,0.01,0.01,74701.72,1776215938000
1776215939.505,239.505,0.08,0.09,0.91,0.92,0.01,0.01,74701.72,1776215938000
1776215939.842,239.842,0.11,0.12,0.88,0.89,0.01,0.01,74701.72,1776215938000
1776215940.214,240.214,0.14,0.15,0.85,0.86,0.01,0.01,74701.72,1776215939000
1776215940.558,240.558,0.15,0.17,0.83,0.85,0.02,0.02,74701.72,1776215939000
1776215940.903,240.903,0.16,0.17,0.83,0.84,0.01,0.01,74701.72,1776215939000
1776215941.27,241.27,0.16,0.17,0.83,0.84,0.01,0.01,74710.24,1776215940000
1776215941.658,241.658,0.16,0.17,0.83,0.84,0.01,0.01,74710.24,1776215940000
1776215942.006,242.006,0.17,0.18,0.82,0.83,0.01,0.01,74710.24,1776215940000
1776215942.585,242.585,0.17,0.18,0.82,0.83,0.01,0.01,74729.07,1776215941000
1776215942.93,242.93,0.16,0.17,0.82,0.84,0.01,0.02,74729.07,1776215941000
1776215943.322,243.322,0.12,0.14,0.86,0.87,0.02,0.01,74732.82,1776215942000
1776215943.84,243.84,0.13,0.14,0.86,0.87,0.01,0.01,74732.82,1776215942000
1776215944.234,244.234,0.13,0.15,0.86,0.87,0.02,0.01,74732.82,1776215942000
1776215944.591,244.591,0.15,0.16,0.85,0.86,0.01,0.01,74730.84,1776215943000
1776215944.924,244.924,0.18,0.19,0.81,0.82,0.01,0.01,74730.84,1776215943000
1776215945.314,245.314,0.18,0.19,0.81,0.82,0.01,0.01,74725.28,1776215944000
1776215945.706,245.706,0.19,0.2,0.8,0.81,0.01,0.01,74725.28,1776215944000
1776215946.104,246.104,0.19,0.2,0.8,0.81,0.01,0.01,74725.28,1776215944000
1776215946.523,246.523,0.18,0.21,0.8,0.81,0.03,0.01,74723.8,1776215945000
1776215947.065,247.065,0.2,0.21,0.79,0.8,0.01,0.01,74723.8,1776215945000
1776215947.403,247.403,0.18,0.21,0.79,0.82,0.03,0.03,74731.08,1776215946000
1776215947.772,247.772,0.18,0.19,0.81,0.82,0.01,0.01,74731.08,1776215946000
1776215948.16,248.16,0.19,0.2,0.8,0.82,0.01,0.02,74734.69,1776215947000
1776215948.528,248.528,0.19,0.2,0.8,0.81,0.01,0.01,74734.69,1776215947000
1776215949.148,249.148,0.18,0.2,0.8,0.82,0.02,0.02,74740.57,1776215948000
1776215949.597,249.597,0.18,0.19,0.81,0.82,0.01,0.01,74740.57,1776215948000
1776215950.074,250.074,0.16,0.19,0.81,0.82,0.03,0.01,74740.57,1776215948000
1776215950.451,250.451,0.15,0.17,0.82,0.84,0.02,0.02,74740.73,1776215949000
1776215950.885,250.885,0.16,0.17,0.83,0.84,0.01,0.01,74740.5,1776215950000
1776215951.389,251.389,0.16,0.17,0.83,0.84,0.01,0.01,74740.5,1776215950000
1776215951.782,251.782,0.16,0.17,0.83,0.84,0.01,0.01,74740.5,1776215950000
1776215952.544,252.544,0.18,0.19,0.81,0.83,0.01,0.02,74740.5,1776215950000
1776215953.055,253.055,0.19,0.22,0.8,0.82,0.03,0.02,74740.36,1776215951000
1776215953.755,253.755,0.22,0.23,0.78,0.79,0.01,0.01,74740.39,1776215952000
1776215954.681,254.681,0.22,0.23,0.77,0.78,0.01,0.01,74740.76,1776215953000
1776215955.09,255.09,0.23,0.25,0.76,0.78,0.02,0.02,74740.76,1776215953000
1776215955.583,255.583,0.24,0.25,0.75,0.76,0.01,0.01,74742.77,1776215954000
1776215955.955,255.955,0.25,0.26,0.74,0.76,0.01,0.02,74742.77,1776215954000
1776215956.387,256.387,0.25,0.26,0.74,0.75,0.01,0.01,74742.77,1776215954000
1776215956.814,256.814,0.25,0.26,0.74,0.75,0.01,0.01,74746.85,1776215955000
1776215957.168,257.168,0.25,0.26,0.74,0.75,0.01,0.01,74746.85,1776215955000
1776215957.527,257.527,0.25,0.26,0.74,0.75,0.01,0.01,74749.02,1776215956000
1776215958.316,258.316,0.24,0.26,0.74,0.75,0.02,0.01,74749.02,1776215956000
1776215958.663,258.663,0.24,0.26,0.74,0.76,0.02,0.02,74752.62,1776215957000
1776215958.997,258.997,0.24,0.25,0.74,0.76,0.01,0.02,74752.62,1776215957000
1776215959.354,259.354,0.23,0.24,0.75,0.77,0.01,0.02,74752.66,1776215958000
1776215959.697,259.697,0.21,0.24,0.76,0.79,0.03,0.03,74752.66,1776215958000
1776215960.097,260.097,0.2,0.21,0.79,0.81,0.01,0.02,74753.44,1776215959000
1776215960.454,260.454,0.21,0.23,0.78,0.8,0.02,0.02,74753.44,1776215959000
1776215960.792,260.792,0.23,0.24,0.76,0.78,0.01,0.02,74753.44,1776215959000
1776215961.132,261.132,0.23,0.24,0.76,0.77,0.01,0.01,74747.75,1776215960000
1776215961.484,261.484,0.22,0.23,0.77,0.79,0.01,0.02,74747.75,1776215960000
1776215961.841,261.841,0.22,0.23,0.77,0.78,0.01,0.01,74747.75,1776215960000
1776215962.187,262.187,0.22,0.23,0.77,0.78,0.01,0.01,74747.75,1776215960000
1776215962.521,262.521,0.22,0.23,0.77,0.78,0.01,0.01,74745.65,1776215961000
1776215962.886,262.886,0.21,0.22,0.78,0.79,0.01,0.01,74745.65,1776215961000
1776215963.227,263.227,0.21,0.22,0.78,0.79,0.01,0.01,74745.46,1776215962000
1776215963.579,263.579,0.22,0.23,0.77,0.78,0.01,0.01,74745.46,1776215962000
1776215963.92,263.92,0.17,0.2,0.81,0.83,0.03,0.02,74745.46,1776215962000
1776215964.317,264.317,0.17,0.21,0.82,0.83,0.04,0.01,74745.46,1776215962000
1776215964.663,264.663,0.18,0.19,0.81,0.82,0.01,0.01,74745.46,1776215963000
1776215965.005,265.005,0.19,0.2,0.8,0.81,0.01,0.01,74741.21,1776215964000
1776215965.345,265.345,0.19,0.2,0.8,0.81,0.01,0.01,74741.21,1776215964000
1776215965.903,265.903,0.19,0.2,0.8,0.81,0.01,0.01,74741.21,1776215964000
1776215966.353,266.353,0.19,0.2,0.8,0.81,0.01,0.01,74734.3,1776215965000
1776215966.699,266.699,0.19,0.2,0.8,0.81,0.01,0.01,74734.3,1776215965000
1776215967.084,267.084,0.19,0.2,0.8,0.81,0.01,0.01,74734.3,1776215965000
1776215967.428,267.428,0.2,0.21,0.79,0.8,0.01,0.01,74739.2,1776215966000
1776215967.791,267.791,0.21,0.22,0.78,0.8,0.01,0.02,74739.2,1776215966000
1776215968.162,268.162,0.21,0.22,0.77,0.79,0.01,0.02,74736.25,1776215967000
1776215968.528,268.528,0.2,0.21,0.78,0.8,0.01,0.02,74736.25,1776215967000
1776215968.862,268.862,0.2,0.21,0.79,0.8,0.01,0.01,74736.25,1776215967000
1776215969.218,269.218,0.2,0.21,0.79,0.8,0.01,0.01,74736.64,1776215968000
1776215969.598,269.598,0.2,0.21,0.79,0.8,0.01,0.01,74736.64,1776215968000
1776215969.939,269.939,0.2,0.21,0.79,0.8,0.01,0.01,74736.64,1776215968000
1776215970.294,270.294,0.21,0.22,0.77,0.79,0.01,0.02,74736.64,1776215968000
1776215970.636,270.636,0.21,0.22,0.78,0.79,0.01,0.01,74737.25,1776215969000
1776215970.982,270.982,0.21,0.22,0.78,0.79,0.01,0.01,74736.34,1776215970000
1776215971.336,271.336,0.21,0.22,0.78,0.79,0.01,0.01,74736.34,1776215970000
1776215971.688,271.688,0.23,0.24,0.76,0.78,0.01,0.02,74736.34,1776215970000
1776215972.035,272.035,0.24,0.25,0.75,0.77,0.01,0.02,74736.34,1776215970000
1776215972.387,272.387,0.24,0.25,0.75,0.76,0.01,0.01,74734.54,1776215971000
1776215972.735,272.735,0.24,0.25,0.75,0.76,0.01,0.01,74734.54,1776215971000
1776215973.081,273.081,0.23,0.25,0.75,0.76,0.02,0.01,74734.54,1776215971000
1776215973.414,273.414,0.24,0.25,0.75,0.76,0.01,0.01,74733.81,1776215972000
1776215973.784,273.784,0.23,0.24,0.76,0.77,0.01,0.01,74733.81,1776215972000
1776215974.12,274.12,0.23,0.24,0.76,0.77,0.01,0.01,74733.81,1776215972000
1776215974.474,274.474,0.24,0.25,0.75,0.76,0.01,0.01,74733.92,1776215973000
1776215974.833,274.833,0.24,0.25,0.75,0.76,0.01,0.01,74733.92,1776215973000
1776215975.171,275.171,0.24,0.25,0.75,0.76,0.01,0.01,74735.05,1776215974000
1776215975.508,275.508,0.24,0.25,0.75,0.76,0.01,0.01,74735.05,1776215974000
1776215975.843,275.843,0.24,0.25,0.75,0.76,0.01,0.01,74735.05,1776215974000
1776215976.211,276.211,0.24,0.25,0.75,0.76,0.01,0.01,74734.65,1776215975000
1776215976.557,276.557,0.24,0.25,0.75,0.76,0.01,0.01,74734.65,1776215975000
1776215976.923,276.923,0.21,0.22,0.78,0.79,0.01,0.01,74734.65,1776215975000
1776215977.262,277.262,0.2,0.21,0.79,0.8,0.01,0.01,74734.65,1776215976000
1776215977.598,277.598,0.2,0.21,0.79,0.8,0.01,0.01,74734.65,1776215976000
1776215977.986,277.986,0.2,0.21,0.79,0.8,0.01,0.01,74734.65,1776215976000
1776215978.377,278.377,0.2,0.21,0.79,0.8,0.01,0.01,74731.27,1776215977000
1776215978.738,278.738,0.2,0.21,0.79,0.8,0.01,0.01,74731.27,1776215977000
1776215979.116,279.116,0.2,0.21,0.79,0.8,0.01,0.01,74731.27,1776215977000
1776215979.524,279.524,0.19,0.2,0.8,0.81,0.01,0.01,74728.77,1776215978000
1776215979.875,279.875,0.19,0.2,0.8,0.81,0.01,0.01,74728.77,1776215978000
1776215980.386,280.386,0.19,0.2,0.79,0.81,0.01,0.02,74728.77,1776215978000
1776215980.75,280.75,0.19,0.2,0.8,0.81,0.01,0.01,74728.77,1776215978000
1776215981.122,281.122,0.19,0.2,0.8,0.81,0.01,0.01,74727.89,1776215979000
1776215981.488,281.488,0.19,0.2,0.8,0.81,0.01,0.01,74727.89,1776215979000
1776215981.824,281.824,0.17,0.18,0.82,0.83,0.01,0.01,74726.92,1776215980000
1776215982.162,282.162,0.17,0.18,0.82,0.83,0.01,0.01,74726.92,1776215980000
1776215982.538,282.538,0.17,0.18,0.82,0.83,0.01,0.01,74726.9,1776215981000
1776215982.894,282.894,0.17,0.18,0.82,0.83,0.01,0.01,74726.9,1776215981000
1776215983.333,283.333,0.17,0.18,0.82,0.83,0.01,0.01,74726.9,1776215981000
1776215983.686,283.686,0.17,0.18,0.82,0.83,0.01,0.01,74726.9,1776215981000
1776215984.068,284.068,0.17,0.18,0.82,0.83,0.01,0.01,74723.92,1776215982000
1776215984.402,284.402,0.16,0.17,0.83,0.84,0.01,0.01,74720.23,1776215983000
1776215984.772,284.772,0.15,0.16,0.84,0.85,0.01,0.01,74720.23,1776215983000
1776215985.146,285.146,0.14,0.15,0.85,0.86,0.01,0.01,74720.19,1776215984000
1776215985.492,285.492,0.14,0.15,0.85,0.86,0.01,0.01,74720.19,1776215984000
1776215985.844,285.844,0.14,0.15,0.85,0.86,0.01,0.01,74720.19,1776215984000
1776215986.18,286.18,0.15,0.16,0.84,0.85,0.01,0.01,74720.19,1776215984000
1776215986.519,286.519,0.15,0.16,0.84,0.85,0.01,0.01,74720.19,1776215984000
1776215986.902,286.902,0.15,0.16,0.84,0.85,0.01,0.01,74720.03,1776215985000
1776215987.248,287.248,0.14,0.15,0.85,0.86,0.01,0.01,74720.03,1776215985000
1776215987.596,287.596,0.13,0.14,0.86,0.87,0.01,0.01,74721.94,1776215986000
1776215987.94,287.94,0.12,0.13,0.86,0.88,0.01,0.02,74721.94,1776215986000
1776215988.324,288.324,0.12,0.13,0.87,0.88,0.01,0.01,74724.45,1776215987000
1776215988.657,288.657,0.13,0.14,0.86,0.87,0.01,0.01,74724.45,1776215987000
1776215988.992,288.992,0.13,0.14,0.86,0.87,0.01,0.01,74724.45,1776215987000
1776215989.347,289.347,0.13,0.14,0.86,0.87,0.01,0.01,74724.45,1776215987000
1776215989.702,289.702,0.13,0.14,0.86,0.87,0.01,0.01,74727.19,1776215988000
1776215990.324,290.324,0.13,0.14,0.86,0.87,0.01,0.01,74727.19,1776215988000
1776215990.671,290.671,0.13,0.14,0.86,0.87,0.01,0.01,74727.19,1776215989000
1776215991.077,291.077,0.13,0.14,0.86,0.87,0.01,0.01,74725.53,1776215990000
1776215991.439,291.439,0.13,0.14,0.86,0.87,0.01,0.01,74725.53,1776215990000
1776215991.782,291.782,0.12,0.14,0.86,0.88,0.02,0.02,74725.53,1776215990000
1776215992.119,292.119,0.12,0.13,0.87,0.88,0.01,0.01,74725.53,1776215990000
1776215992.542,292.542,0.11,0.12,0.87,0.89,0.01,0.02,74722.79,1776215991000
1776215992.878,292.878,0.11,0.12,0.88,0.89,0.01,0.01,74722.79,1776215991000
1776215993.242,293.242,0.11,0.13,0.87,0.89,0.02,0.02,74722.8,1776215992000
1776215993.605,293.605,0.11,0.12,0.87,0.89,0.01,0.02,74722.8,1776215992000
1776215993.939,293.939,0.12,0.13,0.87,0.88,0.01,0.01,74722.8,1776215992000
1776215994.372,294.372,0.12,0.13,0.87,0.88,0.01,0.01,74722.8,1776215992000
1776215994.719,294.719,0.12,0.13,0.87,0.88,0.01,0.01,74722.8,1776215993000
1776215995.06,295.06,0.12,0.13,0.87,0.88,0.01,0.01,74722.8,1776215993000
1776215995.447,295.447,0.11,0.12,0.88,0.89,0.01,0.01,74722.8,1776215994000
1776215995.782,295.782,0.09,0.1,0.9,0.91,0.01,0.01,74722.8,1776215994000
1776215996.137,296.137,0.07,0.08,0.92,0.93,0.01,0.01,74722.8,1776215994000
1776215996.472,296.472,0.07,0.08,0.92,0.93,0.01,0.01,74722.8,1776215994000
1776215996.901,296.901,0.06,0.07,0.93,0.94,0.01,0.01,74726.1,1776215995000
1776215997.238,297.238,0.05,0.06,0.94,0.95,0.01,0.01,74726.1,1776215995000
1776215997.575,297.575,0.03,0.04,0.95,0.97,0.01,0.02,74728.24,1776215996000
1776215997.912,297.912,0.02,0.03,0.97,0.98,0.01,0.01,74728.24,1776215996000
1776215998.252,298.252,0.01,0.02,0.98,0.99,0.01,0.01,74723.08,1776215997000
1776215998.586,298.586,0.01,0.01,0.99,0.99,0.0,0.0,74723.08,1776215997000
1776215998.943,298.943,0.01,0.01,0.99,0.99,0.0,0.0,74723.08,1776215997000
1776215999.286,299.286,0.01,0.01,0.99,0.99,0.0,0.0,74717.29,1776215998000
1776215999.664,299.664,0.01,0.01,0.99,0.99,0.0,0.0,74717.29,1776215998000
1776216000.011,300.011,0.01,0.01,0.99,0.99,0.0,0.0,74717.29,1776215998000
1776216000.346,300.346,0.01,0.01,0.99,0.99,0.0,0.0,74716.4,1776215999000
1776216000.737,300.737,0.01,0.01,0.99,0.99,0.0,0.0,74716.4,1776215999000
1776216001.153,301.153,0.01,0.01,0.99,0.99,0.0,0.0,74717.62,1776216000000
1776216002.114,302.114,0.01,0.01,0.99,0.99,0.0,0.0,74731.24,1776216001000

# RESULT,winner=Down,slug=btc-updown-5m-1776215700,ticks=688
