timestamp,elapsed_sec,up_bid,up_ask,down_bid,down_ask,up_spread,down_spread,btc_price,btc_oracle_ts
1776592200.516,0.516,0.49,0.5,0.5,0.51,0.01,0.01,75025.49,1776592199000
1776592200.85,0.85,0.49,0.5,0.5,0.51,0.01,0.01,75025.49,1776592199000
1776592201.26,1.26,0.49,0.5,0.5,0.51,0.01,0.01,75027.53,1776592200000
1776592201.688,1.688,0.49,0.5,0.5,0.51,0.01,0.01,75027.53,1776592200000
1776592202.082,2.082,0.5,0.52,0.48,0.5,0.02,0.02,75027.53,1776592200000
1776592202.43,2.43,0.53,0.54,0.46,0.47,0.01,0.01,75028.05,1776592201000
1776592203.03,3.03,0.54,0.55,0.45,0.46,0.01,0.01,75028.05,1776592201000
1776592203.439,3.439,0.55,0.56,0.44,0.45,0.01,0.01,75030.74,1776592202000
1776592203.821,3.821,0.55,0.56,0.44,0.45,0.01,0.01,75030.74,1776592202000
1776592204.186,4.186,0.56,0.58,0.43,0.44,0.02,0.01,75030.74,1776592202000
1776592204.619,4.619,0.57,0.58,0.42,0.43,0.01,0.01,75030.99,1776592203000
1776592204.97,4.97,0.57,0.58,0.42,0.43,0.01,0.01,75030.99,1776592203000
1776592205.303,5.303,0.58,0.59,0.41,0.42,0.01,0.01,75034.53,1776592204000
1776592205.641,5.641,0.58,0.59,0.41,0.42,0.01,0.01,75034.53,1776592204000
1776592206.027,6.027,0.59,0.6,0.4,0.41,0.01,0.01,75034.53,1776592204000
1776592206.36,6.36,0.6,0.61,0.39,0.4,0.01,0.01,75034.53,1776592204000
1776592206.731,6.731,0.6,0.63,0.39,0.4,0.03,0.01,75035.79,1776592205000
1776592207.069,7.069,0.62,0.63,0.37,0.39,0.01,0.02,75035.79,1776592205000
1776592207.432,7.432,0.62,0.63,0.37,0.38,0.01,0.01,75035.79,1776592205000
1776592207.823,7.823,0.62,0.63,0.37,0.38,0.01,0.01,75036.17,1776592206000
1776592208.17,8.17,0.62,0.63,0.37,0.38,0.01,0.01,75036.34,1776592207000
1776592208.54,8.54,0.62,0.63,0.37,0.38,0.01,0.01,75036.34,1776592207000
1776592208.894,8.894,0.62,0.63,0.37,0.38,0.01,0.01,75036.34,1776592207000
1776592209.28,9.28,0.62,0.63,0.37,0.38,0.01,0.01,75036.34,1776592207000
1776592209.628,9.628,0.62,0.63,0.37,0.38,0.01,0.01,75036.34,1776592207000
1776592210.123,10.123,0.62,0.63,0.37,0.38,0.01,0.01,75034.22,1776592208000
1776592210.473,10.473,0.62,0.63,0.37,0.38,0.01,0.01,75034.22,1776592208000
1776592210.927,10.927,0.62,0.63,0.37,0.38,0.01,0.01,75034.21,1776592209000
1776592211.269,11.269,0.62,0.63,0.37,0.38,0.01,0.01,75034.21,1776592209000
1776592211.625,11.625,0.62,0.63,0.37,0.38,0.01,0.01,75036.15,1776592210000
1776592212.012,12.012,0.62,0.63,0.37,0.38,0.01,0.01,75036.15,1776592210000
1776592212.351,12.351,0.62,0.63,0.37,0.38,0.01,0.01,75036.09,1776592211000
1776592212.855,12.855,0.62,0.63,0.37,0.38,0.01,0.01,75036.09,1776592211000
1776592213.195,13.195,0.54,0.59,0.41,0.44,0.05,0.03,75036.09,1776592211000
1776592213.543,13.543,0.57,0.58,0.42,0.43,0.01,0.01,75036.09,1776592211000
1776592213.941,13.941,0.56,0.57,0.43,0.44,0.01,0.01,75037.27,1776592212000
1776592214.377,14.377,0.54,0.55,0.45,0.46,0.01,0.01,75037.27,1776592212000
1776592214.746,14.746,0.53,0.54,0.45,0.47,0.01,0.02,75037.46,1776592213000
1776592215.084,15.084,0.53,0.54,0.46,0.47,0.01,0.01,75037.46,1776592213000
1776592215.419,15.419,0.48,0.5,0.5,0.52,0.02,0.02,75034.96,1776592214000
1776592215.813,15.813,0.44,0.45,0.54,0.56,0.01,0.02,75034.96,1776592214000
1776592216.228,16.228,0.44,0.45,0.55,0.56,0.01,0.01,75032.76,1776592215000
1776592216.586,16.586,0.44,0.45,0.55,0.56,0.01,0.01,75032.76,1776592215000
1776592217.031,17.031,0.44,0.45,0.55,0.57,0.01,0.02,75032.76,1776592215000
1776592217.383,17.383,0.44,0.45,0.55,0.56,0.01,0.01,75032.76,1776592215000
1776592217.758,17.758,0.44,0.45,0.55,0.56,0.01,0.01,75021.35,1776592216000
1776592218.155,18.155,0.44,0.45,0.55,0.56,0.01,0.01,75021.35,1776592216000
1776592218.503,18.503,0.44,0.45,0.55,0.56,0.01,0.01,75016.3,1776592217000
1776592218.892,18.892,0.44,0.45,0.55,0.56,0.01,0.01,75016.3,1776592217000
1776592219.227,19.227,0.44,0.45,0.55,0.56,0.01,0.01,75016.3,1776592217000
1776592219.563,19.563,0.44,0.45,0.55,0.56,0.01,0.01,75016.27,1776592218000
1776592219.911,19.911,0.44,0.45,0.55,0.56,0.01,0.01,75016.27,1776592218000
1776592220.251,20.251,0.44,0.45,0.55,0.56,0.01,0.01,75016.27,1776592218000
1776592220.72,20.72,0.44,0.45,0.55,0.56,0.01,0.01,75016.27,1776592218000
1776592221.079,21.079,0.44,0.45,0.55,0.56,0.01,0.01,75016.75,1776592219000
1776592221.488,21.488,0.44,0.45,0.55,0.56,0.01,0.01,75016.75,1776592219000
1776592221.887,21.887,0.44,0.45,0.55,0.56,0.01,0.01,75016.75,1776592220000
1776592222.398,22.398,0.44,0.45,0.55,0.56,0.01,0.01,75016.75,1776592221000
1776592222.837,22.837,0.44,0.45,0.55,0.56,0.01,0.01,75016.75,1776592221000
1776592223.272,23.272,0.44,0.45,0.55,0.56,0.01,0.01,75016.75,1776592221000
1776592223.714,23.714,0.44,0.45,0.55,0.56,0.01,0.01,75016.75,1776592221000
1776592224.122,24.122,0.44,0.45,0.55,0.56,0.01,0.01,75016.87,1776592222000
1776592224.467,24.467,0.44,0.45,0.55,0.56,0.01,0.01,75016.78,1776592223000
1776592224.85,24.85,0.44,0.45,0.55,0.56,0.01,0.01,75016.78,1776592223000
1776592225.22,25.22,0.44,0.45,0.55,0.56,0.01,0.01,75016.77,1776592224000
1776592225.695,25.695,0.43,0.45,0.55,0.56,0.02,0.01,75016.77,1776592224000
1776592226.035,26.035,0.43,0.44,0.55,0.57,0.01,0.02,75016.77,1776592224000
1776592226.374,26.374,0.43,0.44,0.56,0.57,0.01,0.01,75016.77,1776592225000
1776592226.823,26.823,0.43,0.44,0.56,0.57,0.01,0.01,75016.77,1776592225000
1776592227.193,27.193,0.43,0.44,0.56,0.57,0.01,0.01,75016.77,1776592226000
1776592227.559,27.559,0.43,0.44,0.56,0.57,0.01,0.01,75016.77,1776592226000
1776592227.976,27.976,0.43,0.44,0.56,0.57,0.01,0.01,75016.77,1776592226000
1776592228.387,28.387,0.43,0.44,0.56,0.57,0.01,0.01,75016.25,1776592227000
1776592228.824,28.824,0.45,0.46,0.55,0.57,0.01,0.02,75016.25,1776592227000
1776592229.178,29.178,0.45,0.46,0.54,0.55,0.01,0.01,75016.29,1776592228000
1776592229.575,29.575,0.45,0.46,0.5,0.55,0.01,0.05,75016.29,1776592228000
1776592230.114,30.114,0.45,0.46,0.54,0.55,0.01,0.01,75016.29,1776592229000
1776592230.872,30.872,0.45,0.46,0.54,0.55,0.01,0.01,75016.29,1776592229000
1776592231.228,31.228,0.45,0.46,0.54,0.55,0.01,0.01,75016.27,1776592230000
1776592231.862,31.862,0.45,0.46,0.54,0.55,0.01,0.01,75016.27,1776592230000
1776592232.33,32.33,0.45,0.48,0.54,0.55,0.03,0.01,75016.76,1776592231000
1776592232.742,32.742,0.47,0.48,0.52,0.53,0.01,0.01,75016.76,1776592231000
1776592233.175,33.175,0.47,0.48,0.52,0.53,0.01,0.01,75016.76,1776592231000
1776592233.527,33.527,0.47,0.48,0.52,0.53,0.01,0.01,75016.8,1776592232000
1776592233.869,33.869,0.47,0.48,0.52,0.53,0.01,0.01,75016.8,1776592232000
1776592234.627,34.627,0.47,0.48,0.52,0.53,0.01,0.01,75015.35,1776592233000
1776592235.126,35.126,0.47,0.48,0.52,0.53,0.01,0.01,75016.8,1776592234000
1776592235.547,35.547,0.47,0.48,0.52,0.53,0.01,0.01,75016.8,1776592234000
1776592235.966,35.966,0.47,0.48,0.52,0.53,0.01,0.01,75016.8,1776592234000
1776592236.336,36.336,0.47,0.48,0.52,0.53,0.01,0.01,75016.8,1776592235000
1776592236.818,36.818,0.47,0.48,0.52,0.53,0.01,0.01,75016.8,1776592235000
1776592237.187,37.187,0.46,0.48,0.52,0.53,0.02,0.01,75016.8,1776592236000
1776592237.856,37.856,0.46,0.47,0.53,0.54,0.01,0.01,75016.8,1776592236000
1776592238.494,38.494,0.46,0.47,0.53,0.54,0.01,0.01,75016.81,1776592237000
1776592239.211,39.211,0.46,0.48,0.53,0.54,0.02,0.01,75016.81,1776592237000
1776592239.785,39.785,0.47,0.48,0.52,0.53,0.01,0.01,75016.78,1776592238000
1776592240.234,40.234,0.47,0.48,0.52,0.53,0.01,0.01,75016.81,1776592239000
1776592240.684,40.684,0.47,0.48,0.52,0.53,0.01,0.01,75016.81,1776592239000
1776592241.301,41.301,0.47,0.48,0.52,0.53,0.01,0.01,75016.81,1776592239000
1776592241.727,41.727,0.47,0.48,0.52,0.53,0.01,0.01,75018.77,1776592240000
1776592242.068,42.068,0.5,0.52,0.49,0.5,0.02,0.01,75018.81,1776592241000
1776592242.44,42.44,0.5,0.51,0.49,0.5,0.01,0.01,75018.81,1776592241000
1776592242.79,42.79,0.49,0.51,0.49,0.51,0.02,0.02,75018.81,1776592241000
1776592243.215,43.215,0.47,0.48,0.51,0.53,0.01,0.02,75018.87,1776592242000
1776592243.548,43.548,0.47,0.48,0.52,0.53,0.01,0.01,75018.87,1776592242000
1776592244.049,44.049,0.47,0.48,0.52,0.53,0.01,0.01,75018.87,1776592242000
1776592244.497,44.497,0.47,0.48,0.52,0.53,0.01,0.01,75020.37,1776592243000
1776592244.902,44.902,0.47,0.48,0.52,0.53,0.01,0.01,75020.37,1776592243000
1776592245.311,45.311,0.47,0.48,0.52,0.53,0.01,0.01,75020.21,1776592244000
1776592245.646,45.646,0.47,0.48,0.52,0.53,0.01,0.01,75020.21,1776592244000
1776592246.156,46.156,0.47,0.48,0.52,0.53,0.01,0.01,75020.21,1776592244000
1776592246.522,46.522,0.47,0.48,0.52,0.53,0.01,0.01,75020.21,1776592245000
1776592246.918,46.918,0.47,0.48,0.52,0.53,0.01,0.01,75020.21,1776592245000
1776592247.318,47.318,0.48,0.49,0.51,0.53,0.01,0.02,75020.21,1776592245000
1776592247.659,47.659,0.51,0.52,0.48,0.49,0.01,0.01,75020.63,1776592246000
1776592247.998,47.998,0.51,0.53,0.47,0.49,0.02,0.02,75020.72,1776592247000
1776592248.413,48.413,0.52,0.53,0.47,0.48,0.01,0.01,75020.72,1776592247000
1776592248.988,48.988,0.52,0.53,0.47,0.48,0.01,0.01,75020.72,1776592247000
1776592249.352,49.352,0.52,0.53,0.47,0.48,0.01,0.01,75020.84,1776592248000
1776592250.027,50.027,0.52,0.53,0.47,0.48,0.01,0.01,75020.84,1776592248000
1776592250.378,50.378,0.52,0.53,0.47,0.48,0.01,0.01,75021.91,1776592249000
1776592250.768,50.768,0.5,0.52,0.48,0.49,0.02,0.01,75021.91,1776592249000
1776592251.173,51.173,0.5,0.51,0.49,0.5,0.01,0.01,75021.49,1776592250000
1776592251.626,51.626,0.47,0.51,0.49,0.5,0.04,0.01,75021.49,1776592250000
1776592251.976,51.976,0.45,0.46,0.54,0.55,0.01,0.01,75021.49,1776592250000
1776592252.41,52.41,0.45,0.46,0.54,0.55,0.01,0.01,75021.49,1776592251000
1776592252.759,52.759,0.45,0.46,0.54,0.55,0.01,0.01,75021.49,1776592251000
1776592253.416,53.416,0.45,0.46,0.54,0.55,0.01,0.01,75021.49,1776592251000
1776592253.772,53.772,0.45,0.46,0.54,0.55,0.01,0.01,75021.49,1776592251000
1776592254.204,54.204,0.44,0.45,0.55,0.56,0.01,0.01,75019.42,1776592252000
1776592254.589,54.589,0.44,0.45,0.55,0.56,0.01,0.01,75017.11,1776592253000
1776592254.976,54.976,0.44,0.45,0.55,0.56,0.01,0.01,75017.57,1776592254000
1776592255.325,55.325,0.43,0.44,0.56,0.57,0.01,0.01,75017.57,1776592254000
1776592255.721,55.721,0.42,0.43,0.57,0.58,0.01,0.01,75017.57,1776592254000
1776592256.13,56.13,0.42,0.43,0.57,0.58,0.01,0.01,75017.57,1776592254000
1776592256.485,56.485,0.42,0.43,0.57,0.58,0.01,0.01,75015.15,1776592255000
1776592256.835,56.835,0.41,0.42,0.58,0.59,0.01,0.01,75015.15,1776592255000
1776592257.21,57.21,0.41,0.42,0.58,0.59,0.01,0.01,75014.39,1776592256000
1776592257.617,57.617,0.41,0.42,0.58,0.59,0.01,0.01,75014.39,1776592256000
1776592258.181,58.181,0.41,0.42,0.58,0.59,0.01,0.01,75014.39,1776592256000
1776592258.61,58.61,0.4,0.41,0.59,0.6,0.01,0.01,75013.55,1776592257000
1776592258.953,58.953,0.4,0.41,0.59,0.6,0.01,0.01,75013.55,1776592257000
1776592259.32,59.32,0.4,0.41,0.59,0.6,0.01,0.01,75013.55,1776592257000
1776592259.699,59.699,0.37,0.38,0.62,0.63,0.01,0.01,75013.56,1776592258000
1776592260.056,60.056,0.37,0.38,0.62,0.63,0.01,0.01,75013.56,1776592258000
1776592260.434,60.434,0.36,0.38,0.62,0.63,0.02,0.01,75012.5,1776592259000
1776592260.862,60.862,0.34,0.35,0.64,0.66,0.01,0.02,75012.5,1776592259000
1776592261.213,61.213,0.32,0.33,0.67,0.68,0.01,0.01,75012.5,1776592259000
1776592261.618,61.618,0.29,0.3,0.7,0.71,0.01,0.01,75006.57,1776592260000
1776592261.957,61.957,0.29,0.3,0.7,0.71,0.01,0.01,75006.57,1776592260000
1776592262.323,62.323,0.29,0.34,0.7,0.71,0.05,0.01,75006.57,1776592260000
1776592262.773,62.773,0.29,0.3,0.7,0.71,0.01,0.01,75005.58,1776592261000
1776592263.167,63.167,0.29,0.3,0.7,0.71,0.01,0.01,74999.69,1776592262000
1776592263.556,63.556,0.29,0.3,0.7,0.71,0.01,0.01,74999.69,1776592262000
1776592264.128,64.128,0.29,0.3,0.7,0.71,0.01,0.01,74999.69,1776592262000
1776592264.496,64.496,0.29,0.3,0.7,0.71,0.01,0.01,74997.35,1776592263000
1776592264.908,64.908,0.29,0.3,0.7,0.71,0.01,0.01,74995.76,1776592264000
1776592265.341,65.341,0.29,0.3,0.7,0.71,0.01,0.01,74995.76,1776592264000
1776592265.753,65.753,0.29,0.3,0.7,0.71,0.01,0.01,74995.76,1776592264000
1776592266.135,66.135,0.29,0.33,0.67,0.71,0.04,0.04,74995.23,1776592265000
1776592266.468,66.468,0.3,0.31,0.69,0.7,0.01,0.01,74995.23,1776592265000
1776592267.303,67.303,0.3,0.31,0.69,0.7,0.01,0.01,74995.24,1776592266000
1776592267.677,67.677,0.3,0.31,0.69,0.7,0.01,0.01,74995.24,1776592266000
1776592268.351,68.351,0.3,0.31,0.69,0.7,0.01,0.01,74995.24,1776592266000
1776592268.688,68.688,0.3,0.31,0.69,0.7,0.01,0.01,74994.89,1776592267000
1776592269.027,69.027,0.28,0.29,0.71,0.72,0.01,0.01,74994.89,1776592267000
1776592269.455,69.455,0.27,0.28,0.71,0.73,0.01,0.02,74994.89,1776592267000
1776592269.87,69.87,0.27,0.28,0.72,0.73,0.01,0.01,74994.88,1776592268000
1776592270.237,70.237,0.27,0.28,0.72,0.73,0.01,0.01,74993.83,1776592269000
1776592270.732,70.732,0.27,0.28,0.72,0.73,0.01,0.01,74993.83,1776592269000
1776592271.1,71.1,0.27,0.28,0.72,0.73,0.01,0.01,74993.83,1776592269000
1776592271.593,71.593,0.27,0.28,0.72,0.73,0.01,0.01,74993.83,1776592269000
1776592271.953,71.953,0.31,0.33,0.67,0.69,0.02,0.02,74989.65,1776592270000
1776592272.307,72.307,0.31,0.32,0.68,0.69,0.01,0.01,74988.36,1776592271000
1776592272.64,72.64,0.31,0.32,0.68,0.69,0.01,0.01,74988.36,1776592271000
1776592273.041,73.041,0.31,0.32,0.68,0.69,0.01,0.01,74988.36,1776592271000
1776592273.391,73.391,0.31,0.32,0.68,0.69,0.01,0.01,74988.36,1776592271000
1776592273.801,73.801,0.31,0.32,0.68,0.69,0.01,0.01,74988.39,1776592272000
1776592274.137,74.137,0.31,0.32,0.68,0.69,0.01,0.01,74991.14,1776592273000
1776592274.569,74.569,0.31,0.32,0.68,0.7,0.01,0.02,74991.14,1776592273000
1776592274.991,74.991,0.3,0.31,0.69,0.7,0.01,0.01,74991.14,1776592273000
1776592275.338,75.338,0.3,0.31,0.69,0.7,0.01,0.01,74992.48,1776592274000
1776592275.672,75.672,0.3,0.31,0.69,0.7,0.01,0.01,74992.48,1776592274000
1776592276.041,76.041,0.3,0.31,0.69,0.7,0.01,0.01,74992.46,1776592275000
1776592276.382,76.382,0.3,0.31,0.69,0.7,0.01,0.01,74992.46,1776592275000
1776592276.819,76.819,0.31,0.32,0.68,0.7,0.01,0.02,74992.46,1776592275000
1776592277.156,77.156,0.33,0.34,0.66,0.67,0.01,0.01,74992.46,1776592275000
1776592277.618,77.618,0.33,0.34,0.66,0.67,0.01,0.01,74992.48,1776592276000
1776592278.019,78.019,0.33,0.34,0.66,0.67,0.01,0.01,74992.48,1776592276000
1776592278.359,78.359,0.33,0.34,0.66,0.67,0.01,0.01,74993.63,1776592277000
1776592278.77,78.77,0.33,0.34,0.66,0.67,0.01,0.01,74993.63,1776592277000
1776592279.228,79.228,0.32,0.34,0.66,0.68,0.02,0.02,74997.31,1776592278000
1776592280.014,80.014,0.32,0.33,0.67,0.68,0.01,0.01,74997.31,1776592278000
1776592280.4,80.4,0.32,0.33,0.67,0.68,0.01,0.01,74997.89,1776592279000
1776592280.891,80.891,0.32,0.33,0.67,0.68,0.01,0.01,74997.89,1776592279000
1776592281.379,81.379,0.32,0.33,0.67,0.68,0.01,0.01,74997.89,1776592279000
1776592281.765,81.765,0.32,0.33,0.67,0.68,0.01,0.01,74997.78,1776592280000
1776592282.455,82.455,0.32,0.33,0.67,0.68,0.01,0.01,74997.78,1776592281000
1776592282.957,82.957,0.32,0.33,0.67,0.68,0.01,0.01,74997.78,1776592281000
1776592284.298,84.298,0.32,0.33,0.67,0.68,0.01,0.01,74997.5,1776592283000
1776592284.878,84.878,0.32,0.33,0.67,0.68,0.01,0.01,74997.5,1776592283000
1776592285.287,85.287,0.32,0.33,0.67,0.68,0.01,0.01,74997.5,1776592284000
1776592285.674,85.674,0.32,0.33,0.67,0.68,0.01,0.01,74997.5,1776592284000
1776592286.344,86.344,0.31,0.33,0.67,0.69,0.02,0.02,74997.51,1776592285000
1776592286.829,86.829,0.31,0.33,0.67,0.69,0.02,0.02,74997.5,1776592286000
1776592287.203,87.203,0.31,0.32,0.68,0.69,0.01,0.01,74997.5,1776592286000
1776592287.54,87.54,0.31,0.32,0.68,0.69,0.01,0.01,74997.5,1776592286000
1776592287.9,87.9,0.31,0.32,0.68,0.69,0.01,0.01,74997.42,1776592287000
1776592288.47,88.47,0.31,0.32,0.68,0.69,0.01,0.01,74997.42,1776592287000
1776592288.916,88.916,0.31,0.32,0.68,0.69,0.01,0.01,74997.42,1776592287000
1776592289.271,89.271,0.32,0.33,0.67,0.68,0.01,0.01,74997.5,1776592288000
1776592289.648,89.648,0.32,0.33,0.67,0.68,0.01,0.01,74997.5,1776592288000
1776592290.345,90.345,0.32,0.33,0.67,0.68,0.01,0.01,74997.3,1776592289000
1776592290.683,90.683,0.32,0.33,0.67,0.68,0.01,0.01,74997.3,1776592289000
1776592291.145,91.145,0.32,0.33,0.67,0.68,0.01,0.01,74997.24,1776592290000
1776592291.506,91.506,0.32,0.33,0.67,0.68,0.01,0.01,74997.24,1776592290000
1776592291.916,91.916,0.32,0.33,0.67,0.68,0.01,0.01,74997.24,1776592290000
1776592292.437,92.437,0.32,0.33,0.67,0.68,0.01,0.01,74995.14,1776592291000
1776592292.797,92.797,0.32,0.33,0.67,0.68,0.01,0.01,74995.14,1776592291000
1776592293.13,93.13,0.32,0.33,0.67,0.68,0.01,0.01,74997.1,1776592292000
1776592293.601,93.601,0.32,0.33,0.67,0.68,0.01,0.01,74997.1,1776592292000
1776592294.018,94.018,0.32,0.33,0.67,0.68,0.01,0.01,74999.44,1776592293000
1776592294.946,94.946,0.32,0.33,0.67,0.68,0.01,0.01,75000.76,1776592294000
1776592295.424,95.424,0.32,0.33,0.67,0.68,0.01,0.01,75000.76,1776592294000
1776592295.817,95.817,0.32,0.33,0.67,0.68,0.01,0.01,75000.76,1776592294000
1776592296.21,96.21,0.32,0.33,0.67,0.68,0.01,0.01,75000.77,1776592295000
1776592296.715,96.715,0.32,0.33,0.67,0.68,0.01,0.01,75000.77,1776592295000
1776592297.198,97.198,0.32,0.33,0.67,0.68,0.01,0.01,75000.77,1776592296000
1776592297.862,97.862,0.32,0.33,0.67,0.68,0.01,0.01,75000.77,1776592296000
1776592298.425,98.425,0.32,0.33,0.67,0.68,0.01,0.01,75000.77,1776592296000
1776592298.998,98.998,0.32,0.33,0.67,0.68,0.01,0.01,75000.86,1776592298000
1776592299.722,99.722,0.32,0.33,0.67,0.68,0.01,0.01,75000.86,1776592298000
1776592300.214,100.214,0.35,0.36,0.65,0.66,0.01,0.01,75000.87,1776592299000
1776592300.567,100.567,0.35,0.37,0.64,0.65,0.02,0.01,75000.87,1776592299000
1776592300.954,100.954,0.35,0.37,0.63,0.65,0.02,0.02,75000.87,1776592300000
1776592301.437,101.437,0.36,0.37,0.63,0.64,0.01,0.01,75000.87,1776592300000
1776592301.962,101.962,0.36,0.37,0.63,0.64,0.01,0.01,75001.0,1776592301000
1776592302.723,102.723,0.36,0.37,0.63,0.64,0.01,0.01,75001.0,1776592301000
1776592303.077,103.077,0.36,0.37,0.63,0.64,0.01,0.01,75004.18,1776592302000
1776592303.411,103.411,0.36,0.37,0.63,0.64,0.01,0.01,75004.18,1776592302000
1776592303.906,103.906,0.31,0.33,0.66,0.69,0.02,0.03,75004.18,1776592302000
1776592304.276,104.276,0.3,0.33,0.67,0.68,0.03,0.01,75004.21,1776592303000
1776592304.91,104.91,0.3,0.31,0.69,0.7,0.01,0.01,75004.3,1776592304000
1776592305.248,105.248,0.3,0.31,0.69,0.7,0.01,0.01,75004.3,1776592304000
1776592305.585,105.585,0.3,0.31,0.69,0.7,0.01,0.01,75004.3,1776592304000
1776592305.93,105.93,0.3,0.31,0.69,0.7,0.01,0.01,75000.88,1776592305000
1776592307.278,107.278,0.29,0.31,0.69,0.71,0.02,0.02,74999.8,1776592306000
1776592307.647,107.647,0.29,0.3,0.7,0.71,0.01,0.01,74999.8,1776592306000
1776592308.014,108.014,0.29,0.3,0.7,0.71,0.01,0.01,74999.8,1776592306000
1776592308.442,108.442,0.29,0.3,0.7,0.71,0.01,0.01,74999.79,1776592307000
1776592308.775,108.775,0.29,0.3,0.7,0.71,0.01,0.01,74999.79,1776592307000
1776592309.268,109.268,0.29,0.3,0.7,0.71,0.01,0.01,74999.79,1776592307000
1776592309.878,109.878,0.29,0.3,0.7,0.71,0.01,0.01,74998.17,1776592308000
1776592310.28,110.28,0.29,0.3,0.7,0.71,0.01,0.01,74996.64,1776592309000
1776592311.099,111.099,0.29,0.3,0.7,0.71,0.01,0.01,74996.64,1776592309000
1776592311.45,111.45,0.29,0.3,0.7,0.71,0.01,0.01,74996.23,1776592310000
1776592311.934,111.934,0.29,0.3,0.7,0.71,0.01,0.01,74996.23,1776592310000
1776592312.596,112.596,0.31,0.32,0.68,0.69,0.01,0.01,74997.95,1776592311000
1776592312.998,112.998,0.32,0.33,0.67,0.68,0.01,0.01,74997.95,1776592311000
1776592313.69,113.69,0.32,0.33,0.67,0.68,0.01,0.01,74999.64,1776592312000
1776592314.116,114.116,0.32,0.33,0.67,0.68,0.01,0.01,74998.79,1776592313000
1776592314.836,114.836,0.32,0.33,0.67,0.68,0.01,0.01,74998.79,1776592313000
1776592315.242,115.242,0.32,0.33,0.67,0.68,0.01,0.01,75001.89,1776592314000
1776592315.831,115.831,0.32,0.35,0.67,0.68,0.03,0.01,75001.89,1776592314000
1776592316.192,116.192,0.34,0.35,0.65,0.66,0.01,0.01,75001.98,1776592315000
1776592316.8,116.8,0.3,0.32,0.66,0.69,0.02,0.03,75001.98,1776592315000
1776592317.181,117.181,0.29,0.3,0.7,0.71,0.01,0.01,75001.91,1776592316000
1776592317.562,117.562,0.29,0.3,0.7,0.71,0.01,0.01,75001.91,1776592316000
1776592317.933,117.933,0.29,0.3,0.7,0.71,0.01,0.01,75001.91,1776592316000
1776592318.331,118.331,0.29,0.3,0.7,0.71,0.01,0.01,75001.34,1776592317000
1776592318.951,118.951,0.29,0.31,0.7,0.71,0.02,0.01,75001.34,1776592317000
1776592319.376,119.376,0.3,0.31,0.69,0.7,0.01,0.01,75001.03,1776592318000
1776592319.724,119.724,0.3,0.31,0.69,0.7,0.01,0.01,75001.03,1776592318000
1776592320.232,120.232,0.3,0.32,0.69,0.7,0.02,0.01,75001.03,1776592318000
1776592320.621,120.621,0.31,0.32,0.68,0.69,0.01,0.01,75001.01,1776592319000
1776592320.964,120.964,0.31,0.32,0.68,0.69,0.01,0.01,75001.01,1776592320000
1776592321.907,121.907,0.31,0.32,0.68,0.69,0.01,0.01,75001.27,1776592321000
1776592322.414,122.414,0.31,0.32,0.68,0.69,0.01,0.01,75001.27,1776592321000
1776592322.795,122.795,0.31,0.32,0.68,0.69,0.01,0.01,75001.27,1776592321000
1776592323.242,123.242,0.31,0.32,0.68,0.69,0.01,0.01,75001.13,1776592322000
1776592323.869,123.869,0.3,0.32,0.68,0.7,0.02,0.02,75001.18,1776592323000
1776592324.636,124.636,0.31,0.32,0.68,0.69,0.01,0.01,75001.18,1776592323000
1776592325.049,125.049,0.31,0.32,0.68,0.69,0.01,0.01,75001.28,1776592324000
1776592325.479,125.479,0.31,0.32,0.68,0.69,0.01,0.01,75001.28,1776592324000
1776592326.004,126.004,0.31,0.32,0.68,0.69,0.01,0.01,75001.28,1776592324000
1776592326.34,126.34,0.31,0.32,0.68,0.69,0.01,0.01,75001.64,1776592325000
1776592326.94,126.94,0.31,0.32,0.68,0.69,0.01,0.01,75001.64,1776592325000
1776592327.465,127.465,0.31,0.32,0.68,0.69,0.01,0.01,75001.64,1776592325000
1776592327.925,127.925,0.31,0.32,0.68,0.69,0.01,0.01,75001.65,1776592326000
1776592328.375,128.375,0.31,0.32,0.68,0.69,0.01,0.01,75001.64,1776592327000
1776592329.135,129.135,0.31,0.32,0.68,0.69,0.01,0.01,75001.64,1776592327000
1776592329.636,129.636,0.31,0.32,0.68,0.69,0.01,0.01,75001.64,1776592327000
1776592330.175,130.175,0.31,0.32,0.68,0.69,0.01,0.01,75001.91,1776592328000
1776592330.538,130.538,0.31,0.32,0.68,0.69,0.01,0.01,75001.91,1776592329000
1776592331.058,131.058,0.31,0.32,0.68,0.69,0.01,0.01,75001.91,1776592329000
1776592331.426,131.426,0.31,0.32,0.68,0.69,0.01,0.01,75001.91,1776592330000
1776592332.152,132.152,0.31,0.32,0.68,0.69,0.01,0.01,75002.16,1776592331000
1776592332.548,132.548,0.31,0.32,0.68,0.69,0.01,0.01,75002.16,1776592331000
1776592332.98,132.98,0.31,0.32,0.68,0.69,0.01,0.01,75002.16,1776592331000
1776592333.384,133.384,0.31,0.32,0.68,0.69,0.01,0.01,75003.17,1776592332000
1776592334.227,134.227,0.31,0.32,0.68,0.71,0.01,0.03,75003.17,1776592332000
1776592335.055,135.055,0.31,0.32,0.68,0.69,0.01,0.01,75003.24,1776592333000
1776592335.456,135.456,0.31,0.32,0.68,0.69,0.01,0.01,75003.4,1776592334000
1776592336.011,136.011,0.31,0.32,0.68,0.69,0.01,0.01,75003.4,1776592334000
1776592336.369,136.369,0.38,0.41,0.59,0.62,0.03,0.03,75003.4,1776592334000
1776592336.702,136.702,0.41,0.42,0.58,0.59,0.01,0.01,75000.71,1776592335000
1776592337.048,137.048,0.41,0.43,0.58,0.59,0.02,0.01,75000.71,1776592335000
1776592337.42,137.42,0.41,0.42,0.58,0.59,0.01,0.01,75002.78,1776592336000
1776592337.985,137.985,0.42,0.43,0.57,0.59,0.01,0.02,75002.78,1776592336000
1776592338.326,138.326,0.42,0.43,0.57,0.58,0.01,0.01,75005.76,1776592337000
1776592338.659,138.659,0.42,0.43,0.57,0.58,0.01,0.01,75005.76,1776592337000
1776592339.023,139.023,0.42,0.43,0.57,0.58,0.01,0.01,75005.76,1776592337000
1776592339.436,139.436,0.42,0.43,0.57,0.58,0.01,0.01,75011.27,1776592338000
1776592339.778,139.778,0.42,0.43,0.57,0.58,0.01,0.01,75011.27,1776592338000
1776592340.184,140.184,0.42,0.43,0.57,0.58,0.01,0.01,75011.36,1776592339000
1776592340.544,140.544,0.42,0.43,0.57,0.58,0.01,0.01,75011.36,1776592339000
1776592341.076,141.076,0.42,0.43,0.57,0.58,0.01,0.01,75011.36,1776592339000
1776592341.554,141.554,0.42,0.43,0.57,0.58,0.01,0.01,75011.36,1776592339000
1776592341.97,141.97,0.42,0.43,0.57,0.58,0.01,0.01,75011.5,1776592340000
1776592342.535,142.535,0.42,0.43,0.57,0.58,0.01,0.01,75011.5,1776592341000
1776592343.094,143.094,0.42,0.43,0.57,0.58,0.01,0.01,75011.5,1776592341000
1776592343.586,143.586,0.44,0.45,0.56,0.58,0.01,0.02,75011.92,1776592342000
1776592343.967,143.967,0.44,0.45,0.55,0.56,0.01,0.01,75012.62,1776592343000
1776592344.378,144.378,0.46,0.47,0.53,0.54,0.01,0.01,75012.62,1776592343000
1776592344.766,144.766,0.45,0.46,0.54,0.55,0.01,0.01,75012.62,1776592343000
1776592345.107,145.107,0.43,0.45,0.55,0.57,0.02,0.02,75012.72,1776592344000
1776592345.797,145.797,0.42,0.43,0.57,0.58,0.01,0.01,75012.72,1776592344000
1776592346.165,146.165,0.42,0.43,0.57,0.58,0.01,0.01,75012.72,1776592344000
1776592346.744,146.744,0.42,0.43,0.57,0.58,0.01,0.01,75014.36,1776592345000
1776592347.165,147.165,0.44,0.46,0.55,0.56,0.02,0.01,75014.36,1776592345000
1776592347.542,147.542,0.45,0.46,0.54,0.55,0.01,0.01,75016.09,1776592346000
1776592347.921,147.921,0.45,0.46,0.54,0.55,0.01,0.01,75016.09,1776592346000
1776592348.408,148.408,0.45,0.46,0.54,0.55,0.01,0.01,75016.08,1776592347000
1776592348.774,148.774,0.45,0.46,0.54,0.55,0.01,0.01,75016.08,1776592347000
1776592349.188,149.188,0.44,0.45,0.55,0.56,0.01,0.01,75016.08,1776592348000
1776592349.526,149.526,0.44,0.45,0.55,0.56,0.01,0.01,75016.08,1776592348000
1776592350.105,150.105,0.44,0.45,0.55,0.56,0.01,0.01,75016.46,1776592349000
1776592350.575,150.575,0.44,0.45,0.55,0.56,0.01,0.01,75016.46,1776592349000
1776592350.924,150.924,0.44,0.45,0.55,0.56,0.01,0.01,75016.46,1776592349000
1776592351.274,151.274,0.44,0.45,0.55,0.56,0.01,0.01,75016.46,1776592349000
1776592351.787,151.787,0.43,0.45,0.55,0.56,0.02,0.01,75016.46,1776592350000
1776592352.284,152.284,0.41,0.42,0.56,0.59,0.01,0.03,75016.46,1776592350000
1776592353.077,153.077,0.4,0.41,0.59,0.6,0.01,0.01,75016.47,1776592352000
1776592353.428,153.428,0.4,0.41,0.59,0.6,0.01,0.01,75016.47,1776592352000
1776592354.04,154.04,0.39,0.41,0.59,0.6,0.02,0.01,75016.47,1776592352000
1776592354.396,154.396,0.26,0.34,0.68,0.74,0.08,0.06,75015.76,1776592353000
1776592354.743,154.743,0.31,0.32,0.68,0.69,0.01,0.01,75015.76,1776592353000
1776592355.103,155.103,0.3,0.32,0.68,0.69,0.02,0.01,75015.76,1776592353000
1776592355.458,155.458,0.29,0.3,0.7,0.71,0.01,0.01,75015.76,1776592353000
1776592355.83,155.83,0.29,0.3,0.7,0.71,0.01,0.01,75013.69,1776592354000
1776592356.188,156.188,0.29,0.3,0.7,0.71,0.01,0.01,75013.69,1776592354000
1776592356.911,156.911,0.29,0.3,0.7,0.71,0.01,0.01,75007.28,1776592355000
1776592357.5,157.5,0.29,0.3,0.7,0.71,0.01,0.01,75007.28,1776592355000
1776592357.85,157.85,0.27,0.28,0.7,0.73,0.01,0.03,75006.15,1776592356000
1776592358.22,158.22,0.27,0.28,0.72,0.73,0.01,0.01,75006.15,1776592356000
1776592358.602,158.602,0.24,0.26,0.74,0.76,0.02,0.02,75005.74,1776592357000
1776592358.969,158.969,0.24,0.25,0.75,0.76,0.01,0.01,75005.74,1776592357000
1776592359.59,159.59,0.24,0.25,0.75,0.76,0.01,0.01,75005.74,1776592357000
1776592359.984,159.984,0.23,0.24,0.76,0.77,0.01,0.01,75005.53,1776592358000
1776592360.358,160.358,0.23,0.24,0.76,0.77,0.01,0.01,75002.9,1776592359000
1776592360.708,160.708,0.23,0.24,0.76,0.77,0.01,0.01,75002.9,1776592359000
1776592361.062,161.062,0.23,0.24,0.76,0.77,0.01,0.01,75002.9,1776592359000
1776592361.736,161.736,0.23,0.24,0.76,0.77,0.01,0.01,75000.78,1776592360000
1776592362.075,162.075,0.23,0.24,0.76,0.77,0.01,0.01,75000.78,1776592360000
1776592362.409,162.409,0.23,0.24,0.76,0.77,0.01,0.01,75000.89,1776592361000
1776592362.771,162.771,0.23,0.24,0.76,0.77,0.01,0.01,75000.89,1776592361000
1776592363.595,163.595,0.23,0.24,0.76,0.77,0.01,0.01,75000.2,1776592362000
1776592364.164,164.164,0.23,0.24,0.76,0.77,0.01,0.01,75000.2,1776592362000
1776592364.601,164.601,0.23,0.24,0.76,0.77,0.01,0.01,75000.04,1776592363000
1776592365.067,165.067,0.23,0.24,0.76,0.77,0.01,0.01,75000.04,1776592363000
1776592365.413,165.413,0.23,0.24,0.76,0.77,0.01,0.01,74998.89,1776592364000
1776592365.824,165.824,0.23,0.24,0.76,0.77,0.01,0.01,74998.89,1776592364000
1776592366.212,166.212,0.22,0.23,0.77,0.78,0.01,0.01,74998.89,1776592365000
1776592366.624,166.624,0.22,0.23,0.77,0.78,0.01,0.01,74998.89,1776592365000
1776592366.977,166.977,0.22,0.23,0.77,0.78,0.01,0.01,74998.74,1776592366000
1776592367.629,167.629,0.22,0.23,0.77,0.78,0.01,0.01,74998.74,1776592366000
1776592368.156,168.156,0.22,0.23,0.77,0.78,0.01,0.01,74998.74,1776592367000
1776592368.851,168.851,0.22,0.23,0.77,0.78,0.01,0.01,74998.74,1776592367000
1776592369.373,169.373,0.22,0.23,0.77,0.78,0.01,0.01,74998.75,1776592368000
1776592369.761,169.761,0.22,0.23,0.77,0.78,0.01,0.01,74998.75,1776592368000
1776592370.396,170.396,0.22,0.23,0.77,0.78,0.01,0.01,74998.16,1776592369000
1776592370.84,170.84,0.22,0.23,0.77,0.78,0.01,0.01,74998.16,1776592369000
1776592371.355,171.355,0.22,0.23,0.77,0.78,0.01,0.01,74998.33,1776592370000
1776592372.031,172.031,0.22,0.23,0.77,0.78,0.01,0.01,74998.33,1776592371000
1776592372.518,172.518,0.22,0.23,0.77,0.78,0.01,0.01,74998.33,1776592371000
1776592372.864,172.864,0.22,0.23,0.77,0.78,0.01,0.01,74998.33,1776592371000
1776592373.253,173.253,0.22,0.23,0.77,0.78,0.01,0.01,74998.23,1776592372000
1776592373.835,173.835,0.22,0.23,0.77,0.78,0.01,0.01,74998.23,1776592372000
1776592374.359,174.359,0.23,0.24,0.76,0.77,0.01,0.01,74998.23,1776592373000
1776592374.868,174.868,0.23,0.24,0.76,0.77,0.01,0.01,74998.29,1776592374000
1776592375.292,175.292,0.23,0.24,0.76,0.77,0.01,0.01,74998.29,1776592374000
1776592375.701,175.701,0.23,0.24,0.76,0.77,0.01,0.01,74998.29,1776592374000
1776592376.18,176.18,0.23,0.24,0.76,0.77,0.01,0.01,74998.29,1776592374000
1776592376.549,176.549,0.23,0.24,0.76,0.77,0.01,0.01,75000.34,1776592375000
1776592376.91,176.91,0.23,0.24,0.76,0.77,0.01,0.01,75000.34,1776592375000
1776592377.283,177.283,0.23,0.24,0.76,0.77,0.01,0.01,75000.9,1776592376000
1776592377.649,177.649,0.23,0.24,0.76,0.77,0.01,0.01,75000.9,1776592376000
1776592378.208,178.208,0.23,0.24,0.76,0.77,0.01,0.01,75000.9,1776592377000
1776592378.593,178.593,0.23,0.24,0.76,0.77,0.01,0.01,75000.9,1776592377000
1776592378.951,178.951,0.23,0.24,0.76,0.77,0.01,0.01,75000.9,1776592377000
1776592379.473,179.473,0.23,0.24,0.76,0.77,0.01,0.01,75001.95,1776592378000
1776592379.82,179.82,0.23,0.24,0.76,0.77,0.01,0.01,75001.95,1776592378000
1776592380.205,180.205,0.23,0.24,0.76,0.77,0.01,0.01,75001.96,1776592379000
1776592380.589,180.589,0.23,0.24,0.76,0.77,0.01,0.01,75001.96,1776592379000
1776592380.976,180.976,0.23,0.24,0.76,0.77,0.01,0.01,75001.96,1776592379000
1776592381.521,181.521,0.23,0.24,0.76,0.77,0.01,0.01,75001.94,1776592380000
1776592382.093,182.093,0.23,0.24,0.76,0.77,0.01,0.01,75001.94,1776592380000
1776592382.553,182.553,0.23,0.24,0.76,0.77,0.01,0.01,75001.87,1776592381000
1776592382.904,182.904,0.23,0.24,0.76,0.77,0.01,0.01,75001.87,1776592381000
1776592383.704,183.704,0.23,0.24,0.76,0.77,0.01,0.01,75001.98,1776592382000
1776592384.389,184.389,0.23,0.24,0.76,0.77,0.01,0.01,75001.98,1776592382000
1776592385.205,185.205,0.23,0.24,0.76,0.77,0.01,0.01,75001.91,1776592383000
1776592385.761,185.761,0.23,0.24,0.76,0.78,0.01,0.02,75001.16,1776592384000
1776592386.129,186.129,0.23,0.24,0.76,0.77,0.01,0.01,75001.22,1776592385000
1776592386.475,186.475,0.23,0.24,0.76,0.77,0.01,0.01,75001.22,1776592385000
1776592387.575,187.575,0.24,0.25,0.75,0.76,0.01,0.01,75001.22,1776592385000
1776592387.914,187.914,0.27,0.3,0.7,0.73,0.03,0.03,75001.8,1776592386000
1776592388.274,188.274,0.29,0.3,0.7,0.71,0.01,0.01,75002.78,1776592387000
1776592388.651,188.651,0.33,0.34,0.66,0.67,0.01,0.01,75002.78,1776592387000
1776592389.009,189.009,0.33,0.34,0.66,0.67,0.01,0.01,75002.78,1776592387000
1776592389.378,189.378,0.33,0.35,0.65,0.67,0.02,0.02,75006.05,1776592388000
1776592389.929,189.929,0.35,0.36,0.65,0.66,0.01,0.01,75006.05,1776592388000
1776592390.423,190.423,0.35,0.36,0.64,0.65,0.01,0.01,75009.11,1776592389000
1776592390.878,190.878,0.35,0.36,0.64,0.65,0.01,0.01,75009.11,1776592389000
1776592391.222,191.222,0.35,0.36,0.64,0.65,0.01,0.01,75009.11,1776592389000
1776592391.672,191.672,0.35,0.36,0.64,0.65,0.01,0.01,75012.36,1776592390000
1776592392.039,192.039,0.35,0.36,0.64,0.65,0.01,0.01,75012.36,1776592391000
1776592392.575,192.575,0.35,0.36,0.64,0.65,0.01,0.01,75012.36,1776592391000
1776592392.928,192.928,0.35,0.36,0.64,0.65,0.01,0.01,75012.36,1776592391000
1776592393.373,193.373,0.35,0.36,0.64,0.65,0.01,0.01,75012.34,1776592392000
1776592393.764,193.764,0.34,0.36,0.64,0.65,0.02,0.01,75012.34,1776592392000
1776592394.631,194.631,0.34,0.35,0.65,0.66,0.01,0.01,75012.42,1776592393000
1776592395.359,195.359,0.34,0.35,0.65,0.66,0.01,0.01,75011.83,1776592394000
1776592395.727,195.727,0.34,0.35,0.65,0.66,0.01,0.01,75011.83,1776592394000
1776592396.091,196.091,0.34,0.35,0.65,0.66,0.01,0.01,75011.82,1776592395000
1776592396.695,196.695,0.34,0.35,0.65,0.66,0.01,0.01,75011.82,1776592395000
1776592397.304,197.304,0.34,0.35,0.65,0.66,0.01,0.01,75011.82,1776592395000
1776592398.183,198.183,0.34,0.35,0.65,0.66,0.01,0.01,75011.71,1776592397000
1776592398.773,198.773,0.34,0.37,0.65,0.66,0.03,0.01,75011.71,1776592397000
1776592399.139,199.139,0.38,0.39,0.58,0.62,0.01,0.04,75011.71,1776592397000
1776592399.534,199.534,0.38,0.39,0.61,0.62,0.01,0.01,75011.71,1776592397000
1776592400.075,200.075,0.38,0.39,0.61,0.62,0.01,0.01,75011.72,1776592398000
1776592400.563,200.563,0.38,0.39,0.61,0.62,0.01,0.01,75013.49,1776592399000
1776592400.908,200.908,0.39,0.4,0.6,0.61,0.01,0.01,75013.49,1776592399000
1776592401.26,201.26,0.41,0.42,0.59,0.61,0.01,0.02,75013.7,1776592400000
1776592402.017,202.017,0.41,0.42,0.55,0.59,0.01,0.04,75013.7,1776592400000
1776592402.49,202.49,0.41,0.44,0.58,0.59,0.03,0.01,75015.69,1776592401000
1776592402.921,202.921,0.42,0.44,0.56,0.58,0.02,0.02,75015.69,1776592401000
1776592403.337,203.337,0.42,0.44,0.56,0.58,0.02,0.02,75015.69,1776592401000
1776592403.677,203.677,0.43,0.44,0.56,0.57,0.01,0.01,75016.06,1776592402000
1776592404.031,204.031,0.43,0.44,0.56,0.57,0.01,0.01,75017.33,1776592403000
1776592404.416,204.416,0.43,0.46,0.54,0.57,0.03,0.03,75017.33,1776592403000
1776592404.801,204.801,0.43,0.46,0.56,0.57,0.03,0.01,75017.33,1776592403000
1776592405.233,205.233,0.45,0.46,0.54,0.55,0.01,0.01,75017.94,1776592404000
1776592405.691,205.691,0.45,0.47,0.54,0.55,0.02,0.01,75017.94,1776592404000
1776592406.15,206.15,0.46,0.47,0.53,0.54,0.01,0.01,75017.94,1776592404000
1776592406.488,206.488,0.46,0.47,0.53,0.54,0.01,0.01,75018.77,1776592405000
1776592406.854,206.854,0.46,0.47,0.53,0.54,0.01,0.01,75018.77,1776592405000
1776592407.245,207.245,0.46,0.47,0.53,0.54,0.01,0.01,75018.77,1776592405000
1776592407.598,207.598,0.46,0.47,0.53,0.54,0.01,0.01,75018.87,1776592406000
1776592408.02,208.02,0.46,0.47,0.53,0.54,0.01,0.01,75018.87,1776592406000
1776592408.395,208.395,0.46,0.47,0.53,0.54,0.01,0.01,75018.85,1776592407000
1776592408.743,208.743,0.48,0.5,0.5,0.52,0.02,0.02,75018.85,1776592407000
1776592409.078,209.078,0.51,0.52,0.48,0.49,0.01,0.01,75018.88,1776592408000
1776592409.429,209.429,0.52,0.53,0.47,0.48,0.01,0.01,75018.88,1776592408000
1776592409.804,209.804,0.52,0.53,0.47,0.48,0.01,0.01,75018.88,1776592408000
1776592410.233,210.233,0.52,0.53,0.47,0.48,0.01,0.01,75018.92,1776592409000
1776592410.719,210.719,0.52,0.53,0.47,0.48,0.01,0.01,75018.92,1776592409000
1776592411.179,211.179,0.51,0.52,0.47,0.49,0.01,0.02,75018.92,1776592409000
1776592411.616,211.616,0.5,0.51,0.49,0.5,0.01,0.01,75023.1,1776592410000
1776592411.956,211.956,0.49,0.5,0.5,0.51,0.01,0.01,75023.1,1776592410000
1776592412.315,212.315,0.49,0.5,0.5,0.51,0.01,0.01,75023.41,1776592411000
1776592412.718,212.718,0.49,0.5,0.5,0.51,0.01,0.01,75023.41,1776592411000
1776592413.075,213.075,0.48,0.49,0.51,0.52,0.01,0.01,75023.41,1776592412000
1776592413.421,213.421,0.48,0.49,0.51,0.52,0.01,0.01,75023.41,1776592412000
1776592413.815,213.815,0.48,0.49,0.51,0.52,0.01,0.01,75023.41,1776592412000
1776592414.307,214.307,0.48,0.49,0.51,0.52,0.01,0.01,75022.59,1776592413000
1776592414.836,214.836,0.48,0.49,0.51,0.52,0.01,0.01,75022.59,1776592413000
1776592415.512,215.512,0.48,0.49,0.51,0.52,0.01,0.01,75022.59,1776592413000
1776592416.16,216.16,0.48,0.49,0.51,0.52,0.01,0.01,75022.54,1776592415000
1776592416.512,216.512,0.48,0.49,0.51,0.52,0.01,0.01,75022.54,1776592415000
1776592416.959,216.959,0.46,0.47,0.53,0.54,0.01,0.01,75022.54,1776592415000
1776592417.31,217.31,0.46,0.47,0.53,0.54,0.01,0.01,75022.54,1776592415000
1776592417.754,217.754,0.46,0.47,0.53,0.54,0.01,0.01,75022.54,1776592415000
1776592418.093,218.093,0.3,0.31,0.69,0.7,0.01,0.01,75022.54,1776592416000
1776592418.444,218.444,0.3,0.31,0.69,0.7,0.01,0.01,75022.54,1776592416000
1776592418.795,218.795,0.3,0.31,0.69,0.7,0.01,0.01,75022.56,1776592417000
1776592419.167,219.167,0.3,0.31,0.69,0.7,0.01,0.01,75022.56,1776592417000
1776592419.649,219.649,0.32,0.33,0.67,0.69,0.01,0.02,75022.6,1776592418000
1776592420.408,220.408,0.32,0.33,0.67,0.68,0.01,0.01,75017.77,1776592419000
1776592420.781,220.781,0.32,0.33,0.67,0.68,0.01,0.01,75017.77,1776592419000
1776592421.374,221.374,0.32,0.33,0.67,0.68,0.01,0.01,75017.49,1776592420000
1776592422.042,222.042,0.32,0.33,0.67,0.68,0.01,0.01,75017.49,1776592420000
1776592422.562,222.562,0.32,0.33,0.67,0.68,0.01,0.01,75017.35,1776592421000
1776592423.002,223.002,0.32,0.33,0.67,0.68,0.01,0.01,75017.35,1776592421000
1776592423.379,223.379,0.32,0.33,0.67,0.68,0.01,0.01,75017.33,1776592422000
1776592424.002,224.002,0.32,0.33,0.67,0.68,0.01,0.01,75017.33,1776592422000
1776592424.37,224.37,0.32,0.33,0.67,0.68,0.01,0.01,75017.33,1776592422000
1776592424.991,224.991,0.32,0.33,0.67,0.68,0.01,0.01,75017.34,1776592424000
1776592425.498,225.498,0.32,0.33,0.67,0.68,0.01,0.01,75017.34,1776592424000
1776592425.848,225.848,0.32,0.33,0.67,0.68,0.01,0.01,75017.34,1776592424000
1776592426.23,226.23,0.32,0.33,0.67,0.68,0.01,0.01,75017.33,1776592425000
1776592427.251,227.251,0.32,0.33,0.67,0.68,0.01,0.01,75017.44,1776592426000
1776592427.868,227.868,0.32,0.33,0.67,0.68,0.01,0.01,75017.44,1776592426000
1776592428.291,228.291,0.32,0.33,0.67,0.68,0.01,0.01,75017.44,1776592426000
1776592428.658,228.658,0.32,0.33,0.67,0.68,0.01,0.01,75017.51,1776592427000
1776592429.493,229.493,0.32,0.33,0.67,0.68,0.01,0.01,75017.54,1776592428000
1776592429.859,229.859,0.3,0.33,0.67,0.68,0.03,0.01,75017.54,1776592428000
1776592430.196,230.196,0.28,0.29,0.71,0.72,0.01,0.01,75017.55,1776592429000
1776592430.568,230.568,0.28,0.29,0.71,0.72,0.01,0.01,75017.55,1776592429000
1776592430.944,230.944,0.28,0.29,0.71,0.72,0.01,0.01,75017.55,1776592429000
1776592431.325,231.325,0.28,0.29,0.71,0.72,0.01,0.01,75017.55,1776592430000
1776592431.724,231.724,0.28,0.29,0.71,0.72,0.01,0.01,75017.55,1776592430000
1776592432.067,232.067,0.26,0.27,0.73,0.74,0.01,0.01,75017.55,1776592430000
1776592432.413,232.413,0.26,0.27,0.73,0.74,0.01,0.01,75016.79,1776592431000
1776592432.761,232.761,0.26,0.27,0.73,0.74,0.01,0.01,75016.79,1776592431000
1776592433.137,233.137,0.26,0.27,0.73,0.74,0.01,0.01,75016.77,1776592432000
1776592433.495,233.495,0.24,0.25,0.75,0.76,0.01,0.01,75016.77,1776592432000
1776592434.102,234.102,0.24,0.25,0.75,0.76,0.01,0.01,75016.77,1776592432000
1776592434.497,234.497,0.24,0.25,0.75,0.76,0.01,0.01,75016.15,1776592433000
1776592434.99,234.99,0.24,0.25,0.75,0.76,0.01,0.01,75016.15,1776592433000
1776592435.341,235.341,0.24,0.25,0.75,0.76,0.01,0.01,75014.85,1776592434000
1776592435.938,235.938,0.24,0.25,0.75,0.76,0.01,0.01,75014.85,1776592434000
1776592436.517,236.517,0.23,0.24,0.75,0.76,0.01,0.01,75014.62,1776592435000
1776592436.969,236.969,0.22,0.24,0.76,0.77,0.02,0.01,75014.62,1776592435000
1776592437.339,237.339,0.22,0.23,0.76,0.78,0.01,0.02,75014.51,1776592436000
1776592437.684,237.684,0.22,0.23,0.77,0.78,0.01,0.01,75014.51,1776592436000
1776592438.168,238.168,0.22,0.23,0.77,0.78,0.01,0.01,75014.51,1776592436000
1776592438.522,238.522,0.22,0.23,0.77,0.78,0.01,0.01,75014.55,1776592437000
1776592438.868,238.868,0.22,0.23,0.77,0.78,0.01,0.01,75014.55,1776592438000
1776592439.441,239.441,0.22,0.23,0.77,0.78,0.01,0.01,75014.55,1776592438000
1776592439.828,239.828,0.22,0.23,0.77,0.78,0.01,0.01,75014.55,1776592438000
1776592440.404,240.404,0.22,0.23,0.77,0.78,0.01,0.01,75014.56,1776592439000
1776592440.785,240.785,0.22,0.23,0.77,0.78,0.01,0.01,75014.56,1776592439000
1776592441.175,241.175,0.22,0.23,0.77,0.78,0.01,0.01,75014.6,1776592440000
1776592441.747,241.747,0.22,0.23,0.77,0.78,0.01,0.01,75014.6,1776592440000
1776592442.085,242.085,0.22,0.23,0.77,0.78,0.01,0.01,75014.58,1776592441000
1776592442.468,242.468,0.22,0.23,0.77,0.78,0.01,0.01,75014.58,1776592441000
1776592443.109,243.109,0.22,0.23,0.77,0.78,0.01,0.01,75014.58,1776592441000
1776592443.564,243.564,0.22,0.23,0.77,0.78,0.01,0.01,75014.57,1776592442000
1776592443.995,243.995,0.22,0.23,0.77,0.78,0.01,0.01,75014.57,1776592442000
1776592444.344,244.344,0.22,0.23,0.77,0.78,0.01,0.01,75014.58,1776592443000
1776592444.679,244.679,0.22,0.23,0.77,0.78,0.01,0.01,75014.58,1776592443000
1776592445.072,245.072,0.22,0.23,0.77,0.78,0.01,0.01,75014.58,1776592444000
1776592445.53,245.53,0.22,0.23,0.77,0.78,0.01,0.01,75014.58,1776592444000
1776592445.888,245.888,0.22,0.23,0.77,0.78,0.01,0.01,75014.58,1776592444000
1776592446.316,246.316,0.22,0.23,0.77,0.78,0.01,0.01,75014.63,1776592445000
1776592447.011,247.011,0.22,0.23,0.77,0.78,0.01,0.01,75014.63,1776592445000
1776592447.861,247.861,0.22,0.23,0.77,0.78,0.01,0.01,75014.61,1776592446000
1776592448.95,248.95,0.21,0.23,0.77,0.79,0.02,0.02,75014.6,1776592447000
1776592449.588,249.588,0.21,0.22,0.78,0.79,0.01,0.01,75014.6,1776592448000
1776592450.145,250.145,0.21,0.22,0.78,0.79,0.01,0.01,75014.6,1776592449000
1776592450.666,250.666,0.21,0.22,0.78,0.79,0.01,0.01,75014.6,1776592449000
1776592451.652,251.652,0.21,0.22,0.78,0.79,0.01,0.01,75014.51,1776592450000
1776592452.002,252.002,0.2,0.21,0.78,0.8,0.01,0.02,75014.73,1776592451000
1776592452.355,252.355,0.15,0.16,0.84,0.85,0.01,0.01,75014.73,1776592451000
1776592452.707,252.707,0.15,0.16,0.84,0.85,0.01,0.01,75014.73,1776592451000
1776592453.06,253.06,0.15,0.16,0.84,0.85,0.01,0.01,75014.74,1776592452000
1776592453.398,253.398,0.15,0.16,0.84,0.85,0.01,0.01,75014.74,1776592452000
1776592453.789,253.789,0.15,0.16,0.84,0.85,0.01,0.01,75014.74,1776592452000
1776592454.138,254.138,0.15,0.16,0.84,0.85,0.01,0.01,75009.34,1776592453000
1776592454.529,254.529,0.15,0.16,0.84,0.85,0.01,0.01,75009.34,1776592453000
1776592454.966,254.966,0.15,0.16,0.84,0.85,0.01,0.01,75009.34,1776592453000
1776592455.318,255.318,0.15,0.16,0.84,0.85,0.01,0.01,75002.76,1776592454000
1776592455.685,255.685,0.15,0.16,0.84,0.85,0.01,0.01,75002.76,1776592454000
1776592456.074,256.074,0.15,0.16,0.84,0.85,0.01,0.01,75002.76,1776592454000
1776592456.436,256.436,0.11,0.13,0.84,0.88,0.02,0.04,75002.77,1776592455000
1776592456.83,256.83,0.11,0.12,0.88,0.89,0.01,0.01,75002.77,1776592455000
1776592457.2,257.2,0.1,0.11,0.89,0.9,0.01,0.01,75003.21,1776592456000
1776592457.553,257.553,0.1,0.11,0.89,0.9,0.01,0.01,75003.21,1776592456000
1776592457.94,257.94,0.1,0.11,0.89,0.9,0.01,0.01,75003.21,1776592456000
1776592458.365,258.365,0.1,0.11,0.89,0.9,0.01,0.01,75003.22,1776592457000
1776592458.748,258.748,0.1,0.11,0.89,0.9,0.01,0.01,75003.22,1776592457000
1776592459.135,259.135,0.06,0.09,0.91,0.95,0.03,0.04,75003.22,1776592458000
1776592459.483,259.483,0.06,0.07,0.93,0.94,0.01,0.01,75003.22,1776592458000
1776592459.818,259.818,0.04,0.06,0.94,0.96,0.02,0.02,75003.22,1776592458000
1776592460.152,260.152,0.04,0.05,0.95,0.96,0.01,0.01,75003.22,1776592459000
1776592460.485,260.485,0.04,0.05,0.95,0.96,0.01,0.01,75003.22,1776592459000
1776592460.831,260.831,0.04,0.05,0.95,0.96,0.01,0.01,75003.22,1776592459000
1776592461.166,261.166,0.04,0.05,0.95,0.96,0.01,0.01,75003.23,1776592460000
1776592461.553,261.553,0.04,0.05,0.94,0.96,0.01,0.02,75003.23,1776592460000
1776592461.907,261.907,0.04,0.05,0.95,0.96,0.01,0.01,75003.23,1776592460000
1776592462.247,262.247,0.04,0.05,0.95,0.96,0.01,0.01,75003.62,1776592461000
1776592462.712,262.712,0.03,0.04,0.96,0.97,0.01,0.01,75003.62,1776592461000
1776592463.115,263.115,0.04,0.05,0.96,0.97,0.01,0.01,75003.62,1776592461000
1776592463.51,263.51,0.03,0.05,0.95,0.96,0.02,0.01,75003.63,1776592462000
1776592463.844,263.844,0.03,0.04,0.96,0.97,0.01,0.01,75003.63,1776592462000
1776592464.341,264.341,0.03,0.04,0.96,0.97,0.01,0.01,75002.32,1776592463000
1776592464.686,264.686,0.04,0.05,0.95,0.96,0.01,0.01,75002.32,1776592463000
1776592465.067,265.067,0.03,0.05,0.95,0.97,0.02,0.02,75003.64,1776592464000
1776592465.435,265.435,0.04,0.05,0.95,0.96,0.01,0.01,75003.64,1776592464000
1776592465.88,265.88,0.1,0.11,0.89,0.9,0.01,0.01,75003.64,1776592464000
1776592466.321,266.321,0.12,0.13,0.87,0.88,0.01,0.01,75003.65,1776592465000
1776592466.703,266.703,0.17,0.18,0.79,0.84,0.01,0.05,75003.65,1776592465000
1776592467.038,267.038,0.17,0.18,0.82,0.83,0.01,0.01,75003.65,1776592465000
1776592467.492,267.492,0.17,0.18,0.82,0.83,0.01,0.01,75003.69,1776592466000
1776592467.873,267.873,0.17,0.18,0.82,0.83,0.01,0.01,75003.69,1776592466000
1776592468.329,268.329,0.17,0.18,0.82,0.83,0.01,0.01,75007.28,1776592467000
1776592468.716,268.716,0.17,0.18,0.82,0.83,0.01,0.01,75007.28,1776592467000
1776592469.087,269.087,0.15,0.16,0.82,0.83,0.01,0.01,75007.28,1776592467000
1776592469.42,269.42,0.15,0.16,0.84,0.85,0.01,0.01,75014.54,1776592468000
1776592469.842,269.842,0.13,0.14,0.86,0.87,0.01,0.01,75014.54,1776592468000
1776592470.194,270.194,0.13,0.14,0.86,0.87,0.01,0.01,75014.56,1776592469000
1776592470.746,270.746,0.12,0.13,0.87,0.88,0.01,0.01,75014.56,1776592469000
1776592471.19,271.19,0.12,0.13,0.87,0.88,0.01,0.01,75014.63,1776592470000
1776592471.55,271.55,0.12,0.13,0.87,0.88,0.01,0.01,75014.63,1776592470000
1776592471.928,271.928,0.12,0.13,0.87,0.88,0.01,0.01,75014.63,1776592470000
1776592472.279,272.279,0.12,0.13,0.87,0.88,0.01,0.01,75014.66,1776592471000
1776592472.736,272.736,0.1,0.13,0.87,0.88,0.03,0.01,75014.66,1776592471000
1776592473.242,273.242,0.1,0.11,0.89,0.9,0.01,0.01,75014.66,1776592471000
1776592473.58,273.58,0.1,0.11,0.89,0.9,0.01,0.01,75013.55,1776592472000
1776592474.193,274.193,0.11,0.12,0.89,0.9,0.01,0.01,75013.55,1776592472000
1776592474.652,274.652,0.11,0.12,0.88,0.89,0.01,0.01,75015.4,1776592473000
1776592474.986,274.986,0.22,0.23,0.77,0.78,0.01,0.01,75015.39,1776592474000
1776592475.355,275.355,0.22,0.23,0.77,0.78,0.01,0.01,75015.39,1776592474000
1776592475.768,275.768,0.23,0.24,0.76,0.77,0.01,0.01,75015.39,1776592474000
1776592476.131,276.131,0.24,0.25,0.75,0.76,0.01,0.01,75015.39,1776592475000
1776592476.464,276.464,0.22,0.29,0.71,0.78,0.07,0.07,75015.39,1776592475000
1776592476.835,276.835,0.24,0.25,0.73,0.76,0.01,0.03,75015.39,1776592475000
1776592477.226,277.226,0.24,0.25,0.75,0.76,0.01,0.01,75014.48,1776592476000
1776592477.573,277.573,0.3,0.31,0.64,0.7,0.01,0.06,75014.48,1776592476000
1776592477.924,277.924,0.5,0.51,0.47,0.51,0.01,0.04,75014.48,1776592476000
1776592478.279,278.279,0.54,0.55,0.45,0.46,0.01,0.01,75017.05,1776592477000
1776592478.629,278.629,0.57,0.61,0.41,0.45,0.04,0.04,75017.05,1776592477000
1776592478.962,278.962,0.64,0.65,0.35,0.36,0.01,0.01,75017.05,1776592477000
1776592479.307,279.307,0.66,0.67,0.33,0.34,0.01,0.01,75018.88,1776592478000
1776592479.677,279.677,0.69,0.7,0.3,0.31,0.01,0.01,75018.88,1776592478000
1776592480.017,280.017,0.69,0.7,0.3,0.31,0.01,0.01,75018.88,1776592478000
1776592480.374,280.374,0.68,0.69,0.31,0.32,0.01,0.01,75018.88,1776592478000
1776592480.723,280.723,0.66,0.67,0.33,0.34,0.01,0.01,75023.0,1776592479000
1776592481.084,281.084,0.66,0.67,0.33,0.34,0.01,0.01,75023.0,1776592479000
1776592481.418,281.418,0.65,0.66,0.34,0.35,0.01,0.01,75023.0,1776592479000
1776592481.835,281.835,0.73,0.74,0.26,0.28,0.01,0.02,75025.18,1776592480000
1776592482.179,282.179,0.72,0.73,0.27,0.28,0.01,0.01,75026.37,1776592481000
1776592482.525,282.525,0.79,0.8,0.2,0.21,0.01,0.01,75026.37,1776592481000
1776592482.868,282.868,0.87,0.88,0.12,0.19,0.01,0.07,75026.37,1776592481000
1776592483.211,283.211,0.88,0.92,0.08,0.12,0.04,0.04,75026.38,1776592482000
1776592483.57,283.57,0.92,0.93,0.07,0.08,0.01,0.01,75026.38,1776592482000
1776592483.919,283.919,0.93,0.94,0.06,0.07,0.01,0.01,75026.38,1776592482000
1776592484.261,284.261,0.93,0.94,0.06,0.07,0.01,0.01,75027.74,1776592483000
1776592484.608,284.608,0.94,0.95,0.05,0.07,0.01,0.02,75027.74,1776592483000
1776592485.022,285.022,0.96,0.97,0.03,0.04,0.01,0.01,75027.74,1776592483000
1776592485.385,285.385,0.96,0.97,0.03,0.04,0.01,0.01,75034.5,1776592484000
1776592485.722,285.722,0.96,0.97,0.03,0.04,0.01,0.01,75034.5,1776592484000
1776592486.075,286.075,0.95,0.96,0.03,0.04,0.01,0.01,75034.5,1776592484000
1776592486.408,286.408,0.95,0.96,0.04,0.05,0.01,0.01,75034.5,1776592484000
1776592486.747,286.747,0.95,0.96,0.04,0.05,0.01,0.01,75036.74,1776592485000
1776592487.082,287.082,0.95,0.96,0.04,0.05,0.01,0.01,75038.23,1776592486000
1776592487.573,287.573,0.95,0.96,0.04,0.05,0.01,0.01,75038.23,1776592486000
1776592487.971,287.971,0.96,0.97,0.03,0.04,0.01,0.01,75038.23,1776592486000
1776592488.318,288.318,0.96,0.97,0.03,0.04,0.01,0.01,75038.7,1776592487000
1776592488.665,288.665,0.96,0.97,0.03,0.04,0.01,0.01,75038.7,1776592487000
1776592489.029,289.029,0.96,0.97,0.03,0.04,0.01,0.01,75038.86,1776592488000
1776592489.431,289.431,0.96,0.97,0.03,0.04,0.01,0.01,75038.86,1776592488000
1776592489.812,289.812,0.96,0.97,0.03,0.04,0.01,0.01,75038.86,1776592488000
1776592490.342,290.342,0.96,0.97,0.03,0.04,0.01,0.01,75038.86,1776592488000
1776592490.775,290.775,0.95,0.96,0.04,0.05,0.01,0.01,75038.91,1776592489000
1776592491.131,291.131,0.95,0.96,0.04,0.05,0.01,0.01,75038.91,1776592489000
1776592491.615,291.615,0.95,0.97,0.04,0.05,0.02,0.01,75039.82,1776592490000
1776592492.0,292.0,0.96,0.97,0.03,0.04,0.01,0.01,75039.82,1776592490000
1776592492.384,292.384,0.97,0.98,0.02,0.04,0.01,0.02,75039.82,1776592491000
1776592492.731,292.731,0.97,0.98,0.02,0.03,0.01,0.01,75039.82,1776592491000
1776592493.113,293.113,0.97,0.98,0.02,0.03,0.01,0.01,75039.82,1776592491000
1776592493.604,293.604,0.97,0.98,0.02,0.03,0.01,0.01,75039.83,1776592492000
1776592494.03,294.03,0.97,0.98,0.02,0.03,0.01,0.01,75039.83,1776592492000
1776592494.51,294.51,0.97,0.98,0.02,0.03,0.01,0.01,75039.92,1776592493000
1776592494.843,294.843,0.97,0.98,0.02,0.03,0.01,0.01,75039.92,1776592493000
1776592495.307,295.307,0.97,0.98,0.02,0.03,0.01,0.01,75042.8,1776592494000
1776592495.783,295.783,0.98,0.99,0.01,0.02,0.01,0.01,75042.8,1776592494000
1776592496.121,296.121,0.98,0.99,0.01,0.02,0.01,0.01,75043.37,1776592495000
1776592496.472,296.472,0.98,0.99,0.01,0.02,0.01,0.01,75043.37,1776592495000
1776592496.806,296.806,0.98,0.99,0.01,0.02,0.01,0.01,75043.37,1776592495000
1776592497.148,297.148,0.98,0.99,0.01,0.02,0.01,0.01,75043.37,1776592495000
1776592497.487,297.487,0.98,0.99,0.01,0.02,0.01,0.01,75044.68,1776592496000
1776592497.888,297.888,0.99,0.99,0.01,0.01,0.0,0.0,75044.68,1776592496000
1776592498.314,298.314,0.99,0.99,0.01,0.01,0.0,0.0,75044.89,1776592497000
1776592499.272,299.272,0.99,0.99,0.01,0.01,0.0,0.0,75053.56,1776592498000
1776592499.729,299.729,0.99,0.99,0.01,0.01,0.0,0.0,75053.56,1776592498000
1776592500.347,300.347,0.99,0.99,0.01,0.01,0.0,0.0,75053.56,1776592498000
1776592500.865,300.865,0.99,0.99,0.01,0.01,0.0,0.0,75065.44,1776592499000
1776592502.478,302.478,0.99,0.99,0.01,0.01,0.0,0.0,75066.07,1776592501000

# RESULT,winner=Up,slug=btc-updown-5m-1776592200,ticks=681
