timestamp,elapsed_sec,up_bid,up_ask,down_bid,down_ask,up_spread,down_spread,btc_price,btc_oracle_ts
1776557400.503,0.503,0.47,0.48,0.51,0.52,0.01,0.01,75857.84,1776557398000
1776557400.841,0.841,0.47,0.48,0.52,0.53,0.01,0.01,75857.84,1776557399000
1776557401.312,1.312,0.49,0.5,0.5,0.51,0.01,0.01,75858.01,1776557400000
1776557401.668,1.668,0.49,0.5,0.5,0.51,0.01,0.01,75858.01,1776557400000
1776557402.003,2.003,0.49,0.5,0.5,0.51,0.01,0.01,75858.01,1776557400000
1776557402.494,2.494,0.49,0.5,0.5,0.51,0.01,0.01,75858.01,1776557400000
1776557403.032,3.032,0.49,0.5,0.5,0.51,0.01,0.01,75858.02,1776557401000
1776557403.377,3.377,0.49,0.51,0.49,0.51,0.02,0.02,75860.09,1776557402000
1776557403.83,3.83,0.5,0.51,0.49,0.5,0.01,0.01,75860.09,1776557402000
1776557404.169,4.169,0.5,0.51,0.49,0.5,0.01,0.01,75860.09,1776557402000
1776557404.539,4.539,0.52,0.53,0.47,0.48,0.01,0.01,75860.31,1776557403000
1776557404.917,4.917,0.52,0.53,0.47,0.48,0.01,0.01,75860.31,1776557403000
1776557405.367,5.367,0.52,0.53,0.47,0.48,0.01,0.01,75860.32,1776557404000
1776557405.848,5.848,0.52,0.53,0.47,0.48,0.01,0.01,75860.32,1776557404000
1776557406.284,6.284,0.52,0.53,0.47,0.48,0.01,0.01,75860.35,1776557405000
1776557406.635,6.635,0.53,0.54,0.46,0.47,0.01,0.01,75860.35,1776557405000
1776557407.025,7.025,0.53,0.54,0.46,0.47,0.01,0.01,75860.35,1776557405000
1776557407.48,7.48,0.53,0.55,0.46,0.47,0.02,0.01,75860.35,1776557406000
1776557407.899,7.899,0.54,0.55,0.45,0.46,0.01,0.01,75860.35,1776557406000
1776557408.403,8.403,0.54,0.55,0.45,0.46,0.01,0.01,75860.41,1776557407000
1776557408.999,8.999,0.54,0.55,0.45,0.46,0.01,0.01,75860.41,1776557407000
1776557409.372,9.372,0.54,0.55,0.45,0.46,0.01,0.01,75861.45,1776557408000
1776557409.798,9.798,0.54,0.55,0.45,0.46,0.01,0.01,75861.45,1776557408000
1776557410.164,10.164,0.54,0.57,0.45,0.46,0.03,0.01,75861.45,1776557408000
1776557410.618,10.618,0.56,0.57,0.43,0.46,0.01,0.03,75861.65,1776557409000
1776557410.984,10.984,0.56,0.57,0.43,0.44,0.01,0.01,75861.65,1776557409000
1776557411.335,11.335,0.56,0.57,0.43,0.44,0.01,0.01,75861.65,1776557409000
1776557411.926,11.926,0.57,0.58,0.42,0.43,0.01,0.01,75862.34,1776557410000
1776557412.376,12.376,0.57,0.58,0.42,0.43,0.01,0.01,75862.34,1776557410000
1776557412.773,12.773,0.57,0.58,0.42,0.43,0.01,0.01,75863.07,1776557411000
1776557413.14,13.14,0.57,0.58,0.42,0.43,0.01,0.01,75863.07,1776557411000
1776557413.549,13.549,0.57,0.58,0.42,0.43,0.01,0.01,75863.07,1776557412000
1776557413.985,13.985,0.57,0.58,0.42,0.43,0.01,0.01,75863.07,1776557412000
1776557414.555,14.555,0.57,0.58,0.42,0.43,0.01,0.01,75863.17,1776557413000
1776557414.979,14.979,0.57,0.58,0.42,0.43,0.01,0.01,75863.17,1776557413000
1776557415.671,15.671,0.57,0.58,0.42,0.43,0.01,0.01,75863.26,1776557414000
1776557416.578,16.578,0.57,0.58,0.42,0.43,0.01,0.01,75863.26,1776557414000
1776557417.279,17.279,0.57,0.58,0.42,0.43,0.01,0.01,75863.25,1776557416000
1776557417.799,17.799,0.57,0.6,0.42,0.43,0.03,0.01,75863.25,1776557416000
1776557418.262,18.262,0.59,0.6,0.4,0.41,0.01,0.01,75863.25,1776557417000
1776557418.621,18.621,0.59,0.6,0.4,0.41,0.01,0.01,75863.25,1776557417000
1776557419.097,19.097,0.59,0.6,0.4,0.41,0.01,0.01,75863.25,1776557417000
1776557419.43,19.43,0.59,0.61,0.4,0.41,0.02,0.01,75867.59,1776557418000
1776557419.841,19.841,0.6,0.61,0.39,0.4,0.01,0.01,75867.59,1776557418000
1776557420.226,20.226,0.6,0.62,0.39,0.4,0.02,0.01,75867.59,1776557418000
1776557420.636,20.636,0.61,0.62,0.38,0.39,0.01,0.01,75867.62,1776557419000
1776557421.131,21.131,0.61,0.62,0.38,0.39,0.01,0.01,75867.62,1776557419000
1776557421.65,21.65,0.62,0.63,0.38,0.39,0.01,0.01,75867.62,1776557420000
1776557422.278,22.278,0.62,0.63,0.37,0.38,0.01,0.01,75867.62,1776557421000
1776557422.862,22.862,0.62,0.63,0.37,0.38,0.01,0.01,75867.62,1776557421000
1776557423.271,23.271,0.62,0.63,0.37,0.38,0.01,0.01,75868.04,1776557422000
1776557423.838,23.838,0.62,0.63,0.37,0.38,0.01,0.01,75868.04,1776557422000
1776557424.29,24.29,0.62,0.63,0.37,0.38,0.01,0.01,75868.08,1776557423000
1776557424.791,24.791,0.62,0.63,0.37,0.38,0.01,0.01,75868.08,1776557423000
1776557425.124,25.124,0.62,0.63,0.37,0.38,0.01,0.01,75869.26,1776557424000
1776557425.799,25.799,0.6,0.63,0.37,0.38,0.03,0.01,75869.26,1776557424000
1776557426.328,26.328,0.59,0.63,0.37,0.38,0.04,0.01,75869.28,1776557425000
1776557426.725,26.725,0.61,0.62,0.37,0.41,0.01,0.04,75869.28,1776557425000
1776557427.123,27.123,0.62,0.63,0.37,0.38,0.01,0.01,75869.28,1776557425000
1776557427.637,27.637,0.6,0.62,0.37,0.41,0.02,0.04,75869.28,1776557426000
1776557428.01,28.01,0.59,0.61,0.39,0.43,0.02,0.04,75869.28,1776557426000
1776557428.68,28.68,0.58,0.59,0.39,0.42,0.01,0.03,75869.3,1776557427000
1776557429.089,29.089,0.58,0.59,0.41,0.42,0.01,0.01,75869.3,1776557427000
1776557429.46,29.46,0.58,0.59,0.41,0.42,0.01,0.01,75869.76,1776557428000
1776557429.799,29.799,0.58,0.59,0.41,0.42,0.01,0.01,75869.76,1776557428000
1776557430.158,30.158,0.58,0.59,0.41,0.43,0.01,0.02,75869.76,1776557428000
1776557430.51,30.51,0.58,0.59,0.41,0.42,0.01,0.01,75869.76,1776557429000
1776557430.872,30.872,0.58,0.59,0.41,0.42,0.01,0.01,75869.76,1776557429000
1776557431.371,31.371,0.58,0.59,0.41,0.42,0.01,0.01,75869.76,1776557429000
1776557431.815,31.815,0.58,0.59,0.41,0.42,0.01,0.01,75869.77,1776557430000
1776557432.354,32.354,0.58,0.59,0.41,0.42,0.01,0.01,75869.77,1776557430000
1776557432.756,32.756,0.57,0.58,0.41,0.44,0.01,0.03,75869.77,1776557431000
1776557433.13,33.13,0.57,0.58,0.42,0.43,0.01,0.01,75869.77,1776557432000
1776557433.515,33.515,0.57,0.58,0.42,0.43,0.01,0.01,75869.77,1776557432000
1776557433.969,33.969,0.57,0.58,0.42,0.43,0.01,0.01,75869.77,1776557432000
1776557434.472,34.472,0.57,0.58,0.42,0.43,0.01,0.01,75869.79,1776557433000
1776557434.944,34.944,0.57,0.58,0.42,0.43,0.01,0.01,75869.79,1776557433000
1776557435.293,35.293,0.57,0.6,0.42,0.43,0.03,0.01,75869.79,1776557433000
1776557435.627,35.627,0.59,0.6,0.4,0.41,0.01,0.01,75869.79,1776557434000
1776557436.073,36.073,0.59,0.6,0.4,0.41,0.01,0.01,75869.79,1776557434000
1776557436.424,36.424,0.59,0.6,0.4,0.41,0.01,0.01,75869.8,1776557435000
1776557436.792,36.792,0.59,0.6,0.4,0.41,0.01,0.01,75869.8,1776557435000
1776557437.344,37.344,0.59,0.6,0.4,0.41,0.01,0.01,75869.8,1776557435000
1776557437.914,37.914,0.59,0.6,0.4,0.41,0.01,0.01,75869.75,1776557436000
1776557438.322,38.322,0.59,0.6,0.4,0.41,0.01,0.01,75869.75,1776557436000
1776557438.808,38.808,0.59,0.6,0.4,0.41,0.01,0.01,75870.35,1776557437000
1776557439.192,39.192,0.59,0.6,0.4,0.41,0.01,0.01,75870.35,1776557438000
1776557440.021,40.021,0.59,0.6,0.4,0.41,0.01,0.01,75870.35,1776557439000
1776557440.553,40.553,0.59,0.6,0.4,0.41,0.01,0.01,75870.35,1776557439000
1776557440.911,40.911,0.59,0.6,0.4,0.41,0.01,0.01,75870.35,1776557439000
1776557441.34,41.34,0.59,0.6,0.4,0.41,0.01,0.01,75870.35,1776557440000
1776557441.904,41.904,0.59,0.6,0.4,0.41,0.01,0.01,75870.35,1776557440000
1776557442.411,42.411,0.59,0.6,0.4,0.41,0.01,0.01,75870.34,1776557441000
1776557443.237,43.237,0.59,0.6,0.4,0.41,0.01,0.01,75870.35,1776557442000
1776557443.67,43.67,0.59,0.6,0.4,0.41,0.01,0.01,75870.35,1776557442000
1776557444.061,44.061,0.59,0.6,0.4,0.41,0.01,0.01,75870.35,1776557442000
1776557444.452,44.452,0.59,0.6,0.4,0.41,0.01,0.01,75870.35,1776557443000
1776557445.011,45.011,0.59,0.6,0.4,0.41,0.01,0.01,75870.35,1776557443000
1776557445.373,45.373,0.58,0.59,0.41,0.42,0.01,0.01,75870.36,1776557444000
1776557445.921,45.921,0.58,0.59,0.41,0.42,0.01,0.01,75870.36,1776557444000
1776557446.438,46.438,0.58,0.59,0.41,0.42,0.01,0.01,75870.36,1776557445000
1776557446.804,46.804,0.57,0.58,0.41,0.43,0.01,0.02,75870.36,1776557445000
1776557447.35,47.35,0.57,0.58,0.42,0.43,0.01,0.01,75870.36,1776557446000
1776557447.69,47.69,0.57,0.58,0.42,0.43,0.01,0.01,75870.36,1776557446000
1776557448.037,48.037,0.57,0.58,0.42,0.43,0.01,0.01,75870.36,1776557446000
1776557448.371,48.371,0.51,0.53,0.47,0.49,0.02,0.02,75870.36,1776557447000
1776557448.726,48.726,0.5,0.52,0.48,0.49,0.02,0.01,75870.36,1776557447000
1776557449.353,49.353,0.49,0.5,0.5,0.51,0.01,0.01,75870.33,1776557448000
1776557449.693,49.693,0.49,0.5,0.5,0.51,0.01,0.01,75870.33,1776557448000
1776557450.336,50.336,0.49,0.5,0.5,0.51,0.01,0.01,75870.33,1776557448000
1776557450.699,50.699,0.49,0.5,0.5,0.51,0.01,0.01,75865.91,1776557449000
1776557451.106,51.106,0.49,0.5,0.5,0.51,0.01,0.01,75863.12,1776557450000
1776557451.55,51.55,0.49,0.5,0.5,0.51,0.01,0.01,75863.12,1776557450000
1776557451.891,51.891,0.46,0.48,0.52,0.54,0.02,0.02,75863.12,1776557450000
1776557452.23,52.23,0.45,0.49,0.5,0.55,0.04,0.05,75863.12,1776557450000
1776557452.596,52.596,0.4,0.43,0.57,0.6,0.03,0.03,75859.62,1776557451000
1776557453.048,53.048,0.42,0.44,0.55,0.57,0.02,0.02,75859.62,1776557451000
1776557453.385,53.385,0.4,0.43,0.57,0.58,0.03,0.01,75859.62,1776557451000
1776557453.832,53.832,0.37,0.39,0.61,0.66,0.02,0.05,75857.76,1776557452000
1776557454.491,54.491,0.36,0.38,0.62,0.63,0.02,0.01,75854.2,1776557453000
1776557454.896,54.896,0.37,0.38,0.62,0.63,0.01,0.01,75854.2,1776557453000
1776557455.333,55.333,0.36,0.37,0.62,0.64,0.01,0.02,75854.2,1776557454000
1776557455.692,55.692,0.36,0.37,0.63,0.64,0.01,0.01,75854.2,1776557454000
1776557456.146,56.146,0.35,0.36,0.63,0.65,0.01,0.02,75854.2,1776557454000
1776557456.487,56.487,0.35,0.36,0.64,0.65,0.01,0.01,75848.62,1776557455000
1776557456.852,56.852,0.3,0.34,0.64,0.69,0.04,0.05,75848.62,1776557455000
1776557457.224,57.224,0.29,0.35,0.69,0.71,0.06,0.02,75848.62,1776557455000
1776557458.064,58.064,0.28,0.3,0.7,0.72,0.02,0.02,75848.26,1776557456000
1776557458.397,58.397,0.26,0.29,0.71,0.74,0.03,0.03,75848.06,1776557457000
1776557458.798,58.798,0.27,0.28,0.72,0.73,0.01,0.01,75848.06,1776557457000
1776557459.329,59.329,0.26,0.28,0.72,0.74,0.02,0.02,75839.36,1776557458000
1776557459.878,59.878,0.25,0.28,0.72,0.74,0.03,0.02,75839.36,1776557458000
1776557460.406,60.406,0.25,0.26,0.74,0.75,0.01,0.01,75837.58,1776557459000
1776557460.911,60.911,0.25,0.26,0.74,0.75,0.01,0.01,75837.58,1776557459000
1776557461.332,61.332,0.25,0.26,0.74,0.75,0.01,0.01,75833.84,1776557460000
1776557461.676,61.676,0.25,0.26,0.74,0.75,0.01,0.01,75833.84,1776557460000
1776557462.096,62.096,0.25,0.26,0.74,0.75,0.01,0.01,75833.84,1776557460000
1776557462.433,62.433,0.25,0.26,0.74,0.75,0.01,0.01,75833.59,1776557461000
1776557463.091,63.091,0.25,0.26,0.74,0.75,0.01,0.01,75833.59,1776557461000
1776557463.445,63.445,0.25,0.26,0.74,0.75,0.01,0.01,75833.59,1776557461000
1776557464.053,64.053,0.25,0.26,0.74,0.75,0.01,0.01,75836.34,1776557463000
1776557464.783,64.783,0.25,0.26,0.74,0.75,0.01,0.01,75836.34,1776557463000
1776557465.185,65.185,0.25,0.26,0.74,0.75,0.01,0.01,75836.34,1776557463000
1776557465.708,65.708,0.25,0.26,0.74,0.75,0.01,0.01,75836.99,1776557464000
1776557466.225,66.225,0.25,0.26,0.74,0.75,0.01,0.01,75836.99,1776557464000
1776557466.912,66.912,0.25,0.26,0.74,0.75,0.01,0.01,75836.41,1776557465000
1776557467.448,67.448,0.25,0.26,0.74,0.75,0.01,0.01,75835.54,1776557466000
1776557467.802,67.802,0.25,0.26,0.74,0.75,0.01,0.01,75835.54,1776557466000
1776557468.204,68.204,0.25,0.26,0.74,0.75,0.01,0.01,75835.54,1776557466000
1776557468.571,68.571,0.25,0.26,0.74,0.75,0.01,0.01,75836.39,1776557467000
1776557468.965,68.965,0.25,0.26,0.74,0.75,0.01,0.01,75836.39,1776557467000
1776557469.565,69.565,0.25,0.26,0.74,0.75,0.01,0.01,75836.5,1776557468000
1776557469.988,69.988,0.25,0.26,0.74,0.75,0.01,0.01,75836.5,1776557468000
1776557470.392,70.392,0.25,0.26,0.74,0.75,0.01,0.01,75836.5,1776557469000
1776557470.753,70.753,0.25,0.26,0.74,0.75,0.01,0.01,75836.5,1776557469000
1776557471.327,71.327,0.25,0.26,0.74,0.75,0.01,0.01,75836.5,1776557469000
1776557471.709,71.709,0.25,0.26,0.74,0.75,0.01,0.01,75836.5,1776557469000
1776557472.076,72.076,0.24,0.25,0.75,0.76,0.01,0.01,75833.81,1776557471000
1776557472.551,72.551,0.24,0.25,0.75,0.76,0.01,0.01,75833.81,1776557471000
1776557473.254,73.254,0.24,0.25,0.75,0.76,0.01,0.01,75833.81,1776557471000
1776557474.153,74.153,0.24,0.25,0.75,0.76,0.01,0.01,75833.81,1776557471000
1776557474.508,74.508,0.2,0.21,0.79,0.8,0.01,0.01,75833.81,1776557471000
1776557474.846,74.846,0.2,0.21,0.79,0.8,0.01,0.01,75833.81,1776557471000
1776557475.205,75.205,0.19,0.2,0.8,0.81,0.01,0.01,75833.81,1776557471000
1776557475.602,75.602,0.19,0.2,0.8,0.81,0.01,0.01,75833.26,1776557474000
1776557476.247,76.247,0.18,0.2,0.8,0.82,0.02,0.02,75833.26,1776557474000
1776557476.968,76.968,0.18,0.19,0.8,0.82,0.01,0.02,75833.26,1776557474000
1776557477.338,77.338,0.18,0.19,0.81,0.82,0.01,0.01,75830.32,1776557475000
1776557477.677,77.677,0.18,0.19,0.81,0.82,0.01,0.01,75828.36,1776557476000
1776557478.077,78.077,0.17,0.22,0.81,0.83,0.05,0.02,75828.36,1776557476000
1776557478.453,78.453,0.17,0.18,0.82,0.83,0.01,0.01,75828.36,1776557476000
1776557478.885,78.885,0.17,0.18,0.82,0.83,0.01,0.01,75827.66,1776557477000
1776557479.219,79.219,0.17,0.18,0.81,0.83,0.01,0.02,75827.66,1776557477000
1776557479.567,79.567,0.17,0.18,0.82,0.83,0.01,0.01,75826.58,1776557478000
1776557480.038,80.038,0.18,0.19,0.81,0.83,0.01,0.02,75826.58,1776557478000
1776557480.579,80.579,0.18,0.19,0.81,0.82,0.01,0.01,75826.53,1776557479000
1776557480.913,80.913,0.18,0.19,0.81,0.82,0.01,0.01,75826.53,1776557479000
1776557481.332,81.332,0.18,0.19,0.81,0.82,0.01,0.01,75826.53,1776557479000
1776557481.7,81.7,0.18,0.19,0.81,0.82,0.01,0.01,75823.33,1776557480000
1776557482.063,82.063,0.18,0.19,0.81,0.82,0.01,0.01,75823.33,1776557481000
1776557482.425,82.425,0.18,0.19,0.81,0.82,0.01,0.01,75823.33,1776557481000
1776557482.848,82.848,0.18,0.19,0.81,0.82,0.01,0.01,75823.33,1776557481000
1776557483.365,83.365,0.18,0.19,0.81,0.82,0.01,0.01,75822.75,1776557482000
1776557483.703,83.703,0.18,0.19,0.81,0.82,0.01,0.01,75822.75,1776557482000
1776557484.429,84.429,0.18,0.2,0.8,0.82,0.02,0.02,75822.93,1776557483000
1776557484.991,84.991,0.18,0.19,0.81,0.82,0.01,0.01,75823.44,1776557484000
1776557485.372,85.372,0.18,0.19,0.81,0.82,0.01,0.01,75823.44,1776557484000
1776557485.92,85.92,0.18,0.19,0.81,0.82,0.01,0.01,75823.44,1776557484000
1776557486.379,86.379,0.18,0.19,0.81,0.82,0.01,0.01,75823.44,1776557484000
1776557487.224,87.224,0.18,0.19,0.81,0.82,0.01,0.01,75823.55,1776557486000
1776557487.56,87.56,0.18,0.21,0.81,0.82,0.03,0.01,75823.55,1776557486000
1776557487.973,87.973,0.23,0.24,0.76,0.77,0.01,0.01,75823.55,1776557486000
1776557488.311,88.311,0.23,0.25,0.75,0.77,0.02,0.02,75823.55,1776557486000
1776557488.803,88.803,0.23,0.24,0.76,0.77,0.01,0.01,75823.55,1776557486000
1776557489.146,89.146,0.23,0.24,0.76,0.77,0.01,0.01,75823.62,1776557487000
1776557489.566,89.566,0.23,0.24,0.76,0.77,0.01,0.01,75831.62,1776557488000
1776557490.199,90.199,0.23,0.24,0.76,0.77,0.01,0.01,75831.62,1776557488000
1776557490.688,90.688,0.23,0.24,0.76,0.77,0.01,0.01,75831.62,1776557489000
1776557491.317,91.317,0.23,0.24,0.76,0.77,0.01,0.01,75831.62,1776557489000
1776557491.7,91.7,0.23,0.24,0.76,0.77,0.01,0.01,75833.47,1776557490000
1776557492.408,92.408,0.23,0.24,0.76,0.77,0.01,0.01,75833.46,1776557491000
1776557492.993,92.993,0.23,0.25,0.76,0.77,0.02,0.01,75833.46,1776557491000
1776557493.374,93.374,0.23,0.25,0.75,0.77,0.02,0.02,75833.46,1776557491000
1776557493.92,93.92,0.24,0.25,0.75,0.76,0.01,0.01,75833.47,1776557492000
1776557494.496,94.496,0.24,0.25,0.75,0.76,0.01,0.01,75833.47,1776557493000
1776557495.14,95.14,0.24,0.25,0.75,0.76,0.01,0.01,75833.47,1776557493000
1776557496.51,96.51,0.24,0.25,0.75,0.76,0.01,0.01,75833.47,1776557493000
1776557496.884,96.884,0.28,0.31,0.69,0.73,0.03,0.04,75833.47,1776557493000
1776557497.222,97.222,0.28,0.29,0.71,0.72,0.01,0.01,75833.47,1776557493000
1776557497.603,97.603,0.29,0.3,0.7,0.72,0.01,0.02,75833.78,1776557496000
1776557498.008,98.008,0.29,0.3,0.7,0.71,0.01,0.01,75833.78,1776557496000
1776557498.343,98.343,0.29,0.3,0.7,0.71,0.01,0.01,75833.78,1776557496000
1776557498.723,98.723,0.29,0.3,0.7,0.71,0.01,0.01,75833.76,1776557497000
1776557499.214,99.214,0.29,0.3,0.7,0.71,0.01,0.01,75833.76,1776557497000
1776557499.8,99.8,0.29,0.3,0.7,0.71,0.01,0.01,75835.66,1776557498000
1776557500.288,100.288,0.29,0.3,0.7,0.71,0.01,0.01,75835.66,1776557498000
1776557500.646,100.646,0.29,0.3,0.7,0.71,0.01,0.01,75837.11,1776557499000
1776557501.065,101.065,0.29,0.3,0.7,0.71,0.01,0.01,75837.11,1776557499000
1776557501.532,101.532,0.29,0.3,0.7,0.71,0.01,0.01,75837.11,1776557499000
1776557501.886,101.886,0.29,0.3,0.7,0.71,0.01,0.01,75837.12,1776557500000
1776557502.377,102.377,0.28,0.29,0.71,0.72,0.01,0.01,75837.12,1776557500000
1776557502.845,102.845,0.27,0.29,0.71,0.72,0.02,0.01,75837.82,1776557501000
1776557503.344,103.344,0.28,0.29,0.71,0.72,0.01,0.01,75837.83,1776557502000
1776557503.71,103.71,0.27,0.28,0.72,0.73,0.01,0.01,75837.83,1776557502000
1776557504.164,104.164,0.26,0.27,0.72,0.74,0.01,0.02,75837.83,1776557502000
1776557505.616,105.616,0.26,0.27,0.73,0.74,0.01,0.01,75837.88,1776557504000
1776557506.3,106.3,0.26,0.27,0.73,0.74,0.01,0.01,75837.88,1776557505000
1776557506.938,106.938,0.26,0.27,0.73,0.74,0.01,0.01,75837.88,1776557505000
1776557507.437,107.437,0.26,0.27,0.73,0.74,0.01,0.01,75837.88,1776557505000
1776557508.041,108.041,0.26,0.27,0.73,0.74,0.01,0.01,75837.88,1776557506000
1776557508.744,108.744,0.26,0.27,0.73,0.74,0.01,0.01,75837.88,1776557506000
1776557509.639,109.639,0.26,0.27,0.73,0.74,0.01,0.01,75837.88,1776557508000
1776557510.099,110.099,0.26,0.27,0.73,0.74,0.01,0.01,75837.88,1776557508000
1776557511.223,111.223,0.26,0.27,0.73,0.74,0.01,0.01,75838.33,1776557510000
1776557511.626,111.626,0.26,0.27,0.73,0.74,0.01,0.01,75838.33,1776557510000
1776557512.526,112.526,0.26,0.27,0.73,0.74,0.01,0.01,75838.33,1776557510000
1776557512.984,112.984,0.26,0.27,0.73,0.74,0.01,0.01,75838.33,1776557511000
1776557513.347,113.347,0.26,0.27,0.73,0.74,0.01,0.01,75838.48,1776557512000
1776557514.101,114.101,0.27,0.28,0.73,0.74,0.01,0.01,75838.48,1776557512000
1776557514.454,114.454,0.26,0.28,0.72,0.74,0.02,0.02,75838.57,1776557513000
1776557514.979,114.979,0.25,0.27,0.73,0.74,0.02,0.01,75838.57,1776557513000
1776557515.335,115.335,0.25,0.26,0.74,0.75,0.01,0.01,75838.57,1776557513000
1776557515.911,115.911,0.25,0.26,0.74,0.75,0.01,0.01,75838.77,1776557514000
1776557516.371,116.371,0.25,0.26,0.74,0.75,0.01,0.01,75838.77,1776557515000
1776557516.976,116.976,0.25,0.26,0.74,0.75,0.01,0.01,75838.77,1776557515000
1776557517.351,117.351,0.25,0.26,0.74,0.75,0.01,0.01,75838.77,1776557515000
1776557518.223,118.223,0.25,0.26,0.74,0.75,0.01,0.01,75838.78,1776557517000
1776557518.661,118.661,0.25,0.26,0.74,0.75,0.01,0.01,75838.78,1776557517000
1776557519.692,119.692,0.25,0.26,0.74,0.75,0.01,0.01,75838.82,1776557518000
1776557520.165,120.165,0.25,0.26,0.74,0.75,0.01,0.01,75838.82,1776557519000
1776557520.528,120.528,0.25,0.26,0.74,0.75,0.01,0.01,75838.82,1776557519000
1776557520.902,120.902,0.25,0.26,0.74,0.75,0.01,0.01,75838.82,1776557519000
1776557521.323,121.323,0.25,0.26,0.74,0.75,0.01,0.01,75838.82,1776557520000
1776557521.811,121.811,0.25,0.26,0.74,0.75,0.01,0.01,75838.82,1776557520000
1776557522.75,122.75,0.25,0.26,0.74,0.75,0.01,0.01,75838.83,1776557521000
1776557523.408,123.408,0.25,0.26,0.74,0.75,0.01,0.01,75838.83,1776557522000
1776557523.969,123.969,0.25,0.26,0.74,0.75,0.01,0.01,75838.83,1776557522000
1776557524.724,124.724,0.25,0.26,0.74,0.75,0.01,0.01,75839.05,1776557523000
1776557525.176,125.176,0.25,0.26,0.74,0.75,0.01,0.01,75839.05,1776557523000
1776557525.509,125.509,0.25,0.26,0.74,0.75,0.01,0.01,75839.09,1776557524000
1776557526.157,126.157,0.25,0.26,0.74,0.75,0.01,0.01,75839.1,1776557525000
1776557527.434,127.434,0.25,0.26,0.74,0.75,0.01,0.01,75839.1,1776557525000
1776557528.04,128.04,0.25,0.26,0.74,0.75,0.01,0.01,75839.11,1776557527000
1776557528.461,128.461,0.25,0.26,0.74,0.75,0.01,0.01,75839.11,1776557527000
1776557529.142,129.142,0.25,0.26,0.74,0.75,0.01,0.01,75839.11,1776557527000
1776557530.349,130.349,0.25,0.26,0.74,0.75,0.01,0.01,75839.11,1776557528000
1776557531.119,131.119,0.25,0.26,0.74,0.75,0.01,0.01,75839.11,1776557530000
1776557531.997,131.997,0.25,0.26,0.74,0.75,0.01,0.01,75839.11,1776557530000
1776557532.334,132.334,0.25,0.26,0.74,0.75,0.01,0.01,75839.11,1776557530000
1776557532.672,132.672,0.25,0.26,0.74,0.75,0.01,0.01,75839.11,1776557530000
1776557533.073,133.073,0.25,0.26,0.74,0.75,0.01,0.01,75839.12,1776557531000
1776557533.707,133.707,0.25,0.26,0.74,0.75,0.01,0.01,75839.12,1776557531000
1776557534.835,134.835,0.25,0.26,0.74,0.75,0.01,0.01,75839.12,1776557532000
1776557535.289,135.289,0.25,0.26,0.74,0.75,0.01,0.01,75839.12,1776557533000
1776557536.202,136.202,0.25,0.26,0.74,0.75,0.01,0.01,75839.12,1776557535000
1776557536.802,136.802,0.24,0.25,0.74,0.75,0.01,0.01,75839.12,1776557535000
1776557537.14,137.14,0.21,0.22,0.78,0.79,0.01,0.01,75839.12,1776557536000
1776557537.527,137.527,0.2,0.21,0.79,0.8,0.01,0.01,75839.12,1776557536000
1776557538.235,138.235,0.18,0.19,0.8,0.82,0.01,0.02,75839.12,1776557536000
1776557538.6,138.6,0.18,0.19,0.81,0.82,0.01,0.01,75836.19,1776557537000
1776557539.113,139.113,0.17,0.18,0.81,0.82,0.01,0.01,75836.19,1776557537000
1776557540.027,140.027,0.17,0.18,0.82,0.83,0.01,0.01,75833.66,1776557538000
1776557540.464,140.464,0.17,0.18,0.82,0.83,0.01,0.01,75833.04,1776557539000
1776557540.804,140.804,0.17,0.18,0.82,0.83,0.01,0.01,75833.04,1776557539000
1776557541.156,141.156,0.17,0.18,0.82,0.83,0.01,0.01,75833.04,1776557539000
1776557541.682,141.682,0.17,0.18,0.82,0.83,0.01,0.01,75832.27,1776557540000
1776557542.429,142.429,0.17,0.18,0.82,0.83,0.01,0.01,75832.65,1776557541000
1776557542.901,142.901,0.17,0.18,0.82,0.83,0.01,0.01,75832.65,1776557542000
1776557543.433,143.433,0.17,0.18,0.82,0.83,0.01,0.01,75832.65,1776557542000
1776557544.011,144.011,0.17,0.18,0.82,0.83,0.01,0.01,75834.31,1776557543000
1776557544.497,144.497,0.17,0.18,0.82,0.83,0.01,0.01,75834.31,1776557543000
1776557544.838,144.838,0.17,0.18,0.82,0.83,0.01,0.01,75834.31,1776557543000
1776557545.723,145.723,0.17,0.18,0.82,0.83,0.01,0.01,75834.53,1776557544000
1776557546.07,146.07,0.17,0.18,0.82,0.83,0.01,0.01,75834.53,1776557544000
1776557546.408,146.408,0.17,0.18,0.82,0.83,0.01,0.01,75834.43,1776557545000
1776557547.318,147.318,0.17,0.18,0.82,0.83,0.01,0.01,75834.52,1776557546000
1776557548.056,148.056,0.17,0.18,0.82,0.83,0.01,0.01,75834.52,1776557546000
1776557548.43,148.43,0.17,0.18,0.82,0.83,0.01,0.01,75834.45,1776557547000
1776557548.924,148.924,0.17,0.18,0.82,0.83,0.01,0.01,75834.45,1776557547000
1776557549.474,149.474,0.17,0.18,0.82,0.83,0.01,0.01,75834.45,1776557547000
1776557550.032,150.032,0.17,0.18,0.82,0.83,0.01,0.01,75834.51,1776557549000
1776557550.681,150.681,0.17,0.18,0.82,0.83,0.01,0.01,75834.51,1776557549000
1776557551.076,151.076,0.17,0.18,0.82,0.83,0.01,0.01,75834.81,1776557550000
1776557552.217,152.217,0.17,0.18,0.82,0.83,0.01,0.01,75834.81,1776557550000
1776557552.621,152.621,0.17,0.18,0.82,0.83,0.01,0.01,75834.95,1776557551000
1776557553.309,153.309,0.17,0.18,0.82,0.83,0.01,0.01,75834.85,1776557552000
1776557554.355,154.355,0.17,0.18,0.82,0.83,0.01,0.01,75834.66,1776557553000
1776557554.955,154.955,0.17,0.18,0.82,0.83,0.01,0.01,75834.66,1776557553000
1776557555.393,155.393,0.17,0.18,0.82,0.83,0.01,0.01,75834.85,1776557554000
1776557556.004,156.004,0.17,0.18,0.82,0.83,0.01,0.01,75834.85,1776557555000
1776557556.699,156.699,0.17,0.18,0.82,0.83,0.01,0.01,75834.85,1776557555000
1776557557.049,157.049,0.17,0.18,0.82,0.83,0.01,0.01,75834.77,1776557556000
1776557557.781,157.781,0.18,0.19,0.81,0.82,0.01,0.01,75834.77,1776557556000
1776557559.11,159.11,0.18,0.19,0.81,0.82,0.01,0.01,75834.78,1776557558000
1776557559.509,159.509,0.18,0.19,0.81,0.82,0.01,0.01,75834.78,1776557558000
1776557559.907,159.907,0.18,0.19,0.81,0.82,0.01,0.01,75834.78,1776557558000
1776557560.348,160.348,0.18,0.19,0.81,0.82,0.01,0.01,75834.81,1776557559000
1776557561.127,161.127,0.17,0.19,0.81,0.83,0.02,0.02,75834.8,1776557560000
1776557562.141,162.141,0.17,0.18,0.81,0.82,0.01,0.01,75834.8,1776557560000
1776557562.698,162.698,0.17,0.18,0.82,0.83,0.01,0.01,75834.77,1776557561000
1776557563.46,163.46,0.17,0.18,0.82,0.83,0.01,0.01,75834.77,1776557562000
1776557563.949,163.949,0.17,0.18,0.82,0.83,0.01,0.01,75834.77,1776557562000
1776557564.382,164.382,0.16,0.17,0.82,0.84,0.01,0.02,75834.77,1776557562000
1776557564.76,164.76,0.16,0.17,0.83,0.84,0.01,0.01,75834.74,1776557563000
1776557565.464,165.464,0.16,0.17,0.83,0.84,0.01,0.01,75834.64,1776557564000
1776557565.838,165.838,0.16,0.17,0.83,0.84,0.01,0.01,75834.64,1776557564000
1776557566.869,166.869,0.16,0.17,0.83,0.84,0.01,0.01,75832.54,1776557565000
1776557567.527,167.527,0.16,0.17,0.83,0.84,0.01,0.01,75832.54,1776557565000
1776557568.112,168.112,0.16,0.17,0.83,0.84,0.01,0.01,75830.47,1776557566000
1776557568.642,168.642,0.16,0.17,0.83,0.84,0.01,0.01,75830.3,1776557567000
1776557568.976,168.976,0.16,0.17,0.83,0.84,0.01,0.01,75830.3,1776557567000
1776557569.64,169.64,0.16,0.17,0.83,0.84,0.01,0.01,75830.47,1776557568000
1776557570.046,170.046,0.15,0.16,0.83,0.84,0.01,0.01,75830.47,1776557568000
1776557570.52,170.52,0.15,0.16,0.84,0.85,0.01,0.01,75830.47,1776557569000
1776557570.923,170.923,0.15,0.16,0.84,0.85,0.01,0.01,75830.47,1776557569000
1776557571.503,171.503,0.15,0.16,0.84,0.85,0.01,0.01,75830.47,1776557569000
1776557572.008,172.008,0.15,0.16,0.84,0.85,0.01,0.01,75830.36,1776557570000
1776557572.517,172.517,0.15,0.16,0.84,0.85,0.01,0.01,75830.36,1776557571000
1776557572.985,172.985,0.15,0.16,0.84,0.85,0.01,0.01,75830.36,1776557571000
1776557573.83,173.83,0.15,0.16,0.84,0.85,0.01,0.01,75830.51,1776557572000
1776557574.786,174.786,0.15,0.16,0.84,0.85,0.01,0.01,75830.54,1776557573000
1776557575.158,175.158,0.14,0.16,0.84,0.85,0.02,0.01,75830.54,1776557573000
1776557575.503,175.503,0.14,0.16,0.84,0.86,0.02,0.02,75830.54,1776557574000
1776557576.17,176.17,0.14,0.15,0.85,0.86,0.01,0.01,75830.64,1776557575000
1776557577.15,177.15,0.14,0.15,0.85,0.86,0.01,0.01,75830.64,1776557575000
1776557577.552,177.552,0.14,0.15,0.85,0.86,0.01,0.01,75830.31,1776557576000
1776557577.899,177.899,0.14,0.15,0.85,0.86,0.01,0.01,75830.31,1776557576000
1776557578.235,178.235,0.1,0.12,0.88,0.9,0.02,0.02,75830.31,1776557576000
1776557578.591,178.591,0.11,0.12,0.88,0.89,0.01,0.01,75830.31,1776557577000
1776557578.93,178.93,0.09,0.11,0.89,0.91,0.02,0.02,75830.31,1776557577000
1776557579.291,179.291,0.09,0.1,0.9,0.91,0.01,0.01,75830.31,1776557577000
1776557579.632,179.632,0.07,0.09,0.91,0.93,0.02,0.02,75820.24,1776557578000
1776557580.112,180.112,0.08,0.09,0.91,0.92,0.01,0.01,75820.24,1776557578000
1776557580.567,180.567,0.07,0.08,0.92,0.93,0.01,0.01,75817.06,1776557579000
1776557581.354,181.354,0.07,0.09,0.92,0.93,0.02,0.01,75817.06,1776557579000
1776557582.201,182.201,0.07,0.09,0.91,0.93,0.02,0.02,75814.79,1776557581000
1776557582.96,182.96,0.07,0.08,0.92,0.93,0.01,0.01,75814.79,1776557581000
1776557583.43,183.43,0.08,0.09,0.91,0.93,0.01,0.02,75814.79,1776557581000
1776557584.273,184.273,0.07,0.08,0.91,0.93,0.01,0.02,75811.56,1776557582000
1776557585.188,185.188,0.07,0.08,0.92,0.93,0.01,0.01,75806.28,1776557584000
1776557585.576,185.576,0.06,0.08,0.92,0.93,0.02,0.01,75806.28,1776557584000
1776557586.057,186.057,0.07,0.08,0.92,0.94,0.01,0.02,75806.28,1776557584000
1776557586.393,186.393,0.07,0.08,0.92,0.93,0.01,0.01,75806.43,1776557585000
1776557586.742,186.742,0.06,0.07,0.92,0.94,0.01,0.02,75806.43,1776557585000
1776557587.105,187.105,0.05,0.07,0.93,0.95,0.02,0.02,75806.43,1776557585000
1776557587.457,187.457,0.05,0.07,0.93,0.94,0.02,0.01,75806.43,1776557585000
1776557587.797,187.797,0.05,0.06,0.93,0.95,0.01,0.02,75806.58,1776557586000
1776557588.16,188.16,0.05,0.06,0.94,0.95,0.01,0.01,75806.88,1776557587000
1776557588.584,188.584,0.05,0.06,0.94,0.95,0.01,0.01,75806.88,1776557587000
1776557588.99,188.99,0.05,0.06,0.94,0.95,0.01,0.01,75806.88,1776557587000
1776557589.345,189.345,0.05,0.06,0.94,0.95,0.01,0.01,75807.03,1776557588000
1776557589.717,189.717,0.05,0.06,0.94,0.95,0.01,0.01,75807.03,1776557588000
1776557590.275,190.275,0.05,0.06,0.94,0.95,0.01,0.01,75807.03,1776557589000
1776557591.176,191.176,0.05,0.06,0.94,0.95,0.01,0.01,75807.03,1776557589000
1776557591.549,191.549,0.05,0.06,0.94,0.95,0.01,0.01,75807.03,1776557589000
1776557592.104,192.104,0.05,0.06,0.94,0.95,0.01,0.01,75806.82,1776557591000
1776557592.494,192.494,0.04,0.06,0.94,0.95,0.02,0.01,75806.82,1776557591000
1776557593.195,193.195,0.05,0.06,0.94,0.96,0.01,0.02,75806.82,1776557591000
1776557593.572,193.572,0.04,0.05,0.95,0.96,0.01,0.01,75805.34,1776557592000
1776557594.276,194.276,0.04,0.05,0.95,0.96,0.01,0.01,75805.34,1776557592000
1776557594.626,194.626,0.04,0.05,0.95,0.96,0.01,0.01,75806.31,1776557593000
1776557595.223,195.223,0.04,0.05,0.95,0.96,0.01,0.01,75806.31,1776557593000
1776557595.721,195.721,0.04,0.05,0.95,0.96,0.01,0.01,75804.97,1776557594000
1776557596.279,196.279,0.04,0.05,0.95,0.96,0.01,0.01,75804.97,1776557594000
1776557596.644,196.644,0.04,0.05,0.95,0.96,0.01,0.01,75803.35,1776557595000
1776557597.204,197.204,0.04,0.05,0.95,0.96,0.01,0.01,75802.78,1776557596000
1776557598.101,198.101,0.04,0.05,0.95,0.96,0.01,0.01,75802.78,1776557596000
1776557598.854,198.854,0.04,0.05,0.95,0.96,0.01,0.01,75801.27,1776557597000
1776557599.25,199.25,0.04,0.05,0.95,0.96,0.01,0.01,75801.4,1776557598000
1776557599.622,199.622,0.04,0.05,0.95,0.96,0.01,0.01,75801.4,1776557598000
1776557600.046,200.046,0.03,0.05,0.95,0.96,0.02,0.01,75801.4,1776557598000
1776557600.423,200.423,0.04,0.05,0.95,0.96,0.01,0.01,75801.51,1776557599000
1776557600.85,200.85,0.04,0.05,0.95,0.96,0.01,0.01,75801.51,1776557599000
1776557601.337,201.337,0.04,0.05,0.95,0.96,0.01,0.01,75801.59,1776557600000
1776557601.923,201.923,0.03,0.04,0.95,0.96,0.01,0.01,75801.59,1776557600000
1776557602.52,202.52,0.03,0.04,0.96,0.97,0.01,0.01,75801.81,1776557601000
1776557602.914,202.914,0.03,0.04,0.96,0.97,0.01,0.01,75801.81,1776557601000
1776557603.332,203.332,0.03,0.04,0.96,0.97,0.01,0.01,75801.93,1776557602000
1776557603.98,203.98,0.04,0.05,0.96,0.97,0.01,0.01,75801.93,1776557602000
1776557604.323,204.323,0.04,0.05,0.95,0.96,0.01,0.01,75801.87,1776557603000
1776557604.952,204.952,0.04,0.05,0.95,0.96,0.01,0.01,75801.87,1776557603000
1776557605.316,205.316,0.04,0.05,0.95,0.96,0.01,0.01,75801.87,1776557604000
1776557606.351,206.351,0.04,0.05,0.95,0.96,0.01,0.01,75802.48,1776557605000
1776557606.832,206.832,0.04,0.05,0.95,0.96,0.01,0.01,75802.48,1776557605000
1776557607.343,207.343,0.04,0.05,0.95,0.96,0.01,0.01,75802.48,1776557606000
1776557607.953,207.953,0.04,0.05,0.95,0.96,0.01,0.01,75802.48,1776557606000
1776557608.356,208.356,0.04,0.05,0.95,0.96,0.01,0.01,75801.87,1776557607000
1776557609.006,209.006,0.03,0.05,0.95,0.97,0.02,0.02,75801.87,1776557607000
1776557609.762,209.762,0.03,0.04,0.95,0.97,0.01,0.02,75801.87,1776557607000
1776557610.465,210.465,0.03,0.04,0.96,0.97,0.01,0.01,75801.69,1776557608000
1776557611.201,211.201,0.03,0.04,0.96,0.97,0.01,0.01,75801.44,1776557609000
1776557611.542,211.542,0.03,0.04,0.96,0.97,0.01,0.01,75801.44,1776557610000
1776557612.424,212.424,0.03,0.04,0.96,0.97,0.01,0.01,75801.53,1776557611000
1776557612.929,212.929,0.03,0.04,0.96,0.97,0.01,0.01,75801.53,1776557611000
1776557614.286,214.286,0.03,0.04,0.96,0.97,0.01,0.01,75801.53,1776557613000
1776557614.648,214.648,0.03,0.04,0.96,0.97,0.01,0.01,75801.53,1776557613000
1776557615.142,215.142,0.03,0.04,0.96,0.97,0.01,0.01,75801.53,1776557613000
1776557615.7,215.7,0.03,0.04,0.96,0.97,0.01,0.01,75801.67,1776557614000
1776557616.106,216.106,0.03,0.04,0.96,0.97,0.01,0.01,75801.67,1776557615000
1776557616.964,216.964,0.03,0.04,0.96,0.97,0.01,0.01,75801.67,1776557615000
1776557617.318,217.318,0.03,0.04,0.96,0.97,0.01,0.01,75801.66,1776557616000
1776557618.084,218.084,0.03,0.04,0.96,0.97,0.01,0.01,75801.66,1776557616000
1776557618.451,218.451,0.03,0.04,0.96,0.97,0.01,0.01,75801.64,1776557617000
1776557618.974,218.974,0.03,0.04,0.96,0.97,0.01,0.01,75801.65,1776557618000
1776557619.544,219.544,0.03,0.04,0.96,0.97,0.01,0.01,75801.65,1776557618000
1776557620.299,220.299,0.03,0.04,0.96,0.97,0.01,0.01,75801.66,1776557619000
1776557620.739,220.739,0.03,0.04,0.96,0.97,0.01,0.01,75801.66,1776557619000
1776557621.396,221.396,0.03,0.04,0.96,0.97,0.01,0.01,75801.67,1776557620000
1776557621.751,221.751,0.03,0.04,0.96,0.97,0.01,0.01,75801.67,1776557620000
1776557622.676,222.676,0.03,0.04,0.96,0.97,0.01,0.01,75801.67,1776557621000
1776557623.218,223.218,0.03,0.04,0.96,0.97,0.01,0.01,75801.71,1776557622000
1776557624.327,224.327,0.03,0.04,0.96,0.97,0.01,0.01,75801.72,1776557623000
1776557624.946,224.946,0.03,0.04,0.96,0.97,0.01,0.01,75801.72,1776557623000
1776557625.337,225.337,0.03,0.04,0.96,0.97,0.01,0.01,75801.72,1776557623000
1776557625.878,225.878,0.03,0.04,0.96,0.97,0.01,0.01,75801.72,1776557624000
1776557626.601,226.601,0.03,0.04,0.96,0.97,0.01,0.01,75801.68,1776557625000
1776557626.984,226.984,0.03,0.04,0.96,0.97,0.01,0.01,75801.68,1776557625000
1776557627.392,227.392,0.02,0.03,0.97,0.98,0.01,0.01,75801.68,1776557625000
1776557627.807,227.807,0.02,0.03,0.97,0.98,0.01,0.01,75800.19,1776557626000
1776557628.152,228.152,0.02,0.03,0.97,0.98,0.01,0.01,75800.19,1776557626000
1776557628.527,228.527,0.02,0.03,0.97,0.98,0.01,0.01,75798.57,1776557627000
1776557628.909,228.909,0.02,0.03,0.97,0.98,0.01,0.01,75798.57,1776557627000
1776557629.517,229.517,0.02,0.03,0.97,0.98,0.01,0.01,75798.1,1776557628000
1776557629.916,229.916,0.02,0.03,0.97,0.98,0.01,0.01,75798.1,1776557628000
1776557630.321,230.321,0.02,0.03,0.97,0.98,0.01,0.01,75795.09,1776557629000
1776557630.763,230.763,0.02,0.03,0.97,0.98,0.01,0.01,75795.09,1776557629000
1776557631.113,231.113,0.02,0.03,0.97,0.98,0.01,0.01,75795.09,1776557629000
1776557631.597,231.597,0.02,0.03,0.97,0.98,0.01,0.01,75795.14,1776557630000
1776557631.93,231.93,0.02,0.03,0.97,0.98,0.01,0.01,75795.14,1776557630000
1776557632.374,232.374,0.02,0.03,0.97,0.98,0.01,0.01,75795.71,1776557631000
1776557632.883,232.883,0.02,0.03,0.97,0.98,0.01,0.01,75795.71,1776557631000
1776557633.352,233.352,0.02,0.03,0.97,0.98,0.01,0.01,75795.84,1776557632000
1776557634.009,234.009,0.02,0.03,0.97,0.98,0.01,0.01,75795.84,1776557632000
1776557634.352,234.352,0.02,0.03,0.97,0.98,0.01,0.01,75796.16,1776557633000
1776557635.055,235.055,0.02,0.03,0.97,0.98,0.01,0.01,75796.16,1776557633000
1776557635.655,235.655,0.02,0.03,0.97,0.98,0.01,0.01,75798.9,1776557634000
1776557636.507,236.507,0.02,0.03,0.97,0.98,0.01,0.01,75798.64,1776557635000
1776557637.129,237.129,0.02,0.03,0.97,0.98,0.01,0.01,75798.64,1776557636000
1776557637.821,237.821,0.02,0.03,0.97,0.98,0.01,0.01,75798.64,1776557636000
1776557638.274,238.274,0.02,0.03,0.97,0.98,0.01,0.01,75798.95,1776557637000
1776557639.083,239.083,0.02,0.03,0.97,0.98,0.01,0.01,75798.95,1776557637000
1776557639.467,239.467,0.02,0.03,0.97,0.98,0.01,0.01,75798.76,1776557638000
1776557640.345,240.345,0.02,0.03,0.97,0.98,0.01,0.01,75798.76,1776557639000
1776557640.919,240.919,0.02,0.03,0.97,0.98,0.01,0.01,75798.87,1776557640000
1776557641.849,241.849,0.02,0.03,0.97,0.98,0.01,0.01,75798.87,1776557640000
1776557642.276,242.276,0.02,0.03,0.97,0.98,0.01,0.01,75798.87,1776557640000
1776557642.651,242.651,0.02,0.03,0.97,0.98,0.01,0.01,75797.39,1776557641000
1776557643.059,243.059,0.02,0.03,0.97,0.98,0.01,0.01,75797.39,1776557641000
1776557643.458,243.458,0.02,0.03,0.97,0.98,0.01,0.01,75797.39,1776557641000
1776557643.836,243.836,0.02,0.03,0.97,0.98,0.01,0.01,75798.19,1776557642000
1776557644.251,244.251,0.02,0.03,0.97,0.98,0.01,0.01,75798.19,1776557642000
1776557644.96,244.96,0.02,0.03,0.97,0.98,0.01,0.01,75798.62,1776557643000
1776557645.412,245.412,0.02,0.03,0.97,0.98,0.01,0.01,75799.04,1776557644000
1776557645.754,245.754,0.02,0.03,0.97,0.98,0.01,0.01,75799.04,1776557644000
1776557646.589,246.589,0.02,0.03,0.97,0.98,0.01,0.01,75799.04,1776557644000
1776557647.331,247.331,0.02,0.03,0.97,0.98,0.01,0.01,75798.92,1776557646000
1776557648.035,248.035,0.02,0.03,0.97,0.98,0.01,0.01,75798.92,1776557647000
1776557649.159,249.159,0.02,0.03,0.97,0.98,0.01,0.01,75798.92,1776557647000
1776557649.644,249.644,0.02,0.03,0.97,0.98,0.01,0.01,75798.93,1776557648000
1776557650.018,250.018,0.02,0.03,0.97,0.98,0.01,0.01,75798.93,1776557648000
1776557650.38,250.38,0.01,0.03,0.97,0.98,0.02,0.01,75798.93,1776557649000
1776557650.805,250.805,0.01,0.02,0.98,0.99,0.01,0.01,75798.93,1776557649000
1776557651.176,251.176,0.01,0.02,0.98,0.99,0.01,0.01,75798.93,1776557649000
1776557651.588,251.588,0.01,0.02,0.98,0.99,0.01,0.01,75798.93,1776557649000
1776557651.929,251.929,0.01,0.02,0.98,0.99,0.01,0.01,75798.93,1776557650000
1776557652.31,252.31,0.01,0.02,0.98,0.99,0.01,0.01,75798.93,1776557651000
1776557652.756,252.756,0.01,0.02,0.98,0.99,0.01,0.01,75798.93,1776557651000
1776557653.452,253.452,0.01,0.02,0.98,0.99,0.01,0.01,75798.93,1776557651000
1776557653.935,253.935,0.01,0.02,0.98,0.99,0.01,0.01,75798.93,1776557652000
1776557654.517,254.517,0.01,0.02,0.98,0.99,0.01,0.01,75798.93,1776557653000
1776557655.018,255.018,0.01,0.02,0.98,0.99,0.01,0.01,75798.93,1776557653000
1776557655.599,255.599,0.01,0.02,0.98,0.99,0.01,0.01,75798.93,1776557653000
1776557655.961,255.961,0.01,0.02,0.98,0.99,0.01,0.01,75798.94,1776557654000
1776557656.316,256.316,0.01,0.02,0.98,0.99,0.01,0.01,75798.94,1776557654000
1776557656.787,256.787,0.01,0.02,0.98,0.99,0.01,0.01,75798.54,1776557655000
1776557657.125,257.125,0.01,0.02,0.98,0.99,0.01,0.01,75798.96,1776557656000
1776557658.128,258.128,0.01,0.02,0.98,0.99,0.01,0.01,75798.96,1776557656000
1776557658.581,258.581,0.01,0.02,0.98,0.99,0.01,0.01,75798.96,1776557656000
1776557659.235,259.235,0.01,0.02,0.98,0.99,0.01,0.01,75798.98,1776557657000
1776557659.69,259.69,0.01,0.02,0.98,0.99,0.01,0.01,75798.99,1776557658000
1776557660.278,260.278,0.01,0.02,0.98,0.99,0.01,0.01,75799.0,1776557659000
1776557660.705,260.705,0.01,0.02,0.98,0.99,0.01,0.01,75799.0,1776557659000
1776557661.071,261.071,0.01,0.02,0.98,0.99,0.01,0.01,75799.0,1776557659000
1776557661.597,261.597,0.01,0.02,0.98,0.99,0.01,0.01,75799.0,1776557660000
1776557661.937,261.937,0.01,0.02,0.98,0.99,0.01,0.01,75799.0,1776557660000
1776557662.279,262.279,0.01,0.02,0.98,0.99,0.01,0.01,75799.0,1776557660000
1776557662.671,262.671,0.01,0.02,0.98,0.99,0.01,0.01,75799.0,1776557661000
1776557663.064,263.064,0.01,0.02,0.98,0.99,0.01,0.01,75799.0,1776557661000
1776557663.566,263.566,0.01,0.02,0.98,0.99,0.01,0.01,75799.01,1776557662000
1776557664.004,264.004,0.01,0.02,0.98,0.99,0.01,0.01,75799.01,1776557663000
1776557664.379,264.379,0.01,0.02,0.98,0.99,0.01,0.01,75799.01,1776557663000
1776557664.725,264.725,0.01,0.02,0.98,0.99,0.01,0.01,75799.01,1776557663000
1776557665.084,265.084,0.01,0.02,0.98,0.99,0.01,0.01,75799.1,1776557664000
1776557665.477,265.477,0.01,0.02,0.98,0.99,0.01,0.01,75799.1,1776557664000
1776557665.872,265.872,0.01,0.02,0.98,0.99,0.01,0.01,75799.1,1776557664000
1776557666.28,266.28,0.01,0.02,0.98,0.99,0.01,0.01,75799.08,1776557665000
1776557666.622,266.622,0.01,0.02,0.98,0.99,0.01,0.01,75799.08,1776557665000
1776557667.083,267.083,0.01,0.02,0.98,0.99,0.01,0.01,75798.77,1776557666000
1776557667.433,267.433,0.01,0.02,0.98,0.99,0.01,0.01,75798.77,1776557666000
1776557667.919,267.919,0.01,0.02,0.98,0.99,0.01,0.01,75798.77,1776557666000
1776557668.263,268.263,0.01,0.02,0.98,0.99,0.01,0.01,75798.49,1776557667000
1776557668.674,268.674,0.01,0.02,0.98,0.99,0.01,0.01,75798.49,1776557667000
1776557669.101,269.101,0.01,0.02,0.98,0.99,0.01,0.01,75798.49,1776557667000
1776557669.469,269.469,0.01,0.02,0.98,0.99,0.01,0.01,75798.47,1776557668000
1776557669.898,269.898,0.01,0.02,0.98,0.99,0.01,0.01,75798.47,1776557668000
1776557670.26,270.26,0.01,0.02,0.98,0.99,0.01,0.01,75798.47,1776557668000
1776557670.617,270.617,0.01,0.02,0.98,0.99,0.01,0.01,75798.45,1776557669000
1776557670.976,270.976,0.01,0.02,0.98,0.99,0.01,0.01,75798.45,1776557669000
1776557671.319,271.319,0.01,0.02,0.98,0.99,0.01,0.01,75798.45,1776557669000
1776557671.691,271.691,0.01,0.04,0.98,0.99,0.03,0.01,75796.13,1776557670000
1776557672.251,272.251,0.02,0.01,0.99,0.98,-0.01,-0.01,75796.13,1776557670000
1776557672.679,272.679,0.02,0.01,0.99,0.98,-0.01,-0.01,75790.54,1776557671000
1776557673.058,273.058,0.02,0.01,0.99,0.98,-0.01,-0.01,75790.54,1776557671000
1776557673.596,273.596,0.01,0.02,0.98,0.98,0.01,0.0,75787.46,1776557672000
1776557673.943,273.943,0.01,0.02,0.98,0.99,0.01,0.01,75787.46,1776557672000
1776557674.359,274.359,0.01,0.01,0.98,0.99,0.0,0.01,75787.46,1776557672000
1776557674.782,274.782,0.01,0.01,0.99,0.99,0.0,0.0,75787.46,1776557672000
1776557675.127,275.127,0.01,0.01,0.99,0.99,0.0,0.0,75786.52,1776557673000
1776557675.468,275.468,0.01,0.01,0.99,0.99,0.0,0.0,75786.52,1776557673000
1776557675.82,275.82,0.01,0.01,0.99,0.99,0.0,0.0,75786.5,1776557674000
1776557676.255,276.255,0.01,0.01,0.99,0.99,0.0,0.0,75786.5,1776557674000
1776557676.671,276.671,0.01,0.01,0.99,0.99,0.0,0.0,75786.66,1776557675000
1776557677.138,277.138,0.01,0.01,0.99,0.99,0.0,0.0,75786.66,1776557675000
1776557677.492,277.492,0.01,0.01,0.99,0.99,0.0,0.0,75786.66,1776557675000
1776557677.831,277.831,0.01,0.01,0.99,0.99,0.0,0.0,75786.66,1776557675000
1776557678.323,278.323,0.01,0.01,0.99,0.99,0.0,0.0,75786.66,1776557676000
1776557678.848,278.848,0.01,0.01,0.99,0.99,0.0,0.0,75787.07,1776557677000
1776557679.592,279.592,0.01,0.01,0.99,0.99,0.0,0.0,75786.98,1776557678000
1776557680.334,280.334,0.01,0.01,0.99,0.99,0.0,0.0,75787.12,1776557679000
1776557681.518,281.518,0.01,0.01,0.99,0.99,0.0,0.0,75787.03,1776557680000
1776557682.156,282.156,0.01,0.01,0.99,0.99,0.0,0.0,75787.03,1776557681000
1776557683.173,283.173,0.01,0.01,0.99,0.99,0.0,0.0,75787.03,1776557681000
1776557683.523,283.523,0.01,0.01,0.99,0.99,0.0,0.0,75787.03,1776557681000
1776557684.1,284.1,0.01,0.01,0.99,0.99,0.0,0.0,75792.63,1776557682000
1776557684.63,284.63,0.01,0.01,0.99,0.99,0.0,0.0,75793.18,1776557683000
1776557685.124,285.124,0.01,0.01,0.99,0.99,0.0,0.0,75793.18,1776557683000
1776557685.61,285.61,0.01,0.01,0.99,0.99,0.0,0.0,75797.1,1776557684000
1776557686.013,286.013,0.01,0.01,0.99,0.99,0.0,0.0,75797.1,1776557684000
1776557686.891,286.891,0.01,0.01,0.99,0.99,0.0,0.0,75797.68,1776557685000
1776557687.494,287.494,0.01,0.01,0.99,0.99,0.0,0.0,75800.66,1776557686000
1776557688.616,288.616,0.01,0.01,0.99,0.99,0.0,0.0,75800.66,1776557686000
1776557689.316,289.316,0.01,0.01,0.99,0.99,0.0,0.0,75800.74,1776557688000
1776557690.226,290.226,0.01,0.01,0.99,0.99,0.0,0.0,75800.74,1776557688000
1776557690.625,290.625,0.01,0.01,0.99,0.99,0.0,0.0,75800.74,1776557689000
1776557691.027,291.027,0.01,0.01,0.99,0.99,0.0,0.0,75800.74,1776557689000
1776557691.371,291.371,0.01,0.01,0.99,0.99,0.0,0.0,75800.74,1776557689000
1776557691.834,291.834,0.01,0.01,0.99,0.99,0.0,0.0,75800.75,1776557690000
1776557693.35,293.35,0.01,0.01,0.99,0.99,0.0,0.0,75800.74,1776557692000
1776557694.623,294.623,0.01,0.01,0.99,0.99,0.0,0.0,75800.77,1776557693000
1776557695.26,295.26,0.01,0.01,0.99,0.99,0.0,0.0,75800.78,1776557694000
1776557696.427,296.427,0.01,0.01,0.99,0.99,0.0,0.0,75800.79,1776557695000
1776557697.051,297.051,0.01,0.01,0.99,0.99,0.0,0.0,75800.8,1776557696000
1776557697.613,297.613,0.01,0.01,0.99,0.99,0.0,0.0,75800.8,1776557696000
1776557698.265,298.265,0.01,0.01,0.99,0.99,0.0,0.0,75800.8,1776557696000
1776557699.687,299.687,0.01,0.01,0.99,0.99,0.0,0.0,75800.81,1776557698000
1776557700.205,300.205,0.01,0.01,0.99,0.99,0.0,0.0,75800.78,1776557699000
1776557700.814,300.814,0.01,0.01,0.99,0.99,0.0,0.0,75800.78,1776557699000

# RESULT,winner=Down,slug=btc-updown-5m-1776557400,ticks=577
