timestamp,elapsed_sec,up_bid,up_ask,down_bid,down_ask,up_spread,down_spread,btc_price,btc_oracle_ts
1776838800.509,0.509,0.65,0.68,0.32,0.34,0.03,0.02,77997.1,1776838799000
1776838800.849,0.849,0.65,0.66,0.34,0.35,0.01,0.01,77997.1,1776838799000
1776838801.225,1.225,0.65,0.66,0.34,0.35,0.01,0.01,77997.1,1776838799000
1776838801.663,1.663,0.65,0.66,0.34,0.35,0.01,0.01,77997.1,1776838799000
1776838802.538,2.538,0.65,0.66,0.34,0.35,0.01,0.01,77997.99,1776838801000
1776838803.241,3.241,0.65,0.66,0.34,0.35,0.01,0.01,77997.99,1776838801000
1776838803.647,3.647,0.61,0.66,0.34,0.39,0.05,0.05,77997.54,1776838802000
1776838803.996,3.996,0.58,0.66,0.34,0.39,0.08,0.05,77997.54,1776838802000
1776838804.402,4.402,0.59,0.62,0.38,0.42,0.03,0.04,77997.54,1776838802000
1776838804.747,4.747,0.6,0.61,0.39,0.42,0.01,0.03,77997.54,1776838802000
1776838805.09,5.09,0.6,0.61,0.39,0.4,0.01,0.01,77996.85,1776838803000
1776838805.545,5.545,0.6,0.61,0.39,0.4,0.01,0.01,77997.43,1776838804000
1776838805.891,5.891,0.63,0.64,0.36,0.38,0.01,0.02,77997.43,1776838804000
1776838806.226,6.226,0.63,0.66,0.36,0.37,0.03,0.01,77995.22,1776838805000
1776838806.563,6.563,0.67,0.68,0.32,0.33,0.01,0.01,77995.22,1776838805000
1776838806.908,6.908,0.63,0.68,0.32,0.33,0.05,0.01,77995.22,1776838805000
1776838807.548,7.548,0.64,0.66,0.33,0.36,0.02,0.03,77995.22,1776838805000
1776838807.967,7.967,0.64,0.66,0.35,0.36,0.02,0.01,77995.22,1776838805000
1776838808.365,8.365,0.64,0.66,0.34,0.36,0.02,0.02,78010.88,1776838806000
1776838808.808,8.808,0.63,0.65,0.35,0.37,0.02,0.02,78014.55,1776838807000
1776838809.148,9.148,0.61,0.66,0.34,0.39,0.05,0.05,78016.52,1776838808000
1776838809.57,9.57,0.64,0.65,0.34,0.39,0.01,0.05,78016.52,1776838808000
1776838810.151,10.151,0.64,0.66,0.34,0.36,0.02,0.02,78016.52,1776838808000
1776838810.611,10.611,0.65,0.66,0.34,0.36,0.01,0.02,78018.11,1776838809000
1776838810.993,10.993,0.65,0.66,0.34,0.35,0.01,0.01,78018.11,1776838809000
1776838811.339,11.339,0.65,0.66,0.34,0.35,0.01,0.01,78018.11,1776838809000
1776838811.696,11.696,0.61,0.62,0.34,0.39,0.01,0.05,78018.11,1776838809000
1776838812.057,12.057,0.6,0.61,0.39,0.4,0.01,0.01,78014.64,1776838810000
1776838812.479,12.479,0.6,0.61,0.39,0.4,0.01,0.01,78014.64,1776838811000
1776838812.824,12.824,0.6,0.61,0.39,0.4,0.01,0.01,78014.64,1776838811000
1776838813.166,13.166,0.6,0.61,0.39,0.4,0.01,0.01,78014.64,1776838811000
1776838813.525,13.525,0.6,0.61,0.39,0.4,0.01,0.01,78016.34,1776838812000
1776838814.106,14.106,0.6,0.61,0.39,0.4,0.01,0.01,78016.34,1776838812000
1776838814.575,14.575,0.6,0.61,0.39,0.4,0.01,0.01,78015.11,1776838813000
1776838814.976,14.976,0.61,0.62,0.38,0.39,0.01,0.01,78015.11,1776838814000
1776838815.359,15.359,0.61,0.62,0.38,0.39,0.01,0.01,78015.11,1776838814000
1776838815.716,15.716,0.61,0.63,0.38,0.39,0.02,0.01,78015.11,1776838814000
1776838817.403,17.403,0.62,0.65,0.35,0.38,0.03,0.03,78015.68,1776838816000
1776838818.282,18.282,0.63,0.64,0.35,0.38,0.01,0.03,78015.68,1776838816000
1776838818.769,18.769,0.63,0.64,0.36,0.37,0.01,0.01,78016.97,1776838817000
1776838819.353,19.353,0.63,0.64,0.36,0.37,0.01,0.01,78016.97,1776838817000
1776838819.701,19.701,0.63,0.64,0.36,0.38,0.01,0.02,78016.12,1776838818000
1776838820.041,20.041,0.63,0.64,0.36,0.37,0.01,0.01,78015.45,1776838819000
1776838820.502,20.502,0.64,0.65,0.35,0.36,0.01,0.01,78015.45,1776838819000
1776838820.873,20.873,0.64,0.65,0.35,0.36,0.01,0.01,78015.45,1776838819000
1776838821.206,21.206,0.64,0.65,0.35,0.36,0.01,0.01,78016.16,1776838820000
1776838821.602,21.602,0.65,0.66,0.34,0.35,0.01,0.01,78016.16,1776838820000
1776838822.002,22.002,0.65,0.66,0.34,0.35,0.01,0.01,78016.16,1776838820000
1776838822.396,22.396,0.65,0.66,0.34,0.35,0.01,0.01,78016.16,1776838820000
1776838822.752,22.752,0.65,0.66,0.34,0.35,0.01,0.01,78016.97,1776838821000
1776838823.093,23.093,0.65,0.66,0.34,0.35,0.01,0.01,78016.97,1776838821000
1776838823.716,23.716,0.65,0.66,0.34,0.35,0.01,0.01,78015.85,1776838822000
1776838824.132,24.132,0.66,0.67,0.33,0.35,0.01,0.02,78015.85,1776838822000
1776838824.811,24.811,0.66,0.67,0.33,0.34,0.01,0.01,78015.72,1776838823000
1776838825.313,25.313,0.66,0.67,0.33,0.34,0.01,0.01,78014.66,1776838824000
1776838826.182,26.182,0.65,0.66,0.34,0.35,0.01,0.01,78016.69,1776838825000
1776838826.581,26.581,0.65,0.66,0.34,0.35,0.01,0.01,78016.69,1776838825000
1776838827.283,27.283,0.65,0.66,0.34,0.35,0.01,0.01,78016.09,1776838826000
1776838827.853,27.853,0.65,0.66,0.34,0.35,0.01,0.01,78015.83,1776838827000
1776838828.645,28.645,0.65,0.66,0.34,0.35,0.01,0.01,78015.83,1776838827000
1776838829.028,29.028,0.65,0.66,0.34,0.35,0.01,0.01,78015.83,1776838827000
1776838829.649,29.649,0.65,0.66,0.34,0.35,0.01,0.01,78014.66,1776838828000
1776838830.121,30.121,0.65,0.66,0.34,0.35,0.01,0.01,78015.51,1776838829000
1776838830.809,30.809,0.65,0.66,0.34,0.35,0.01,0.01,78015.51,1776838829000
1776838831.218,31.218,0.65,0.66,0.34,0.35,0.01,0.01,78015.51,1776838829000
1776838831.626,31.626,0.65,0.66,0.34,0.35,0.01,0.01,78015.17,1776838830000
1776838832.134,32.134,0.65,0.66,0.34,0.35,0.01,0.01,78015.17,1776838830000
1776838832.528,32.528,0.65,0.66,0.34,0.35,0.01,0.01,78017.21,1776838831000
1776838832.985,32.985,0.65,0.66,0.34,0.35,0.01,0.01,78017.89,1776838832000
1776838833.333,33.333,0.65,0.66,0.34,0.35,0.01,0.01,78017.89,1776838832000
1776838833.745,33.745,0.65,0.66,0.34,0.35,0.01,0.01,78017.89,1776838832000
1776838834.15,34.15,0.65,0.66,0.34,0.35,0.01,0.01,78017.91,1776838833000
1776838834.895,34.895,0.65,0.66,0.34,0.35,0.01,0.01,78017.91,1776838833000
1776838835.517,35.517,0.66,0.67,0.33,0.34,0.01,0.01,78018.43,1776838834000
1776838835.881,35.881,0.66,0.67,0.33,0.34,0.01,0.01,78018.44,1776838835000
1776838836.284,36.284,0.66,0.67,0.33,0.34,0.01,0.01,78018.44,1776838835000
1776838836.814,36.814,0.66,0.67,0.33,0.34,0.01,0.01,78018.44,1776838835000
1776838837.55,37.55,0.66,0.68,0.32,0.34,0.02,0.02,78018.74,1776838836000
1776838837.9,37.9,0.69,0.75,0.25,0.31,0.06,0.06,78018.75,1776838837000
1776838838.242,38.242,0.7,0.75,0.25,0.3,0.05,0.05,78018.75,1776838837000
1776838838.59,38.59,0.7,0.71,0.29,0.3,0.01,0.01,78018.75,1776838837000
1776838838.952,38.952,0.7,0.71,0.29,0.3,0.01,0.01,78018.75,1776838837000
1776838839.583,39.583,0.74,0.75,0.25,0.26,0.01,0.01,78029.67,1776838838000
1776838840.105,40.105,0.74,0.75,0.25,0.26,0.01,0.01,78031.44,1776838839000
1776838840.504,40.504,0.74,0.75,0.25,0.26,0.01,0.01,78031.44,1776838839000
1776838840.899,40.899,0.73,0.75,0.26,0.27,0.02,0.01,78031.44,1776838839000
1776838841.386,41.386,0.71,0.72,0.26,0.29,0.01,0.03,78036.21,1776838840000
1776838841.738,41.738,0.71,0.72,0.28,0.29,0.01,0.01,78036.21,1776838840000
1776838842.932,42.932,0.71,0.72,0.28,0.29,0.01,0.01,78032.0,1776838842000
1776838843.323,43.323,0.7,0.71,0.29,0.3,0.01,0.01,78032.0,1776838842000
1776838843.733,43.733,0.7,0.71,0.29,0.3,0.01,0.01,78032.0,1776838842000
1776838844.476,44.476,0.7,0.71,0.29,0.3,0.01,0.01,78031.75,1776838843000
1776838844.879,44.879,0.7,0.71,0.29,0.3,0.01,0.01,78031.75,1776838843000
1776838845.405,45.405,0.7,0.71,0.29,0.3,0.01,0.01,78029.41,1776838844000
1776838845.872,45.872,0.7,0.71,0.29,0.3,0.01,0.01,78029.41,1776838844000
1776838846.226,46.226,0.7,0.71,0.29,0.3,0.01,0.01,78029.41,1776838844000
1776838846.774,46.774,0.69,0.7,0.3,0.31,0.01,0.01,78031.34,1776838845000
1776838847.141,47.141,0.69,0.7,0.3,0.31,0.01,0.01,78031.34,1776838845000
1776838847.915,47.915,0.69,0.7,0.3,0.31,0.01,0.01,78029.96,1776838846000
1776838848.283,48.283,0.67,0.68,0.32,0.34,0.01,0.02,78029.96,1776838846000
1776838848.778,48.778,0.66,0.67,0.33,0.34,0.01,0.01,78027.63,1776838847000
1776838849.122,49.122,0.66,0.67,0.33,0.34,0.01,0.01,78027.63,1776838847000
1776838849.46,49.46,0.66,0.67,0.33,0.34,0.01,0.01,78023.1,1776838848000
1776838849.812,49.812,0.66,0.67,0.33,0.34,0.01,0.01,78023.1,1776838848000
1776838850.206,50.206,0.66,0.67,0.33,0.34,0.01,0.01,78023.1,1776838848000
1776838850.633,50.633,0.66,0.67,0.33,0.34,0.01,0.01,78023.1,1776838848000
1776838851.011,51.011,0.66,0.67,0.33,0.34,0.01,0.01,78023.1,1776838848000
1776838851.73,51.73,0.66,0.67,0.33,0.34,0.01,0.01,78021.47,1776838850000
1776838852.185,52.185,0.66,0.67,0.33,0.34,0.01,0.01,78021.47,1776838850000
1776838852.547,52.547,0.65,0.66,0.33,0.35,0.01,0.02,78021.47,1776838851000
1776838852.904,52.904,0.65,0.66,0.34,0.35,0.01,0.01,78021.47,1776838851000
1776838853.438,53.438,0.65,0.66,0.34,0.35,0.01,0.01,78021.47,1776838851000
1776838853.967,53.967,0.65,0.66,0.34,0.35,0.01,0.01,78021.76,1776838852000
1776838854.33,54.33,0.65,0.66,0.34,0.35,0.01,0.01,78021.75,1776838853000
1776838854.699,54.699,0.66,0.67,0.34,0.35,0.01,0.01,78021.75,1776838853000
1776838855.23,55.23,0.67,0.68,0.32,0.34,0.01,0.02,78021.75,1776838853000
1776838855.572,55.572,0.67,0.7,0.3,0.33,0.03,0.03,78021.43,1776838854000
1776838855.914,55.914,0.73,0.74,0.26,0.27,0.01,0.01,78021.43,1776838854000
1776838856.37,56.37,0.73,0.74,0.26,0.27,0.01,0.01,78021.43,1776838855000
1776838856.815,56.815,0.73,0.74,0.26,0.27,0.01,0.01,78021.43,1776838855000
1776838857.319,57.319,0.73,0.74,0.26,0.27,0.01,0.01,78024.53,1776838856000
1776838857.793,57.793,0.73,0.74,0.26,0.27,0.01,0.01,78024.53,1776838856000
1776838858.372,58.372,0.73,0.74,0.26,0.27,0.01,0.01,78031.98,1776838857000
1776838858.718,58.718,0.73,0.74,0.26,0.27,0.01,0.01,78031.98,1776838857000
1776838859.058,59.058,0.72,0.73,0.27,0.28,0.01,0.01,78033.09,1776838858000
1776838859.602,59.602,0.72,0.73,0.27,0.28,0.01,0.01,78033.09,1776838858000
1776838860.255,60.255,0.72,0.73,0.27,0.28,0.01,0.01,78033.01,1776838859000
1776838860.613,60.613,0.72,0.73,0.27,0.28,0.01,0.01,78033.01,1776838859000
1776838860.956,60.956,0.72,0.73,0.27,0.28,0.01,0.01,78033.01,1776838859000
1776838861.619,61.619,0.72,0.73,0.27,0.28,0.01,0.01,78030.25,1776838860000
1776838861.966,61.966,0.72,0.73,0.27,0.28,0.01,0.01,78030.25,1776838860000
1776838862.304,62.304,0.72,0.73,0.27,0.28,0.01,0.01,78032.78,1776838861000
1776838862.652,62.652,0.72,0.73,0.27,0.28,0.01,0.01,78032.78,1776838861000
1776838863.006,63.006,0.72,0.73,0.27,0.28,0.01,0.01,78032.78,1776838861000
1776838863.382,63.382,0.72,0.73,0.27,0.28,0.01,0.01,78032.78,1776838861000
1776838863.735,63.735,0.72,0.74,0.27,0.28,0.02,0.01,78032.78,1776838861000
1776838864.182,64.182,0.73,0.74,0.26,0.28,0.01,0.02,78032.66,1776838862000
1776838864.709,64.709,0.73,0.74,0.26,0.27,0.01,0.01,78033.02,1776838863000
1776838865.131,65.131,0.73,0.74,0.26,0.27,0.01,0.01,78033.02,1776838863000
1776838865.635,65.635,0.72,0.74,0.26,0.27,0.02,0.01,78032.04,1776838864000
1776838866.162,66.162,0.73,0.74,0.26,0.27,0.01,0.01,78032.04,1776838864000
1776838866.978,66.978,0.73,0.74,0.26,0.27,0.01,0.01,78032.34,1776838865000
1776838867.365,67.365,0.73,0.74,0.26,0.27,0.01,0.01,78033.14,1776838866000
1776838867.795,67.795,0.73,0.74,0.26,0.27,0.01,0.01,78033.14,1776838866000
1776838868.154,68.154,0.73,0.74,0.26,0.27,0.01,0.01,78033.14,1776838866000
1776838868.556,68.556,0.73,0.74,0.26,0.27,0.01,0.01,78033.14,1776838866000
1776838868.959,68.959,0.73,0.74,0.26,0.27,0.01,0.01,78033.14,1776838866000
1776838869.569,69.569,0.73,0.74,0.26,0.27,0.01,0.01,78030.82,1776838868000
1776838870.236,70.236,0.73,0.74,0.26,0.27,0.01,0.01,78030.82,1776838868000
1776838870.93,70.93,0.73,0.74,0.26,0.27,0.01,0.01,78030.82,1776838868000
1776838871.703,71.703,0.73,0.74,0.26,0.27,0.01,0.01,78030.82,1776838870000
1776838872.095,72.095,0.73,0.74,0.26,0.27,0.01,0.01,78030.82,1776838870000
1776838872.64,72.64,0.73,0.74,0.26,0.27,0.01,0.01,78030.1,1776838871000
1776838873.042,73.042,0.73,0.74,0.26,0.27,0.01,0.01,78030.1,1776838871000
1776838873.606,73.606,0.73,0.74,0.26,0.27,0.01,0.01,78030.1,1776838871000
1776838873.966,73.966,0.73,0.74,0.26,0.27,0.01,0.01,78030.81,1776838872000
1776838874.373,74.373,0.73,0.74,0.26,0.27,0.01,0.01,78030.81,1776838873000
1776838875.044,75.044,0.73,0.74,0.26,0.27,0.01,0.01,78030.81,1776838874000
1776838875.391,75.391,0.73,0.74,0.26,0.27,0.01,0.01,78030.81,1776838874000
1776838875.753,75.753,0.73,0.74,0.26,0.27,0.01,0.01,78030.81,1776838874000
1776838876.226,76.226,0.73,0.74,0.26,0.27,0.01,0.01,78030.81,1776838874000
1776838876.562,76.562,0.73,0.74,0.26,0.27,0.01,0.01,78030.87,1776838875000
1776838876.951,76.951,0.73,0.74,0.26,0.27,0.01,0.01,78030.87,1776838875000
1776838877.33,77.33,0.73,0.74,0.26,0.27,0.01,0.01,78030.97,1776838876000
1776838877.756,77.756,0.73,0.74,0.26,0.27,0.01,0.01,78030.97,1776838876000
1776838878.691,78.691,0.73,0.74,0.26,0.27,0.01,0.01,78030.97,1776838876000
1776838879.682,79.682,0.73,0.74,0.26,0.27,0.01,0.01,78030.17,1776838878000
1776838880.085,80.085,0.73,0.74,0.26,0.27,0.01,0.01,78030.17,1776838878000
1776838880.454,80.454,0.73,0.74,0.26,0.27,0.01,0.01,78030.97,1776838879000
1776838880.939,80.939,0.72,0.74,0.26,0.27,0.02,0.01,78030.97,1776838879000
1776838881.729,81.729,0.71,0.74,0.26,0.28,0.03,0.02,78030.97,1776838879000
1776838882.085,82.085,0.71,0.73,0.27,0.29,0.02,0.02,78031.09,1776838880000
1776838882.649,82.649,0.7,0.73,0.27,0.3,0.03,0.03,78029.84,1776838881000
1776838882.994,82.994,0.69,0.7,0.3,0.31,0.01,0.01,78029.84,1776838881000
1776838883.372,83.372,0.69,0.7,0.3,0.31,0.01,0.01,78029.84,1776838881000
1776838883.713,83.713,0.67,0.69,0.31,0.33,0.02,0.02,78028.63,1776838882000
1776838884.149,84.149,0.67,0.68,0.32,0.33,0.01,0.01,78028.63,1776838882000
1776838884.564,84.564,0.67,0.69,0.32,0.33,0.02,0.01,78027.92,1776838883000
1776838884.931,84.931,0.67,0.68,0.32,0.33,0.01,0.01,78027.92,1776838883000
1776838885.589,85.589,0.67,0.68,0.32,0.33,0.01,0.01,78027.92,1776838883000
1776838885.954,85.954,0.68,0.69,0.31,0.33,0.01,0.02,78022.1,1776838884000
1776838886.299,86.299,0.67,0.69,0.31,0.32,0.02,0.01,78022.1,1776838884000
1776838886.683,86.683,0.67,0.68,0.32,0.33,0.01,0.01,78021.49,1776838885000
1776838887.024,87.024,0.67,0.68,0.32,0.33,0.01,0.01,78021.49,1776838885000
1776838887.471,87.471,0.67,0.68,0.32,0.33,0.01,0.01,78021.49,1776838885000
1776838888.335,88.335,0.67,0.68,0.32,0.33,0.01,0.01,78021.24,1776838887000
1776838889.053,89.053,0.67,0.68,0.32,0.33,0.01,0.01,78021.24,1776838887000
1776838889.641,89.641,0.66,0.67,0.32,0.34,0.01,0.02,78020.88,1776838888000
1776838890.098,90.098,0.66,0.67,0.33,0.34,0.01,0.01,78020.88,1776838888000
1776838890.46,90.46,0.66,0.67,0.33,0.34,0.01,0.01,78021.25,1776838889000
1776838890.874,90.874,0.66,0.67,0.33,0.34,0.01,0.01,78021.25,1776838889000
1776838891.243,91.243,0.66,0.67,0.33,0.34,0.01,0.01,78021.25,1776838889000
1776838891.91,91.91,0.66,0.67,0.33,0.34,0.01,0.01,78020.28,1776838890000
1776838892.318,92.318,0.66,0.67,0.33,0.34,0.01,0.01,78020.28,1776838890000
1776838892.667,92.667,0.66,0.67,0.33,0.34,0.01,0.01,78019.32,1776838891000
1776838893.148,93.148,0.66,0.67,0.33,0.34,0.01,0.01,78019.32,1776838891000
1776838893.506,93.506,0.66,0.67,0.33,0.34,0.01,0.01,78018.46,1776838892000
1776838894.218,94.218,0.66,0.67,0.33,0.34,0.01,0.01,78018.46,1776838892000
1776838894.943,94.943,0.67,0.68,0.33,0.34,0.01,0.01,78018.43,1776838893000
1776838895.328,95.328,0.67,0.68,0.32,0.33,0.01,0.01,78018.47,1776838894000
1776838895.823,95.823,0.62,0.63,0.32,0.33,0.01,0.01,78018.47,1776838894000
1776838896.188,96.188,0.62,0.63,0.37,0.38,0.01,0.01,78018.47,1776838894000
1776838896.618,96.618,0.62,0.63,0.37,0.38,0.01,0.01,78018.39,1776838895000
1776838897.32,97.32,0.62,0.63,0.37,0.38,0.01,0.01,78018.3,1776838896000
1776838897.665,97.665,0.62,0.63,0.37,0.38,0.01,0.01,78018.3,1776838896000
1776838898.017,98.017,0.62,0.63,0.37,0.38,0.01,0.01,78018.3,1776838896000
1776838898.365,98.365,0.62,0.63,0.37,0.38,0.01,0.01,78018.3,1776838896000
1776838898.715,98.715,0.62,0.63,0.37,0.38,0.01,0.01,78018.22,1776838897000
1776838899.07,99.07,0.62,0.63,0.37,0.38,0.01,0.01,78017.45,1776838898000
1776838899.411,99.411,0.62,0.63,0.37,0.38,0.01,0.01,78017.45,1776838898000
1776838899.846,99.846,0.62,0.63,0.37,0.38,0.01,0.01,78017.45,1776838898000
1776838900.26,100.26,0.62,0.63,0.37,0.38,0.01,0.01,78017.44,1776838899000
1776838900.607,100.607,0.62,0.63,0.37,0.38,0.01,0.01,78017.44,1776838899000
1776838900.987,100.987,0.62,0.63,0.37,0.38,0.01,0.01,78017.44,1776838899000
1776838901.343,101.343,0.62,0.63,0.37,0.38,0.01,0.01,78017.44,1776838899000
1776838901.816,101.816,0.62,0.63,0.37,0.38,0.01,0.01,78017.4,1776838900000
1776838902.368,102.368,0.73,0.74,0.24,0.28,0.01,0.04,78017.81,1776838901000
1776838902.733,102.733,0.73,0.75,0.23,0.27,0.02,0.04,78017.81,1776838901000
1776838903.084,103.084,0.75,0.77,0.24,0.25,0.02,0.01,78018.88,1776838902000
1776838903.426,103.426,0.76,0.77,0.23,0.24,0.01,0.01,78018.88,1776838902000
1776838903.784,103.784,0.76,0.78,0.22,0.24,0.02,0.02,78018.88,1776838902000
1776838904.374,104.374,0.77,0.78,0.22,0.23,0.01,0.01,78029.94,1776838903000
1776838904.785,104.785,0.77,0.78,0.22,0.23,0.01,0.01,78029.94,1776838903000
1776838905.412,105.412,0.77,0.78,0.22,0.23,0.01,0.01,78032.51,1776838904000
1776838906.163,106.163,0.77,0.78,0.22,0.23,0.01,0.01,78032.51,1776838904000
1776838906.556,106.556,0.77,0.78,0.22,0.23,0.01,0.01,78034.22,1776838905000
1776838906.921,106.921,0.77,0.78,0.22,0.23,0.01,0.01,78034.22,1776838905000
1776838907.321,107.321,0.77,0.78,0.22,0.23,0.01,0.01,78034.22,1776838905000
1776838907.738,107.738,0.77,0.78,0.22,0.23,0.01,0.01,78034.01,1776838906000
1776838908.227,108.227,0.77,0.78,0.22,0.23,0.01,0.01,78034.01,1776838906000
1776838908.561,108.561,0.77,0.78,0.22,0.23,0.01,0.01,78035.36,1776838907000
1776838908.949,108.949,0.77,0.78,0.22,0.23,0.01,0.01,78035.36,1776838907000
1776838909.38,109.38,0.77,0.78,0.22,0.23,0.01,0.01,78034.12,1776838908000
1776838909.73,109.73,0.77,0.78,0.22,0.23,0.01,0.01,78034.12,1776838908000
1776838910.146,110.146,0.77,0.78,0.22,0.23,0.01,0.01,78034.12,1776838908000
1776838910.505,110.505,0.77,0.78,0.22,0.23,0.01,0.01,78034.12,1776838908000
1776838910.846,110.846,0.77,0.78,0.22,0.23,0.01,0.01,78033.46,1776838909000
1776838911.845,111.845,0.77,0.78,0.22,0.23,0.01,0.01,78032.73,1776838910000
1776838912.235,112.235,0.78,0.79,0.21,0.22,0.01,0.01,78033.28,1776838911000
1776838912.603,112.603,0.77,0.78,0.21,0.23,0.01,0.02,78033.28,1776838911000
1776838912.974,112.974,0.77,0.78,0.22,0.23,0.01,0.01,78033.28,1776838911000
1776838913.894,113.894,0.77,0.78,0.22,0.23,0.01,0.01,78034.19,1776838912000
1776838914.378,114.378,0.77,0.78,0.22,0.23,0.01,0.01,78039.23,1776838913000
1776838914.824,114.824,0.77,0.78,0.22,0.23,0.01,0.01,78039.23,1776838913000
1776838915.241,115.241,0.77,0.78,0.22,0.23,0.01,0.01,78039.23,1776838914000
1776838915.607,115.607,0.77,0.78,0.22,0.23,0.01,0.01,78039.23,1776838914000
1776838916.391,116.391,0.77,0.78,0.22,0.23,0.01,0.01,78038.63,1776838915000
1776838916.934,116.934,0.77,0.78,0.22,0.23,0.01,0.01,78037.84,1776838916000
1776838917.42,117.42,0.77,0.78,0.22,0.23,0.01,0.01,78037.84,1776838916000
1776838917.763,117.763,0.77,0.78,0.22,0.23,0.01,0.01,78037.84,1776838916000
1776838918.121,118.121,0.77,0.8,0.22,0.23,0.03,0.01,78037.84,1776838916000
1776838918.468,118.468,0.79,0.8,0.2,0.21,0.01,0.01,78037.98,1776838917000
1776838918.85,118.85,0.79,0.8,0.2,0.21,0.01,0.01,78037.98,1776838917000
1776838919.225,119.225,0.79,0.8,0.2,0.21,0.01,0.01,78037.98,1776838917000
1776838920.277,120.277,0.79,0.8,0.2,0.21,0.01,0.01,78038.31,1776838918000
1776838920.639,120.639,0.81,0.82,0.18,0.19,0.01,0.01,78038.62,1776838919000
1776838921.004,121.004,0.81,0.82,0.18,0.19,0.01,0.01,78038.62,1776838919000
1776838921.45,121.45,0.81,0.82,0.18,0.19,0.01,0.01,78037.77,1776838920000
1776838921.796,121.796,0.81,0.82,0.18,0.19,0.01,0.01,78037.77,1776838920000
1776838922.23,122.23,0.81,0.83,0.17,0.19,0.02,0.02,78042.04,1776838921000
1776838922.607,122.607,0.82,0.83,0.17,0.18,0.01,0.01,78042.04,1776838921000
1776838923.262,123.262,0.82,0.83,0.17,0.18,0.01,0.01,78042.04,1776838921000
1776838923.666,123.666,0.82,0.83,0.17,0.18,0.01,0.01,78041.23,1776838922000
1776838924.026,124.026,0.79,0.8,0.2,0.21,0.01,0.01,78041.23,1776838922000
1776838924.468,124.468,0.79,0.8,0.2,0.21,0.01,0.01,78041.23,1776838922000
1776838924.863,124.863,0.79,0.8,0.2,0.21,0.01,0.01,78042.09,1776838923000
1776838925.236,125.236,0.79,0.8,0.2,0.21,0.01,0.01,78041.93,1776838924000
1776838925.673,125.673,0.79,0.8,0.2,0.21,0.01,0.01,78041.93,1776838924000
1776838926.01,126.01,0.72,0.75,0.22,0.24,0.03,0.02,78041.93,1776838924000
1776838926.349,126.349,0.72,0.73,0.27,0.28,0.01,0.01,78039.58,1776838925000
1776838926.683,126.683,0.7,0.72,0.28,0.29,0.02,0.01,78039.58,1776838925000
1776838927.139,127.139,0.7,0.71,0.29,0.3,0.01,0.01,78039.58,1776838925000
1776838927.541,127.541,0.7,0.71,0.29,0.3,0.01,0.01,78039.29,1776838926000
1776838927.879,127.879,0.7,0.71,0.29,0.3,0.01,0.01,78039.29,1776838926000
1776838928.22,128.22,0.7,0.71,0.29,0.3,0.01,0.01,78030.96,1776838927000
1776838928.602,128.602,0.7,0.71,0.29,0.3,0.01,0.01,78030.96,1776838927000
1776838928.955,128.955,0.7,0.72,0.29,0.3,0.02,0.01,78030.96,1776838927000
1776838929.354,129.354,0.7,0.71,0.29,0.3,0.01,0.01,78030.96,1776838927000
1776838929.751,129.751,0.7,0.71,0.29,0.3,0.01,0.01,78030.96,1776838927000
1776838930.125,130.125,0.71,0.72,0.28,0.29,0.01,0.01,78026.5,1776838928000
1776838930.634,130.634,0.71,0.72,0.28,0.29,0.01,0.01,78026.8,1776838929000
1776838930.986,130.986,0.71,0.72,0.28,0.3,0.01,0.02,78026.8,1776838929000
1776838931.335,131.335,0.71,0.72,0.27,0.29,0.01,0.02,78026.8,1776838929000
1776838931.807,131.807,0.71,0.73,0.28,0.29,0.02,0.01,78026.8,1776838929000
1776838932.245,132.245,0.72,0.73,0.27,0.29,0.01,0.02,78026.81,1776838930000
1776838932.597,132.597,0.72,0.73,0.26,0.28,0.01,0.02,78026.8,1776838931000
1776838932.952,132.952,0.72,0.73,0.27,0.28,0.01,0.01,78026.8,1776838931000
1776838933.734,133.734,0.72,0.73,0.27,0.28,0.01,0.01,78027.02,1776838932000
1776838934.313,134.313,0.72,0.73,0.27,0.28,0.01,0.01,78027.02,1776838932000
1776838934.974,134.974,0.72,0.74,0.27,0.28,0.02,0.01,78026.41,1776838933000
1776838935.409,135.409,0.73,0.74,0.26,0.27,0.01,0.01,78026.47,1776838934000
1776838935.815,135.815,0.77,0.78,0.22,0.24,0.01,0.02,78026.47,1776838934000
1776838936.23,136.23,0.78,0.79,0.21,0.22,0.01,0.01,78026.25,1776838935000
1776838936.623,136.623,0.77,0.79,0.21,0.23,0.02,0.02,78026.25,1776838935000
1776838936.96,136.96,0.78,0.81,0.19,0.22,0.03,0.03,78026.25,1776838935000
1776838937.411,137.411,0.82,0.83,0.18,0.2,0.01,0.02,78026.25,1776838935000
1776838937.809,137.809,0.82,0.83,0.17,0.18,0.01,0.01,78029.72,1776838936000
1776838938.192,138.192,0.82,0.83,0.17,0.18,0.01,0.01,78030.28,1776838937000
1776838938.929,138.929,0.82,0.83,0.17,0.18,0.01,0.01,78030.28,1776838937000
1776838939.29,139.29,0.83,0.84,0.16,0.17,0.01,0.01,78034.3,1776838938000
1776838940.411,140.411,0.83,0.84,0.16,0.17,0.01,0.01,78041.29,1776838939000
1776838940.745,140.745,0.83,0.84,0.16,0.17,0.01,0.01,78041.29,1776838939000
1776838941.273,141.273,0.83,0.84,0.16,0.17,0.01,0.01,78041.4,1776838940000
1776838941.942,141.942,0.83,0.84,0.16,0.17,0.01,0.01,78041.4,1776838940000
1776838942.83,142.83,0.83,0.84,0.16,0.17,0.01,0.01,78040.39,1776838941000
1776838943.307,143.307,0.83,0.84,0.16,0.17,0.01,0.01,78042.95,1776838942000
1776838943.7,143.7,0.83,0.84,0.16,0.17,0.01,0.01,78042.95,1776838942000
1776838944.116,144.116,0.83,0.84,0.16,0.17,0.01,0.01,78042.95,1776838942000
1776838944.506,144.506,0.83,0.84,0.16,0.17,0.01,0.01,78041.5,1776838943000
1776838944.868,144.868,0.83,0.84,0.16,0.17,0.01,0.01,78041.5,1776838943000
1776838945.471,145.471,0.83,0.84,0.16,0.17,0.01,0.01,78040.82,1776838944000
1776838945.977,145.977,0.83,0.84,0.16,0.17,0.01,0.01,78040.82,1776838944000
1776838946.341,146.341,0.83,0.84,0.16,0.17,0.01,0.01,78041.79,1776838945000
1776838946.838,146.838,0.78,0.79,0.21,0.22,0.01,0.01,78041.79,1776838945000
1776838947.842,147.842,0.78,0.8,0.21,0.22,0.02,0.01,78042.36,1776838946000
1776838948.181,148.181,0.78,0.79,0.21,0.22,0.01,0.01,78040.03,1776838947000
1776838949.189,149.189,0.78,0.79,0.21,0.22,0.01,0.01,78040.03,1776838947000
1776838949.791,149.791,0.78,0.79,0.21,0.22,0.01,0.01,78039.87,1776838948000
1776838950.337,150.337,0.78,0.79,0.21,0.22,0.01,0.01,78038.77,1776838949000
1776838950.758,150.758,0.78,0.79,0.21,0.22,0.01,0.01,78038.77,1776838949000
1776838951.574,151.574,0.78,0.79,0.21,0.22,0.01,0.01,78038.26,1776838950000
1776838951.992,151.992,0.78,0.79,0.21,0.22,0.01,0.01,78038.26,1776838950000
1776838952.514,152.514,0.78,0.79,0.21,0.22,0.01,0.01,78035.96,1776838951000
1776838953.023,153.023,0.78,0.79,0.21,0.22,0.01,0.01,78035.54,1776838952000
1776838953.816,153.816,0.78,0.79,0.21,0.22,0.01,0.01,78035.54,1776838952000
1776838954.207,154.207,0.77,0.78,0.21,0.24,0.01,0.03,78036.71,1776838953000
1776838954.561,154.561,0.76,0.77,0.23,0.24,0.01,0.01,78036.71,1776838953000
1776838955.143,155.143,0.76,0.77,0.23,0.24,0.01,0.01,78036.79,1776838954000
1776838955.589,155.589,0.76,0.77,0.23,0.24,0.01,0.01,78036.79,1776838954000
1776838956.257,156.257,0.76,0.77,0.23,0.24,0.01,0.01,78033.38,1776838955000
1776838956.977,156.977,0.76,0.77,0.23,0.24,0.01,0.01,78033.38,1776838955000
1776838957.336,157.336,0.76,0.77,0.23,0.24,0.01,0.01,78034.86,1776838956000
1776838957.778,157.778,0.76,0.77,0.23,0.24,0.01,0.01,78034.86,1776838956000
1776838958.269,158.269,0.76,0.77,0.23,0.24,0.01,0.01,78034.86,1776838956000
1776838958.69,158.69,0.76,0.77,0.23,0.24,0.01,0.01,78032.86,1776838957000
1776838959.165,159.165,0.76,0.77,0.23,0.24,0.01,0.01,78032.86,1776838957000
1776838959.533,159.533,0.76,0.77,0.23,0.24,0.01,0.01,78032.86,1776838957000
1776838960.055,160.055,0.76,0.77,0.23,0.24,0.01,0.01,78034.2,1776838958000
1776838960.446,160.446,0.76,0.77,0.23,0.24,0.01,0.01,78034.24,1776838959000
1776838960.811,160.811,0.76,0.77,0.23,0.24,0.01,0.01,78034.24,1776838959000
1776838961.342,161.342,0.76,0.77,0.23,0.24,0.01,0.01,78034.24,1776838959000
1776838961.762,161.762,0.75,0.77,0.23,0.25,0.02,0.02,78032.78,1776838960000
1776838962.118,162.118,0.73,0.76,0.24,0.25,0.03,0.01,78032.78,1776838960000
1776838962.517,162.517,0.72,0.74,0.26,0.27,0.02,0.01,78033.38,1776838961000
1776838962.936,162.936,0.73,0.74,0.26,0.27,0.01,0.01,78033.38,1776838961000
1776838963.366,163.366,0.73,0.74,0.26,0.27,0.01,0.01,78032.9,1776838962000
1776838963.925,163.925,0.73,0.74,0.26,0.27,0.01,0.01,78032.9,1776838962000
1776838964.274,164.274,0.73,0.75,0.26,0.27,0.02,0.01,78029.86,1776838963000
1776838964.649,164.649,0.74,0.75,0.25,0.26,0.01,0.01,78029.86,1776838963000
1776838965.093,165.093,0.74,0.75,0.25,0.26,0.01,0.01,78029.86,1776838963000
1776838965.595,165.595,0.74,0.76,0.25,0.26,0.02,0.01,78028.98,1776838964000
1776838966.393,166.393,0.75,0.76,0.24,0.25,0.01,0.01,78029.7,1776838965000
1776838966.902,166.902,0.75,0.76,0.24,0.25,0.01,0.01,78029.7,1776838966000
1776838967.243,167.243,0.75,0.76,0.24,0.25,0.01,0.01,78029.7,1776838966000
1776838967.791,167.791,0.75,0.76,0.24,0.25,0.01,0.01,78029.7,1776838966000
1776838968.258,168.258,0.75,0.76,0.24,0.25,0.01,0.01,78027.13,1776838967000
1776838969.366,169.366,0.75,0.76,0.24,0.25,0.01,0.01,78027.13,1776838967000
1776838969.815,169.815,0.75,0.76,0.24,0.25,0.01,0.01,78027.1,1776838968000
1776838970.177,170.177,0.75,0.76,0.24,0.25,0.01,0.01,78029.63,1776838969000
1776838970.571,170.571,0.75,0.76,0.24,0.25,0.01,0.01,78029.63,1776838969000
1776838970.926,170.926,0.75,0.76,0.24,0.25,0.01,0.01,78029.63,1776838969000
1776838971.303,171.303,0.76,0.77,0.23,0.24,0.01,0.01,78029.96,1776838970000
1776838971.875,171.875,0.76,0.77,0.23,0.24,0.01,0.01,78029.96,1776838970000
1776838972.275,172.275,0.77,0.78,0.22,0.24,0.01,0.02,78029.96,1776838970000
1776838972.751,172.751,0.77,0.79,0.22,0.23,0.02,0.01,78029.76,1776838971000
1776838973.321,173.321,0.78,0.79,0.21,0.22,0.01,0.01,78029.76,1776838971000
1776838973.712,173.712,0.77,0.79,0.21,0.22,0.02,0.01,78029.97,1776838972000
1776838974.516,174.516,0.78,0.79,0.21,0.22,0.01,0.01,78029.88,1776838973000
1776838975.116,175.116,0.78,0.79,0.21,0.22,0.01,0.01,78029.94,1776838974000
1776838975.574,175.574,0.78,0.79,0.21,0.22,0.01,0.01,78029.94,1776838974000
1776838975.965,175.965,0.78,0.79,0.21,0.22,0.01,0.01,78029.94,1776838974000
1776838976.605,176.605,0.78,0.79,0.21,0.22,0.01,0.01,78027.54,1776838975000
1776838976.964,176.964,0.78,0.79,0.21,0.22,0.01,0.01,78027.54,1776838975000
1776838977.507,177.507,0.76,0.79,0.21,0.24,0.03,0.03,78029.27,1776838976000
1776838978.203,178.203,0.78,0.79,0.21,0.22,0.01,0.01,78030.02,1776838977000
1776838978.539,178.539,0.78,0.79,0.21,0.22,0.01,0.01,78030.02,1776838977000
1776838978.943,178.943,0.78,0.79,0.21,0.22,0.01,0.01,78030.02,1776838977000
1776838979.291,179.291,0.78,0.79,0.21,0.22,0.01,0.01,78030.02,1776838977000
1776838980.094,180.094,0.78,0.79,0.21,0.22,0.01,0.01,78030.02,1776838978000
1776838980.451,180.451,0.8,0.81,0.19,0.2,0.01,0.01,78030.02,1776838979000
1776838980.958,180.958,0.8,0.81,0.19,0.2,0.01,0.01,78030.02,1776838979000
1776838981.322,181.322,0.8,0.81,0.19,0.2,0.01,0.01,78029.89,1776838980000
1776838982.119,182.119,0.8,0.81,0.19,0.2,0.01,0.01,78029.89,1776838981000
1776838983.121,183.121,0.8,0.81,0.19,0.2,0.01,0.01,78030.28,1776838982000
1776838984.341,184.341,0.8,0.81,0.19,0.2,0.01,0.01,78026.75,1776838983000
1776838985.306,185.306,0.8,0.81,0.19,0.2,0.01,0.01,78019.84,1776838984000
1776838985.742,185.742,0.79,0.81,0.19,0.2,0.02,0.01,78019.84,1776838984000
1776838986.211,186.211,0.76,0.81,0.19,0.24,0.05,0.05,78019.84,1776838984000
1776838986.654,186.654,0.76,0.81,0.19,0.24,0.05,0.05,78017.76,1776838985000
1776838987.023,187.023,0.75,0.81,0.19,0.24,0.06,0.05,78017.76,1776838986000
1776838987.568,187.568,0.71,0.81,0.19,0.29,0.1,0.1,78017.76,1776838986000
1776838988.133,188.133,0.74,0.8,0.19,0.29,0.06,0.1,78017.76,1776838986000
1776838988.471,188.471,0.7,0.77,0.23,0.3,0.07,0.07,78017.76,1776838986000
1776838988.809,188.809,0.76,0.77,0.23,0.24,0.01,0.01,78017.65,1776838987000
1776838989.189,189.189,0.75,0.76,0.23,0.25,0.01,0.02,78017.65,1776838987000
1776838989.54,189.54,0.71,0.72,0.25,0.29,0.01,0.04,78017.95,1776838988000
1776838989.889,189.889,0.71,0.72,0.28,0.29,0.01,0.01,78017.95,1776838988000
1776838990.343,190.343,0.7,0.72,0.28,0.3,0.02,0.02,78017.8,1776838989000
1776838990.702,190.702,0.7,0.71,0.29,0.3,0.01,0.01,78017.8,1776838989000
1776838991.15,191.15,0.7,0.71,0.29,0.3,0.01,0.01,78017.8,1776838989000
1776838991.839,191.839,0.7,0.71,0.29,0.3,0.01,0.01,78016.79,1776838990000
1776838992.417,192.417,0.7,0.71,0.29,0.3,0.01,0.01,78016.61,1776838991000
1776838992.771,192.771,0.7,0.71,0.29,0.3,0.01,0.01,78016.61,1776838991000
1776838993.24,193.24,0.7,0.71,0.29,0.3,0.01,0.01,78015.42,1776838992000
1776838993.647,193.647,0.7,0.71,0.29,0.3,0.01,0.01,78015.42,1776838992000
1776838994.062,194.062,0.7,0.71,0.29,0.3,0.01,0.01,78014.95,1776838993000
1776838994.408,194.408,0.69,0.71,0.29,0.3,0.02,0.01,78014.95,1776838993000
1776838994.748,194.748,0.69,0.71,0.29,0.31,0.02,0.02,78014.95,1776838993000
1776838995.089,195.089,0.69,0.71,0.29,0.31,0.02,0.02,78014.95,1776838993000
1776838995.432,195.432,0.69,0.71,0.29,0.31,0.02,0.02,78013.95,1776838994000
1776838995.877,195.877,0.69,0.71,0.29,0.31,0.02,0.02,78013.95,1776838994000
1776838996.271,196.271,0.69,0.71,0.29,0.31,0.02,0.02,78012.89,1776838995000
1776838996.736,196.736,0.66,0.69,0.31,0.34,0.03,0.03,78012.89,1776838995000
1776838997.183,197.183,0.66,0.69,0.31,0.34,0.03,0.03,78012.89,1776838995000
1776838997.518,197.518,0.68,0.69,0.31,0.32,0.01,0.01,78012.01,1776838996000
1776838997.902,197.902,0.62,0.66,0.31,0.36,0.04,0.05,78012.01,1776838996000
1776838998.328,198.328,0.65,0.66,0.34,0.35,0.01,0.01,78011.55,1776838997000
1776838998.809,198.809,0.65,0.66,0.34,0.35,0.01,0.01,78011.55,1776838997000
1776838999.376,199.376,0.65,0.66,0.34,0.35,0.01,0.01,78011.55,1776838998000
1776838999.728,199.728,0.61,0.63,0.38,0.39,0.02,0.01,78011.55,1776838998000
1776839000.187,200.187,0.64,0.65,0.35,0.37,0.01,0.02,78011.55,1776838998000
1776839000.521,200.521,0.64,0.65,0.35,0.36,0.01,0.01,78011.52,1776838999000
1776839001.043,201.043,0.64,0.65,0.35,0.36,0.01,0.01,78011.52,1776838999000
1776839001.4,201.4,0.64,0.65,0.35,0.36,0.01,0.01,78009.94,1776839000000
1776839001.737,201.737,0.64,0.65,0.35,0.36,0.01,0.01,78009.94,1776839000000
1776839002.676,202.676,0.64,0.65,0.35,0.36,0.01,0.01,78009.94,1776839000000
1776839003.027,203.027,0.64,0.65,0.35,0.36,0.01,0.01,78009.94,1776839000000
1776839003.378,203.378,0.64,0.65,0.35,0.36,0.01,0.01,78009.35,1776839002000
1776839005.078,205.078,0.64,0.65,0.35,0.36,0.01,0.01,78009.35,1776839002000
1776839006.393,206.393,0.64,0.65,0.35,0.36,0.01,0.01,78009.34,1776839004000
1776839006.83,206.83,0.64,0.66,0.34,0.36,0.02,0.02,78010.03,1776839005000
1776839007.389,207.389,0.64,0.66,0.34,0.36,0.02,0.02,78009.55,1776839006000
1776839007.786,207.786,0.64,0.65,0.35,0.36,0.01,0.01,78009.55,1776839006000
1776839008.119,208.119,0.64,0.66,0.34,0.36,0.02,0.02,78009.55,1776839007000
1776839008.566,208.566,0.62,0.63,0.37,0.38,0.01,0.01,78009.55,1776839007000
1776839008.901,208.901,0.61,0.62,0.38,0.39,0.01,0.01,78009.55,1776839007000
1776839009.535,209.535,0.61,0.62,0.38,0.39,0.01,0.01,78003.65,1776839008000
1776839009.88,209.88,0.57,0.62,0.38,0.43,0.05,0.05,78003.65,1776839008000
1776839010.214,210.214,0.56,0.61,0.39,0.44,0.05,0.05,78003.65,1776839008000
1776839010.573,210.573,0.51,0.54,0.46,0.49,0.03,0.03,78000.5,1776839009000
1776839010.909,210.909,0.51,0.55,0.45,0.49,0.04,0.04,78000.5,1776839009000
1776839011.243,211.243,0.52,0.53,0.47,0.48,0.01,0.01,78000.5,1776839009000
1776839011.576,211.576,0.51,0.53,0.47,0.49,0.02,0.02,78000.5,1776839009000
1776839012.02,212.02,0.52,0.53,0.47,0.48,0.01,0.01,77990.94,1776839010000
1776839012.453,212.453,0.52,0.53,0.47,0.48,0.01,0.01,77990.39,1776839011000
1776839012.799,212.799,0.52,0.53,0.47,0.48,0.01,0.01,77990.39,1776839011000
1776839013.186,213.186,0.51,0.52,0.48,0.49,0.01,0.01,77990.39,1776839011000
1776839013.52,213.52,0.51,0.52,0.48,0.49,0.01,0.01,77990.39,1776839011000
1776839013.912,213.912,0.51,0.52,0.48,0.49,0.01,0.01,77989.19,1776839012000
1776839014.509,214.509,0.51,0.52,0.48,0.49,0.01,0.01,77988.63,1776839013000
1776839014.851,214.851,0.5,0.51,0.49,0.5,0.01,0.01,77988.63,1776839013000
1776839015.189,215.189,0.5,0.51,0.49,0.5,0.01,0.01,77988.63,1776839014000
1776839015.55,215.55,0.5,0.51,0.49,0.5,0.01,0.01,77988.63,1776839014000
1776839015.977,215.977,0.5,0.51,0.49,0.5,0.01,0.01,77988.63,1776839014000
1776839016.316,216.316,0.5,0.51,0.49,0.5,0.01,0.01,77988.63,1776839014000
1776839016.663,216.663,0.48,0.49,0.51,0.52,0.01,0.01,77987.45,1776839015000
1776839017.013,217.013,0.47,0.48,0.52,0.53,0.01,0.01,77987.45,1776839015000
1776839017.395,217.395,0.46,0.47,0.53,0.54,0.01,0.01,77987.15,1776839016000
1776839017.741,217.741,0.46,0.47,0.53,0.54,0.01,0.01,77987.15,1776839016000
1776839018.085,218.085,0.46,0.47,0.53,0.54,0.01,0.01,77987.15,1776839016000
1776839018.427,218.427,0.46,0.47,0.53,0.54,0.01,0.01,77987.15,1776839016000
1776839018.855,218.855,0.46,0.47,0.53,0.54,0.01,0.01,77985.23,1776839017000
1776839019.211,219.211,0.46,0.47,0.53,0.54,0.01,0.01,77985.23,1776839017000
1776839019.565,219.565,0.47,0.48,0.52,0.54,0.01,0.02,77984.89,1776839018000
1776839020.12,220.12,0.47,0.48,0.52,0.53,0.01,0.01,77984.27,1776839019000
1776839020.521,220.521,0.47,0.48,0.52,0.53,0.01,0.01,77984.27,1776839019000
1776839020.865,220.865,0.47,0.48,0.52,0.53,0.01,0.01,77984.27,1776839019000
1776839021.863,221.863,0.47,0.48,0.52,0.53,0.01,0.01,77985.14,1776839020000
1776839022.252,222.252,0.47,0.48,0.52,0.53,0.01,0.01,77985.14,1776839020000
1776839022.608,222.608,0.47,0.48,0.52,0.54,0.01,0.02,77985.14,1776839020000
1776839022.956,222.956,0.46,0.48,0.52,0.54,0.02,0.02,77985.14,1776839020000
1776839023.409,223.409,0.46,0.48,0.52,0.54,0.02,0.02,77985.14,1776839020000
1776839023.772,223.772,0.47,0.48,0.52,0.53,0.01,0.01,77985.14,1776839020000
1776839024.261,224.261,0.46,0.48,0.52,0.53,0.02,0.01,77985.14,1776839020000
1776839024.642,224.642,0.46,0.48,0.52,0.54,0.02,0.02,77985.14,1776839020000
1776839025.039,225.039,0.46,0.48,0.52,0.54,0.02,0.02,77985.14,1776839020000
1776839025.428,225.428,0.46,0.47,0.52,0.54,0.01,0.02,77985.14,1776839020000
1776839025.781,225.781,0.46,0.48,0.53,0.54,0.02,0.01,77985.14,1776839020000
1776839026.153,226.153,0.48,0.49,0.5,0.52,0.01,0.02,77985.14,1776839020000
1776839026.502,226.502,0.48,0.49,0.51,0.52,0.01,0.01,77985.14,1776839020000
1776839026.867,226.867,0.48,0.49,0.51,0.52,0.01,0.01,77985.14,1776839020000
1776839027.225,227.225,0.48,0.49,0.51,0.52,0.01,0.01,77985.14,1776839020000
1776839027.56,227.56,0.49,0.5,0.5,0.51,0.01,0.01,77985.14,1776839020000
1776839027.954,227.954,0.49,0.5,0.5,0.51,0.01,0.01,77985.14,1776839020000
1776839028.288,228.288,0.49,0.5,0.5,0.51,0.01,0.01,77985.14,1776839020000
1776839028.652,228.652,0.49,0.5,0.5,0.51,0.01,0.01,77985.14,1776839020000
1776839029.025,229.025,0.48,0.49,0.5,0.51,0.01,0.01,77985.14,1776839020000
1776839029.543,229.543,0.48,0.49,0.51,0.52,0.01,0.01,77985.14,1776839020000
1776839030.069,230.069,0.48,0.49,0.51,0.52,0.01,0.01,77981.65,1776839028000
1776839030.429,230.429,0.48,0.49,0.51,0.52,0.01,0.01,77981.65,1776839029000
1776839031.01,231.01,0.48,0.49,0.51,0.52,0.01,0.01,77981.65,1776839029000
1776839031.798,231.798,0.48,0.49,0.51,0.52,0.01,0.01,77981.54,1776839030000
1776839032.188,232.188,0.48,0.49,0.51,0.52,0.01,0.01,77981.54,1776839030000
1776839032.532,232.532,0.48,0.49,0.51,0.52,0.01,0.01,77980.89,1776839031000
1776839033.021,233.021,0.48,0.49,0.51,0.52,0.01,0.01,77980.89,1776839031000
1776839033.356,233.356,0.48,0.49,0.51,0.52,0.01,0.01,77980.89,1776839031000
1776839033.741,233.741,0.48,0.49,0.51,0.52,0.01,0.01,77979.96,1776839032000
1776839034.095,234.095,0.48,0.49,0.51,0.55,0.01,0.04,77979.49,1776839033000
1776839034.504,234.504,0.5,0.51,0.49,0.5,0.01,0.01,77979.49,1776839033000
1776839034.871,234.871,0.5,0.51,0.49,0.5,0.01,0.01,77979.49,1776839033000
1776839035.326,235.326,0.5,0.51,0.49,0.5,0.01,0.01,77977.76,1776839034000
1776839035.852,235.852,0.5,0.51,0.49,0.5,0.01,0.01,77977.76,1776839034000
1776839036.195,236.195,0.5,0.51,0.49,0.5,0.01,0.01,77977.76,1776839034000
1776839036.546,236.546,0.5,0.51,0.49,0.5,0.01,0.01,77977.76,1776839034000
1776839036.991,236.991,0.5,0.51,0.49,0.5,0.01,0.01,77980.17,1776839035000
1776839037.358,237.358,0.5,0.51,0.49,0.5,0.01,0.01,77981.02,1776839036000
1776839037.781,237.781,0.5,0.51,0.49,0.5,0.01,0.01,77981.02,1776839036000
1776839038.169,238.169,0.5,0.51,0.49,0.5,0.01,0.01,77981.02,1776839036000
1776839038.811,238.811,0.51,0.52,0.48,0.49,0.01,0.01,77980.67,1776839037000
1776839039.173,239.173,0.51,0.52,0.48,0.49,0.01,0.01,77980.67,1776839037000
1776839039.59,239.59,0.51,0.52,0.48,0.49,0.01,0.01,77980.82,1776839038000
1776839039.977,239.977,0.51,0.52,0.48,0.49,0.01,0.01,77980.82,1776839039000
1776839040.499,240.499,0.51,0.52,0.48,0.49,0.01,0.01,77980.82,1776839039000
1776839040.843,240.843,0.51,0.52,0.48,0.49,0.01,0.01,77980.82,1776839039000
1776839041.538,241.538,0.52,0.53,0.47,0.48,0.01,0.01,77980.82,1776839040000
1776839042.182,242.182,0.52,0.53,0.47,0.48,0.01,0.01,77980.82,1776839040000
1776839043.379,243.379,0.52,0.53,0.47,0.48,0.01,0.01,77981.03,1776839041000
1776839043.782,243.782,0.52,0.53,0.47,0.48,0.01,0.01,77982.78,1776839042000
1776839044.189,244.189,0.51,0.53,0.47,0.48,0.02,0.01,77982.78,1776839042000
1776839044.533,244.533,0.5,0.52,0.48,0.5,0.02,0.02,77981.24,1776839043000
1776839044.87,244.87,0.5,0.51,0.49,0.5,0.01,0.01,77981.24,1776839043000
1776839045.208,245.208,0.5,0.51,0.49,0.5,0.01,0.01,77981.24,1776839043000
1776839045.607,245.607,0.5,0.51,0.49,0.5,0.01,0.01,77975.32,1776839044000
1776839045.944,245.944,0.5,0.51,0.49,0.5,0.01,0.01,77975.32,1776839044000
1776839046.305,246.305,0.5,0.51,0.49,0.5,0.01,0.01,77970.72,1776839045000
1776839046.747,246.747,0.5,0.51,0.49,0.5,0.01,0.01,77970.72,1776839045000
1776839047.085,247.085,0.5,0.51,0.49,0.5,0.01,0.01,77963.02,1776839046000
1776839047.42,247.42,0.5,0.51,0.49,0.5,0.01,0.01,77963.02,1776839046000
1776839047.965,247.965,0.5,0.51,0.49,0.5,0.01,0.01,77963.02,1776839046000
1776839048.302,248.302,0.5,0.51,0.49,0.5,0.01,0.01,77958.86,1776839047000
1776839048.67,248.67,0.5,0.51,0.49,0.5,0.01,0.01,77958.86,1776839047000
1776839049.084,249.084,0.5,0.51,0.49,0.5,0.01,0.01,77958.86,1776839047000
1776839049.482,249.482,0.5,0.51,0.49,0.5,0.01,0.01,77958.94,1776839048000
1776839049.824,249.824,0.5,0.51,0.49,0.5,0.01,0.01,77958.94,1776839048000
1776839050.304,250.304,0.5,0.51,0.49,0.5,0.01,0.01,77958.94,1776839048000
1776839050.67,250.67,0.5,0.51,0.49,0.5,0.01,0.01,77958.94,1776839048000
1776839051.01,251.01,0.48,0.51,0.49,0.52,0.03,0.03,77958.82,1776839049000
1776839051.468,251.468,0.48,0.51,0.49,0.52,0.03,0.03,77958.82,1776839049000
1776839051.817,251.817,0.48,0.49,0.48,0.52,0.01,0.04,77957.7,1776839050000
1776839052.151,252.151,0.44,0.45,0.55,0.56,0.01,0.01,77955.96,1776839051000
1776839052.485,252.485,0.44,0.45,0.55,0.56,0.01,0.01,77955.96,1776839051000
1776839052.87,252.87,0.41,0.42,0.58,0.59,0.01,0.01,77955.96,1776839051000
1776839053.297,253.297,0.37,0.38,0.62,0.63,0.01,0.01,77952.04,1776839052000
1776839053.633,253.633,0.36,0.37,0.63,0.64,0.01,0.01,77952.04,1776839052000
1776839053.979,253.979,0.36,0.37,0.63,0.64,0.01,0.01,77952.04,1776839052000
1776839054.4,254.4,0.36,0.37,0.63,0.64,0.01,0.01,77941.27,1776839053000
1776839054.741,254.741,0.36,0.37,0.63,0.64,0.01,0.01,77941.27,1776839053000
1776839055.121,255.121,0.43,0.44,0.55,0.57,0.01,0.02,77941.27,1776839053000
1776839055.458,255.458,0.44,0.45,0.55,0.56,0.01,0.01,77935.3,1776839054000
1776839055.807,255.807,0.44,0.45,0.55,0.57,0.01,0.02,77935.3,1776839054000
1776839056.145,256.145,0.42,0.43,0.57,0.58,0.01,0.01,77935.3,1776839054000
1776839056.515,256.515,0.38,0.4,0.6,0.62,0.02,0.02,77935.09,1776839055000
1776839056.852,256.852,0.39,0.41,0.59,0.61,0.02,0.02,77935.09,1776839055000
1776839057.185,257.185,0.36,0.39,0.61,0.64,0.03,0.03,77935.09,1776839055000
1776839057.683,257.683,0.33,0.4,0.61,0.67,0.07,0.06,77944.85,1776839056000
1776839058.248,258.248,0.33,0.39,0.6,0.67,0.06,0.07,77944.85,1776839057000
1776839058.605,258.605,0.35,0.38,0.62,0.67,0.03,0.05,77944.85,1776839057000
1776839058.961,258.961,0.34,0.35,0.65,0.66,0.01,0.01,77942.8,1776839058000
1776839059.32,259.32,0.34,0.36,0.64,0.67,0.02,0.03,77942.8,1776839058000
1776839059.727,259.727,0.33,0.36,0.62,0.67,0.03,0.05,77942.8,1776839058000
1776839060.102,260.102,0.33,0.36,0.64,0.67,0.03,0.03,77942.8,1776839058000
1776839060.501,260.501,0.34,0.37,0.61,0.67,0.03,0.06,77940.87,1776839059000
1776839060.858,260.858,0.33,0.34,0.66,0.69,0.01,0.03,77940.87,1776839059000
1776839061.194,261.194,0.31,0.33,0.68,0.69,0.02,0.01,77940.71,1776839060000
1776839061.707,261.707,0.31,0.32,0.68,0.69,0.01,0.01,77940.71,1776839060000
1776839062.15,262.15,0.31,0.32,0.68,0.69,0.01,0.01,77940.71,1776839060000
1776839062.581,262.581,0.31,0.32,0.68,0.69,0.01,0.01,77940.68,1776839061000
1776839062.997,262.997,0.31,0.32,0.68,0.69,0.01,0.01,77940.68,1776839061000
1776839063.47,263.47,0.31,0.32,0.68,0.69,0.01,0.01,77940.06,1776839062000
1776839063.843,263.843,0.26,0.31,0.69,0.7,0.05,0.01,77940.06,1776839062000
1776839064.178,264.178,0.26,0.27,0.73,0.74,0.01,0.01,77940.06,1776839062000
1776839064.549,264.549,0.24,0.25,0.74,0.77,0.01,0.03,77940.06,1776839062000
1776839064.882,264.882,0.23,0.25,0.75,0.77,0.02,0.02,77941.13,1776839063000
1776839065.256,265.256,0.15,0.18,0.82,0.83,0.03,0.01,77941.13,1776839063000
1776839065.726,265.726,0.16,0.17,0.83,0.84,0.01,0.01,77941.13,1776839064000
1776839066.092,266.092,0.15,0.16,0.84,0.85,0.01,0.01,77941.13,1776839064000
1776839066.466,266.466,0.15,0.16,0.84,0.85,0.01,0.01,77941.77,1776839065000
1776839066.826,266.826,0.15,0.18,0.84,0.85,0.03,0.01,77941.77,1776839065000
1776839067.202,267.202,0.14,0.17,0.83,0.85,0.03,0.02,77941.77,1776839065000
1776839067.643,267.643,0.15,0.17,0.83,0.86,0.02,0.03,77936.8,1776839066000
1776839068.036,268.036,0.15,0.16,0.84,0.85,0.01,0.01,77936.8,1776839066000
1776839068.397,268.397,0.15,0.16,0.84,0.86,0.01,0.02,77936.53,1776839067000
1776839068.736,268.736,0.15,0.17,0.84,0.85,0.02,0.01,77936.53,1776839067000
1776839069.136,269.136,0.1,0.12,0.88,0.9,0.02,0.02,77936.53,1776839067000
1776839069.576,269.576,0.09,0.1,0.9,0.91,0.01,0.01,77933.12,1776839068000
1776839069.912,269.912,0.09,0.1,0.9,0.91,0.01,0.01,77933.12,1776839068000
1776839070.258,270.258,0.09,0.1,0.9,0.91,0.01,0.01,77933.12,1776839068000
1776839070.652,270.652,0.04,0.06,0.93,0.97,0.02,0.04,77926.3,1776839069000
1776839071.007,271.007,0.03,0.04,0.96,0.97,0.01,0.01,77929.17,1776839070000
1776839071.354,271.354,0.03,0.04,0.96,0.97,0.01,0.01,77929.17,1776839070000
1776839071.704,271.704,0.03,0.04,0.95,0.97,0.01,0.02,77929.17,1776839070000
1776839072.038,272.038,0.04,0.12,0.95,0.96,0.08,0.01,77929.17,1776839070000
1776839072.391,272.391,0.02,0.03,0.97,0.98,0.01,0.01,77933.32,1776839071000
1776839072.789,272.789,0.02,0.03,0.97,0.98,0.01,0.01,77933.32,1776839071000
1776839073.124,273.124,0.03,0.04,0.96,0.97,0.01,0.01,77933.32,1776839071000
1776839073.524,273.524,0.03,0.04,0.96,0.97,0.01,0.01,77930.32,1776839072000
1776839073.865,273.865,0.03,0.04,0.96,0.97,0.01,0.01,77930.32,1776839072000
1776839074.224,274.224,0.02,0.03,0.97,0.98,0.01,0.01,77932.59,1776839073000
1776839074.578,274.578,0.02,0.03,0.97,0.98,0.01,0.01,77932.59,1776839073000
1776839074.919,274.919,0.02,0.03,0.97,0.98,0.01,0.01,77932.59,1776839073000
1776839075.319,275.319,0.02,0.03,0.97,0.98,0.01,0.01,77936.37,1776839074000
1776839075.673,275.673,0.02,0.03,0.97,0.98,0.01,0.01,77936.37,1776839074000
1776839076.054,276.054,0.02,0.03,0.97,0.98,0.01,0.01,77936.37,1776839074000
1776839076.419,276.419,0.01,0.02,0.98,0.99,0.01,0.01,77938.03,1776839075000
1776839076.867,276.867,0.01,0.02,0.98,0.99,0.01,0.01,77938.03,1776839075000
1776839077.22,277.22,0.01,0.02,0.98,0.99,0.01,0.01,77938.03,1776839075000
1776839077.554,277.554,0.01,0.02,0.98,0.99,0.01,0.01,77938.03,1776839075000
1776839077.918,277.918,0.01,0.02,0.98,0.99,0.01,0.01,77940.1,1776839076000
1776839078.262,278.262,0.01,0.03,0.97,0.98,0.02,0.01,77940.1,1776839076000
1776839078.668,278.668,0.02,0.03,0.97,0.98,0.01,0.01,77942.0,1776839077000
1776839079.004,279.004,0.02,0.03,0.97,0.98,0.01,0.01,77942.0,1776839077000
1776839079.345,279.345,0.04,0.05,0.95,0.96,0.01,0.01,77943.61,1776839078000
1776839079.678,279.678,0.02,0.05,0.95,0.96,0.03,0.01,77943.61,1776839078000
1776839080.1,280.1,0.02,0.03,0.97,0.98,0.01,0.01,77943.61,1776839078000
1776839080.475,280.475,0.03,0.04,0.96,0.97,0.01,0.01,77943.61,1776839079000
1776839080.86,280.86,0.01,0.03,0.97,0.98,0.02,0.01,77943.61,1776839079000
1776839081.273,281.273,0.01,0.05,0.97,0.99,0.04,0.02,77944.36,1776839080000
1776839081.631,281.631,0.01,0.03,0.97,0.98,0.02,0.01,77944.36,1776839080000
1776839082.151,282.151,0.06,0.07,0.9,0.97,0.01,0.07,77944.36,1776839080000
1776839082.546,282.546,0.03,0.04,0.95,0.97,0.01,0.02,77946.59,1776839081000
1776839082.942,282.942,0.03,0.04,0.96,0.97,0.01,0.01,77946.59,1776839081000
1776839083.282,283.282,0.04,0.08,0.95,0.96,0.04,0.01,77945.47,1776839082000
1776839083.631,283.631,0.04,0.05,0.95,0.96,0.01,0.01,77945.47,1776839082000
1776839084.182,284.182,0.03,0.04,0.95,0.96,0.01,0.01,77945.47,1776839082000
1776839084.625,284.625,0.05,0.06,0.94,0.95,0.01,0.01,77944.94,1776839083000
1776839084.982,284.982,0.05,0.06,0.94,0.95,0.01,0.01,77944.94,1776839083000
1776839085.438,285.438,0.03,0.05,0.94,0.97,0.02,0.03,77944.94,1776839083000
1776839085.883,285.883,0.03,0.04,0.94,0.97,0.01,0.03,77944.66,1776839084000
1776839086.339,286.339,0.03,0.04,0.95,0.97,0.01,0.02,77945.18,1776839085000
1776839086.706,286.706,0.02,0.03,0.96,0.98,0.01,0.02,77945.18,1776839085000
1776839087.13,287.13,0.03,0.04,0.97,0.98,0.01,0.01,77945.18,1776839085000
1776839087.483,287.483,0.03,0.04,0.95,0.97,0.01,0.02,77945.18,1776839085000
1776839087.843,287.843,0.03,0.04,0.96,0.97,0.01,0.01,77945.15,1776839086000
1776839088.401,288.401,0.01,0.02,0.97,0.99,0.01,0.02,77945.94,1776839087000
1776839088.737,288.737,0.02,0.05,0.94,0.99,0.03,0.05,77945.94,1776839087000
1776839089.216,289.216,0.02,0.03,0.97,0.99,0.01,0.02,77945.94,1776839087000
1776839089.639,289.639,0.01,0.03,0.97,0.98,0.02,0.01,77946.22,1776839088000
1776839090.34,290.34,0.01,0.02,0.97,0.99,0.01,0.02,77946.22,1776839088000
1776839090.753,290.753,0.01,0.02,0.98,0.99,0.01,0.01,77945.47,1776839089000
1776839091.093,291.093,0.01,0.02,0.98,0.99,0.01,0.01,77945.47,1776839089000
1776839091.464,291.464,0.01,0.02,0.98,0.99,0.01,0.01,77945.0,1776839090000
1776839091.844,291.844,0.01,0.02,0.98,0.99,0.01,0.01,77945.0,1776839090000
1776839092.18,292.18,0.01,0.02,0.98,0.99,0.01,0.01,77945.0,1776839090000
1776839092.523,292.523,0.01,0.02,0.98,0.99,0.01,0.01,77945.0,1776839091000
1776839092.977,292.977,0.01,0.02,0.98,0.99,0.01,0.01,77945.0,1776839091000
1776839093.323,293.323,0.01,0.02,0.98,0.99,0.01,0.01,77944.94,1776839092000
1776839093.657,293.657,0.01,0.02,0.98,0.99,0.01,0.01,77944.94,1776839092000
1776839093.994,293.994,0.02,0.04,0.96,0.98,0.02,0.02,77944.94,1776839092000
1776839094.418,294.418,0.02,0.03,0.97,0.98,0.01,0.01,77945.09,1776839093000
1776839094.764,294.764,0.02,0.03,0.96,0.98,0.01,0.02,77945.09,1776839093000
1776839095.113,295.113,0.01,0.02,0.98,0.99,0.01,0.01,77945.74,1776839094000
1776839095.448,295.448,0.01,0.02,0.98,0.99,0.01,0.01,77945.74,1776839094000
1776839095.789,295.789,0.01,0.02,0.98,0.99,0.01,0.01,77945.74,1776839094000
1776839096.185,296.185,0.01,0.01,0.99,0.99,0.0,0.0,77946.87,1776839095000
1776839096.543,296.543,0.01,0.01,0.99,0.99,0.0,0.0,77946.87,1776839095000
1776839096.953,296.953,0.01,0.01,0.99,0.99,0.0,0.0,77948.12,1776839096000
1776839097.372,297.372,0.01,0.01,0.99,0.99,0.0,0.0,77948.12,1776839096000
1776839097.968,297.968,0.01,0.01,0.99,0.99,0.0,0.0,77946.98,1776839097000
1776839098.32,298.32,0.01,0.01,0.99,0.99,0.0,0.0,77946.98,1776839097000
1776839098.898,298.898,0.01,0.01,0.99,0.99,0.0,0.0,77948.46,1776839098000
1776839099.47,299.47,0.01,0.01,0.99,0.99,0.0,0.0,77948.46,1776839098000
1776839099.822,299.822,0.01,0.01,0.99,0.99,0.0,0.0,77948.46,1776839098000
1776839100.341,300.341,0.01,0.01,0.99,0.99,0.0,0.0,77947.11,1776839099000
1776839100.684,300.684,0.01,0.01,0.99,0.99,0.0,0.0,77947.11,1776839099000
1776839101.914,301.914,0.01,0.01,0.99,0.99,0.0,0.0,77951.36,1776839101000
1776839102.936,302.936,0.01,0.01,0.99,0.99,0.0,0.0,77951.25,1776839102000

# RESULT,winner=Down,slug=btc-updown-5m-1776838800,ticks=666
