timestamp,elapsed_sec,up_bid,up_ask,down_bid,down_ask,up_spread,down_spread,btc_price
1775828400.581,0.581,0.51,0.53,0.47,0.49,0.02,0.02,71952.13
1775828400.932,0.932,0.56,0.57,0.43,0.44,0.01,0.01,71952.13
1775828401.341,1.341,0.52,0.53,0.43,0.44,0.01,0.01,71951.92
1775828401.677,1.677,0.5,0.51,0.48,0.5,0.01,0.02,71951.92
1775828402.091,2.091,0.52,0.53,0.47,0.48,0.01,0.01,71951.92
1775828402.466,2.466,0.53,0.54,0.46,0.47,0.01,0.01,71951.92
1775828402.806,2.806,0.53,0.55,0.46,0.47,0.02,0.01,71950.8
1775828403.148,3.148,0.55,0.56,0.44,0.45,0.01,0.01,71950.8
1775828403.486,3.486,0.52,0.53,0.47,0.48,0.01,0.01,71947.96
1775828403.826,3.826,0.52,0.53,0.47,0.48,0.01,0.01,71947.96
1775828404.159,4.159,0.51,0.52,0.48,0.49,0.01,0.01,71947.96
1775828404.495,4.495,0.52,0.53,0.47,0.48,0.01,0.01,71947.96
1775828404.834,4.834,0.52,0.53,0.47,0.48,0.01,0.01,71945.75
1775828405.255,5.255,0.45,0.46,0.54,0.55,0.01,0.01,71945.75
1775828405.596,5.596,0.44,0.46,0.54,0.56,0.02,0.02,71944.48
1775828405.936,5.936,0.44,0.45,0.55,0.56,0.01,0.01,71944.48
1775828406.286,6.286,0.44,0.45,0.55,0.57,0.01,0.02,71944.48
1775828406.624,6.624,0.45,0.46,0.53,0.55,0.01,0.02,71929.67
1775828406.978,6.978,0.43,0.44,0.56,0.57,0.01,0.01,71929.67
1775828407.341,7.341,0.41,0.42,0.58,0.59,0.01,0.01,71926.67
1775828407.679,7.679,0.42,0.43,0.56,0.58,0.01,0.02,71926.67
1775828408.037,8.037,0.42,0.43,0.57,0.58,0.01,0.01,71926.67
1775828408.371,8.371,0.43,0.44,0.56,0.57,0.01,0.01,71926.67
1775828408.707,8.707,0.43,0.44,0.56,0.57,0.01,0.01,71920.51
1775828409.056,9.056,0.43,0.44,0.56,0.57,0.01,0.01,71920.51
1775828409.426,9.426,0.43,0.44,0.56,0.57,0.01,0.01,71920.51
1775828409.77,9.77,0.43,0.44,0.56,0.57,0.01,0.01,71920.51
1775828410.12,10.12,0.43,0.44,0.56,0.57,0.01,0.01,71920.51
1775828410.47,10.47,0.43,0.44,0.56,0.57,0.01,0.01,71917.75
1775828410.884,10.884,0.42,0.43,0.56,0.58,0.01,0.02,71917.75
1775828411.228,11.228,0.41,0.42,0.58,0.59,0.01,0.01,71918.15
1775828411.578,11.578,0.41,0.42,0.58,0.59,0.01,0.01,71918.15
1775828411.946,11.946,0.41,0.42,0.58,0.59,0.01,0.01,71918.15
1775828412.312,12.312,0.41,0.42,0.58,0.59,0.01,0.01,71918.15
1775828412.657,12.657,0.45,0.46,0.54,0.55,0.01,0.01,71919.17
1775828413.003,13.003,0.45,0.46,0.54,0.55,0.01,0.01,71919.17
1775828413.354,13.354,0.45,0.49,0.54,0.55,0.04,0.01,71919.17
1775828413.69,13.69,0.47,0.48,0.51,0.53,0.01,0.02,71919.17
1775828414.083,14.083,0.48,0.49,0.51,0.53,0.01,0.02,71919.17
1775828414.506,14.506,0.48,0.49,0.51,0.52,0.01,0.01,71918.35
1775828414.895,14.895,0.48,0.49,0.51,0.52,0.01,0.01,71918.35
1775828415.26,15.26,0.48,0.49,0.51,0.52,0.01,0.01,71918.35
1775828415.743,15.743,0.48,0.49,0.51,0.52,0.01,0.01,71932.31
1775828416.114,16.114,0.48,0.49,0.51,0.52,0.01,0.01,71932.31
1775828416.518,16.518,0.48,0.49,0.51,0.52,0.01,0.01,71932.31
1775828416.989,16.989,0.47,0.48,0.52,0.53,0.01,0.01,71934.24
1775828417.389,17.389,0.47,0.48,0.52,0.53,0.01,0.01,71934.24
1775828417.761,17.761,0.47,0.48,0.52,0.53,0.01,0.01,71934.26
1775828418.149,18.149,0.47,0.48,0.52,0.53,0.01,0.01,71933.21
1775828418.497,18.497,0.44,0.45,0.52,0.55,0.01,0.03,71933.21
1775828418.929,18.929,0.43,0.44,0.56,0.57,0.01,0.01,71933.21
1775828419.298,19.298,0.44,0.45,0.55,0.57,0.01,0.02,71935.12
1775828419.639,19.639,0.44,0.45,0.55,0.56,0.01,0.01,71935.12
1775828419.972,19.972,0.44,0.45,0.55,0.56,0.01,0.01,71935.12
1775828420.354,20.354,0.44,0.47,0.55,0.57,0.03,0.02,71935.12
1775828420.761,20.761,0.44,0.45,0.55,0.56,0.01,0.01,71929.23
1775828421.109,21.109,0.44,0.45,0.55,0.56,0.01,0.01,71929.23
1775828421.472,21.472,0.44,0.45,0.55,0.56,0.01,0.01,71927.56
1775828421.809,21.809,0.44,0.45,0.55,0.56,0.01,0.01,71927.56
1775828422.182,22.182,0.45,0.46,0.54,0.55,0.01,0.01,71927.56
1775828422.519,22.519,0.46,0.47,0.52,0.54,0.01,0.02,71924.34
1775828422.892,22.892,0.47,0.48,0.52,0.54,0.01,0.02,71924.34
1775828423.274,23.274,0.48,0.49,0.5,0.52,0.01,0.02,71924.34
1775828423.823,23.823,0.48,0.49,0.51,0.52,0.01,0.01,71924.9
1775828424.177,24.177,0.48,0.49,0.51,0.52,0.01,0.01,71924.9
1775828424.513,24.513,0.49,0.55,0.46,0.52,0.06,0.06,71924.9
1775828424.849,24.849,0.53,0.56,0.44,0.47,0.03,0.03,71927.5
1775828425.206,25.206,0.56,0.57,0.43,0.44,0.01,0.01,71932.82
1775828425.557,25.557,0.56,0.57,0.43,0.44,0.01,0.01,71932.82
1775828425.913,25.913,0.56,0.57,0.43,0.44,0.01,0.01,71932.82
1775828426.316,26.316,0.56,0.57,0.43,0.44,0.01,0.01,71932.82
1775828426.651,26.651,0.56,0.57,0.43,0.44,0.01,0.01,71946.72
1775828427.006,27.006,0.55,0.56,0.43,0.45,0.01,0.02,71949.44
1775828427.491,27.491,0.54,0.56,0.44,0.45,0.02,0.01,71949.44
1775828427.825,27.825,0.53,0.54,0.46,0.47,0.01,0.01,71949.44
1775828428.385,28.385,0.52,0.54,0.46,0.47,0.02,0.01,71950.45
1775828428.735,28.735,0.51,0.52,0.48,0.49,0.01,0.01,71950.45
1775828429.222,29.222,0.51,0.52,0.48,0.49,0.01,0.01,71950.45
1775828429.724,29.724,0.51,0.52,0.48,0.49,0.01,0.01,71947.03
1775828430.144,30.144,0.51,0.52,0.48,0.49,0.01,0.01,71947.03
1775828430.547,30.547,0.51,0.52,0.48,0.49,0.01,0.01,71945.81
1775828430.883,30.883,0.48,0.49,0.51,0.52,0.01,0.01,71945.81
1775828431.217,31.217,0.48,0.49,0.51,0.52,0.01,0.01,71945.78
1775828431.56,31.56,0.48,0.49,0.51,0.52,0.01,0.01,71945.78
1775828431.903,31.903,0.48,0.49,0.51,0.52,0.01,0.01,71944.4
1775828432.268,32.268,0.48,0.49,0.51,0.52,0.01,0.01,71944.4
1775828432.718,32.718,0.48,0.49,0.51,0.52,0.01,0.01,71944.4
1775828433.07,33.07,0.48,0.49,0.51,0.52,0.01,0.01,71937.0
1775828433.558,33.558,0.49,0.5,0.5,0.51,0.01,0.01,71937.0
1775828433.987,33.987,0.5,0.52,0.48,0.5,0.02,0.02,71936.11
1775828434.345,34.345,0.5,0.51,0.49,0.5,0.01,0.01,71936.11
1775828434.782,34.782,0.51,0.52,0.48,0.49,0.01,0.01,71936.11
1775828435.163,35.163,0.53,0.54,0.46,0.48,0.01,0.02,71936.11
1775828435.549,35.549,0.53,0.54,0.46,0.47,0.01,0.01,71935.01
1775828435.888,35.888,0.54,0.55,0.45,0.46,0.01,0.01,71935.01
1775828436.258,36.258,0.54,0.55,0.45,0.46,0.01,0.01,71936.66
1775828436.79,36.79,0.56,0.57,0.44,0.46,0.01,0.02,71936.66
1775828437.522,37.522,0.57,0.58,0.42,0.43,0.01,0.01,71942.56
1775828437.856,37.856,0.55,0.56,0.44,0.45,0.01,0.01,71942.56
1775828438.299,38.299,0.55,0.56,0.44,0.45,0.01,0.01,71948.88
1775828438.647,38.647,0.54,0.55,0.44,0.46,0.01,0.02,71948.88
1775828439.239,39.239,0.54,0.55,0.45,0.46,0.01,0.01,71951.12
1775828439.698,39.698,0.58,0.59,0.45,0.46,0.01,0.01,71951.12
1775828440.201,40.201,0.58,0.59,0.41,0.42,0.01,0.01,71950.59
1775828440.572,40.572,0.6,0.62,0.39,0.4,0.02,0.01,71950.59
1775828440.935,40.935,0.61,0.64,0.36,0.4,0.03,0.04,71950.59
1775828441.269,41.269,0.62,0.66,0.34,0.38,0.04,0.04,71951.58
1775828441.608,41.608,0.64,0.67,0.33,0.36,0.03,0.03,71951.58
1775828441.966,41.966,0.65,0.66,0.34,0.35,0.01,0.01,71951.58
1775828442.321,42.321,0.65,0.66,0.34,0.35,0.01,0.01,71975.5
1775828442.67,42.67,0.65,0.66,0.34,0.35,0.01,0.01,71975.5
1775828443.025,43.025,0.65,0.66,0.34,0.35,0.01,0.01,71975.5
1775828443.386,43.386,0.66,0.68,0.33,0.34,0.02,0.01,71980.84
1775828443.851,43.851,0.66,0.67,0.33,0.34,0.01,0.01,71980.84
1775828444.212,44.212,0.66,0.67,0.33,0.34,0.01,0.01,71980.84
1775828444.566,44.566,0.66,0.67,0.33,0.34,0.01,0.01,71981.95
1775828445.06,45.06,0.66,0.67,0.33,0.34,0.01,0.01,71981.95
1775828445.432,45.432,0.66,0.67,0.33,0.34,0.01,0.01,71986.77
1775828445.971,45.971,0.66,0.67,0.33,0.34,0.01,0.01,71986.77
1775828446.31,46.31,0.67,0.68,0.32,0.33,0.01,0.01,71987.78
1775828446.681,46.681,0.67,0.68,0.32,0.33,0.01,0.01,71987.78
1775828447.166,47.166,0.67,0.68,0.32,0.33,0.01,0.01,71987.57
1775828447.61,47.61,0.67,0.68,0.32,0.33,0.01,0.01,71987.57
1775828447.967,47.967,0.67,0.68,0.32,0.33,0.01,0.01,71987.57
1775828448.325,48.325,0.67,0.68,0.32,0.33,0.01,0.01,71987.57
1775828448.743,48.743,0.66,0.67,0.32,0.34,0.01,0.02,71987.57
1775828449.208,49.208,0.66,0.67,0.33,0.34,0.01,0.01,71987.81
1775828449.551,49.551,0.62,0.65,0.35,0.36,0.03,0.01,71987.81
1775828449.96,49.96,0.63,0.64,0.36,0.37,0.01,0.01,71987.81
1775828450.354,50.354,0.63,0.64,0.36,0.37,0.01,0.01,71982.81
1775828450.776,50.776,0.63,0.64,0.36,0.37,0.01,0.01,71982.81
1775828451.425,51.425,0.63,0.64,0.36,0.37,0.01,0.01,71976.76
1775828452.106,52.106,0.63,0.65,0.35,0.36,0.02,0.01,71976.76
1775828452.616,52.616,0.63,0.64,0.36,0.37,0.01,0.01,71977.63
1775828453.238,53.238,0.63,0.64,0.36,0.37,0.01,0.01,71977.63
1775828453.76,53.76,0.64,0.65,0.35,0.37,0.01,0.02,71978.14
1775828454.149,54.149,0.64,0.65,0.35,0.36,0.01,0.01,71978.14
1775828454.549,54.549,0.64,0.65,0.35,0.36,0.01,0.01,71978.14
1775828455.231,55.231,0.63,0.64,0.36,0.37,0.01,0.01,71980.77
1775828455.568,55.568,0.63,0.64,0.36,0.37,0.01,0.01,71980.77
1775828456.116,56.116,0.62,0.63,0.36,0.37,0.01,0.01,71982.45
1775828456.453,56.453,0.64,0.65,0.35,0.37,0.01,0.02,71982.45
1775828456.792,56.792,0.64,0.65,0.35,0.36,0.01,0.01,71982.45
1775828457.273,57.273,0.64,0.65,0.35,0.36,0.01,0.01,71981.33
1775828457.688,57.688,0.64,0.65,0.35,0.36,0.01,0.01,71981.33
1775828458.156,58.156,0.64,0.65,0.35,0.36,0.01,0.01,71981.33
1775828458.496,58.496,0.64,0.65,0.35,0.36,0.01,0.01,71981.33
1775828458.99,58.99,0.64,0.65,0.35,0.36,0.01,0.01,71983.46
1775828459.334,59.334,0.65,0.66,0.34,0.35,0.01,0.01,71983.64
1775828459.744,59.744,0.65,0.66,0.34,0.35,0.01,0.01,71983.64
1775828460.183,60.183,0.66,0.67,0.33,0.35,0.01,0.02,71983.64
1775828460.706,60.706,0.66,0.67,0.33,0.34,0.01,0.01,71984.92
1775828461.082,61.082,0.67,0.68,0.32,0.33,0.01,0.01,71986.62
1775828461.437,61.437,0.67,0.68,0.32,0.33,0.01,0.01,71986.62
1775828462.239,62.239,0.68,0.69,0.31,0.32,0.01,0.01,71986.62
1775828462.703,62.703,0.64,0.66,0.33,0.35,0.02,0.02,71990.37
1775828463.081,63.081,0.63,0.64,0.35,0.36,0.01,0.01,71990.37
1775828463.483,63.483,0.62,0.63,0.36,0.38,0.01,0.02,71990.96
1775828463.921,63.921,0.61,0.62,0.38,0.4,0.01,0.02,71990.96
1775828464.339,64.339,0.6,0.61,0.39,0.4,0.01,0.01,71990.96
1775828464.691,64.691,0.59,0.6,0.39,0.41,0.01,0.02,71985.46
1775828465.152,65.152,0.59,0.6,0.4,0.41,0.01,0.01,71985.46
1775828465.504,65.504,0.59,0.6,0.4,0.41,0.01,0.01,71975.93
1775828465.881,65.881,0.59,0.6,0.4,0.41,0.01,0.01,71975.93
1775828466.236,66.236,0.58,0.6,0.4,0.41,0.02,0.01,71975.93
1775828466.867,66.867,0.58,0.59,0.41,0.42,0.01,0.01,71975.93
1775828467.208,67.208,0.58,0.59,0.41,0.42,0.01,0.01,71969.13
1775828467.594,67.594,0.58,0.59,0.41,0.42,0.01,0.01,71969.13
1775828468.108,68.108,0.58,0.59,0.41,0.42,0.01,0.01,71969.13
1775828468.523,68.523,0.58,0.59,0.41,0.43,0.01,0.02,71968.74
1775828468.881,68.881,0.58,0.59,0.41,0.42,0.01,0.01,71968.74
1775828469.363,69.363,0.58,0.6,0.41,0.42,0.02,0.01,71964.86
1775828469.731,69.731,0.62,0.64,0.36,0.38,0.02,0.02,71964.86
1775828470.102,70.102,0.6,0.61,0.39,0.4,0.01,0.01,71964.86
1775828470.486,70.486,0.6,0.61,0.39,0.4,0.01,0.01,71965.62
1775828470.831,70.831,0.6,0.61,0.39,0.4,0.01,0.01,71965.62
1775828471.288,71.288,0.6,0.61,0.39,0.4,0.01,0.01,71965.62
1775828471.748,71.748,0.59,0.6,0.39,0.41,0.01,0.02,71973.02
1775828472.093,72.093,0.58,0.59,0.41,0.42,0.01,0.01,71973.02
1775828472.433,72.433,0.58,0.59,0.41,0.42,0.01,0.01,71971.02
1775828472.835,72.835,0.58,0.59,0.41,0.42,0.01,0.01,71971.02
1775828473.463,73.463,0.58,0.59,0.41,0.42,0.01,0.01,71967.75
1775828473.886,73.886,0.59,0.6,0.4,0.41,0.01,0.01,71967.75
1775828474.298,74.298,0.6,0.61,0.39,0.4,0.01,0.01,71967.75
1775828474.676,74.676,0.6,0.62,0.39,0.4,0.02,0.01,71967.75
1775828475.037,75.037,0.61,0.62,0.38,0.4,0.01,0.02,71966.26
1775828475.383,75.383,0.61,0.62,0.38,0.39,0.01,0.01,71967.61
1775828475.779,75.779,0.61,0.62,0.38,0.39,0.01,0.01,71967.61
1775828476.145,76.145,0.64,0.65,0.38,0.39,0.01,0.01,71967.61
1775828476.484,76.484,0.64,0.67,0.33,0.36,0.03,0.03,71970.45
1775828476.835,76.835,0.66,0.67,0.33,0.34,0.01,0.01,71970.45
1775828477.195,77.195,0.68,0.7,0.3,0.32,0.02,0.02,71971.67
1775828477.532,77.532,0.69,0.7,0.3,0.31,0.01,0.01,71971.67
1775828477.88,77.88,0.69,0.7,0.3,0.31,0.01,0.01,71971.67
1775828478.232,78.232,0.69,0.7,0.3,0.31,0.01,0.01,71971.67
1775828478.568,78.568,0.69,0.7,0.3,0.31,0.01,0.01,71971.67
1775828478.988,78.988,0.69,0.7,0.3,0.31,0.01,0.01,71992.85
1775828479.323,79.323,0.68,0.69,0.31,0.32,0.01,0.01,71994.31
1775828479.658,79.658,0.68,0.69,0.31,0.32,0.01,0.01,71994.31
1775828480.209,80.209,0.68,0.69,0.31,0.32,0.01,0.01,71994.31
1775828480.557,80.557,0.65,0.67,0.33,0.34,0.02,0.01,71993.06
1775828481.039,81.039,0.65,0.66,0.34,0.35,0.01,0.01,71991.4
1775828481.428,81.428,0.65,0.66,0.34,0.35,0.01,0.01,71991.4
1775828481.78,81.78,0.65,0.66,0.34,0.36,0.01,0.02,71991.4
1775828482.127,82.127,0.64,0.65,0.35,0.36,0.01,0.01,71991.4
1775828482.499,82.499,0.64,0.65,0.35,0.36,0.01,0.01,71989.37
1775828482.861,82.861,0.64,0.65,0.35,0.36,0.01,0.01,71989.37
1775828483.205,83.205,0.64,0.65,0.35,0.36,0.01,0.01,71989.37
1775828483.566,83.566,0.64,0.65,0.35,0.36,0.01,0.01,71989.37
1775828483.97,83.97,0.64,0.65,0.35,0.36,0.01,0.01,71982.53
1775828484.453,84.453,0.64,0.65,0.35,0.36,0.01,0.01,71982.78
1775828485.188,85.188,0.65,0.66,0.35,0.36,0.01,0.01,71982.78
1775828485.717,85.717,0.65,0.66,0.34,0.35,0.01,0.01,71982.86
1775828486.395,86.395,0.65,0.66,0.34,0.35,0.01,0.01,71983.19
1775828487.345,87.345,0.65,0.67,0.34,0.35,0.02,0.01,71983.52
1775828487.971,87.971,0.64,0.66,0.34,0.35,0.02,0.01,71983.52
1775828488.666,88.666,0.64,0.65,0.35,0.37,0.01,0.02,71983.74
1775828489.016,89.016,0.64,0.65,0.35,0.36,0.01,0.01,71983.74
1775828489.473,89.473,0.64,0.65,0.35,0.36,0.01,0.01,71983.51
1775828490.014,90.014,0.64,0.65,0.35,0.36,0.01,0.01,71983.51
1775828490.428,90.428,0.64,0.65,0.35,0.36,0.01,0.01,71982.25
1775828490.911,90.911,0.64,0.65,0.35,0.36,0.01,0.01,71982.25
1775828491.247,91.247,0.66,0.67,0.33,0.34,0.01,0.01,71982.25
1775828491.685,91.685,0.67,0.68,0.32,0.33,0.01,0.01,71982.25
1775828492.117,92.117,0.67,0.68,0.32,0.33,0.01,0.01,71982.25
1775828492.514,92.514,0.67,0.68,0.32,0.33,0.01,0.01,71982.29
1775828492.849,92.849,0.68,0.7,0.3,0.33,0.02,0.03,71982.29
1775828493.219,93.219,0.69,0.7,0.3,0.31,0.01,0.01,71982.29
1775828493.561,93.561,0.69,0.7,0.3,0.31,0.01,0.01,71982.29
1775828494.173,94.173,0.69,0.7,0.3,0.31,0.01,0.01,71984.98
1775828494.62,94.62,0.67,0.68,0.32,0.33,0.01,0.01,71987.31
1775828495.132,95.132,0.67,0.68,0.32,0.33,0.01,0.01,71987.31
1775828495.647,95.647,0.67,0.68,0.32,0.33,0.01,0.01,71989.62
1775828495.992,95.992,0.59,0.61,0.39,0.41,0.02,0.02,71989.62
1775828496.338,96.338,0.56,0.59,0.41,0.44,0.03,0.03,71989.62
1775828496.729,96.729,0.56,0.57,0.43,0.44,0.01,0.01,71989.62
1775828497.145,97.145,0.56,0.57,0.43,0.44,0.01,0.01,71989.62
1775828497.661,97.661,0.55,0.56,0.44,0.45,0.01,0.01,71982.93
1775828498.076,98.076,0.55,0.56,0.44,0.45,0.01,0.01,71963.14
1775828498.571,98.571,0.55,0.56,0.44,0.45,0.01,0.01,71963.14
1775828499.245,99.245,0.55,0.56,0.44,0.45,0.01,0.01,71957.32
1775828499.885,99.885,0.55,0.56,0.44,0.45,0.01,0.01,71957.32
1775828500.233,100.233,0.55,0.56,0.44,0.45,0.01,0.01,71957.32
1775828500.597,100.597,0.55,0.57,0.44,0.45,0.02,0.01,71957.32
1775828500.934,100.934,0.56,0.57,0.43,0.44,0.01,0.01,71956.2
1775828501.57,101.57,0.56,0.58,0.43,0.44,0.02,0.01,71957.21
1775828501.939,101.939,0.57,0.58,0.42,0.43,0.01,0.01,71957.21
1775828502.336,102.336,0.57,0.58,0.42,0.43,0.01,0.01,71958.17
1775828502.898,102.898,0.57,0.58,0.42,0.43,0.01,0.01,71958.17
1775828503.439,103.439,0.57,0.58,0.42,0.43,0.01,0.01,71959.19
1775828503.875,103.875,0.57,0.58,0.42,0.43,0.01,0.01,71959.19
1775828504.214,104.214,0.57,0.58,0.42,0.43,0.01,0.01,71959.19
1775828504.648,104.648,0.56,0.57,0.43,0.44,0.01,0.01,71959.47
1775828504.991,104.991,0.59,0.6,0.4,0.41,0.01,0.01,71959.47
1775828505.401,105.401,0.59,0.6,0.4,0.41,0.01,0.01,71960.1
1775828506.04,106.04,0.59,0.6,0.4,0.41,0.01,0.01,71960.1
1775828506.4,106.4,0.59,0.6,0.4,0.41,0.01,0.01,71960.1
1775828507.16,107.16,0.59,0.62,0.4,0.41,0.03,0.01,71960.63
1775828507.554,107.554,0.63,0.64,0.36,0.39,0.01,0.03,71962.22
1775828508.033,108.033,0.63,0.64,0.36,0.37,0.01,0.01,71962.22
1775828508.377,108.377,0.63,0.64,0.36,0.37,0.01,0.01,71963.6
1775828508.794,108.794,0.62,0.64,0.36,0.37,0.02,0.01,71963.6
1775828509.185,109.185,0.58,0.59,0.4,0.42,0.01,0.02,71963.6
1775828509.658,109.658,0.58,0.59,0.41,0.42,0.01,0.01,71968.15
1775828510.036,110.036,0.58,0.59,0.41,0.42,0.01,0.01,71968.15
1775828510.586,110.586,0.58,0.59,0.41,0.42,0.01,0.01,71962.97
1775828511.522,111.522,0.58,0.59,0.41,0.42,0.01,0.01,71960.88
1775828511.911,111.911,0.58,0.59,0.41,0.42,0.01,0.01,71960.88
1775828513.152,113.152,0.58,0.59,0.41,0.42,0.01,0.01,71960.44
1775828513.505,113.505,0.61,0.62,0.38,0.39,0.01,0.01,71960.31
1775828514.184,114.184,0.61,0.62,0.38,0.39,0.01,0.01,71960.31
1775828514.696,114.696,0.61,0.62,0.38,0.39,0.01,0.01,71960.31
1775828515.339,115.339,0.62,0.63,0.37,0.38,0.01,0.01,71962.34
1775828515.746,115.746,0.65,0.66,0.34,0.35,0.01,0.01,71962.34
1775828516.103,116.103,0.67,0.68,0.32,0.33,0.01,0.01,71962.34
1775828516.634,116.634,0.69,0.7,0.3,0.32,0.01,0.02,71966.63
1775828517.012,117.012,0.69,0.7,0.3,0.31,0.01,0.01,71966.63
1775828517.649,117.649,0.69,0.7,0.3,0.31,0.01,0.01,71979.26
1775828518.041,118.041,0.69,0.7,0.3,0.31,0.01,0.01,71979.26
1775828518.648,118.648,0.69,0.7,0.3,0.31,0.01,0.01,71984.84
1775828519.2,119.2,0.69,0.7,0.3,0.31,0.01,0.01,71984.84
1775828519.668,119.668,0.69,0.7,0.3,0.31,0.01,0.01,71984.84
1775828520.069,120.069,0.69,0.7,0.3,0.31,0.01,0.01,71986.92
1775828520.436,120.436,0.72,0.73,0.28,0.29,0.01,0.01,71985.49
1775828520.78,120.78,0.71,0.72,0.28,0.29,0.01,0.01,71985.49
1775828521.187,121.187,0.71,0.72,0.28,0.29,0.01,0.01,71985.49
1775828521.565,121.565,0.71,0.72,0.28,0.29,0.01,0.01,71987.0
1775828521.99,121.99,0.69,0.72,0.28,0.29,0.03,0.01,71987.0
1775828522.414,122.414,0.69,0.7,0.3,0.31,0.01,0.01,71988.58
1775828522.787,122.787,0.69,0.7,0.3,0.31,0.01,0.01,71988.58
1775828523.213,123.213,0.69,0.7,0.3,0.31,0.01,0.01,71989.81
1775828523.616,123.616,0.69,0.7,0.3,0.31,0.01,0.01,71989.81
1775828523.96,123.96,0.69,0.71,0.3,0.31,0.02,0.01,71989.81
1775828524.297,124.297,0.7,0.73,0.27,0.3,0.03,0.03,71987.98
1775828524.713,124.713,0.7,0.71,0.28,0.3,0.01,0.02,71987.98
1775828525.149,125.149,0.7,0.71,0.29,0.3,0.01,0.01,71987.98
1775828525.585,125.585,0.72,0.73,0.27,0.29,0.01,0.02,71987.98
1775828525.936,125.936,0.72,0.73,0.27,0.28,0.01,0.01,71987.03
1775828526.321,126.321,0.72,0.74,0.27,0.28,0.02,0.01,71989.31
1775828526.71,126.71,0.72,0.73,0.27,0.28,0.01,0.01,71989.31
1775828527.135,127.135,0.72,0.74,0.27,0.28,0.02,0.01,71989.31
1775828527.497,127.497,0.73,0.74,0.26,0.27,0.01,0.01,71989.31
1775828528.107,128.107,0.73,0.74,0.26,0.27,0.01,0.01,71989.4
1775828528.841,128.841,0.72,0.74,0.26,0.27,0.02,0.01,71989.62
1775828529.224,129.224,0.71,0.72,0.28,0.29,0.01,0.01,71990.58
1775828529.576,129.576,0.71,0.72,0.28,0.29,0.01,0.01,71990.58
1775828529.945,129.945,0.7,0.71,0.29,0.3,0.01,0.01,71990.58
1775828530.281,130.281,0.69,0.7,0.29,0.31,0.01,0.02,71990.58
1775828530.616,130.616,0.69,0.7,0.3,0.31,0.01,0.01,71988.89
1775828531.006,131.006,0.69,0.7,0.3,0.31,0.01,0.01,71988.89
1775828532.023,132.023,0.69,0.7,0.3,0.31,0.01,0.01,71988.13
1775828532.648,132.648,0.69,0.7,0.3,0.31,0.01,0.01,71986.56
1775828533.152,133.152,0.73,0.74,0.28,0.29,0.01,0.01,71986.56
1775828533.585,133.585,0.73,0.74,0.25,0.27,0.01,0.02,71985.54
1775828533.975,133.975,0.75,0.76,0.24,0.25,0.01,0.01,71985.54
1775828534.333,134.333,0.75,0.76,0.24,0.25,0.01,0.01,71985.54
1775828534.679,134.679,0.75,0.76,0.24,0.25,0.01,0.01,71985.54
1775828535.021,135.021,0.72,0.73,0.27,0.28,0.01,0.01,71989.79
1775828535.358,135.358,0.72,0.73,0.27,0.28,0.01,0.01,71991.39
1775828535.713,135.713,0.71,0.73,0.27,0.3,0.02,0.03,71991.39
1775828536.051,136.051,0.72,0.73,0.27,0.28,0.01,0.01,71991.39
1775828536.417,136.417,0.72,0.73,0.27,0.28,0.01,0.01,71990.8
1775828536.796,136.796,0.72,0.73,0.27,0.28,0.01,0.01,71990.8
1775828537.141,137.141,0.73,0.75,0.26,0.27,0.02,0.01,71988.7
1775828537.492,137.492,0.75,0.76,0.24,0.25,0.01,0.01,71988.7
1775828537.935,137.935,0.75,0.76,0.24,0.25,0.01,0.01,71988.7
1775828538.288,138.288,0.75,0.76,0.24,0.25,0.01,0.01,71987.21
1775828538.624,138.624,0.75,0.76,0.24,0.25,0.01,0.01,71987.21
1775828539.015,139.015,0.75,0.76,0.24,0.25,0.01,0.01,71987.21
1775828539.417,139.417,0.75,0.76,0.24,0.25,0.01,0.01,71994.67
1775828539.771,139.771,0.75,0.76,0.24,0.25,0.01,0.01,71994.67
1775828540.548,140.548,0.75,0.76,0.24,0.25,0.01,0.01,71996.22
1775828540.931,140.931,0.75,0.76,0.24,0.25,0.01,0.01,71996.22
1775828541.561,141.561,0.75,0.76,0.24,0.25,0.01,0.01,71999.04
1775828541.913,141.913,0.75,0.76,0.24,0.25,0.01,0.01,71999.04
1775828542.508,142.508,0.75,0.76,0.24,0.25,0.01,0.01,71998.49
1775828542.911,142.911,0.75,0.76,0.24,0.25,0.01,0.01,71998.49
1775828543.259,143.259,0.75,0.76,0.24,0.25,0.01,0.01,71998.49
1775828543.668,143.668,0.75,0.76,0.24,0.25,0.01,0.01,71998.24
1775828544.161,144.161,0.75,0.76,0.24,0.25,0.01,0.01,71998.62
1775828544.721,144.721,0.75,0.76,0.24,0.25,0.01,0.01,71998.62
1775828545.202,145.202,0.74,0.76,0.24,0.25,0.02,0.01,71998.34
1775828545.538,145.538,0.72,0.73,0.25,0.26,0.01,0.01,71998.34
1775828545.875,145.875,0.72,0.73,0.27,0.28,0.01,0.01,71998.34
1775828546.255,146.255,0.72,0.73,0.27,0.28,0.01,0.01,71998.32
1775828546.842,146.842,0.71,0.72,0.27,0.29,0.01,0.02,71998.32
1775828547.233,147.233,0.68,0.69,0.31,0.32,0.01,0.01,71994.07
1775828547.583,147.583,0.68,0.69,0.31,0.32,0.01,0.01,71994.07
1775828548.283,148.283,0.68,0.69,0.31,0.32,0.01,0.01,71994.07
1775828548.891,148.891,0.68,0.69,0.31,0.32,0.01,0.01,71985.46
1775828549.269,149.269,0.68,0.69,0.31,0.32,0.01,0.01,71985.46
1775828550.151,150.151,0.68,0.69,0.31,0.32,0.01,0.01,71981.99
1775828550.495,150.495,0.68,0.69,0.31,0.32,0.01,0.01,71980.94
1775828551.094,151.094,0.68,0.69,0.31,0.32,0.01,0.01,71980.94
1775828551.492,151.492,0.67,0.68,0.32,0.33,0.01,0.01,71980.94
1775828551.945,151.945,0.65,0.66,0.34,0.35,0.01,0.01,71981.11
1775828552.714,152.714,0.63,0.64,0.34,0.36,0.01,0.02,71981.07
1775828553.089,153.089,0.63,0.64,0.36,0.37,0.01,0.01,71981.07
1775828553.43,153.43,0.63,0.65,0.36,0.37,0.02,0.01,71971.73
1775828553.813,153.813,0.64,0.66,0.35,0.36,0.02,0.01,71971.73
1775828554.192,154.192,0.65,0.66,0.34,0.35,0.01,0.01,71971.73
1775828554.617,154.617,0.65,0.66,0.34,0.35,0.01,0.01,71968.8
1775828555.06,155.06,0.65,0.66,0.34,0.35,0.01,0.01,71968.8
1775828555.484,155.484,0.65,0.66,0.34,0.35,0.01,0.01,71971.75
1775828556.107,156.107,0.65,0.66,0.34,0.35,0.01,0.01,71971.75
1775828556.56,156.56,0.64,0.65,0.35,0.36,0.01,0.01,71975.32
1775828556.986,156.986,0.62,0.64,0.36,0.37,0.02,0.01,71975.32
1775828557.765,157.765,0.61,0.62,0.37,0.39,0.01,0.02,71975.58
1775828558.158,158.158,0.61,0.62,0.38,0.39,0.01,0.01,71975.58
1775828558.516,158.516,0.61,0.62,0.38,0.39,0.01,0.01,71975.02
1775828559.359,159.359,0.61,0.62,0.38,0.39,0.01,0.01,71970.59
1775828559.906,159.906,0.65,0.66,0.34,0.35,0.01,0.01,71970.59
1775828560.244,160.244,0.65,0.66,0.34,0.35,0.01,0.01,71969.61
1775828560.691,160.691,0.65,0.66,0.34,0.35,0.01,0.01,71969.61
1775828561.265,161.265,0.65,0.67,0.34,0.35,0.02,0.01,71969.61
1775828561.612,161.612,0.68,0.7,0.3,0.32,0.02,0.02,71973.01
1775828561.972,161.972,0.69,0.72,0.28,0.31,0.03,0.03,71973.01
1775828562.324,162.324,0.69,0.73,0.27,0.31,0.04,0.04,71974.29
1775828562.666,162.666,0.76,0.78,0.23,0.29,0.02,0.06,71974.29
1775828563.052,163.052,0.78,0.8,0.2,0.22,0.02,0.02,71974.29
1775828563.394,163.394,0.8,0.81,0.19,0.21,0.01,0.02,72010.32
1775828563.732,163.732,0.8,0.81,0.19,0.2,0.01,0.01,72010.32
1775828564.092,164.092,0.8,0.81,0.18,0.2,0.01,0.02,72010.32
1775828564.448,164.448,0.8,0.81,0.19,0.2,0.01,0.01,72012.35
1775828564.798,164.798,0.8,0.81,0.19,0.2,0.01,0.01,72012.35
1775828565.264,165.264,0.81,0.82,0.17,0.2,0.01,0.03,72012.35
1775828565.601,165.601,0.81,0.83,0.17,0.19,0.02,0.02,72012.35
1775828565.943,165.943,0.83,0.84,0.16,0.18,0.01,0.02,72012.35
1775828566.634,166.634,0.84,0.85,0.15,0.17,0.01,0.02,72014.88
1775828566.99,166.99,0.84,0.85,0.15,0.16,0.01,0.01,72014.88
1775828567.346,167.346,0.84,0.85,0.15,0.16,0.01,0.01,72015.81
1775828567.832,167.832,0.84,0.85,0.15,0.16,0.01,0.01,72015.81
1775828568.176,168.176,0.84,0.86,0.14,0.15,0.02,0.01,72018.95
1775828568.63,168.63,0.87,0.88,0.13,0.15,0.01,0.02,72018.95
1775828568.97,168.97,0.87,0.88,0.12,0.13,0.01,0.01,72018.95
1775828569.442,169.442,0.87,0.88,0.12,0.13,0.01,0.01,72021.69
1775828569.84,169.84,0.87,0.88,0.12,0.13,0.01,0.01,72021.69
1775828570.295,170.295,0.87,0.88,0.12,0.13,0.01,0.01,72024.33
1775828570.854,170.854,0.87,0.88,0.12,0.13,0.01,0.01,72024.33
1775828571.251,171.251,0.87,0.88,0.12,0.13,0.01,0.01,72025.69
1775828571.632,171.632,0.87,0.88,0.12,0.13,0.01,0.01,72025.69
1775828572.176,172.176,0.87,0.88,0.12,0.13,0.01,0.01,72025.69
1775828572.569,172.569,0.87,0.88,0.12,0.13,0.01,0.01,72028.23
1775828572.939,172.939,0.87,0.88,0.12,0.13,0.01,0.01,72028.23
1775828573.286,173.286,0.85,0.88,0.12,0.13,0.03,0.01,72028.23
1775828573.645,173.645,0.86,0.87,0.13,0.14,0.01,0.01,72028.23
1775828574.027,174.027,0.86,0.87,0.13,0.14,0.01,0.01,72028.42
1775828574.381,174.381,0.86,0.87,0.13,0.14,0.01,0.01,72028.42
1775828574.938,174.938,0.86,0.87,0.13,0.14,0.01,0.01,72028.42
1775828575.287,175.287,0.86,0.87,0.13,0.14,0.01,0.01,72027.0
1775828575.735,175.735,0.85,0.86,0.14,0.15,0.01,0.01,72027.0
1775828576.081,176.081,0.85,0.86,0.14,0.15,0.01,0.01,72026.9
1775828576.633,176.633,0.81,0.82,0.18,0.19,0.01,0.01,72026.9
1775828577.188,177.188,0.81,0.82,0.18,0.19,0.01,0.01,72024.16
1775828577.794,177.794,0.81,0.82,0.18,0.19,0.01,0.01,72024.16
1775828578.893,178.893,0.81,0.82,0.17,0.19,0.01,0.02,72014.09
1775828579.244,179.244,0.81,0.82,0.18,0.19,0.01,0.01,72014.09
1775828579.684,179.684,0.81,0.82,0.18,0.19,0.01,0.01,72014.09
1775828580.178,180.178,0.8,0.81,0.18,0.2,0.01,0.02,72011.02
1775828580.633,180.633,0.79,0.81,0.19,0.2,0.02,0.01,72011.02
1775828581.002,181.002,0.79,0.8,0.2,0.21,0.01,0.01,72011.02
1775828581.398,181.398,0.79,0.8,0.2,0.21,0.01,0.01,72011.02
1775828581.83,181.83,0.83,0.84,0.16,0.17,0.01,0.01,72011.93
1775828582.249,182.249,0.83,0.84,0.16,0.17,0.01,0.01,72008.65
1775828582.627,182.627,0.83,0.84,0.16,0.17,0.01,0.01,72008.65
1775828583.029,183.029,0.84,0.85,0.16,0.17,0.01,0.01,72008.65
1775828583.373,183.373,0.84,0.85,0.15,0.16,0.01,0.01,72008.65
1775828583.768,183.768,0.84,0.85,0.15,0.16,0.01,0.01,72008.87
1775828584.106,184.106,0.84,0.85,0.15,0.16,0.01,0.01,72008.87
1775828584.569,184.569,0.84,0.85,0.15,0.16,0.01,0.01,72010.01
1775828584.951,184.951,0.85,0.86,0.14,0.15,0.01,0.01,72010.01
1775828585.292,185.292,0.85,0.86,0.14,0.15,0.01,0.01,72010.01
1775828585.841,185.841,0.83,0.84,0.14,0.17,0.01,0.03,72013.57
1775828586.321,186.321,0.83,0.84,0.16,0.17,0.01,0.01,72014.78
1775828586.708,186.708,0.85,0.86,0.14,0.15,0.01,0.01,72014.78
1775828587.145,187.145,0.85,0.86,0.14,0.15,0.01,0.01,72014.78
1775828587.515,187.515,0.85,0.86,0.14,0.15,0.01,0.01,72014.78
1775828587.898,187.898,0.87,0.89,0.12,0.13,0.02,0.01,72013.87
1775828588.263,188.263,0.87,0.89,0.12,0.13,0.02,0.01,72013.87
1775828588.681,188.681,0.88,0.89,0.11,0.12,0.01,0.01,72015.09
1775828589.164,189.164,0.88,0.89,0.11,0.12,0.01,0.01,72015.09
1775828589.498,189.498,0.88,0.89,0.11,0.12,0.01,0.01,72017.05
1775828589.877,189.877,0.88,0.89,0.11,0.12,0.01,0.01,72017.05
1775828590.226,190.226,0.88,0.89,0.11,0.12,0.01,0.01,72020.57
1775828590.587,190.587,0.88,0.89,0.11,0.12,0.01,0.01,72020.57
1775828590.933,190.933,0.88,0.89,0.11,0.12,0.01,0.01,72020.57
1775828591.616,191.616,0.88,0.89,0.11,0.12,0.01,0.01,72024.44
1775828591.987,191.987,0.88,0.89,0.11,0.12,0.01,0.01,72024.44
1775828592.395,192.395,0.89,0.9,0.1,0.12,0.01,0.02,72025.5
1775828592.734,192.734,0.9,0.91,0.09,0.11,0.01,0.02,72025.5
1775828593.149,193.149,0.9,0.91,0.09,0.1,0.01,0.01,72025.5
1775828593.558,193.558,0.89,0.91,0.09,0.1,0.02,0.01,72029.18
1775828593.906,193.906,0.89,0.9,0.1,0.11,0.01,0.01,72029.18
1775828594.28,194.28,0.89,0.9,0.1,0.11,0.01,0.01,72030.42
1775828594.624,194.624,0.89,0.9,0.1,0.11,0.01,0.01,72030.42
1775828595.003,195.003,0.89,0.9,0.1,0.11,0.01,0.01,72030.42
1775828595.48,195.48,0.86,0.87,0.13,0.14,0.01,0.01,72032.3
1775828595.815,195.815,0.86,0.87,0.13,0.14,0.01,0.01,72032.3
1775828596.203,196.203,0.85,0.86,0.14,0.15,0.01,0.01,72030.02
1775828596.55,196.55,0.85,0.86,0.14,0.15,0.01,0.01,72030.02
1775828596.892,196.892,0.85,0.86,0.14,0.15,0.01,0.01,72030.02
1775828597.304,197.304,0.85,0.86,0.14,0.15,0.01,0.01,72021.94
1775828597.641,197.641,0.85,0.86,0.14,0.15,0.01,0.01,72021.94
1775828598.085,198.085,0.85,0.86,0.14,0.15,0.01,0.01,72021.94
1775828598.675,198.675,0.86,0.87,0.14,0.15,0.01,0.01,72014.72
1775828599.035,199.035,0.86,0.87,0.13,0.14,0.01,0.01,72014.72
1775828599.777,199.777,0.86,0.87,0.13,0.14,0.01,0.01,72015.49
1775828600.59,200.59,0.84,0.85,0.14,0.16,0.01,0.02,72014.69
1775828600.951,200.951,0.84,0.86,0.15,0.16,0.02,0.01,72014.69
1775828601.352,201.352,0.85,0.88,0.14,0.15,0.03,0.01,72015.07
1775828601.85,201.85,0.88,0.89,0.11,0.13,0.01,0.02,72015.07
1775828602.198,202.198,0.88,0.89,0.11,0.12,0.01,0.01,72015.07
1775828602.6,202.6,0.88,0.89,0.11,0.12,0.01,0.01,72014.15
1775828602.949,202.949,0.88,0.89,0.11,0.12,0.01,0.01,72014.15
1775828603.464,203.464,0.88,0.89,0.11,0.12,0.01,0.01,72015.59
1775828604.035,204.035,0.88,0.89,0.11,0.12,0.01,0.01,72015.59
1775828604.407,204.407,0.88,0.89,0.11,0.12,0.01,0.01,72019.04
1775828604.798,204.798,0.88,0.89,0.11,0.12,0.01,0.01,72019.04
1775828605.172,205.172,0.88,0.89,0.11,0.12,0.01,0.01,72019.33
1775828605.633,205.633,0.88,0.89,0.1,0.12,0.01,0.02,72019.33
1775828606.287,206.287,0.88,0.89,0.11,0.12,0.01,0.01,72019.37
1775828606.818,206.818,0.88,0.89,0.11,0.12,0.01,0.01,72019.37
1775828607.152,207.152,0.88,0.9,0.11,0.12,0.02,0.01,72019.37
1775828607.496,207.496,0.89,0.9,0.1,0.11,0.01,0.01,72022.51
1775828608.031,208.031,0.89,0.9,0.1,0.11,0.01,0.01,72022.51
1775828608.48,208.48,0.89,0.9,0.1,0.11,0.01,0.01,72021.23
1775828608.957,208.957,0.89,0.9,0.1,0.11,0.01,0.01,72021.23
1775828609.292,209.292,0.89,0.9,0.1,0.11,0.01,0.01,72021.58
1775828609.684,209.684,0.89,0.9,0.1,0.11,0.01,0.01,72021.58
1775828610.249,210.249,0.89,0.9,0.1,0.11,0.01,0.01,72021.66
1775828610.715,210.715,0.89,0.9,0.1,0.11,0.01,0.01,72021.66
1775828611.125,211.125,0.89,0.9,0.1,0.11,0.01,0.01,72021.66
1775828611.483,211.483,0.89,0.9,0.1,0.11,0.01,0.01,72021.66
1775828611.855,211.855,0.89,0.9,0.1,0.11,0.01,0.01,72021.66
1775828612.204,212.204,0.88,0.9,0.1,0.12,0.02,0.02,72021.23
1775828612.628,212.628,0.87,0.88,0.11,0.12,0.01,0.01,72021.23
1775828613.012,213.012,0.87,0.88,0.12,0.13,0.01,0.01,72021.25
1775828613.615,213.615,0.87,0.88,0.12,0.13,0.01,0.01,72021.48
1775828614.189,214.189,0.87,0.88,0.12,0.13,0.01,0.01,72021.48
1775828614.624,214.624,0.88,0.9,0.11,0.12,0.02,0.01,72021.48
1775828615.061,215.061,0.9,0.91,0.08,0.1,0.01,0.02,72018.12
1775828615.541,215.541,0.91,0.92,0.08,0.09,0.01,0.01,72017.32
1775828615.898,215.898,0.92,0.93,0.07,0.08,0.01,0.01,72017.3
1775828616.46,216.46,0.92,0.93,0.07,0.08,0.01,0.01,72017.3
1775828616.973,216.973,0.92,0.93,0.07,0.08,0.01,0.01,72017.3
1775828617.537,217.537,0.92,0.93,0.07,0.08,0.01,0.01,72022.1
1775828617.973,217.973,0.92,0.93,0.07,0.08,0.01,0.01,72022.1
1775828618.405,218.405,0.92,0.93,0.07,0.08,0.01,0.01,72025.91
1775828618.746,218.746,0.9,0.92,0.08,0.1,0.02,0.02,72025.91
1775828619.23,219.23,0.9,0.91,0.09,0.1,0.01,0.01,72026.82
1775828619.565,219.565,0.9,0.91,0.09,0.1,0.01,0.01,72026.82
1775828620.0,220.0,0.9,0.91,0.09,0.1,0.01,0.01,72026.82
1775828620.408,220.408,0.9,0.91,0.09,0.1,0.01,0.01,72025.52
1775828620.848,220.848,0.9,0.91,0.09,0.1,0.01,0.01,72025.52
1775828621.196,221.196,0.9,0.91,0.09,0.1,0.01,0.01,72025.52
1775828621.609,221.609,0.91,0.92,0.08,0.09,0.01,0.01,72020.31
1775828622.019,222.019,0.91,0.92,0.08,0.09,0.01,0.01,72020.31
1775828622.373,222.373,0.91,0.93,0.08,0.09,0.02,0.01,72020.31
1775828622.885,222.885,0.92,0.93,0.07,0.08,0.01,0.01,72018.9
1775828623.31,223.31,0.92,0.93,0.07,0.08,0.01,0.01,72018.83
1775828623.657,223.657,0.92,0.93,0.07,0.08,0.01,0.01,72018.83
1775828624.06,224.06,0.92,0.93,0.07,0.08,0.01,0.01,72018.83
1775828624.416,224.416,0.92,0.93,0.07,0.08,0.01,0.01,72019.75
1775828624.793,224.793,0.92,0.93,0.07,0.08,0.01,0.01,72019.75
1775828625.128,225.128,0.92,0.93,0.07,0.08,0.01,0.01,72019.75
1775828625.601,225.601,0.92,0.93,0.07,0.08,0.01,0.01,72020.22
1775828626.004,226.004,0.92,0.93,0.07,0.08,0.01,0.01,72020.22
1775828626.779,226.779,0.92,0.93,0.07,0.08,0.01,0.01,72021.74
1775828627.373,227.373,0.92,0.93,0.07,0.08,0.01,0.01,72021.74
1775828627.958,227.958,0.92,0.93,0.07,0.08,0.01,0.01,72023.59
1775828628.52,228.52,0.92,0.93,0.07,0.08,0.01,0.01,72023.59
1775828629.019,229.019,0.92,0.93,0.07,0.08,0.01,0.01,72023.59
1775828629.423,229.423,0.91,0.92,0.08,0.09,0.01,0.01,72023.56
1775828629.881,229.881,0.91,0.92,0.08,0.09,0.01,0.01,72023.56
1775828630.303,230.303,0.92,0.93,0.07,0.08,0.01,0.01,72023.56
1775828630.681,230.681,0.92,0.93,0.07,0.08,0.01,0.01,72021.23
1775828631.038,231.038,0.92,0.93,0.07,0.08,0.01,0.01,72021.23
1775828631.372,231.372,0.94,0.95,0.05,0.06,0.01,0.01,72019.63
1775828631.774,231.774,0.94,0.95,0.05,0.06,0.01,0.01,72019.63
1775828632.159,232.159,0.95,0.96,0.04,0.05,0.01,0.01,72019.63
1775828632.593,232.593,0.95,0.96,0.04,0.05,0.01,0.01,72020.56
1775828632.934,232.934,0.96,0.97,0.03,0.04,0.01,0.01,72020.56
1775828633.282,233.282,0.96,0.97,0.03,0.04,0.01,0.01,72020.56
1775828633.624,233.624,0.96,0.97,0.03,0.04,0.01,0.01,72031.5
1775828634.033,234.033,0.96,0.97,0.03,0.04,0.01,0.01,72031.5
1775828634.369,234.369,0.96,0.97,0.03,0.04,0.01,0.01,72037.21
1775828634.703,234.703,0.96,0.97,0.03,0.04,0.01,0.01,72037.21
1775828635.079,235.079,0.96,0.97,0.03,0.04,0.01,0.01,72037.21
1775828635.489,235.489,0.96,0.97,0.03,0.04,0.01,0.01,72048.19
1775828635.84,235.84,0.96,0.97,0.03,0.04,0.01,0.01,72048.19
1775828636.188,236.188,0.96,0.97,0.03,0.04,0.01,0.01,72048.19
1775828636.624,236.624,0.97,0.98,0.02,0.04,0.01,0.02,72048.94
1775828636.961,236.961,0.97,0.98,0.02,0.03,0.01,0.01,72048.94
1775828637.479,237.479,0.96,0.98,0.02,0.03,0.02,0.01,72049.64
1775828637.92,237.92,0.96,0.97,0.02,0.04,0.01,0.02,72049.64
1775828638.271,238.271,0.96,0.97,0.03,0.04,0.01,0.01,72049.64
1775828638.797,238.797,0.96,0.97,0.03,0.04,0.01,0.01,72050.62
1775828639.206,239.206,0.96,0.97,0.03,0.04,0.01,0.01,72050.14
1775828639.634,239.634,0.96,0.97,0.03,0.04,0.01,0.01,72050.14
1775828639.968,239.968,0.96,0.97,0.03,0.04,0.01,0.01,72047.53
1775828640.352,240.352,0.96,0.97,0.03,0.04,0.01,0.01,72047.53
1775828640.693,240.693,0.96,0.97,0.03,0.04,0.01,0.01,72047.53
1775828641.187,241.187,0.96,0.97,0.03,0.04,0.01,0.01,72047.53
1775828641.532,241.532,0.96,0.97,0.03,0.04,0.01,0.01,72047.53
1775828641.932,241.932,0.96,0.97,0.03,0.04,0.01,0.01,72042.9
1775828642.475,242.475,0.97,0.98,0.02,0.04,0.01,0.02,72042.9
1775828643.019,243.019,0.97,0.98,0.02,0.03,0.01,0.01,72042.9
1775828643.377,243.377,0.97,0.98,0.02,0.03,0.01,0.01,72043.68
1775828643.747,243.747,0.97,0.98,0.02,0.03,0.01,0.01,72043.68
1775828644.14,244.14,0.97,0.98,0.02,0.03,0.01,0.01,72043.68
1775828644.591,244.591,0.97,0.98,0.02,0.03,0.01,0.01,72043.05
1775828644.939,244.939,0.97,0.98,0.02,0.03,0.01,0.01,72043.05
1775828645.304,245.304,0.97,0.98,0.02,0.03,0.01,0.01,72043.05
1775828645.741,245.741,0.97,0.98,0.02,0.03,0.01,0.01,72048.95
1775828646.075,246.075,0.97,0.98,0.02,0.03,0.01,0.01,72048.95
1775828646.41,246.41,0.97,0.98,0.02,0.03,0.01,0.01,72048.95
1775828646.755,246.755,0.97,0.98,0.02,0.03,0.01,0.01,72048.95
1775828647.263,247.263,0.97,0.98,0.02,0.03,0.01,0.01,72050.21
1775828647.666,247.666,0.97,0.98,0.02,0.03,0.01,0.01,72049.23
1775828648.154,248.154,0.97,0.98,0.02,0.03,0.01,0.01,72048.92
1775828648.536,248.536,0.97,0.98,0.02,0.03,0.01,0.01,72048.92
1775828649.236,249.236,0.97,0.98,0.02,0.03,0.01,0.01,72047.04
1775828649.701,249.701,0.97,0.98,0.02,0.03,0.01,0.01,72047.04
1775828650.044,250.044,0.96,0.97,0.03,0.04,0.01,0.01,72047.04
1775828650.381,250.381,0.94,0.95,0.05,0.06,0.01,0.01,72047.04
1775828650.775,250.775,0.95,0.97,0.03,0.05,0.02,0.02,72047.0
1775828651.251,251.251,0.95,0.96,0.04,0.05,0.01,0.01,72047.01
1775828651.658,251.658,0.94,0.95,0.04,0.06,0.01,0.02,72047.01
1775828651.992,251.992,0.95,0.96,0.04,0.05,0.01,0.01,72047.01
1775828652.373,252.373,0.95,0.96,0.04,0.05,0.01,0.01,72047.01
1775828652.868,252.868,0.95,0.96,0.04,0.05,0.01,0.01,72025.09
1775828653.251,253.251,0.95,0.96,0.04,0.05,0.01,0.01,72022.57
1775828653.809,253.809,0.95,0.96,0.04,0.05,0.01,0.01,72022.57
1775828654.332,254.332,0.95,0.96,0.04,0.05,0.01,0.01,72022.57
1775828654.729,254.729,0.95,0.96,0.04,0.05,0.01,0.01,72021.52
1775828655.067,255.067,0.93,0.96,0.04,0.05,0.03,0.01,72021.52
1775828655.475,255.475,0.93,0.94,0.06,0.07,0.01,0.01,72021.52
1775828655.836,255.836,0.93,0.94,0.06,0.07,0.01,0.01,72021.1
1775828656.216,256.216,0.94,0.96,0.05,0.06,0.02,0.01,72021.1
1775828656.557,256.557,0.95,0.96,0.04,0.05,0.01,0.01,72021.08
1775828656.933,256.933,0.95,0.96,0.04,0.05,0.01,0.01,72021.08
1775828657.314,257.314,0.94,0.95,0.05,0.06,0.01,0.01,72021.08
1775828657.726,257.726,0.94,0.95,0.05,0.06,0.01,0.01,72021.08
1775828658.11,258.11,0.94,0.95,0.05,0.06,0.01,0.01,72016.67
1775828658.647,258.647,0.94,0.95,0.05,0.06,0.01,0.01,72016.67
1775828659.043,259.043,0.94,0.95,0.05,0.06,0.01,0.01,72013.35
1775828659.571,259.571,0.94,0.95,0.05,0.06,0.01,0.01,72013.05
1775828660.032,260.032,0.94,0.95,0.05,0.06,0.01,0.01,72013.05
1775828660.53,260.53,0.94,0.95,0.05,0.06,0.01,0.01,72012.79
1775828661.193,261.193,0.95,0.96,0.04,0.05,0.01,0.01,72012.79
1775828661.533,261.533,0.95,0.96,0.04,0.05,0.01,0.01,72011.62
1775828662.025,262.025,0.95,0.96,0.04,0.05,0.01,0.01,72011.62
1775828662.56,262.56,0.95,0.96,0.04,0.05,0.01,0.01,72012.01
1775828662.978,262.978,0.93,0.94,0.05,0.07,0.01,0.02,72012.01
1775828663.38,263.38,0.92,0.93,0.07,0.08,0.01,0.01,72012.01
1775828663.784,263.784,0.93,0.94,0.06,0.08,0.01,0.02,72011.98
1775828664.131,264.131,0.94,0.95,0.05,0.06,0.01,0.01,72011.61
1775828664.507,264.507,0.95,0.96,0.04,0.06,0.01,0.02,72011.61
1775828664.864,264.864,0.96,0.97,0.03,0.04,0.01,0.01,72011.61
1775828665.206,265.206,0.98,0.99,0.01,0.02,0.01,0.01,72004.0
1775828665.64,265.64,0.98,0.99,0.01,0.02,0.01,0.01,72004.0
1775828666.018,266.018,0.96,0.97,0.03,0.04,0.01,0.01,72004.0
1775828666.369,266.369,0.94,0.95,0.04,0.05,0.01,0.01,72006.14
1775828666.772,266.772,0.94,0.95,0.04,0.06,0.01,0.02,72006.14
1775828667.489,267.489,0.94,0.95,0.05,0.06,0.01,0.01,72006.3
1775828667.935,267.935,0.94,0.95,0.05,0.06,0.01,0.01,72006.3
1775828668.347,268.347,0.94,0.95,0.05,0.06,0.01,0.01,72004.42
1775828668.739,268.739,0.94,0.95,0.05,0.06,0.01,0.01,72004.42
1775828669.361,269.361,0.96,0.97,0.04,0.05,0.01,0.01,72002.03
1775828669.971,269.971,0.97,0.98,0.02,0.03,0.01,0.01,72002.03
1775828670.359,270.359,0.97,0.98,0.02,0.03,0.01,0.01,72001.92
1775828670.702,270.702,0.97,0.98,0.02,0.03,0.01,0.01,72001.92
1775828671.163,271.163,0.97,0.98,0.02,0.03,0.01,0.01,72001.92
1775828671.55,271.55,0.97,0.98,0.02,0.03,0.01,0.01,72004.89
1775828671.962,271.962,0.97,0.98,0.02,0.03,0.01,0.01,72004.89
1775828672.538,272.538,0.98,0.99,0.01,0.02,0.01,0.01,72006.93
1775828672.973,272.973,0.98,0.99,0.01,0.02,0.01,0.01,72006.93
1775828673.335,273.335,0.98,0.99,0.01,0.02,0.01,0.01,72006.93
1775828673.708,273.708,0.98,0.99,0.01,0.02,0.01,0.01,72006.93
1775828674.336,274.336,0.98,0.99,0.01,0.02,0.01,0.01,72012.13
1775828674.695,274.695,0.97,0.98,0.02,0.03,0.01,0.01,72012.13
1775828675.214,275.214,0.97,0.98,0.02,0.03,0.01,0.01,72012.13
1775828675.547,275.547,0.97,0.98,0.02,0.03,0.01,0.01,72012.04
1775828675.884,275.884,0.97,0.99,0.01,0.03,0.02,0.02,72012.04
1775828676.226,276.226,0.98,0.99,0.01,0.02,0.01,0.01,72010.75
1775828676.569,276.569,0.98,0.99,0.01,0.02,0.01,0.01,72010.75
1775828676.967,276.967,0.98,0.99,0.01,0.02,0.01,0.01,72010.75
1775828677.359,277.359,0.98,0.99,0.01,0.02,0.01,0.01,72013.04
1775828677.755,277.755,0.98,0.99,0.01,0.02,0.01,0.01,72013.04
1775828678.131,278.131,0.98,0.99,0.01,0.02,0.01,0.01,72013.04
1775828678.638,278.638,0.98,0.99,0.01,0.02,0.01,0.01,72011.84
1775828678.99,278.99,0.98,0.99,0.01,0.02,0.01,0.01,72011.84
1775828679.335,279.335,0.98,0.99,0.01,0.02,0.01,0.01,72011.84
1775828679.668,279.668,0.98,0.99,0.01,0.02,0.01,0.01,72017.83
1775828680.166,280.166,0.99,0.99,0.01,0.02,0.0,0.01,72017.83
1775828680.506,280.506,0.99,0.99,0.01,0.01,0.0,0.0,72018.97
1775828680.872,280.872,0.99,0.99,0.01,0.01,0.0,0.0,72018.97
1775828681.654,281.654,0.99,0.99,0.01,0.01,0.0,0.0,72018.97
1775828682.198,282.198,0.99,0.99,0.01,0.01,0.0,0.0,72022.74
1775828682.574,282.574,0.99,0.99,0.01,0.01,0.0,0.0,72022.74
1775828683.16,283.16,0.99,0.99,0.01,0.01,0.0,0.0,72026.65
1775828683.542,283.542,0.99,0.99,0.01,0.01,0.0,0.0,72026.65
1775828684.01,284.01,0.99,0.99,0.01,0.01,0.0,0.0,72026.71
1775828684.54,284.54,0.99,0.99,0.01,0.01,0.0,0.0,72026.71
1775828685.037,285.037,0.99,0.99,0.01,0.01,0.0,0.0,72027.95
1775828685.455,285.455,0.99,0.99,0.01,0.01,0.0,0.0,72027.95
1775828685.868,285.868,0.99,0.99,0.01,0.01,0.0,0.0,72027.95
1775828686.323,286.323,0.99,0.99,0.01,0.01,0.0,0.0,72042.23
1775828686.947,286.947,0.99,0.99,0.01,0.01,0.0,0.0,72042.23
1775828687.762,287.762,0.99,0.99,0.01,0.01,0.0,0.0,72047.06
1775828688.65,288.65,0.99,0.99,0.01,0.01,0.0,0.0,72050.5
1775828689.37,289.37,0.99,0.99,0.01,0.01,0.0,0.0,72051.55
1775828690.692,290.692,0.99,0.99,0.01,0.01,0.0,0.0,72051.55
1775828691.856,291.856,0.99,0.99,0.01,0.01,0.0,0.0,72051.72
1775828693.227,293.227,0.99,0.99,0.01,0.01,0.0,0.0,72051.72
1775828693.806,293.806,0.99,0.99,0.01,0.01,0.0,0.0,72051.64
1775828694.187,294.187,0.99,0.99,0.01,0.01,0.0,0.0,72051.64
1775828694.68,294.68,0.99,0.99,0.01,0.01,0.0,0.0,72051.64
1775828695.285,295.285,0.99,0.99,0.01,0.01,0.0,0.0,72051.64
1775828696.286,296.286,0.99,0.99,0.01,0.01,0.0,0.0,72053.25
1775828699.244,299.244,0.99,0.99,0.01,0.01,0.0,0.0,72065.18
1775828699.671,299.671,0.99,0.99,0.01,0.01,0.0,0.0,72065.18
1775828700.488,300.488,0.99,0.99,0.01,0.01,0.0,0.0,72070.73

# RESULT,winner=Up,slug=btc-updown-5m-1775828400,ticks=683
