timestamp,elapsed_sec,up_bid,up_ask,down_bid,down_ask,up_spread,down_spread,btc_price
1775830800.525,0.525,0.44,0.45,0.55,0.56,0.01,0.01,72771.49
1775830800.862,0.862,0.44,0.45,0.55,0.56,0.01,0.01,72771.49
1775830801.233,1.233,0.44,0.45,0.55,0.56,0.01,0.01,72771.49
1775830801.615,1.615,0.44,0.45,0.55,0.56,0.01,0.01,72773.81
1775830802.036,2.036,0.44,0.45,0.55,0.56,0.01,0.01,72773.81
1775830802.374,2.374,0.44,0.45,0.55,0.56,0.01,0.01,72774.41
1775830802.72,2.72,0.44,0.45,0.55,0.56,0.01,0.01,72774.41
1775830803.06,3.06,0.44,0.47,0.53,0.56,0.03,0.03,72774.41
1775830803.429,3.429,0.47,0.48,0.52,0.53,0.01,0.01,72776.78
1775830803.767,3.767,0.47,0.5,0.51,0.53,0.03,0.02,72776.78
1775830804.105,4.105,0.47,0.48,0.52,0.53,0.01,0.01,72776.78
1775830804.465,4.465,0.47,0.48,0.52,0.53,0.01,0.01,72776.78
1775830804.937,4.937,0.47,0.48,0.52,0.53,0.01,0.01,72792.73
1775830805.271,5.271,0.47,0.48,0.52,0.53,0.01,0.01,72798.72
1775830805.607,5.607,0.47,0.5,0.5,0.53,0.03,0.03,72798.72
1775830805.943,5.943,0.5,0.51,0.49,0.5,0.01,0.01,72798.72
1775830806.276,6.276,0.52,0.56,0.44,0.48,0.04,0.04,72794.55
1775830806.612,6.612,0.56,0.57,0.43,0.44,0.01,0.01,72794.55
1775830806.956,6.956,0.59,0.6,0.4,0.41,0.01,0.01,72808.79
1775830807.292,7.292,0.59,0.6,0.4,0.41,0.01,0.01,72808.79
1775830807.627,7.627,0.59,0.6,0.4,0.41,0.01,0.01,72808.79
1775830807.996,7.996,0.6,0.61,0.39,0.4,0.01,0.01,72844.08
1775830808.346,8.346,0.62,0.63,0.37,0.38,0.01,0.01,72844.08
1775830808.679,8.679,0.67,0.68,0.35,0.38,0.01,0.03,72844.08
1775830809.055,9.055,0.62,0.64,0.36,0.38,0.02,0.02,72870.89
1775830809.4,9.4,0.62,0.63,0.37,0.38,0.01,0.01,72870.89
1775830809.794,9.794,0.62,0.63,0.37,0.38,0.01,0.01,72870.89
1775830810.196,10.196,0.62,0.63,0.32,0.38,0.01,0.06,72870.89
1775830810.545,10.545,0.62,0.63,0.37,0.38,0.01,0.01,72869.15
1775830810.88,10.88,0.62,0.63,0.37,0.38,0.01,0.01,72869.15
1775830811.216,11.216,0.62,0.63,0.37,0.38,0.01,0.01,72869.15
1775830811.586,11.586,0.62,0.63,0.37,0.38,0.01,0.01,72863.21
1775830811.97,11.97,0.61,0.62,0.38,0.39,0.01,0.01,72863.21
1775830812.313,12.313,0.61,0.62,0.38,0.39,0.01,0.01,72856.32
1775830812.797,12.797,0.61,0.62,0.38,0.39,0.01,0.01,72856.32
1775830813.139,13.139,0.64,0.66,0.34,0.35,0.02,0.01,72856.32
1775830813.714,13.714,0.64,0.65,0.35,0.36,0.01,0.01,72856.32
1775830814.056,14.056,0.64,0.65,0.35,0.36,0.01,0.01,72856.32
1775830814.585,14.585,0.64,0.65,0.34,0.36,0.01,0.02,72834.17
1775830814.926,14.926,0.64,0.65,0.35,0.36,0.01,0.01,72834.17
1775830815.324,15.324,0.68,0.69,0.31,0.32,0.01,0.01,72847.67
1775830815.662,15.662,0.67,0.68,0.32,0.33,0.01,0.01,72847.67
1775830816.034,16.034,0.67,0.68,0.32,0.33,0.01,0.01,72847.67
1775830816.423,16.423,0.68,0.69,0.32,0.33,0.01,0.01,72851.2
1775830816.756,16.756,0.68,0.69,0.31,0.32,0.01,0.01,72851.2
1775830817.092,17.092,0.69,0.72,0.28,0.31,0.03,0.03,72851.2
1775830817.426,17.426,0.71,0.73,0.28,0.29,0.02,0.01,72851.2
1775830817.795,17.795,0.71,0.73,0.27,0.29,0.02,0.02,72852.84
1775830818.135,18.135,0.73,0.75,0.25,0.27,0.02,0.02,72852.84
1775830818.494,18.494,0.75,0.76,0.24,0.25,0.01,0.01,72863.92
1775830818.833,18.833,0.75,0.76,0.24,0.25,0.01,0.01,72863.92
1775830819.205,19.205,0.76,0.77,0.22,0.25,0.01,0.03,72863.92
1775830819.562,19.562,0.75,0.76,0.22,0.25,0.01,0.03,72881.94
1775830819.902,19.902,0.75,0.76,0.24,0.25,0.01,0.01,72881.94
1775830820.272,20.272,0.75,0.76,0.24,0.25,0.01,0.01,72881.94
1775830820.655,20.655,0.75,0.76,0.24,0.25,0.01,0.01,72881.94
1775830820.991,20.991,0.74,0.75,0.25,0.26,0.01,0.01,72901.04
1775830821.329,21.329,0.73,0.74,0.26,0.27,0.01,0.01,72901.11
1775830821.672,21.672,0.72,0.73,0.27,0.28,0.01,0.01,72901.11
1775830822.502,22.502,0.72,0.73,0.27,0.28,0.01,0.01,72900.8
1775830822.836,22.836,0.73,0.76,0.24,0.28,0.03,0.04,72900.8
1775830823.17,23.17,0.75,0.76,0.24,0.25,0.01,0.01,72889.6
1775830823.526,23.526,0.74,0.75,0.25,0.26,0.01,0.01,72889.6
1775830823.906,23.906,0.76,0.77,0.23,0.26,0.01,0.03,72889.6
1775830824.447,24.447,0.76,0.77,0.23,0.24,0.01,0.01,72898.52
1775830824.859,24.859,0.78,0.79,0.21,0.22,0.01,0.01,72898.52
1775830825.319,25.319,0.78,0.79,0.21,0.22,0.01,0.01,72899.4
1775830825.664,25.664,0.77,0.78,0.21,0.23,0.01,0.02,72899.4
1775830826.009,26.009,0.78,0.79,0.21,0.22,0.01,0.01,72899.4
1775830826.372,26.372,0.78,0.79,0.21,0.22,0.01,0.01,72901.42
1775830826.76,26.76,0.78,0.79,0.21,0.22,0.01,0.01,72901.42
1775830827.137,27.137,0.8,0.81,0.19,0.2,0.01,0.01,72901.42
1775830827.48,27.48,0.8,0.81,0.19,0.2,0.01,0.01,72903.25
1775830827.833,27.833,0.8,0.81,0.19,0.2,0.01,0.01,72903.25
1775830828.209,28.209,0.8,0.81,0.19,0.2,0.01,0.01,72903.25
1775830828.553,28.553,0.8,0.81,0.19,0.2,0.01,0.01,72913.46
1775830828.932,28.932,0.8,0.81,0.19,0.2,0.01,0.01,72913.46
1775830829.431,29.431,0.8,0.81,0.19,0.2,0.01,0.01,72915.58
1775830829.784,29.784,0.81,0.82,0.18,0.2,0.01,0.02,72915.58
1775830830.202,30.202,0.81,0.82,0.18,0.19,0.01,0.01,72915.58
1775830830.536,30.536,0.81,0.82,0.18,0.19,0.01,0.01,72915.58
1775830830.899,30.899,0.81,0.82,0.18,0.19,0.01,0.01,72915.93
1775830831.251,31.251,0.76,0.78,0.22,0.24,0.02,0.02,72916.28
1775830831.588,31.588,0.76,0.77,0.23,0.24,0.01,0.01,72916.28
1775830831.934,31.934,0.76,0.77,0.23,0.24,0.01,0.01,72916.28
1775830832.315,32.315,0.76,0.77,0.23,0.24,0.01,0.01,72918.83
1775830832.658,32.658,0.78,0.79,0.21,0.22,0.01,0.01,72918.83
1775830833.047,33.047,0.78,0.79,0.2,0.22,0.01,0.02,72903.06
1775830833.385,33.385,0.78,0.79,0.21,0.22,0.01,0.01,72903.06
1775830833.768,33.768,0.79,0.8,0.2,0.21,0.01,0.01,72903.06
1775830834.307,34.307,0.79,0.8,0.2,0.21,0.01,0.01,72909.74
1775830834.744,34.744,0.79,0.8,0.2,0.21,0.01,0.01,72909.74
1775830835.191,35.191,0.79,0.8,0.2,0.21,0.01,0.01,72909.74
1775830835.527,35.527,0.79,0.8,0.2,0.21,0.01,0.01,72912.43
1775830835.865,35.865,0.78,0.8,0.2,0.22,0.02,0.02,72912.43
1775830836.292,36.292,0.78,0.79,0.21,0.22,0.01,0.01,72914.34
1775830836.647,36.647,0.78,0.79,0.21,0.22,0.01,0.01,72914.34
1775830836.984,36.984,0.77,0.79,0.21,0.22,0.02,0.01,72914.34
1775830837.323,37.323,0.77,0.78,0.22,0.23,0.01,0.01,72915.26
1775830837.727,37.727,0.77,0.78,0.22,0.23,0.01,0.01,72915.26
1775830838.295,38.295,0.77,0.78,0.22,0.23,0.01,0.01,72914.23
1775830838.635,38.635,0.77,0.78,0.22,0.23,0.01,0.01,72914.23
1775830839.137,39.137,0.77,0.78,0.22,0.23,0.01,0.01,72914.23
1775830839.499,39.499,0.77,0.78,0.22,0.23,0.01,0.01,72911.36
1775830839.866,39.866,0.76,0.77,0.23,0.24,0.01,0.01,72911.36
1775830840.226,40.226,0.76,0.79,0.22,0.24,0.03,0.02,72911.36
1775830840.595,40.595,0.78,0.79,0.21,0.22,0.01,0.01,72911.44
1775830840.933,40.933,0.78,0.79,0.21,0.22,0.01,0.01,72911.44
1775830841.31,41.31,0.79,0.8,0.19,0.22,0.01,0.03,72911.44
1775830841.647,41.647,0.8,0.82,0.19,0.2,0.02,0.01,72908.24
1775830842.029,42.029,0.8,0.81,0.19,0.2,0.01,0.01,72908.24
1775830842.402,42.402,0.81,0.82,0.18,0.19,0.01,0.01,72913.61
1775830842.925,42.925,0.81,0.82,0.18,0.19,0.01,0.01,72913.61
1775830843.295,43.295,0.81,0.82,0.18,0.19,0.01,0.01,72913.61
1775830843.629,43.629,0.81,0.82,0.18,0.19,0.01,0.01,72922.15
1775830844.041,44.041,0.81,0.82,0.18,0.19,0.01,0.01,72924.06
1775830844.388,44.388,0.81,0.82,0.18,0.19,0.01,0.01,72924.06
1775830844.815,44.815,0.81,0.82,0.18,0.19,0.01,0.01,72924.06
1775830845.443,45.443,0.81,0.82,0.18,0.19,0.01,0.01,72925.26
1775830845.786,45.786,0.8,0.81,0.19,0.2,0.01,0.01,72925.26
1775830846.139,46.139,0.81,0.82,0.18,0.19,0.01,0.01,72925.26
1775830846.535,46.535,0.81,0.82,0.18,0.19,0.01,0.01,72925.12
1775830847.155,47.155,0.81,0.82,0.18,0.19,0.01,0.01,72925.12
1775830847.525,47.525,0.81,0.82,0.18,0.19,0.01,0.01,72923.81
1775830847.934,47.934,0.81,0.82,0.18,0.19,0.01,0.01,72923.81
1775830848.366,48.366,0.81,0.82,0.18,0.19,0.01,0.01,72923.63
1775830848.75,48.75,0.81,0.82,0.18,0.19,0.01,0.01,72923.63
1775830849.252,49.252,0.79,0.8,0.2,0.21,0.01,0.01,72924.45
1775830849.642,49.642,0.79,0.8,0.2,0.21,0.01,0.01,72924.45
1775830850.056,50.056,0.78,0.79,0.21,0.22,0.01,0.01,72924.45
1775830850.719,50.719,0.78,0.79,0.21,0.22,0.01,0.01,72919.46
1775830851.187,51.187,0.77,0.78,0.22,0.23,0.01,0.01,72914.78
1775830851.732,51.732,0.77,0.78,0.22,0.23,0.01,0.01,72914.78
1775830852.124,52.124,0.77,0.78,0.22,0.23,0.01,0.01,72906.66
1775830852.515,52.515,0.77,0.79,0.22,0.23,0.02,0.01,72906.66
1775830853.194,53.194,0.78,0.79,0.21,0.22,0.01,0.01,72904.2
1775830853.534,53.534,0.81,0.82,0.18,0.19,0.01,0.01,72904.2
1775830853.935,53.935,0.81,0.82,0.18,0.19,0.01,0.01,72904.2
1775830854.344,54.344,0.79,0.8,0.2,0.21,0.01,0.01,72905.97
1775830854.981,54.981,0.78,0.79,0.2,0.21,0.01,0.01,72905.97
1775830855.352,55.352,0.78,0.79,0.21,0.22,0.01,0.01,72914.5
1775830855.859,55.859,0.78,0.79,0.21,0.22,0.01,0.01,72914.5
1775830856.302,56.302,0.78,0.79,0.21,0.22,0.01,0.01,72914.5
1775830856.656,56.656,0.79,0.81,0.19,0.21,0.02,0.02,72911.73
1775830857.071,57.071,0.8,0.81,0.19,0.2,0.01,0.01,72910.64
1775830857.765,57.765,0.8,0.82,0.18,0.19,0.02,0.01,72910.64
1775830858.16,58.16,0.81,0.82,0.18,0.19,0.01,0.01,72910.64
1775830858.583,58.583,0.81,0.82,0.18,0.19,0.01,0.01,72910.64
1775830859.001,59.001,0.81,0.83,0.18,0.19,0.02,0.01,72910.64
1775830859.478,59.478,0.82,0.83,0.17,0.18,0.01,0.01,72919.74
1775830859.914,59.914,0.82,0.83,0.17,0.18,0.01,0.01,72919.74
1775830860.268,60.268,0.82,0.83,0.17,0.18,0.01,0.01,72919.74
1775830860.672,60.672,0.82,0.83,0.17,0.18,0.01,0.01,72919.74
1775830861.026,61.026,0.82,0.83,0.17,0.18,0.01,0.01,72922.38
1775830861.364,61.364,0.82,0.83,0.17,0.18,0.01,0.01,72922.38
1775830861.927,61.927,0.82,0.83,0.17,0.18,0.01,0.01,72922.84
1775830862.275,62.275,0.82,0.84,0.16,0.18,0.02,0.02,72922.84
1775830862.729,62.729,0.82,0.83,0.17,0.18,0.01,0.01,72922.84
1775830863.163,63.163,0.82,0.83,0.17,0.18,0.01,0.01,72921.98
1775830863.632,63.632,0.82,0.83,0.17,0.18,0.01,0.01,72918.98
1775830864.184,64.184,0.82,0.83,0.17,0.18,0.01,0.01,72918.98
1775830864.564,64.564,0.82,0.83,0.17,0.18,0.01,0.01,72921.89
1775830864.924,64.924,0.84,0.85,0.15,0.16,0.01,0.01,72921.89
1775830865.336,65.336,0.84,0.85,0.15,0.16,0.01,0.01,72921.89
1775830865.672,65.672,0.84,0.85,0.15,0.16,0.01,0.01,72921.89
1775830866.034,66.034,0.84,0.85,0.15,0.16,0.01,0.01,72924.99
1775830866.372,66.372,0.84,0.85,0.15,0.16,0.01,0.01,72924.99
1775830866.792,66.792,0.84,0.85,0.15,0.16,0.01,0.01,72926.91
1775830867.207,67.207,0.84,0.85,0.15,0.16,0.01,0.01,72926.91
1775830867.734,67.734,0.84,0.85,0.15,0.16,0.01,0.01,72932.02
1775830868.074,68.074,0.84,0.85,0.15,0.16,0.01,0.01,72932.02
1775830868.665,68.665,0.84,0.85,0.15,0.16,0.01,0.01,72931.85
1775830869.062,69.062,0.83,0.84,0.16,0.17,0.01,0.01,72931.85
1775830869.418,69.418,0.83,0.84,0.16,0.17,0.01,0.01,72931.85
1775830869.866,69.866,0.83,0.84,0.16,0.17,0.01,0.01,72932.41
1775830870.209,70.209,0.83,0.84,0.16,0.17,0.01,0.01,72932.02
1775830870.554,70.554,0.83,0.84,0.16,0.17,0.01,0.01,72932.02
1775830870.893,70.893,0.83,0.84,0.16,0.17,0.01,0.01,72932.02
1775830871.433,71.433,0.83,0.84,0.16,0.17,0.01,0.01,72932.02
1775830871.776,71.776,0.83,0.84,0.16,0.17,0.01,0.01,72922.78
1775830872.131,72.131,0.83,0.84,0.16,0.17,0.01,0.01,72922.78
1775830872.629,72.629,0.83,0.84,0.16,0.17,0.01,0.01,72924.37
1775830872.976,72.976,0.83,0.84,0.16,0.17,0.01,0.01,72924.37
1775830873.34,73.34,0.83,0.84,0.16,0.17,0.01,0.01,72924.37
1775830873.727,73.727,0.83,0.84,0.16,0.17,0.01,0.01,72926.34
1775830874.14,74.14,0.83,0.84,0.16,0.17,0.01,0.01,72926.09
1775830874.48,74.48,0.83,0.84,0.16,0.17,0.01,0.01,72926.09
1775830874.914,74.914,0.84,0.85,0.15,0.16,0.01,0.01,72926.09
1775830875.268,75.268,0.84,0.85,0.15,0.16,0.01,0.01,72926.1
1775830875.646,75.646,0.84,0.85,0.15,0.16,0.01,0.01,72926.1
1775830875.995,75.995,0.84,0.85,0.15,0.16,0.01,0.01,72926.1
1775830876.636,76.636,0.85,0.86,0.15,0.16,0.01,0.01,72926.1
1775830877.003,77.003,0.85,0.86,0.14,0.15,0.01,0.01,72926.1
1775830877.355,77.355,0.85,0.86,0.14,0.15,0.01,0.01,72928.15
1775830877.776,77.776,0.85,0.86,0.14,0.15,0.01,0.01,72928.15
1775830878.226,78.226,0.86,0.87,0.13,0.14,0.01,0.01,72928.15
1775830878.727,78.727,0.86,0.87,0.13,0.14,0.01,0.01,72932.24
1775830879.231,79.231,0.86,0.87,0.13,0.14,0.01,0.01,72932.24
1775830879.687,79.687,0.86,0.87,0.13,0.14,0.01,0.01,72933.7
1775830880.075,80.075,0.86,0.88,0.13,0.14,0.02,0.01,72933.7
1775830880.461,80.461,0.87,0.88,0.12,0.13,0.01,0.01,72933.7
1775830880.852,80.852,0.87,0.88,0.12,0.13,0.01,0.01,72933.7
1775830881.213,81.213,0.87,0.88,0.12,0.13,0.01,0.01,72936.66
1775830881.654,81.654,0.87,0.88,0.12,0.13,0.01,0.01,72938.6
1775830882.138,82.138,0.87,0.88,0.12,0.13,0.01,0.01,72938.6
1775830882.516,82.516,0.87,0.88,0.12,0.13,0.01,0.01,72938.84
1775830882.859,82.859,0.87,0.88,0.12,0.13,0.01,0.01,72938.84
1775830883.384,83.384,0.88,0.89,0.12,0.13,0.01,0.01,72938.84
1775830883.789,83.789,0.88,0.9,0.11,0.12,0.02,0.01,72944.09
1775830884.455,84.455,0.89,0.91,0.09,0.11,0.02,0.02,72944.09
1775830884.804,84.804,0.9,0.91,0.09,0.1,0.01,0.01,72944.35
1775830885.143,85.143,0.9,0.91,0.09,0.1,0.01,0.01,72944.35
1775830885.485,85.485,0.9,0.91,0.09,0.1,0.01,0.01,72952.24
1775830885.933,85.933,0.9,0.91,0.09,0.1,0.01,0.01,72952.24
1775830886.296,86.296,0.9,0.91,0.09,0.1,0.01,0.01,72952.24
1775830886.796,86.796,0.9,0.91,0.09,0.1,0.01,0.01,72973.15
1775830887.151,87.151,0.9,0.91,0.09,0.1,0.01,0.01,72973.15
1775830887.567,87.567,0.9,0.91,0.09,0.1,0.01,0.01,72973.24
1775830887.918,87.918,0.9,0.91,0.09,0.1,0.01,0.01,72973.24
1775830888.314,88.314,0.9,0.91,0.09,0.1,0.01,0.01,72975.5
1775830888.685,88.685,0.89,0.9,0.1,0.11,0.01,0.01,72975.5
1775830889.29,89.29,0.88,0.89,0.11,0.12,0.01,0.01,72975.5
1775830889.705,89.705,0.88,0.89,0.11,0.12,0.01,0.01,72971.77
1775830890.057,90.057,0.88,0.89,0.11,0.12,0.01,0.01,72971.77
1775830890.46,90.46,0.89,0.9,0.1,0.12,0.01,0.02,72965.93
1775830890.813,90.813,0.89,0.9,0.1,0.11,0.01,0.01,72965.93
1775830891.194,91.194,0.9,0.92,0.09,0.1,0.02,0.01,72965.93
1775830891.745,91.745,0.91,0.92,0.08,0.09,0.01,0.01,72956.58
1775830892.124,92.124,0.91,0.92,0.08,0.09,0.01,0.01,72956.58
1775830892.481,92.481,0.91,0.92,0.08,0.09,0.01,0.01,72958.24
1775830892.928,92.928,0.91,0.92,0.08,0.09,0.01,0.01,72958.24
1775830893.507,93.507,0.91,0.92,0.08,0.09,0.01,0.01,72958.24
1775830893.879,93.879,0.91,0.92,0.08,0.09,0.01,0.01,72965.9
1775830894.234,94.234,0.91,0.92,0.08,0.09,0.01,0.01,72965.9
1775830894.744,94.744,0.91,0.92,0.08,0.09,0.01,0.01,72964.47
1775830895.182,95.182,0.91,0.92,0.08,0.09,0.01,0.01,72964.47
1775830895.95,95.95,0.91,0.92,0.08,0.09,0.01,0.01,72965.61
1775830896.438,96.438,0.91,0.92,0.08,0.09,0.01,0.01,72964.45
1775830896.814,96.814,0.91,0.92,0.08,0.09,0.01,0.01,72964.45
1775830897.18,97.18,0.91,0.92,0.08,0.09,0.01,0.01,72964.45
1775830897.571,97.571,0.91,0.92,0.08,0.09,0.01,0.01,72962.26
1775830898.016,98.016,0.91,0.92,0.08,0.09,0.01,0.01,72962.26
1775830898.456,98.456,0.91,0.92,0.08,0.09,0.01,0.01,72959.17
1775830898.949,98.949,0.9,0.91,0.09,0.1,0.01,0.01,72958.64
1775830899.457,99.457,0.9,0.91,0.09,0.1,0.01,0.01,72958.64
1775830900.055,100.055,0.91,0.92,0.08,0.1,0.01,0.02,72958.64
1775830900.402,100.402,0.93,0.94,0.06,0.07,0.01,0.01,72958.24
1775830900.765,100.765,0.93,0.94,0.06,0.07,0.01,0.01,72958.24
1775830901.139,101.139,0.92,0.93,0.07,0.08,0.01,0.01,72958.24
1775830901.502,101.502,0.92,0.93,0.07,0.08,0.01,0.01,72957.33
1775830901.889,101.889,0.92,0.93,0.07,0.08,0.01,0.01,72957.33
1775830902.275,102.275,0.92,0.93,0.07,0.08,0.01,0.01,72957.33
1775830902.75,102.75,0.92,0.93,0.07,0.08,0.01,0.01,72973.15
1775830903.107,103.107,0.92,0.93,0.07,0.08,0.01,0.01,72968.82
1775830903.562,103.562,0.92,0.93,0.07,0.08,0.01,0.01,72968.82
1775830903.916,103.916,0.92,0.93,0.07,0.08,0.01,0.01,72968.82
1775830904.566,104.566,0.93,0.94,0.06,0.07,0.01,0.01,72963.34
1775830904.94,104.94,0.93,0.94,0.06,0.07,0.01,0.01,72963.34
1775830905.316,105.316,0.93,0.94,0.06,0.07,0.01,0.01,72963.34
1775830905.781,105.781,0.93,0.94,0.06,0.07,0.01,0.01,72969.48
1775830906.197,106.197,0.93,0.94,0.06,0.07,0.01,0.01,72977.18
1775830906.559,106.559,0.93,0.94,0.06,0.07,0.01,0.01,72977.18
1775830907.116,107.116,0.93,0.95,0.06,0.07,0.02,0.01,72981.14
1775830907.528,107.528,0.94,0.95,0.05,0.06,0.01,0.01,72981.14
1775830907.88,107.88,0.94,0.95,0.05,0.06,0.01,0.01,72981.14
1775830908.27,108.27,0.94,0.95,0.05,0.06,0.01,0.01,72982.99
1775830908.652,108.652,0.94,0.95,0.05,0.06,0.01,0.01,72982.99
1775830909.068,109.068,0.94,0.95,0.05,0.06,0.01,0.01,72982.99
1775830909.402,109.402,0.94,0.95,0.05,0.06,0.01,0.01,72982.99
1775830909.964,109.964,0.94,0.95,0.05,0.06,0.01,0.01,72989.51
1775830910.627,110.627,0.94,0.95,0.05,0.06,0.01,0.01,72989.51
1775830911.186,111.186,0.94,0.95,0.05,0.06,0.01,0.01,72990.42
1775830911.622,111.622,0.94,0.95,0.05,0.06,0.01,0.01,72990.42
1775830912.159,112.159,0.94,0.95,0.05,0.06,0.01,0.01,72990.42
1775830912.57,112.57,0.94,0.95,0.05,0.06,0.01,0.01,72991.69
1775830912.911,112.911,0.94,0.95,0.05,0.06,0.01,0.01,72991.69
1775830913.61,113.61,0.94,0.95,0.05,0.06,0.01,0.01,72999.18
1775830914.15,114.15,0.94,0.95,0.05,0.06,0.01,0.01,72999.18
1775830914.532,114.532,0.94,0.95,0.05,0.06,0.01,0.01,72998.98
1775830914.873,114.873,0.94,0.95,0.05,0.06,0.01,0.01,72998.98
1775830915.213,115.213,0.94,0.95,0.05,0.06,0.01,0.01,72998.05
1775830915.552,115.552,0.95,0.96,0.04,0.06,0.01,0.02,72998.05
1775830915.919,115.919,0.95,0.96,0.04,0.05,0.01,0.01,72998.05
1775830916.403,116.403,0.95,0.96,0.04,0.05,0.01,0.01,72995.69
1775830916.779,116.779,0.95,0.96,0.04,0.05,0.01,0.01,72995.69
1775830917.118,117.118,0.95,0.96,0.04,0.05,0.01,0.01,72995.74
1775830917.554,117.554,0.95,0.96,0.04,0.05,0.01,0.01,72995.74
1775830917.993,117.993,0.95,0.96,0.04,0.05,0.01,0.01,72995.74
1775830918.565,118.565,0.96,0.97,0.03,0.04,0.01,0.01,73008.62
1775830918.907,118.907,0.96,0.97,0.03,0.04,0.01,0.01,73008.62
1775830919.295,119.295,0.96,0.97,0.03,0.04,0.01,0.01,73004
1775830919.659,119.659,0.96,0.97,0.03,0.04,0.01,0.01,73004
1775830920.095,120.095,0.96,0.97,0.03,0.04,0.01,0.01,73004
1775830920.502,120.502,0.96,0.97,0.03,0.04,0.01,0.01,73015.31
1775830920.87,120.87,0.96,0.97,0.03,0.04,0.01,0.01,73015.31
1775830921.479,121.479,0.96,0.97,0.03,0.04,0.01,0.01,73018.2
1775830922.008,122.008,0.96,0.97,0.03,0.04,0.01,0.01,73018.2
1775830922.441,122.441,0.96,0.97,0.03,0.04,0.01,0.01,73013.96
1775830922.954,122.954,0.96,0.97,0.03,0.04,0.01,0.01,73013.96
1775830923.411,123.411,0.96,0.97,0.03,0.04,0.01,0.01,73013.49
1775830923.797,123.797,0.96,0.97,0.03,0.04,0.01,0.01,73013.49
1775830924.141,124.141,0.96,0.97,0.03,0.04,0.01,0.01,73013.49
1775830924.601,124.601,0.96,0.97,0.03,0.04,0.01,0.01,73012.39
1775830925.059,125.059,0.96,0.97,0.03,0.04,0.01,0.01,73012.39
1775830925.59,125.59,0.96,0.97,0.03,0.04,0.01,0.01,73012.34
1775830926.017,126.017,0.95,0.96,0.04,0.05,0.01,0.01,73012.34
1775830926.644,126.644,0.95,0.96,0.04,0.05,0.01,0.01,73012.2
1775830927.033,127.033,0.95,0.96,0.04,0.05,0.01,0.01,73011.46
1775830927.514,127.514,0.95,0.96,0.04,0.05,0.01,0.01,73011.46
1775830928.176,128.176,0.95,0.96,0.04,0.05,0.01,0.01,72998.18
1775830928.51,128.51,0.95,0.96,0.04,0.05,0.01,0.01,72998.18
1775830929.001,129.001,0.95,0.96,0.04,0.05,0.01,0.01,72998.18
1775830929.473,129.473,0.95,0.96,0.04,0.05,0.01,0.01,72996.33
1775830929.888,129.888,0.95,0.96,0.04,0.05,0.01,0.01,72996.33
1775830930.222,130.222,0.95,0.96,0.04,0.05,0.01,0.01,72993.3
1775830930.6,130.6,0.94,0.95,0.05,0.06,0.01,0.01,72993.3
1775830930.937,130.937,0.94,0.95,0.05,0.06,0.01,0.01,72993.3
1775830931.279,131.279,0.94,0.95,0.05,0.06,0.01,0.01,72990.55
1775830931.762,131.762,0.94,0.95,0.05,0.06,0.01,0.01,72990.55
1775830932.323,132.323,0.94,0.95,0.05,0.06,0.01,0.01,72981.25
1775830932.658,132.658,0.94,0.95,0.05,0.06,0.01,0.01,72981.25
1775830933.039,133.039,0.93,0.94,0.05,0.07,0.01,0.02,72981.25
1775830933.513,133.513,0.93,0.94,0.06,0.07,0.01,0.01,72978.55
1775830933.938,133.938,0.93,0.94,0.06,0.07,0.01,0.01,72978.55
1775830934.59,134.59,0.93,0.94,0.06,0.07,0.01,0.01,72970.93
1775830935.818,135.818,0.93,0.94,0.06,0.07,0.01,0.01,72966.59
1775830936.241,136.241,0.93,0.94,0.06,0.07,0.01,0.01,72961.58
1775830936.813,136.813,0.93,0.94,0.06,0.07,0.01,0.01,72961.58
1775830937.254,137.254,0.93,0.94,0.06,0.07,0.01,0.01,72961.58
1775830937.588,137.588,0.93,0.94,0.06,0.07,0.01,0.01,72961.58
1775830938.023,138.023,0.93,0.94,0.06,0.07,0.01,0.01,72957.86
1775830938.573,138.573,0.93,0.94,0.06,0.07,0.01,0.01,72953.51
1775830939.238,139.238,0.93,0.94,0.06,0.07,0.01,0.01,72951.31
1775830939.647,139.647,0.93,0.94,0.06,0.07,0.01,0.01,72951.31
1775830940.115,140.115,0.93,0.94,0.06,0.07,0.01,0.01,72951.31
1775830940.47,140.47,0.95,0.96,0.04,0.05,0.01,0.01,72953.74
1775830940.847,140.847,0.95,0.96,0.04,0.05,0.01,0.01,72953.74
1775830941.217,141.217,0.95,0.96,0.04,0.05,0.01,0.01,72954.0
1775830941.554,141.554,0.95,0.96,0.04,0.05,0.01,0.01,72954.0
1775830941.933,141.933,0.95,0.96,0.04,0.05,0.01,0.01,72954.0
1775830942.296,142.296,0.95,0.96,0.04,0.05,0.01,0.01,72961.07
1775830942.655,142.655,0.95,0.96,0.04,0.05,0.01,0.01,72961.07
1775830943.461,143.461,0.95,0.96,0.04,0.05,0.01,0.01,72981.33
1775830943.847,143.847,0.95,0.96,0.04,0.05,0.01,0.01,72981.33
1775830944.183,144.183,0.95,0.96,0.04,0.05,0.01,0.01,72981.33
1775830944.881,144.881,0.95,0.96,0.04,0.05,0.01,0.01,72980.02
1775830945.399,145.399,0.95,0.96,0.04,0.05,0.01,0.01,72978.87
1775830945.887,145.887,0.95,0.96,0.04,0.05,0.01,0.01,72978.87
1775830946.468,146.468,0.95,0.96,0.04,0.05,0.01,0.01,72969.35
1775830946.884,146.884,0.95,0.96,0.04,0.05,0.01,0.01,72969.35
1775830947.329,147.329,0.94,0.95,0.04,0.06,0.01,0.02,72969.35
1775830947.885,147.885,0.94,0.95,0.05,0.06,0.01,0.01,72969.35
1775830948.439,148.439,0.94,0.95,0.05,0.06,0.01,0.01,72969.27
1775830948.91,148.91,0.94,0.95,0.05,0.06,0.01,0.01,72969.27
1775830949.562,149.562,0.94,0.95,0.05,0.06,0.01,0.01,72968.72
1775830949.956,149.956,0.94,0.95,0.05,0.06,0.01,0.01,72960.19
1775830950.426,150.426,0.93,0.94,0.05,0.07,0.01,0.02,72960.19
1775830950.796,150.796,0.93,0.94,0.06,0.07,0.01,0.01,72960.19
1775830951.142,151.142,0.93,0.94,0.06,0.07,0.01,0.01,72960.19
1775830951.552,151.552,0.93,0.94,0.06,0.07,0.01,0.01,72955.33
1775830952.257,152.257,0.93,0.94,0.06,0.07,0.01,0.01,72953.79
1775830952.752,152.752,0.93,0.95,0.06,0.07,0.02,0.01,72953.79
1775830953.093,153.093,0.95,0.96,0.04,0.05,0.01,0.01,72953.79
1775830953.584,153.584,0.95,0.96,0.04,0.05,0.01,0.01,72953.79
1775830953.918,153.918,0.95,0.96,0.04,0.05,0.01,0.01,72954.19
1775830954.332,154.332,0.95,0.96,0.04,0.05,0.01,0.01,72954.19
1775830954.734,154.734,0.95,0.96,0.04,0.05,0.01,0.01,72954.81
1775830955.273,155.273,0.95,0.96,0.04,0.05,0.01,0.01,72963.55
1775830955.659,155.659,0.95,0.96,0.04,0.05,0.01,0.01,72963.55
1775830956.027,156.027,0.95,0.96,0.04,0.05,0.01,0.01,72963.55
1775830956.824,156.824,0.95,0.96,0.04,0.05,0.01,0.01,72964.23
1775830957.198,157.198,0.95,0.96,0.04,0.05,0.01,0.01,72964.23
1775830957.741,157.741,0.95,0.96,0.04,0.05,0.01,0.01,72964.57
1775830958.119,158.119,0.95,0.96,0.04,0.05,0.01,0.01,72964.57
1775830958.654,158.654,0.95,0.96,0.04,0.05,0.01,0.01,72964.57
1775830959.012,159.012,0.95,0.96,0.04,0.05,0.01,0.01,72965.1
1775830959.43,159.43,0.95,0.96,0.04,0.05,0.01,0.01,72964.17
1775830959.847,159.847,0.95,0.96,0.04,0.05,0.01,0.01,72964.17
1775830960.325,160.325,0.95,0.96,0.04,0.05,0.01,0.01,72961.88
1775830960.708,160.708,0.95,0.96,0.04,0.05,0.01,0.01,72961.88
1775830961.332,161.332,0.95,0.96,0.04,0.05,0.01,0.01,72961.88
1775830961.955,161.955,0.95,0.96,0.04,0.05,0.01,0.01,72960.99
1775830962.5,162.5,0.95,0.96,0.04,0.05,0.01,0.01,72956.35
1775830962.847,162.847,0.95,0.96,0.04,0.05,0.01,0.01,72956.35
1775830963.32,163.32,0.95,0.96,0.04,0.05,0.01,0.01,72956.35
1775830963.926,163.926,0.95,0.96,0.04,0.05,0.01,0.01,72957.99
1775830964.551,164.551,0.95,0.96,0.04,0.05,0.01,0.01,72960.48
1775830965.452,165.452,0.95,0.96,0.04,0.05,0.01,0.01,72957.09
1775830965.792,165.792,0.95,0.96,0.04,0.05,0.01,0.01,72957.09
1775830966.605,166.605,0.95,0.96,0.04,0.05,0.01,0.01,72954.48
1775830967.143,167.143,0.95,0.96,0.04,0.05,0.01,0.01,72954.48
1775830967.685,167.685,0.95,0.96,0.04,0.05,0.01,0.01,72953.99
1775830968.113,168.113,0.95,0.96,0.04,0.05,0.01,0.01,72953.99
1775830968.621,168.621,0.95,0.96,0.04,0.05,0.01,0.01,72953.99
1775830968.963,168.963,0.95,0.96,0.04,0.05,0.01,0.01,72953.16
1775830969.435,169.435,0.95,0.96,0.04,0.05,0.01,0.01,72953.16
1775830970.247,170.247,0.95,0.96,0.04,0.05,0.01,0.01,72952.56
1775830970.598,170.598,0.95,0.96,0.04,0.05,0.01,0.01,72952.56
1775830970.975,170.975,0.95,0.96,0.04,0.05,0.01,0.01,72947.86
1775830971.569,171.569,0.95,0.96,0.04,0.05,0.01,0.01,72945.26
1775830972.051,172.051,0.95,0.96,0.04,0.05,0.01,0.01,72945.26
1775830972.464,172.464,0.95,0.96,0.04,0.05,0.01,0.01,72945.26
1775830972.882,172.882,0.95,0.96,0.04,0.05,0.01,0.01,72946.4
1775830973.454,173.454,0.95,0.96,0.04,0.05,0.01,0.01,72946.4
1775830973.79,173.79,0.95,0.96,0.04,0.05,0.01,0.01,72946.47
1775830974.363,174.363,0.95,0.96,0.04,0.05,0.01,0.01,72946.47
1775830974.7,174.7,0.95,0.96,0.04,0.05,0.01,0.01,72946.47
1775830975.3,175.3,0.95,0.96,0.04,0.05,0.01,0.01,72946.47
1775830975.651,175.651,0.95,0.96,0.04,0.05,0.01,0.01,72954.19
1775830977.16,177.16,0.95,0.96,0.04,0.05,0.01,0.01,72954.39
1775830977.739,177.739,0.95,0.96,0.04,0.05,0.01,0.01,72950.18
1775830978.465,178.465,0.95,0.96,0.04,0.05,0.01,0.01,72948.7
1775830978.945,178.945,0.95,0.96,0.04,0.05,0.01,0.01,72948.7
1775830979.296,179.296,0.95,0.96,0.04,0.05,0.01,0.01,72948.9
1775830980.067,180.067,0.95,0.96,0.04,0.05,0.01,0.01,72948.9
1775830980.442,180.442,0.95,0.96,0.04,0.05,0.01,0.01,72948.9
1775830980.897,180.897,0.95,0.96,0.04,0.05,0.01,0.01,72948.45
1775830981.264,181.264,0.95,0.96,0.04,0.05,0.01,0.01,72948.21
1775830981.714,181.714,0.95,0.96,0.04,0.05,0.01,0.01,72948.21
1775830982.119,182.119,0.95,0.96,0.04,0.05,0.01,0.01,72948.21
1775830982.806,182.806,0.95,0.96,0.04,0.05,0.01,0.01,72943.81
1775830983.244,183.244,0.95,0.96,0.04,0.05,0.01,0.01,72946.3
1775830983.59,183.59,0.95,0.96,0.04,0.05,0.01,0.01,72946.3
1775830983.998,183.998,0.95,0.96,0.04,0.05,0.01,0.01,72946.3
1775830984.447,184.447,0.95,0.96,0.04,0.05,0.01,0.01,72946.41
1775830984.789,184.789,0.95,0.96,0.04,0.05,0.01,0.01,72946.41
1775830985.368,185.368,0.95,0.96,0.04,0.05,0.01,0.01,72946.41
1775830985.752,185.752,0.95,0.96,0.04,0.05,0.01,0.01,72948.22
1775830986.218,186.218,0.95,0.96,0.04,0.05,0.01,0.01,72948.22
1775830986.72,186.72,0.95,0.96,0.04,0.05,0.01,0.01,72948.22
1775830987.332,187.332,0.95,0.96,0.04,0.05,0.01,0.01,72951.46
1775830987.697,187.697,0.95,0.96,0.04,0.05,0.01,0.01,72951.46
1775830988.053,188.053,0.95,0.96,0.04,0.05,0.01,0.01,72951.7
1775830988.394,188.394,0.95,0.96,0.04,0.05,0.01,0.01,72951.29
1775830988.766,188.766,0.95,0.96,0.04,0.05,0.01,0.01,72951.29
1775830989.124,189.124,0.95,0.96,0.04,0.05,0.01,0.01,72951.55
1775830989.474,189.474,0.95,0.96,0.04,0.05,0.01,0.01,72951.55
1775830989.827,189.827,0.95,0.96,0.04,0.05,0.01,0.01,72951.55
1775830990.17,190.17,0.95,0.96,0.04,0.05,0.01,0.01,72951.55
1775830990.536,190.536,0.95,0.96,0.04,0.05,0.01,0.01,72950.84
1775830991.029,191.029,0.95,0.96,0.04,0.05,0.01,0.01,72950.84
1775830991.379,191.379,0.95,0.96,0.04,0.05,0.01,0.01,72948.91
1775830991.881,191.881,0.95,0.96,0.04,0.05,0.01,0.01,72948.87
1775830992.226,192.226,0.95,0.96,0.04,0.05,0.01,0.01,72948.87
1775830992.605,192.605,0.96,0.97,0.03,0.04,0.01,0.01,72948.87
1775830992.941,192.941,0.96,0.97,0.03,0.04,0.01,0.01,72948.87
1775830993.396,193.396,0.96,0.97,0.03,0.04,0.01,0.01,72948.4
1775830993.729,193.729,0.96,0.97,0.03,0.04,0.01,0.01,72948.4
1775830994.112,194.112,0.96,0.97,0.03,0.04,0.01,0.01,72949.18
1775830994.742,194.742,0.97,0.98,0.03,0.04,0.01,0.01,72949.18
1775830995.126,195.126,0.97,0.98,0.02,0.03,0.01,0.01,72955.18
1775830995.493,195.493,0.97,0.98,0.02,0.03,0.01,0.01,72955.18
1775830995.846,195.846,0.97,0.98,0.02,0.03,0.01,0.01,72955.18
1775830996.413,196.413,0.97,0.98,0.02,0.03,0.01,0.01,72960.21
1775830996.747,196.747,0.97,0.98,0.02,0.03,0.01,0.01,72960.21
1775830997.116,197.116,0.97,0.98,0.02,0.03,0.01,0.01,72960.21
1775830997.513,197.513,0.97,0.98,0.02,0.03,0.01,0.01,72974.57
1775830997.865,197.865,0.97,0.98,0.02,0.03,0.01,0.01,72974.57
1775830998.223,198.223,0.97,0.98,0.02,0.03,0.01,0.01,72974.57
1775830998.622,198.622,0.97,0.98,0.02,0.03,0.01,0.01,72980.81
1775830998.982,198.982,0.97,0.98,0.02,0.03,0.01,0.01,72980.81
1775830999.361,199.361,0.97,0.98,0.02,0.03,0.01,0.01,72983.15
1775830999.787,199.787,0.97,0.98,0.02,0.03,0.01,0.01,72983.15
1775831000.133,200.133,0.97,0.98,0.02,0.03,0.01,0.01,72980.93
1775831000.486,200.486,0.97,0.98,0.02,0.03,0.01,0.01,72980.93
1775831000.874,200.874,0.97,0.98,0.02,0.03,0.01,0.01,72980.93
1775831001.328,201.328,0.97,0.98,0.02,0.03,0.01,0.01,72980.93
1775831002.015,202.015,0.97,0.99,0.02,0.03,0.02,0.01,72973.27
1775831002.35,202.35,0.97,0.98,0.02,0.03,0.01,0.01,72973.27
1775831002.7,202.7,0.97,0.98,0.02,0.03,0.01,0.01,72972.65
1775831003.15,203.15,0.97,0.98,0.02,0.03,0.01,0.01,72972.65
1775831003.489,203.489,0.97,0.98,0.02,0.03,0.01,0.01,72972.41
1775831004.054,204.054,0.97,0.98,0.02,0.03,0.01,0.01,72972.41
1775831004.553,204.553,0.97,0.98,0.02,0.03,0.01,0.01,72954.31
1775831004.891,204.891,0.97,0.98,0.02,0.03,0.01,0.01,72954.31
1775831005.475,205.475,0.97,0.98,0.02,0.03,0.01,0.01,72954.52
1775831005.823,205.823,0.97,0.98,0.02,0.03,0.01,0.01,72954.52
1775831006.269,206.269,0.97,0.98,0.02,0.03,0.01,0.01,72953.68
1775831006.79,206.79,0.97,0.98,0.02,0.03,0.01,0.01,72953.68
1775831007.167,207.167,0.97,0.98,0.02,0.03,0.01,0.01,72954.28
1775831007.505,207.505,0.97,0.98,0.02,0.03,0.01,0.01,72954.28
1775831007.855,207.855,0.98,0.99,0.01,0.02,0.01,0.01,72954.28
1775831008.277,208.277,0.98,0.99,0.01,0.02,0.01,0.01,72954.91
1775831008.836,208.836,0.98,0.99,0.01,0.02,0.01,0.01,72954.91
1775831009.356,209.356,0.98,0.99,0.01,0.02,0.01,0.01,72954.91
1775831009.691,209.691,0.98,0.99,0.01,0.02,0.01,0.01,72972.1
1775831010.028,210.028,0.98,0.99,0.01,0.02,0.01,0.01,72984.08
1775831010.383,210.383,0.98,0.99,0.01,0.02,0.01,0.01,72984.08
1775831010.782,210.782,0.98,0.99,0.01,0.02,0.01,0.01,72984.08
1775831011.234,211.234,0.98,0.99,0.01,0.02,0.01,0.01,72987.79
1775831011.591,211.591,0.98,0.99,0.01,0.02,0.01,0.01,72987.79
1775831011.924,211.924,0.98,0.99,0.01,0.02,0.01,0.01,72987.79
1775831012.272,212.272,0.98,0.99,0.01,0.02,0.01,0.01,72995.4
1775831012.646,212.646,0.98,0.99,0.01,0.02,0.01,0.01,72995.4
1775831012.992,212.992,0.98,0.99,0.01,0.02,0.01,0.01,72995.4
1775831013.488,213.488,0.99,0.99,0.01,0.01,0.0,0.0,72997.63
1775831013.826,213.826,0.99,0.99,0.01,0.01,0.0,0.0,72997.63
1775831014.345,214.345,0.99,0.99,0.01,0.01,0.0,0.0,72994.47
1775831014.789,214.789,0.99,0.99,0.01,0.01,0.0,0.0,72994.47
1775831015.206,215.206,0.99,0.99,0.01,0.01,0.0,0.0,72988.33
1775831015.814,215.814,0.99,0.99,0.01,0.01,0.0,0.0,72988.33
1775831016.524,216.524,0.99,0.99,0.01,0.01,0.0,0.0,72988.33
1775831017.774,217.774,0.99,0.99,0.01,0.01,0.0,0.0,72981.7
1775831018.161,218.161,0.99,0.99,0.01,0.01,0.0,0.0,72981.7
1775831018.774,218.774,0.99,0.99,0.01,0.01,0.0,0.0,72984.0
1775831019.366,219.366,0.99,0.99,0.01,0.01,0.0,0.0,72984.0
1775831019.992,219.992,0.99,0.99,0.01,0.01,0.0,0.0,72987.65
1775831020.579,220.579,0.99,0.99,0.01,0.01,0.0,0.0,72987.64
1775831021.16,221.16,0.99,0.99,0.01,0.01,0.0,0.0,72987.23
1775831022.143,222.143,0.99,0.99,0.01,0.01,0.0,0.0,72987.23
1775831022.657,222.657,0.99,0.99,0.01,0.01,0.0,0.0,72986.09
1775831023.327,223.327,0.99,0.99,0.01,0.01,0.0,0.0,72986.09
1775831023.794,223.794,0.99,0.99,0.01,0.01,0.0,0.0,72986.15
1775831024.186,224.186,0.99,0.99,0.01,0.01,0.0,0.0,72986.15
1775831025.687,225.687,0.99,0.99,0.01,0.01,0.0,0.0,72992.17
1775831026.097,226.097,0.99,0.99,0.01,0.01,0.0,0.0,72992.17
1775831027.165,227.165,0.99,0.99,0.01,0.01,0.0,0.0,72993.2
1775831027.595,227.595,0.99,0.99,0.01,0.01,0.0,0.0,72988.46
1775831028.036,228.036,0.99,0.99,0.01,0.01,0.0,0.0,72988.46
1775831028.371,228.371,0.99,0.99,0.01,0.01,0.0,0.0,72988.26
1775831028.96,228.96,0.99,0.99,0.01,0.01,0.0,0.0,72988.26
1775831029.382,229.382,0.99,0.99,0.01,0.01,0.0,0.0,72987.47
1775831030.026,230.026,0.99,0.99,0.01,0.01,0.0,0.0,72987.47
1775831030.397,230.397,0.99,0.99,0.01,0.01,0.0,0.0,72987.47
1775831030.93,230.93,0.99,0.99,0.01,0.01,0.0,0.0,72987.47
1775831031.296,231.296,0.99,0.99,0.01,0.01,0.0,0.0,72987.47
1775831032.388,232.388,0.99,0.99,0.01,0.01,0.0,0.0,72987.43
1775831033.235,233.235,0.99,0.99,0.01,0.01,0.0,0.0,72986.23
1775831034.796,234.796,0.99,0.99,0.01,0.01,0.0,0.0,72986.11
1775831035.877,235.877,0.99,0.99,0.01,0.01,0.0,0.0,72988.72
1775831036.491,236.491,0.99,0.99,0.01,0.01,0.0,0.0,72989.51
1775831037.075,237.075,0.99,0.99,0.01,0.01,0.0,0.0,72995.23
1775831037.656,237.656,0.99,0.99,0.01,0.01,0.0,0.0,72995.23
1775831039.094,239.094,0.99,0.99,0.01,0.01,0.0,0.0,73001.27
1775831040.99,240.99,0.99,0.99,0.01,0.01,0.0,0.0,73002.22
1775831041.892,241.892,0.99,0.99,0.01,0.01,0.0,0.0,73002.22
1775831042.343,242.343,0.99,0.99,0.01,0.01,0.0,0.0,73002.22
1775831044.545,244.545,0.99,0.99,0.01,0.01,0.0,0.0,72979.36
1775831044.986,244.986,0.99,0.99,0.01,0.01,0.0,0.0,72979.36
1775831045.417,245.417,0.99,0.99,0.01,0.01,0.0,0.0,72979.36
1775831046.006,246.006,0.99,0.99,0.01,0.01,0.0,0.0,72974.17
1775831046.362,246.362,0.99,0.99,0.01,0.01,0.0,0.0,72974.17
1775831047.329,247.329,0.99,0.99,0.01,0.01,0.0,0.0,72972.81
1775831050.456,250.456,0.99,0.99,0.01,0.01,0.0,0.0,72968.84
1775831051.651,251.651,0.99,0.99,0.01,0.01,0.0,0.0,72962.59
1775831052.73,252.73,0.99,0.99,0.01,0.01,0.0,0.0,72961.7
1775831053.153,253.153,0.99,0.99,0.01,0.01,0.0,0.0,72960.83
1775831053.523,253.523,0.99,0.99,0.01,0.01,0.0,0.0,72960.83
1775831054.111,254.111,0.99,0.99,0.01,0.01,0.0,0.0,72959.37
1775831054.69,254.69,0.99,0.99,0.01,0.01,0.0,0.0,72959.37
1775831055.259,255.259,0.99,0.99,0.01,0.01,0.0,0.0,72965.63
1775831056.593,256.593,0.99,0.99,0.01,0.01,0.0,0.0,72970.7
1775831061.572,261.572,0.99,0.99,0.01,0.01,0.0,0.0,72970.85
1775831061.922,261.922,0.99,0.99,0.01,0.01,0.0,0.0,72970.8
1775831062.498,262.498,0.99,0.99,0.01,0.01,0.0,0.0,72970.8
1775831062.926,262.926,0.99,0.99,0.01,0.01,0.0,0.0,72965.28
1775831063.377,263.377,0.99,0.99,0.01,0.01,0.0,0.0,72965.28
1775831063.967,263.967,0.99,0.99,0.01,0.01,0.0,0.0,72963.34
1775831067.248,267.248,0.99,0.99,0.01,0.01,0.0,0.0,72965.9
1775831069.203,269.203,0.99,0.99,0.01,0.01,0.0,0.0,72970.48
1775831070.621,270.621,0.99,0.99,0.01,0.01,0.0,0.0,73023.92
1775831071.196,271.196,0.99,0.99,0.01,0.01,0.0,0.0,73023.92
1775831071.772,271.772,0.99,0.99,0.01,0.01,0.0,0.0,73036.65
1775831072.355,272.355,0.99,0.99,0.01,0.01,0.0,0.0,73037.33
1775831074.205,274.205,0.99,0.99,0.01,0.01,0.0,0.0,73035.47
1775831075.118,275.118,0.99,0.99,0.01,0.01,0.0,0.0,73035.47
1775831079.234,279.234,0.99,0.99,0.01,0.01,0.0,0.0,73027.23
1775831079.821,279.821,0.99,0.99,0.01,0.01,0.0,0.0,73027.23
1775831080.396,280.396,0.99,0.99,0.01,0.01,0.0,0.0,73028.31
1775831080.973,280.973,0.99,0.99,0.01,0.01,0.0,0.0,73028.31
1775831082.293,282.293,0.99,0.99,0.01,0.01,0.0,0.0,73028.51
1775831086.141,286.141,0.99,0.99,0.01,0.01,0.0,0.0,73044.96
1775831087.873,287.873,0.99,0.99,0.01,0.01,0.0,0.0,73048.45
1775831088.452,288.452,0.99,0.99,0.01,0.01,0.0,0.0,73049.22
1775831089.041,289.041,0.99,0.99,0.01,0.01,0.0,0.0,73049.24
1775831089.626,289.626,0.99,0.99,0.01,0.01,0.0,0.0,73049.24
1775831090.846,290.846,0.99,0.99,0.01,0.01,0.0,0.0,73049.51
1775831092.499,292.499,0.99,0.99,0.01,0.01,0.0,0.0,73076.42
1775831093.443,293.443,0.99,0.99,0.01,0.01,0.0,0.0,73063.62
1775831096.434,296.434,0.99,0.99,0.01,0.01,0.0,0.0,73044.82
1775831097.584,297.584,0.99,0.99,0.01,0.01,0.0,0.0,73068.8
1775831100.372,300.372,0.99,0.99,0.01,0.01,0.0,0.0,73076.93

# RESULT,winner=Up,slug=btc-updown-5m-1775830800,ticks=582
