timestamp,elapsed_sec,up_bid,up_ask,down_bid,down_ask,up_spread,down_spread,btc_price,btc_oracle_ts
1776322500.518,0.518,0.5,0.51,0.49,0.5,0.01,0.01,74990.75,1776322499000
1776322500.898,0.898,0.5,0.51,0.49,0.5,0.01,0.01,74990.63,1776322500000
1776322502.018,2.018,0.5,0.51,0.49,0.5,0.01,0.01,74990.63,1776322500000
1776322502.445,2.445,0.5,0.51,0.49,0.5,0.01,0.01,74990.86,1776322501000
1776322502.904,2.904,0.5,0.51,0.49,0.5,0.01,0.01,74991.08,1776322502000
1776322503.927,3.927,0.51,0.52,0.48,0.49,0.01,0.01,74991.08,1776322502000
1776322504.652,4.652,0.51,0.52,0.48,0.49,0.01,0.01,74990.9,1776322503000
1776322505.2,5.2,0.51,0.52,0.48,0.49,0.01,0.01,74990.9,1776322504000
1776322505.62,5.62,0.51,0.52,0.48,0.49,0.01,0.01,74990.9,1776322504000
1776322506.005,6.005,0.51,0.52,0.48,0.49,0.01,0.01,74990.9,1776322505000
1776322506.504,6.504,0.51,0.52,0.48,0.49,0.01,0.01,74990.9,1776322505000
1776322507.248,7.248,0.51,0.52,0.48,0.49,0.01,0.01,74997.69,1776322506000
1776322507.839,7.839,0.51,0.52,0.48,0.49,0.01,0.01,74993.22,1776322507000
1776322508.43,8.43,0.51,0.52,0.48,0.49,0.01,0.01,74993.22,1776322507000
1776322508.763,8.763,0.49,0.5,0.5,0.51,0.01,0.01,74993.22,1776322507000
1776322509.118,9.118,0.48,0.49,0.51,0.52,0.01,0.01,74991.76,1776322508000
1776322509.489,9.489,0.47,0.48,0.52,0.53,0.01,0.01,74991.76,1776322508000
1776322509.934,9.934,0.47,0.48,0.52,0.53,0.01,0.01,74994.67,1776322509000
1776322510.359,10.359,0.47,0.48,0.52,0.53,0.01,0.01,74994.67,1776322509000
1776322510.865,10.865,0.47,0.48,0.52,0.53,0.01,0.01,74990.57,1776322510000
1776322511.376,11.376,0.47,0.48,0.52,0.53,0.01,0.01,74990.57,1776322510000
1776322511.734,11.734,0.47,0.48,0.52,0.53,0.01,0.01,74990.57,1776322510000
1776322512.208,12.208,0.47,0.48,0.52,0.53,0.01,0.01,74988.69,1776322511000
1776322512.869,12.869,0.47,0.48,0.52,0.53,0.01,0.01,74988.36,1776322512000
1776322513.433,13.433,0.47,0.48,0.52,0.53,0.01,0.01,74988.36,1776322512000
1776322514.044,14.044,0.45,0.48,0.52,0.53,0.03,0.01,74988.36,1776322512000
1776322514.496,14.496,0.44,0.46,0.54,0.56,0.02,0.02,74988.36,1776322513000
1776322515.352,15.352,0.44,0.45,0.55,0.56,0.01,0.01,74988.36,1776322513000
1776322515.763,15.763,0.44,0.45,0.55,0.56,0.01,0.01,74987.9,1776322514000
1776322516.13,16.13,0.44,0.45,0.55,0.56,0.01,0.01,74987.9,1776322514000
1776322516.637,16.637,0.44,0.45,0.55,0.56,0.01,0.01,74987.89,1776322515000
1776322517.136,17.136,0.44,0.45,0.55,0.56,0.01,0.01,74987.33,1776322516000
1776322518.036,18.036,0.44,0.45,0.55,0.56,0.01,0.01,74987.33,1776322516000
1776322518.504,18.504,0.44,0.45,0.55,0.56,0.01,0.01,74986.96,1776322517000
1776322518.915,18.915,0.44,0.45,0.55,0.56,0.01,0.01,74986.96,1776322517000
1776322519.459,19.459,0.44,0.45,0.55,0.56,0.01,0.01,74986.96,1776322518000
1776322520.597,20.597,0.44,0.45,0.55,0.56,0.01,0.01,74986.24,1776322519000
1776322520.996,20.996,0.44,0.45,0.55,0.56,0.01,0.01,74986.24,1776322519000
1776322521.353,21.353,0.44,0.45,0.55,0.56,0.01,0.01,74986.24,1776322520000
1776322521.757,21.757,0.44,0.45,0.55,0.56,0.01,0.01,74986.24,1776322520000
1776322522.337,22.337,0.44,0.45,0.55,0.56,0.01,0.01,74986.24,1776322520000
1776322522.688,22.688,0.44,0.45,0.55,0.56,0.01,0.01,74986.23,1776322521000
1776322523.102,23.102,0.44,0.45,0.55,0.56,0.01,0.01,74986.23,1776322521000
1776322523.474,23.474,0.44,0.45,0.55,0.56,0.01,0.01,74986.11,1776322522000
1776322524.089,24.089,0.44,0.45,0.55,0.56,0.01,0.01,74986.11,1776322522000
1776322524.515,24.515,0.44,0.45,0.55,0.56,0.01,0.01,74986.11,1776322523000
1776322524.862,24.862,0.44,0.45,0.55,0.56,0.01,0.01,74986.11,1776322523000
1776322525.297,25.297,0.44,0.45,0.55,0.56,0.01,0.01,74986.11,1776322523000
1776322525.655,25.655,0.44,0.45,0.55,0.56,0.01,0.01,74986.08,1776322524000
1776322526.087,26.087,0.44,0.45,0.55,0.56,0.01,0.01,74986.08,1776322524000
1776322526.598,26.598,0.43,0.44,0.55,0.56,0.01,0.01,74986.08,1776322525000
1776322527.205,27.205,0.43,0.44,0.56,0.57,0.01,0.01,74986.08,1776322525000
1776322527.64,27.64,0.43,0.46,0.56,0.57,0.03,0.01,74987.55,1776322526000
1776322527.991,27.991,0.44,0.45,0.55,0.56,0.01,0.01,74986.05,1776322527000
1776322528.341,28.341,0.44,0.45,0.55,0.56,0.01,0.01,74986.05,1776322527000
1776322528.905,28.905,0.44,0.45,0.55,0.56,0.01,0.01,74986.05,1776322527000
1776322529.247,29.247,0.42,0.43,0.56,0.58,0.01,0.02,74986.05,1776322527000
1776322529.588,29.588,0.42,0.43,0.57,0.58,0.01,0.01,74985.78,1776322528000
1776322530.009,30.009,0.42,0.43,0.57,0.58,0.01,0.01,74985.78,1776322528000
1776322530.392,30.392,0.43,0.45,0.56,0.58,0.02,0.02,74985.78,1776322528000
1776322530.93,30.93,0.44,0.45,0.55,0.56,0.01,0.01,74986.12,1776322529000
1776322531.692,31.692,0.44,0.45,0.55,0.56,0.01,0.01,74985.62,1776322530000
1776322532.154,32.154,0.44,0.45,0.55,0.56,0.01,0.01,74985.62,1776322530000
1776322532.527,32.527,0.44,0.45,0.55,0.56,0.01,0.01,74985.62,1776322530000
1776322532.898,32.898,0.44,0.45,0.55,0.56,0.01,0.01,74985.62,1776322530000
1776322533.847,33.847,0.44,0.45,0.55,0.56,0.01,0.01,74984.85,1776322532000
1776322534.324,34.324,0.44,0.45,0.55,0.56,0.01,0.01,74984.66,1776322533000
1776322534.673,34.673,0.45,0.46,0.54,0.55,0.01,0.01,74984.66,1776322533000
1776322535.006,35.006,0.45,0.46,0.54,0.55,0.01,0.01,74984.34,1776322534000
1776322535.618,35.618,0.45,0.46,0.54,0.55,0.01,0.01,74984.34,1776322534000
1776322535.969,35.969,0.45,0.46,0.54,0.55,0.01,0.01,74984.34,1776322534000
1776322536.308,36.308,0.45,0.46,0.54,0.55,0.01,0.01,74984.34,1776322535000
1776322536.706,36.706,0.45,0.46,0.54,0.55,0.01,0.01,74984.34,1776322535000
1776322537.091,37.091,0.45,0.46,0.54,0.55,0.01,0.01,74984.93,1776322536000
1776322537.917,37.917,0.45,0.46,0.54,0.55,0.01,0.01,74984.37,1776322537000
1776322538.253,38.253,0.45,0.46,0.54,0.55,0.01,0.01,74984.37,1776322537000
1776322538.947,38.947,0.45,0.46,0.54,0.55,0.01,0.01,74984.5,1776322538000
1776322539.595,39.595,0.45,0.46,0.54,0.55,0.01,0.01,74984.5,1776322538000
1776322539.97,39.97,0.45,0.46,0.54,0.55,0.01,0.01,74984.51,1776322539000
1776322540.604,40.604,0.45,0.46,0.54,0.55,0.01,0.01,74984.51,1776322539000
1776322541.061,41.061,0.45,0.46,0.54,0.55,0.01,0.01,74985.11,1776322540000
1776322541.924,41.924,0.45,0.46,0.54,0.55,0.01,0.01,74984.6,1776322541000
1776322542.734,42.734,0.45,0.46,0.54,0.55,0.01,0.01,74984.6,1776322541000
1776322543.513,43.513,0.45,0.46,0.54,0.55,0.01,0.01,74984.6,1776322542000
1776322543.957,43.957,0.45,0.46,0.54,0.55,0.01,0.01,74984.96,1776322543000
1776322544.416,44.416,0.45,0.46,0.54,0.55,0.01,0.01,74984.96,1776322543000
1776322544.763,44.763,0.45,0.46,0.54,0.55,0.01,0.01,74984.96,1776322543000
1776322545.154,45.154,0.45,0.5,0.54,0.55,0.05,0.01,74984.96,1776322544000
1776322545.601,45.601,0.45,0.48,0.5,0.55,0.03,0.05,74984.96,1776322544000
1776322545.943,45.943,0.47,0.48,0.52,0.53,0.01,0.01,74984.96,1776322544000
1776322546.358,46.358,0.47,0.48,0.52,0.53,0.01,0.01,74984.96,1776322544000
1776322546.72,46.72,0.47,0.48,0.52,0.53,0.01,0.01,74985.17,1776322545000
1776322547.057,47.057,0.47,0.49,0.52,0.53,0.02,0.01,74985.17,1776322546000
1776322547.43,47.43,0.48,0.49,0.51,0.52,0.01,0.01,74985.17,1776322546000
1776322547.82,47.82,0.48,0.49,0.51,0.52,0.01,0.01,74985.17,1776322547000
1776322548.335,48.335,0.5,0.51,0.49,0.52,0.01,0.03,74985.17,1776322547000
1776322548.689,48.689,0.5,0.51,0.49,0.5,0.01,0.01,74985.17,1776322547000
1776322549.133,49.133,0.5,0.51,0.49,0.5,0.01,0.01,74985.21,1776322548000
1776322549.713,49.713,0.48,0.5,0.5,0.51,0.02,0.01,74985.21,1776322548000
1776322550.094,50.094,0.48,0.49,0.51,0.52,0.01,0.01,74985.21,1776322548000
1776322550.465,50.465,0.48,0.49,0.51,0.52,0.01,0.01,74984.65,1776322549000
1776322550.896,50.896,0.48,0.49,0.51,0.52,0.01,0.01,74984.65,1776322549000
1776322551.265,51.265,0.48,0.49,0.51,0.52,0.01,0.01,74986.06,1776322550000
1776322551.799,51.799,0.48,0.49,0.51,0.52,0.01,0.01,74986.06,1776322550000
1776322552.272,52.272,0.48,0.49,0.51,0.52,0.01,0.01,74984.58,1776322551000
1776322552.674,52.674,0.48,0.49,0.51,0.52,0.01,0.01,74984.58,1776322551000
1776322553.202,53.202,0.48,0.49,0.51,0.52,0.01,0.01,74984.6,1776322552000
1776322553.742,53.742,0.48,0.49,0.51,0.52,0.01,0.01,74984.6,1776322552000
1776322554.108,54.108,0.48,0.49,0.51,0.52,0.01,0.01,74984.6,1776322552000
1776322554.537,54.537,0.48,0.49,0.51,0.52,0.01,0.01,74984.69,1776322553000
1776322554.982,54.982,0.48,0.49,0.51,0.52,0.01,0.01,74984.69,1776322553000
1776322555.475,55.475,0.48,0.49,0.51,0.52,0.01,0.01,74984.92,1776322554000
1776322555.848,55.848,0.49,0.5,0.5,0.51,0.01,0.01,74984.92,1776322554000
1776322556.211,56.211,0.5,0.51,0.49,0.51,0.01,0.02,74984.92,1776322555000
1776322556.77,56.77,0.5,0.51,0.49,0.5,0.01,0.01,74984.92,1776322555000
1776322557.144,57.144,0.5,0.51,0.49,0.5,0.01,0.01,74984.93,1776322556000
1776322557.769,57.769,0.5,0.51,0.49,0.5,0.01,0.01,74984.93,1776322556000
1776322558.426,58.426,0.5,0.51,0.49,0.5,0.01,0.01,74984.93,1776322556000
1776322558.908,58.908,0.5,0.51,0.49,0.5,0.01,0.01,74986.11,1776322557000
1776322559.462,59.462,0.5,0.51,0.49,0.5,0.01,0.01,74986.11,1776322557000
1776322559.85,59.85,0.5,0.51,0.49,0.5,0.01,0.01,74986.11,1776322557000
1776322560.194,60.194,0.5,0.51,0.49,0.5,0.01,0.01,74986.11,1776322557000
1776322560.619,60.619,0.5,0.51,0.49,0.5,0.01,0.01,74986.23,1776322558000
1776322560.954,60.954,0.5,0.51,0.49,0.5,0.01,0.01,74986.23,1776322558000
1776322561.554,61.554,0.5,0.51,0.49,0.5,0.01,0.01,74986.23,1776322560000
1776322562.069,62.069,0.5,0.51,0.49,0.5,0.01,0.01,74986.23,1776322560000
1776322562.472,62.472,0.5,0.51,0.49,0.5,0.01,0.01,74986.23,1776322560000
1776322562.937,62.937,0.5,0.51,0.49,0.5,0.01,0.01,74985.26,1776322561000
1776322563.272,63.272,0.5,0.51,0.49,0.5,0.01,0.01,74985.26,1776322561000
1776322564.069,64.069,0.5,0.51,0.49,0.5,0.01,0.01,74985.65,1776322563000
1776322564.749,64.749,0.5,0.51,0.49,0.5,0.01,0.01,74985.65,1776322563000
1776322565.179,65.179,0.5,0.55,0.49,0.5,0.05,0.01,74985.65,1776322563000
1776322565.662,65.662,0.5,0.51,0.49,0.5,0.01,0.01,74985.65,1776322564000
1776322566.415,66.415,0.5,0.51,0.49,0.5,0.01,0.01,74985.65,1776322565000
1776322567.009,67.009,0.5,0.51,0.49,0.5,0.01,0.01,74985.22,1776322566000
1776322567.608,67.608,0.5,0.51,0.49,0.5,0.01,0.01,74985.22,1776322566000
1776322568.395,68.395,0.5,0.51,0.49,0.5,0.01,0.01,74985.18,1776322567000
1776322569.137,69.137,0.5,0.51,0.49,0.5,0.01,0.01,74985.52,1776322568000
1776322569.679,69.679,0.5,0.51,0.49,0.5,0.01,0.01,74985.52,1776322568000
1776322570.109,70.109,0.51,0.52,0.48,0.5,0.01,0.02,74985.52,1776322568000
1776322570.461,70.461,0.51,0.52,0.48,0.49,0.01,0.01,74985.52,1776322568000
1776322570.902,70.902,0.49,0.5,0.49,0.5,0.01,0.01,74986.2,1776322569000
1776322571.289,71.289,0.49,0.5,0.5,0.51,0.01,0.01,74986.2,1776322569000
1776322571.73,71.73,0.49,0.5,0.5,0.51,0.01,0.01,74986.2,1776322570000
1776322572.078,72.078,0.49,0.5,0.5,0.51,0.01,0.01,74986.21,1776322571000
1776322572.441,72.441,0.49,0.5,0.5,0.51,0.01,0.01,74986.21,1776322571000
1776322572.781,72.781,0.49,0.5,0.5,0.51,0.01,0.01,74986.21,1776322571000
1776322573.123,73.123,0.49,0.5,0.5,0.51,0.01,0.01,74986.21,1776322571000
1776322573.458,73.458,0.49,0.5,0.5,0.51,0.01,0.01,74986.21,1776322571000
1776322573.961,73.961,0.49,0.5,0.5,0.51,0.01,0.01,74986.19,1776322572000
1776322574.338,74.338,0.44,0.48,0.52,0.55,0.04,0.03,74986.19,1776322572000
1776322574.673,74.673,0.38,0.42,0.58,0.62,0.04,0.04,74985.86,1776322573000
1776322575.015,75.015,0.41,0.42,0.58,0.59,0.01,0.01,74985.86,1776322573000
1776322575.364,75.364,0.41,0.42,0.58,0.59,0.01,0.01,74985.78,1776322574000
1776322575.729,75.729,0.41,0.42,0.58,0.59,0.01,0.01,74985.78,1776322574000
1776322576.092,76.092,0.41,0.42,0.58,0.59,0.01,0.01,74985.78,1776322574000
1776322576.471,76.471,0.41,0.42,0.58,0.59,0.01,0.01,74985.78,1776322574000
1776322576.904,76.904,0.41,0.42,0.58,0.59,0.01,0.01,74984.09,1776322575000
1776322577.284,77.284,0.41,0.42,0.58,0.59,0.01,0.01,74984.09,1776322575000
1776322577.705,77.705,0.41,0.42,0.58,0.59,0.01,0.01,74976.69,1776322576000
1776322578.207,78.207,0.41,0.42,0.58,0.59,0.01,0.01,74976.69,1776322576000
1776322578.627,78.627,0.41,0.42,0.58,0.59,0.01,0.01,74976.88,1776322577000
1776322579.118,79.118,0.42,0.43,0.57,0.58,0.01,0.01,74976.88,1776322578000
1776322579.737,79.737,0.42,0.43,0.57,0.58,0.01,0.01,74976.88,1776322578000
1776322580.171,80.171,0.42,0.43,0.57,0.58,0.01,0.01,74976.88,1776322578000
1776322580.803,80.803,0.42,0.43,0.57,0.58,0.01,0.01,74976.53,1776322579000
1776322581.384,81.384,0.42,0.43,0.57,0.58,0.01,0.01,74976.53,1776322579000
1776322581.738,81.738,0.42,0.43,0.57,0.58,0.01,0.01,74976.69,1776322580000
1776322582.075,82.075,0.44,0.46,0.54,0.56,0.02,0.02,74976.69,1776322581000
1776322582.453,82.453,0.45,0.46,0.54,0.56,0.01,0.02,74976.69,1776322581000
1776322582.863,82.863,0.45,0.46,0.54,0.55,0.01,0.01,74976.69,1776322581000
1776322583.292,83.292,0.45,0.46,0.54,0.55,0.01,0.01,74976.69,1776322582000
1776322583.745,83.745,0.45,0.46,0.54,0.55,0.01,0.01,74976.69,1776322582000
1776322584.171,84.171,0.45,0.46,0.54,0.55,0.01,0.01,74976.69,1776322582000
1776322584.889,84.889,0.45,0.46,0.54,0.55,0.01,0.01,74978.88,1776322584000
1776322585.455,85.455,0.45,0.46,0.54,0.55,0.01,0.01,74978.88,1776322584000
1776322585.86,85.86,0.45,0.46,0.54,0.55,0.01,0.01,74978.88,1776322584000
1776322586.374,86.374,0.45,0.46,0.54,0.55,0.01,0.01,74978.24,1776322585000
1776322586.742,86.742,0.45,0.46,0.54,0.55,0.01,0.01,74978.24,1776322585000
1776322587.143,87.143,0.43,0.44,0.56,0.57,0.01,0.01,74978.22,1776322586000
1776322587.749,87.749,0.43,0.44,0.56,0.57,0.01,0.01,74978.22,1776322586000
1776322588.268,88.268,0.43,0.44,0.56,0.57,0.01,0.01,74978.25,1776322587000
1776322588.677,88.677,0.43,0.44,0.56,0.57,0.01,0.01,74978.25,1776322587000
1776322589.126,89.126,0.43,0.44,0.56,0.57,0.01,0.01,74978.25,1776322587000
1776322589.527,89.527,0.43,0.44,0.56,0.57,0.01,0.01,74978.74,1776322588000
1776322589.894,89.894,0.42,0.44,0.56,0.57,0.02,0.01,74978.74,1776322588000
1776322590.371,90.371,0.42,0.44,0.57,0.58,0.02,0.01,74978.74,1776322588000
1776322590.72,90.72,0.45,0.46,0.54,0.56,0.01,0.02,74978.74,1776322589000
1776322591.301,91.301,0.45,0.46,0.54,0.56,0.01,0.02,74979.12,1776322590000
1776322591.717,91.717,0.45,0.46,0.54,0.55,0.01,0.01,74979.12,1776322590000
1776322592.168,92.168,0.45,0.46,0.54,0.55,0.01,0.01,74979.12,1776322591000
1776322592.522,92.522,0.45,0.46,0.54,0.55,0.01,0.01,74979.12,1776322591000
1776322592.941,92.941,0.45,0.46,0.54,0.55,0.01,0.01,74979.12,1776322591000
1776322593.985,93.985,0.45,0.46,0.54,0.55,0.01,0.01,74979.12,1776322591000
1776322595.16,95.16,0.43,0.44,0.54,0.58,0.01,0.04,74980.77,1776322593000
1776322595.661,95.661,0.42,0.44,0.56,0.57,0.02,0.01,74980.77,1776322593000
1776322596.252,96.252,0.42,0.43,0.57,0.58,0.01,0.01,74980.57,1776322594000
1776322596.892,96.892,0.42,0.43,0.57,0.58,0.01,0.01,74980.57,1776322595000
1776322597.713,97.713,0.42,0.43,0.57,0.58,0.01,0.01,74980.53,1776322596000
1776322598.217,98.217,0.42,0.43,0.57,0.58,0.01,0.01,74980.53,1776322596000
1776322598.589,98.589,0.42,0.43,0.57,0.58,0.01,0.01,74980.53,1776322597000
1776322598.94,98.94,0.42,0.43,0.57,0.58,0.01,0.01,74980.52,1776322598000
1776322599.343,99.343,0.42,0.43,0.57,0.58,0.01,0.01,74980.52,1776322598000
1776322599.927,99.927,0.42,0.43,0.57,0.58,0.01,0.01,74980.52,1776322598000
1776322600.262,100.262,0.42,0.43,0.57,0.58,0.01,0.01,74980.42,1776322599000
1776322600.614,100.614,0.42,0.43,0.57,0.58,0.01,0.01,74980.42,1776322599000
1776322601.381,101.381,0.42,0.43,0.57,0.58,0.01,0.01,74980.42,1776322599000
1776322601.856,101.856,0.42,0.43,0.57,0.58,0.01,0.01,74980.48,1776322600000
1776322602.255,102.255,0.42,0.43,0.57,0.58,0.01,0.01,74980.48,1776322601000
1776322602.672,102.672,0.42,0.43,0.57,0.58,0.01,0.01,74980.48,1776322601000
1776322603.22,103.22,0.42,0.43,0.57,0.58,0.01,0.01,74980.48,1776322601000
1776322603.98,103.98,0.42,0.43,0.57,0.58,0.01,0.01,74980.48,1776322603000
1776322604.653,104.653,0.42,0.43,0.57,0.58,0.01,0.01,74980.48,1776322603000
1776322605.022,105.022,0.42,0.43,0.57,0.58,0.01,0.01,74980.48,1776322603000
1776322605.395,105.395,0.42,0.43,0.57,0.58,0.01,0.01,74980.54,1776322604000
1776322605.79,105.79,0.42,0.43,0.57,0.58,0.01,0.01,74980.54,1776322604000
1776322606.291,106.291,0.42,0.43,0.57,0.58,0.01,0.01,74980.78,1776322605000
1776322606.756,106.756,0.42,0.43,0.57,0.58,0.01,0.01,74980.78,1776322605000
1776322607.105,107.105,0.42,0.43,0.57,0.58,0.01,0.01,74980.78,1776322605000
1776322607.544,107.544,0.42,0.43,0.57,0.58,0.01,0.01,74980.99,1776322606000
1776322608.111,108.111,0.42,0.43,0.57,0.58,0.01,0.01,74980.99,1776322607000
1776322608.461,108.461,0.42,0.43,0.57,0.58,0.01,0.01,74980.99,1776322607000
1776322608.906,108.906,0.42,0.43,0.57,0.58,0.01,0.01,74980.99,1776322607000
1776322609.444,109.444,0.42,0.43,0.57,0.58,0.01,0.01,74980.99,1776322607000
1776322609.89,109.89,0.42,0.43,0.57,0.58,0.01,0.01,74981.0,1776322608000
1776322610.382,110.382,0.42,0.43,0.57,0.58,0.01,0.01,74980.76,1776322609000
1776322610.965,110.965,0.42,0.43,0.57,0.58,0.01,0.01,74980.75,1776322610000
1776322611.306,111.306,0.42,0.43,0.57,0.58,0.01,0.01,74980.75,1776322610000
1776322611.711,111.711,0.37,0.38,0.62,0.64,0.01,0.02,74980.75,1776322610000
1776322612.046,112.046,0.37,0.38,0.62,0.63,0.01,0.01,74980.55,1776322611000
1776322612.489,112.489,0.37,0.38,0.62,0.63,0.01,0.01,74980.55,1776322611000
1776322612.863,112.863,0.37,0.38,0.62,0.63,0.01,0.01,74980.55,1776322611000
1776322613.199,113.199,0.36,0.38,0.62,0.64,0.02,0.02,74980.63,1776322612000
1776322613.578,113.578,0.36,0.37,0.63,0.64,0.01,0.01,74980.63,1776322612000
1776322613.954,113.954,0.36,0.37,0.63,0.64,0.01,0.01,74976.94,1776322613000
1776322614.348,114.348,0.36,0.37,0.63,0.64,0.01,0.01,74976.94,1776322613000
1776322614.825,114.825,0.36,0.37,0.63,0.64,0.01,0.01,74976.94,1776322613000
1776322615.201,115.201,0.36,0.37,0.63,0.64,0.01,0.01,74977.07,1776322614000
1776322615.658,115.658,0.36,0.37,0.63,0.64,0.01,0.01,74977.07,1776322614000
1776322616.306,116.306,0.36,0.37,0.63,0.64,0.01,0.01,74977.07,1776322615000
1776322616.64,116.64,0.36,0.37,0.63,0.64,0.01,0.01,74977.07,1776322615000
1776322617.016,117.016,0.36,0.37,0.63,0.64,0.01,0.01,74977.02,1776322616000
1776322617.694,117.694,0.36,0.37,0.63,0.64,0.01,0.01,74977.02,1776322616000
1776322618.759,118.759,0.36,0.37,0.63,0.64,0.01,0.01,74977.02,1776322617000
1776322619.144,119.144,0.36,0.37,0.63,0.64,0.01,0.01,74977.02,1776322617000
1776322619.773,119.773,0.37,0.38,0.62,0.64,0.01,0.02,74977.02,1776322617000
1776322620.357,120.357,0.37,0.38,0.62,0.63,0.01,0.01,74976.82,1776322619000
1776322620.911,120.911,0.37,0.38,0.62,0.63,0.01,0.01,74976.82,1776322619000
1776322621.458,121.458,0.37,0.38,0.62,0.63,0.01,0.01,74976.65,1776322620000
1776322621.837,121.837,0.35,0.36,0.64,0.65,0.01,0.01,74976.65,1776322620000
1776322622.229,122.229,0.34,0.36,0.64,0.65,0.02,0.01,74976.81,1776322621000
1776322622.581,122.581,0.34,0.35,0.65,0.66,0.01,0.01,74976.81,1776322621000
1776322623.121,123.121,0.34,0.35,0.65,0.66,0.01,0.01,74976.81,1776322621000
1776322623.6,123.6,0.34,0.35,0.65,0.66,0.01,0.01,74976.83,1776322622000
1776322623.97,123.97,0.34,0.35,0.65,0.66,0.01,0.01,74976.83,1776322622000
1776322624.347,124.347,0.34,0.35,0.65,0.66,0.01,0.01,74972.74,1776322623000
1776322624.729,124.729,0.34,0.35,0.65,0.66,0.01,0.01,74972.74,1776322623000
1776322625.155,125.155,0.34,0.35,0.65,0.66,0.01,0.01,74972.67,1776322624000
1776322625.519,125.519,0.34,0.35,0.65,0.66,0.01,0.01,74972.67,1776322624000
1776322625.985,125.985,0.34,0.35,0.65,0.66,0.01,0.01,74972.67,1776322624000
1776322626.505,126.505,0.34,0.35,0.65,0.66,0.01,0.01,74973.35,1776322625000
1776322626.84,126.84,0.34,0.35,0.65,0.66,0.01,0.01,74973.35,1776322625000
1776322627.308,127.308,0.34,0.35,0.65,0.66,0.01,0.01,74974.43,1776322626000
1776322628.061,128.061,0.34,0.35,0.65,0.66,0.01,0.01,74974.43,1776322626000
1776322628.495,128.495,0.34,0.35,0.65,0.66,0.01,0.01,74975.36,1776322627000
1776322628.907,128.907,0.34,0.35,0.65,0.66,0.01,0.01,74975.36,1776322627000
1776322629.403,129.403,0.34,0.35,0.65,0.67,0.01,0.02,74972.78,1776322628000
1776322629.876,129.876,0.33,0.34,0.65,0.66,0.01,0.01,74972.78,1776322628000
1776322630.228,130.228,0.33,0.34,0.66,0.67,0.01,0.01,74972.78,1776322629000
1776322630.902,130.902,0.33,0.34,0.66,0.67,0.01,0.01,74972.78,1776322629000
1776322631.276,131.276,0.33,0.34,0.66,0.67,0.01,0.01,74972.72,1776322630000
1776322631.806,131.806,0.33,0.34,0.66,0.67,0.01,0.01,74972.72,1776322630000
1776322632.161,132.161,0.33,0.34,0.66,0.67,0.01,0.01,74972.72,1776322631000
1776322632.739,132.739,0.33,0.34,0.66,0.67,0.01,0.01,74972.72,1776322631000
1776322633.084,133.084,0.33,0.34,0.66,0.67,0.01,0.01,74972.41,1776322632000
1776322633.433,133.433,0.33,0.34,0.66,0.67,0.01,0.01,74972.41,1776322632000
1776322633.98,133.98,0.33,0.34,0.66,0.67,0.01,0.01,74972.41,1776322632000
1776322634.408,134.408,0.33,0.34,0.66,0.67,0.01,0.01,74972.41,1776322633000
1776322634.761,134.761,0.33,0.34,0.66,0.67,0.01,0.01,74972.41,1776322633000
1776322635.102,135.102,0.33,0.34,0.66,0.67,0.01,0.01,74972.12,1776322634000
1776322635.477,135.477,0.33,0.34,0.66,0.67,0.01,0.01,74972.12,1776322634000
1776322635.84,135.84,0.33,0.34,0.66,0.67,0.01,0.01,74972.12,1776322634000
1776322636.3,136.3,0.33,0.34,0.66,0.67,0.01,0.01,74972.12,1776322634000
1776322636.778,136.778,0.33,0.34,0.66,0.67,0.01,0.01,74971.78,1776322635000
1776322637.199,137.199,0.33,0.34,0.66,0.67,0.01,0.01,74971.78,1776322635000
1776322637.757,137.757,0.33,0.34,0.66,0.67,0.01,0.01,74971.73,1776322636000
1776322638.107,138.107,0.33,0.34,0.66,0.67,0.01,0.01,74971.74,1776322637000
1776322638.54,138.54,0.33,0.34,0.66,0.67,0.01,0.01,74971.74,1776322637000
1776322638.924,138.924,0.33,0.34,0.66,0.67,0.01,0.01,74971.74,1776322637000
1776322639.291,139.291,0.33,0.34,0.66,0.67,0.01,0.01,74971.93,1776322638000
1776322639.667,139.667,0.33,0.34,0.66,0.67,0.01,0.01,74971.93,1776322638000
1776322640.254,140.254,0.33,0.34,0.66,0.67,0.01,0.01,74971.93,1776322638000
1776322640.606,140.606,0.33,0.34,0.66,0.67,0.01,0.01,74973.63,1776322639000
1776322641.128,141.128,0.33,0.34,0.66,0.67,0.01,0.01,74973.86,1776322640000
1776322641.497,141.497,0.33,0.34,0.66,0.67,0.01,0.01,74973.86,1776322640000
1776322641.833,141.833,0.33,0.34,0.66,0.67,0.01,0.01,74973.86,1776322640000
1776322642.287,142.287,0.33,0.34,0.66,0.67,0.01,0.01,74972.56,1776322641000
1776322642.772,142.772,0.33,0.34,0.66,0.67,0.01,0.01,74972.56,1776322641000
1776322643.162,143.162,0.33,0.34,0.66,0.67,0.01,0.01,74972.56,1776322641000
1776322643.58,143.58,0.33,0.34,0.66,0.67,0.01,0.01,74971.23,1776322642000
1776322643.918,143.918,0.33,0.34,0.66,0.67,0.01,0.01,74971.23,1776322642000
1776322644.261,144.261,0.33,0.34,0.66,0.67,0.01,0.01,74971.23,1776322642000
1776322644.947,144.947,0.33,0.34,0.66,0.67,0.01,0.01,74971.48,1776322643000
1776322645.461,145.461,0.33,0.34,0.66,0.67,0.01,0.01,74971.68,1776322644000
1776322645.961,145.961,0.33,0.34,0.66,0.67,0.01,0.01,74971.68,1776322644000
1776322646.367,146.367,0.33,0.34,0.66,0.67,0.01,0.01,74972.05,1776322645000
1776322646.963,146.963,0.33,0.34,0.66,0.67,0.01,0.01,74972.05,1776322645000
1776322647.313,147.313,0.33,0.34,0.66,0.67,0.01,0.01,74972.05,1776322645000
1776322647.855,147.855,0.33,0.34,0.66,0.67,0.01,0.01,74972.58,1776322646000
1776322648.239,148.239,0.33,0.34,0.66,0.67,0.01,0.01,74972.43,1776322647000
1776322648.834,148.834,0.33,0.34,0.66,0.67,0.01,0.01,74972.43,1776322647000
1776322649.246,149.246,0.33,0.34,0.66,0.67,0.01,0.01,74972.39,1776322648000
1776322649.839,149.839,0.33,0.34,0.66,0.67,0.01,0.01,74972.39,1776322648000
1776322650.275,150.275,0.33,0.34,0.66,0.67,0.01,0.01,74972.31,1776322649000
1776322650.722,150.722,0.33,0.34,0.66,0.67,0.01,0.01,74972.31,1776322649000
1776322651.106,151.106,0.33,0.34,0.66,0.67,0.01,0.01,74972.31,1776322649000
1776322651.445,151.445,0.33,0.34,0.66,0.67,0.01,0.01,74972.31,1776322649000
1776322651.966,151.966,0.33,0.34,0.66,0.67,0.01,0.01,74973.91,1776322650000
1776322652.376,152.376,0.33,0.34,0.66,0.67,0.01,0.01,74973.91,1776322650000
1776322652.714,152.714,0.33,0.34,0.66,0.67,0.01,0.01,74974.98,1776322651000
1776322653.145,153.145,0.33,0.34,0.66,0.67,0.01,0.01,74972.55,1776322652000
1776322653.505,153.505,0.33,0.34,0.66,0.67,0.01,0.01,74972.55,1776322652000
1776322653.907,153.907,0.33,0.34,0.66,0.67,0.01,0.01,74972.55,1776322652000
1776322654.325,154.325,0.33,0.34,0.66,0.67,0.01,0.01,74974.63,1776322653000
1776322654.741,154.741,0.33,0.34,0.66,0.67,0.01,0.01,74974.63,1776322653000
1776322655.093,155.093,0.33,0.34,0.66,0.67,0.01,0.01,74974.63,1776322653000
1776322655.697,155.697,0.33,0.34,0.66,0.67,0.01,0.01,74974.2,1776322654000
1776322656.138,156.138,0.33,0.34,0.66,0.67,0.01,0.01,74971.8,1776322655000
1776322656.781,156.781,0.33,0.34,0.66,0.67,0.01,0.01,74971.8,1776322655000
1776322657.118,157.118,0.33,0.34,0.66,0.67,0.01,0.01,74971.99,1776322656000
1776322657.904,157.904,0.33,0.34,0.66,0.67,0.01,0.01,74971.99,1776322656000
1776322658.313,158.313,0.33,0.34,0.66,0.67,0.01,0.01,74971.99,1776322657000
1776322658.845,158.845,0.33,0.34,0.66,0.67,0.01,0.01,74971.99,1776322657000
1776322659.231,159.231,0.33,0.34,0.66,0.67,0.01,0.01,74971.99,1776322657000
1776322659.678,159.678,0.33,0.34,0.66,0.67,0.01,0.01,74971.9,1776322658000
1776322660.184,160.184,0.33,0.34,0.66,0.67,0.01,0.01,74971.9,1776322659000
1776322660.552,160.552,0.33,0.34,0.66,0.67,0.01,0.01,74971.9,1776322659000
1776322661.191,161.191,0.33,0.34,0.66,0.67,0.01,0.01,74971.9,1776322659000
1776322661.538,161.538,0.33,0.34,0.66,0.67,0.01,0.01,74971.9,1776322660000
1776322662.253,162.253,0.33,0.34,0.66,0.67,0.01,0.01,74971.9,1776322661000
1776322662.695,162.695,0.33,0.34,0.66,0.67,0.01,0.01,74971.9,1776322661000
1776322663.215,163.215,0.33,0.34,0.66,0.67,0.01,0.01,74971.9,1776322661000
1776322663.628,163.628,0.33,0.34,0.66,0.67,0.01,0.01,74971.75,1776322662000
1776322664.537,164.537,0.33,0.34,0.66,0.67,0.01,0.01,74971.75,1776322663000
1776322664.872,164.872,0.34,0.38,0.63,0.66,0.04,0.03,74971.75,1776322663000
1776322665.453,165.453,0.4,0.41,0.59,0.6,0.01,0.01,74971.71,1776322664000
1776322665.794,165.794,0.4,0.41,0.59,0.6,0.01,0.01,74971.71,1776322664000
1776322666.267,166.267,0.4,0.41,0.59,0.6,0.01,0.01,74971.71,1776322664000
1776322666.711,166.711,0.46,0.48,0.52,0.54,0.02,0.02,74976.03,1776322665000
1776322667.083,167.083,0.48,0.49,0.51,0.53,0.01,0.02,74976.03,1776322665000
1776322667.423,167.423,0.51,0.53,0.48,0.5,0.02,0.02,74977.75,1776322666000
1776322667.816,167.816,0.51,0.52,0.47,0.49,0.01,0.02,74977.75,1776322666000
1776322668.284,168.284,0.52,0.54,0.46,0.48,0.02,0.02,74977.75,1776322666000
1776322668.801,168.801,0.52,0.54,0.46,0.48,0.02,0.02,74986.62,1776322667000
1776322669.227,169.227,0.52,0.54,0.46,0.48,0.02,0.02,74986.62,1776322667000
1776322669.627,169.627,0.52,0.53,0.47,0.48,0.01,0.01,74987.56,1776322668000
1776322670.21,170.21,0.51,0.53,0.47,0.48,0.02,0.01,74987.56,1776322668000
1776322671.066,171.066,0.52,0.53,0.47,0.48,0.01,0.01,74987.56,1776322669000
1776322671.488,171.488,0.52,0.53,0.47,0.48,0.01,0.01,74987.75,1776322670000
1776322672.02,172.02,0.52,0.53,0.47,0.48,0.01,0.01,74987.75,1776322670000
1776322672.371,172.371,0.52,0.53,0.47,0.48,0.01,0.01,74987.75,1776322670000
1776322672.74,172.74,0.52,0.53,0.47,0.48,0.01,0.01,74987.88,1776322671000
1776322673.46,173.46,0.51,0.52,0.48,0.49,0.01,0.01,74987.53,1776322672000
1776322674.005,174.005,0.51,0.52,0.48,0.49,0.01,0.01,74987.53,1776322673000
1776322674.362,174.362,0.48,0.5,0.49,0.51,0.02,0.02,74987.53,1776322673000
1776322675.278,175.278,0.48,0.5,0.5,0.52,0.02,0.02,74988.61,1776322674000
1776322676.364,176.364,0.49,0.5,0.5,0.52,0.01,0.02,74988.61,1776322674000
1776322676.716,176.716,0.49,0.5,0.5,0.51,0.01,0.01,74989.07,1776322675000
1776322677.246,177.246,0.48,0.49,0.51,0.52,0.01,0.01,74989.07,1776322675000
1776322677.671,177.671,0.49,0.5,0.5,0.51,0.01,0.01,74988.65,1776322676000
1776322678.053,178.053,0.48,0.5,0.5,0.51,0.02,0.01,74988.65,1776322676000
1776322678.488,178.488,0.49,0.5,0.5,0.51,0.01,0.01,74988.65,1776322676000
1776322678.881,178.881,0.49,0.54,0.46,0.51,0.05,0.05,74988.68,1776322677000
1776322679.224,179.224,0.49,0.5,0.46,0.51,0.01,0.05,74988.68,1776322677000
1776322679.564,179.564,0.51,0.52,0.48,0.49,0.01,0.01,74990.76,1776322678000
1776322679.987,179.987,0.52,0.53,0.47,0.48,0.01,0.01,74990.76,1776322678000
1776322680.381,180.381,0.53,0.54,0.47,0.48,0.01,0.01,74990.44,1776322679000
1776322680.739,180.739,0.54,0.55,0.45,0.46,0.01,0.01,74990.44,1776322679000
1776322681.189,181.189,0.54,0.55,0.45,0.46,0.01,0.01,74990.44,1776322679000
1776322681.539,181.539,0.54,0.55,0.45,0.46,0.01,0.01,74988.97,1776322680000
1776322682.066,182.066,0.54,0.55,0.45,0.46,0.01,0.01,74991.04,1776322681000
1776322682.489,182.489,0.54,0.55,0.45,0.46,0.01,0.01,74991.04,1776322681000
1776322683.561,183.561,0.52,0.55,0.45,0.46,0.03,0.01,74991.04,1776322681000
1776322684.329,184.329,0.54,0.55,0.45,0.47,0.01,0.02,74989.83,1776322682000
1776322684.688,184.688,0.54,0.55,0.45,0.46,0.01,0.01,74989.72,1776322683000
1776322685.402,185.402,0.54,0.55,0.45,0.46,0.01,0.01,74989.72,1776322684000
1776322685.881,185.881,0.54,0.55,0.45,0.46,0.01,0.01,74989.72,1776322684000
1776322686.53,186.53,0.54,0.55,0.45,0.46,0.01,0.01,74989.83,1776322685000
1776322686.991,186.991,0.52,0.53,0.45,0.46,0.01,0.01,74989.83,1776322685000
1776322687.877,187.877,0.52,0.53,0.47,0.48,0.01,0.01,74990.53,1776322686000
1776322688.609,188.609,0.52,0.53,0.47,0.48,0.01,0.01,74990.53,1776322687000
1776322688.959,188.959,0.52,0.53,0.47,0.48,0.01,0.01,74990.53,1776322687000
1776322689.294,189.294,0.52,0.53,0.47,0.48,0.01,0.01,74990.67,1776322688000
1776322689.885,189.885,0.52,0.53,0.47,0.48,0.01,0.01,74990.67,1776322688000
1776322691.073,191.073,0.52,0.53,0.47,0.48,0.01,0.01,74990.35,1776322690000
1776322691.979,191.979,0.52,0.53,0.47,0.48,0.01,0.01,74990.35,1776322691000
1776322692.619,192.619,0.52,0.53,0.47,0.48,0.01,0.01,74990.35,1776322691000
1776322692.986,192.986,0.53,0.55,0.44,0.47,0.02,0.03,74990.35,1776322691000
1776322693.632,193.632,0.53,0.54,0.45,0.47,0.01,0.02,74990.34,1776322692000
1776322694.113,194.113,0.53,0.54,0.46,0.47,0.01,0.01,74990.34,1776322693000
1776322694.529,194.529,0.53,0.54,0.46,0.47,0.01,0.01,74990.34,1776322693000
1776322694.901,194.901,0.53,0.54,0.46,0.47,0.01,0.01,74990.34,1776322693000
1776322695.343,195.343,0.53,0.54,0.46,0.47,0.01,0.01,74989.03,1776322694000
1776322695.971,195.971,0.53,0.54,0.46,0.47,0.01,0.01,74988.93,1776322695000
1776322696.561,196.561,0.53,0.54,0.46,0.47,0.01,0.01,74988.93,1776322695000
1776322697.064,197.064,0.53,0.54,0.46,0.47,0.01,0.01,74988.93,1776322695000
1776322697.817,197.817,0.53,0.54,0.46,0.47,0.01,0.01,74988.93,1776322696000
1776322698.408,198.408,0.53,0.54,0.46,0.47,0.01,0.01,74989.29,1776322697000
1776322699.047,199.047,0.53,0.54,0.46,0.47,0.01,0.01,74989.51,1776322698000
1776322699.949,199.949,0.53,0.54,0.46,0.47,0.01,0.01,74989.65,1776322699000
1776322700.48,200.48,0.53,0.54,0.46,0.47,0.01,0.01,74989.65,1776322699000
1776322700.931,200.931,0.53,0.54,0.46,0.47,0.01,0.01,74989.65,1776322699000
1776322701.276,201.276,0.53,0.54,0.46,0.47,0.01,0.01,74989.75,1776322700000
1776322701.939,201.939,0.53,0.54,0.46,0.47,0.01,0.01,74989.75,1776322700000
1776322702.526,202.526,0.53,0.54,0.46,0.47,0.01,0.01,74989.72,1776322701000
1776322702.93,202.93,0.53,0.54,0.46,0.47,0.01,0.01,74989.72,1776322701000
1776322703.335,203.335,0.53,0.54,0.46,0.47,0.01,0.01,74990.3,1776322702000
1776322704.08,204.08,0.53,0.54,0.46,0.47,0.01,0.01,74990.3,1776322702000
1776322704.997,204.997,0.53,0.54,0.46,0.47,0.01,0.01,74990.66,1776322704000
1776322706.099,206.099,0.53,0.54,0.46,0.47,0.01,0.01,74990.65,1776322705000
1776322706.502,206.502,0.53,0.54,0.46,0.47,0.01,0.01,74990.65,1776322705000
1776322706.851,206.851,0.43,0.45,0.54,0.57,0.02,0.03,74990.65,1776322705000
1776322707.21,207.21,0.43,0.44,0.56,0.57,0.01,0.01,74989.29,1776322706000
1776322707.666,207.666,0.41,0.42,0.58,0.59,0.01,0.01,74989.29,1776322706000
1776322708.106,208.106,0.41,0.42,0.58,0.59,0.01,0.01,74989.29,1776322706000
1776322708.66,208.66,0.41,0.42,0.58,0.59,0.01,0.01,74988.98,1776322707000
1776322709.297,209.297,0.41,0.42,0.58,0.59,0.01,0.01,74986.0,1776322708000
1776322709.659,209.659,0.41,0.42,0.58,0.59,0.01,0.01,74986.0,1776322708000
1776322710.029,210.029,0.41,0.42,0.58,0.59,0.01,0.01,74985.34,1776322709000
1776322710.491,210.491,0.41,0.42,0.58,0.59,0.01,0.01,74985.34,1776322709000
1776322710.947,210.947,0.41,0.42,0.58,0.59,0.01,0.01,74985.34,1776322709000
1776322711.558,211.558,0.41,0.42,0.58,0.59,0.01,0.01,74984.95,1776322710000
1776322711.966,211.966,0.41,0.42,0.58,0.59,0.01,0.01,74984.95,1776322710000
1776322712.311,212.311,0.41,0.42,0.58,0.59,0.01,0.01,74986.03,1776322711000
1776322712.711,212.711,0.41,0.42,0.58,0.59,0.01,0.01,74986.03,1776322711000
1776322713.158,213.158,0.41,0.42,0.58,0.59,0.01,0.01,74987.38,1776322712000
1776322713.596,213.596,0.41,0.42,0.58,0.59,0.01,0.01,74987.38,1776322712000
1776322713.999,213.999,0.41,0.42,0.58,0.59,0.01,0.01,74987.38,1776322713000
1776322714.426,214.426,0.41,0.42,0.58,0.59,0.01,0.01,74987.38,1776322713000
1776322714.781,214.781,0.41,0.42,0.58,0.59,0.01,0.01,74987.38,1776322713000
1776322715.182,215.182,0.41,0.42,0.58,0.59,0.01,0.01,74985.91,1776322714000
1776322715.948,215.948,0.41,0.42,0.58,0.59,0.01,0.01,74985.91,1776322714000
1776322716.489,216.489,0.41,0.42,0.58,0.59,0.01,0.01,74985.91,1776322715000
1776322717.036,217.036,0.41,0.42,0.58,0.59,0.01,0.01,74985.5,1776322716000
1776322717.721,217.721,0.41,0.42,0.58,0.59,0.01,0.01,74985.5,1776322716000
1776322718.063,218.063,0.41,0.42,0.58,0.59,0.01,0.01,74985.5,1776322717000
1776322718.397,218.397,0.41,0.42,0.58,0.59,0.01,0.01,74985.5,1776322717000
1776322718.983,218.983,0.4,0.42,0.58,0.6,0.02,0.02,74985.49,1776322718000
1776322719.471,219.471,0.4,0.41,0.59,0.6,0.01,0.01,74985.49,1776322718000
1776322719.902,219.902,0.4,0.41,0.59,0.6,0.01,0.01,74985.49,1776322718000
1776322720.373,220.373,0.4,0.41,0.59,0.6,0.01,0.01,74986.37,1776322719000
1776322720.765,220.765,0.41,0.42,0.59,0.6,0.01,0.01,74986.37,1776322719000
1776322721.121,221.121,0.48,0.49,0.51,0.55,0.01,0.04,74987.36,1776322720000
1776322721.543,221.543,0.48,0.49,0.51,0.52,0.01,0.01,74987.36,1776322720000
1776322721.993,221.993,0.48,0.49,0.51,0.52,0.01,0.01,74987.35,1776322721000
1776322722.672,222.672,0.53,0.54,0.51,0.52,0.01,0.01,74987.35,1776322721000
1776322723.053,223.053,0.54,0.57,0.43,0.46,0.03,0.03,74986.43,1776322722000
1776322723.396,223.396,0.56,0.57,0.43,0.44,0.01,0.01,74986.43,1776322722000
1776322723.761,223.761,0.56,0.57,0.43,0.44,0.01,0.01,74986.43,1776322722000
1776322724.127,224.127,0.56,0.57,0.43,0.44,0.01,0.01,74986.43,1776322722000
1776322724.523,224.523,0.56,0.57,0.43,0.44,0.01,0.01,74988.08,1776322723000
1776322725.166,225.166,0.56,0.57,0.43,0.44,0.01,0.01,74988.5,1776322724000
1776322725.752,225.752,0.54,0.55,0.43,0.46,0.01,0.03,74988.5,1776322724000
1776322726.326,226.326,0.54,0.55,0.45,0.46,0.01,0.01,74988.5,1776322724000
1776322727.043,227.043,0.54,0.55,0.45,0.46,0.01,0.01,74990.02,1776322725000
1776322728.199,228.199,0.54,0.55,0.45,0.46,0.01,0.01,74990.02,1776322726000
1776322728.636,228.636,0.54,0.55,0.45,0.46,0.01,0.01,74990.02,1776322726000
1776322729.045,229.045,0.56,0.57,0.43,0.46,0.01,0.03,74989.29,1776322727000
1776322729.399,229.399,0.56,0.57,0.43,0.44,0.01,0.01,74989.29,1776322728000
1776322730.061,230.061,0.56,0.57,0.43,0.44,0.01,0.01,74989.29,1776322728000
1776322730.486,230.486,0.56,0.57,0.43,0.44,0.01,0.01,74989.29,1776322728000
1776322730.862,230.862,0.57,0.58,0.42,0.44,0.01,0.02,74990.34,1776322729000
1776322731.246,231.246,0.57,0.58,0.42,0.43,0.01,0.01,74990.34,1776322729000
1776322731.635,231.635,0.57,0.58,0.42,0.43,0.01,0.01,74989.26,1776322730000
1776322732.08,232.08,0.57,0.58,0.42,0.43,0.01,0.01,74989.76,1776322731000
1776322732.413,232.413,0.57,0.58,0.42,0.43,0.01,0.01,74989.76,1776322731000
1776322732.761,232.761,0.58,0.59,0.41,0.42,0.01,0.01,74989.76,1776322731000
1776322733.208,233.208,0.59,0.6,0.4,0.41,0.01,0.01,74989.76,1776322731000
1776322733.703,233.703,0.59,0.6,0.4,0.41,0.01,0.01,74990.19,1776322732000
1776322734.054,234.054,0.59,0.6,0.4,0.41,0.01,0.01,74990.19,1776322732000
1776322734.679,234.679,0.6,0.61,0.39,0.41,0.01,0.02,74990.19,1776322732000
1776322735.017,235.017,0.61,0.62,0.38,0.39,0.01,0.01,74988.71,1776322733000
1776322735.686,235.686,0.61,0.63,0.38,0.39,0.02,0.01,74989.15,1776322734000
1776322736.024,236.024,0.65,0.66,0.34,0.35,0.01,0.01,74989.15,1776322734000
1776322736.403,236.403,0.66,0.67,0.33,0.34,0.01,0.01,74989.15,1776322734000
1776322736.744,236.744,0.66,0.67,0.33,0.34,0.01,0.01,74989.16,1776322735000
1776322737.126,237.126,0.7,0.72,0.29,0.3,0.02,0.01,74993.93,1776322736000
1776322737.53,237.53,0.73,0.75,0.25,0.29,0.02,0.04,74993.93,1776322736000
1776322737.867,237.867,0.74,0.75,0.25,0.26,0.01,0.01,74993.93,1776322736000
1776322738.304,238.304,0.77,0.78,0.21,0.25,0.01,0.04,74993.93,1776322736000
1776322738.712,238.712,0.78,0.82,0.2,0.22,0.04,0.02,74994.69,1776322737000
1776322739.205,239.205,0.82,0.83,0.17,0.19,0.01,0.02,74994.69,1776322737000
1776322739.56,239.56,0.82,0.83,0.17,0.18,0.01,0.01,75000.3,1776322738000
1776322739.904,239.904,0.85,0.86,0.14,0.17,0.01,0.03,75000.3,1776322738000
1776322740.413,240.413,0.85,0.86,0.14,0.15,0.01,0.01,75000.37,1776322739000
1776322740.782,240.782,0.85,0.86,0.14,0.15,0.01,0.01,75000.37,1776322739000
1776322741.169,241.169,0.85,0.86,0.14,0.15,0.01,0.01,75002.91,1776322740000
1776322741.531,241.531,0.85,0.86,0.14,0.15,0.01,0.01,75002.91,1776322740000
1776322741.883,241.883,0.83,0.84,0.16,0.17,0.01,0.01,75002.91,1776322740000
1776322742.241,242.241,0.81,0.82,0.18,0.19,0.01,0.01,75002.91,1776322740000
1776322742.637,242.637,0.82,0.84,0.16,0.19,0.02,0.03,75002.91,1776322740000
1776322742.975,242.975,0.82,0.87,0.17,0.18,0.05,0.01,75004.7,1776322741000
1776322743.338,243.338,0.82,0.83,0.17,0.18,0.01,0.01,75009.29,1776322742000
1776322743.735,243.735,0.83,0.84,0.16,0.17,0.01,0.01,75009.29,1776322742000
1776322744.07,244.07,0.83,0.84,0.16,0.17,0.01,0.01,75009.29,1776322742000
1776322744.41,244.41,0.83,0.84,0.16,0.17,0.01,0.01,75009.29,1776322742000
1776322744.774,244.774,0.85,0.86,0.14,0.15,0.01,0.01,75009.85,1776322743000
1776322745.124,245.124,0.8,0.85,0.14,0.18,0.05,0.04,75009.85,1776322743000
1776322745.461,245.461,0.74,0.75,0.25,0.26,0.01,0.01,75009.84,1776322744000
1776322745.884,245.884,0.69,0.7,0.27,0.31,0.01,0.04,75009.84,1776322744000
1776322746.228,246.228,0.68,0.69,0.31,0.32,0.01,0.01,75009.84,1776322744000
1776322746.57,246.57,0.66,0.67,0.33,0.34,0.01,0.01,75007.72,1776322745000
1776322746.968,246.968,0.68,0.69,0.32,0.33,0.01,0.01,75007.72,1776322745000
1776322747.36,247.36,0.68,0.69,0.31,0.32,0.01,0.01,75005.19,1776322746000
1776322747.706,247.706,0.71,0.73,0.27,0.3,0.02,0.03,75005.19,1776322746000
1776322748.089,248.089,0.72,0.73,0.28,0.29,0.01,0.01,75005.19,1776322746000
1776322748.566,248.566,0.72,0.73,0.27,0.28,0.01,0.01,74998.97,1776322747000
1776322749.005,249.005,0.72,0.76,0.27,0.28,0.04,0.01,74998.97,1776322747000
1776322749.389,249.389,0.75,0.76,0.24,0.25,0.01,0.01,74998.77,1776322748000
1776322749.868,249.868,0.75,0.76,0.24,0.25,0.01,0.01,74998.77,1776322748000
1776322750.348,250.348,0.75,0.76,0.24,0.25,0.01,0.01,74999.8,1776322749000
1776322750.712,250.712,0.75,0.76,0.24,0.25,0.01,0.01,74999.8,1776322749000
1776322751.11,251.11,0.76,0.77,0.23,0.25,0.01,0.02,74999.8,1776322749000
1776322751.584,251.584,0.73,0.74,0.26,0.27,0.01,0.01,74998.53,1776322750000
1776322752.147,252.147,0.73,0.74,0.26,0.28,0.01,0.02,74998.53,1776322750000
1776322752.554,252.554,0.73,0.74,0.26,0.27,0.01,0.01,74999.15,1776322751000
1776322753.035,253.035,0.73,0.74,0.26,0.27,0.01,0.01,74999.15,1776322751000
1776322753.369,253.369,0.73,0.74,0.26,0.27,0.01,0.01,74998.53,1776322752000
1776322753.844,253.844,0.76,0.77,0.23,0.24,0.01,0.01,74998.53,1776322752000
1776322754.267,254.267,0.78,0.79,0.21,0.22,0.01,0.01,74998.56,1776322753000
1776322754.61,254.61,0.78,0.79,0.21,0.22,0.01,0.01,74998.56,1776322753000
1776322755.036,255.036,0.77,0.81,0.19,0.23,0.04,0.04,74998.82,1776322754000
1776322755.391,255.391,0.79,0.8,0.2,0.21,0.01,0.01,74998.82,1776322754000
1776322755.766,255.766,0.79,0.8,0.2,0.21,0.01,0.01,74998.82,1776322754000
1776322756.111,256.111,0.79,0.8,0.2,0.21,0.01,0.01,74998.82,1776322754000
1776322756.529,256.529,0.79,0.8,0.2,0.21,0.01,0.01,74999.08,1776322755000
1776322757.071,257.071,0.8,0.81,0.19,0.21,0.01,0.02,74999.08,1776322755000
1776322757.438,257.438,0.78,0.79,0.19,0.22,0.01,0.03,74999.03,1776322756000
1776322757.783,257.783,0.78,0.79,0.21,0.22,0.01,0.01,74999.03,1776322756000
1776322758.138,258.138,0.78,0.79,0.21,0.22,0.01,0.01,74999.03,1776322756000
1776322758.502,258.502,0.78,0.79,0.21,0.22,0.01,0.01,74999.17,1776322757000
1776322759.067,259.067,0.77,0.78,0.22,0.23,0.01,0.01,74999.17,1776322757000
1776322759.521,259.521,0.78,0.79,0.21,0.22,0.01,0.01,74999.33,1776322758000
1776322760.076,260.076,0.79,0.8,0.2,0.21,0.01,0.01,74999.33,1776322758000
1776322760.523,260.523,0.79,0.8,0.2,0.21,0.01,0.01,74999.33,1776322759000
1776322760.976,260.976,0.79,0.8,0.2,0.21,0.01,0.01,74999.33,1776322759000
1776322761.316,261.316,0.79,0.8,0.2,0.21,0.01,0.01,74999.33,1776322760000
1776322761.999,261.999,0.79,0.81,0.19,0.21,0.02,0.02,74999.93,1776322761000
1776322762.359,262.359,0.77,0.78,0.19,0.23,0.01,0.04,74999.93,1776322761000
1776322762.78,262.78,0.79,0.8,0.2,0.22,0.01,0.02,74999.93,1776322761000
1776322763.167,263.167,0.79,0.8,0.19,0.2,0.01,0.01,74999.93,1776322762000
1776322763.537,263.537,0.79,0.8,0.2,0.21,0.01,0.01,74999.93,1776322762000
1776322764.066,264.066,0.79,0.8,0.2,0.21,0.01,0.01,74999.93,1776322763000
1776322764.432,264.432,0.8,0.81,0.19,0.2,0.01,0.01,74999.93,1776322763000
1776322765.016,265.016,0.8,0.81,0.19,0.2,0.01,0.01,74999.93,1776322763000
1776322765.406,265.406,0.8,0.81,0.19,0.2,0.01,0.01,74999.93,1776322764000
1776322766.007,266.007,0.8,0.81,0.19,0.2,0.01,0.01,74999.58,1776322765000
1776322766.596,266.596,0.82,0.83,0.17,0.19,0.01,0.02,74999.58,1776322765000
1776322767.024,267.024,0.82,0.83,0.17,0.18,0.01,0.01,74999.58,1776322766000
1776322767.455,267.455,0.83,0.84,0.16,0.17,0.01,0.01,74999.58,1776322766000
1776322767.874,267.874,0.83,0.84,0.16,0.17,0.01,0.01,74999.58,1776322766000
1776322768.294,268.294,0.83,0.84,0.16,0.17,0.01,0.01,74999.72,1776322767000
1776322768.644,268.644,0.8,0.83,0.17,0.18,0.03,0.01,74999.72,1776322767000
1776322769.004,269.004,0.77,0.78,0.22,0.23,0.01,0.01,74999.72,1776322767000
1776322769.46,269.46,0.77,0.78,0.22,0.23,0.01,0.01,74999.72,1776322767000
1776322769.996,269.996,0.75,0.78,0.22,0.23,0.03,0.01,74999.98,1776322768000
1776322770.367,270.367,0.69,0.7,0.3,0.31,0.01,0.01,74999.87,1776322769000
1776322770.711,270.711,0.69,0.7,0.3,0.31,0.01,0.01,74999.87,1776322769000
1776322771.07,271.07,0.69,0.7,0.3,0.31,0.01,0.01,74999.87,1776322769000
1776322771.603,271.603,0.69,0.7,0.3,0.31,0.01,0.01,75000.02,1776322770000
1776322772.393,272.393,0.69,0.7,0.3,0.31,0.01,0.01,74999.1,1776322771000
1776322772.856,272.856,0.69,0.7,0.3,0.31,0.01,0.01,74999.1,1776322771000
1776322773.59,273.59,0.69,0.7,0.3,0.31,0.01,0.01,74997.95,1776322772000
1776322773.926,273.926,0.69,0.7,0.3,0.31,0.01,0.01,74997.95,1776322772000
1776322774.381,274.381,0.69,0.7,0.3,0.31,0.01,0.01,74997.87,1776322773000
1776322774.727,274.727,0.69,0.7,0.3,0.31,0.01,0.01,74997.87,1776322773000
1776322775.089,275.089,0.58,0.59,0.41,0.42,0.01,0.01,74997.87,1776322773000
1776322775.43,275.43,0.58,0.59,0.41,0.42,0.01,0.01,74997.93,1776322774000
1776322775.763,275.763,0.58,0.59,0.41,0.42,0.01,0.01,74997.93,1776322774000
1776322776.106,276.106,0.67,0.69,0.31,0.34,0.02,0.03,74997.93,1776322774000
1776322776.459,276.459,0.7,0.72,0.28,0.3,0.02,0.02,74997.87,1776322775000
1776322776.813,276.813,0.77,0.78,0.22,0.23,0.01,0.01,74997.87,1776322775000
1776322777.225,277.225,0.75,0.76,0.22,0.27,0.01,0.05,74997.41,1776322776000
1776322777.669,277.669,0.74,0.75,0.25,0.26,0.01,0.01,74997.41,1776322776000
1776322778.075,278.075,0.74,0.83,0.17,0.26,0.09,0.09,74996.99,1776322777000
1776322778.532,278.532,0.78,0.79,0.2,0.21,0.01,0.01,74996.99,1776322777000
1776322779.056,279.056,0.77,0.78,0.22,0.23,0.01,0.01,74996.99,1776322777000
1776322779.439,279.439,0.77,0.78,0.22,0.23,0.01,0.01,74997.37,1776322778000
1776322780.218,280.218,0.76,0.77,0.23,0.24,0.01,0.01,74996.83,1776322779000
1776322780.591,280.591,0.74,0.77,0.23,0.24,0.03,0.01,74996.83,1776322779000
1776322781.151,281.151,0.74,0.75,0.25,0.26,0.01,0.01,74996.83,1776322779000
1776322781.497,281.497,0.74,0.75,0.25,0.26,0.01,0.01,74996.79,1776322780000
1776322781.833,281.833,0.74,0.75,0.25,0.26,0.01,0.01,74996.79,1776322780000
1776322782.437,282.437,0.74,0.75,0.25,0.26,0.01,0.01,74996.79,1776322781000
1776322782.958,282.958,0.76,0.77,0.2,0.26,0.01,0.06,74996.79,1776322781000
1776322783.517,283.517,0.76,0.77,0.23,0.24,0.01,0.01,74997.78,1776322782000
1776322783.951,283.951,0.76,0.77,0.23,0.24,0.01,0.01,74997.78,1776322782000
1776322784.522,284.522,0.76,0.77,0.23,0.24,0.01,0.01,74996.94,1776322783000
1776322784.953,284.953,0.76,0.77,0.23,0.24,0.01,0.01,74996.94,1776322783000
1776322785.311,285.311,0.76,0.77,0.23,0.24,0.01,0.01,74997.28,1776322784000
1776322785.659,285.659,0.76,0.77,0.23,0.24,0.01,0.01,74997.28,1776322784000
1776322786.026,286.026,0.76,0.77,0.23,0.24,0.01,0.01,74997.28,1776322785000
1776322786.594,286.594,0.79,0.8,0.23,0.24,0.01,0.01,74997.28,1776322785000
1776322787.003,287.003,0.82,0.84,0.16,0.18,0.02,0.02,74998.63,1776322786000
1776322787.349,287.349,0.83,0.84,0.16,0.17,0.01,0.01,74998.63,1776322786000
1776322787.725,287.725,0.84,0.85,0.15,0.17,0.01,0.02,74998.63,1776322786000
1776322788.06,288.06,0.84,0.87,0.15,0.16,0.03,0.01,74998.19,1776322787000
1776322788.403,288.403,0.86,0.87,0.13,0.14,0.01,0.01,74998.19,1776322787000
1776322788.9,288.9,0.87,0.89,0.13,0.14,0.02,0.01,74998.19,1776322787000
1776322789.238,289.238,0.91,0.93,0.08,0.1,0.02,0.02,74998.22,1776322788000
1776322789.574,289.574,0.93,0.95,0.05,0.07,0.02,0.02,74998.22,1776322788000
1776322789.912,289.912,0.94,0.95,0.05,0.07,0.01,0.02,74997.71,1776322789000
1776322790.331,290.331,0.94,0.95,0.05,0.06,0.01,0.01,74997.71,1776322789000
1776322790.694,290.694,0.93,0.96,0.06,0.07,0.03,0.01,74997.71,1776322789000
1776322791.079,291.079,0.95,0.96,0.04,0.05,0.01,0.01,74997.71,1776322789000
1776322791.446,291.446,0.95,0.96,0.04,0.05,0.01,0.01,75007.27,1776322790000
1776322791.907,291.907,0.95,0.96,0.03,0.07,0.01,0.04,75007.27,1776322790000
1776322792.251,292.251,0.95,0.97,0.04,0.05,0.02,0.01,75007.27,1776322790000
1776322792.615,292.615,0.89,0.9,0.08,0.1,0.01,0.02,75005.21,1776322791000
1776322793.024,293.024,0.85,0.86,0.14,0.15,0.01,0.01,75005.21,1776322791000
1776322793.387,293.387,0.89,0.9,0.1,0.13,0.01,0.03,75007.57,1776322792000
1776322793.83,293.83,0.94,0.95,0.06,0.08,0.01,0.02,75007.57,1776322792000
1776322794.175,294.175,0.95,0.96,0.04,0.05,0.01,0.01,75007.57,1776322792000
1776322794.53,294.53,0.94,0.96,0.03,0.08,0.02,0.05,75003.96,1776322793000
1776322794.908,294.908,0.92,0.96,0.07,0.08,0.04,0.01,75003.96,1776322793000
1776322795.294,295.294,0.93,0.95,0.06,0.09,0.02,0.03,75003.96,1776322793000
1776322795.64,295.64,0.96,0.97,0.03,0.04,0.01,0.01,75000.26,1776322794000
1776322795.984,295.984,0.93,0.97,0.06,0.07,0.04,0.01,75000.26,1776322794000
1776322796.348,296.348,0.95,0.97,0.04,0.05,0.02,0.01,75000.26,1776322794000
1776322796.689,296.689,0.97,0.98,0.02,0.03,0.01,0.01,75000.26,1776322794000
1776322797.024,297.024,0.91,0.99,0.01,0.03,0.08,0.02,75001.22,1776322795000
1776322797.408,297.408,0.99,0.99,0.01,0.01,0.0,0.0,75002.73,1776322796000
1776322797.748,297.748,0.99,0.99,0.01,0.01,0.0,0.0,75002.73,1776322796000
1776322798.101,298.101,0.99,0.99,0.01,0.01,0.0,0.0,75002.73,1776322796000
1776322798.458,298.458,0.99,0.99,0.01,0.01,0.0,0.0,75013.63,1776322797000
1776322798.897,298.897,0.99,0.99,0.01,0.01,0.0,0.0,75013.63,1776322797000
1776322799.279,299.279,0.99,0.99,0.01,0.01,0.0,0.0,75043.62,1776322798000
1776322799.888,299.888,0.99,0.99,0.01,0.01,0.0,0.0,75043.62,1776322798000
1776322800.29,300.29,0.99,0.99,0.01,0.01,0.0,0.0,75044.24,1776322799000
1776322800.652,300.652,0.99,0.99,0.01,0.01,0.0,0.0,75044.24,1776322799000

# RESULT,winner=Up,slug=btc-updown-5m-1776322500,ticks=640
