timestamp,elapsed_sec,up_bid,up_ask,down_bid,down_ask,up_spread,down_spread,btc_price,btc_oracle_ts
1776554700.617,0.617,0.51,0.52,0.48,0.49,0.01,0.01,75871.99,1776554699000
1776554700.995,0.995,0.51,0.52,0.48,0.49,0.01,0.01,75871.99,1776554699000
1776554701.564,1.564,0.51,0.52,0.48,0.49,0.01,0.01,75872.0,1776554700000
1776554701.937,1.937,0.51,0.52,0.48,0.49,0.01,0.01,75872.0,1776554700000
1776554702.466,2.466,0.51,0.52,0.48,0.49,0.01,0.01,75872.0,1776554700000
1776554702.817,2.817,0.51,0.52,0.48,0.49,0.01,0.01,75871.98,1776554701000
1776554703.294,3.294,0.51,0.52,0.48,0.49,0.01,0.01,75871.98,1776554701000
1776554703.646,3.646,0.51,0.52,0.48,0.49,0.01,0.01,75871.98,1776554701000
1776554704.101,4.101,0.51,0.52,0.48,0.49,0.01,0.01,75871.96,1776554702000
1776554704.991,4.991,0.51,0.52,0.48,0.49,0.01,0.01,75871.96,1776554703000
1776554705.407,5.407,0.51,0.52,0.48,0.49,0.01,0.01,75871.96,1776554703000
1776554705.871,5.871,0.51,0.52,0.48,0.49,0.01,0.01,75871.96,1776554703000
1776554706.26,6.26,0.51,0.52,0.48,0.49,0.01,0.01,75872.2,1776554704000
1776554706.686,6.686,0.51,0.52,0.48,0.49,0.01,0.01,75872.19,1776554705000
1776554707.515,7.515,0.51,0.52,0.48,0.49,0.01,0.01,75872.19,1776554705000
1776554707.887,7.887,0.51,0.52,0.48,0.49,0.01,0.01,75872.2,1776554706000
1776554708.364,8.364,0.51,0.52,0.48,0.49,0.01,0.01,75872.2,1776554706000
1776554708.727,8.727,0.51,0.52,0.48,0.49,0.01,0.01,75872.2,1776554707000
1776554709.258,9.258,0.51,0.52,0.48,0.49,0.01,0.01,75872.2,1776554707000
1776554709.724,9.724,0.51,0.52,0.48,0.49,0.01,0.01,75872.2,1776554708000
1776554710.463,10.463,0.51,0.52,0.48,0.49,0.01,0.01,75872.2,1776554708000
1776554711.526,11.526,0.51,0.52,0.48,0.49,0.01,0.01,75872.2,1776554710000
1776554712.017,12.017,0.51,0.52,0.48,0.49,0.01,0.01,75872.2,1776554710000
1776554712.535,12.535,0.51,0.52,0.48,0.49,0.01,0.01,75872.2,1776554711000
1776554713.362,13.362,0.51,0.52,0.48,0.49,0.01,0.01,75872.2,1776554712000
1776554714.813,14.813,0.51,0.52,0.48,0.49,0.01,0.01,75829.31,1776554713000
1776554715.531,15.531,0.51,0.52,0.48,0.49,0.01,0.01,75825.81,1776554714000
1776554715.88,15.88,0.37,0.43,0.57,0.63,0.06,0.06,75825.81,1776554714000
1776554716.214,16.214,0.26,0.35,0.64,0.74,0.09,0.1,75825.81,1776554714000
1776554716.617,16.617,0.26,0.41,0.64,0.74,0.15,0.1,75826.36,1776554715000
1776554716.959,16.959,0.38,0.4,0.6,0.68,0.02,0.08,75826.36,1776554715000
1776554717.299,17.299,0.34,0.41,0.59,0.67,0.07,0.08,75826.36,1776554715000
1776554717.652,17.652,0.35,0.38,0.62,0.65,0.03,0.03,75838.01,1776554716000
1776554717.992,17.992,0.34,0.35,0.62,0.67,0.01,0.05,75838.01,1776554716000
1776554718.33,18.33,0.3,0.33,0.67,0.69,0.03,0.02,75838.01,1776554716000
1776554718.663,18.663,0.32,0.33,0.67,0.68,0.01,0.01,75843.22,1776554717000
1776554719.055,19.055,0.32,0.33,0.66,0.68,0.01,0.02,75843.22,1776554717000
1776554719.391,19.391,0.32,0.34,0.66,0.68,0.02,0.02,75845.52,1776554718000
1776554719.735,19.735,0.32,0.33,0.67,0.68,0.01,0.01,75845.52,1776554718000
1776554720.094,20.094,0.32,0.33,0.67,0.68,0.01,0.01,75845.52,1776554718000
1776554720.427,20.427,0.32,0.33,0.67,0.68,0.01,0.01,75845.52,1776554718000
1776554720.787,20.787,0.32,0.33,0.67,0.68,0.01,0.01,75845.52,1776554718000
1776554721.158,21.158,0.32,0.33,0.67,0.68,0.01,0.01,75848.9,1776554719000
1776554721.847,21.847,0.32,0.33,0.67,0.68,0.01,0.01,75848.9,1776554720000
1776554722.313,22.313,0.32,0.33,0.67,0.68,0.01,0.01,75848.9,1776554720000
1776554722.654,22.654,0.32,0.34,0.66,0.68,0.02,0.02,75848.9,1776554720000
1776554723.047,23.047,0.32,0.33,0.67,0.68,0.01,0.01,75848.9,1776554721000
1776554723.393,23.393,0.32,0.34,0.66,0.68,0.02,0.02,75848.9,1776554721000
1776554724.048,24.048,0.32,0.33,0.67,0.68,0.01,0.01,75848.9,1776554722000
1776554724.388,24.388,0.33,0.35,0.65,0.67,0.02,0.02,75848.9,1776554722000
1776554724.723,24.723,0.33,0.34,0.66,0.67,0.01,0.01,75848.9,1776554722000
1776554725.202,25.202,0.33,0.34,0.66,0.67,0.01,0.01,75848.92,1776554723000
1776554725.544,25.544,0.33,0.34,0.66,0.67,0.01,0.01,75848.92,1776554724000
1776554725.914,25.914,0.33,0.34,0.66,0.67,0.01,0.01,75848.92,1776554724000
1776554726.248,26.248,0.33,0.34,0.66,0.67,0.01,0.01,75848.92,1776554724000
1776554726.721,26.721,0.34,0.35,0.65,0.66,0.01,0.01,75848.92,1776554724000
1776554727.133,27.133,0.34,0.35,0.65,0.66,0.01,0.01,75849.07,1776554725000
1776554727.847,27.847,0.34,0.35,0.65,0.66,0.01,0.01,75849.07,1776554726000
1776554728.26,28.26,0.35,0.36,0.64,0.66,0.01,0.02,75849.07,1776554726000
1776554728.99,28.99,0.35,0.36,0.64,0.65,0.01,0.01,75849.45,1776554728000
1776554729.442,29.442,0.35,0.36,0.64,0.65,0.01,0.01,75849.45,1776554728000
1776554730.117,30.117,0.35,0.36,0.64,0.65,0.01,0.01,75849.45,1776554728000
1776554730.584,30.584,0.35,0.36,0.64,0.65,0.01,0.01,75851.57,1776554729000
1776554730.925,30.925,0.35,0.36,0.64,0.65,0.01,0.01,75851.57,1776554729000
1776554731.496,31.496,0.35,0.39,0.61,0.65,0.04,0.04,75851.57,1776554729000
1776554731.844,31.844,0.37,0.38,0.62,0.63,0.01,0.01,75853.07,1776554730000
1776554732.203,32.203,0.37,0.39,0.61,0.63,0.02,0.02,75853.24,1776554731000
1776554732.613,32.613,0.38,0.4,0.61,0.62,0.02,0.01,75853.24,1776554731000
1776554733.005,33.005,0.39,0.4,0.6,0.61,0.01,0.01,75853.24,1776554731000
1776554733.338,33.338,0.39,0.4,0.6,0.61,0.01,0.01,75853.28,1776554732000
1776554733.769,33.769,0.39,0.4,0.6,0.61,0.01,0.01,75853.28,1776554732000
1776554734.363,34.363,0.39,0.4,0.6,0.61,0.01,0.01,75853.28,1776554732000
1776554734.773,34.773,0.39,0.4,0.6,0.61,0.01,0.01,75853.27,1776554733000
1776554735.211,35.211,0.39,0.4,0.6,0.61,0.01,0.01,75853.27,1776554733000
1776554735.735,35.735,0.39,0.4,0.6,0.61,0.01,0.01,75853.27,1776554734000
1776554736.135,36.135,0.39,0.4,0.6,0.61,0.01,0.01,75853.46,1776554735000
1776554736.68,36.68,0.39,0.4,0.6,0.61,0.01,0.01,75853.46,1776554735000
1776554737.222,37.222,0.39,0.4,0.6,0.61,0.01,0.01,75853.46,1776554735000
1776554737.56,37.56,0.39,0.4,0.6,0.61,0.01,0.01,75853.49,1776554736000
1776554738.113,38.113,0.39,0.4,0.6,0.61,0.01,0.01,75853.49,1776554737000
1776554738.491,38.491,0.39,0.4,0.6,0.61,0.01,0.01,75853.49,1776554737000
1776554738.877,38.877,0.39,0.4,0.6,0.61,0.01,0.01,75853.49,1776554737000
1776554739.376,39.376,0.39,0.4,0.6,0.61,0.01,0.01,75853.49,1776554738000
1776554739.977,39.977,0.39,0.4,0.6,0.61,0.01,0.01,75853.49,1776554739000
1776554740.557,40.557,0.39,0.4,0.6,0.61,0.01,0.01,75853.49,1776554739000
1776554741.105,41.105,0.39,0.4,0.6,0.61,0.01,0.01,75853.49,1776554739000
1776554741.44,41.44,0.39,0.4,0.6,0.61,0.01,0.01,75853.49,1776554739000
1776554741.988,41.988,0.39,0.4,0.6,0.61,0.01,0.01,75853.48,1776554740000
1776554742.336,42.336,0.39,0.4,0.6,0.61,0.01,0.01,75853.48,1776554740000
1776554742.837,42.837,0.39,0.4,0.6,0.61,0.01,0.01,75853.48,1776554741000
1776554743.385,43.385,0.36,0.37,0.6,0.68,0.01,0.08,75853.48,1776554742000
1776554744.076,44.076,0.36,0.37,0.63,0.64,0.01,0.01,75853.48,1776554742000
1776554744.477,44.477,0.36,0.37,0.63,0.64,0.01,0.01,75853.49,1776554743000
1776554744.987,44.987,0.36,0.37,0.63,0.64,0.01,0.01,75853.49,1776554744000
1776554745.541,45.541,0.36,0.37,0.63,0.64,0.01,0.01,75853.49,1776554744000
1776554746.008,46.008,0.36,0.37,0.63,0.64,0.01,0.01,75853.49,1776554744000
1776554746.358,46.358,0.36,0.37,0.63,0.64,0.01,0.01,75853.5,1776554745000
1776554747.157,47.157,0.36,0.37,0.63,0.64,0.01,0.01,75853.93,1776554746000
1776554747.632,47.632,0.36,0.37,0.63,0.64,0.01,0.01,75853.93,1776554746000
1776554748.24,48.24,0.36,0.37,0.63,0.64,0.01,0.01,75853.93,1776554746000
1776554748.909,48.909,0.36,0.37,0.63,0.64,0.01,0.01,75853.92,1776554747000
1776554749.472,49.472,0.36,0.37,0.63,0.64,0.01,0.01,75853.92,1776554747000
1776554749.899,49.899,0.36,0.37,0.63,0.65,0.01,0.02,75853.92,1776554748000
1776554750.432,50.432,0.36,0.37,0.63,0.64,0.01,0.01,75853.92,1776554749000
1776554750.769,50.769,0.35,0.37,0.63,0.64,0.02,0.01,75853.92,1776554749000
1776554751.155,51.155,0.35,0.37,0.63,0.65,0.02,0.02,75853.92,1776554750000
1776554751.603,51.603,0.35,0.36,0.64,0.65,0.01,0.01,75853.92,1776554750000
1776554752.375,52.375,0.35,0.36,0.64,0.65,0.01,0.01,75853.91,1776554751000
1776554753.194,53.194,0.35,0.36,0.64,0.65,0.01,0.01,75853.91,1776554751000
1776554753.662,53.662,0.35,0.36,0.64,0.65,0.01,0.01,75853.92,1776554752000
1776554754.034,54.034,0.35,0.36,0.64,0.65,0.01,0.01,75853.92,1776554752000
1776554754.39,54.39,0.36,0.37,0.63,0.64,0.01,0.01,75853.93,1776554753000
1776554754.862,54.862,0.36,0.37,0.63,0.64,0.01,0.01,75853.93,1776554753000
1776554755.276,55.276,0.36,0.37,0.63,0.64,0.01,0.01,75853.93,1776554754000
1776554755.675,55.675,0.36,0.37,0.63,0.64,0.01,0.01,75853.93,1776554754000
1776554756.167,56.167,0.36,0.37,0.63,0.64,0.01,0.01,75853.93,1776554754000
1776554756.556,56.556,0.36,0.37,0.63,0.64,0.01,0.01,75853.93,1776554755000
1776554757.537,57.537,0.36,0.37,0.63,0.64,0.01,0.01,75854.06,1776554756000
1776554758.575,58.575,0.35,0.37,0.63,0.64,0.02,0.01,75854.06,1776554756000
1776554759.069,59.069,0.35,0.36,0.63,0.65,0.01,0.02,75854.06,1776554757000
1776554759.786,59.786,0.35,0.36,0.64,0.65,0.01,0.01,75854.1,1776554758000
1776554760.174,60.174,0.35,0.36,0.64,0.65,0.01,0.01,75854.11,1776554759000
1776554760.53,60.53,0.35,0.36,0.64,0.65,0.01,0.01,75854.11,1776554759000
1776554760.93,60.93,0.35,0.36,0.64,0.65,0.01,0.01,75854.11,1776554759000
1776554761.312,61.312,0.35,0.37,0.63,0.65,0.02,0.02,75854.11,1776554760000
1776554761.716,61.716,0.37,0.38,0.62,0.65,0.01,0.03,75854.11,1776554760000
1776554762.115,62.115,0.37,0.38,0.62,0.63,0.01,0.01,75854.11,1776554760000
1776554762.493,62.493,0.37,0.38,0.62,0.63,0.01,0.01,75854.24,1776554761000
1776554762.893,62.893,0.37,0.38,0.62,0.63,0.01,0.01,75854.24,1776554761000
1776554763.244,63.244,0.37,0.38,0.62,0.63,0.01,0.01,75854.24,1776554761000
1776554764.299,64.299,0.37,0.38,0.62,0.63,0.01,0.01,75857.54,1776554763000
1776554765.134,65.134,0.38,0.39,0.61,0.62,0.01,0.01,75857.54,1776554763000
1776554765.834,65.834,0.38,0.39,0.61,0.62,0.01,0.01,75857.91,1776554764000
1776554766.306,66.306,0.38,0.39,0.61,0.62,0.01,0.01,75857.93,1776554765000
1776554766.656,66.656,0.38,0.39,0.61,0.62,0.01,0.01,75857.93,1776554765000
1776554767.058,67.058,0.38,0.39,0.61,0.62,0.01,0.01,75857.93,1776554765000
1776554768.238,68.238,0.38,0.39,0.61,0.62,0.01,0.01,75858.33,1776554767000
1776554768.576,68.576,0.38,0.39,0.61,0.62,0.01,0.01,75858.33,1776554767000
1776554769.228,69.228,0.38,0.39,0.61,0.62,0.01,0.01,75858.33,1776554768000
1776554769.631,69.631,0.38,0.39,0.61,0.62,0.01,0.01,75858.33,1776554768000
1776554770.224,70.224,0.38,0.39,0.61,0.62,0.01,0.01,75858.33,1776554769000
1776554771.114,71.114,0.38,0.39,0.61,0.62,0.01,0.01,75858.33,1776554769000
1776554771.656,71.656,0.38,0.39,0.61,0.62,0.01,0.01,75858.33,1776554769000
1776554772.15,72.15,0.38,0.39,0.61,0.62,0.01,0.01,75858.33,1776554769000
1776554772.709,72.709,0.38,0.39,0.61,0.62,0.01,0.01,75858.33,1776554771000
1776554773.5,73.5,0.38,0.39,0.61,0.62,0.01,0.01,75858.34,1776554772000
1776554773.879,73.879,0.38,0.39,0.61,0.62,0.01,0.01,75858.35,1776554773000
1776554774.377,74.377,0.38,0.39,0.61,0.62,0.01,0.01,75858.35,1776554773000
1776554774.762,74.762,0.38,0.39,0.61,0.62,0.01,0.01,75858.35,1776554773000
1776554775.619,75.619,0.38,0.39,0.61,0.62,0.01,0.01,75858.36,1776554774000
1776554776.803,76.803,0.38,0.39,0.61,0.62,0.01,0.01,75858.37,1776554775000
1776554777.4,77.4,0.38,0.39,0.61,0.62,0.01,0.01,75858.37,1776554776000
1776554778.023,78.023,0.38,0.39,0.61,0.62,0.01,0.01,75858.37,1776554776000
1776554778.586,78.586,0.38,0.39,0.61,0.62,0.01,0.01,75858.38,1776554777000
1776554779.045,79.045,0.38,0.39,0.61,0.62,0.01,0.01,75858.39,1776554778000
1776554779.413,79.413,0.38,0.39,0.61,0.62,0.01,0.01,75858.39,1776554778000
1776554779.989,79.989,0.38,0.39,0.61,0.62,0.01,0.01,75858.39,1776554778000
1776554780.85,80.85,0.38,0.39,0.61,0.63,0.01,0.02,75858.4,1776554779000
1776554781.434,81.434,0.38,0.39,0.61,0.62,0.01,0.01,75858.42,1776554780000
1776554781.828,81.828,0.38,0.39,0.61,0.62,0.01,0.01,75858.42,1776554780000
1776554783.114,83.114,0.37,0.38,0.61,0.62,0.01,0.01,75858.43,1776554781000
1776554783.809,83.809,0.37,0.38,0.62,0.63,0.01,0.01,75858.44,1776554782000
1776554784.198,84.198,0.37,0.38,0.62,0.63,0.01,0.01,75858.43,1776554783000
1776554784.635,84.635,0.37,0.38,0.62,0.63,0.01,0.01,75858.43,1776554783000
1776554785.479,85.479,0.37,0.38,0.62,0.63,0.01,0.01,75858.43,1776554783000
1776554785.917,85.917,0.37,0.38,0.62,0.63,0.01,0.01,75858.42,1776554784000
1776554786.41,86.41,0.37,0.38,0.62,0.63,0.01,0.01,75858.43,1776554785000
1776554786.79,86.79,0.36,0.37,0.62,0.64,0.01,0.02,75858.43,1776554785000
1776554787.452,87.452,0.36,0.37,0.63,0.64,0.01,0.01,75858.43,1776554786000
1776554787.995,87.995,0.36,0.37,0.63,0.64,0.01,0.01,75858.42,1776554787000
1776554788.698,88.698,0.36,0.37,0.63,0.64,0.01,0.01,75858.42,1776554787000
1776554789.157,89.157,0.36,0.37,0.63,0.64,0.01,0.01,75858.42,1776554788000
1776554790.102,90.102,0.36,0.37,0.63,0.64,0.01,0.01,75858.42,1776554789000
1776554790.592,90.592,0.36,0.37,0.63,0.64,0.01,0.01,75858.42,1776554789000
1776554791.291,91.291,0.36,0.37,0.63,0.64,0.01,0.01,75858.61,1776554790000
1776554791.651,91.651,0.36,0.37,0.63,0.64,0.01,0.01,75858.61,1776554790000
1776554792.109,92.109,0.36,0.37,0.63,0.64,0.01,0.01,75858.61,1776554790000
1776554792.682,92.682,0.36,0.39,0.63,0.64,0.03,0.01,75858.75,1776554791000
1776554793.657,93.657,0.37,0.39,0.62,0.63,0.02,0.01,75858.75,1776554792000
1776554793.997,93.997,0.38,0.39,0.61,0.62,0.01,0.01,75858.74,1776554793000
1776554794.449,94.449,0.38,0.39,0.61,0.62,0.01,0.01,75858.74,1776554793000
1776554795.309,95.309,0.38,0.39,0.61,0.62,0.01,0.01,75858.71,1776554794000
1776554795.695,95.695,0.38,0.39,0.61,0.62,0.01,0.01,75858.71,1776554794000
1776554796.059,96.059,0.38,0.39,0.61,0.62,0.01,0.01,75858.71,1776554794000
1776554796.448,96.448,0.38,0.4,0.61,0.62,0.02,0.01,75858.71,1776554794000
1776554796.857,96.857,0.39,0.4,0.6,0.61,0.01,0.01,75858.7,1776554795000
1776554797.271,97.271,0.4,0.41,0.59,0.61,0.01,0.02,75858.72,1776554796000
1776554797.877,97.877,0.4,0.41,0.59,0.6,0.01,0.01,75858.72,1776554796000
1776554798.242,98.242,0.4,0.41,0.59,0.6,0.01,0.01,75858.78,1776554797000
1776554798.578,98.578,0.41,0.42,0.58,0.59,0.01,0.01,75858.78,1776554797000
1776554799.38,99.38,0.41,0.42,0.58,0.59,0.01,0.01,75858.77,1776554798000
1776554799.727,99.727,0.41,0.42,0.58,0.59,0.01,0.01,75858.77,1776554798000
1776554800.108,100.108,0.41,0.42,0.58,0.59,0.01,0.01,75858.77,1776554798000
1776554800.461,100.461,0.41,0.42,0.58,0.59,0.01,0.01,75858.77,1776554798000
1776554800.937,100.937,0.41,0.42,0.58,0.59,0.01,0.01,75858.77,1776554798000
1776554801.434,101.434,0.41,0.43,0.57,0.59,0.02,0.02,75858.78,1776554799000
1776554801.784,101.784,0.42,0.43,0.57,0.59,0.01,0.02,75858.78,1776554800000
1776554802.147,102.147,0.43,0.44,0.56,0.57,0.01,0.01,75858.78,1776554801000
1776554802.659,102.659,0.43,0.44,0.56,0.57,0.01,0.01,75858.78,1776554801000
1776554803.021,103.021,0.43,0.44,0.56,0.57,0.01,0.01,75858.78,1776554801000
1776554803.478,103.478,0.44,0.45,0.54,0.57,0.01,0.03,75858.78,1776554802000
1776554803.817,103.817,0.45,0.46,0.54,0.56,0.01,0.02,75858.78,1776554802000
1776554804.168,104.168,0.45,0.47,0.54,0.55,0.02,0.01,75858.78,1776554802000
1776554804.513,104.513,0.46,0.48,0.53,0.54,0.02,0.01,75858.78,1776554803000
1776554804.864,104.864,0.47,0.48,0.52,0.54,0.01,0.02,75858.78,1776554803000
1776554805.201,105.201,0.47,0.49,0.52,0.53,0.02,0.01,75858.78,1776554803000
1776554805.54,105.54,0.48,0.5,0.51,0.52,0.02,0.01,75858.83,1776554804000
1776554805.88,105.88,0.49,0.5,0.5,0.51,0.01,0.01,75858.83,1776554804000
1776554806.23,106.23,0.49,0.5,0.5,0.51,0.01,0.01,75858.83,1776554805000
1776554806.563,106.563,0.49,0.5,0.5,0.51,0.01,0.01,75858.83,1776554805000
1776554807.015,107.015,0.49,0.5,0.5,0.51,0.01,0.01,75858.83,1776554805000
1776554807.432,107.432,0.49,0.5,0.5,0.51,0.01,0.01,75858.82,1776554806000
1776554807.766,107.766,0.49,0.5,0.5,0.51,0.01,0.01,75858.82,1776554806000
1776554808.129,108.129,0.49,0.5,0.5,0.51,0.01,0.01,75858.83,1776554807000
1776554808.468,108.468,0.49,0.51,0.49,0.51,0.02,0.02,75858.83,1776554807000
1776554808.823,108.823,0.49,0.5,0.5,0.51,0.01,0.01,75858.83,1776554807000
1776554809.182,109.182,0.49,0.5,0.5,0.51,0.01,0.01,75858.83,1776554808000
1776554809.673,109.673,0.49,0.5,0.5,0.51,0.01,0.01,75858.83,1776554808000
1776554810.145,110.145,0.49,0.5,0.5,0.51,0.01,0.01,75858.98,1776554809000
1776554810.586,110.586,0.49,0.5,0.5,0.51,0.01,0.01,75858.98,1776554809000
1776554810.964,110.964,0.49,0.5,0.5,0.51,0.01,0.01,75858.98,1776554809000
1776554811.38,111.38,0.49,0.5,0.5,0.51,0.01,0.01,75858.98,1776554810000
1776554811.874,111.874,0.48,0.5,0.5,0.51,0.02,0.01,75858.98,1776554810000
1776554812.238,112.238,0.49,0.5,0.5,0.51,0.01,0.01,75859.49,1776554811000
1776554812.829,112.829,0.49,0.5,0.5,0.51,0.01,0.01,75859.49,1776554811000
1776554813.164,113.164,0.49,0.5,0.5,0.51,0.01,0.01,75859.49,1776554812000
1776554813.617,113.617,0.49,0.5,0.5,0.51,0.01,0.01,75859.49,1776554812000
1776554813.968,113.968,0.49,0.5,0.5,0.51,0.01,0.01,75859.49,1776554812000
1776554814.326,114.326,0.49,0.5,0.5,0.51,0.01,0.01,75859.49,1776554812000
1776554814.715,114.715,0.49,0.5,0.5,0.51,0.01,0.01,75859.5,1776554813000
1776554815.108,115.108,0.49,0.5,0.5,0.51,0.01,0.01,75859.5,1776554814000
1776554815.534,115.534,0.49,0.5,0.5,0.51,0.01,0.01,75859.5,1776554814000
1776554815.937,115.937,0.47,0.5,0.5,0.51,0.03,0.01,75859.5,1776554814000
1776554816.51,116.51,0.47,0.48,0.52,0.53,0.01,0.01,75859.79,1776554815000
1776554816.965,116.965,0.47,0.48,0.52,0.53,0.01,0.01,75859.79,1776554815000
1776554817.626,117.626,0.47,0.48,0.52,0.53,0.01,0.01,75859.85,1776554816000
1776554817.961,117.961,0.47,0.48,0.52,0.53,0.01,0.01,75859.85,1776554816000
1776554818.307,118.307,0.47,0.48,0.52,0.53,0.01,0.01,75859.85,1776554817000
1776554818.757,118.757,0.47,0.48,0.52,0.53,0.01,0.01,75859.85,1776554817000
1776554819.158,119.158,0.46,0.48,0.52,0.53,0.02,0.01,75859.84,1776554818000
1776554819.492,119.492,0.46,0.47,0.53,0.54,0.01,0.01,75859.84,1776554818000
1776554820.196,120.196,0.46,0.47,0.53,0.54,0.01,0.01,75859.81,1776554819000
1776554820.534,120.534,0.46,0.47,0.53,0.54,0.01,0.01,75859.81,1776554819000
1776554820.883,120.883,0.46,0.47,0.53,0.54,0.01,0.01,75859.81,1776554820000
1776554821.299,121.299,0.46,0.47,0.53,0.54,0.01,0.01,75859.81,1776554820000
1776554821.788,121.788,0.46,0.47,0.53,0.54,0.01,0.01,75859.81,1776554820000
1776554822.159,122.159,0.46,0.47,0.53,0.54,0.01,0.01,75859.8,1776554821000
1776554822.607,122.607,0.46,0.47,0.53,0.54,0.01,0.01,75859.8,1776554821000
1776554823.017,123.017,0.46,0.47,0.53,0.54,0.01,0.01,75859.8,1776554821000
1776554823.711,123.711,0.46,0.47,0.53,0.54,0.01,0.01,75859.76,1776554822000
1776554824.404,124.404,0.46,0.47,0.53,0.54,0.01,0.01,75859.76,1776554822000
1776554824.751,124.751,0.46,0.47,0.53,0.54,0.01,0.01,75859.74,1776554823000
1776554825.148,125.148,0.46,0.47,0.53,0.54,0.01,0.01,75859.74,1776554824000
1776554825.509,125.509,0.46,0.47,0.53,0.54,0.01,0.01,75859.74,1776554824000
1776554826.157,126.157,0.46,0.47,0.53,0.54,0.01,0.01,75859.74,1776554824000
1776554826.7,126.7,0.46,0.47,0.53,0.54,0.01,0.01,75859.74,1776554825000
1776554827.062,127.062,0.46,0.47,0.53,0.54,0.01,0.01,75859.74,1776554825000
1776554827.503,127.503,0.46,0.47,0.53,0.54,0.01,0.01,75859.73,1776554826000
1776554828.108,128.108,0.46,0.47,0.53,0.54,0.01,0.01,75859.73,1776554827000
1776554828.566,128.566,0.45,0.46,0.53,0.55,0.01,0.02,75859.73,1776554827000
1776554829.033,129.033,0.45,0.46,0.54,0.55,0.01,0.01,75859.73,1776554827000
1776554829.483,129.483,0.45,0.46,0.54,0.55,0.01,0.01,75859.73,1776554827000
1776554829.855,129.855,0.45,0.46,0.54,0.55,0.01,0.01,75859.74,1776554828000
1776554830.773,130.773,0.45,0.46,0.54,0.55,0.01,0.01,75859.74,1776554828000
1776554831.209,131.209,0.45,0.46,0.54,0.55,0.01,0.01,75859.71,1776554829000
1776554831.599,131.599,0.45,0.46,0.54,0.55,0.01,0.01,75859.71,1776554829000
1776554832.175,132.175,0.45,0.46,0.54,0.55,0.01,0.01,75859.71,1776554830000
1776554832.725,132.725,0.45,0.46,0.54,0.55,0.01,0.01,75859.71,1776554830000
1776554833.768,133.768,0.45,0.46,0.54,0.55,0.01,0.01,75859.71,1776554832000
1776554834.355,134.355,0.45,0.46,0.54,0.55,0.01,0.01,75859.71,1776554832000
1776554834.74,134.74,0.45,0.46,0.54,0.55,0.01,0.01,75859.69,1776554833000
1776554835.121,135.121,0.45,0.46,0.54,0.55,0.01,0.01,75859.69,1776554833000
1776554835.664,135.664,0.45,0.46,0.54,0.55,0.01,0.01,75859.69,1776554834000
1776554836.151,136.151,0.45,0.46,0.54,0.55,0.01,0.01,75859.69,1776554834000
1776554836.5,136.5,0.45,0.46,0.54,0.55,0.01,0.01,75859.68,1776554835000
1776554836.856,136.856,0.45,0.46,0.54,0.55,0.01,0.01,75859.68,1776554835000
1776554837.258,137.258,0.45,0.46,0.54,0.55,0.01,0.01,75859.68,1776554836000
1776554837.626,137.626,0.45,0.46,0.54,0.55,0.01,0.01,75859.68,1776554836000
1776554838.272,138.272,0.45,0.46,0.54,0.55,0.01,0.01,75859.68,1776554836000
1776554838.62,138.62,0.46,0.47,0.53,0.54,0.01,0.01,75859.68,1776554837000
1776554838.96,138.96,0.46,0.47,0.53,0.54,0.01,0.01,75859.68,1776554837000
1776554839.339,139.339,0.46,0.47,0.52,0.54,0.01,0.02,75859.68,1776554838000
1776554839.977,139.977,0.46,0.48,0.53,0.54,0.02,0.01,75859.68,1776554838000
1776554840.583,140.583,0.47,0.48,0.52,0.53,0.01,0.01,75859.68,1776554838000
1776554841.293,141.293,0.46,0.47,0.52,0.54,0.01,0.02,75859.79,1776554839000
1776554841.641,141.641,0.46,0.47,0.53,0.54,0.01,0.01,75859.79,1776554840000
1776554842.089,142.089,0.46,0.47,0.53,0.54,0.01,0.01,75859.74,1776554841000
1776554842.825,142.825,0.46,0.47,0.53,0.54,0.01,0.01,75859.74,1776554841000
1776554843.22,143.22,0.46,0.47,0.53,0.54,0.01,0.01,75859.74,1776554841000
1776554843.553,143.553,0.46,0.47,0.53,0.54,0.01,0.01,75859.74,1776554841000
1776554844.087,144.087,0.47,0.48,0.52,0.53,0.01,0.01,75859.74,1776554842000
1776554844.459,144.459,0.47,0.48,0.52,0.53,0.01,0.01,75859.66,1776554843000
1776554845.13,145.13,0.47,0.48,0.52,0.53,0.01,0.01,75859.66,1776554844000
1776554845.517,145.517,0.47,0.48,0.52,0.53,0.01,0.01,75859.66,1776554844000
1776554846.332,146.332,0.46,0.47,0.52,0.53,0.01,0.01,75859.66,1776554844000
1776554846.75,146.75,0.46,0.47,0.53,0.54,0.01,0.01,75859.75,1776554845000
1776554847.48,147.48,0.46,0.47,0.53,0.54,0.01,0.01,75859.75,1776554846000
1776554848.171,148.171,0.43,0.44,0.56,0.57,0.01,0.01,75859.75,1776554847000
1776554848.654,148.654,0.43,0.44,0.56,0.57,0.01,0.01,75859.75,1776554847000
1776554848.996,148.996,0.4,0.44,0.56,0.6,0.04,0.04,75859.75,1776554847000
1776554849.584,149.584,0.43,0.44,0.56,0.57,0.01,0.01,75856.85,1776554848000
1776554849.957,149.957,0.43,0.44,0.56,0.57,0.01,0.01,75856.85,1776554848000
1776554850.311,150.311,0.43,0.44,0.56,0.57,0.01,0.01,75854.58,1776554849000
1776554850.701,150.701,0.4,0.43,0.56,0.57,0.03,0.01,75854.58,1776554849000
1776554851.319,151.319,0.4,0.43,0.57,0.6,0.03,0.03,75854.55,1776554850000
1776554851.663,151.663,0.4,0.41,0.59,0.6,0.01,0.01,75854.55,1776554850000
1776554852.011,152.011,0.4,0.41,0.59,0.6,0.01,0.01,75854.55,1776554850000
1776554852.417,152.417,0.4,0.41,0.59,0.6,0.01,0.01,75854.55,1776554850000
1776554852.77,152.77,0.4,0.41,0.59,0.6,0.01,0.01,75854.56,1776554851000
1776554853.107,153.107,0.39,0.41,0.59,0.6,0.02,0.01,75854.55,1776554852000
1776554853.596,153.596,0.39,0.4,0.6,0.61,0.01,0.01,75854.55,1776554852000
1776554854.316,154.316,0.38,0.39,0.61,0.62,0.01,0.01,75854.55,1776554852000
1776554854.931,154.931,0.38,0.39,0.61,0.62,0.01,0.01,75854.55,1776554854000
1776554855.394,155.394,0.38,0.39,0.61,0.62,0.01,0.01,75854.55,1776554854000
1776554855.835,155.835,0.37,0.39,0.61,0.62,0.02,0.01,75854.55,1776554854000
1776554856.591,156.591,0.37,0.38,0.62,0.63,0.01,0.01,75854.55,1776554855000
1776554857.176,157.176,0.37,0.38,0.62,0.63,0.01,0.01,75854.55,1776554855000
1776554857.971,157.971,0.37,0.38,0.62,0.63,0.01,0.01,75854.57,1776554857000
1776554858.316,158.316,0.37,0.38,0.62,0.63,0.01,0.01,75854.57,1776554857000
1776554859.111,159.111,0.37,0.38,0.62,0.63,0.01,0.01,75854.57,1776554858000
1776554859.473,159.473,0.37,0.38,0.62,0.63,0.01,0.01,75854.57,1776554858000
1776554860.158,160.158,0.37,0.38,0.62,0.63,0.01,0.01,75854.57,1776554858000
1776554860.503,160.503,0.37,0.39,0.62,0.63,0.02,0.01,75854.56,1776554859000
1776554861.215,161.215,0.37,0.38,0.62,0.63,0.01,0.01,75854.56,1776554859000
1776554861.563,161.563,0.38,0.39,0.62,0.63,0.01,0.01,75854.57,1776554860000
1776554861.928,161.928,0.39,0.41,0.6,0.61,0.02,0.01,75854.57,1776554860000
1776554862.416,162.416,0.4,0.43,0.59,0.6,0.03,0.01,75854.57,1776554860000
1776554862.805,162.805,0.41,0.42,0.58,0.59,0.01,0.01,75854.56,1776554861000
1776554863.433,163.433,0.42,0.43,0.57,0.59,0.01,0.02,75854.56,1776554862000
1776554863.855,163.855,0.41,0.42,0.58,0.59,0.01,0.01,75854.56,1776554862000
1776554864.362,164.362,0.42,0.43,0.57,0.58,0.01,0.01,75854.56,1776554862000
1776554864.777,164.777,0.42,0.43,0.57,0.58,0.01,0.01,75854.56,1776554862000
1776554865.111,165.111,0.42,0.43,0.57,0.58,0.01,0.01,75854.57,1776554863000
1776554865.478,165.478,0.42,0.43,0.57,0.58,0.01,0.01,75854.57,1776554863000
1776554865.91,165.91,0.42,0.43,0.57,0.58,0.01,0.01,75854.57,1776554863000
1776554866.267,166.267,0.42,0.43,0.57,0.58,0.01,0.01,75854.56,1776554864000
1776554866.682,166.682,0.42,0.43,0.57,0.58,0.01,0.01,75854.56,1776554864000
1776554867.042,167.042,0.42,0.43,0.57,0.58,0.01,0.01,75854.56,1776554865000
1776554867.624,167.624,0.42,0.43,0.57,0.58,0.01,0.01,75854.56,1776554865000
1776554868.022,168.022,0.42,0.43,0.57,0.58,0.01,0.01,75854.56,1776554866000
1776554868.514,168.514,0.42,0.43,0.57,0.58,0.01,0.01,75851.98,1776554867000
1776554869.068,169.068,0.42,0.43,0.57,0.58,0.01,0.01,75851.98,1776554867000
1776554869.868,169.868,0.42,0.43,0.57,0.58,0.01,0.01,75854.55,1776554868000
1776554870.201,170.201,0.42,0.43,0.57,0.58,0.01,0.01,75854.55,1776554868000
1776554870.544,170.544,0.43,0.44,0.56,0.57,0.01,0.01,75854.55,1776554869000
1776554871.174,171.174,0.43,0.44,0.56,0.57,0.01,0.01,75854.55,1776554869000
1776554871.566,171.566,0.43,0.44,0.56,0.57,0.01,0.01,75854.55,1776554870000
1776554871.968,171.968,0.43,0.44,0.56,0.57,0.01,0.01,75854.55,1776554870000
1776554872.604,172.604,0.43,0.44,0.56,0.57,0.01,0.01,75854.55,1776554870000
1776554873.436,173.436,0.43,0.44,0.56,0.57,0.01,0.01,75854.54,1776554872000
1776554873.921,173.921,0.43,0.44,0.56,0.57,0.01,0.01,75854.54,1776554872000
1776554874.37,174.37,0.43,0.44,0.56,0.57,0.01,0.01,75854.54,1776554872000
1776554874.721,174.721,0.43,0.44,0.56,0.57,0.01,0.01,75854.54,1776554872000
1776554875.201,175.201,0.43,0.44,0.56,0.57,0.01,0.01,75854.55,1776554873000
1776554875.828,175.828,0.43,0.44,0.56,0.57,0.01,0.01,75854.55,1776554874000
1776554876.175,176.175,0.43,0.44,0.56,0.57,0.01,0.01,75854.55,1776554875000
1776554877.025,177.025,0.43,0.44,0.56,0.57,0.01,0.01,75854.55,1776554875000
1776554877.375,177.375,0.43,0.44,0.56,0.57,0.01,0.01,75854.55,1776554875000
1776554877.815,177.815,0.43,0.44,0.56,0.57,0.01,0.01,75854.55,1776554875000
1776554878.472,178.472,0.43,0.44,0.56,0.57,0.01,0.01,75854.52,1776554877000
1776554878.904,178.904,0.43,0.44,0.56,0.57,0.01,0.01,75854.52,1776554877000
1776554879.773,179.773,0.43,0.44,0.56,0.57,0.01,0.01,75854.52,1776554878000
1776554880.432,180.432,0.43,0.44,0.56,0.57,0.01,0.01,75854.52,1776554878000
1776554880.815,180.815,0.43,0.44,0.56,0.57,0.01,0.01,75854.52,1776554879000
1776554881.513,181.513,0.43,0.44,0.56,0.57,0.01,0.01,75854.52,1776554880000
1776554881.863,181.863,0.43,0.44,0.56,0.57,0.01,0.01,75854.52,1776554880000
1776554882.216,182.216,0.43,0.44,0.56,0.57,0.01,0.01,75854.5,1776554881000
1776554883.978,183.978,0.43,0.44,0.56,0.57,0.01,0.01,75854.5,1776554881000
1776554884.507,184.507,0.43,0.44,0.56,0.57,0.01,0.01,75854.08,1776554883000
1776554885.25,185.25,0.45,0.46,0.54,0.57,0.01,0.03,75854.08,1776554883000
1776554885.608,185.608,0.45,0.46,0.54,0.55,0.01,0.01,75851.63,1776554884000
1776554885.988,185.988,0.45,0.46,0.54,0.55,0.01,0.01,75851.63,1776554884000
1776554886.322,186.322,0.46,0.47,0.53,0.55,0.01,0.02,75851.63,1776554884000
1776554886.662,186.662,0.46,0.47,0.53,0.54,0.01,0.01,75854.08,1776554885000
1776554887.305,187.305,0.47,0.48,0.52,0.53,0.01,0.01,75854.07,1776554886000
1776554887.809,187.809,0.47,0.48,0.52,0.53,0.01,0.01,75854.07,1776554886000
1776554888.144,188.144,0.47,0.48,0.52,0.53,0.01,0.01,75854.07,1776554886000
1776554888.588,188.588,0.47,0.48,0.52,0.53,0.01,0.01,75854.07,1776554887000
1776554889.002,189.002,0.47,0.48,0.52,0.53,0.01,0.01,75854.07,1776554887000
1776554890.338,190.338,0.46,0.48,0.52,0.53,0.02,0.01,75854.07,1776554888000
1776554890.673,190.673,0.47,0.48,0.52,0.53,0.01,0.01,75854.06,1776554889000
1776554891.068,191.068,0.47,0.48,0.52,0.53,0.01,0.01,75854.06,1776554889000
1776554891.413,191.413,0.47,0.48,0.52,0.53,0.01,0.01,75854.06,1776554890000
1776554891.859,191.859,0.47,0.48,0.52,0.53,0.01,0.01,75854.06,1776554890000
1776554892.21,192.21,0.47,0.49,0.52,0.53,0.02,0.01,75854.06,1776554890000
1776554892.691,192.691,0.47,0.49,0.51,0.53,0.02,0.02,75854.01,1776554891000
1776554893.314,193.314,0.47,0.49,0.51,0.53,0.02,0.02,75854.01,1776554892000
1776554893.772,193.772,0.47,0.48,0.52,0.53,0.01,0.01,75854.01,1776554892000
1776554894.238,194.238,0.47,0.48,0.52,0.53,0.01,0.01,75854.01,1776554893000
1776554894.73,194.73,0.47,0.48,0.52,0.53,0.01,0.01,75854.01,1776554893000
1776554895.215,195.215,0.47,0.48,0.52,0.53,0.01,0.01,75854.01,1776554893000
1776554895.554,195.554,0.47,0.48,0.52,0.53,0.01,0.01,75853.96,1776554894000
1776554895.932,195.932,0.47,0.48,0.52,0.53,0.01,0.01,75853.96,1776554894000
1776554896.268,196.268,0.47,0.48,0.52,0.53,0.01,0.01,75853.97,1776554895000
1776554896.687,196.687,0.47,0.48,0.52,0.53,0.01,0.01,75853.97,1776554895000
1776554897.148,197.148,0.46,0.48,0.52,0.53,0.02,0.01,75853.97,1776554895000
1776554897.631,197.631,0.46,0.48,0.52,0.54,0.02,0.02,75853.96,1776554896000
1776554898.204,198.204,0.46,0.48,0.52,0.54,0.02,0.02,75853.96,1776554897000
1776554898.722,198.722,0.46,0.47,0.52,0.54,0.01,0.02,75853.96,1776554897000
1776554899.076,199.076,0.46,0.47,0.53,0.54,0.01,0.01,75853.96,1776554897000
1776554899.727,199.727,0.46,0.47,0.53,0.54,0.01,0.01,75853.95,1776554898000
1776554900.361,200.361,0.46,0.47,0.53,0.54,0.01,0.01,75853.95,1776554898000
1776554901.019,201.019,0.46,0.47,0.53,0.54,0.01,0.01,75853.95,1776554898000
1776554901.478,201.478,0.46,0.47,0.53,0.54,0.01,0.01,75853.95,1776554898000
1776554901.848,201.848,0.46,0.47,0.53,0.54,0.01,0.01,75853.96,1776554900000
1776554902.2,202.2,0.46,0.47,0.53,0.54,0.01,0.01,75853.96,1776554901000
1776554902.824,202.824,0.46,0.47,0.53,0.54,0.01,0.01,75853.96,1776554901000
1776554903.266,203.266,0.46,0.47,0.53,0.54,0.01,0.01,75853.96,1776554901000
1776554903.716,203.716,0.46,0.47,0.53,0.54,0.01,0.01,75853.93,1776554902000
1776554904.16,204.16,0.46,0.47,0.53,0.54,0.01,0.01,75853.93,1776554902000
1776554904.634,204.634,0.46,0.47,0.53,0.54,0.01,0.01,75853.93,1776554903000
1776554905.099,205.099,0.46,0.47,0.53,0.54,0.01,0.01,75853.93,1776554903000
1776554905.484,205.484,0.46,0.47,0.53,0.54,0.01,0.01,75853.97,1776554904000
1776554906.27,206.27,0.46,0.47,0.53,0.54,0.01,0.01,75853.96,1776554905000
1776554907.34,207.34,0.46,0.47,0.53,0.54,0.01,0.01,75853.96,1776554906000
1776554907.921,207.921,0.46,0.47,0.53,0.54,0.01,0.01,75853.96,1776554907000
1776554908.48,208.48,0.46,0.47,0.53,0.54,0.01,0.01,75853.96,1776554907000
1776554909.352,209.352,0.46,0.47,0.53,0.54,0.01,0.01,75853.96,1776554908000
1776554909.961,209.961,0.46,0.47,0.53,0.54,0.01,0.01,75853.96,1776554908000
1776554910.417,210.417,0.46,0.47,0.53,0.54,0.01,0.01,75853.94,1776554909000
1776554910.781,210.781,0.46,0.47,0.53,0.54,0.01,0.01,75853.94,1776554909000
1776554911.149,211.149,0.46,0.47,0.53,0.54,0.01,0.01,75853.94,1776554909000
1776554911.519,211.519,0.46,0.47,0.53,0.54,0.01,0.01,75853.94,1776554910000
1776554911.869,211.869,0.46,0.47,0.53,0.54,0.01,0.01,75853.94,1776554910000
1776554912.218,212.218,0.46,0.47,0.53,0.54,0.01,0.01,75853.94,1776554910000
1776554912.585,212.585,0.46,0.49,0.51,0.54,0.03,0.03,75853.94,1776554911000
1776554912.964,212.964,0.46,0.49,0.51,0.54,0.03,0.03,75853.94,1776554911000
1776554913.409,213.409,0.46,0.47,0.53,0.54,0.01,0.01,75860.51,1776554912000
1776554913.752,213.752,0.46,0.5,0.5,0.54,0.04,0.04,75860.51,1776554912000
1776554914.097,214.097,0.49,0.5,0.5,0.51,0.01,0.01,75860.51,1776554913000
1776554914.435,214.435,0.49,0.5,0.5,0.51,0.01,0.01,75860.51,1776554913000
1776554914.914,214.914,0.49,0.5,0.5,0.51,0.01,0.01,75860.51,1776554913000
1776554915.254,215.254,0.49,0.5,0.5,0.51,0.01,0.01,75861.06,1776554914000
1776554915.593,215.593,0.49,0.5,0.5,0.51,0.01,0.01,75861.06,1776554914000
1776554915.931,215.931,0.49,0.5,0.5,0.51,0.01,0.01,75861.06,1776554914000
1776554916.273,216.273,0.49,0.5,0.5,0.51,0.01,0.01,75861.06,1776554914000
1776554916.612,216.612,0.48,0.5,0.5,0.51,0.02,0.01,75859.64,1776554915000
1776554917.075,217.075,0.48,0.49,0.51,0.52,0.01,0.01,75861.08,1776554916000
1776554917.486,217.486,0.48,0.49,0.51,0.52,0.01,0.01,75861.08,1776554916000
1776554917.842,217.842,0.48,0.49,0.51,0.53,0.01,0.02,75861.08,1776554916000
1776554918.194,218.194,0.48,0.49,0.51,0.52,0.01,0.01,75861.08,1776554916000
1776554918.533,218.533,0.48,0.49,0.51,0.53,0.01,0.02,75861.08,1776554917000
1776554918.897,218.897,0.48,0.49,0.51,0.52,0.01,0.01,75861.08,1776554917000
1776554919.344,219.344,0.47,0.48,0.52,0.53,0.01,0.01,75861.1,1776554918000
1776554919.918,219.918,0.47,0.48,0.52,0.53,0.01,0.01,75861.1,1776554918000
1776554920.297,220.297,0.47,0.48,0.52,0.53,0.01,0.01,75861.08,1776554919000
1776554921.087,221.087,0.47,0.48,0.52,0.53,0.01,0.01,75861.08,1776554920000
1776554921.996,221.996,0.47,0.48,0.52,0.53,0.01,0.01,75861.1,1776554921000
1776554922.339,222.339,0.47,0.48,0.52,0.53,0.01,0.01,75861.1,1776554921000
1776554922.746,222.746,0.47,0.48,0.52,0.53,0.01,0.01,75861.1,1776554921000
1776554923.181,223.181,0.47,0.48,0.52,0.53,0.01,0.01,75861.1,1776554922000
1776554923.626,223.626,0.47,0.48,0.52,0.53,0.01,0.01,75861.1,1776554922000
1776554924.066,224.066,0.47,0.48,0.52,0.53,0.01,0.01,75861.1,1776554923000
1776554924.409,224.409,0.47,0.48,0.52,0.53,0.01,0.01,75861.1,1776554923000
1776554924.989,224.989,0.47,0.48,0.52,0.53,0.01,0.01,75861.11,1776554924000
1776554925.333,225.333,0.47,0.48,0.52,0.53,0.01,0.01,75861.11,1776554924000
1776554925.696,225.696,0.46,0.47,0.52,0.55,0.01,0.03,75861.11,1776554924000
1776554926.086,226.086,0.46,0.47,0.53,0.54,0.01,0.01,75861.11,1776554925000
1776554926.923,226.923,0.46,0.47,0.53,0.54,0.01,0.01,75861.11,1776554925000
1776554927.337,227.337,0.46,0.47,0.53,0.54,0.01,0.01,75861.1,1776554926000
1776554927.909,227.909,0.46,0.47,0.53,0.54,0.01,0.01,75861.1,1776554926000
1776554928.923,228.923,0.46,0.47,0.53,0.54,0.01,0.01,75860.97,1776554928000
1776554929.87,229.87,0.46,0.47,0.53,0.54,0.01,0.01,75860.97,1776554929000
1776554930.469,230.469,0.45,0.46,0.53,0.54,0.01,0.01,75860.97,1776554929000
1776554930.879,230.879,0.45,0.46,0.54,0.55,0.01,0.01,75860.97,1776554930000
1776554931.417,231.417,0.45,0.46,0.54,0.55,0.01,0.01,75860.97,1776554930000
1776554931.939,231.939,0.45,0.46,0.54,0.55,0.01,0.01,75860.97,1776554931000
1776554932.402,232.402,0.45,0.46,0.54,0.55,0.01,0.01,75860.97,1776554931000
1776554932.902,232.902,0.45,0.46,0.54,0.55,0.01,0.01,75860.97,1776554932000
1776554934.039,234.039,0.45,0.46,0.54,0.55,0.01,0.01,75860.97,1776554933000
1776554934.63,234.63,0.45,0.46,0.54,0.55,0.01,0.01,75860.97,1776554933000
1776554934.997,234.997,0.45,0.46,0.54,0.55,0.01,0.01,75860.97,1776554934000
1776554935.406,235.406,0.45,0.46,0.54,0.55,0.01,0.01,75860.97,1776554934000
1776554935.972,235.972,0.45,0.46,0.54,0.55,0.01,0.01,75860.97,1776554935000
1776554936.355,236.355,0.45,0.46,0.54,0.55,0.01,0.01,75860.97,1776554935000
1776554936.78,236.78,0.45,0.46,0.54,0.55,0.01,0.01,75860.97,1776554935000
1776554937.7,237.7,0.45,0.46,0.54,0.55,0.01,0.01,75860.97,1776554936000
1776554938.033,238.033,0.45,0.46,0.54,0.55,0.01,0.01,75860.97,1776554937000
1776554938.765,238.765,0.45,0.46,0.54,0.55,0.01,0.01,75860.97,1776554937000
1776554939.436,239.436,0.45,0.46,0.54,0.55,0.01,0.01,75860.97,1776554938000
1776554939.877,239.877,0.45,0.46,0.54,0.55,0.01,0.01,75861.0,1776554939000
1776554940.419,240.419,0.45,0.46,0.54,0.55,0.01,0.01,75861.0,1776554939000
1776554940.777,240.777,0.44,0.45,0.55,0.56,0.01,0.01,75861.0,1776554939000
1776554941.336,241.336,0.44,0.45,0.55,0.56,0.01,0.01,75860.99,1776554940000
1776554941.856,241.856,0.43,0.44,0.55,0.56,0.01,0.01,75860.99,1776554940000
1776554942.47,242.47,0.43,0.44,0.56,0.57,0.01,0.01,75860.94,1776554941000
1776554942.82,242.82,0.43,0.44,0.56,0.57,0.01,0.01,75860.94,1776554941000
1776554943.204,243.204,0.43,0.44,0.56,0.57,0.01,0.01,75860.93,1776554942000
1776554943.555,243.555,0.43,0.44,0.56,0.57,0.01,0.01,75860.93,1776554942000
1776554943.996,243.996,0.43,0.44,0.56,0.57,0.01,0.01,75860.93,1776554942000
1776554944.475,244.475,0.43,0.44,0.56,0.57,0.01,0.01,75860.93,1776554943000
1776554945.183,245.183,0.43,0.44,0.56,0.57,0.01,0.01,75860.93,1776554943000
1776554945.565,245.565,0.43,0.44,0.56,0.57,0.01,0.01,75860.94,1776554944000
1776554945.935,245.935,0.43,0.44,0.56,0.57,0.01,0.01,75860.94,1776554944000
1776554946.455,246.455,0.43,0.44,0.56,0.57,0.01,0.01,75860.94,1776554945000
1776554946.847,246.847,0.43,0.44,0.56,0.57,0.01,0.01,75860.94,1776554945000
1776554947.274,247.274,0.43,0.44,0.56,0.57,0.01,0.01,75860.95,1776554946000
1776554947.639,247.639,0.43,0.44,0.56,0.57,0.01,0.01,75860.95,1776554946000
1776554948.287,248.287,0.43,0.44,0.56,0.57,0.01,0.01,75860.95,1776554946000
1776554948.813,248.813,0.43,0.44,0.56,0.57,0.01,0.01,75860.96,1776554947000
1776554949.153,249.153,0.43,0.44,0.56,0.57,0.01,0.01,75860.96,1776554947000
1776554949.604,249.604,0.43,0.44,0.56,0.57,0.01,0.01,75860.96,1776554948000
1776554950.028,250.028,0.43,0.44,0.56,0.57,0.01,0.01,75860.96,1776554949000
1776554950.393,250.393,0.43,0.44,0.56,0.57,0.01,0.01,75860.96,1776554949000
1776554951.002,251.002,0.44,0.45,0.54,0.57,0.01,0.03,75860.96,1776554949000
1776554951.501,251.501,0.47,0.48,0.52,0.54,0.01,0.02,75860.96,1776554950000
1776554951.915,251.915,0.47,0.5,0.52,0.53,0.03,0.01,75860.96,1776554950000
1776554952.435,252.435,0.48,0.49,0.51,0.52,0.01,0.01,75860.96,1776554951000
1776554952.897,252.897,0.48,0.49,0.51,0.52,0.01,0.01,75860.96,1776554952000
1776554953.447,253.447,0.48,0.49,0.51,0.52,0.01,0.01,75860.96,1776554952000
1776554953.798,253.798,0.48,0.5,0.51,0.52,0.02,0.01,75860.96,1776554952000
1776554954.159,254.159,0.49,0.5,0.5,0.51,0.01,0.01,75860.96,1776554953000
1776554954.59,254.59,0.49,0.5,0.5,0.51,0.01,0.01,75860.96,1776554953000
1776554954.929,254.929,0.49,0.5,0.5,0.51,0.01,0.01,75860.96,1776554953000
1776554955.467,255.467,0.48,0.49,0.5,0.52,0.01,0.02,75860.96,1776554954000
1776554955.894,255.894,0.47,0.48,0.51,0.53,0.01,0.02,75860.96,1776554954000
1776554956.297,256.297,0.44,0.47,0.53,0.54,0.03,0.01,75860.96,1776554954000
1776554956.66,256.66,0.44,0.45,0.55,0.56,0.01,0.01,75860.96,1776554954000
1776554956.996,256.996,0.43,0.45,0.55,0.56,0.02,0.01,75860.95,1776554955000
1776554957.471,257.471,0.43,0.44,0.56,0.57,0.01,0.01,75860.95,1776554955000
1776554957.81,257.81,0.43,0.44,0.56,0.57,0.01,0.01,75860.96,1776554956000
1776554958.473,258.473,0.43,0.44,0.56,0.57,0.01,0.01,75860.96,1776554957000
1776554958.817,258.817,0.43,0.44,0.56,0.57,0.01,0.01,75860.96,1776554957000
1776554959.245,259.245,0.43,0.44,0.56,0.57,0.01,0.01,75860.96,1776554957000
1776554959.814,259.814,0.43,0.44,0.56,0.57,0.01,0.01,75860.96,1776554958000
1776554960.247,260.247,0.43,0.44,0.56,0.57,0.01,0.01,75860.96,1776554959000
1776554960.583,260.583,0.42,0.43,0.56,0.58,0.01,0.02,75860.96,1776554959000
1776554961.169,261.169,0.39,0.41,0.57,0.61,0.02,0.04,75860.96,1776554959000
1776554961.614,261.614,0.39,0.4,0.6,0.61,0.01,0.01,75860.97,1776554960000
1776554962.058,262.058,0.38,0.4,0.6,0.61,0.02,0.01,75860.97,1776554961000
1776554962.622,262.622,0.38,0.39,0.61,0.62,0.01,0.01,75860.97,1776554961000
1776554963.012,263.012,0.38,0.39,0.61,0.62,0.01,0.01,75860.98,1776554962000
1776554963.789,263.789,0.37,0.39,0.61,0.62,0.02,0.01,75860.98,1776554962000
1776554964.225,264.225,0.37,0.38,0.62,0.63,0.01,0.01,75860.98,1776554963000
1776554964.691,264.691,0.37,0.38,0.62,0.63,0.01,0.01,75860.98,1776554963000
1776554965.297,265.297,0.36,0.37,0.63,0.64,0.01,0.01,75860.98,1776554964000
1776554965.739,265.739,0.35,0.36,0.63,0.65,0.01,0.02,75860.98,1776554964000
1776554966.209,266.209,0.35,0.36,0.64,0.65,0.01,0.01,75860.98,1776554964000
1776554966.781,266.781,0.35,0.36,0.64,0.65,0.01,0.01,75860.98,1776554965000
1776554967.117,267.117,0.34,0.35,0.65,0.66,0.01,0.01,75860.98,1776554966000
1776554967.532,267.532,0.34,0.35,0.65,0.66,0.01,0.01,75860.98,1776554966000
1776554967.944,267.944,0.33,0.34,0.65,0.67,0.01,0.02,75860.98,1776554966000
1776554968.292,268.292,0.32,0.33,0.66,0.68,0.01,0.02,75860.98,1776554967000
1776554968.651,268.651,0.32,0.33,0.67,0.68,0.01,0.01,75860.98,1776554967000
1776554969.226,269.226,0.32,0.33,0.67,0.68,0.01,0.01,75860.99,1776554968000
1776554969.787,269.787,0.34,0.35,0.65,0.66,0.01,0.01,75860.99,1776554968000
1776554970.135,270.135,0.34,0.35,0.56,0.66,0.01,0.1,75860.99,1776554968000
1776554970.561,270.561,0.38,0.39,0.61,0.62,0.01,0.01,75860.99,1776554969000
1776554971.009,271.009,0.38,0.39,0.61,0.62,0.01,0.01,75860.99,1776554969000
1776554971.507,271.507,0.38,0.39,0.61,0.62,0.01,0.01,75860.99,1776554970000
1776554971.842,271.842,0.33,0.34,0.61,0.66,0.01,0.05,75860.99,1776554970000
1776554972.349,272.349,0.33,0.34,0.66,0.67,0.01,0.01,75860.97,1776554971000
1776554972.695,272.695,0.33,0.34,0.66,0.67,0.01,0.01,75860.97,1776554971000
1776554973.029,273.029,0.32,0.34,0.66,0.68,0.02,0.02,75860.97,1776554972000
1776554973.373,273.373,0.2,0.28,0.71,0.8,0.08,0.09,75860.97,1776554972000
1776554973.731,273.731,0.25,0.26,0.74,0.75,0.01,0.01,75860.97,1776554972000
1776554974.085,274.085,0.19,0.21,0.79,0.8,0.02,0.01,75860.97,1776554972000
1776554974.561,274.561,0.18,0.19,0.81,0.82,0.01,0.01,75860.94,1776554973000
1776554974.924,274.924,0.15,0.16,0.84,0.85,0.01,0.01,75860.94,1776554973000
1776554975.281,275.281,0.15,0.16,0.84,0.85,0.01,0.01,75853.82,1776554974000
1776554975.645,275.645,0.15,0.16,0.84,0.85,0.01,0.01,75853.82,1776554974000
1776554976.003,276.003,0.14,0.15,0.85,0.86,0.01,0.01,75848.68,1776554975000
1776554976.409,276.409,0.16,0.17,0.82,0.84,0.01,0.02,75848.68,1776554975000
1776554976.749,276.749,0.16,0.17,0.83,0.84,0.01,0.01,75848.68,1776554975000
1776554977.091,277.091,0.16,0.17,0.83,0.84,0.01,0.01,75848.68,1776554975000
1776554977.491,277.491,0.16,0.17,0.83,0.84,0.01,0.01,75846.19,1776554976000
1776554977.834,277.834,0.16,0.17,0.83,0.84,0.01,0.01,75846.19,1776554976000
1776554978.167,278.167,0.16,0.17,0.83,0.84,0.01,0.01,75846.19,1776554976000
1776554978.578,278.578,0.16,0.17,0.83,0.84,0.01,0.01,75846.09,1776554977000
1776554978.967,278.967,0.16,0.17,0.83,0.84,0.01,0.01,75846.09,1776554977000
1776554979.324,279.324,0.16,0.17,0.83,0.84,0.01,0.01,75847.92,1776554978000
1776554979.712,279.712,0.17,0.27,0.82,0.83,0.1,0.01,75847.92,1776554978000
1776554980.209,280.209,0.19,0.2,0.8,0.81,0.01,0.01,75847.92,1776554978000
1776554980.601,280.601,0.18,0.19,0.81,0.82,0.01,0.01,75848.13,1776554979000
1776554980.959,280.959,0.17,0.18,0.82,0.83,0.01,0.01,75848.03,1776554980000
1776554981.331,281.331,0.17,0.18,0.82,0.83,0.01,0.01,75848.03,1776554980000
1776554981.691,281.691,0.17,0.18,0.82,0.83,0.01,0.01,75848.03,1776554980000
1776554982.127,282.127,0.25,0.26,0.72,0.83,0.01,0.11,75848.12,1776554981000
1776554982.464,282.464,0.25,0.26,0.74,0.75,0.01,0.01,75848.12,1776554981000
1776554982.848,282.848,0.25,0.26,0.74,0.75,0.01,0.01,75848.12,1776554981000
1776554983.241,283.241,0.23,0.38,0.75,0.78,0.15,0.03,75848.13,1776554982000
1776554983.599,283.599,0.27,0.38,0.61,0.77,0.11,0.16,75848.13,1776554982000
1776554983.934,283.934,0.31,0.32,0.68,0.69,0.01,0.01,75848.13,1776554982000
1776554984.494,284.494,0.31,0.32,0.68,0.69,0.01,0.01,75848.13,1776554982000
1776554984.831,284.831,0.35,0.36,0.64,0.65,0.01,0.01,75848.13,1776554983000
1776554985.245,285.245,0.35,0.36,0.64,0.65,0.01,0.01,75848.11,1776554984000
1776554985.663,285.663,0.35,0.36,0.64,0.65,0.01,0.01,75848.11,1776554984000
1776554986.11,286.11,0.35,0.36,0.64,0.65,0.01,0.01,75848.11,1776554984000
1776554986.467,286.467,0.34,0.35,0.65,0.66,0.01,0.01,75848.11,1776554984000
1776554986.877,286.877,0.28,0.29,0.7,0.72,0.01,0.02,75848.09,1776554985000
1776554987.235,287.235,0.35,0.36,0.64,0.65,0.01,0.01,75848.09,1776554985000
1776554987.568,287.568,0.35,0.36,0.61,0.65,0.01,0.04,75848.11,1776554986000
1776554987.902,287.902,0.61,0.62,0.38,0.39,0.01,0.01,75848.11,1776554986000
1776554988.289,288.289,0.64,0.65,0.35,0.39,0.01,0.04,75848.11,1776554986000
1776554988.689,288.689,0.64,0.66,0.35,0.36,0.02,0.01,75848.16,1776554987000
1776554989.052,289.052,0.66,0.67,0.33,0.34,0.01,0.01,75848.16,1776554987000
1776554989.403,289.403,0.66,0.67,0.33,0.34,0.01,0.01,75848.11,1776554988000
1776554989.812,289.812,0.68,0.69,0.31,0.33,0.01,0.02,75848.11,1776554988000
1776554990.199,290.199,0.68,0.69,0.31,0.32,0.01,0.01,75848.11,1776554988000
1776554990.559,290.559,0.68,0.69,0.31,0.32,0.01,0.01,75848.11,1776554989000
1776554990.995,290.995,0.75,0.76,0.22,0.27,0.01,0.05,75848.11,1776554989000
1776554991.332,291.332,0.79,0.85,0.15,0.21,0.06,0.06,75848.04,1776554990000
1776554991.667,291.667,0.83,0.84,0.15,0.18,0.01,0.03,75848.04,1776554990000
1776554992.002,292.002,0.7,0.71,0.29,0.3,0.01,0.01,75848.04,1776554990000
1776554992.339,292.339,0.71,0.72,0.28,0.3,0.01,0.02,75848.04,1776554990000
1776554992.673,292.673,0.7,0.74,0.29,0.3,0.04,0.01,75848.04,1776554991000
1776554993.019,293.019,0.7,0.71,0.29,0.3,0.01,0.01,75848.04,1776554991000
1776554993.376,293.376,0.61,0.7,0.3,0.31,0.09,0.01,75848,1776554992000
1776554993.804,293.804,0.69,0.7,0.3,0.31,0.01,0.01,75848,1776554992000
1776554994.269,294.269,0.69,0.7,0.3,0.31,0.01,0.01,75847.92,1776554993000
1776554994.817,294.817,0.61,0.75,0.25,0.26,0.14,0.01,75847.92,1776554993000
1776554995.165,295.165,0.74,0.75,0.25,0.39,0.01,0.14,75847.92,1776554993000
1776554995.526,295.526,0.76,0.77,0.23,0.24,0.01,0.01,75847.36,1776554994000
1776554995.865,295.865,0.68,0.77,0.23,0.39,0.09,0.16,75847.36,1776554994000
1776554996.2,296.2,0.66,0.69,0.3,0.34,0.03,0.04,75847.36,1776554994000
1776554996.537,296.537,0.51,0.63,0.35,0.39,0.12,0.04,75847.36,1776554994000
1776554996.875,296.875,0.56,0.57,0.43,0.44,0.01,0.01,75846.81,1776554995000
1776554997.211,297.211,0.6,0.61,0.38,0.41,0.01,0.03,75847.15,1776554996000
1776554997.547,297.547,0.46,0.5,0.49,0.55,0.04,0.06,75847.15,1776554996000
1776554997.894,297.894,0.26,0.29,0.66,0.74,0.03,0.08,75847.15,1776554996000
1776554998.227,298.227,0.1,0.11,0.89,0.9,0.01,0.01,75847.15,1776554996000
1776554998.594,298.594,0.02,0.09,0.91,0.92,0.07,0.01,75845.28,1776554997000
1776554998.931,298.931,0.01,0.02,0.98,0.99,0.01,0.01,75845.28,1776554997000
1776554999.279,299.279,0.01,0.01,0.99,0.99,0.0,0.0,75845.28,1776554997000
1776554999.638,299.638,0.01,0.01,0.99,0.99,0.0,0.0,75844.08,1776554998000
1776555000.139,300.139,0.01,0.01,0.99,0.99,0.0,0.0,75844.08,1776554998000
1776555000.611,300.611,0.01,0.01,0.99,0.99,0.0,0.0,75844.08,1776554998000
1776555000.993,300.993,0.01,0.01,0.99,0.99,0.0,0.0,75839.52,1776554999000

# RESULT,winner=Down,slug=btc-updown-5m-1776554700,ticks=628
