timestamp,elapsed_sec,up_bid,up_ask,down_bid,down_ask,up_spread,down_spread,btc_price,btc_oracle_ts
1776215100.537,0.537,0.4,0.43,0.59,0.6,0.03,0.01,74665.64,1776215099000
1776215100.899,0.899,0.45,0.46,0.54,0.55,0.01,0.01,74665.64,1776215099000
1776215101.371,1.371,0.45,0.46,0.54,0.55,0.01,0.01,74664.48,1776215100000
1776215101.719,1.719,0.44,0.45,0.55,0.56,0.01,0.01,74664.48,1776215100000
1776215102.277,2.277,0.44,0.45,0.55,0.56,0.01,0.01,74664.48,1776215101000
1776215102.651,2.651,0.44,0.45,0.55,0.56,0.01,0.01,74664.48,1776215101000
1776215103.153,3.153,0.44,0.45,0.55,0.56,0.01,0.01,74664.25,1776215102000
1776215103.493,3.493,0.45,0.46,0.51,0.56,0.01,0.05,74664.25,1776215102000
1776215103.912,3.912,0.45,0.46,0.54,0.55,0.01,0.01,74664.25,1776215103000
1776215104.274,4.274,0.47,0.48,0.52,0.53,0.01,0.01,74664.25,1776215103000
1776215104.801,4.801,0.48,0.49,0.51,0.52,0.01,0.01,74664.25,1776215103000
1776215105.22,5.22,0.49,0.5,0.5,0.51,0.01,0.01,74664.25,1776215104000
1776215105.555,5.555,0.49,0.5,0.5,0.51,0.01,0.01,74664.25,1776215104000
1776215105.952,5.952,0.49,0.5,0.5,0.51,0.01,0.01,74664.25,1776215104000
1776215106.368,6.368,0.47,0.48,0.5,0.53,0.01,0.03,74664.25,1776215105000
1776215106.707,6.707,0.46,0.48,0.52,0.53,0.02,0.01,74664.25,1776215105000
1776215107.102,7.102,0.46,0.47,0.52,0.54,0.01,0.02,74664.25,1776215105000
1776215107.49,7.49,0.46,0.47,0.53,0.54,0.01,0.01,74664.25,1776215106000
1776215107.922,7.922,0.46,0.47,0.53,0.54,0.01,0.01,74664.25,1776215106000
1776215108.716,8.716,0.46,0.47,0.53,0.54,0.01,0.01,74664.25,1776215107000
1776215109.144,9.144,0.46,0.47,0.53,0.54,0.01,0.01,74664.25,1776215108000
1776215109.916,9.916,0.46,0.47,0.53,0.54,0.01,0.01,74664.25,1776215108000
1776215110.335,10.335,0.46,0.47,0.53,0.54,0.01,0.01,74664.25,1776215108000
1776215110.698,10.698,0.46,0.47,0.53,0.54,0.01,0.01,74664.25,1776215109000
1776215111.035,11.035,0.47,0.48,0.51,0.53,0.01,0.02,74664.25,1776215109000
1776215111.385,11.385,0.47,0.48,0.52,0.53,0.01,0.01,74664.25,1776215110000
1776215111.786,11.786,0.48,0.5,0.51,0.53,0.02,0.02,74664.25,1776215110000
1776215112.216,12.216,0.48,0.5,0.51,0.52,0.02,0.01,74664.25,1776215110000
1776215112.567,12.567,0.49,0.5,0.5,0.51,0.01,0.01,74664.25,1776215111000
1776215112.91,12.91,0.49,0.5,0.5,0.51,0.01,0.01,74664.25,1776215111000
1776215113.29,13.29,0.49,0.5,0.5,0.51,0.01,0.01,74664.25,1776215112000
1776215113.644,13.644,0.5,0.51,0.49,0.51,0.01,0.02,74664.25,1776215112000
1776215114.038,14.038,0.5,0.51,0.49,0.5,0.01,0.01,74664.47,1776215113000
1776215114.508,14.508,0.5,0.51,0.49,0.5,0.01,0.01,74664.47,1776215113000
1776215114.867,14.867,0.5,0.51,0.49,0.5,0.01,0.01,74664.47,1776215113000
1776215115.213,15.213,0.5,0.51,0.49,0.5,0.01,0.01,74664.76,1776215114000
1776215115.71,15.71,0.5,0.51,0.49,0.5,0.01,0.01,74664.76,1776215114000
1776215116.126,16.126,0.5,0.51,0.49,0.5,0.01,0.01,74664.76,1776215114000
1776215116.724,16.724,0.5,0.51,0.49,0.5,0.01,0.01,74664.76,1776215115000
1776215117.109,17.109,0.5,0.51,0.49,0.5,0.01,0.01,74664.76,1776215115000
1776215117.706,17.706,0.5,0.51,0.49,0.5,0.01,0.01,74664.88,1776215116000
1776215118.045,18.045,0.5,0.51,0.49,0.5,0.01,0.01,74664.88,1776215117000
1776215118.494,18.494,0.5,0.51,0.49,0.5,0.01,0.01,74664.88,1776215117000
1776215118.867,18.867,0.49,0.5,0.5,0.51,0.01,0.01,74664.88,1776215117000
1776215119.653,19.653,0.49,0.5,0.5,0.51,0.01,0.01,74665.04,1776215118000
1776215120.085,20.085,0.49,0.5,0.5,0.51,0.01,0.01,74665.04,1776215118000
1776215120.432,20.432,0.49,0.5,0.5,0.51,0.01,0.01,74663.7,1776215119000
1776215120.923,20.923,0.49,0.5,0.5,0.51,0.01,0.01,74663.7,1776215119000
1776215121.36,21.36,0.49,0.5,0.5,0.51,0.01,0.01,74663.7,1776215119000
1776215121.705,21.705,0.49,0.5,0.49,0.51,0.01,0.02,74663.7,1776215120000
1776215122.134,22.134,0.49,0.5,0.5,0.51,0.01,0.01,74663.7,1776215121000
1776215123.104,23.104,0.49,0.5,0.5,0.51,0.01,0.01,74665.66,1776215122000
1776215123.442,23.442,0.54,0.56,0.44,0.46,0.02,0.02,74665.66,1776215122000
1776215123.78,23.78,0.54,0.55,0.45,0.46,0.01,0.01,74665.66,1776215122000
1776215124.202,24.202,0.57,0.58,0.42,0.43,0.01,0.01,74674.38,1776215123000
1776215124.547,24.547,0.57,0.58,0.42,0.43,0.01,0.01,74674.38,1776215123000
1776215125.128,25.128,0.57,0.58,0.42,0.43,0.01,0.01,74674.38,1776215123000
1776215125.488,25.488,0.57,0.58,0.42,0.43,0.01,0.01,74675.05,1776215124000
1776215125.975,25.975,0.57,0.58,0.42,0.43,0.01,0.01,74675.05,1776215124000
1776215126.332,26.332,0.57,0.58,0.42,0.43,0.01,0.01,74675.05,1776215124000
1776215126.685,26.685,0.57,0.58,0.42,0.43,0.01,0.01,74675.05,1776215124000
1776215127.134,27.134,0.56,0.57,0.43,0.45,0.01,0.02,74675.05,1776215125000
1776215127.561,27.561,0.56,0.57,0.43,0.44,0.01,0.01,74675.05,1776215126000
1776215128.054,28.054,0.56,0.57,0.43,0.44,0.01,0.01,74675.05,1776215126000
1776215128.399,28.399,0.56,0.57,0.43,0.44,0.01,0.01,74675.05,1776215127000
1776215129.548,29.548,0.56,0.57,0.43,0.44,0.01,0.01,74675.05,1776215127000
1776215130.154,30.154,0.56,0.57,0.43,0.44,0.01,0.01,74681.64,1776215128000
1776215130.495,30.495,0.58,0.63,0.37,0.42,0.05,0.05,74681.64,1776215128000
1776215130.909,30.909,0.57,0.59,0.39,0.43,0.02,0.04,74686.52,1776215129000
1776215131.283,31.283,0.58,0.6,0.39,0.42,0.02,0.03,74686.36,1776215130000
1776215131.648,31.648,0.59,0.6,0.4,0.41,0.01,0.01,74686.36,1776215130000
1776215132.129,32.129,0.59,0.6,0.4,0.41,0.01,0.01,74686.36,1776215130000
1776215132.517,32.517,0.59,0.6,0.4,0.41,0.01,0.01,74686.36,1776215130000
1776215132.858,32.858,0.59,0.6,0.4,0.41,0.01,0.01,74686.36,1776215130000
1776215133.193,33.193,0.59,0.6,0.4,0.41,0.01,0.01,74685.37,1776215131000
1776215133.529,33.529,0.59,0.6,0.4,0.41,0.01,0.01,74685.37,1776215132000
1776215133.95,33.95,0.6,0.61,0.39,0.4,0.01,0.01,74685.37,1776215132000
1776215134.291,34.291,0.6,0.61,0.39,0.4,0.01,0.01,74685.37,1776215132000
1776215134.931,34.931,0.6,0.61,0.39,0.4,0.01,0.01,74685.54,1776215133000
1776215135.39,35.39,0.6,0.61,0.39,0.4,0.01,0.01,74685.54,1776215134000
1776215136.233,36.233,0.6,0.61,0.39,0.4,0.01,0.01,74685.54,1776215134000
1776215136.676,36.676,0.6,0.61,0.39,0.4,0.01,0.01,74685.29,1776215135000
1776215137.055,37.055,0.6,0.61,0.39,0.4,0.01,0.01,74685.29,1776215135000
1776215137.51,37.51,0.59,0.6,0.39,0.41,0.01,0.02,74685.29,1776215136000
1776215137.974,37.974,0.59,0.6,0.4,0.41,0.01,0.01,74685.29,1776215136000
1776215138.45,38.45,0.59,0.6,0.4,0.41,0.01,0.01,74685.29,1776215136000
1776215139.29,39.29,0.59,0.6,0.4,0.41,0.01,0.01,74685.86,1776215138000
1776215139.624,39.624,0.6,0.61,0.39,0.41,0.01,0.02,74685.86,1776215138000
1776215140.043,40.043,0.6,0.61,0.39,0.4,0.01,0.01,74685.86,1776215138000
1776215140.386,40.386,0.6,0.61,0.39,0.4,0.01,0.01,74685.67,1776215139000
1776215140.76,40.76,0.6,0.61,0.39,0.4,0.01,0.01,74685.67,1776215139000
1776215141.136,41.136,0.6,0.61,0.39,0.4,0.01,0.01,74685.67,1776215139000
1776215141.543,41.543,0.64,0.67,0.33,0.36,0.03,0.03,74686.18,1776215140000
1776215141.934,41.934,0.67,0.68,0.32,0.33,0.01,0.01,74686.18,1776215140000
1776215142.289,42.289,0.66,0.68,0.32,0.33,0.02,0.01,74686.33,1776215141000
1776215142.74,42.74,0.67,0.68,0.32,0.35,0.01,0.03,74686.33,1776215141000
1776215143.077,43.077,0.67,0.68,0.32,0.33,0.01,0.01,74686.33,1776215141000
1776215143.466,43.466,0.67,0.68,0.32,0.33,0.01,0.01,74686.33,1776215141000
1776215143.841,43.841,0.67,0.68,0.32,0.33,0.01,0.01,74686.33,1776215141000
1776215144.345,44.345,0.67,0.68,0.32,0.35,0.01,0.03,74694.65,1776215142000
1776215144.746,44.746,0.67,0.68,0.33,0.34,0.01,0.01,74694.88,1776215143000
1776215145.079,45.079,0.67,0.68,0.32,0.33,0.01,0.01,74694.88,1776215143000
1776215145.414,45.414,0.67,0.69,0.31,0.33,0.02,0.02,74694.88,1776215144000
1776215145.797,45.797,0.68,0.69,0.31,0.32,0.01,0.01,74694.88,1776215144000
1776215146.14,46.14,0.68,0.7,0.3,0.32,0.02,0.02,74695.89,1776215145000
1776215146.493,46.493,0.69,0.7,0.3,0.31,0.01,0.01,74695.89,1776215145000
1776215146.854,46.854,0.69,0.7,0.29,0.31,0.01,0.02,74695.89,1776215145000
1776215147.328,47.328,0.71,0.72,0.28,0.3,0.01,0.02,74697.92,1776215146000
1776215147.704,47.704,0.71,0.72,0.28,0.29,0.01,0.01,74697.92,1776215146000
1776215148.041,48.041,0.71,0.72,0.28,0.29,0.01,0.01,74701.01,1776215147000
1776215148.838,48.838,0.71,0.72,0.28,0.3,0.01,0.02,74701.01,1776215147000
1776215149.807,49.807,0.7,0.72,0.28,0.29,0.02,0.01,74703.49,1776215148000
1776215150.156,50.156,0.7,0.71,0.28,0.3,0.01,0.02,74704.83,1776215149000
1776215150.641,50.641,0.69,0.72,0.28,0.3,0.03,0.02,74704.83,1776215149000
1776215150.992,50.992,0.66,0.7,0.3,0.34,0.04,0.04,74704.83,1776215149000
1776215151.346,51.346,0.65,0.67,0.33,0.35,0.02,0.02,74704.52,1776215150000
1776215151.75,51.75,0.64,0.65,0.35,0.36,0.01,0.01,74704.52,1776215150000
1776215152.108,52.108,0.64,0.65,0.35,0.36,0.01,0.01,74702.89,1776215151000
1776215152.459,52.459,0.63,0.65,0.35,0.37,0.02,0.02,74702.89,1776215151000
1776215152.828,52.828,0.62,0.65,0.35,0.38,0.03,0.03,74702.89,1776215151000
1776215153.181,53.181,0.63,0.64,0.36,0.37,0.01,0.01,74695.76,1776215152000
1776215153.569,53.569,0.63,0.64,0.36,0.37,0.01,0.01,74695.76,1776215152000
1776215153.937,53.937,0.63,0.64,0.36,0.37,0.01,0.01,74695.76,1776215152000
1776215154.357,54.357,0.63,0.64,0.36,0.38,0.01,0.02,74695.76,1776215153000
1776215154.832,54.832,0.63,0.64,0.36,0.37,0.01,0.01,74695.76,1776215153000
1776215155.172,55.172,0.63,0.64,0.36,0.37,0.01,0.01,74695.76,1776215153000
1776215155.51,55.51,0.63,0.64,0.36,0.38,0.01,0.02,74694.72,1776215154000
1776215155.964,55.964,0.61,0.64,0.36,0.38,0.03,0.02,74694.72,1776215154000
1776215156.333,56.333,0.61,0.64,0.36,0.39,0.03,0.03,74694.47,1776215155000
1776215156.68,56.68,0.6,0.61,0.39,0.4,0.01,0.01,74694.47,1776215155000
1776215157.085,57.085,0.59,0.61,0.39,0.41,0.02,0.02,74694.47,1776215155000
1776215157.482,57.482,0.59,0.6,0.4,0.41,0.01,0.01,74688.12,1776215156000
1776215158.037,58.037,0.57,0.58,0.4,0.43,0.01,0.03,74688.12,1776215156000
1776215158.456,58.456,0.57,0.58,0.42,0.43,0.01,0.01,74687.04,1776215157000
1776215158.829,58.829,0.57,0.58,0.42,0.43,0.01,0.01,74687.04,1776215157000
1776215159.201,59.201,0.57,0.58,0.42,0.43,0.01,0.01,74687.04,1776215157000
1776215159.591,59.591,0.56,0.57,0.42,0.44,0.01,0.02,74686.02,1776215158000
1776215160.033,60.033,0.55,0.56,0.43,0.44,0.01,0.01,74686.02,1776215158000
1776215160.383,60.383,0.56,0.57,0.43,0.44,0.01,0.01,74686.02,1776215158000
1776215160.759,60.759,0.56,0.58,0.43,0.44,0.02,0.01,74683.59,1776215159000
1776215161.123,61.123,0.58,0.59,0.41,0.42,0.01,0.01,74683.59,1776215159000
1776215161.475,61.475,0.58,0.59,0.41,0.42,0.01,0.01,74682.99,1776215160000
1776215161.827,61.827,0.58,0.6,0.41,0.42,0.02,0.01,74682.99,1776215160000
1776215162.302,62.302,0.59,0.6,0.4,0.42,0.01,0.02,74682.99,1776215160000
1776215162.717,62.717,0.6,0.61,0.39,0.41,0.01,0.02,74681.62,1776215161000
1776215163.084,63.084,0.6,0.61,0.39,0.4,0.01,0.01,74681.62,1776215162000
1776215163.507,63.507,0.59,0.61,0.4,0.41,0.02,0.01,74681.62,1776215162000
1776215163.851,63.851,0.6,0.61,0.39,0.4,0.01,0.01,74681.62,1776215162000
1776215164.349,64.349,0.6,0.61,0.39,0.4,0.01,0.01,74681.5,1776215163000
1776215164.703,64.703,0.6,0.61,0.39,0.4,0.01,0.01,74681.5,1776215163000
1776215165.122,65.122,0.6,0.61,0.39,0.4,0.01,0.01,74681.5,1776215163000
1776215165.466,65.466,0.6,0.61,0.39,0.4,0.01,0.01,74682.05,1776215164000
1776215165.802,65.802,0.6,0.61,0.39,0.4,0.01,0.01,74682.05,1776215164000
1776215166.291,66.291,0.6,0.61,0.39,0.4,0.01,0.01,74682.05,1776215164000
1776215166.745,66.745,0.6,0.61,0.39,0.4,0.01,0.01,74683.26,1776215165000
1776215167.152,67.152,0.6,0.61,0.39,0.4,0.01,0.01,74683.26,1776215165000
1776215167.717,67.717,0.6,0.61,0.39,0.4,0.01,0.01,74683.42,1776215166000
1776215168.095,68.095,0.6,0.61,0.39,0.4,0.01,0.01,74683.42,1776215166000
1776215168.502,68.502,0.6,0.61,0.39,0.4,0.01,0.01,74683.63,1776215167000
1776215169.123,69.123,0.6,0.61,0.39,0.4,0.01,0.01,74683.63,1776215167000
1776215169.524,69.524,0.61,0.62,0.38,0.4,0.01,0.02,74683.63,1776215167000
1776215169.911,69.911,0.61,0.62,0.38,0.39,0.01,0.01,74685.5,1776215168000
1776215170.332,70.332,0.61,0.62,0.38,0.39,0.01,0.01,74685.6,1776215169000
1776215170.672,70.672,0.61,0.63,0.38,0.39,0.02,0.01,74685.6,1776215169000
1776215171.071,71.071,0.63,0.64,0.36,0.37,0.01,0.01,74685.6,1776215169000
1776215171.432,71.432,0.63,0.64,0.36,0.37,0.01,0.01,74685.86,1776215170000
1776215171.792,71.792,0.64,0.65,0.35,0.36,0.01,0.01,74685.86,1776215170000
1776215172.152,72.152,0.62,0.65,0.35,0.36,0.03,0.01,74686.01,1776215171000
1776215172.633,72.633,0.63,0.64,0.35,0.38,0.01,0.03,74686.01,1776215171000
1776215173.067,73.067,0.63,0.64,0.36,0.37,0.01,0.01,74686.01,1776215171000
1776215173.551,73.551,0.63,0.64,0.36,0.37,0.01,0.01,74686.01,1776215171000
1776215173.899,73.899,0.63,0.64,0.36,0.37,0.01,0.01,74687.12,1776215172000
1776215174.285,74.285,0.61,0.64,0.36,0.37,0.03,0.01,74687.12,1776215172000
1776215174.763,74.763,0.63,0.64,0.36,0.37,0.01,0.01,74687.12,1776215173000
1776215175.111,75.111,0.63,0.64,0.36,0.37,0.01,0.01,74687.12,1776215173000
1776215175.513,75.513,0.63,0.64,0.36,0.37,0.01,0.01,74687.59,1776215174000
1776215175.858,75.858,0.64,0.65,0.35,0.36,0.01,0.01,74687.59,1776215174000
1776215176.296,76.296,0.64,0.65,0.35,0.36,0.01,0.01,74687.7,1776215175000
1776215176.667,76.667,0.64,0.66,0.34,0.35,0.02,0.01,74687.7,1776215175000
1776215177.092,77.092,0.65,0.66,0.34,0.35,0.01,0.01,74687.7,1776215175000
1776215177.46,77.46,0.65,0.66,0.33,0.35,0.01,0.02,74687.7,1776215175000
1776215177.998,77.998,0.67,0.68,0.33,0.35,0.01,0.02,74690.14,1776215176000
1776215178.346,78.346,0.67,0.68,0.32,0.33,0.01,0.01,74691.89,1776215177000
1776215178.699,78.699,0.67,0.68,0.32,0.33,0.01,0.01,74691.89,1776215177000
1776215179.071,79.071,0.67,0.68,0.32,0.33,0.01,0.01,74691.89,1776215177000
1776215179.408,79.408,0.67,0.68,0.32,0.33,0.01,0.01,74691.89,1776215177000
1776215179.851,79.851,0.68,0.69,0.31,0.32,0.01,0.01,74695.67,1776215178000
1776215180.208,80.208,0.68,0.69,0.31,0.32,0.01,0.01,74696.53,1776215179000
1776215180.652,80.652,0.68,0.69,0.31,0.32,0.01,0.01,74696.53,1776215179000
1776215181.236,81.236,0.68,0.69,0.31,0.32,0.01,0.01,74696.53,1776215179000
1776215181.602,81.602,0.68,0.7,0.31,0.32,0.02,0.01,74700.56,1776215180000
1776215181.997,81.997,0.68,0.7,0.3,0.32,0.02,0.02,74700.56,1776215180000
1776215182.338,82.338,0.68,0.7,0.3,0.32,0.02,0.02,74701.76,1776215181000
1776215182.692,82.692,0.69,0.71,0.29,0.31,0.02,0.02,74701.76,1776215181000
1776215183.086,83.086,0.71,0.73,0.27,0.29,0.02,0.02,74701.76,1776215181000
1776215183.518,83.518,0.73,0.75,0.25,0.27,0.02,0.02,74718.07,1776215182000
1776215183.891,83.891,0.75,0.76,0.24,0.25,0.01,0.01,74718.07,1776215182000
1776215184.238,84.238,0.75,0.76,0.24,0.25,0.01,0.01,74718.07,1776215182000
1776215184.63,84.63,0.77,0.78,0.22,0.23,0.01,0.01,74725.99,1776215183000
1776215184.969,84.969,0.78,0.8,0.21,0.22,0.02,0.01,74725.99,1776215183000
1776215185.317,85.317,0.78,0.8,0.2,0.22,0.02,0.02,74734.47,1776215184000
1776215185.669,85.669,0.78,0.79,0.21,0.22,0.01,0.01,74734.47,1776215184000
1776215186.013,86.013,0.79,0.8,0.19,0.21,0.01,0.02,74734.47,1776215184000
1776215186.386,86.386,0.8,0.81,0.19,0.2,0.01,0.01,74737.02,1776215185000
1776215186.755,86.755,0.8,0.81,0.19,0.2,0.01,0.01,74737.02,1776215185000
1776215187.13,87.13,0.81,0.82,0.18,0.19,0.01,0.01,74737.02,1776215185000
1776215187.529,87.529,0.81,0.82,0.18,0.19,0.01,0.01,74737.58,1776215186000
1776215187.865,87.865,0.79,0.82,0.18,0.2,0.03,0.02,74737.58,1776215186000
1776215188.386,88.386,0.78,0.79,0.21,0.22,0.01,0.01,74738.07,1776215187000
1776215188.82,88.82,0.78,0.79,0.21,0.22,0.01,0.01,74738.07,1776215187000
1776215189.194,89.194,0.78,0.79,0.21,0.22,0.01,0.01,74738.07,1776215187000
1776215189.567,89.567,0.78,0.79,0.21,0.22,0.01,0.01,74737.55,1776215188000
1776215189.982,89.982,0.78,0.79,0.21,0.22,0.01,0.01,74737.55,1776215188000
1776215190.394,90.394,0.78,0.79,0.21,0.22,0.01,0.01,74737.55,1776215188000
1776215190.734,90.734,0.78,0.79,0.21,0.22,0.01,0.01,74735.24,1776215189000
1776215191.09,91.09,0.78,0.79,0.21,0.22,0.01,0.01,74735.07,1776215190000
1776215191.44,91.44,0.78,0.79,0.21,0.22,0.01,0.01,74735.07,1776215190000
1776215191.786,91.786,0.79,0.8,0.2,0.22,0.01,0.02,74735.07,1776215190000
1776215192.125,92.125,0.79,0.8,0.2,0.21,0.01,0.01,74735.07,1776215191000
1776215192.469,92.469,0.8,0.81,0.19,0.2,0.01,0.01,74735.07,1776215191000
1776215192.935,92.935,0.8,0.81,0.19,0.2,0.01,0.01,74735.31,1776215192000
1776215193.277,93.277,0.81,0.83,0.18,0.19,0.02,0.01,74735.31,1776215192000
1776215193.638,93.638,0.81,0.82,0.18,0.19,0.01,0.01,74735.31,1776215192000
1776215194.022,94.022,0.81,0.82,0.18,0.19,0.01,0.01,74735.85,1776215193000
1776215194.377,94.377,0.81,0.82,0.18,0.19,0.01,0.01,74735.85,1776215193000
1776215194.738,94.738,0.81,0.82,0.18,0.19,0.01,0.01,74735.85,1776215193000
1776215195.094,95.094,0.81,0.82,0.18,0.19,0.01,0.01,74735.85,1776215193000
1776215195.457,95.457,0.8,0.81,0.18,0.2,0.01,0.02,74737.38,1776215194000
1776215195.962,95.962,0.8,0.81,0.19,0.2,0.01,0.01,74737.38,1776215194000
1776215196.315,96.315,0.8,0.81,0.19,0.2,0.01,0.01,74737.38,1776215194000
1776215196.722,96.722,0.81,0.83,0.18,0.19,0.02,0.01,74737.48,1776215195000
1776215197.157,97.157,0.82,0.83,0.17,0.18,0.01,0.01,74736.81,1776215196000
1776215197.552,97.552,0.82,0.83,0.17,0.18,0.01,0.01,74736.81,1776215196000
1776215197.896,97.896,0.82,0.83,0.17,0.18,0.01,0.01,74736.81,1776215196000
1776215198.288,98.288,0.82,0.83,0.17,0.18,0.01,0.01,74736.95,1776215197000
1776215198.647,98.647,0.82,0.83,0.17,0.18,0.01,0.01,74736.95,1776215197000
1776215199.029,99.029,0.82,0.84,0.17,0.18,0.02,0.01,74739.85,1776215198000
1776215199.415,99.415,0.83,0.84,0.16,0.17,0.01,0.01,74739.85,1776215198000
1776215199.842,99.842,0.83,0.84,0.16,0.17,0.01,0.01,74739.85,1776215198000
1776215200.193,100.193,0.83,0.84,0.16,0.17,0.01,0.01,74743.22,1776215199000
1776215200.605,100.605,0.83,0.84,0.16,0.17,0.01,0.01,74743.22,1776215199000
1776215200.982,100.982,0.83,0.84,0.16,0.17,0.01,0.01,74744.05,1776215200000
1776215201.452,101.452,0.83,0.84,0.16,0.17,0.01,0.01,74744.05,1776215200000
1776215201.79,101.79,0.83,0.84,0.16,0.17,0.01,0.01,74744.05,1776215200000
1776215202.245,102.245,0.83,0.84,0.16,0.17,0.01,0.01,74744.38,1776215201000
1776215202.599,102.599,0.83,0.84,0.16,0.17,0.01,0.01,74744.38,1776215201000
1776215202.972,102.972,0.83,0.84,0.16,0.17,0.01,0.01,74744.2,1776215202000
1776215203.405,103.405,0.83,0.84,0.16,0.17,0.01,0.01,74744.2,1776215202000
1776215203.79,103.79,0.83,0.84,0.16,0.17,0.01,0.01,74744.2,1776215202000
1776215204.342,104.342,0.83,0.84,0.16,0.17,0.01,0.01,74743.93,1776215203000
1776215204.94,104.94,0.83,0.84,0.16,0.17,0.01,0.01,74743.93,1776215203000
1776215205.622,105.622,0.83,0.84,0.16,0.17,0.01,0.01,74743.72,1776215204000
1776215206.0,106.0,0.83,0.84,0.16,0.17,0.01,0.01,74743.72,1776215204000
1776215206.409,106.409,0.83,0.84,0.16,0.17,0.01,0.01,74742.79,1776215205000
1776215206.79,106.79,0.83,0.84,0.16,0.17,0.01,0.01,74742.79,1776215205000
1776215207.344,107.344,0.83,0.84,0.16,0.17,0.01,0.01,74742.79,1776215205000
1776215207.732,107.732,0.83,0.84,0.16,0.17,0.01,0.01,74743.76,1776215206000
1776215208.356,108.356,0.83,0.84,0.16,0.17,0.01,0.01,74744.8,1776215207000
1776215208.848,108.848,0.83,0.84,0.16,0.17,0.01,0.01,74744.8,1776215207000
1776215209.256,109.256,0.83,0.84,0.16,0.17,0.01,0.01,74744.97,1776215208000
1776215209.789,109.789,0.83,0.84,0.16,0.17,0.01,0.01,74744.49,1776215209000
1776215210.434,110.434,0.83,0.84,0.16,0.17,0.01,0.01,74744.49,1776215209000
1776215210.768,110.768,0.83,0.84,0.16,0.17,0.01,0.01,74744.49,1776215209000
1776215211.144,111.144,0.83,0.84,0.16,0.17,0.01,0.01,74744.49,1776215210000
1776215211.532,111.532,0.82,0.83,0.17,0.18,0.01,0.01,74744.49,1776215210000
1776215211.901,111.901,0.79,0.8,0.2,0.21,0.01,0.01,74744.49,1776215210000
1776215212.285,112.285,0.79,0.8,0.2,0.21,0.01,0.01,74744.49,1776215210000
1776215212.673,112.673,0.76,0.8,0.2,0.22,0.04,0.02,74739.34,1776215211000
1776215213.032,113.032,0.71,0.74,0.26,0.29,0.03,0.03,74739.34,1776215211000
1776215213.432,113.432,0.72,0.73,0.27,0.29,0.01,0.02,74732.29,1776215212000
1776215213.896,113.896,0.71,0.72,0.27,0.28,0.01,0.01,74732.29,1776215212000
1776215214.246,114.246,0.69,0.71,0.29,0.3,0.02,0.01,74732.29,1776215212000
1776215215.176,115.176,0.68,0.71,0.29,0.31,0.03,0.02,74716.22,1776215213000
1776215215.518,115.518,0.68,0.7,0.3,0.31,0.02,0.01,74708.6,1776215214000
1776215215.864,115.864,0.69,0.7,0.3,0.31,0.01,0.01,74708.6,1776215214000
1776215216.2,116.2,0.69,0.7,0.3,0.31,0.01,0.01,74708.6,1776215214000
1776215216.566,116.566,0.69,0.7,0.3,0.31,0.01,0.01,74706.58,1776215215000
1776215217.008,117.008,0.68,0.69,0.31,0.32,0.01,0.01,74706.58,1776215215000
1776215217.391,117.391,0.68,0.69,0.31,0.32,0.01,0.01,74706.58,1776215215000
1776215217.736,117.736,0.68,0.69,0.31,0.32,0.01,0.01,74705.16,1776215216000
1776215218.096,118.096,0.67,0.68,0.31,0.33,0.01,0.02,74704.14,1776215217000
1776215218.465,118.465,0.67,0.68,0.32,0.33,0.01,0.01,74704.14,1776215217000
1776215218.826,118.826,0.67,0.68,0.32,0.33,0.01,0.01,74704.14,1776215217000
1776215219.188,119.188,0.68,0.69,0.31,0.32,0.01,0.01,74704.14,1776215218000
1776215219.546,119.546,0.69,0.7,0.3,0.31,0.01,0.01,74704.14,1776215218000
1776215219.893,119.893,0.7,0.71,0.29,0.3,0.01,0.01,74704.14,1776215218000
1776215220.297,120.297,0.7,0.72,0.28,0.3,0.02,0.02,74704.14,1776215219000
1776215220.681,120.681,0.71,0.72,0.28,0.29,0.01,0.01,74704.14,1776215219000
1776215221.015,121.015,0.71,0.72,0.28,0.29,0.01,0.01,74704.14,1776215219000
1776215221.397,121.397,0.71,0.72,0.28,0.29,0.01,0.01,74704.14,1776215219000
1776215221.755,121.755,0.72,0.73,0.26,0.29,0.01,0.03,74704.3,1776215220000
1776215222.109,122.109,0.72,0.75,0.25,0.27,0.03,0.02,74704.24,1776215221000
1776215222.456,122.456,0.73,0.74,0.26,0.27,0.01,0.01,74704.24,1776215221000
1776215222.882,122.882,0.73,0.74,0.26,0.27,0.01,0.01,74704.24,1776215221000
1776215223.347,123.347,0.73,0.74,0.26,0.27,0.01,0.01,74705.89,1776215222000
1776215223.813,123.813,0.73,0.74,0.26,0.27,0.01,0.01,74705.89,1776215222000
1776215224.173,124.173,0.73,0.74,0.26,0.27,0.01,0.01,74707.56,1776215223000
1776215224.509,124.509,0.73,0.74,0.26,0.27,0.01,0.01,74707.56,1776215223000
1776215224.923,124.923,0.73,0.74,0.26,0.27,0.01,0.01,74707.56,1776215223000
1776215225.263,125.263,0.73,0.74,0.26,0.27,0.01,0.01,74705.02,1776215224000
1776215225.836,125.836,0.73,0.74,0.26,0.27,0.01,0.01,74705.02,1776215225000
1776215226.274,126.274,0.74,0.75,0.25,0.26,0.01,0.01,74705.02,1776215225000
1776215226.654,126.654,0.74,0.75,0.25,0.26,0.01,0.01,74705.02,1776215225000
1776215227.136,127.136,0.74,0.75,0.25,0.26,0.01,0.01,74707.85,1776215226000
1776215227.829,127.829,0.72,0.73,0.27,0.28,0.01,0.01,74708.01,1776215227000
1776215228.278,128.278,0.71,0.72,0.28,0.29,0.01,0.01,74708.01,1776215227000
1776215228.87,128.87,0.71,0.72,0.28,0.29,0.01,0.01,74708.01,1776215227000
1776215229.214,129.214,0.7,0.71,0.28,0.3,0.01,0.02,74708.01,1776215227000
1776215230.119,130.119,0.7,0.71,0.29,0.3,0.01,0.01,74705.92,1776215228000
1776215230.771,130.771,0.7,0.71,0.29,0.3,0.01,0.01,74705.92,1776215228000
1776215231.107,131.107,0.71,0.72,0.28,0.3,0.01,0.02,74705.82,1776215229000
1776215231.711,131.711,0.71,0.72,0.28,0.29,0.01,0.01,74705.83,1776215230000
1776215232.307,132.307,0.71,0.73,0.27,0.29,0.02,0.02,74704.65,1776215231000
1776215232.676,132.676,0.72,0.74,0.26,0.28,0.02,0.02,74704.65,1776215231000
1776215233.081,133.081,0.73,0.74,0.26,0.27,0.01,0.01,74704.63,1776215232000
1776215233.733,133.733,0.77,0.78,0.23,0.27,0.01,0.04,74704.63,1776215232000
1776215235.024,135.024,0.77,0.78,0.22,0.23,0.01,0.01,74708.19,1776215233000
1776215235.43,135.43,0.77,0.78,0.22,0.23,0.01,0.01,74712.58,1776215234000
1776215235.921,135.921,0.78,0.79,0.2,0.23,0.01,0.03,74712.58,1776215234000
1776215236.307,136.307,0.79,0.8,0.19,0.21,0.01,0.02,74716.79,1776215235000
1776215236.673,136.673,0.79,0.8,0.2,0.21,0.01,0.01,74716.79,1776215235000
1776215237.051,137.051,0.79,0.81,0.19,0.21,0.02,0.02,74722.61,1776215236000
1776215237.387,137.387,0.8,0.81,0.19,0.2,0.01,0.01,74722.61,1776215236000
1776215237.987,137.987,0.81,0.82,0.18,0.2,0.01,0.02,74722.61,1776215236000
1776215238.462,138.462,0.81,0.82,0.18,0.19,0.01,0.01,74723.92,1776215237000
1776215239.149,139.149,0.81,0.82,0.18,0.19,0.01,0.01,74723.92,1776215238000
1776215240.132,140.132,0.81,0.82,0.18,0.19,0.01,0.01,74726.56,1776215239000
1776215240.649,140.649,0.84,0.85,0.15,0.16,0.01,0.01,74726.56,1776215239000
1776215241.231,141.231,0.84,0.85,0.15,0.16,0.01,0.01,74726.56,1776215239000
1776215241.567,141.567,0.84,0.85,0.15,0.16,0.01,0.01,74729.46,1776215240000
1776215241.908,141.908,0.84,0.86,0.15,0.16,0.02,0.01,74729.46,1776215240000
1776215242.344,142.344,0.85,0.86,0.13,0.15,0.01,0.02,74742.19,1776215241000
1776215243.009,143.009,0.85,0.86,0.14,0.15,0.01,0.01,74742.19,1776215241000
1776215243.354,143.354,0.85,0.87,0.13,0.15,0.02,0.02,74744.11,1776215242000
1776215243.72,143.72,0.86,0.87,0.13,0.15,0.01,0.02,74744.11,1776215242000
1776215244.267,144.267,0.86,0.87,0.13,0.14,0.01,0.01,74746.51,1776215243000
1776215244.688,144.688,0.87,0.88,0.12,0.13,0.01,0.01,74746.51,1776215243000
1776215245.23,145.23,0.86,0.88,0.12,0.13,0.02,0.01,74746.51,1776215243000
1776215245.597,145.597,0.87,0.88,0.12,0.13,0.01,0.01,74746.71,1776215244000
1776215245.934,145.934,0.87,0.88,0.12,0.13,0.01,0.01,74746.71,1776215244000
1776215246.727,146.727,0.88,0.89,0.11,0.12,0.01,0.01,74747.05,1776215245000
1776215247.157,147.157,0.88,0.89,0.11,0.12,0.01,0.01,74749.66,1776215246000
1776215247.594,147.594,0.88,0.89,0.11,0.12,0.01,0.01,74749.66,1776215246000
1776215248.017,148.017,0.88,0.89,0.11,0.12,0.01,0.01,74749.66,1776215246000
1776215248.355,148.355,0.88,0.89,0.11,0.12,0.01,0.01,74755.94,1776215247000
1776215248.697,148.697,0.88,0.89,0.11,0.12,0.01,0.01,74755.94,1776215247000
1776215249.039,149.039,0.88,0.89,0.11,0.12,0.01,0.01,74756.73,1776215248000
1776215249.467,149.467,0.87,0.88,0.11,0.13,0.01,0.02,74756.73,1776215248000
1776215249.839,149.839,0.87,0.88,0.12,0.13,0.01,0.01,74756.73,1776215248000
1776215250.189,150.189,0.86,0.87,0.12,0.14,0.01,0.02,74757.09,1776215249000
1776215250.532,150.532,0.86,0.87,0.13,0.14,0.01,0.01,74757.09,1776215249000
1776215250.924,150.924,0.86,0.87,0.13,0.14,0.01,0.01,74757.09,1776215249000
1776215251.259,151.259,0.86,0.87,0.13,0.14,0.01,0.01,74755.55,1776215250000
1776215251.637,151.637,0.85,0.86,0.14,0.16,0.01,0.02,74755.55,1776215250000
1776215252.005,152.005,0.85,0.86,0.14,0.15,0.01,0.01,74755.55,1776215250000
1776215252.369,152.369,0.85,0.86,0.14,0.15,0.01,0.01,74751.49,1776215251000
1776215252.801,152.801,0.85,0.86,0.14,0.15,0.01,0.01,74751.49,1776215251000
1776215253.162,153.162,0.85,0.86,0.14,0.15,0.01,0.01,74742.02,1776215252000
1776215253.604,153.604,0.85,0.86,0.14,0.15,0.01,0.01,74742.02,1776215252000
1776215254.015,154.015,0.85,0.86,0.14,0.15,0.01,0.01,74742.25,1776215253000
1776215254.617,154.617,0.85,0.86,0.14,0.15,0.01,0.01,74742.25,1776215253000
1776215254.964,154.964,0.85,0.86,0.14,0.15,0.01,0.01,74742.25,1776215253000
1776215255.352,155.352,0.85,0.87,0.14,0.15,0.02,0.01,74741.99,1776215254000
1776215255.713,155.713,0.86,0.87,0.13,0.14,0.01,0.01,74741.99,1776215254000
1776215256.067,156.067,0.86,0.87,0.13,0.14,0.01,0.01,74741.99,1776215254000
1776215256.615,156.615,0.87,0.88,0.12,0.14,0.01,0.02,74742.07,1776215255000
1776215256.995,156.995,0.88,0.89,0.11,0.12,0.01,0.01,74742.07,1776215255000
1776215257.753,157.753,0.88,0.89,0.11,0.12,0.01,0.01,74741.84,1776215256000
1776215258.181,158.181,0.88,0.89,0.11,0.12,0.01,0.01,74742.93,1776215257000
1776215258.559,158.559,0.88,0.89,0.11,0.12,0.01,0.01,74742.93,1776215257000
1776215258.981,158.981,0.88,0.89,0.11,0.12,0.01,0.01,74742.93,1776215257000
1776215259.435,159.435,0.88,0.89,0.11,0.12,0.01,0.01,74743.88,1776215258000
1776215259.829,159.829,0.88,0.89,0.11,0.12,0.01,0.01,74743.88,1776215258000
1776215260.231,160.231,0.88,0.9,0.1,0.12,0.02,0.02,74743.88,1776215259000
1776215260.812,160.812,0.89,0.9,0.1,0.11,0.01,0.01,74743.88,1776215259000
1776215261.213,161.213,0.89,0.9,0.1,0.11,0.01,0.01,74749.11,1776215260000
1776215261.597,161.597,0.89,0.9,0.1,0.11,0.01,0.01,74749.11,1776215260000
1776215261.957,161.957,0.89,0.9,0.1,0.11,0.01,0.01,74749.11,1776215260000
1776215262.348,162.348,0.89,0.9,0.1,0.11,0.01,0.01,74752.83,1776215261000
1776215262.904,162.904,0.89,0.9,0.1,0.11,0.01,0.01,74752.83,1776215262000
1776215263.316,163.316,0.89,0.9,0.1,0.11,0.01,0.01,74752.83,1776215262000
1776215263.733,163.733,0.89,0.9,0.1,0.11,0.01,0.01,74752.83,1776215262000
1776215264.161,164.161,0.89,0.9,0.1,0.11,0.01,0.01,74748.76,1776215263000
1776215264.508,164.508,0.89,0.9,0.1,0.11,0.01,0.01,74748.76,1776215263000
1776215264.998,164.998,0.89,0.9,0.1,0.11,0.01,0.01,74748.57,1776215264000
1776215265.343,165.343,0.89,0.9,0.1,0.11,0.01,0.01,74748.57,1776215264000
1776215265.708,165.708,0.89,0.9,0.1,0.11,0.01,0.01,74748.57,1776215264000
1776215266.117,166.117,0.89,0.9,0.1,0.11,0.01,0.01,74747.13,1776215265000
1776215266.745,166.745,0.89,0.9,0.1,0.11,0.01,0.01,74747.13,1776215265000
1776215267.539,167.539,0.9,0.91,0.09,0.11,0.01,0.02,74745.76,1776215266000
1776215267.894,167.894,0.9,0.91,0.09,0.1,0.01,0.01,74745.76,1776215266000
1776215268.255,168.255,0.91,0.92,0.08,0.09,0.01,0.01,74750.25,1776215267000
1776215268.781,168.781,0.91,0.92,0.08,0.09,0.01,0.01,74750.25,1776215267000
1776215269.122,169.122,0.91,0.92,0.08,0.09,0.01,0.01,74755.98,1776215268000
1776215269.561,169.561,0.91,0.92,0.08,0.09,0.01,0.01,74755.98,1776215268000
1776215270.018,170.018,0.91,0.92,0.08,0.09,0.01,0.01,74764.45,1776215269000
1776215270.477,170.477,0.91,0.92,0.08,0.09,0.01,0.01,74764.45,1776215269000
1776215270.836,170.836,0.91,0.92,0.08,0.09,0.01,0.01,74764.45,1776215269000
1776215271.285,171.285,0.91,0.92,0.08,0.09,0.01,0.01,74764.45,1776215269000
1776215271.708,171.708,0.92,0.93,0.07,0.08,0.01,0.01,74764.45,1776215269000
1776215272.06,172.06,0.92,0.93,0.07,0.08,0.01,0.01,74767.42,1776215270000
1776215272.414,172.414,0.92,0.93,0.07,0.08,0.01,0.01,74767.42,1776215270000
1776215272.832,172.832,0.92,0.93,0.07,0.08,0.01,0.01,74767.48,1776215271000
1776215273.371,173.371,0.92,0.93,0.07,0.08,0.01,0.01,74767.48,1776215271000
1776215273.72,173.72,0.92,0.93,0.07,0.08,0.01,0.01,74769.31,1776215272000
1776215274.106,174.106,0.92,0.93,0.07,0.08,0.01,0.01,74769.31,1776215272000
1776215274.534,174.534,0.92,0.93,0.07,0.08,0.01,0.01,74770.05,1776215273000
1776215274.947,174.947,0.92,0.93,0.07,0.08,0.01,0.01,74770.05,1776215273000
1776215275.346,175.346,0.92,0.93,0.07,0.08,0.01,0.01,74770.05,1776215273000
1776215275.791,175.791,0.92,0.93,0.07,0.08,0.01,0.01,74764.64,1776215274000
1776215276.146,176.146,0.92,0.93,0.07,0.08,0.01,0.01,74763.23,1776215275000
1776215276.509,176.509,0.92,0.93,0.07,0.08,0.01,0.01,74763.23,1776215275000
1776215276.851,176.851,0.92,0.93,0.07,0.08,0.01,0.01,74763.23,1776215275000
1776215277.323,177.323,0.92,0.93,0.07,0.08,0.01,0.01,74763.23,1776215275000
1776215277.677,177.677,0.92,0.93,0.07,0.08,0.01,0.01,74763.81,1776215276000
1776215278.059,178.059,0.92,0.93,0.07,0.08,0.01,0.01,74763.56,1776215277000
1776215278.585,178.585,0.92,0.93,0.07,0.08,0.01,0.01,74763.56,1776215277000
1776215278.949,178.949,0.92,0.93,0.07,0.08,0.01,0.01,74763.56,1776215277000
1776215279.385,179.385,0.92,0.93,0.07,0.08,0.01,0.01,74763.1,1776215278000
1776215279.758,179.758,0.92,0.93,0.07,0.08,0.01,0.01,74763.1,1776215278000
1776215280.37,180.37,0.92,0.93,0.07,0.08,0.01,0.01,74762.8,1776215279000
1776215280.749,180.749,0.92,0.93,0.07,0.08,0.01,0.01,74762.8,1776215279000
1776215281.275,181.275,0.93,0.94,0.07,0.08,0.01,0.01,74762.8,1776215279000
1776215281.638,181.638,0.93,0.94,0.06,0.07,0.01,0.01,74762.9,1776215280000
1776215282.108,182.108,0.93,0.94,0.06,0.07,0.01,0.01,74762.9,1776215280000
1776215282.464,182.464,0.92,0.93,0.07,0.08,0.01,0.01,74762.9,1776215280000
1776215282.816,182.816,0.92,0.93,0.07,0.08,0.01,0.01,74759.12,1776215281000
1776215283.218,183.218,0.92,0.93,0.07,0.08,0.01,0.01,74759.12,1776215281000
1776215283.659,183.659,0.92,0.93,0.07,0.08,0.01,0.01,74758.98,1776215282000
1776215284.124,184.124,0.92,0.93,0.07,0.08,0.01,0.01,74758.98,1776215282000
1776215284.67,184.67,0.92,0.93,0.07,0.08,0.01,0.01,74757.71,1776215283000
1776215285.021,185.021,0.92,0.93,0.07,0.08,0.01,0.01,74757.71,1776215283000
1776215285.466,185.466,0.92,0.93,0.07,0.08,0.01,0.01,74757.71,1776215284000
1776215286.021,186.021,0.92,0.93,0.07,0.08,0.01,0.01,74757.71,1776215284000
1776215286.379,186.379,0.92,0.93,0.07,0.08,0.01,0.01,74757.71,1776215284000
1776215287.199,187.199,0.92,0.93,0.07,0.08,0.01,0.01,74757.32,1776215286000
1776215287.752,187.752,0.92,0.93,0.07,0.08,0.01,0.01,74757.32,1776215286000
1776215288.237,188.237,0.92,0.93,0.07,0.08,0.01,0.01,74757.71,1776215287000
1776215288.699,188.699,0.92,0.93,0.07,0.08,0.01,0.01,74757.71,1776215287000
1776215289.437,189.437,0.92,0.93,0.07,0.08,0.01,0.01,74757.71,1776215287000
1776215289.867,189.867,0.92,0.93,0.07,0.08,0.01,0.01,74754.62,1776215288000
1776215290.351,190.351,0.92,0.93,0.07,0.08,0.01,0.01,74754.62,1776215288000
1776215290.718,190.718,0.92,0.93,0.07,0.08,0.01,0.01,74752.9,1776215289000
1776215291.216,191.216,0.92,0.93,0.07,0.08,0.01,0.01,74752.9,1776215289000
1776215292.297,192.297,0.92,0.93,0.07,0.08,0.01,0.01,74748.29,1776215291000
1776215292.675,192.675,0.92,0.93,0.07,0.08,0.01,0.01,74748.29,1776215291000
1776215293.628,193.628,0.92,0.93,0.07,0.08,0.01,0.01,74746.95,1776215292000
1776215294.262,194.262,0.92,0.93,0.07,0.08,0.01,0.01,74746.95,1776215292000
1776215294.63,194.63,0.92,0.93,0.07,0.08,0.01,0.01,74740.69,1776215293000
1776215295.149,195.149,0.92,0.93,0.07,0.08,0.01,0.01,74740.69,1776215293000
1776215295.487,195.487,0.92,0.93,0.07,0.08,0.01,0.01,74740.69,1776215293000
1776215295.84,195.84,0.92,0.93,0.07,0.08,0.01,0.01,74738.59,1776215294000
1776215296.192,196.192,0.88,0.91,0.09,0.12,0.03,0.03,74738.59,1776215294000
1776215296.554,196.554,0.85,0.91,0.09,0.15,0.06,0.06,74717.36,1776215295000
1776215296.887,196.887,0.81,0.84,0.16,0.19,0.03,0.03,74717.36,1776215295000
1776215297.23,197.23,0.72,0.77,0.23,0.28,0.05,0.05,74712.52,1776215296000
1776215297.611,197.611,0.7,0.75,0.25,0.3,0.05,0.05,74712.52,1776215296000
1776215298.219,198.219,0.67,0.7,0.3,0.33,0.03,0.03,74712.52,1776215296000
1776215298.601,198.601,0.67,0.7,0.3,0.33,0.03,0.03,74700.07,1776215297000
1776215298.96,198.96,0.66,0.71,0.3,0.34,0.05,0.04,74700.07,1776215297000
1776215299.388,199.388,0.65,0.71,0.29,0.35,0.06,0.06,74686.92,1776215298000
1776215300.043,200.043,0.65,0.71,0.29,0.35,0.06,0.06,74682.59,1776215299000
1776215300.659,200.659,0.63,0.64,0.3,0.37,0.01,0.07,74682.59,1776215299000
1776215300.993,200.993,0.63,0.64,0.36,0.37,0.01,0.01,74682.59,1776215299000
1776215301.335,201.335,0.58,0.63,0.41,0.42,0.05,0.01,74682.59,1776215299000
1776215301.754,201.754,0.58,0.63,0.37,0.42,0.05,0.05,74679.3,1776215300000
1776215302.089,202.089,0.61,0.62,0.38,0.39,0.01,0.01,74679.3,1776215300000
1776215302.5,202.5,0.58,0.62,0.38,0.46,0.04,0.08,74678.81,1776215301000
1776215302.845,202.845,0.53,0.56,0.44,0.45,0.03,0.01,74678.81,1776215301000
1776215303.215,203.215,0.55,0.58,0.4,0.49,0.03,0.09,74678.81,1776215301000
1776215303.554,203.554,0.55,0.56,0.44,0.48,0.01,0.04,74676.33,1776215302000
1776215303.89,203.89,0.56,0.57,0.41,0.45,0.01,0.04,74676.33,1776215302000
1776215304.252,204.252,0.57,0.58,0.42,0.43,0.01,0.01,74675.15,1776215303000
1776215304.608,204.608,0.57,0.6,0.41,0.43,0.03,0.02,74675.15,1776215303000
1776215305.122,205.122,0.59,0.63,0.37,0.41,0.04,0.04,74675.15,1776215303000
1776215305.563,205.563,0.61,0.63,0.37,0.39,0.02,0.02,74681.12,1776215304000
1776215305.963,205.963,0.59,0.61,0.39,0.41,0.02,0.02,74681.12,1776215304000
1776215306.341,206.341,0.61,0.62,0.38,0.39,0.01,0.01,74681.12,1776215304000
1776215306.77,206.77,0.61,0.62,0.38,0.39,0.01,0.01,74685.12,1776215305000
1776215307.153,207.153,0.59,0.61,0.39,0.41,0.02,0.02,74685.12,1776215305000
1776215307.491,207.491,0.59,0.61,0.39,0.41,0.02,0.02,74685.53,1776215306000
1776215307.86,207.86,0.59,0.62,0.38,0.41,0.03,0.03,74685.53,1776215306000
1776215308.276,208.276,0.59,0.6,0.4,0.41,0.01,0.01,74685.53,1776215306000
1776215308.648,208.648,0.63,0.64,0.37,0.38,0.01,0.01,74685.53,1776215306000
1776215308.985,208.985,0.63,0.64,0.36,0.37,0.01,0.01,74685.53,1776215306000
1776215309.476,209.476,0.67,0.7,0.3,0.33,0.03,0.03,74700.06,1776215308000
1776215309.844,209.844,0.66,0.69,0.3,0.35,0.03,0.05,74700.06,1776215308000
1776215310.193,210.193,0.69,0.7,0.3,0.31,0.01,0.01,74700.06,1776215308000
1776215310.538,210.538,0.69,0.7,0.29,0.31,0.01,0.02,74707.21,1776215309000
1776215310.886,210.886,0.7,0.72,0.29,0.3,0.02,0.01,74707.21,1776215309000
1776215311.241,211.241,0.7,0.71,0.29,0.3,0.01,0.01,74707.21,1776215309000
1776215311.588,211.588,0.7,0.73,0.27,0.3,0.03,0.03,74707.21,1776215309000
1776215311.938,211.938,0.7,0.74,0.27,0.3,0.04,0.03,74715.74,1776215310000
1776215312.432,212.432,0.71,0.73,0.27,0.29,0.02,0.02,74716.81,1776215311000
1776215312.765,212.765,0.72,0.74,0.26,0.28,0.02,0.02,74716.81,1776215311000
1776215313.36,213.36,0.72,0.74,0.2,0.28,0.02,0.08,74716.81,1776215311000
1776215313.91,213.91,0.72,0.73,0.27,0.28,0.01,0.01,74719.28,1776215312000
1776215314.243,214.243,0.73,0.74,0.26,0.27,0.01,0.01,74719.28,1776215312000
1776215314.756,214.756,0.73,0.77,0.23,0.27,0.04,0.04,74720.17,1776215313000
1776215315.112,215.112,0.76,0.78,0.22,0.24,0.02,0.02,74720.17,1776215313000
1776215315.48,215.48,0.76,0.78,0.11,0.25,0.02,0.14,74719.52,1776215314000
1776215315.814,215.814,0.77,0.78,0.21,0.23,0.01,0.02,74719.52,1776215314000
1776215316.181,216.181,0.78,0.79,0.21,0.22,0.01,0.01,74719.55,1776215315000
1776215316.519,216.519,0.78,0.79,0.21,0.22,0.01,0.01,74719.55,1776215315000
1776215316.954,216.954,0.78,0.8,0.21,0.22,0.02,0.01,74719.55,1776215315000
1776215317.295,217.295,0.8,0.82,0.19,0.21,0.02,0.02,74720.71,1776215316000
1776215317.792,217.792,0.81,0.83,0.18,0.2,0.02,0.02,74720.71,1776215316000
1776215318.41,218.41,0.83,0.84,0.15,0.19,0.01,0.04,74720.71,1776215316000
1776215318.786,218.786,0.83,0.84,0.16,0.17,0.01,0.01,74724.61,1776215317000
1776215319.304,219.304,0.83,0.85,0.15,0.17,0.02,0.02,74725.79,1776215318000
1776215319.901,219.901,0.84,0.86,0.14,0.16,0.02,0.02,74725.79,1776215318000
1776215320.69,220.69,0.84,0.86,0.14,0.16,0.02,0.02,74726.78,1776215319000
1776215321.413,221.413,0.84,0.86,0.14,0.16,0.02,0.02,74727.35,1776215320000
1776215321.785,221.785,0.85,0.87,0.13,0.15,0.02,0.02,74727.35,1776215320000
1776215322.147,222.147,0.85,0.86,0.14,0.15,0.01,0.01,74727.35,1776215321000
1776215322.691,222.691,0.85,0.86,0.14,0.15,0.01,0.01,74727.35,1776215321000
1776215323.384,223.384,0.86,0.87,0.12,0.14,0.01,0.02,74727.35,1776215321000
1776215323.721,223.721,0.86,0.87,0.13,0.14,0.01,0.01,74727.35,1776215321000
1776215324.091,224.091,0.86,0.87,0.13,0.14,0.01,0.01,74727.35,1776215321000
1776215324.446,224.446,0.86,0.87,0.12,0.14,0.01,0.02,74725.91,1776215322000
1776215324.837,224.837,0.87,0.88,0.12,0.13,0.01,0.01,74725.91,1776215323000
1776215325.183,225.183,0.86,0.88,0.12,0.14,0.02,0.02,74725.91,1776215323000
1776215325.715,225.715,0.86,0.87,0.13,0.15,0.01,0.02,74727.12,1776215324000
1776215326.25,226.25,0.86,0.87,0.13,0.14,0.01,0.01,74727.12,1776215324000
1776215326.695,226.695,0.85,0.87,0.13,0.14,0.02,0.01,74727.12,1776215325000
1776215327.382,227.382,0.85,0.87,0.13,0.15,0.02,0.02,74714.71,1776215326000
1776215327.883,227.883,0.85,0.87,0.13,0.15,0.02,0.02,74714.73,1776215327000
1776215328.372,228.372,0.86,0.87,0.13,0.14,0.01,0.01,74714.73,1776215327000
1776215328.757,228.757,0.86,0.87,0.13,0.14,0.01,0.01,74714.73,1776215327000
1776215329.16,229.16,0.86,0.87,0.13,0.14,0.01,0.01,74714.73,1776215328000
1776215329.525,229.525,0.84,0.85,0.15,0.16,0.01,0.01,74714.73,1776215328000
1776215329.954,229.954,0.83,0.84,0.16,0.17,0.01,0.01,74714.73,1776215328000
1776215330.317,230.317,0.83,0.84,0.16,0.17,0.01,0.01,74714.24,1776215329000
1776215330.653,230.653,0.83,0.84,0.16,0.17,0.01,0.01,74714.24,1776215329000
1776215331.09,231.09,0.83,0.84,0.16,0.17,0.01,0.01,74714.24,1776215329000
1776215331.437,231.437,0.83,0.84,0.16,0.17,0.01,0.01,74714.24,1776215330000
1776215331.897,231.897,0.83,0.84,0.16,0.17,0.01,0.01,74714.24,1776215330000
1776215332.483,232.483,0.83,0.84,0.16,0.17,0.01,0.01,74714.24,1776215331000
1776215333.134,233.134,0.83,0.84,0.16,0.17,0.01,0.01,74714.24,1776215332000
1776215333.553,233.553,0.83,0.84,0.16,0.17,0.01,0.01,74714.24,1776215332000
1776215334.017,234.017,0.83,0.84,0.16,0.17,0.01,0.01,74714.24,1776215332000
1776215334.741,234.741,0.83,0.84,0.16,0.17,0.01,0.01,74714.24,1776215333000
1776215335.155,235.155,0.83,0.84,0.16,0.17,0.01,0.01,74714.24,1776215333000
1776215335.488,235.488,0.83,0.84,0.16,0.17,0.01,0.01,74714.24,1776215334000
1776215335.851,235.851,0.83,0.84,0.16,0.17,0.01,0.01,74714.24,1776215334000
1776215336.238,236.238,0.82,0.83,0.16,0.17,0.01,0.01,74712.57,1776215335000
1776215336.628,236.628,0.82,0.83,0.17,0.18,0.01,0.01,74712.57,1776215335000
1776215337.022,237.022,0.82,0.83,0.17,0.18,0.01,0.01,74712.57,1776215335000
1776215337.603,237.603,0.82,0.83,0.17,0.18,0.01,0.01,74712.57,1776215336000
1776215337.936,237.936,0.81,0.82,0.18,0.19,0.01,0.01,74712.57,1776215336000
1776215338.787,238.787,0.81,0.82,0.18,0.19,0.01,0.01,74712.57,1776215337000
1776215339.37,239.37,0.81,0.82,0.18,0.19,0.01,0.01,74712.57,1776215338000
1776215339.716,239.716,0.81,0.82,0.18,0.19,0.01,0.01,74712.57,1776215338000
1776215340.096,240.096,0.81,0.82,0.18,0.2,0.01,0.02,74712.57,1776215338000
1776215340.585,240.585,0.8,0.81,0.19,0.2,0.01,0.01,74712.74,1776215339000
1776215341.108,241.108,0.8,0.81,0.19,0.2,0.01,0.01,74710.08,1776215340000
1776215341.779,241.779,0.8,0.81,0.19,0.2,0.01,0.01,74710.08,1776215340000
1776215342.17,242.17,0.8,0.81,0.19,0.2,0.01,0.01,74710.08,1776215340000
1776215342.509,242.509,0.8,0.81,0.19,0.2,0.01,0.01,74709.18,1776215341000
1776215342.875,242.875,0.79,0.8,0.2,0.21,0.01,0.01,74709.18,1776215341000
1776215343.333,243.333,0.79,0.8,0.2,0.21,0.01,0.01,74708.58,1776215342000
1776215343.987,243.987,0.79,0.8,0.2,0.21,0.01,0.01,74708.58,1776215342000
1776215344.329,244.329,0.79,0.8,0.2,0.21,0.01,0.01,74708.58,1776215343000
1776215344.715,244.715,0.79,0.8,0.2,0.21,0.01,0.01,74708.58,1776215343000
1776215345.062,245.062,0.78,0.79,0.21,0.22,0.01,0.01,74707.98,1776215344000
1776215345.411,245.411,0.78,0.79,0.21,0.22,0.01,0.01,74707.98,1776215344000
1776215345.792,245.792,0.78,0.79,0.21,0.22,0.01,0.01,74707.98,1776215344000
1776215346.192,246.192,0.78,0.79,0.21,0.22,0.01,0.01,74707.89,1776215345000
1776215346.531,246.531,0.78,0.79,0.21,0.22,0.01,0.01,74707.89,1776215345000
1776215347.198,247.198,0.78,0.79,0.21,0.22,0.01,0.01,74706.84,1776215346000
1776215347.846,247.846,0.78,0.79,0.21,0.22,0.01,0.01,74706.84,1776215346000
1776215348.187,248.187,0.78,0.79,0.21,0.22,0.01,0.01,74706.84,1776215347000
1776215348.568,248.568,0.78,0.79,0.21,0.22,0.01,0.01,74706.84,1776215347000
1776215349.297,249.297,0.78,0.79,0.21,0.22,0.01,0.01,74706.25,1776215348000
1776215350.094,250.094,0.77,0.78,0.21,0.23,0.01,0.02,74706.25,1776215348000
1776215350.591,250.591,0.76,0.77,0.23,0.24,0.01,0.01,74705.48,1776215349000
1776215351.359,251.359,0.76,0.77,0.23,0.24,0.01,0.01,74704.35,1776215350000
1776215351.751,251.751,0.76,0.77,0.23,0.24,0.01,0.01,74704.35,1776215350000
1776215352.125,252.125,0.75,0.76,0.24,0.25,0.01,0.01,74699.81,1776215351000
1776215352.825,252.825,0.75,0.76,0.24,0.25,0.01,0.01,74699.81,1776215351000
1776215353.177,253.177,0.74,0.76,0.24,0.26,0.02,0.02,74699.51,1776215352000
1776215354.153,254.153,0.71,0.72,0.28,0.29,0.01,0.01,74696.21,1776215353000
1776215354.536,254.536,0.71,0.72,0.28,0.29,0.01,0.01,74696.21,1776215353000
1776215354.908,254.908,0.69,0.71,0.28,0.31,0.02,0.03,74696.21,1776215353000
1776215355.276,255.276,0.7,0.71,0.29,0.3,0.01,0.01,74690.35,1776215354000
1776215355.759,255.759,0.7,0.71,0.29,0.3,0.01,0.01,74690.35,1776215354000
1776215356.094,256.094,0.67,0.69,0.31,0.33,0.02,0.02,74687.61,1776215355000
1776215356.629,256.629,0.67,0.68,0.31,0.32,0.01,0.01,74687.61,1776215355000
1776215357.061,257.061,0.66,0.67,0.32,0.33,0.01,0.01,74687.61,1776215355000
1776215357.473,257.473,0.66,0.67,0.33,0.34,0.01,0.01,74687.61,1776215356000
1776215357.884,257.884,0.66,0.67,0.31,0.35,0.01,0.04,74687.61,1776215356000
1776215358.217,258.217,0.68,0.7,0.29,0.32,0.02,0.03,74686.68,1776215357000
1776215358.588,258.588,0.7,0.71,0.29,0.3,0.01,0.01,74686.68,1776215357000
1776215358.968,258.968,0.71,0.72,0.28,0.29,0.01,0.01,74686.68,1776215357000
1776215359.37,259.37,0.69,0.7,0.28,0.31,0.01,0.03,74685.67,1776215358000
1776215359.79,259.79,0.69,0.72,0.28,0.31,0.03,0.03,74685.67,1776215358000
1776215360.142,260.142,0.72,0.73,0.27,0.28,0.01,0.01,74685.59,1776215359000
1776215360.492,260.492,0.72,0.73,0.27,0.28,0.01,0.01,74685.59,1776215359000
1776215360.94,260.94,0.72,0.73,0.27,0.28,0.01,0.01,74685.59,1776215359000
1776215361.502,261.502,0.71,0.72,0.28,0.31,0.01,0.03,74684.74,1776215360000
1776215361.884,261.884,0.72,0.73,0.27,0.29,0.01,0.02,74684.74,1776215360000
1776215362.266,262.266,0.73,0.74,0.26,0.28,0.01,0.02,74685.02,1776215361000
1776215362.639,262.639,0.74,0.75,0.25,0.27,0.01,0.02,74685.02,1776215361000
1776215362.974,262.974,0.74,0.75,0.25,0.26,0.01,0.01,74685.02,1776215362000
1776215363.317,263.317,0.69,0.72,0.28,0.31,0.03,0.03,74685.02,1776215362000
1776215363.681,263.681,0.69,0.7,0.3,0.31,0.01,0.01,74685.02,1776215362000
1776215364.026,264.026,0.69,0.7,0.3,0.31,0.01,0.01,74684.72,1776215363000
1776215364.361,264.361,0.69,0.7,0.3,0.32,0.01,0.02,74684.72,1776215363000
1776215364.849,264.849,0.69,0.7,0.3,0.31,0.01,0.01,74684.72,1776215363000
1776215365.212,265.212,0.68,0.69,0.31,0.32,0.01,0.01,74684.72,1776215364000
1776215365.604,265.604,0.69,0.7,0.29,0.31,0.01,0.02,74684.72,1776215364000
1776215366.066,266.066,0.72,0.73,0.3,0.31,0.01,0.01,74684.72,1776215364000
1776215366.532,266.532,0.72,0.74,0.27,0.28,0.02,0.01,74684.72,1776215364000
1776215366.904,266.904,0.74,0.75,0.25,0.27,0.01,0.02,74685.45,1776215365000
1776215367.274,267.274,0.75,0.76,0.24,0.26,0.01,0.02,74685.45,1776215365000
1776215367.638,267.638,0.75,0.76,0.24,0.25,0.01,0.01,74685.45,1776215365000
1776215368.049,268.049,0.75,0.76,0.24,0.25,0.01,0.01,74683.48,1776215366000
1776215368.612,268.612,0.75,0.76,0.24,0.25,0.01,0.01,74683.48,1776215366000
1776215369.003,269.003,0.75,0.76,0.24,0.25,0.01,0.01,74683.63,1776215367000
1776215369.509,269.509,0.76,0.77,0.24,0.25,0.01,0.01,74683.63,1776215367000
1776215369.921,269.921,0.75,0.77,0.23,0.24,0.02,0.01,74683.63,1776215368000
1776215370.261,270.261,0.73,0.74,0.26,0.28,0.01,0.02,74683.63,1776215368000
1776215370.603,270.603,0.73,0.74,0.26,0.27,0.01,0.01,74683.63,1776215368000
1776215370.99,270.99,0.68,0.7,0.29,0.32,0.02,0.03,74683.64,1776215369000
1776215371.326,271.326,0.68,0.73,0.31,0.32,0.05,0.01,74683.64,1776215369000
1776215371.78,271.78,0.7,0.71,0.28,0.31,0.01,0.03,74683.64,1776215370000
1776215372.166,272.166,0.7,0.71,0.29,0.3,0.01,0.01,74683.64,1776215370000
1776215372.5,272.5,0.72,0.73,0.27,0.28,0.01,0.01,74683.64,1776215370000
1776215373.002,273.002,0.74,0.76,0.26,0.27,0.02,0.01,74683.71,1776215371000
1776215373.346,273.346,0.76,0.77,0.24,0.25,0.01,0.01,74683.71,1776215371000
1776215373.686,273.686,0.76,0.77,0.23,0.24,0.01,0.01,74683.83,1776215372000
1776215374.019,274.019,0.73,0.74,0.24,0.25,0.01,0.01,74683.83,1776215372000
1776215374.364,274.364,0.68,0.69,0.31,0.32,0.01,0.01,74683.83,1776215372000
1776215374.739,274.739,0.68,0.69,0.31,0.32,0.01,0.01,74683.83,1776215373000
1776215375.11,275.11,0.68,0.69,0.31,0.32,0.01,0.01,74683.83,1776215373000
1776215375.473,275.473,0.68,0.69,0.31,0.32,0.01,0.01,74683.83,1776215374000
1776215375.81,275.81,0.73,0.74,0.29,0.3,0.01,0.01,74683.83,1776215374000
1776215376.219,276.219,0.74,0.75,0.25,0.26,0.01,0.01,74683.83,1776215374000
1776215376.749,276.749,0.76,0.77,0.24,0.25,0.01,0.01,74680.09,1776215375000
1776215377.089,277.089,0.77,0.78,0.22,0.23,0.01,0.01,74680.09,1776215375000
1776215377.508,277.508,0.77,0.78,0.22,0.23,0.01,0.01,74680.52,1776215376000
1776215377.873,277.873,0.77,0.78,0.22,0.23,0.01,0.01,74680.52,1776215376000
1776215378.244,278.244,0.76,0.79,0.21,0.22,0.03,0.01,74680.52,1776215376000
1776215378.587,278.587,0.76,0.79,0.22,0.24,0.03,0.02,74680.52,1776215376000
1776215379.017,279.017,0.77,0.79,0.21,0.23,0.02,0.02,74686.3,1776215377000
1776215379.461,279.461,0.78,0.79,0.21,0.22,0.01,0.01,74686.3,1776215377000
1776215380.049,280.049,0.78,0.79,0.21,0.22,0.01,0.01,74687.12,1776215378000
1776215380.534,280.534,0.78,0.79,0.21,0.22,0.01,0.01,74687.12,1776215378000
1776215381.104,281.104,0.77,0.78,0.21,0.22,0.01,0.01,74688.4,1776215379000
1776215381.559,281.559,0.77,0.78,0.22,0.23,0.01,0.01,74691.3,1776215380000
1776215382.043,282.043,0.78,0.79,0.21,0.22,0.01,0.01,74691.3,1776215380000
1776215382.436,282.436,0.79,0.8,0.2,0.22,0.01,0.02,74691.3,1776215381000
1776215383.119,283.119,0.79,0.8,0.2,0.21,0.01,0.01,74691.3,1776215381000
1776215383.487,283.487,0.79,0.8,0.2,0.21,0.01,0.01,74691.3,1776215381000
1776215383.841,283.841,0.79,0.8,0.2,0.21,0.01,0.01,74690.75,1776215382000
1776215384.331,284.331,0.79,0.8,0.2,0.21,0.01,0.01,74690.75,1776215382000
1776215384.717,284.717,0.79,0.8,0.2,0.21,0.01,0.01,74689.27,1776215383000
1776215385.059,285.059,0.79,0.8,0.2,0.21,0.01,0.01,74689.27,1776215383000
1776215385.409,285.409,0.79,0.8,0.2,0.21,0.01,0.01,74689.27,1776215383000
1776215385.746,285.746,0.79,0.8,0.2,0.21,0.01,0.01,74690.83,1776215384000
1776215386.091,286.091,0.79,0.8,0.2,0.21,0.01,0.01,74690.83,1776215384000
1776215386.492,286.492,0.79,0.8,0.2,0.21,0.01,0.01,74693.87,1776215385000
1776215387.013,287.013,0.8,0.81,0.19,0.2,0.01,0.01,74693.87,1776215385000
1776215387.431,287.431,0.8,0.81,0.19,0.2,0.01,0.01,74693.87,1776215385000
1776215387.765,287.765,0.8,0.81,0.19,0.2,0.01,0.01,74693.87,1776215386000
1776215388.104,288.104,0.8,0.81,0.19,0.2,0.01,0.01,74693.87,1776215386000
1776215388.458,288.458,0.8,0.81,0.19,0.2,0.01,0.01,74693.87,1776215386000
1776215388.882,288.882,0.81,0.82,0.18,0.19,0.01,0.01,74693.87,1776215386000
1776215389.295,289.295,0.81,0.82,0.18,0.19,0.01,0.01,74693.66,1776215388000
1776215389.628,289.628,0.81,0.82,0.18,0.19,0.01,0.01,74693.66,1776215388000
1776215390.324,290.324,0.81,0.82,0.18,0.19,0.01,0.01,74693.66,1776215388000
1776215390.687,290.687,0.81,0.82,0.18,0.19,0.01,0.01,74695.84,1776215389000
1776215391.035,291.035,0.82,0.83,0.17,0.19,0.01,0.02,74695.84,1776215389000
1776215391.436,291.436,0.82,0.83,0.17,0.18,0.01,0.01,74700.37,1776215390000
1776215391.772,291.772,0.82,0.83,0.17,0.18,0.01,0.01,74700.37,1776215390000
1776215392.121,292.121,0.82,0.83,0.17,0.18,0.01,0.01,74700.37,1776215390000
1776215392.485,292.485,0.82,0.85,0.17,0.18,0.03,0.01,74703.45,1776215391000
1776215392.888,292.888,0.85,0.86,0.14,0.15,0.01,0.01,74703.45,1776215391000
1776215393.263,293.263,0.85,0.86,0.14,0.15,0.01,0.01,74703.45,1776215392000
1776215393.676,293.676,0.85,0.86,0.14,0.15,0.01,0.01,74703.45,1776215392000
1776215394.044,294.044,0.9,0.91,0.09,0.1,0.01,0.01,74703.45,1776215392000
1776215394.414,294.414,0.91,0.92,0.08,0.1,0.01,0.02,74711.05,1776215393000
1776215394.762,294.762,0.91,0.92,0.08,0.09,0.01,0.01,74711.05,1776215393000
1776215395.099,295.099,0.92,0.93,0.07,0.08,0.01,0.01,74711.05,1776215393000
1776215395.468,295.468,0.92,0.93,0.07,0.08,0.01,0.01,74711.05,1776215393000
1776215395.816,295.816,0.93,0.94,0.06,0.07,0.01,0.01,74721.7,1776215394000
1776215396.15,296.15,0.93,0.94,0.06,0.07,0.01,0.01,74721.69,1776215395000
1776215396.508,296.508,0.95,0.96,0.04,0.05,0.01,0.01,74721.69,1776215395000
1776215396.85,296.85,0.97,0.98,0.02,0.03,0.01,0.01,74721.69,1776215395000
1776215397.184,297.184,0.97,0.98,0.02,0.03,0.01,0.01,74721.69,1776215395000
1776215397.529,297.529,0.98,0.99,0.01,0.02,0.01,0.01,74723.6,1776215396000
1776215397.865,297.865,0.98,0.99,0.01,0.02,0.01,0.01,74723.6,1776215396000
1776215398.214,298.214,0.99,0.99,0.01,0.01,0.0,0.0,74729.77,1776215397000
1776215398.601,298.601,0.99,0.99,0.01,0.01,0.0,0.0,74729.77,1776215397000
1776215399.04,299.04,0.99,0.99,0.01,0.01,0.0,0.0,74729.77,1776215397000
1776215399.465,299.465,0.99,0.99,0.01,0.01,0.0,0.0,74739.98,1776215398000
1776215399.978,299.978,0.99,0.99,0.01,0.01,0.0,0.0,74742.22,1776215399000
1776215400.435,300.435,0.99,0.99,0.01,0.01,0.0,0.0,74742.22,1776215399000
1776215400.922,300.922,0.99,0.99,0.01,0.01,0.0,0.0,74742.22,1776215399000

# RESULT,winner=Up,slug=btc-updown-5m-1776215100,ticks=699
