timestamp,elapsed_sec,up_bid,up_ask,down_bid,down_ask,up_spread,down_spread,btc_price,btc_oracle_ts
1777077300.722,0.722,0.45,0.46,0.54,0.55,0.01,0.01,77371.77,1777077299000
1777077301.254,1.254,0.45,0.46,0.54,0.55,0.01,0.01,77371.77,1777077300000
1777077301.686,1.686,0.45,0.46,0.54,0.55,0.01,0.01,77371.77,1777077300000
1777077302.099,2.099,0.45,0.46,0.54,0.55,0.01,0.01,77371.77,1777077300000
1777077302.877,2.877,0.45,0.46,0.54,0.55,0.01,0.01,77371.13,1777077301000
1777077303.967,3.967,0.45,0.46,0.54,0.55,0.01,0.01,77371.13,1777077302000
1777077304.502,4.502,0.45,0.46,0.54,0.55,0.01,0.01,77370.49,1777077303000
1777077304.845,4.845,0.46,0.47,0.53,0.54,0.01,0.01,77370.49,1777077303000
1777077305.208,5.208,0.46,0.47,0.53,0.54,0.01,0.01,77370.49,1777077303000
1777077305.59,5.59,0.46,0.47,0.53,0.54,0.01,0.01,77371.77,1777077304000
1777077305.931,5.931,0.47,0.48,0.52,0.53,0.01,0.01,77371.77,1777077304000
1777077306.305,6.305,0.47,0.49,0.52,0.53,0.02,0.01,77371.77,1777077304000
1777077306.648,6.648,0.48,0.49,0.51,0.52,0.01,0.01,77371.77,1777077305000
1777077306.985,6.985,0.48,0.49,0.51,0.52,0.01,0.01,77371.77,1777077306000
1777077307.921,7.921,0.49,0.5,0.5,0.52,0.01,0.02,77371.77,1777077306000
1777077308.259,8.259,0.49,0.5,0.5,0.51,0.01,0.01,77371.77,1777077307000
1777077308.641,8.641,0.49,0.5,0.5,0.51,0.01,0.01,77371.77,1777077307000
1777077309.116,9.116,0.49,0.5,0.5,0.51,0.01,0.01,77371.77,1777077308000
1777077309.706,9.706,0.49,0.5,0.5,0.51,0.01,0.01,77371.77,1777077308000
1777077310.146,10.146,0.49,0.5,0.5,0.51,0.01,0.01,77371.77,1777077309000
1777077310.55,10.55,0.49,0.5,0.5,0.51,0.01,0.01,77371.77,1777077309000
1777077311.07,11.07,0.49,0.5,0.5,0.51,0.01,0.01,77371.77,1777077309000
1777077311.413,11.413,0.49,0.5,0.5,0.51,0.01,0.01,77371.46,1777077310000
1777077311.909,11.909,0.49,0.5,0.5,0.51,0.01,0.01,77371.77,1777077311000
1777077312.488,12.488,0.49,0.5,0.5,0.51,0.01,0.01,77371.77,1777077311000
1777077313.033,13.033,0.49,0.51,0.49,0.51,0.02,0.02,77371.76,1777077312000
1777077314.277,14.277,0.5,0.51,0.49,0.5,0.01,0.01,77371.76,1777077313000
1777077315.412,15.412,0.5,0.51,0.49,0.5,0.01,0.01,77371.75,1777077314000
1777077316.022,16.022,0.5,0.51,0.49,0.5,0.01,0.01,77371.75,1777077315000
1777077316.678,16.678,0.5,0.51,0.49,0.5,0.01,0.01,77371.75,1777077315000
1777077317.172,17.172,0.5,0.51,0.49,0.5,0.01,0.01,77370.9,1777077316000
1777077317.574,17.574,0.5,0.51,0.49,0.5,0.01,0.01,77370.9,1777077316000
1777077317.918,17.918,0.5,0.51,0.49,0.5,0.01,0.01,77370.9,1777077316000
1777077318.255,18.255,0.5,0.51,0.49,0.5,0.01,0.01,77370.58,1777077317000
1777077318.655,18.655,0.49,0.5,0.49,0.51,0.01,0.02,77370.58,1777077317000
1777077319.341,19.341,0.49,0.5,0.5,0.51,0.01,0.01,77370.7,1777077318000
1777077319.869,19.869,0.49,0.5,0.5,0.51,0.01,0.01,77370.7,1777077319000
1777077320.973,20.973,0.49,0.5,0.5,0.51,0.01,0.01,77370.7,1777077319000
1777077321.339,21.339,0.5,0.51,0.49,0.51,0.01,0.02,77370.58,1777077320000
1777077321.681,21.681,0.5,0.51,0.49,0.5,0.01,0.01,77370.58,1777077320000
1777077322.222,22.222,0.5,0.51,0.49,0.5,0.01,0.01,77370.64,1777077321000
1777077322.859,22.859,0.5,0.51,0.49,0.5,0.01,0.01,77370.64,1777077321000
1777077323.251,23.251,0.5,0.51,0.49,0.5,0.01,0.01,77371.2,1777077322000
1777077323.868,23.868,0.5,0.51,0.49,0.5,0.01,0.01,77371.18,1777077323000
1777077324.57,24.57,0.5,0.51,0.49,0.5,0.01,0.01,77371.18,1777077323000
1777077325.057,25.057,0.5,0.51,0.49,0.5,0.01,0.01,77371.18,1777077323000
1777077325.521,25.521,0.5,0.51,0.49,0.5,0.01,0.01,77371.19,1777077324000
1777077326.031,26.031,0.5,0.51,0.49,0.5,0.01,0.01,77371.1,1777077325000
1777077326.598,26.598,0.5,0.51,0.49,0.5,0.01,0.01,77371.1,1777077325000
1777077327.211,27.211,0.5,0.51,0.49,0.5,0.01,0.01,77370.5,1777077326000
1777077327.653,27.653,0.5,0.51,0.49,0.5,0.01,0.01,77370.5,1777077326000
1777077328.262,28.262,0.5,0.51,0.49,0.5,0.01,0.01,77370.5,1777077327000
1777077329.295,29.295,0.5,0.51,0.49,0.5,0.01,0.01,77370.49,1777077328000
1777077329.648,29.648,0.5,0.51,0.49,0.5,0.01,0.01,77370.49,1777077328000
1777077330.358,30.358,0.5,0.51,0.49,0.5,0.01,0.01,77370.49,1777077328000
1777077330.838,30.838,0.5,0.51,0.49,0.5,0.01,0.01,77370.53,1777077329000
1777077331.185,31.185,0.5,0.51,0.49,0.5,0.01,0.01,77370.56,1777077330000
1777077331.727,31.727,0.51,0.52,0.48,0.49,0.01,0.01,77370.56,1777077330000
1777077332.189,32.189,0.51,0.52,0.48,0.49,0.01,0.01,77370.55,1777077331000
1777077332.591,32.591,0.51,0.52,0.48,0.49,0.01,0.01,77370.55,1777077331000
1777077333.083,33.083,0.51,0.52,0.48,0.49,0.01,0.01,77370.86,1777077332000
1777077333.476,33.476,0.5,0.51,0.48,0.49,0.01,0.01,77370.86,1777077332000
1777077333.879,33.879,0.5,0.51,0.49,0.5,0.01,0.01,77370.86,1777077332000
1777077334.275,34.275,0.5,0.51,0.49,0.5,0.01,0.01,77370.82,1777077333000
1777077334.677,34.677,0.5,0.51,0.49,0.5,0.01,0.01,77370.82,1777077333000
1777077335.078,35.078,0.5,0.51,0.49,0.5,0.01,0.01,77371.11,1777077334000
1777077335.67,35.67,0.5,0.51,0.49,0.5,0.01,0.01,77371.11,1777077334000
1777077336.099,36.099,0.5,0.51,0.49,0.5,0.01,0.01,77371.1,1777077335000
1777077336.54,36.54,0.5,0.51,0.49,0.5,0.01,0.01,77371.1,1777077335000
1777077336.883,36.883,0.5,0.51,0.49,0.5,0.01,0.01,77371.1,1777077335000
1777077337.245,37.245,0.5,0.51,0.49,0.5,0.01,0.01,77370.87,1777077336000
1777077337.744,37.744,0.51,0.52,0.48,0.49,0.01,0.01,77370.87,1777077336000
1777077338.172,38.172,0.51,0.52,0.48,0.49,0.01,0.01,77370.87,1777077336000
1777077338.649,38.649,0.51,0.52,0.48,0.49,0.01,0.01,77370.87,1777077336000
1777077339.016,39.016,0.51,0.52,0.48,0.49,0.01,0.01,77370.87,1777077337000
1777077339.35,39.35,0.51,0.52,0.48,0.49,0.01,0.01,77370.87,1777077338000
1777077339.907,39.907,0.51,0.52,0.48,0.49,0.01,0.01,77370.87,1777077338000
1777077340.5,40.5,0.52,0.53,0.47,0.49,0.01,0.02,77370.87,1777077339000
1777077341.005,41.005,0.52,0.53,0.47,0.48,0.01,0.01,77370.87,1777077340000
1777077341.372,41.372,0.51,0.52,0.47,0.49,0.01,0.02,77370.87,1777077340000
1777077341.712,41.712,0.51,0.52,0.48,0.49,0.01,0.01,77370.87,1777077340000
1777077342.278,42.278,0.49,0.5,0.5,0.51,0.01,0.01,77370.38,1777077341000
1777077342.681,42.681,0.49,0.5,0.5,0.51,0.01,0.01,77370.38,1777077341000
1777077343.023,43.023,0.49,0.5,0.5,0.51,0.01,0.01,77370.38,1777077341000
1777077343.431,43.431,0.49,0.5,0.5,0.51,0.01,0.01,77370.88,1777077342000
1777077343.783,43.783,0.49,0.5,0.5,0.51,0.01,0.01,77370.88,1777077342000
1777077344.197,44.197,0.49,0.5,0.5,0.51,0.01,0.01,77371.06,1777077343000
1777077345.027,45.027,0.49,0.5,0.5,0.51,0.01,0.01,77371.06,1777077343000
1777077346.223,46.223,0.49,0.5,0.5,0.51,0.01,0.01,77370.8,1777077345000
1777077346.62,46.62,0.49,0.5,0.5,0.51,0.01,0.01,77370.8,1777077345000
1777077347.124,47.124,0.49,0.5,0.5,0.51,0.01,0.01,77370.8,1777077345000
1777077347.526,47.526,0.49,0.51,0.5,0.51,0.02,0.01,77370.75,1777077346000
1777077348.102,48.102,0.55,0.56,0.43,0.46,0.01,0.03,77370.75,1777077346000
1777077348.53,48.53,0.55,0.56,0.44,0.45,0.01,0.01,77370.8,1777077347000
1777077348.889,48.889,0.54,0.55,0.44,0.46,0.01,0.02,77370.8,1777077347000
1777077349.29,49.29,0.54,0.55,0.45,0.46,0.01,0.01,77370.8,1777077347000
1777077349.643,49.643,0.53,0.54,0.46,0.47,0.01,0.01,77370.8,1777077348000
1777077349.979,49.979,0.53,0.54,0.46,0.47,0.01,0.01,77370.8,1777077348000
1777077350.328,50.328,0.52,0.54,0.46,0.47,0.02,0.01,77371.25,1777077349000
1777077350.775,50.775,0.52,0.53,0.47,0.48,0.01,0.01,77371.25,1777077349000
1777077351.14,51.14,0.5,0.51,0.48,0.5,0.01,0.02,77371.25,1777077349000
1777077351.486,51.486,0.49,0.5,0.49,0.5,0.01,0.01,77371.0,1777077350000
1777077351.886,51.886,0.48,0.49,0.51,0.52,0.01,0.01,77371.0,1777077350000
1777077352.342,52.342,0.48,0.49,0.51,0.52,0.01,0.01,77371.0,1777077350000
1777077352.768,52.768,0.48,0.49,0.51,0.52,0.01,0.01,77370.69,1777077351000
1777077353.882,53.882,0.48,0.49,0.51,0.52,0.01,0.01,77372.31,1777077352000
1777077354.372,54.372,0.48,0.49,0.51,0.52,0.01,0.01,77373.67,1777077353000
1777077354.733,54.733,0.48,0.49,0.51,0.52,0.01,0.01,77373.67,1777077353000
1777077355.105,55.105,0.48,0.49,0.51,0.52,0.01,0.01,77373.68,1777077354000
1777077355.491,55.491,0.48,0.49,0.51,0.52,0.01,0.01,77373.68,1777077354000
1777077355.861,55.861,0.48,0.49,0.51,0.52,0.01,0.01,77373.68,1777077354000
1777077356.252,56.252,0.48,0.49,0.51,0.52,0.01,0.01,77374.77,1777077355000
1777077357.089,57.089,0.48,0.49,0.51,0.52,0.01,0.01,77374.77,1777077356000
1777077357.706,57.706,0.48,0.49,0.51,0.52,0.01,0.01,77374.77,1777077356000
1777077358.044,58.044,0.48,0.49,0.51,0.52,0.01,0.01,77374.77,1777077356000
1777077358.388,58.388,0.49,0.5,0.5,0.51,0.01,0.01,77374.77,1777077357000
1777077359.123,59.123,0.49,0.52,0.48,0.51,0.03,0.03,77374.77,1777077358000
1777077359.56,59.56,0.51,0.52,0.48,0.51,0.01,0.03,77374.77,1777077358000
1777077360.101,60.101,0.51,0.52,0.48,0.49,0.01,0.01,77374.77,1777077359000
1777077361.075,61.075,0.51,0.52,0.48,0.49,0.01,0.01,77374.77,1777077359000
1777077361.689,61.689,0.51,0.52,0.48,0.49,0.01,0.01,77377.02,1777077360000
1777077362.148,62.148,0.51,0.52,0.48,0.49,0.01,0.01,77377.04,1777077361000
1777077363.004,63.004,0.51,0.52,0.48,0.49,0.01,0.01,77377.04,1777077361000
1777077363.365,63.365,0.51,0.52,0.48,0.49,0.01,0.01,77377.05,1777077362000
1777077363.706,63.706,0.51,0.52,0.48,0.49,0.01,0.01,77377.05,1777077362000
1777077364.132,64.132,0.51,0.52,0.48,0.49,0.01,0.01,77377.19,1777077363000
1777077364.732,64.732,0.5,0.51,0.49,0.5,0.01,0.01,77377.19,1777077363000
1777077365.272,65.272,0.5,0.51,0.49,0.5,0.01,0.01,77377.19,1777077363000
1777077365.646,65.646,0.5,0.51,0.49,0.5,0.01,0.01,77377.06,1777077364000
1777077366.039,66.039,0.5,0.51,0.49,0.5,0.01,0.01,77377.06,1777077364000
1777077367.091,67.091,0.5,0.51,0.49,0.5,0.01,0.01,77373.91,1777077366000
1777077367.705,67.705,0.5,0.51,0.49,0.5,0.01,0.01,77373.91,1777077366000
1777077368.04,68.04,0.5,0.51,0.49,0.51,0.01,0.02,77373.91,1777077366000
1777077368.556,68.556,0.5,0.51,0.49,0.5,0.01,0.01,77373.63,1777077367000
1777077368.922,68.922,0.49,0.51,0.49,0.51,0.02,0.02,77373.63,1777077367000
1777077369.396,69.396,0.48,0.49,0.51,0.52,0.01,0.01,77373.63,1777077368000
1777077369.966,69.966,0.47,0.49,0.51,0.53,0.02,0.02,77373.62,1777077369000
1777077370.307,70.307,0.47,0.48,0.52,0.53,0.01,0.01,77373.62,1777077369000
1777077370.731,70.731,0.47,0.5,0.52,0.53,0.03,0.01,77373.62,1777077369000
1777077371.087,71.087,0.49,0.5,0.5,0.51,0.01,0.01,77373.6,1777077370000
1777077371.576,71.576,0.49,0.51,0.5,0.51,0.02,0.01,77373.6,1777077370000
1777077372.005,72.005,0.5,0.51,0.49,0.5,0.01,0.01,77373.23,1777077371000
1777077372.426,72.426,0.5,0.52,0.48,0.5,0.02,0.02,77373.23,1777077371000
1777077372.763,72.763,0.5,0.51,0.49,0.5,0.01,0.01,77373.23,1777077371000
1777077373.289,73.289,0.5,0.51,0.49,0.5,0.01,0.01,77373.23,1777077372000
1777077373.704,73.704,0.5,0.51,0.49,0.5,0.01,0.01,77373.23,1777077372000
1777077374.2,74.2,0.5,0.51,0.49,0.5,0.01,0.01,77373.23,1777077373000
1777077374.73,74.73,0.5,0.51,0.49,0.5,0.01,0.01,77373.23,1777077373000
1777077375.312,75.312,0.5,0.51,0.49,0.5,0.01,0.01,77373.23,1777077374000
1777077375.718,75.718,0.5,0.51,0.49,0.5,0.01,0.01,77373.23,1777077374000
1777077376.175,76.175,0.5,0.51,0.49,0.5,0.01,0.01,77373.21,1777077375000
1777077377.076,77.076,0.5,0.51,0.49,0.5,0.01,0.01,77373.17,1777077376000
1777077378.014,78.014,0.49,0.5,0.49,0.51,0.01,0.02,77373.17,1777077376000
1777077378.569,78.569,0.49,0.5,0.5,0.51,0.01,0.01,77373.34,1777077377000
1777077378.97,78.97,0.49,0.5,0.5,0.51,0.01,0.01,77373.34,1777077377000
1777077380.719,80.719,0.49,0.5,0.5,0.51,0.01,0.01,77373.33,1777077379000
1777077381.773,81.773,0.49,0.5,0.5,0.51,0.01,0.01,77373.33,1777077380000
1777077382.126,82.126,0.49,0.5,0.5,0.51,0.01,0.01,77373.33,1777077380000
1777077382.711,82.711,0.49,0.5,0.5,0.51,0.01,0.01,77373.37,1777077381000
1777077383.441,83.441,0.49,0.51,0.5,0.51,0.02,0.01,77373.37,1777077381000
1777077384.158,84.158,0.5,0.51,0.49,0.5,0.01,0.01,77373.37,1777077383000
1777077384.857,84.857,0.5,0.51,0.49,0.5,0.01,0.01,77373.37,1777077383000
1777077385.632,85.632,0.5,0.51,0.49,0.5,0.01,0.01,77373.4,1777077384000
1777077386.209,86.209,0.5,0.51,0.49,0.5,0.01,0.01,77372.22,1777077385000
1777077387.448,87.448,0.5,0.51,0.49,0.5,0.01,0.01,77372.22,1777077385000
1777077387.919,87.919,0.5,0.51,0.49,0.5,0.01,0.01,77373.39,1777077386000
1777077388.281,88.281,0.5,0.51,0.49,0.5,0.01,0.01,77373.44,1777077387000
1777077388.753,88.753,0.48,0.51,0.49,0.5,0.03,0.01,77373.44,1777077387000
1777077389.23,89.23,0.4,0.45,0.55,0.59,0.05,0.04,77373.44,1777077387000
1777077389.642,89.642,0.4,0.45,0.55,0.6,0.05,0.05,77373.44,1777077387000
1777077390.241,90.241,0.39,0.42,0.58,0.59,0.03,0.01,77370.94,1777077388000
1777077390.584,90.584,0.35,0.37,0.63,0.66,0.02,0.03,77369.04,1777077389000
1777077391.016,91.016,0.36,0.37,0.63,0.64,0.01,0.01,77369.04,1777077389000
1777077391.364,91.364,0.36,0.37,0.63,0.64,0.01,0.01,77369.04,1777077389000
1777077391.72,91.72,0.36,0.37,0.63,0.64,0.01,0.01,77369.04,1777077389000
1777077392.201,92.201,0.36,0.37,0.63,0.64,0.01,0.01,77369.99,1777077390000
1777077392.58,92.58,0.36,0.37,0.63,0.64,0.01,0.01,77369.21,1777077391000
1777077392.954,92.954,0.36,0.37,0.63,0.64,0.01,0.01,77369.21,1777077391000
1777077393.46,93.46,0.36,0.37,0.63,0.64,0.01,0.01,77369.21,1777077391000
1777077393.962,93.962,0.35,0.36,0.63,0.65,0.01,0.02,77368.43,1777077392000
1777077394.372,94.372,0.35,0.36,0.63,0.65,0.01,0.02,77368.43,1777077392000
1777077394.749,94.749,0.39,0.4,0.6,0.61,0.01,0.01,77368.25,1777077393000
1777077395.089,95.089,0.39,0.4,0.6,0.61,0.01,0.01,77368.25,1777077393000
1777077395.462,95.462,0.37,0.39,0.62,0.63,0.02,0.01,77368.25,1777077394000
1777077395.872,95.872,0.39,0.42,0.58,0.61,0.03,0.03,77368.25,1777077394000
1777077396.224,96.224,0.39,0.42,0.6,0.62,0.03,0.02,77368.25,1777077394000
1777077396.914,96.914,0.4,0.41,0.59,0.6,0.01,0.01,77368.1,1777077395000
1777077397.283,97.283,0.4,0.41,0.59,0.6,0.01,0.01,77368.1,1777077395000
1777077397.693,97.693,0.4,0.41,0.59,0.6,0.01,0.01,77368.1,1777077396000
1777077398.038,98.038,0.41,0.42,0.58,0.59,0.01,0.01,77368.1,1777077396000
1777077398.394,98.394,0.41,0.42,0.58,0.59,0.01,0.01,77368.11,1777077397000
1777077398.789,98.789,0.41,0.43,0.58,0.59,0.02,0.01,77368.11,1777077397000
1777077399.141,99.141,0.42,0.43,0.57,0.58,0.01,0.01,77368.11,1777077397000
1777077399.536,99.536,0.43,0.44,0.56,0.57,0.01,0.01,77368.15,1777077398000
1777077400.005,100.005,0.43,0.45,0.55,0.57,0.02,0.02,77368.13,1777077399000
1777077400.343,100.343,0.48,0.49,0.48,0.52,0.01,0.04,77368.13,1777077399000
1777077400.721,100.721,0.51,0.52,0.48,0.49,0.01,0.01,77368.13,1777077399000
1777077401.072,101.072,0.5,0.51,0.49,0.5,0.01,0.01,77368.13,1777077399000
1777077401.463,101.463,0.51,0.52,0.48,0.49,0.01,0.01,77368.22,1777077400000
1777077401.805,101.805,0.5,0.51,0.49,0.5,0.01,0.01,77368.22,1777077400000
1777077402.153,102.153,0.5,0.51,0.49,0.5,0.01,0.01,77368.22,1777077400000
1777077402.553,102.553,0.49,0.5,0.5,0.51,0.01,0.01,77368.96,1777077401000
1777077402.891,102.891,0.47,0.5,0.5,0.51,0.03,0.01,77368.96,1777077401000
1777077403.268,103.268,0.47,0.48,0.52,0.53,0.01,0.01,77368.96,1777077401000
1777077403.602,103.602,0.48,0.5,0.5,0.52,0.02,0.02,77371.94,1777077402000
1777077404.014,104.014,0.49,0.5,0.5,0.51,0.01,0.01,77371.94,1777077403000
1777077404.634,104.634,0.47,0.49,0.5,0.53,0.02,0.03,77371.94,1777077403000
1777077405.077,105.077,0.47,0.49,0.51,0.53,0.02,0.02,77371.94,1777077404000
1777077405.641,105.641,0.47,0.48,0.52,0.53,0.01,0.01,77371.94,1777077404000
1777077406.14,106.14,0.48,0.49,0.49,0.53,0.01,0.04,77371.94,1777077404000
1777077406.546,106.546,0.48,0.49,0.51,0.53,0.01,0.02,77372.01,1777077405000
1777077406.939,106.939,0.46,0.49,0.51,0.52,0.03,0.01,77372.01,1777077405000
1777077407.324,107.324,0.45,0.47,0.54,0.55,0.02,0.01,77372.01,1777077406000
1777077407.773,107.773,0.46,0.47,0.53,0.55,0.01,0.02,77372.01,1777077406000
1777077408.13,108.13,0.46,0.48,0.53,0.54,0.02,0.01,77372.01,1777077407000
1777077408.503,108.503,0.47,0.48,0.52,0.53,0.01,0.01,77372.01,1777077407000
1777077408.856,108.856,0.46,0.48,0.52,0.53,0.02,0.01,77372.01,1777077407000
1777077409.475,109.475,0.44,0.48,0.52,0.55,0.04,0.03,77369.67,1777077408000
1777077409.839,109.839,0.44,0.46,0.55,0.56,0.02,0.01,77369.67,1777077408000
1777077410.217,110.217,0.44,0.45,0.55,0.56,0.01,0.01,77372.01,1777077409000
1777077410.647,110.647,0.44,0.45,0.55,0.56,0.01,0.01,77372.01,1777077409000
1777077411.146,111.146,0.44,0.45,0.55,0.56,0.01,0.01,77372.01,1777077409000
1777077411.493,111.493,0.44,0.45,0.55,0.56,0.01,0.01,77372.01,1777077409000
1777077411.975,111.975,0.44,0.46,0.55,0.56,0.02,0.01,77372.01,1777077410000
1777077412.339,112.339,0.45,0.46,0.54,0.56,0.01,0.02,77372.01,1777077410000
1777077412.823,112.823,0.45,0.46,0.54,0.55,0.01,0.01,77372.01,1777077411000
1777077413.248,113.248,0.45,0.46,0.54,0.55,0.01,0.01,77372.01,1777077412000
1777077413.869,113.869,0.46,0.47,0.53,0.54,0.01,0.01,77372.01,1777077412000
1777077414.319,114.319,0.46,0.47,0.53,0.54,0.01,0.01,77372.01,1777077412000
1777077414.666,114.666,0.46,0.47,0.53,0.54,0.01,0.01,77372.01,1777077413000
1777077415.101,115.101,0.46,0.47,0.53,0.54,0.01,0.01,77372.01,1777077413000
1777077415.474,115.474,0.46,0.47,0.53,0.54,0.01,0.01,77372.01,1777077414000
1777077415.993,115.993,0.46,0.47,0.53,0.54,0.01,0.01,77372.01,1777077414000
1777077416.687,116.687,0.46,0.47,0.53,0.54,0.01,0.01,77372.01,1777077415000
1777077417.049,117.049,0.46,0.47,0.53,0.54,0.01,0.01,77372.01,1777077415000
1777077417.396,117.396,0.46,0.47,0.53,0.54,0.01,0.01,77372.01,1777077416000
1777077418.005,118.005,0.46,0.47,0.53,0.54,0.01,0.01,77372.01,1777077417000
1777077419.31,119.31,0.46,0.47,0.53,0.54,0.01,0.01,77372.01,1777077418000
1777077419.842,119.842,0.46,0.47,0.53,0.54,0.01,0.01,77372.01,1777077418000
1777077420.191,120.191,0.46,0.56,0.53,0.54,0.1,0.01,77372.01,1777077418000
1777077420.544,120.544,0.51,0.55,0.43,0.5,0.04,0.07,77372.01,1777077418000
1777077420.973,120.973,0.51,0.55,0.45,0.49,0.04,0.04,77372.41,1777077419000
1777077421.435,121.435,0.53,0.55,0.46,0.47,0.02,0.01,77373.14,1777077420000
1777077421.77,121.77,0.53,0.54,0.46,0.5,0.01,0.04,77373.14,1777077420000
1777077422.298,122.298,0.53,0.54,0.46,0.47,0.01,0.01,77373.14,1777077420000
1777077422.662,122.662,0.53,0.54,0.46,0.48,0.01,0.02,77373.14,1777077420000
1777077423.034,123.034,0.5,0.53,0.47,0.5,0.03,0.03,77376.26,1777077421000
1777077423.467,123.467,0.5,0.51,0.49,0.5,0.01,0.01,77376.27,1777077422000
1777077423.886,123.886,0.5,0.51,0.49,0.5,0.01,0.01,77376.27,1777077422000
1777077424.288,124.288,0.5,0.51,0.49,0.5,0.01,0.01,77376.3,1777077423000
1777077424.666,124.666,0.5,0.51,0.49,0.5,0.01,0.01,77376.3,1777077423000
1777077425.274,125.274,0.49,0.51,0.49,0.5,0.02,0.01,77376.3,1777077423000
1777077425.649,125.649,0.5,0.51,0.49,0.51,0.01,0.02,77376.3,1777077423000
1777077426.037,126.037,0.5,0.51,0.49,0.51,0.01,0.02,77376.26,1777077424000
1777077426.419,126.419,0.5,0.51,0.49,0.5,0.01,0.01,77376.26,1777077424000
1777077427.001,127.001,0.49,0.51,0.49,0.5,0.02,0.01,77376.26,1777077425000
1777077427.437,127.437,0.49,0.5,0.5,0.51,0.01,0.01,77376.25,1777077426000
1777077428.037,128.037,0.49,0.5,0.5,0.51,0.01,0.01,77376.25,1777077426000
1777077428.474,128.474,0.49,0.5,0.5,0.51,0.01,0.01,77376.25,1777077426000
1777077428.959,128.959,0.49,0.5,0.5,0.51,0.01,0.01,77376.21,1777077427000
1777077429.468,129.468,0.49,0.5,0.5,0.51,0.01,0.01,77376.21,1777077427000
1777077430.15,130.15,0.49,0.5,0.5,0.51,0.01,0.01,77376.21,1777077429000
1777077430.616,130.616,0.51,0.53,0.47,0.49,0.02,0.02,77376.21,1777077429000
1777077431.195,131.195,0.52,0.53,0.47,0.49,0.01,0.02,77376.21,1777077429000
1777077431.651,131.651,0.52,0.53,0.47,0.48,0.01,0.01,77376.2,1777077430000
1777077432.015,132.015,0.52,0.53,0.47,0.48,0.01,0.01,77376.2,1777077430000
1777077432.485,132.485,0.52,0.53,0.47,0.48,0.01,0.01,77376.32,1777077431000
1777077432.838,132.838,0.52,0.53,0.47,0.48,0.01,0.01,77376.32,1777077431000
1777077433.275,133.275,0.52,0.53,0.47,0.48,0.01,0.01,77376.32,1777077431000
1777077433.729,133.729,0.52,0.54,0.47,0.48,0.02,0.01,77376.33,1777077432000
1777077434.361,134.361,0.52,0.54,0.46,0.48,0.02,0.02,77376.33,1777077433000
1777077434.761,134.761,0.52,0.54,0.46,0.47,0.02,0.01,77376.33,1777077433000
1777077435.33,135.33,0.52,0.54,0.46,0.48,0.02,0.02,77376.3,1777077434000
1777077435.85,135.85,0.52,0.56,0.47,0.48,0.04,0.01,77376.3,1777077434000
1777077436.381,136.381,0.55,0.56,0.44,0.45,0.01,0.01,77376.29,1777077435000
1777077436.804,136.804,0.55,0.56,0.44,0.45,0.01,0.01,77376.29,1777077435000
1777077437.22,137.22,0.55,0.56,0.44,0.45,0.01,0.01,77376.29,1777077435000
1777077437.638,137.638,0.55,0.56,0.44,0.45,0.01,0.01,77378.0,1777077436000
1777077437.998,137.998,0.54,0.56,0.44,0.45,0.02,0.01,77378.0,1777077436000
1777077438.351,138.351,0.54,0.56,0.44,0.46,0.02,0.02,77378.27,1777077437000
1777077438.687,138.687,0.54,0.55,0.45,0.46,0.01,0.01,77378.27,1777077437000
1777077439.162,139.162,0.54,0.55,0.45,0.46,0.01,0.01,77378.27,1777077437000
1777077439.865,139.865,0.54,0.56,0.45,0.46,0.02,0.01,77378.27,1777077438000
1777077440.232,140.232,0.54,0.56,0.44,0.46,0.02,0.02,77378.27,1777077438000
1777077440.639,140.639,0.55,0.56,0.44,0.46,0.01,0.02,77378.24,1777077439000
1777077441.029,141.029,0.55,0.56,0.44,0.45,0.01,0.01,77378.24,1777077439000
1777077441.434,141.434,0.55,0.56,0.44,0.45,0.01,0.01,77378.23,1777077440000
1777077442.152,142.152,0.55,0.56,0.44,0.45,0.01,0.01,77378.23,1777077440000
1777077442.741,142.741,0.55,0.56,0.44,0.45,0.01,0.01,77378.43,1777077441000
1777077443.249,143.249,0.55,0.56,0.44,0.45,0.01,0.01,77378.43,1777077442000
1777077443.692,143.692,0.55,0.56,0.44,0.45,0.01,0.01,77378.43,1777077442000
1777077444.313,144.313,0.55,0.56,0.44,0.45,0.01,0.01,77378.42,1777077443000
1777077444.707,144.707,0.59,0.6,0.4,0.41,0.01,0.01,77378.42,1777077443000
1777077445.078,145.078,0.59,0.6,0.4,0.41,0.01,0.01,77378.42,1777077443000
1777077445.485,145.485,0.59,0.6,0.4,0.41,0.01,0.01,77378.72,1777077444000
1777077445.94,145.94,0.59,0.6,0.4,0.41,0.01,0.01,77378.72,1777077444000
1777077446.279,146.279,0.59,0.6,0.4,0.41,0.01,0.01,77378.72,1777077444000
1777077446.704,146.704,0.59,0.6,0.4,0.41,0.01,0.01,77379.09,1777077445000
1777077447.249,147.249,0.59,0.6,0.4,0.41,0.01,0.01,77379.09,1777077446000
1777077447.646,147.646,0.59,0.6,0.4,0.41,0.01,0.01,77379.09,1777077446000
1777077448.02,148.02,0.59,0.61,0.39,0.41,0.02,0.02,77379.09,1777077446000
1777077448.383,148.383,0.6,0.61,0.39,0.41,0.01,0.02,77375.83,1777077447000
1777077448.732,148.732,0.59,0.61,0.39,0.41,0.02,0.02,77375.83,1777077447000
1777077449.154,149.154,0.6,0.61,0.39,0.4,0.01,0.01,77375.83,1777077447000
1777077449.799,149.799,0.6,0.61,0.39,0.4,0.01,0.01,77375.86,1777077448000
1777077450.143,150.143,0.59,0.6,0.39,0.41,0.01,0.02,77375.86,1777077448000
1777077450.864,150.864,0.59,0.6,0.4,0.41,0.01,0.01,77375.86,1777077449000
1777077451.348,151.348,0.58,0.6,0.4,0.42,0.02,0.02,77375.86,1777077450000
1777077451.795,151.795,0.59,0.6,0.4,0.42,0.01,0.02,77375.86,1777077450000
1777077452.197,152.197,0.59,0.6,0.4,0.41,0.01,0.01,77375.63,1777077451000
1777077453.186,153.186,0.59,0.6,0.4,0.41,0.01,0.01,77375.75,1777077452000
1777077453.863,153.863,0.59,0.6,0.4,0.41,0.01,0.01,77375.75,1777077452000
1777077454.198,154.198,0.59,0.61,0.39,0.41,0.02,0.02,77376.02,1777077453000
1777077454.612,154.612,0.6,0.61,0.39,0.4,0.01,0.01,77376.02,1777077453000
1777077455.428,155.428,0.6,0.61,0.39,0.4,0.01,0.01,77376.02,1777077453000
1777077455.771,155.771,0.59,0.61,0.39,0.41,0.02,0.02,77376.06,1777077454000
1777077456.339,156.339,0.6,0.61,0.39,0.4,0.01,0.01,77376.06,1777077455000
1777077456.726,156.726,0.6,0.61,0.39,0.4,0.01,0.01,77376.06,1777077455000
1777077457.103,157.103,0.6,0.61,0.39,0.4,0.01,0.01,77376.06,1777077455000
1777077457.5,157.5,0.6,0.61,0.39,0.4,0.01,0.01,77375.99,1777077456000
1777077457.873,157.873,0.59,0.6,0.4,0.41,0.01,0.01,77375.99,1777077456000
1777077458.297,158.297,0.58,0.59,0.4,0.42,0.01,0.02,77375.99,1777077456000
1777077458.705,158.705,0.58,0.59,0.41,0.42,0.01,0.01,77375.73,1777077457000
1777077459.442,159.442,0.58,0.59,0.41,0.42,0.01,0.01,77375.75,1777077458000
1777077460.053,160.053,0.58,0.59,0.41,0.42,0.01,0.01,77375.76,1777077459000
1777077461.105,161.105,0.58,0.59,0.41,0.42,0.01,0.01,77377.62,1777077460000
1777077462.0,162.0,0.58,0.59,0.41,0.42,0.01,0.01,77377.62,1777077460000
1777077462.591,162.591,0.59,0.6,0.41,0.42,0.01,0.01,77377.74,1777077461000
1777077462.943,162.943,0.59,0.6,0.4,0.42,0.01,0.02,77377.74,1777077461000
1777077463.351,163.351,0.57,0.58,0.42,0.43,0.01,0.01,77377.49,1777077462000
1777077464.1,164.1,0.57,0.58,0.42,0.43,0.01,0.01,77377.86,1777077463000
1777077464.513,164.513,0.57,0.58,0.42,0.43,0.01,0.01,77377.86,1777077463000
1777077464.922,164.922,0.6,0.61,0.41,0.43,0.01,0.02,77377.86,1777077463000
1777077465.479,165.479,0.6,0.61,0.39,0.4,0.01,0.01,77377.88,1777077464000
1777077466.137,166.137,0.6,0.61,0.39,0.4,0.01,0.01,77377.88,1777077464000
1777077466.669,166.669,0.6,0.61,0.39,0.4,0.01,0.01,77377.31,1777077465000
1777077467.293,167.293,0.6,0.61,0.39,0.4,0.01,0.01,77377.31,1777077466000
1777077467.731,167.731,0.59,0.6,0.39,0.4,0.01,0.01,77377.31,1777077466000
1777077468.247,168.247,0.59,0.6,0.4,0.41,0.01,0.01,77377.3,1777077467000
1777077468.815,168.815,0.59,0.6,0.4,0.41,0.01,0.01,77377.3,1777077467000
1777077469.206,169.206,0.59,0.6,0.4,0.41,0.01,0.01,77377.28,1777077468000
1777077469.544,169.544,0.58,0.59,0.4,0.42,0.01,0.02,77377.28,1777077468000
1777077469.885,169.885,0.58,0.59,0.41,0.42,0.01,0.01,77377.28,1777077468000
1777077470.283,170.283,0.58,0.59,0.41,0.42,0.01,0.01,77377.28,1777077468000
1777077470.64,170.64,0.58,0.59,0.41,0.42,0.01,0.01,77377.29,1777077469000
1777077471.125,171.125,0.58,0.59,0.41,0.42,0.01,0.01,77377.37,1777077470000
1777077472.062,172.062,0.58,0.59,0.41,0.42,0.01,0.01,77377.36,1777077471000
1777077472.503,172.503,0.57,0.58,0.41,0.43,0.01,0.02,77377.36,1777077471000
1777077473.151,173.151,0.57,0.58,0.42,0.43,0.01,0.01,77377.61,1777077472000
1777077474.254,174.254,0.57,0.58,0.42,0.43,0.01,0.01,77377.67,1777077473000
1777077474.693,174.693,0.58,0.59,0.42,0.43,0.01,0.01,77377.67,1777077473000
1777077475.37,175.37,0.58,0.59,0.41,0.42,0.01,0.01,77377.93,1777077474000
1777077476.038,176.038,0.58,0.6,0.41,0.42,0.02,0.01,77377.93,1777077474000
1777077476.438,176.438,0.61,0.62,0.38,0.39,0.01,0.01,77377.53,1777077475000
1777077477.114,177.114,0.61,0.62,0.38,0.39,0.01,0.01,77375.96,1777077476000
1777077478.101,178.101,0.61,0.62,0.38,0.39,0.01,0.01,77375.96,1777077476000
1777077478.537,178.537,0.6,0.62,0.37,0.39,0.02,0.02,77377.83,1777077477000
1777077479.19,179.19,0.6,0.62,0.38,0.4,0.02,0.02,77377.76,1777077478000
1777077479.837,179.837,0.6,0.61,0.39,0.4,0.01,0.01,77377.76,1777077478000
1777077480.329,180.329,0.6,0.61,0.39,0.4,0.01,0.01,77377.76,1777077479000
1777077480.77,180.77,0.6,0.61,0.39,0.4,0.01,0.01,77377.76,1777077479000
1777077481.402,181.402,0.6,0.61,0.39,0.4,0.01,0.01,77377.76,1777077480000
1777077481.927,181.927,0.6,0.61,0.39,0.4,0.01,0.01,77377.76,1777077480000
1777077482.28,182.28,0.6,0.65,0.36,0.4,0.05,0.04,77377.76,1777077481000
1777077483.21,183.21,0.63,0.68,0.32,0.4,0.05,0.08,77377.76,1777077481000
1777077483.591,183.591,0.63,0.68,0.32,0.37,0.05,0.05,77377.76,1777077481000
1777077484.152,184.152,0.63,0.68,0.32,0.37,0.05,0.05,77379.77,1777077482000
1777077484.576,184.576,0.64,0.66,0.34,0.37,0.02,0.03,77380.16,1777077483000
1777077484.949,184.949,0.6,0.66,0.34,0.35,0.06,0.01,77380.16,1777077483000
1777077485.427,185.427,0.65,0.66,0.34,0.4,0.01,0.06,77380.16,1777077483000
1777077485.907,185.907,0.65,0.66,0.34,0.35,0.01,0.01,77381.64,1777077484000
1777077486.636,186.636,0.65,0.66,0.34,0.35,0.01,0.01,77381.64,1777077485000
1777077487.205,187.205,0.65,0.66,0.34,0.35,0.01,0.01,77381.64,1777077485000
1777077487.935,187.935,0.64,0.65,0.35,0.36,0.01,0.01,77381.64,1777077486000
1777077488.287,188.287,0.64,0.65,0.35,0.36,0.01,0.01,77381.64,1777077487000
1777077488.624,188.624,0.64,0.65,0.35,0.36,0.01,0.01,77381.64,1777077487000
1777077489.331,189.331,0.64,0.65,0.35,0.36,0.01,0.01,77381.64,1777077488000
1777077489.898,189.898,0.65,0.66,0.34,0.36,0.01,0.02,77381.64,1777077488000
1777077490.425,190.425,0.65,0.66,0.34,0.35,0.01,0.01,77381.64,1777077488000
1777077490.818,190.818,0.65,0.66,0.34,0.35,0.01,0.01,77377.67,1777077489000
1777077491.491,191.491,0.65,0.66,0.34,0.35,0.01,0.01,77377.67,1777077490000
1777077492.126,192.126,0.65,0.67,0.33,0.35,0.02,0.02,77379.33,1777077491000
1777077492.493,192.493,0.66,0.67,0.33,0.35,0.01,0.02,77379.33,1777077491000
1777077492.851,192.851,0.64,0.67,0.33,0.34,0.03,0.01,77379.33,1777077491000
1777077493.251,193.251,0.64,0.67,0.33,0.36,0.03,0.03,77381.63,1777077492000
1777077493.803,193.803,0.65,0.66,0.33,0.36,0.01,0.03,77381.63,1777077492000
1777077494.23,194.23,0.65,0.66,0.34,0.35,0.01,0.01,77381.63,1777077493000
1777077494.818,194.818,0.65,0.67,0.34,0.35,0.02,0.01,77381.63,1777077493000
1777077495.267,195.267,0.65,0.66,0.33,0.35,0.01,0.02,77381.63,1777077493000
1777077495.765,195.765,0.65,0.67,0.34,0.35,0.02,0.01,77381.63,1777077494000
1777077496.118,196.118,0.66,0.68,0.33,0.35,0.02,0.02,77381.63,1777077494000
1777077496.619,196.619,0.66,0.68,0.32,0.34,0.02,0.02,77381.63,1777077495000
1777077497.923,197.923,0.66,0.67,0.32,0.34,0.01,0.02,77381.63,1777077495000
1777077498.306,198.306,0.67,0.68,0.33,0.34,0.01,0.01,77381.63,1777077496000
1777077498.869,198.869,0.67,0.68,0.32,0.33,0.01,0.01,77381.63,1777077497000
1777077499.23,199.23,0.67,0.68,0.32,0.33,0.01,0.01,77381.63,1777077498000
1777077499.633,199.633,0.69,0.7,0.3,0.31,0.01,0.01,77381.63,1777077498000
1777077500.131,200.131,0.69,0.7,0.3,0.31,0.01,0.01,77381.63,1777077498000
1777077500.73,200.73,0.69,0.7,0.3,0.31,0.01,0.01,77381.62,1777077499000
1777077501.096,201.096,0.69,0.7,0.3,0.31,0.01,0.01,77381.62,1777077499000
1777077501.505,201.505,0.69,0.7,0.3,0.31,0.01,0.01,77381.62,1777077499000
1777077502.249,202.249,0.69,0.7,0.3,0.31,0.01,0.01,77381.63,1777077500000
1777077502.653,202.653,0.69,0.7,0.3,0.31,0.01,0.01,77381.63,1777077500000
1777077503.007,203.007,0.69,0.7,0.3,0.31,0.01,0.01,77381.63,1777077501000
1777077503.428,203.428,0.69,0.7,0.3,0.31,0.01,0.01,77381.63,1777077502000
1777077503.807,203.807,0.69,0.7,0.3,0.31,0.01,0.01,77381.63,1777077502000
1777077504.261,204.261,0.69,0.7,0.3,0.31,0.01,0.01,77381.63,1777077503000
1777077504.679,204.679,0.69,0.7,0.3,0.31,0.01,0.01,77381.63,1777077503000
1777077505.293,205.293,0.69,0.7,0.3,0.31,0.01,0.01,77381.63,1777077504000
1777077505.719,205.719,0.69,0.7,0.3,0.31,0.01,0.01,77381.63,1777077504000
1777077506.181,206.181,0.69,0.7,0.3,0.31,0.01,0.01,77381.63,1777077505000
1777077506.517,206.517,0.69,0.7,0.3,0.31,0.01,0.01,77381.63,1777077505000
1777077507.382,207.382,0.69,0.71,0.3,0.31,0.02,0.01,77381.63,1777077505000
1777077507.736,207.736,0.69,0.7,0.3,0.31,0.01,0.01,77381.63,1777077505000
1777077508.221,208.221,0.69,0.7,0.3,0.31,0.01,0.01,77377.49,1777077506000
1777077508.595,208.595,0.68,0.7,0.3,0.32,0.02,0.02,77377.49,1777077506000
1777077509.012,209.012,0.68,0.7,0.3,0.32,0.02,0.02,77377.23,1777077508000
1777077509.479,209.479,0.68,0.69,0.31,0.32,0.01,0.01,77377.23,1777077508000
1777077510.047,210.047,0.67,0.68,0.31,0.32,0.01,0.01,77377.23,1777077508000
1777077510.824,210.824,0.67,0.68,0.32,0.33,0.01,0.01,77377.24,1777077510000
1777077511.577,211.577,0.67,0.68,0.32,0.33,0.01,0.01,77377.24,1777077510000
1777077512.059,212.059,0.67,0.68,0.32,0.33,0.01,0.01,77377.24,1777077510000
1777077512.831,212.831,0.67,0.68,0.32,0.33,0.01,0.01,77377.24,1777077511000
1777077513.301,213.301,0.67,0.68,0.32,0.33,0.01,0.01,77380.18,1777077512000
1777077514.068,214.068,0.67,0.68,0.32,0.33,0.01,0.01,77380.18,1777077512000
1777077514.467,214.467,0.67,0.68,0.32,0.33,0.01,0.01,77380.19,1777077513000
1777077515.219,215.219,0.67,0.68,0.32,0.33,0.01,0.01,77380.19,1777077513000
1777077515.61,215.61,0.67,0.68,0.32,0.33,0.01,0.01,77380.19,1777077513000
1777077516.038,216.038,0.67,0.68,0.32,0.33,0.01,0.01,77380.2,1777077515000
1777077516.582,216.582,0.68,0.69,0.32,0.33,0.01,0.01,77380.2,1777077515000
1777077517.473,217.473,0.68,0.69,0.31,0.32,0.01,0.01,77380.23,1777077516000
1777077518.148,218.148,0.68,0.69,0.31,0.32,0.01,0.01,77379.93,1777077517000
1777077519.426,219.426,0.69,0.7,0.31,0.32,0.01,0.01,77379.93,1777077517000
1777077520.229,220.229,0.69,0.7,0.3,0.31,0.01,0.01,77379.93,1777077519000
1777077521.331,221.331,0.69,0.7,0.3,0.31,0.01,0.01,77379.93,1777077519000
1777077521.7,221.7,0.69,0.7,0.3,0.31,0.01,0.01,77379.92,1777077520000
1777077522.142,222.142,0.69,0.71,0.3,0.31,0.02,0.01,77379.92,1777077520000
1777077523.432,223.432,0.7,0.71,0.29,0.3,0.01,0.01,77380.19,1777077521000
1777077523.907,223.907,0.7,0.71,0.29,0.3,0.01,0.01,77379.94,1777077522000
1777077524.406,224.406,0.71,0.72,0.28,0.3,0.01,0.02,77379.94,1777077523000
1777077524.747,224.747,0.71,0.72,0.28,0.29,0.01,0.01,77379.94,1777077523000
1777077525.49,225.49,0.71,0.72,0.28,0.29,0.01,0.01,77379.94,1777077523000
1777077525.829,225.829,0.71,0.72,0.28,0.29,0.01,0.01,77379.98,1777077524000
1777077526.356,226.356,0.71,0.72,0.28,0.29,0.01,0.01,77379.95,1777077525000
1777077527.206,227.206,0.71,0.72,0.28,0.29,0.01,0.01,77379.95,1777077526000
1777077528.302,228.302,0.71,0.72,0.28,0.29,0.01,0.01,77379.95,1777077526000
1777077529.006,229.006,0.71,0.72,0.28,0.29,0.01,0.01,77377.37,1777077527000
1777077529.404,229.404,0.71,0.72,0.28,0.29,0.01,0.01,77380.12,1777077528000
1777077529.801,229.801,0.72,0.74,0.28,0.29,0.02,0.01,77380.12,1777077528000
1777077530.174,230.174,0.73,0.74,0.26,0.27,0.01,0.01,77380.12,1777077528000
1777077530.512,230.512,0.73,0.74,0.26,0.27,0.01,0.01,77380.28,1777077529000
1777077530.881,230.881,0.73,0.74,0.26,0.27,0.01,0.01,77380.28,1777077529000
1777077531.313,231.313,0.73,0.74,0.26,0.27,0.01,0.01,77377.47,1777077530000
1777077531.697,231.697,0.73,0.74,0.26,0.27,0.01,0.01,77377.47,1777077530000
1777077532.108,232.108,0.73,0.74,0.26,0.27,0.01,0.01,77377.57,1777077531000
1777077532.564,232.564,0.73,0.74,0.26,0.27,0.01,0.01,77377.57,1777077531000
1777077533.097,233.097,0.73,0.74,0.26,0.27,0.01,0.01,77377.57,1777077531000
1777077533.584,233.584,0.73,0.74,0.26,0.27,0.01,0.01,77377.66,1777077532000
1777077534.151,234.151,0.73,0.74,0.26,0.27,0.01,0.01,77377.66,1777077532000
1777077535.454,235.454,0.73,0.74,0.26,0.27,0.01,0.01,77377.6,1777077533000
1777077536.079,236.079,0.73,0.74,0.26,0.27,0.01,0.01,77377.44,1777077535000
1777077536.523,236.523,0.73,0.74,0.26,0.27,0.01,0.01,77377.44,1777077535000
1777077537.215,237.215,0.73,0.74,0.26,0.27,0.01,0.01,77377.45,1777077536000
1777077538.316,238.316,0.73,0.74,0.26,0.27,0.01,0.01,77377.45,1777077536000
1777077538.672,238.672,0.73,0.74,0.26,0.27,0.01,0.01,77377.49,1777077537000
1777077539.22,239.22,0.73,0.74,0.26,0.27,0.01,0.01,77377.49,1777077537000
1777077540.217,240.217,0.72,0.74,0.26,0.28,0.02,0.02,77377.53,1777077539000
1777077540.686,240.686,0.7,0.73,0.27,0.28,0.03,0.01,77377.53,1777077539000
1777077541.113,241.113,0.7,0.71,0.27,0.3,0.01,0.03,77377.53,1777077539000
1777077541.489,241.489,0.69,0.7,0.29,0.31,0.01,0.02,77377.51,1777077540000
1777077542.261,242.261,0.69,0.7,0.3,0.31,0.01,0.01,77377.44,1777077541000
1777077543.453,243.453,0.69,0.7,0.3,0.31,0.01,0.01,77379.24,1777077542000
1777077544.018,244.018,0.69,0.7,0.3,0.31,0.01,0.01,77379.25,1777077543000
1777077544.418,244.418,0.69,0.7,0.3,0.31,0.01,0.01,77379.25,1777077543000
1777077545.03,245.03,0.69,0.73,0.3,0.31,0.04,0.01,77379.25,1777077543000
1777077545.392,245.392,0.72,0.73,0.27,0.31,0.01,0.04,77379.27,1777077544000
1777077545.745,245.745,0.72,0.73,0.27,0.28,0.01,0.01,77379.27,1777077544000
1777077546.498,246.498,0.71,0.72,0.28,0.29,0.01,0.01,77379.27,1777077544000
1777077546.951,246.951,0.71,0.72,0.28,0.29,0.01,0.01,77377.41,1777077545000
1777077547.367,247.367,0.71,0.72,0.28,0.29,0.01,0.01,77377.39,1777077546000
1777077547.947,247.947,0.71,0.72,0.28,0.29,0.01,0.01,77377.37,1777077547000
1777077548.987,248.987,0.71,0.72,0.28,0.29,0.01,0.01,77377.37,1777077548000
1777077549.588,249.588,0.7,0.71,0.29,0.3,0.01,0.01,77377.37,1777077548000
1777077550.414,250.414,0.71,0.72,0.29,0.3,0.01,0.01,77377.37,1777077548000
1777077550.966,250.966,0.73,0.74,0.26,0.28,0.01,0.02,77377.37,1777077549000
1777077551.391,251.391,0.73,0.74,0.26,0.27,0.01,0.01,77377.37,1777077550000
1777077551.891,251.891,0.73,0.74,0.26,0.27,0.01,0.01,77377.37,1777077550000
1777077552.308,252.308,0.73,0.74,0.26,0.27,0.01,0.01,77377.37,1777077550000
1777077553.145,253.145,0.72,0.73,0.26,0.27,0.01,0.01,77377.51,1777077551000
1777077553.544,253.544,0.73,0.74,0.27,0.28,0.01,0.01,77377.51,1777077552000
1777077554.023,254.023,0.73,0.74,0.26,0.27,0.01,0.01,77377.46,1777077553000
1777077554.418,254.418,0.73,0.74,0.26,0.27,0.01,0.01,77377.46,1777077553000
1777077554.774,254.774,0.73,0.74,0.26,0.27,0.01,0.01,77377.46,1777077553000
1777077555.118,255.118,0.73,0.74,0.26,0.27,0.01,0.01,77377.45,1777077554000
1777077555.619,255.619,0.73,0.74,0.26,0.27,0.01,0.01,77377.45,1777077554000
1777077556.117,256.117,0.73,0.74,0.26,0.27,0.01,0.01,77377.45,1777077554000
1777077556.892,256.892,0.73,0.74,0.26,0.27,0.01,0.01,77377.45,1777077555000
1777077557.255,257.255,0.73,0.74,0.26,0.27,0.01,0.01,77377.45,1777077555000
1777077557.799,257.799,0.73,0.74,0.26,0.27,0.01,0.01,77381.62,1777077556000
1777077558.445,258.445,0.73,0.74,0.26,0.27,0.01,0.01,77381.62,1777077557000
1777077558.965,258.965,0.73,0.74,0.26,0.27,0.01,0.01,77381.62,1777077557000
1777077559.37,259.37,0.74,0.75,0.26,0.27,0.01,0.01,77381.62,1777077558000
1777077560.127,260.127,0.73,0.75,0.25,0.27,0.02,0.02,77381.62,1777077558000
1777077560.481,260.481,0.73,0.74,0.25,0.27,0.01,0.02,77377.35,1777077559000
1777077560.878,260.878,0.73,0.74,0.26,0.27,0.01,0.01,77377.35,1777077559000
1777077561.558,261.558,0.73,0.75,0.26,0.27,0.02,0.01,77377.35,1777077560000
1777077562.003,262.003,0.75,0.77,0.24,0.25,0.02,0.01,77377.35,1777077560000
1777077562.376,262.376,0.76,0.77,0.23,0.24,0.01,0.01,77377.35,1777077560000
1777077562.829,262.829,0.77,0.78,0.22,0.23,0.01,0.01,77377.35,1777077560000
1777077563.405,263.405,0.75,0.76,0.23,0.24,0.01,0.01,77378.13,1777077561000
1777077564.045,264.045,0.75,0.76,0.24,0.25,0.01,0.01,77377.36,1777077562000
1777077564.592,264.592,0.76,0.77,0.24,0.25,0.01,0.01,77377.35,1777077563000
1777077566.052,266.052,0.76,0.8,0.23,0.24,0.04,0.01,77377.35,1777077563000
1777077566.386,266.386,0.89,0.91,0.1,0.11,0.02,0.01,77377.35,1777077565000
1777077566.732,266.732,0.91,0.93,0.08,0.09,0.02,0.01,77377.35,1777077565000
1777077567.124,267.124,0.93,0.94,0.06,0.07,0.01,0.01,77377.35,1777077565000
1777077567.664,267.664,0.94,0.95,0.05,0.06,0.01,0.01,77377.35,1777077565000
1777077568.02,268.02,0.95,0.96,0.04,0.05,0.01,0.01,77377.35,1777077565000
1777077568.374,268.374,0.95,0.96,0.04,0.05,0.01,0.01,77391.07,1777077566000
1777077568.77,268.77,0.95,0.96,0.04,0.05,0.01,0.01,77391.07,1777077566000
1777077569.189,269.189,0.95,0.96,0.04,0.05,0.01,0.01,77405.36,1777077567000
1777077569.648,269.648,0.96,0.97,0.03,0.04,0.01,0.01,77405.36,1777077567000
1777077569.992,269.992,0.96,0.97,0.03,0.04,0.01,0.01,77405.4,1777077568000
1777077570.392,270.392,0.96,0.97,0.03,0.04,0.01,0.01,77405.4,1777077568000
1777077570.745,270.745,0.98,0.99,0.01,0.02,0.01,0.01,77406.27,1777077569000
1777077571.093,271.093,0.98,0.99,0.01,0.02,0.01,0.01,77406.27,1777077569000
1777077571.433,271.433,0.98,0.99,0.01,0.02,0.01,0.01,77406.27,1777077569000
1777077571.812,271.812,0.98,0.99,0.01,0.02,0.01,0.01,77406.31,1777077570000
1777077572.277,272.277,0.98,0.99,0.01,0.02,0.01,0.01,77406.31,1777077570000
1777077572.638,272.638,0.98,0.99,0.01,0.02,0.01,0.01,77406.29,1777077571000
1777077572.99,272.99,0.98,0.99,0.01,0.03,0.01,0.02,77406.29,1777077571000
1777077573.358,273.358,0.98,0.99,0.01,0.02,0.01,0.01,77403.1,1777077572000
1777077573.831,273.831,0.98,0.99,0.01,0.02,0.01,0.01,77403.1,1777077572000
1777077574.213,274.213,0.98,0.99,0.01,0.02,0.01,0.01,77403.1,1777077572000
1777077574.62,274.62,0.98,0.99,0.01,0.02,0.01,0.01,77403.1,1777077572000
1777077575.028,275.028,0.98,0.99,0.01,0.02,0.01,0.01,77407.35,1777077573000
1777077575.382,275.382,0.98,0.99,0.01,0.02,0.01,0.01,77407.35,1777077573000
1777077575.81,275.81,0.98,0.99,0.01,0.02,0.01,0.01,77407.33,1777077574000
1777077576.206,276.206,0.98,0.99,0.01,0.02,0.01,0.01,77407.33,1777077574000
1777077576.937,276.937,0.98,0.99,0.01,0.02,0.01,0.01,77406.21,1777077575000
1777077577.277,277.277,0.98,0.99,0.01,0.02,0.01,0.01,77406.31,1777077576000
1777077577.696,277.696,0.98,0.99,0.01,0.02,0.01,0.01,77406.31,1777077576000
1777077578.162,278.162,0.98,0.99,0.01,0.02,0.01,0.01,77406.31,1777077576000
1777077578.532,278.532,0.98,0.99,0.01,0.02,0.01,0.01,77406.31,1777077576000
1777077578.873,278.873,0.98,0.99,0.01,0.02,0.01,0.01,77406.31,1777077576000
1777077579.233,279.233,0.98,0.99,0.01,0.02,0.01,0.01,77410.72,1777077577000
1777077579.57,279.57,0.98,0.99,0.01,0.02,0.01,0.01,77410.72,1777077577000
1777077579.97,279.97,0.98,0.99,0.01,0.02,0.01,0.01,77409.47,1777077578000
1777077580.374,280.374,0.98,0.99,0.01,0.02,0.01,0.01,77409.47,1777077578000
1777077580.767,280.767,0.98,0.99,0.01,0.02,0.01,0.01,77409.49,1777077579000
1777077581.214,281.214,0.98,0.99,0.01,0.02,0.01,0.01,77409.49,1777077579000
1777077581.557,281.557,0.98,0.99,0.01,0.02,0.01,0.01,77410.03,1777077580000
1777077582.042,282.042,0.99,0.99,0.01,0.01,0.0,0.0,77410.03,1777077580000
1777077582.57,282.57,0.99,0.99,0.01,0.01,0.0,0.0,77409.51,1777077581000
1777077583.076,283.076,0.99,0.99,0.01,0.01,0.0,0.0,77409.51,1777077581000
1777077583.529,283.529,0.99,0.99,0.01,0.01,0.0,0.0,77409.51,1777077581000
1777077584.165,284.165,0.99,0.99,0.01,0.01,0.0,0.0,77409.58,1777077583000
1777077585.086,285.086,0.99,0.99,0.01,0.01,0.0,0.0,77409.58,1777077583000
1777077585.901,285.901,0.99,0.99,0.01,0.01,0.0,0.0,77409.61,1777077584000
1777077586.355,286.355,0.99,0.99,0.01,0.01,0.0,0.0,77408.63,1777077585000
1777077587.334,287.334,0.99,0.99,0.01,0.01,0.0,0.0,77407.65,1777077586000
1777077587.946,287.946,0.99,0.99,0.01,0.01,0.0,0.0,77416.06,1777077587000
1777077588.348,288.348,0.99,0.99,0.01,0.01,0.0,0.0,77416.06,1777077587000
1777077588.722,288.722,0.99,0.99,0.01,0.01,0.0,0.0,77416.06,1777077587000
1777077589.069,289.069,0.99,0.99,0.01,0.01,0.0,0.0,77409.66,1777077588000
1777077590.404,290.404,0.99,0.99,0.01,0.01,0.0,0.0,77409.76,1777077589000
1777077591.256,291.256,0.99,0.99,0.01,0.01,0.0,0.0,77409.63,1777077590000
1777077592.441,292.441,0.99,0.99,0.01,0.01,0.0,0.0,77409.6,1777077591000
1777077593.13,293.13,0.99,0.99,0.01,0.01,0.0,0.0,77409.61,1777077592000
1777077594.218,294.218,0.99,0.99,0.01,0.01,0.0,0.0,77411.28,1777077593000
1777077594.711,294.711,0.99,0.99,0.01,0.01,0.0,0.0,77411.28,1777077593000
1777077595.305,295.305,0.99,0.99,0.01,0.01,0.0,0.0,77414.83,1777077594000
1777077596.116,296.116,0.99,0.99,0.01,0.01,0.0,0.0,77414.83,1777077594000
1777077596.481,296.481,0.99,0.99,0.01,0.01,0.0,0.0,77414.95,1777077595000
1777077596.837,296.837,0.99,0.99,0.01,0.01,0.0,0.0,77414.95,1777077595000
1777077598.888,298.888,0.99,0.99,0.01,0.01,0.0,0.0,77414.95,1777077597000
1777077599.554,299.554,0.99,0.99,0.01,0.01,0.0,0.0,77415.0,1777077598000
1777077600.118,300.118,0.99,0.99,0.01,0.01,0.0,0.0,77414.97,1777077599000
1777077600.752,300.752,0.99,0.99,0.01,0.01,0.0,0.0,77414.97,1777077599000
1777077601.224,301.224,0.99,0.99,0.01,0.01,0.0,0.0,77414.97,1777077600000
1777077602.354,302.354,0.99,0.99,0.01,0.01,0.0,0.0,77414.98,1777077601000

# RESULT,winner=Up,slug=btc-updown-5m-1777077300,ticks=581
