timestamp,elapsed_sec,up_bid,up_ask,down_bid,down_ask,up_spread,down_spread,btc_price,btc_oracle_ts
1776459000.577,0.577,0.47,0.49,0.49,0.53,0.02,0.04,77348.2,1776458999000
1776459000.93,0.93,0.48,0.49,0.51,0.52,0.01,0.01,77348.2,1776458999000
1776459001.29,1.29,0.48,0.49,0.51,0.52,0.01,0.01,77348.2,1776458999000
1776459001.623,1.623,0.48,0.5,0.5,0.52,0.02,0.02,77347.49,1776459000000
1776459001.961,1.961,0.52,0.54,0.46,0.47,0.02,0.01,77347.49,1776459000000
1776459002.307,2.307,0.53,0.54,0.46,0.47,0.01,0.01,77347.58,1776459001000
1776459002.648,2.648,0.5,0.53,0.47,0.48,0.03,0.01,77347.58,1776459001000
1776459003.269,3.269,0.5,0.51,0.49,0.5,0.01,0.01,77347.58,1776459001000
1776459003.69,3.69,0.5,0.51,0.49,0.5,0.01,0.01,77351.12,1776459002000
1776459004.041,4.041,0.5,0.51,0.49,0.5,0.01,0.01,77351.12,1776459002000
1776459004.407,4.407,0.5,0.51,0.49,0.5,0.01,0.01,77351.77,1776459003000
1776459004.842,4.842,0.5,0.51,0.49,0.5,0.01,0.01,77351.77,1776459003000
1776459005.379,5.379,0.5,0.51,0.49,0.5,0.01,0.01,77351.98,1776459004000
1776459005.729,5.729,0.44,0.47,0.53,0.55,0.03,0.02,77351.98,1776459004000
1776459006.155,6.155,0.42,0.43,0.57,0.58,0.01,0.01,77351.98,1776459004000
1776459006.511,6.511,0.42,0.43,0.57,0.59,0.01,0.02,77351.98,1776459004000
1776459006.848,6.848,0.42,0.43,0.57,0.58,0.01,0.01,77349.77,1776459005000
1776459007.368,7.368,0.42,0.43,0.57,0.58,0.01,0.01,77343.89,1776459006000
1776459007.73,7.73,0.42,0.43,0.57,0.58,0.01,0.01,77343.89,1776459006000
1776459008.369,8.369,0.42,0.43,0.57,0.58,0.01,0.01,77343.89,1776459006000
1776459008.813,8.813,0.43,0.44,0.56,0.57,0.01,0.01,77341.03,1776459007000
1776459009.319,9.319,0.43,0.44,0.56,0.57,0.01,0.01,77341.06,1776459008000
1776459009.669,9.669,0.4,0.41,0.59,0.6,0.01,0.01,77341.06,1776459008000
1776459010.026,10.026,0.4,0.41,0.59,0.6,0.01,0.01,77341.06,1776459008000
1776459010.373,10.373,0.4,0.41,0.59,0.6,0.01,0.01,77341.13,1776459009000
1776459010.803,10.803,0.4,0.41,0.59,0.6,0.01,0.01,77341.13,1776459009000
1776459011.144,11.144,0.39,0.4,0.6,0.61,0.01,0.01,77341.13,1776459009000
1776459011.546,11.546,0.39,0.4,0.6,0.61,0.01,0.01,77332.55,1776459010000
1776459011.929,11.929,0.39,0.4,0.6,0.61,0.01,0.01,77332.55,1776459010000
1776459012.326,12.326,0.39,0.4,0.6,0.61,0.01,0.01,77332.55,1776459010000
1776459012.784,12.784,0.39,0.4,0.6,0.61,0.01,0.01,77330.49,1776459011000
1776459013.176,13.176,0.39,0.4,0.6,0.61,0.01,0.01,77330.49,1776459011000
1776459013.976,13.976,0.39,0.4,0.6,0.61,0.01,0.01,77330.33,1776459013000
1776459014.582,14.582,0.39,0.4,0.6,0.61,0.01,0.01,77330.33,1776459013000
1776459015.026,15.026,0.39,0.4,0.6,0.61,0.01,0.01,77330.33,1776459013000
1776459015.43,15.43,0.39,0.4,0.6,0.61,0.01,0.01,77330.39,1776459014000
1776459016.1,16.1,0.39,0.4,0.6,0.61,0.01,0.01,77330.39,1776459014000
1776459016.615,16.615,0.39,0.4,0.6,0.61,0.01,0.01,77330.54,1776459015000
1776459016.96,16.96,0.39,0.4,0.6,0.61,0.01,0.01,77330.54,1776459015000
1776459017.352,17.352,0.38,0.39,0.6,0.62,0.01,0.02,77330.54,1776459015000
1776459017.718,17.718,0.38,0.39,0.61,0.62,0.01,0.01,77330.53,1776459016000
1776459018.053,18.053,0.38,0.39,0.61,0.62,0.01,0.01,77330.53,1776459016000
1776459018.515,18.515,0.38,0.39,0.61,0.62,0.01,0.01,77330.45,1776459017000
1776459019.077,19.077,0.38,0.39,0.61,0.62,0.01,0.01,77330.45,1776459017000
1776459019.557,19.557,0.38,0.39,0.61,0.62,0.01,0.01,77330.45,1776459018000
1776459020.001,20.001,0.38,0.39,0.61,0.62,0.01,0.01,77330.45,1776459018000
1776459020.457,20.457,0.38,0.4,0.61,0.62,0.02,0.01,77330.96,1776459019000
1776459020.861,20.861,0.44,0.45,0.55,0.56,0.01,0.01,77330.96,1776459019000
1776459021.197,21.197,0.45,0.47,0.53,0.55,0.02,0.02,77330.96,1776459019000
1776459021.836,21.836,0.45,0.46,0.54,0.55,0.01,0.01,77330.96,1776459020000
1776459022.256,22.256,0.46,0.47,0.53,0.55,0.01,0.02,77330.96,1776459020000
1776459022.692,22.692,0.46,0.47,0.53,0.54,0.01,0.01,77330.96,1776459020000
1776459023.085,23.085,0.47,0.49,0.52,0.53,0.02,0.01,77330.96,1776459020000
1776459023.419,23.419,0.48,0.49,0.51,0.52,0.01,0.01,77335.15,1776459022000
1776459023.78,23.78,0.5,0.52,0.48,0.5,0.02,0.02,77335.15,1776459022000
1776459024.123,24.123,0.51,0.54,0.46,0.49,0.03,0.03,77335.15,1776459022000
1776459024.493,24.493,0.54,0.57,0.44,0.46,0.03,0.02,77335.15,1776459022000
1776459024.956,24.956,0.56,0.57,0.43,0.45,0.01,0.02,77344.4,1776459023000
1776459025.311,25.311,0.57,0.59,0.42,0.43,0.02,0.01,77344.4,1776459023000
1776459025.818,25.818,0.58,0.59,0.41,0.43,0.01,0.02,77349.93,1776459024000
1776459026.235,26.235,0.58,0.59,0.41,0.42,0.01,0.01,77355.82,1776459025000
1776459026.727,26.727,0.58,0.59,0.41,0.42,0.01,0.01,77355.82,1776459025000
1776459027.162,27.162,0.58,0.59,0.41,0.42,0.01,0.01,77355.82,1776459025000
1776459027.556,27.556,0.58,0.59,0.41,0.42,0.01,0.01,77357.1,1776459026000
1776459028.035,28.035,0.58,0.59,0.41,0.42,0.01,0.01,77357.1,1776459026000
1776459028.635,28.635,0.58,0.59,0.41,0.42,0.01,0.01,77362.97,1776459027000
1776459028.97,28.97,0.58,0.59,0.41,0.42,0.01,0.01,77362.97,1776459027000
1776459029.304,29.304,0.59,0.6,0.4,0.42,0.01,0.02,77362.97,1776459027000
1776459029.74,29.74,0.59,0.6,0.4,0.41,0.01,0.01,77362.97,1776459027000
1776459030.125,30.125,0.59,0.6,0.4,0.41,0.01,0.01,77362.98,1776459028000
1776459030.541,30.541,0.59,0.6,0.4,0.41,0.01,0.01,77362.98,1776459028000
1776459030.883,30.883,0.59,0.6,0.4,0.41,0.01,0.01,77362.98,1776459029000
1776459031.221,31.221,0.59,0.6,0.4,0.41,0.01,0.01,77363.14,1776459030000
1776459031.587,31.587,0.59,0.6,0.4,0.41,0.01,0.01,77363.14,1776459030000
1776459032.154,32.154,0.59,0.6,0.4,0.41,0.01,0.01,77363.14,1776459030000
1776459032.62,32.62,0.59,0.6,0.4,0.41,0.01,0.01,77364.36,1776459031000
1776459032.969,32.969,0.59,0.6,0.4,0.41,0.01,0.01,77364.36,1776459031000
1776459033.465,33.465,0.59,0.6,0.4,0.41,0.01,0.01,77364.41,1776459032000
1776459033.829,33.829,0.59,0.6,0.4,0.41,0.01,0.01,77364.41,1776459032000
1776459034.163,34.163,0.53,0.57,0.4,0.46,0.04,0.06,77364.41,1776459032000
1776459034.606,34.606,0.52,0.53,0.47,0.48,0.01,0.01,77364.29,1776459033000
1776459034.941,34.941,0.5,0.52,0.48,0.5,0.02,0.02,77364.29,1776459033000
1776459035.274,35.274,0.5,0.52,0.48,0.5,0.02,0.02,77364.29,1776459033000
1776459036.002,36.002,0.51,0.52,0.48,0.49,0.01,0.01,77350.15,1776459034000
1776459036.338,36.338,0.5,0.52,0.48,0.5,0.02,0.02,77350.13,1776459035000
1776459036.689,36.689,0.51,0.52,0.48,0.49,0.01,0.01,77350.13,1776459035000
1776459037.034,37.034,0.51,0.52,0.48,0.49,0.01,0.01,77350.13,1776459035000
1776459037.37,37.37,0.51,0.52,0.48,0.49,0.01,0.01,77350.14,1776459036000
1776459037.836,37.836,0.51,0.52,0.48,0.49,0.01,0.01,77350.14,1776459036000
1776459038.17,38.17,0.52,0.53,0.47,0.48,0.01,0.01,77350.14,1776459036000
1776459038.549,38.549,0.52,0.53,0.47,0.48,0.01,0.01,77350.81,1776459037000
1776459038.981,38.981,0.52,0.53,0.47,0.48,0.01,0.01,77350.81,1776459037000
1776459039.422,39.422,0.52,0.53,0.47,0.48,0.01,0.01,77350.81,1776459037000
1776459039.763,39.763,0.52,0.53,0.47,0.48,0.01,0.01,77350.81,1776459037000
1776459040.164,40.164,0.52,0.53,0.47,0.48,0.01,0.01,77350.81,1776459037000
1776459040.732,40.732,0.52,0.53,0.47,0.48,0.01,0.01,77350.79,1776459039000
1776459041.125,41.125,0.52,0.53,0.47,0.48,0.01,0.01,77350.79,1776459039000
1776459041.516,41.516,0.52,0.53,0.47,0.48,0.01,0.01,77350.81,1776459040000
1776459041.934,41.934,0.52,0.53,0.47,0.48,0.01,0.01,77350.81,1776459040000
1776459042.556,42.556,0.52,0.53,0.47,0.48,0.01,0.01,77350.81,1776459040000
1776459043.239,43.239,0.52,0.53,0.47,0.48,0.01,0.01,77353.45,1776459042000
1776459043.593,43.593,0.52,0.53,0.47,0.48,0.01,0.01,77353.45,1776459042000
1776459044.213,44.213,0.52,0.53,0.47,0.48,0.01,0.01,77353.45,1776459042000
1776459044.572,44.572,0.52,0.53,0.47,0.48,0.01,0.01,77353.6,1776459043000
1776459044.987,44.987,0.52,0.53,0.47,0.48,0.01,0.01,77353.6,1776459043000
1776459045.323,45.323,0.52,0.53,0.47,0.48,0.01,0.01,77353.6,1776459044000
1776459045.677,45.677,0.52,0.53,0.47,0.48,0.01,0.01,77353.6,1776459044000
1776459046.331,46.331,0.53,0.54,0.47,0.48,0.01,0.01,77353.6,1776459044000
1776459046.943,46.943,0.53,0.54,0.46,0.47,0.01,0.01,77353.62,1776459045000
1776459047.29,47.29,0.53,0.54,0.46,0.47,0.01,0.01,77353.62,1776459045000
1776459047.683,47.683,0.53,0.54,0.46,0.47,0.01,0.01,77353.86,1776459046000
1776459048.219,48.219,0.53,0.54,0.46,0.47,0.01,0.01,77353.86,1776459047000
1776459048.686,48.686,0.59,0.6,0.4,0.41,0.01,0.01,77353.86,1776459047000
1776459049.039,49.039,0.59,0.6,0.4,0.41,0.01,0.01,77353.86,1776459047000
1776459049.408,49.408,0.59,0.6,0.4,0.41,0.01,0.01,77353.68,1776459048000
1776459049.774,49.774,0.59,0.6,0.4,0.41,0.01,0.01,77353.68,1776459048000
1776459050.178,50.178,0.59,0.6,0.4,0.41,0.01,0.01,77353.68,1776459048000
1776459050.527,50.527,0.59,0.6,0.4,0.41,0.01,0.01,77353.68,1776459048000
1776459051.049,51.049,0.59,0.6,0.4,0.41,0.01,0.01,77358.64,1776459049000
1776459051.748,51.748,0.59,0.61,0.4,0.41,0.02,0.01,77360.1,1776459050000
1776459052.438,52.438,0.6,0.61,0.39,0.4,0.01,0.01,77360.1,1776459050000
1776459052.854,52.854,0.6,0.61,0.39,0.4,0.01,0.01,77362.6,1776459051000
1776459053.391,53.391,0.6,0.61,0.39,0.4,0.01,0.01,77362.6,1776459052000
1776459053.84,53.84,0.6,0.61,0.39,0.4,0.01,0.01,77362.6,1776459052000
1776459054.468,54.468,0.6,0.61,0.39,0.4,0.01,0.01,77362.6,1776459052000
1776459054.829,54.829,0.6,0.61,0.39,0.4,0.01,0.01,77364.02,1776459053000
1776459055.266,55.266,0.6,0.61,0.39,0.4,0.01,0.01,77364.02,1776459053000
1776459055.739,55.739,0.6,0.61,0.39,0.4,0.01,0.01,77362.6,1776459054000
1776459056.129,56.129,0.6,0.61,0.39,0.4,0.01,0.01,77362.6,1776459054000
1776459056.529,56.529,0.6,0.61,0.39,0.4,0.01,0.01,77362.6,1776459054000
1776459056.884,56.884,0.6,0.61,0.39,0.4,0.01,0.01,77362.6,1776459054000
1776459057.271,57.271,0.6,0.61,0.39,0.4,0.01,0.01,77364.9,1776459056000
1776459057.65,57.65,0.6,0.61,0.39,0.4,0.01,0.01,77364.9,1776459056000
1776459058.481,58.481,0.6,0.61,0.39,0.4,0.01,0.01,77364.9,1776459056000
1776459058.827,58.827,0.6,0.61,0.39,0.4,0.01,0.01,77364.9,1776459056000
1776459059.162,59.162,0.57,0.59,0.39,0.42,0.02,0.03,77364.9,1776459056000
1776459059.582,59.582,0.58,0.59,0.41,0.42,0.01,0.01,77363.49,1776459058000
1776459060.153,60.153,0.58,0.59,0.41,0.42,0.01,0.01,77363.49,1776459058000
1776459060.503,60.503,0.58,0.61,0.41,0.42,0.03,0.01,77363.49,1776459058000
1776459060.925,60.925,0.58,0.59,0.39,0.42,0.01,0.03,77360.8,1776459059000
1776459061.267,61.267,0.58,0.59,0.41,0.42,0.01,0.01,77360.8,1776459059000
1776459061.61,61.61,0.58,0.59,0.41,0.42,0.01,0.01,77360.43,1776459060000
1776459062.01,62.01,0.58,0.59,0.41,0.42,0.01,0.01,77360.7,1776459061000
1776459062.615,62.615,0.58,0.59,0.41,0.42,0.01,0.01,77360.7,1776459061000
1776459062.996,62.996,0.58,0.59,0.41,0.42,0.01,0.01,77360.7,1776459061000
1776459063.513,63.513,0.58,0.59,0.41,0.42,0.01,0.01,77360.7,1776459061000
1776459063.884,63.884,0.58,0.59,0.41,0.42,0.01,0.01,77361.25,1776459062000
1776459064.463,64.463,0.58,0.59,0.41,0.42,0.01,0.01,77359.7,1776459063000
1776459064.969,64.969,0.58,0.59,0.41,0.42,0.01,0.01,77359.7,1776459063000
1776459065.343,65.343,0.6,0.61,0.39,0.42,0.01,0.03,77359.7,1776459063000
1776459065.78,65.78,0.6,0.61,0.39,0.4,0.01,0.01,77362.51,1776459064000
1776459066.164,66.164,0.6,0.61,0.39,0.4,0.01,0.01,77362.51,1776459064000
1776459066.501,66.501,0.6,0.61,0.39,0.4,0.01,0.01,77362.58,1776459065000
1776459066.837,66.837,0.6,0.61,0.39,0.4,0.01,0.01,77362.58,1776459065000
1776459067.262,67.262,0.6,0.61,0.39,0.4,0.01,0.01,77362.58,1776459065000
1776459067.799,67.799,0.62,0.63,0.37,0.38,0.01,0.01,77362.47,1776459066000
1776459068.193,68.193,0.62,0.63,0.37,0.38,0.01,0.01,77362.47,1776459066000
1776459068.619,68.619,0.62,0.63,0.37,0.38,0.01,0.01,77359.85,1776459067000
1776459068.958,68.958,0.62,0.63,0.37,0.38,0.01,0.01,77359.85,1776459067000
1776459069.322,69.322,0.62,0.63,0.37,0.38,0.01,0.01,77361.17,1776459068000
1776459069.763,69.763,0.61,0.62,0.37,0.39,0.01,0.02,77361.17,1776459068000
1776459070.359,70.359,0.61,0.62,0.38,0.39,0.01,0.01,77361.17,1776459068000
1776459070.699,70.699,0.6,0.62,0.38,0.39,0.02,0.01,77362.93,1776459069000
1776459071.042,71.042,0.58,0.6,0.39,0.41,0.02,0.02,77362.93,1776459069000
1776459071.418,71.418,0.58,0.59,0.41,0.42,0.01,0.01,77362.98,1776459070000
1776459071.855,71.855,0.58,0.59,0.41,0.42,0.01,0.01,77362.98,1776459070000
1776459072.579,72.579,0.58,0.59,0.41,0.42,0.01,0.01,77362.26,1776459071000
1776459073.141,73.141,0.57,0.58,0.41,0.43,0.01,0.02,77362.26,1776459071000
1776459073.665,73.665,0.57,0.58,0.42,0.43,0.01,0.01,77362.26,1776459071000
1776459074.07,74.07,0.57,0.58,0.42,0.43,0.01,0.01,77359.93,1776459072000
1776459074.667,74.667,0.57,0.58,0.42,0.43,0.01,0.01,77359.48,1776459073000
1776459075.044,75.044,0.57,0.58,0.42,0.43,0.01,0.01,77358.98,1776459074000
1776459075.403,75.403,0.54,0.56,0.44,0.48,0.02,0.04,77358.98,1776459074000
1776459075.784,75.784,0.5,0.52,0.48,0.49,0.02,0.01,77358.98,1776459074000
1776459076.159,76.159,0.5,0.52,0.48,0.49,0.02,0.01,77360.06,1776459075000
1776459076.548,76.548,0.5,0.51,0.49,0.5,0.01,0.01,77360.06,1776459075000
1776459076.936,76.936,0.5,0.51,0.49,0.5,0.01,0.01,77360.06,1776459075000
1776459077.394,77.394,0.5,0.51,0.49,0.5,0.01,0.01,77351.83,1776459076000
1776459077.749,77.749,0.5,0.51,0.49,0.5,0.01,0.01,77351.83,1776459076000
1776459078.128,78.128,0.5,0.51,0.49,0.5,0.01,0.01,77351.83,1776459076000
1776459078.523,78.523,0.5,0.51,0.49,0.5,0.01,0.01,77350.87,1776459077000
1776459079.092,79.092,0.5,0.51,0.49,0.5,0.01,0.01,77350.87,1776459077000
1776459079.462,79.462,0.48,0.49,0.51,0.52,0.01,0.01,77350.67,1776459078000
1776459080.055,80.055,0.48,0.49,0.51,0.52,0.01,0.01,77350.67,1776459078000
1776459080.392,80.392,0.48,0.49,0.51,0.52,0.01,0.01,77350.67,1776459078000
1776459080.888,80.888,0.48,0.49,0.51,0.52,0.01,0.01,77348.83,1776459079000
1776459081.241,81.241,0.48,0.49,0.51,0.52,0.01,0.01,77346.88,1776459080000
1776459081.605,81.605,0.48,0.49,0.51,0.52,0.01,0.01,77346.88,1776459080000
1776459082.002,82.002,0.48,0.49,0.51,0.52,0.01,0.01,77347.52,1776459081000
1776459082.37,82.37,0.48,0.49,0.51,0.52,0.01,0.01,77347.52,1776459081000
1776459082.75,82.75,0.48,0.5,0.51,0.52,0.02,0.01,77347.52,1776459081000
1776459083.087,83.087,0.49,0.5,0.5,0.51,0.01,0.01,77348.52,1776459082000
1776459083.487,83.487,0.49,0.5,0.5,0.51,0.01,0.01,77348.52,1776459082000
1776459083.973,83.973,0.49,0.5,0.5,0.51,0.01,0.01,77348.52,1776459082000
1776459084.674,84.674,0.5,0.51,0.5,0.51,0.01,0.01,77348.52,1776459083000
1776459085.231,85.231,0.5,0.51,0.49,0.5,0.01,0.01,77348.52,1776459083000
1776459085.61,85.61,0.5,0.51,0.49,0.5,0.01,0.01,77348.77,1776459084000
1776459086.004,86.004,0.5,0.51,0.49,0.5,0.01,0.01,77348.77,1776459084000
1776459086.983,86.983,0.5,0.51,0.49,0.5,0.01,0.01,77348.77,1776459085000
1776459087.374,87.374,0.5,0.51,0.49,0.5,0.01,0.01,77348.36,1776459086000
1776459087.769,87.769,0.5,0.51,0.49,0.5,0.01,0.01,77348.36,1776459086000
1776459088.115,88.115,0.5,0.51,0.49,0.5,0.01,0.01,77348.36,1776459086000
1776459088.495,88.495,0.5,0.51,0.49,0.5,0.01,0.01,77348.36,1776459087000
1776459088.933,88.933,0.49,0.51,0.49,0.5,0.02,0.01,77348.36,1776459087000
1776459089.665,89.665,0.5,0.51,0.49,0.5,0.01,0.01,77348.36,1776459087000
1776459090.039,90.039,0.5,0.51,0.49,0.5,0.01,0.01,77348.36,1776459088000
1776459090.602,90.602,0.5,0.51,0.49,0.5,0.01,0.01,77348.36,1776459088000
1776459091.1,91.1,0.5,0.51,0.49,0.5,0.01,0.01,77348.36,1776459089000
1776459091.673,91.673,0.49,0.5,0.49,0.51,0.01,0.02,77348.36,1776459090000
1776459092.307,92.307,0.49,0.5,0.5,0.51,0.01,0.01,77348.36,1776459090000
1776459092.641,92.641,0.49,0.5,0.5,0.51,0.01,0.01,77348.36,1776459090000
1776459093.162,93.162,0.49,0.5,0.5,0.51,0.01,0.01,77348.36,1776459091000
1776459093.562,93.562,0.49,0.5,0.5,0.51,0.01,0.01,77348.25,1776459092000
1776459094.024,94.024,0.49,0.5,0.5,0.51,0.01,0.01,77348.25,1776459092000
1776459094.633,94.633,0.49,0.5,0.5,0.51,0.01,0.01,77347.99,1776459093000
1776459094.974,94.974,0.51,0.54,0.46,0.49,0.03,0.03,77347.99,1776459093000
1776459095.335,95.335,0.55,0.56,0.44,0.45,0.01,0.01,77347.99,1776459094000
1776459095.713,95.713,0.55,0.56,0.44,0.45,0.01,0.01,77347.99,1776459094000
1776459096.075,96.075,0.55,0.56,0.44,0.45,0.01,0.01,77347.99,1776459094000
1776459096.542,96.542,0.55,0.56,0.44,0.45,0.01,0.01,77347.99,1776459094000
1776459096.963,96.963,0.55,0.56,0.44,0.45,0.01,0.01,77348.37,1776459095000
1776459097.799,97.799,0.55,0.56,0.44,0.45,0.01,0.01,77351.41,1776459096000
1776459098.343,98.343,0.55,0.56,0.44,0.45,0.01,0.01,77351.41,1776459096000
1776459098.802,98.802,0.55,0.56,0.44,0.45,0.01,0.01,77356.21,1776459097000
1776459099.2,99.2,0.55,0.56,0.44,0.45,0.01,0.01,77356.21,1776459097000
1776459099.772,99.772,0.55,0.56,0.44,0.45,0.01,0.01,77356.18,1776459098000
1776459100.158,100.158,0.55,0.56,0.44,0.45,0.01,0.01,77356.18,1776459099000
1776459100.993,100.993,0.55,0.56,0.44,0.45,0.01,0.01,77356.18,1776459099000
1776459101.442,101.442,0.55,0.56,0.44,0.45,0.01,0.01,77356.16,1776459100000
1776459101.984,101.984,0.55,0.56,0.44,0.45,0.01,0.01,77356.16,1776459100000
1776459103.131,103.131,0.55,0.56,0.44,0.45,0.01,0.01,77356.22,1776459102000
1776459103.76,103.76,0.55,0.56,0.44,0.45,0.01,0.01,77356.22,1776459102000
1776459104.281,104.281,0.55,0.56,0.44,0.45,0.01,0.01,77356.22,1776459103000
1776459105.064,105.064,0.55,0.56,0.44,0.45,0.01,0.01,77356.22,1776459103000
1776459105.419,105.419,0.53,0.54,0.46,0.47,0.01,0.01,77356.22,1776459103000
1776459105.794,105.794,0.57,0.59,0.41,0.44,0.02,0.03,77356.22,1776459103000
1776459106.206,106.206,0.59,0.6,0.39,0.41,0.01,0.02,77356.22,1776459104000
1776459106.541,106.541,0.59,0.61,0.39,0.41,0.02,0.02,77356.22,1776459104000
1776459106.881,106.881,0.6,0.61,0.39,0.4,0.01,0.01,77355.04,1776459105000
1776459107.245,107.245,0.6,0.61,0.39,0.4,0.01,0.01,77355.08,1776459106000
1776459108.095,108.095,0.6,0.61,0.39,0.4,0.01,0.01,77356.98,1776459107000
1776459108.47,108.47,0.6,0.61,0.39,0.4,0.01,0.01,77356.98,1776459107000
1776459108.805,108.805,0.6,0.61,0.39,0.4,0.01,0.01,77356.98,1776459107000
1776459109.161,109.161,0.6,0.61,0.39,0.4,0.01,0.01,77356.98,1776459107000
1776459109.653,109.653,0.6,0.61,0.39,0.4,0.01,0.01,77356.84,1776459108000
1776459110.183,110.183,0.6,0.61,0.39,0.4,0.01,0.01,77356.84,1776459108000
1776459110.688,110.688,0.6,0.61,0.39,0.4,0.01,0.01,77358.27,1776459109000
1776459111.249,111.249,0.6,0.61,0.39,0.4,0.01,0.01,77358.26,1776459110000
1776459112.211,112.211,0.6,0.61,0.39,0.4,0.01,0.01,77358.25,1776459111000
1776459112.624,112.624,0.6,0.61,0.39,0.4,0.01,0.01,77358.25,1776459111000
1776459113.188,113.188,0.6,0.61,0.39,0.4,0.01,0.01,77358.24,1776459112000
1776459113.54,113.54,0.6,0.61,0.39,0.4,0.01,0.01,77358.24,1776459112000
1776459113.882,113.882,0.58,0.61,0.39,0.4,0.03,0.01,77358.24,1776459112000
1776459115.13,115.13,0.58,0.59,0.41,0.42,0.01,0.01,77359.17,1776459114000
1776459115.625,115.625,0.58,0.59,0.41,0.42,0.01,0.01,77359.17,1776459114000
1776459116.192,116.192,0.58,0.59,0.41,0.42,0.01,0.01,77358.67,1776459115000
1776459116.714,116.714,0.58,0.59,0.41,0.42,0.01,0.01,77358.67,1776459115000
1776459117.129,117.129,0.58,0.59,0.41,0.42,0.01,0.01,77358.73,1776459116000
1776459117.486,117.486,0.59,0.6,0.4,0.41,0.01,0.01,77358.73,1776459116000
1776459117.837,117.837,0.57,0.58,0.4,0.42,0.01,0.02,77358.73,1776459116000
1776459118.178,118.178,0.57,0.58,0.42,0.43,0.01,0.01,77358.73,1776459117000
1776459118.556,118.556,0.58,0.59,0.41,0.42,0.01,0.01,77358.73,1776459117000
1776459119.142,119.142,0.58,0.59,0.41,0.42,0.01,0.01,77358.73,1776459117000
1776459119.476,119.476,0.58,0.59,0.41,0.42,0.01,0.01,77355.1,1776459118000
1776459119.96,119.96,0.58,0.59,0.41,0.42,0.01,0.01,77355.1,1776459118000
1776459120.369,120.369,0.57,0.58,0.41,0.42,0.01,0.01,77354.6,1776459119000
1776459120.918,120.918,0.57,0.58,0.42,0.43,0.01,0.01,77354.6,1776459119000
1776459121.396,121.396,0.57,0.58,0.42,0.43,0.01,0.01,77354.68,1776459120000
1776459121.755,121.755,0.6,0.62,0.38,0.41,0.02,0.03,77354.68,1776459120000
1776459122.106,122.106,0.61,0.62,0.38,0.39,0.01,0.01,77354.68,1776459120000
1776459122.606,122.606,0.61,0.62,0.38,0.39,0.01,0.01,77354.68,1776459120000
1776459122.98,122.98,0.61,0.62,0.38,0.39,0.01,0.01,77357.82,1776459121000
1776459123.348,123.348,0.61,0.62,0.38,0.39,0.01,0.01,77357.82,1776459121000
1776459123.85,123.85,0.61,0.62,0.38,0.39,0.01,0.01,77357.82,1776459122000
1776459124.329,124.329,0.61,0.62,0.38,0.39,0.01,0.01,77357.86,1776459123000
1776459124.732,124.732,0.61,0.62,0.38,0.39,0.01,0.01,77357.86,1776459123000
1776459125.186,125.186,0.61,0.62,0.38,0.39,0.01,0.01,77357.86,1776459123000
1776459125.534,125.534,0.61,0.62,0.38,0.39,0.01,0.01,77358.92,1776459124000
1776459126.281,126.281,0.62,0.63,0.37,0.38,0.01,0.01,77358.92,1776459124000
1776459126.796,126.796,0.62,0.63,0.37,0.38,0.01,0.01,77358.78,1776459125000
1776459127.225,127.225,0.62,0.63,0.37,0.38,0.01,0.01,77358.97,1776459126000
1776459127.562,127.562,0.63,0.65,0.36,0.37,0.02,0.01,77358.97,1776459126000
1776459127.991,127.991,0.64,0.65,0.35,0.36,0.01,0.01,77358.97,1776459126000
1776459128.332,128.332,0.67,0.71,0.32,0.33,0.04,0.01,77359.79,1776459127000
1776459128.7,128.7,0.7,0.72,0.28,0.3,0.02,0.02,77359.79,1776459127000
1776459129.033,129.033,0.71,0.72,0.28,0.29,0.01,0.01,77359.79,1776459127000
1776459129.396,129.396,0.71,0.72,0.28,0.29,0.01,0.01,77359.79,1776459127000
1776459129.736,129.736,0.7,0.71,0.29,0.3,0.01,0.01,77361.36,1776459128000
1776459130.071,130.071,0.69,0.71,0.29,0.31,0.02,0.02,77365.53,1776459129000
1776459130.519,130.519,0.69,0.7,0.3,0.31,0.01,0.01,77365.53,1776459129000
1776459130.897,130.897,0.69,0.7,0.3,0.31,0.01,0.01,77365.53,1776459129000
1776459131.301,131.301,0.69,0.7,0.3,0.31,0.01,0.01,77369.53,1776459130000
1776459132.11,132.11,0.69,0.7,0.3,0.31,0.01,0.01,77369.53,1776459130000
1776459132.534,132.534,0.69,0.7,0.3,0.31,0.01,0.01,77369.53,1776459130000
1776459132.999,132.999,0.66,0.67,0.32,0.34,0.01,0.02,77370.32,1776459131000
1776459133.339,133.339,0.64,0.65,0.35,0.36,0.01,0.01,77370.32,1776459132000
1776459133.727,133.727,0.64,0.65,0.35,0.36,0.01,0.01,77370.32,1776459132000
1776459134.228,134.228,0.64,0.65,0.35,0.36,0.01,0.01,77370.32,1776459132000
1776459134.681,134.681,0.63,0.65,0.35,0.37,0.02,0.02,77365.92,1776459133000
1776459135.047,135.047,0.63,0.64,0.36,0.37,0.01,0.01,77365.92,1776459133000
1776459135.469,135.469,0.63,0.64,0.36,0.37,0.01,0.01,77365.3,1776459134000
1776459135.982,135.982,0.63,0.64,0.36,0.37,0.01,0.01,77365.3,1776459134000
1776459136.423,136.423,0.63,0.64,0.36,0.37,0.01,0.01,77365.3,1776459135000
1776459136.77,136.77,0.62,0.64,0.36,0.38,0.02,0.02,77365.3,1776459135000
1776459137.126,137.126,0.6,0.61,0.39,0.4,0.01,0.01,77364.73,1776459136000
1776459137.966,137.966,0.6,0.61,0.39,0.4,0.01,0.01,77364.73,1776459136000
1776459138.434,138.434,0.6,0.61,0.39,0.4,0.01,0.01,77364.65,1776459137000
1776459138.897,138.897,0.6,0.61,0.39,0.4,0.01,0.01,77364.65,1776459137000
1776459139.259,139.259,0.6,0.61,0.39,0.4,0.01,0.01,77362.36,1776459138000
1776459139.879,139.879,0.6,0.61,0.39,0.4,0.01,0.01,77362.36,1776459138000
1776459140.545,140.545,0.6,0.61,0.39,0.4,0.01,0.01,77362.82,1776459139000
1776459140.899,140.899,0.6,0.61,0.39,0.4,0.01,0.01,77362.82,1776459139000
1776459141.355,141.355,0.6,0.61,0.39,0.4,0.01,0.01,77362.84,1776459140000
1776459142.235,142.235,0.6,0.61,0.39,0.4,0.01,0.01,77362.83,1776459141000
1776459143.291,143.291,0.6,0.61,0.39,0.4,0.01,0.01,77362.76,1776459142000
1776459143.636,143.636,0.6,0.61,0.39,0.4,0.01,0.01,77362.76,1776459142000
1776459144.114,144.114,0.6,0.61,0.39,0.4,0.01,0.01,77362.76,1776459142000
1776459144.644,144.644,0.6,0.61,0.39,0.4,0.01,0.01,77362.76,1776459143000
1776459145.041,145.041,0.6,0.61,0.39,0.4,0.01,0.01,77362.76,1776459144000
1776459145.449,145.449,0.6,0.61,0.39,0.4,0.01,0.01,77362.76,1776459144000
1776459145.825,145.825,0.6,0.61,0.39,0.4,0.01,0.01,77362.76,1776459144000
1776459146.46,146.46,0.6,0.61,0.39,0.4,0.01,0.01,77362.76,1776459145000
1776459147.053,147.053,0.6,0.61,0.39,0.4,0.01,0.01,77362.76,1776459146000
1776459148.588,148.588,0.6,0.61,0.39,0.4,0.01,0.01,77362.77,1776459147000
1776459149.002,149.002,0.6,0.61,0.39,0.4,0.01,0.01,77362.77,1776459148000
1776459149.545,149.545,0.6,0.61,0.39,0.4,0.01,0.01,77362.77,1776459148000
1776459150.144,150.144,0.6,0.61,0.39,0.4,0.01,0.01,77362.78,1776459149000
1776459150.478,150.478,0.55,0.58,0.42,0.45,0.03,0.03,77362.78,1776459149000
1776459150.829,150.829,0.54,0.55,0.45,0.46,0.01,0.01,77362.78,1776459149000
1776459151.173,151.173,0.54,0.55,0.45,0.47,0.01,0.02,77362.78,1776459149000
1776459151.525,151.525,0.53,0.54,0.46,0.47,0.01,0.01,77362.76,1776459150000
1776459151.899,151.899,0.53,0.54,0.46,0.47,0.01,0.01,77362.76,1776459150000
1776459152.265,152.265,0.52,0.53,0.47,0.48,0.01,0.01,77352.23,1776459151000
1776459152.784,152.784,0.52,0.53,0.47,0.48,0.01,0.01,77352.23,1776459151000
1776459153.121,153.121,0.52,0.53,0.47,0.48,0.01,0.01,77352.23,1776459151000
1776459153.474,153.474,0.52,0.53,0.47,0.48,0.01,0.01,77351.42,1776459152000
1776459153.836,153.836,0.52,0.53,0.47,0.48,0.01,0.01,77351.42,1776459152000
1776459154.181,154.181,0.52,0.53,0.47,0.48,0.01,0.01,77351.42,1776459152000
1776459154.963,154.963,0.52,0.53,0.47,0.48,0.01,0.01,77351.14,1776459153000
1776459155.419,155.419,0.52,0.53,0.47,0.48,0.01,0.01,77351.14,1776459153000
1776459155.782,155.782,0.52,0.53,0.47,0.48,0.01,0.01,77351.14,1776459153000
1776459156.318,156.318,0.52,0.53,0.47,0.48,0.01,0.01,77351.19,1776459154000
1776459156.939,156.939,0.52,0.53,0.47,0.48,0.01,0.01,77351.54,1776459156000
1776459157.489,157.489,0.52,0.53,0.47,0.48,0.01,0.01,77351.54,1776459156000
1776459158.243,158.243,0.52,0.53,0.47,0.48,0.01,0.01,77351.53,1776459157000
1776459159.42,159.42,0.52,0.53,0.47,0.48,0.01,0.01,77351.52,1776459158000
1776459160.119,160.119,0.52,0.53,0.47,0.48,0.01,0.01,77345.13,1776459159000
1776459161.323,161.323,0.52,0.53,0.47,0.48,0.01,0.01,77344.44,1776459160000
1776459161.682,161.682,0.51,0.53,0.47,0.49,0.02,0.02,77344.44,1776459160000
1776459162.021,162.021,0.5,0.53,0.47,0.5,0.03,0.03,77344.44,1776459160000
1776459162.499,162.499,0.49,0.52,0.47,0.51,0.03,0.04,77344.44,1776459160000
1776459162.925,162.925,0.48,0.5,0.5,0.52,0.02,0.02,77344.19,1776459161000
1776459163.311,163.311,0.47,0.48,0.52,0.54,0.01,0.02,77344.19,1776459161000
1776459163.694,163.694,0.47,0.48,0.52,0.53,0.01,0.01,77342.25,1776459162000
1776459164.074,164.074,0.47,0.48,0.52,0.53,0.01,0.01,77342.25,1776459162000
1776459164.434,164.434,0.43,0.45,0.54,0.58,0.02,0.04,77344.22,1776459163000
1776459164.844,164.844,0.42,0.44,0.56,0.57,0.02,0.01,77344.22,1776459163000
1776459165.213,165.213,0.41,0.42,0.58,0.59,0.01,0.01,77344.22,1776459163000
1776459166.359,166.359,0.41,0.42,0.58,0.59,0.01,0.01,77335.92,1776459165000
1776459166.727,166.727,0.41,0.42,0.58,0.59,0.01,0.01,77335.92,1776459165000
1776459167.095,167.095,0.41,0.42,0.58,0.59,0.01,0.01,77335.92,1776459165000
1776459167.721,167.721,0.41,0.42,0.58,0.59,0.01,0.01,77334.73,1776459166000
1776459168.251,168.251,0.4,0.42,0.58,0.6,0.02,0.02,77334.73,1776459166000
1776459168.623,168.623,0.39,0.42,0.58,0.6,0.03,0.02,77333.72,1776459167000
1776459169.022,169.022,0.38,0.41,0.59,0.62,0.03,0.03,77333.72,1776459167000
1776459169.513,169.513,0.39,0.4,0.59,0.61,0.01,0.02,77332.32,1776459168000
1776459170.508,170.508,0.38,0.39,0.61,0.62,0.01,0.01,77332.32,1776459168000
1776459170.953,170.953,0.38,0.39,0.61,0.62,0.01,0.01,77334.1,1776459169000
1776459171.335,171.335,0.38,0.39,0.61,0.62,0.01,0.01,77334.1,1776459169000
1776459171.684,171.684,0.38,0.39,0.61,0.62,0.01,0.01,77334.1,1776459170000
1776459172.154,172.154,0.38,0.39,0.61,0.62,0.01,0.01,77333.22,1776459171000
1776459172.782,172.782,0.38,0.39,0.61,0.62,0.01,0.01,77333.22,1776459171000
1776459173.155,173.155,0.38,0.39,0.61,0.62,0.01,0.01,77333.22,1776459171000
1776459173.716,173.716,0.38,0.39,0.61,0.62,0.01,0.01,77334.13,1776459172000
1776459174.236,174.236,0.38,0.39,0.61,0.62,0.01,0.01,77334.13,1776459172000
1776459174.671,174.671,0.38,0.39,0.61,0.62,0.01,0.01,77334.15,1776459173000
1776459175.013,175.013,0.38,0.39,0.61,0.62,0.01,0.01,77334.15,1776459173000
1776459175.38,175.38,0.38,0.39,0.61,0.62,0.01,0.01,77334.15,1776459174000
1776459175.765,175.765,0.38,0.39,0.61,0.62,0.01,0.01,77334.15,1776459174000
1776459176.212,176.212,0.38,0.39,0.61,0.62,0.01,0.01,77334.15,1776459174000
1776459177.441,177.441,0.38,0.39,0.61,0.62,0.01,0.01,77334.15,1776459175000
1776459177.796,177.796,0.38,0.39,0.61,0.62,0.01,0.01,77333.98,1776459176000
1776459178.193,178.193,0.38,0.39,0.61,0.62,0.01,0.01,77333.91,1776459177000
1776459178.812,178.812,0.38,0.39,0.61,0.62,0.01,0.01,77333.91,1776459177000
1776459179.276,179.276,0.38,0.39,0.61,0.62,0.01,0.01,77333.91,1776459177000
1776459179.632,179.632,0.37,0.39,0.61,0.62,0.02,0.01,77333.91,1776459177000
1776459179.995,179.995,0.38,0.39,0.61,0.62,0.01,0.01,77333.38,1776459178000
1776459180.43,180.43,0.37,0.38,0.62,0.63,0.01,0.01,77331.56,1776459179000
1776459180.77,180.77,0.37,0.38,0.62,0.63,0.01,0.01,77331.56,1776459179000
1776459181.201,181.201,0.37,0.38,0.62,0.63,0.01,0.01,77331.56,1776459179000
1776459181.708,181.708,0.36,0.37,0.62,0.64,0.01,0.02,77331.17,1776459180000
1776459182.077,182.077,0.36,0.37,0.63,0.64,0.01,0.01,77331.17,1776459180000
1776459182.758,182.758,0.36,0.37,0.63,0.64,0.01,0.01,77330.68,1776459181000
1776459183.114,183.114,0.36,0.37,0.63,0.64,0.01,0.01,77330.68,1776459181000
1776459183.63,183.63,0.36,0.37,0.63,0.64,0.01,0.01,77331.33,1776459182000
1776459183.999,183.999,0.36,0.37,0.63,0.64,0.01,0.01,77331.33,1776459182000
1776459184.361,184.361,0.36,0.37,0.63,0.64,0.01,0.01,77327.38,1776459183000
1776459184.751,184.751,0.36,0.37,0.63,0.64,0.01,0.01,77327.38,1776459183000
1776459185.186,185.186,0.36,0.37,0.63,0.64,0.01,0.01,77327.38,1776459183000
1776459185.532,185.532,0.36,0.37,0.63,0.64,0.01,0.01,77328.13,1776459184000
1776459186.185,186.185,0.36,0.37,0.63,0.64,0.01,0.01,77328.13,1776459184000
1776459186.606,186.606,0.36,0.37,0.63,0.64,0.01,0.01,77327.5,1776459185000
1776459186.962,186.962,0.36,0.37,0.63,0.64,0.01,0.01,77327.5,1776459185000
1776459187.296,187.296,0.36,0.37,0.63,0.64,0.01,0.01,77328.47,1776459186000
1776459187.644,187.644,0.36,0.37,0.63,0.64,0.01,0.01,77328.47,1776459186000
1776459188.054,188.054,0.36,0.37,0.63,0.64,0.01,0.01,77328.47,1776459186000
1776459188.505,188.505,0.37,0.38,0.61,0.63,0.01,0.02,77328.49,1776459187000
1776459188.921,188.921,0.38,0.39,0.61,0.62,0.01,0.01,77328.49,1776459187000
1776459189.291,189.291,0.38,0.39,0.61,0.62,0.01,0.01,77328.49,1776459188000
1776459189.707,189.707,0.38,0.39,0.61,0.62,0.01,0.01,77328.49,1776459188000
1776459190.146,190.146,0.38,0.39,0.61,0.62,0.01,0.01,77330.6,1776459189000
1776459190.93,190.93,0.38,0.39,0.61,0.62,0.01,0.01,77330.6,1776459189000
1776459191.293,191.293,0.38,0.39,0.61,0.62,0.01,0.01,77330.91,1776459190000
1776459192.248,192.248,0.38,0.39,0.61,0.62,0.01,0.01,77330.91,1776459190000
1776459192.606,192.606,0.38,0.4,0.61,0.62,0.02,0.01,77330.91,1776459190000
1776459192.956,192.956,0.39,0.4,0.6,0.61,0.01,0.01,77330.98,1776459191000
1776459193.445,193.445,0.39,0.4,0.6,0.61,0.01,0.01,77331.39,1776459192000
1776459193.842,193.842,0.39,0.4,0.6,0.61,0.01,0.01,77331.39,1776459192000
1776459194.239,194.239,0.39,0.4,0.6,0.61,0.01,0.01,77331.47,1776459193000
1776459194.586,194.586,0.39,0.4,0.6,0.61,0.01,0.01,77331.47,1776459193000
1776459195.05,195.05,0.39,0.4,0.6,0.61,0.01,0.01,77331.47,1776459193000
1776459195.45,195.45,0.39,0.4,0.6,0.61,0.01,0.01,77332.0,1776459194000
1776459195.809,195.809,0.39,0.4,0.6,0.61,0.01,0.01,77332.0,1776459194000
1776459196.304,196.304,0.39,0.4,0.6,0.61,0.01,0.01,77332.1,1776459195000
1776459196.718,196.718,0.47,0.48,0.54,0.55,0.01,0.01,77332.1,1776459195000
1776459197.081,197.081,0.47,0.51,0.5,0.53,0.04,0.03,77332.1,1776459195000
1776459197.417,197.417,0.51,0.52,0.48,0.49,0.01,0.01,77336.6,1776459196000
1776459197.77,197.77,0.52,0.53,0.47,0.48,0.01,0.01,77336.6,1776459196000
1776459198.105,198.105,0.52,0.53,0.47,0.48,0.01,0.01,77341.02,1776459197000
1776459198.463,198.463,0.52,0.54,0.46,0.48,0.02,0.02,77341.02,1776459197000
1776459198.836,198.836,0.53,0.54,0.46,0.47,0.01,0.01,77341.02,1776459197000
1776459199.38,199.38,0.53,0.55,0.46,0.47,0.02,0.01,77341.02,1776459197000
1776459199.992,199.992,0.53,0.54,0.46,0.47,0.01,0.01,77344.75,1776459199000
1776459201.289,201.289,0.53,0.54,0.46,0.47,0.01,0.01,77344.75,1776459200000
1776459201.64,201.64,0.53,0.54,0.46,0.47,0.01,0.01,77344.75,1776459200000
1776459202.013,202.013,0.53,0.54,0.46,0.47,0.01,0.01,77344.75,1776459200000
1776459202.646,202.646,0.53,0.55,0.45,0.47,0.02,0.02,77348.43,1776459201000
1776459203.036,203.036,0.53,0.56,0.45,0.47,0.03,0.02,77348.43,1776459201000
1776459203.388,203.388,0.56,0.57,0.43,0.44,0.01,0.01,77353.57,1776459202000
1776459203.73,203.73,0.56,0.59,0.42,0.44,0.03,0.02,77353.57,1776459202000
1776459204.076,204.076,0.56,0.63,0.38,0.44,0.07,0.06,77353.57,1776459202000
1776459204.799,204.799,0.66,0.67,0.33,0.34,0.01,0.01,77355.99,1776459203000
1776459205.153,205.153,0.66,0.72,0.28,0.34,0.06,0.06,77355.99,1776459203000
1776459205.63,205.63,0.72,0.73,0.27,0.28,0.01,0.01,77360.73,1776459204000
1776459205.99,205.99,0.72,0.74,0.26,0.28,0.02,0.02,77360.73,1776459204000
1776459206.367,206.367,0.72,0.73,0.27,0.28,0.01,0.01,77362.93,1776459205000
1776459206.702,206.702,0.73,0.74,0.26,0.27,0.01,0.01,77362.93,1776459205000
1776459207.149,207.149,0.73,0.74,0.26,0.27,0.01,0.01,77362.93,1776459205000
1776459207.526,207.526,0.74,0.75,0.25,0.27,0.01,0.02,77364.63,1776459206000
1776459207.886,207.886,0.74,0.75,0.25,0.26,0.01,0.01,77364.63,1776459206000
1776459208.269,208.269,0.75,0.76,0.24,0.26,0.01,0.02,77364.76,1776459207000
1776459208.607,208.607,0.75,0.76,0.24,0.25,0.01,0.01,77364.76,1776459207000
1776459209.093,209.093,0.74,0.75,0.24,0.26,0.01,0.02,77364.76,1776459207000
1776459209.477,209.477,0.74,0.75,0.25,0.26,0.01,0.01,77364.76,1776459207000
1776459210.085,210.085,0.74,0.75,0.25,0.26,0.01,0.01,77364.93,1776459208000
1776459210.46,210.46,0.74,0.75,0.25,0.26,0.01,0.01,77364.93,1776459209000
1776459210.795,210.795,0.74,0.75,0.25,0.26,0.01,0.01,77364.93,1776459209000
1776459211.338,211.338,0.74,0.75,0.25,0.26,0.01,0.01,77364.93,1776459209000
1776459211.823,211.823,0.74,0.76,0.25,0.26,0.02,0.01,77365.02,1776459210000
1776459212.251,212.251,0.75,0.76,0.24,0.25,0.01,0.01,77364.75,1776459211000
1776459212.736,212.736,0.75,0.76,0.24,0.25,0.01,0.01,77364.75,1776459211000
1776459213.273,213.273,0.75,0.76,0.24,0.25,0.01,0.01,77364.75,1776459211000
1776459213.623,213.623,0.75,0.76,0.24,0.25,0.01,0.01,77365.07,1776459212000
1776459213.974,213.974,0.75,0.76,0.24,0.25,0.01,0.01,77365.07,1776459212000
1776459214.397,214.397,0.75,0.76,0.24,0.25,0.01,0.01,77364.98,1776459213000
1776459214.826,214.826,0.74,0.75,0.24,0.26,0.01,0.02,77364.98,1776459213000
1776459215.221,215.221,0.74,0.75,0.25,0.26,0.01,0.01,77364.98,1776459214000
1776459215.608,215.608,0.63,0.64,0.36,0.38,0.01,0.02,77364.98,1776459214000
1776459215.95,215.95,0.61,0.64,0.36,0.39,0.03,0.03,77364.98,1776459214000
1776459216.382,216.382,0.62,0.63,0.36,0.37,0.01,0.01,77364.98,1776459214000
1776459216.934,216.934,0.61,0.63,0.37,0.38,0.02,0.01,77364.98,1776459215000
1776459217.322,217.322,0.61,0.62,0.38,0.39,0.01,0.01,77355.96,1776459216000
1776459217.695,217.695,0.61,0.62,0.38,0.39,0.01,0.01,77355.96,1776459216000
1776459218.111,218.111,0.61,0.62,0.38,0.39,0.01,0.01,77355.96,1776459216000
1776459218.472,218.472,0.61,0.62,0.38,0.39,0.01,0.01,77355.96,1776459216000
1776459218.991,218.991,0.61,0.62,0.38,0.39,0.01,0.01,77355.51,1776459217000
1776459219.334,219.334,0.61,0.62,0.38,0.39,0.01,0.01,77355.12,1776459218000
1776459219.998,219.998,0.61,0.62,0.38,0.39,0.01,0.01,77355.12,1776459218000
1776459220.335,220.335,0.61,0.62,0.38,0.39,0.01,0.01,77355.12,1776459218000
1776459220.687,220.687,0.61,0.63,0.38,0.39,0.02,0.01,77355.02,1776459219000
1776459221.096,221.096,0.66,0.68,0.32,0.36,0.02,0.04,77355.02,1776459219000
1776459221.639,221.639,0.67,0.68,0.32,0.33,0.01,0.01,77355.24,1776459220000
1776459222.045,222.045,0.68,0.69,0.31,0.33,0.01,0.02,77355.24,1776459220000
1776459222.398,222.398,0.7,0.71,0.29,0.31,0.01,0.02,77355.22,1776459221000
1776459222.809,222.809,0.7,0.71,0.29,0.3,0.01,0.01,77355.22,1776459221000
1776459223.149,223.149,0.7,0.71,0.29,0.3,0.01,0.01,77355.22,1776459221000
1776459223.592,223.592,0.7,0.71,0.29,0.3,0.01,0.01,77355.22,1776459221000
1776459223.962,223.962,0.7,0.71,0.29,0.3,0.01,0.01,77356.55,1776459222000
1776459224.388,224.388,0.7,0.71,0.29,0.3,0.01,0.01,77356.55,1776459222000
1776459224.83,224.83,0.68,0.69,0.29,0.32,0.01,0.03,77358.33,1776459223000
1776459225.243,225.243,0.68,0.69,0.31,0.32,0.01,0.01,77359.7,1776459224000
1776459225.594,225.594,0.67,0.68,0.32,0.33,0.01,0.01,77359.7,1776459224000
1776459225.963,225.963,0.66,0.67,0.32,0.34,0.01,0.02,77359.7,1776459224000
1776459226.34,226.34,0.66,0.67,0.33,0.34,0.01,0.01,77359.7,1776459224000
1776459226.681,226.681,0.67,0.68,0.32,0.33,0.01,0.01,77360.52,1776459225000
1776459227.078,227.078,0.67,0.68,0.32,0.33,0.01,0.01,77360.52,1776459225000
1776459227.522,227.522,0.66,0.67,0.33,0.34,0.01,0.01,77358.53,1776459226000
1776459227.896,227.896,0.66,0.67,0.33,0.34,0.01,0.01,77358.53,1776459226000
1776459228.242,228.242,0.66,0.67,0.33,0.34,0.01,0.01,77358.53,1776459226000
1776459228.839,228.839,0.66,0.67,0.33,0.34,0.01,0.01,77358.01,1776459227000
1776459229.206,229.206,0.66,0.67,0.33,0.34,0.01,0.01,77359.64,1776459228000
1776459229.976,229.976,0.66,0.67,0.33,0.34,0.01,0.01,77359.5,1776459229000
1776459230.401,230.401,0.66,0.67,0.33,0.34,0.01,0.01,77359.5,1776459229000
1776459231.056,231.056,0.66,0.67,0.33,0.34,0.01,0.01,77359.74,1776459230000
1776459231.491,231.491,0.66,0.67,0.33,0.34,0.01,0.01,77359.74,1776459230000
1776459231.924,231.924,0.66,0.67,0.33,0.34,0.01,0.01,77359.74,1776459230000
1776459232.27,232.27,0.66,0.67,0.33,0.34,0.01,0.01,77359.74,1776459231000
1776459233.004,233.004,0.66,0.67,0.33,0.34,0.01,0.01,77359.87,1776459232000
1776459234.066,234.066,0.66,0.67,0.33,0.34,0.01,0.01,77359.87,1776459233000
1776459234.532,234.532,0.66,0.67,0.33,0.34,0.01,0.01,77359.87,1776459233000
1776459235.094,235.094,0.66,0.67,0.33,0.34,0.01,0.01,77359.87,1776459234000
1776459235.764,235.764,0.66,0.67,0.33,0.34,0.01,0.01,77359.87,1776459234000
1776459236.181,236.181,0.66,0.67,0.33,0.34,0.01,0.01,77359.7,1776459235000
1776459236.775,236.775,0.66,0.67,0.33,0.34,0.01,0.01,77359.7,1776459235000
1776459237.172,237.172,0.66,0.67,0.33,0.34,0.01,0.01,77359.67,1776459236000
1776459237.748,237.748,0.66,0.67,0.33,0.34,0.01,0.01,77359.67,1776459236000
1776459238.126,238.126,0.66,0.67,0.33,0.34,0.01,0.01,77359.67,1776459236000
1776459238.501,238.501,0.66,0.67,0.33,0.34,0.01,0.01,77359.27,1776459237000
1776459239.246,239.246,0.66,0.67,0.33,0.34,0.01,0.01,77358.85,1776459238000
1776459239.598,239.598,0.66,0.67,0.33,0.34,0.01,0.01,77358.85,1776459238000
1776459240.013,240.013,0.66,0.69,0.33,0.34,0.03,0.01,77358.85,1776459238000
1776459240.523,240.523,0.68,0.69,0.31,0.32,0.01,0.01,77357.26,1776459239000
1776459241.014,241.014,0.7,0.71,0.29,0.3,0.01,0.01,77357.26,1776459239000
1776459241.46,241.46,0.71,0.72,0.27,0.3,0.01,0.03,77357.26,1776459239000
1776459241.913,241.913,0.75,0.76,0.24,0.25,0.01,0.01,77357.26,1776459239000
1776459242.295,242.295,0.75,0.76,0.24,0.25,0.01,0.01,77357.09,1776459241000
1776459242.835,242.835,0.75,0.76,0.24,0.25,0.01,0.01,77357.09,1776459241000
1776459243.21,243.21,0.75,0.76,0.24,0.25,0.01,0.01,77359.87,1776459242000
1776459243.552,243.552,0.75,0.76,0.24,0.25,0.01,0.01,77359.87,1776459242000
1776459243.908,243.908,0.76,0.77,0.23,0.25,0.01,0.02,77359.87,1776459242000
1776459244.246,244.246,0.76,0.77,0.23,0.24,0.01,0.01,77359.87,1776459242000
1776459245.022,245.022,0.76,0.77,0.23,0.24,0.01,0.01,77362.13,1776459243000
1776459245.451,245.451,0.77,0.78,0.22,0.23,0.01,0.01,77362.13,1776459243000
1776459246.014,246.014,0.77,0.78,0.22,0.25,0.01,0.03,77363.17,1776459244000
1776459246.426,246.426,0.79,0.8,0.2,0.21,0.01,0.01,77363.19,1776459245000
1776459246.797,246.797,0.79,0.8,0.2,0.21,0.01,0.01,77363.19,1776459245000
1776459247.134,247.134,0.79,0.8,0.2,0.21,0.01,0.01,77363.19,1776459245000
1776459247.473,247.473,0.79,0.8,0.2,0.21,0.01,0.01,77363.24,1776459246000
1776459247.894,247.894,0.79,0.8,0.2,0.21,0.01,0.01,77363.24,1776459246000
1776459248.229,248.229,0.78,0.79,0.21,0.22,0.01,0.01,77363.24,1776459246000
1776459248.689,248.689,0.79,0.8,0.2,0.22,0.01,0.02,77363.32,1776459247000
1776459249.064,249.064,0.79,0.8,0.2,0.21,0.01,0.01,77363.32,1776459247000
1776459249.466,249.466,0.8,0.81,0.19,0.2,0.01,0.01,77363.24,1776459248000
1776459249.949,249.949,0.8,0.81,0.19,0.2,0.01,0.01,77363.24,1776459248000
1776459250.292,250.292,0.8,0.81,0.19,0.2,0.01,0.01,77363.35,1776459249000
1776459250.653,250.653,0.8,0.81,0.19,0.2,0.01,0.01,77363.35,1776459249000
1776459251.099,251.099,0.8,0.81,0.19,0.2,0.01,0.01,77363.35,1776459250000
1776459251.501,251.501,0.8,0.81,0.19,0.2,0.01,0.01,77363.35,1776459250000
1776459252.041,252.041,0.8,0.81,0.19,0.2,0.01,0.01,77363.35,1776459250000
1776459252.42,252.42,0.8,0.81,0.19,0.2,0.01,0.01,77363.42,1776459251000
1776459252.799,252.799,0.79,0.8,0.2,0.21,0.01,0.01,77363.42,1776459251000
1776459253.359,253.359,0.79,0.8,0.2,0.21,0.01,0.01,77363.42,1776459251000
1776459253.729,253.729,0.79,0.8,0.2,0.21,0.01,0.01,77363.4,1776459252000
1776459254.067,254.067,0.72,0.76,0.2,0.23,0.04,0.03,77363.4,1776459252000
1776459254.411,254.411,0.66,0.67,0.33,0.34,0.01,0.01,77363.4,1776459253000
1776459254.765,254.765,0.66,0.67,0.33,0.34,0.01,0.01,77363.4,1776459253000
1776459255.112,255.112,0.66,0.67,0.33,0.34,0.01,0.01,77363.4,1776459254000
1776459255.472,255.472,0.59,0.6,0.39,0.43,0.01,0.04,77363.4,1776459254000
1776459255.836,255.836,0.56,0.57,0.43,0.44,0.01,0.01,77363.4,1776459254000
1776459256.197,256.197,0.54,0.55,0.44,0.46,0.01,0.02,77363.4,1776459254000
1776459256.538,256.538,0.54,0.55,0.45,0.46,0.01,0.01,77363.4,1776459254000
1776459256.874,256.874,0.54,0.55,0.45,0.46,0.01,0.01,77355.75,1776459255000
1776459257.212,257.212,0.54,0.55,0.45,0.46,0.01,0.01,77355.75,1776459255000
1776459257.605,257.605,0.54,0.55,0.45,0.46,0.01,0.01,77350.11,1776459256000
1776459257.948,257.948,0.58,0.59,0.41,0.42,0.01,0.01,77350.11,1776459257000
1776459258.309,258.309,0.59,0.6,0.4,0.41,0.01,0.01,77350.11,1776459257000
1776459258.665,258.665,0.61,0.64,0.39,0.4,0.03,0.01,77350.11,1776459257000
1776459259.008,259.008,0.62,0.63,0.37,0.38,0.01,0.01,77350.11,1776459257000
1776459259.353,259.353,0.62,0.63,0.37,0.38,0.01,0.01,77350.29,1776459258000
1776459259.784,259.784,0.58,0.62,0.37,0.42,0.04,0.05,77350.29,1776459258000
1776459260.241,260.241,0.61,0.62,0.4,0.41,0.01,0.01,77350.29,1776459258000
1776459260.724,260.724,0.61,0.62,0.38,0.39,0.01,0.01,77351.68,1776459259000
1776459261.09,261.09,0.61,0.62,0.38,0.39,0.01,0.01,77351.68,1776459259000
1776459261.493,261.493,0.63,0.64,0.36,0.37,0.01,0.01,77352.66,1776459260000
1776459261.854,261.854,0.68,0.69,0.31,0.35,0.01,0.04,77352.66,1776459260000
1776459262.218,262.218,0.74,0.75,0.25,0.26,0.01,0.01,77352.66,1776459261000
1776459262.638,262.638,0.75,0.76,0.24,0.26,0.01,0.02,77352.66,1776459261000
1776459263.031,263.031,0.75,0.76,0.24,0.25,0.01,0.01,77352.66,1776459261000
1776459263.377,263.377,0.61,0.65,0.31,0.42,0.04,0.11,77352.66,1776459261000
1776459263.802,263.802,0.6,0.62,0.37,0.39,0.02,0.02,77352.62,1776459262000
1776459264.144,264.144,0.58,0.59,0.4,0.42,0.01,0.02,77352.62,1776459262000
1776459264.485,264.485,0.58,0.59,0.41,0.42,0.01,0.01,77352.62,1776459262000
1776459264.825,264.825,0.57,0.58,0.42,0.43,0.01,0.01,77356.57,1776459263000
1776459265.217,265.217,0.52,0.53,0.47,0.48,0.01,0.01,77354.43,1776459264000
1776459265.584,265.584,0.49,0.5,0.49,0.5,0.01,0.01,77354.43,1776459264000
1776459265.934,265.934,0.47,0.48,0.52,0.53,0.01,0.01,77354.43,1776459264000
1776459266.279,266.279,0.47,0.48,0.52,0.53,0.01,0.01,77354.43,1776459264000
1776459266.638,266.638,0.48,0.49,0.51,0.52,0.01,0.01,77351.44,1776459265000
1776459267.144,267.144,0.48,0.49,0.51,0.52,0.01,0.01,77351.44,1776459265000
1776459267.502,267.502,0.48,0.49,0.51,0.52,0.01,0.01,77351.44,1776459265000
1776459268.0,268.0,0.49,0.5,0.5,0.51,0.01,0.01,77346.67,1776459266000
1776459268.38,268.38,0.49,0.5,0.5,0.51,0.01,0.01,77348.31,1776459267000
1776459268.757,268.757,0.49,0.5,0.5,0.51,0.01,0.01,77348.31,1776459267000
1776459269.223,269.223,0.49,0.5,0.5,0.51,0.01,0.01,77348.31,1776459267000
1776459269.673,269.673,0.49,0.5,0.5,0.51,0.01,0.01,77348.07,1776459268000
1776459270.113,270.113,0.49,0.5,0.5,0.51,0.01,0.01,77348.07,1776459269000
1776459270.459,270.459,0.48,0.49,0.51,0.52,0.01,0.01,77348.07,1776459269000
1776459270.869,270.869,0.52,0.53,0.47,0.51,0.01,0.04,77348.07,1776459269000
1776459271.496,271.496,0.57,0.58,0.42,0.48,0.01,0.06,77347.43,1776459270000
1776459271.978,271.978,0.58,0.59,0.41,0.42,0.01,0.01,77347.43,1776459270000
1776459272.375,272.375,0.6,0.61,0.39,0.41,0.01,0.02,77347.52,1776459271000
1776459272.843,272.843,0.73,0.74,0.26,0.27,0.01,0.01,77347.52,1776459271000
1776459273.176,273.176,0.79,0.8,0.2,0.21,0.01,0.01,77347.52,1776459271000
1776459273.602,273.602,0.78,0.79,0.2,0.21,0.01,0.01,77351.42,1776459272000
1776459273.942,273.942,0.77,0.78,0.22,0.23,0.01,0.01,77351.42,1776459272000
1776459274.284,274.284,0.75,0.76,0.22,0.23,0.01,0.01,77351.42,1776459272000
1776459274.654,274.654,0.75,0.76,0.24,0.25,0.01,0.01,77352.17,1776459273000
1776459275.003,275.003,0.75,0.76,0.24,0.25,0.01,0.01,77352.17,1776459273000
1776459275.388,275.388,0.74,0.75,0.24,0.25,0.01,0.01,77353.24,1776459274000
1776459275.909,275.909,0.74,0.75,0.25,0.26,0.01,0.01,77353.24,1776459274000
1776459276.332,276.332,0.74,0.75,0.25,0.26,0.01,0.01,77353.24,1776459274000
1776459276.716,276.716,0.72,0.73,0.26,0.29,0.01,0.03,77355.23,1776459275000
1776459277.137,277.137,0.74,0.76,0.25,0.28,0.02,0.03,77355.23,1776459275000
1776459277.556,277.556,0.75,0.78,0.24,0.25,0.03,0.01,77355.23,1776459275000
1776459277.974,277.974,0.78,0.79,0.21,0.23,0.01,0.02,77355.43,1776459276000
1776459278.446,278.446,0.78,0.79,0.21,0.22,0.01,0.01,77356.1,1776459277000
1776459278.972,278.972,0.78,0.79,0.21,0.22,0.01,0.01,77356.1,1776459277000
1776459279.307,279.307,0.78,0.79,0.21,0.22,0.01,0.01,77356.16,1776459278000
1776459279.705,279.705,0.79,0.8,0.21,0.22,0.01,0.01,77356.16,1776459278000
1776459280.133,280.133,0.79,0.8,0.2,0.21,0.01,0.01,77356.16,1776459278000
1776459280.655,280.655,0.79,0.8,0.2,0.21,0.01,0.01,77356.16,1776459278000
1776459281.106,281.106,0.8,0.81,0.19,0.21,0.01,0.02,77356.25,1776459279000
1776459281.566,281.566,0.8,0.81,0.19,0.2,0.01,0.01,77356.25,1776459280000
1776459281.959,281.959,0.78,0.79,0.21,0.22,0.01,0.01,77356.25,1776459280000
1776459282.308,282.308,0.76,0.79,0.23,0.24,0.03,0.01,77356.25,1776459280000
1776459282.675,282.675,0.78,0.79,0.21,0.22,0.01,0.01,77356.25,1776459281000
1776459283.088,283.088,0.78,0.79,0.21,0.22,0.01,0.01,77356.23,1776459282000
1776459283.427,283.427,0.78,0.79,0.21,0.22,0.01,0.01,77356.23,1776459282000
1776459283.983,283.983,0.78,0.79,0.21,0.22,0.01,0.01,77356.23,1776459282000
1776459284.353,284.353,0.77,0.78,0.22,0.23,0.01,0.01,77356.23,1776459282000
1776459284.686,284.686,0.77,0.78,0.22,0.23,0.01,0.01,77356.1,1776459283000
1776459285.026,285.026,0.77,0.78,0.22,0.23,0.01,0.01,77356.1,1776459283000
1776459285.378,285.378,0.77,0.78,0.22,0.23,0.01,0.01,77356.1,1776459284000
1776459285.781,285.781,0.77,0.78,0.22,0.23,0.01,0.01,77356.1,1776459284000
1776459286.141,286.141,0.77,0.78,0.22,0.23,0.01,0.01,77356.1,1776459284000
1776459286.493,286.493,0.77,0.78,0.22,0.23,0.01,0.01,77354.83,1776459285000
1776459287.232,287.232,0.77,0.78,0.22,0.23,0.01,0.01,77354.83,1776459285000
1776459287.671,287.671,0.78,0.79,0.21,0.22,0.01,0.01,77354.83,1776459285000
1776459288.284,288.284,0.76,0.77,0.21,0.27,0.01,0.06,77354.71,1776459286000
1776459288.661,288.661,0.77,0.78,0.22,0.23,0.01,0.01,77354.71,1776459287000
1776459289.013,289.013,0.78,0.79,0.21,0.27,0.01,0.06,77354.71,1776459288000
1776459289.389,289.389,0.78,0.79,0.21,0.22,0.01,0.01,77354.71,1776459288000
1776459289.728,289.728,0.75,0.76,0.23,0.25,0.01,0.02,77354.71,1776459288000
1776459290.411,290.411,0.76,0.77,0.23,0.24,0.01,0.01,77354.75,1776459289000
1776459290.772,290.772,0.75,0.77,0.22,0.26,0.02,0.04,77354.75,1776459289000
1776459291.14,291.14,0.74,0.75,0.24,0.25,0.01,0.01,77354.75,1776459289000
1776459291.48,291.48,0.75,0.77,0.23,0.25,0.02,0.02,77354.73,1776459290000
1776459291.915,291.915,0.76,0.77,0.23,0.24,0.01,0.01,77354.73,1776459290000
1776459292.447,292.447,0.76,0.77,0.23,0.25,0.01,0.02,77354.75,1776459291000
1776459292.993,292.993,0.76,0.77,0.23,0.24,0.01,0.01,77354.75,1776459291000
1776459293.344,293.344,0.71,0.76,0.24,0.25,0.05,0.01,77354.76,1776459292000
1776459294.048,294.048,0.72,0.73,0.25,0.26,0.01,0.01,77354.76,1776459292000
1776459294.422,294.422,0.5,0.74,0.26,0.39,0.24,0.13,77354.75,1776459293000
1776459294.767,294.767,0.43,0.44,0.56,0.57,0.01,0.01,77354.75,1776459293000
1776459295.102,295.102,0.43,0.44,0.56,0.57,0.01,0.01,77354.75,1776459293000
1776459295.45,295.45,0.43,0.44,0.56,0.6,0.01,0.04,77354.75,1776459293000
1776459295.789,295.789,0.42,0.44,0.55,0.59,0.02,0.04,77351.31,1776459294000
1776459296.154,296.154,0.47,0.48,0.51,0.55,0.01,0.04,77351.31,1776459295000
1776459296.604,296.604,0.58,0.6,0.36,0.5,0.02,0.14,77351.31,1776459295000
1776459296.981,296.981,0.63,0.64,0.36,0.37,0.01,0.01,77351.31,1776459295000
1776459297.315,297.315,0.66,0.67,0.33,0.34,0.01,0.01,77352.45,1776459296000
1776459297.651,297.651,0.8,0.81,0.19,0.2,0.01,0.01,77352.45,1776459296000
1776459297.986,297.986,0.8,0.81,0.19,0.2,0.01,0.01,77352.45,1776459296000
1776459298.323,298.323,0.8,0.81,0.19,0.2,0.01,0.01,77352.46,1776459297000
1776459298.692,298.692,0.84,0.86,0.14,0.15,0.02,0.01,77352.46,1776459297000
1776459299.025,299.025,0.86,0.88,0.12,0.14,0.02,0.02,77352.46,1776459297000
1776459299.371,299.371,0.96,0.97,0.02,0.08,0.01,0.06,77352.46,1776459297000
1776459299.719,299.719,0.97,0.98,0.02,0.35,0.01,0.33,77352.46,1776459298000
1776459300.063,300.063,0.99,0.99,0.01,0.02,0.0,0.01,77352.46,1776459298000
1776459300.473,300.473,0.99,0.99,0.01,0.01,0.0,0.0,77351.65,1776459299000
1776459300.862,300.862,0.99,0.99,0.01,0.01,0.0,0.0,77351.65,1776459299000

# RESULT,winner=Up,slug=btc-updown-5m-1776459000,ticks=671
