timestamp,elapsed_sec,up_bid,up_ask,down_bid,down_ask,up_spread,down_spread,btc_price,btc_oracle_ts
1776432900.571,0.571,0.49,0.5,0.5,0.51,0.01,0.01,76554.75,1776432899000
1776432900.916,0.916,0.47,0.5,0.5,0.53,0.03,0.03,76554.75,1776432899000
1776432901.686,1.686,0.45,0.46,0.54,0.55,0.01,0.01,76555.4,1776432900000
1776432902.056,2.056,0.45,0.46,0.54,0.55,0.01,0.01,76557.87,1776432901000
1776432902.433,2.433,0.45,0.46,0.54,0.55,0.01,0.01,76557.87,1776432901000
1776432902.816,2.816,0.47,0.48,0.52,0.53,0.01,0.01,76557.87,1776432901000
1776432903.343,3.343,0.51,0.52,0.48,0.49,0.01,0.01,76550.62,1776432902000
1776432903.71,3.71,0.52,0.53,0.47,0.48,0.01,0.01,76550.62,1776432902000
1776432904.061,4.061,0.52,0.53,0.47,0.48,0.01,0.01,76550.62,1776432902000
1776432904.416,4.416,0.52,0.53,0.47,0.48,0.01,0.01,76554.6,1776432903000
1776432904.811,4.811,0.52,0.53,0.47,0.48,0.01,0.01,76554.6,1776432903000
1776432905.167,5.167,0.52,0.53,0.47,0.48,0.01,0.01,76554.6,1776432903000
1776432905.585,5.585,0.52,0.53,0.47,0.48,0.01,0.01,76554.6,1776432903000
1776432905.952,5.952,0.52,0.53,0.47,0.48,0.01,0.01,76570.2,1776432904000
1776432906.386,6.386,0.53,0.54,0.46,0.47,0.01,0.01,76576.55,1776432905000
1776432906.883,6.883,0.53,0.54,0.46,0.47,0.01,0.01,76576.55,1776432905000
1776432907.262,7.262,0.53,0.54,0.46,0.47,0.01,0.01,76576.55,1776432905000
1776432907.768,7.768,0.53,0.55,0.46,0.47,0.02,0.01,76577.52,1776432906000
1776432908.119,8.119,0.54,0.55,0.45,0.46,0.01,0.01,76577.52,1776432906000
1776432908.502,8.502,0.55,0.56,0.44,0.46,0.01,0.02,76577.52,1776432906000
1776432908.849,8.849,0.55,0.56,0.44,0.45,0.01,0.01,76579.11,1776432907000
1776432909.389,9.389,0.55,0.56,0.44,0.45,0.01,0.01,76580.82,1776432908000
1776432909.73,9.73,0.55,0.56,0.44,0.45,0.01,0.01,76580.82,1776432908000
1776432910.089,10.089,0.55,0.56,0.44,0.45,0.01,0.01,76580.82,1776432908000
1776432910.439,10.439,0.53,0.54,0.46,0.47,0.01,0.01,76587.09,1776432909000
1776432910.802,10.802,0.49,0.51,0.48,0.5,0.02,0.02,76587.09,1776432909000
1776432911.137,11.137,0.48,0.52,0.48,0.52,0.04,0.04,76587.8,1776432910000
1776432911.482,11.482,0.47,0.49,0.51,0.53,0.02,0.02,76587.8,1776432910000
1776432911.823,11.823,0.48,0.49,0.51,0.52,0.01,0.01,76587.8,1776432910000
1776432912.288,12.288,0.48,0.49,0.51,0.52,0.01,0.01,76561.83,1776432911000
1776432912.639,12.639,0.48,0.49,0.51,0.52,0.01,0.01,76561.83,1776432911000
1776432913.224,13.224,0.48,0.49,0.51,0.52,0.01,0.01,76561.83,1776432911000
1776432913.571,13.571,0.48,0.49,0.51,0.52,0.01,0.01,76550.4,1776432912000
1776432913.935,13.935,0.48,0.49,0.51,0.52,0.01,0.01,76550.4,1776432912000
1776432914.465,14.465,0.48,0.49,0.51,0.52,0.01,0.01,76554.44,1776432913000
1776432915.066,15.066,0.48,0.49,0.51,0.52,0.01,0.01,76554.83,1776432914000
1776432915.413,15.413,0.48,0.51,0.49,0.52,0.03,0.03,76554.83,1776432914000
1776432915.778,15.778,0.5,0.52,0.49,0.5,0.02,0.01,76554.83,1776432914000
1776432916.12,16.12,0.53,0.54,0.46,0.47,0.01,0.01,76554.83,1776432914000
1776432916.474,16.474,0.53,0.54,0.46,0.47,0.01,0.01,76584.67,1776432915000
1776432916.872,16.872,0.54,0.55,0.45,0.46,0.01,0.01,76584.67,1776432915000
1776432917.22,17.22,0.55,0.57,0.43,0.46,0.02,0.03,76584.67,1776432915000
1776432917.559,17.559,0.56,0.57,0.43,0.44,0.01,0.01,76597.53,1776432916000
1776432917.907,17.907,0.56,0.57,0.43,0.44,0.01,0.01,76597.53,1776432916000
1776432918.247,18.247,0.55,0.56,0.44,0.45,0.01,0.01,76597.53,1776432916000
1776432918.607,18.607,0.55,0.56,0.44,0.45,0.01,0.01,76600.75,1776432917000
1776432918.945,18.945,0.55,0.56,0.44,0.45,0.01,0.01,76599.85,1776432918000
1776432919.284,19.284,0.55,0.56,0.44,0.45,0.01,0.01,76599.85,1776432918000
1776432919.695,19.695,0.55,0.56,0.44,0.45,0.01,0.01,76599.85,1776432918000
1776432920.051,20.051,0.55,0.56,0.44,0.45,0.01,0.01,76599.85,1776432918000
1776432920.474,20.474,0.55,0.56,0.44,0.45,0.01,0.01,76599.85,1776432918000
1776432921.255,21.255,0.55,0.56,0.44,0.45,0.01,0.01,76577.49,1776432920000
1776432921.884,21.884,0.55,0.56,0.44,0.45,0.01,0.01,76577.49,1776432920000
1776432922.245,22.245,0.55,0.56,0.44,0.45,0.01,0.01,76578.81,1776432921000
1776432922.598,22.598,0.51,0.56,0.44,0.49,0.05,0.05,76578.81,1776432921000
1776432922.931,22.931,0.53,0.56,0.44,0.47,0.03,0.03,76578.81,1776432921000
1776432923.287,23.287,0.51,0.53,0.47,0.49,0.02,0.02,76566.23,1776432922000
1776432923.678,23.678,0.52,0.53,0.47,0.48,0.01,0.01,76566.23,1776432922000
1776432924.14,24.14,0.52,0.53,0.47,0.48,0.01,0.01,76566.23,1776432922000
1776432924.491,24.491,0.52,0.53,0.47,0.48,0.01,0.01,76564.92,1776432923000
1776432925.054,25.054,0.51,0.52,0.47,0.48,0.01,0.01,76564.92,1776432923000
1776432925.42,25.42,0.51,0.52,0.48,0.49,0.01,0.01,76564.86,1776432924000
1776432925.765,25.765,0.51,0.52,0.48,0.49,0.01,0.01,76564.86,1776432924000
1776432926.217,26.217,0.51,0.52,0.48,0.49,0.01,0.01,76564.86,1776432924000
1776432926.703,26.703,0.51,0.52,0.48,0.49,0.01,0.01,76565.75,1776432925000
1776432927.077,27.077,0.52,0.53,0.47,0.48,0.01,0.01,76564.53,1776432926000
1776432927.418,27.418,0.52,0.53,0.47,0.48,0.01,0.01,76564.53,1776432926000
1776432927.777,27.777,0.53,0.54,0.46,0.47,0.01,0.01,76564.53,1776432926000
1776432928.14,28.14,0.53,0.54,0.46,0.47,0.01,0.01,76568.91,1776432927000
1776432928.913,28.913,0.53,0.55,0.46,0.47,0.02,0.01,76568.91,1776432927000
1776432929.249,29.249,0.53,0.54,0.46,0.47,0.01,0.01,76581.72,1776432928000
1776432929.591,29.591,0.53,0.54,0.46,0.47,0.01,0.01,76581.72,1776432928000
1776432930.272,30.272,0.54,0.55,0.45,0.46,0.01,0.01,76586.5,1776432929000
1776432930.666,30.666,0.54,0.55,0.45,0.46,0.01,0.01,76586.5,1776432929000
1776432931.007,31.007,0.54,0.55,0.45,0.46,0.01,0.01,76586.5,1776432929000
1776432931.363,31.363,0.54,0.55,0.45,0.46,0.01,0.01,76593.43,1776432930000
1776432931.727,31.727,0.54,0.55,0.45,0.46,0.01,0.01,76593.43,1776432930000
1776432932.095,32.095,0.54,0.55,0.45,0.46,0.01,0.01,76593.43,1776432930000
1776432932.446,32.446,0.54,0.55,0.45,0.46,0.01,0.01,76594.8,1776432931000
1776432932.824,32.824,0.54,0.55,0.44,0.46,0.01,0.02,76594.8,1776432931000
1776432933.217,33.217,0.54,0.56,0.44,0.46,0.02,0.02,76593.14,1776432932000
1776432933.582,33.582,0.56,0.57,0.44,0.46,0.01,0.02,76593.14,1776432932000
1776432933.926,33.926,0.56,0.57,0.43,0.44,0.01,0.01,76593.14,1776432932000
1776432934.393,34.393,0.56,0.57,0.43,0.44,0.01,0.01,76593.14,1776432932000
1776432934.796,34.796,0.57,0.58,0.42,0.43,0.01,0.01,76590.44,1776432933000
1776432935.138,35.138,0.57,0.58,0.42,0.43,0.01,0.01,76590.44,1776432933000
1776432935.552,35.552,0.57,0.58,0.42,0.43,0.01,0.01,76599.32,1776432934000
1776432936.027,36.027,0.57,0.58,0.42,0.43,0.01,0.01,76599.32,1776432934000
1776432936.403,36.403,0.57,0.58,0.42,0.43,0.01,0.01,76604.06,1776432935000
1776432936.776,36.776,0.57,0.58,0.42,0.43,0.01,0.01,76604.06,1776432935000
1776432937.251,37.251,0.58,0.59,0.41,0.42,0.01,0.01,76609.71,1776432936000
1776432937.747,37.747,0.58,0.59,0.41,0.42,0.01,0.01,76609.71,1776432936000
1776432938.309,38.309,0.58,0.59,0.41,0.42,0.01,0.01,76609.71,1776432936000
1776432938.723,38.723,0.58,0.59,0.41,0.42,0.01,0.01,76611.16,1776432937000
1776432939.057,39.057,0.58,0.59,0.41,0.42,0.01,0.01,76611.16,1776432937000
1776432939.479,39.479,0.59,0.6,0.4,0.41,0.01,0.01,76615.79,1776432938000
1776432939.814,39.814,0.59,0.6,0.4,0.41,0.01,0.01,76615.79,1776432938000
1776432940.176,40.176,0.59,0.6,0.4,0.41,0.01,0.01,76615.79,1776432938000
1776432940.523,40.523,0.59,0.6,0.4,0.41,0.01,0.01,76618.07,1776432939000
1776432941.05,41.05,0.59,0.6,0.4,0.41,0.01,0.01,76618.07,1776432939000
1776432941.398,41.398,0.59,0.6,0.4,0.41,0.01,0.01,76618.07,1776432939000
1776432941.761,41.761,0.6,0.61,0.39,0.41,0.01,0.02,76619.0,1776432940000
1776432942.143,42.143,0.6,0.61,0.39,0.4,0.01,0.01,76618.56,1776432941000
1776432942.685,42.685,0.6,0.61,0.39,0.4,0.01,0.01,76618.56,1776432941000
1776432943.029,43.029,0.6,0.61,0.39,0.4,0.01,0.01,76618.56,1776432941000
1776432943.401,43.401,0.6,0.61,0.39,0.4,0.01,0.01,76618.56,1776432941000
1776432943.768,43.768,0.6,0.61,0.39,0.4,0.01,0.01,76621.64,1776432942000
1776432944.118,44.118,0.6,0.61,0.39,0.4,0.01,0.01,76622.39,1776432943000
1776432944.821,44.821,0.6,0.61,0.39,0.4,0.01,0.01,76622.39,1776432943000
1776432945.295,45.295,0.6,0.61,0.39,0.4,0.01,0.01,76611.58,1776432944000
1776432945.632,45.632,0.6,0.61,0.39,0.4,0.01,0.01,76611.58,1776432944000
1776432946.014,46.014,0.6,0.61,0.39,0.4,0.01,0.01,76611.58,1776432944000
1776432946.392,46.392,0.6,0.61,0.39,0.4,0.01,0.01,76611.58,1776432944000
1776432946.892,46.892,0.6,0.61,0.39,0.4,0.01,0.01,76612.4,1776432945000
1776432947.481,47.481,0.6,0.61,0.39,0.4,0.01,0.01,76613.6,1776432946000
1776432948.091,48.091,0.61,0.62,0.38,0.39,0.01,0.01,76613.6,1776432946000
1776432948.502,48.502,0.61,0.62,0.38,0.39,0.01,0.01,76615.68,1776432947000
1776432948.876,48.876,0.61,0.62,0.38,0.39,0.01,0.01,76615.68,1776432947000
1776432949.285,49.285,0.61,0.62,0.37,0.39,0.01,0.02,76616.62,1776432948000
1776432949.766,49.766,0.61,0.62,0.38,0.39,0.01,0.01,76616.62,1776432948000
1776432950.208,50.208,0.61,0.62,0.38,0.39,0.01,0.01,76616.62,1776432948000
1776432950.999,50.999,0.61,0.62,0.38,0.39,0.01,0.01,76619.21,1776432949000
1776432951.454,51.454,0.61,0.62,0.38,0.39,0.01,0.01,76619.21,1776432949000
1776432951.82,51.82,0.61,0.62,0.38,0.39,0.01,0.01,76620.37,1776432950000
1776432952.322,52.322,0.61,0.63,0.38,0.39,0.02,0.01,76619.4,1776432951000
1776432952.663,52.663,0.62,0.63,0.37,0.38,0.01,0.01,76619.4,1776432951000
1776432953.122,53.122,0.62,0.63,0.37,0.38,0.01,0.01,76618.12,1776432952000
1776432953.615,53.615,0.61,0.62,0.37,0.39,0.01,0.02,76618.12,1776432952000
1776432953.975,53.975,0.61,0.62,0.38,0.39,0.01,0.01,76621.19,1776432953000
1776432954.321,54.321,0.61,0.62,0.38,0.39,0.01,0.01,76621.19,1776432953000
1776432954.67,54.67,0.61,0.62,0.38,0.39,0.01,0.01,76621.19,1776432953000
1776432955.134,55.134,0.61,0.62,0.38,0.39,0.01,0.01,76620.84,1776432954000
1776432956.06,56.06,0.61,0.62,0.38,0.39,0.01,0.01,76618.9,1776432955000
1776432956.826,56.826,0.61,0.62,0.38,0.39,0.01,0.01,76618.9,1776432955000
1776432957.167,57.167,0.61,0.62,0.38,0.39,0.01,0.01,76617.36,1776432956000
1776432957.622,57.622,0.61,0.62,0.38,0.39,0.01,0.01,76617.36,1776432956000
1776432957.961,57.961,0.6,0.62,0.38,0.4,0.02,0.02,76617.29,1776432957000
1776432958.341,58.341,0.6,0.61,0.39,0.4,0.01,0.01,76617.29,1776432957000
1776432958.691,58.691,0.6,0.61,0.39,0.4,0.01,0.01,76617.29,1776432957000
1776432959.094,59.094,0.6,0.61,0.39,0.4,0.01,0.01,76613.15,1776432958000
1776432959.521,59.521,0.6,0.61,0.39,0.4,0.01,0.01,76613.15,1776432958000
1776432959.878,59.878,0.6,0.61,0.39,0.4,0.01,0.01,76613.15,1776432958000
1776432960.243,60.243,0.6,0.61,0.39,0.4,0.01,0.01,76602.29,1776432959000
1776432960.598,60.598,0.6,0.61,0.39,0.4,0.01,0.01,76602.29,1776432959000
1776432960.931,60.931,0.6,0.61,0.39,0.4,0.01,0.01,76603.81,1776432960000
1776432961.632,61.632,0.58,0.59,0.41,0.42,0.01,0.01,76603.81,1776432960000
1776432961.973,61.973,0.58,0.59,0.41,0.42,0.01,0.01,76603.54,1776432961000
1776432962.311,62.311,0.58,0.59,0.41,0.42,0.01,0.01,76603.54,1776432961000
1776432962.656,62.656,0.58,0.59,0.41,0.42,0.01,0.01,76603.54,1776432961000
1776432963.125,63.125,0.58,0.59,0.41,0.42,0.01,0.01,76603.54,1776432961000
1776432963.706,63.706,0.58,0.59,0.41,0.42,0.01,0.01,76592.29,1776432962000
1776432964.062,64.062,0.57,0.59,0.41,0.42,0.02,0.01,76592.29,1776432962000
1776432964.471,64.471,0.55,0.58,0.42,0.45,0.03,0.03,76589.78,1776432963000
1776432964.81,64.81,0.54,0.56,0.44,0.46,0.02,0.02,76589.78,1776432963000
1776432965.308,65.308,0.54,0.55,0.45,0.46,0.01,0.01,76587.97,1776432964000
1776432965.648,65.648,0.53,0.55,0.45,0.47,0.02,0.02,76587.97,1776432964000
1776432965.985,65.985,0.54,0.55,0.45,0.5,0.01,0.05,76587.97,1776432964000
1776432966.644,66.644,0.5,0.51,0.49,0.5,0.01,0.01,76574.3,1776432965000
1776432966.992,66.992,0.5,0.52,0.48,0.49,0.02,0.01,76574.3,1776432965000
1776432967.364,67.364,0.5,0.53,0.47,0.5,0.03,0.03,76566.47,1776432966000
1776432967.777,67.777,0.51,0.52,0.47,0.5,0.01,0.03,76566.47,1776432966000
1776432968.228,68.228,0.51,0.52,0.48,0.49,0.01,0.01,76566.47,1776432966000
1776432968.613,68.613,0.51,0.52,0.48,0.49,0.01,0.01,76554.79,1776432967000
1776432968.953,68.953,0.51,0.52,0.48,0.49,0.01,0.01,76554.79,1776432967000
1776432969.343,69.343,0.51,0.52,0.48,0.49,0.01,0.01,76554.79,1776432967000
1776432970.028,70.028,0.51,0.52,0.48,0.49,0.01,0.01,76561.98,1776432968000
1776432970.424,70.424,0.52,0.53,0.45,0.48,0.01,0.03,76561.1,1776432969000
1776432970.778,70.778,0.53,0.56,0.44,0.47,0.03,0.03,76561.1,1776432969000
1776432971.136,71.136,0.55,0.56,0.44,0.45,0.01,0.01,76561.1,1776432969000
1776432971.505,71.505,0.55,0.56,0.44,0.45,0.01,0.01,76568.44,1776432970000
1776432971.897,71.897,0.55,0.56,0.44,0.45,0.01,0.01,76568.44,1776432970000
1776432972.29,72.29,0.55,0.56,0.44,0.45,0.01,0.01,76568.44,1776432970000
1776432972.658,72.658,0.55,0.56,0.44,0.45,0.01,0.01,76574.65,1776432971000
1776432973.028,73.028,0.55,0.56,0.44,0.45,0.01,0.01,76575.83,1776432972000
1776432973.362,73.362,0.54,0.55,0.45,0.46,0.01,0.01,76575.83,1776432972000
1776432973.968,73.968,0.54,0.55,0.45,0.46,0.01,0.01,76577.1,1776432973000
1776432974.353,74.353,0.54,0.55,0.45,0.46,0.01,0.01,76577.1,1776432973000
1776432974.705,74.705,0.54,0.55,0.45,0.46,0.01,0.01,76577.1,1776432973000
1776432975.124,75.124,0.54,0.55,0.45,0.46,0.01,0.01,76576.77,1776432974000
1776432975.913,75.913,0.54,0.55,0.45,0.46,0.01,0.01,76576.77,1776432974000
1776432976.296,76.296,0.54,0.55,0.45,0.46,0.01,0.01,76576.77,1776432974000
1776432976.796,76.796,0.54,0.55,0.45,0.46,0.01,0.01,76577.12,1776432975000
1776432977.443,77.443,0.54,0.55,0.45,0.46,0.01,0.01,76577.14,1776432976000
1776432977.822,77.822,0.54,0.55,0.43,0.46,0.01,0.03,76577.14,1776432976000
1776432978.167,78.167,0.54,0.55,0.45,0.46,0.01,0.01,76577.54,1776432977000
1776432978.554,78.554,0.55,0.57,0.44,0.45,0.02,0.01,76577.54,1776432977000
1776432978.955,78.955,0.56,0.57,0.42,0.44,0.01,0.02,76577.54,1776432977000
1776432979.365,79.365,0.56,0.57,0.43,0.44,0.01,0.01,76580.26,1776432978000
1776432979.783,79.783,0.56,0.57,0.43,0.44,0.01,0.01,76580.26,1776432978000
1776432980.526,80.526,0.56,0.57,0.43,0.44,0.01,0.01,76580.26,1776432978000
1776432980.859,80.859,0.56,0.57,0.43,0.44,0.01,0.01,76586.59,1776432979000
1776432981.193,81.193,0.56,0.57,0.43,0.44,0.01,0.01,76588.69,1776432980000
1776432981.854,81.854,0.56,0.57,0.43,0.44,0.01,0.01,76588.69,1776432980000
1776432982.473,82.473,0.56,0.57,0.43,0.44,0.01,0.01,76588.17,1776432981000
1776432983.004,83.004,0.56,0.57,0.43,0.44,0.01,0.01,76584.74,1776432982000
1776432984.431,84.431,0.56,0.57,0.43,0.44,0.01,0.01,76584.74,1776432982000
1776432985.109,85.109,0.56,0.57,0.43,0.44,0.01,0.01,76568.97,1776432984000
1776432985.49,85.49,0.5,0.56,0.44,0.5,0.06,0.06,76568.97,1776432984000
1776432985.833,85.833,0.56,0.57,0.43,0.44,0.01,0.01,76568.97,1776432984000
1776432986.171,86.171,0.52,0.53,0.47,0.48,0.01,0.01,76568.97,1776432984000
1776432986.505,86.505,0.52,0.53,0.47,0.49,0.01,0.02,76572.74,1776432985000
1776432986.898,86.898,0.52,0.53,0.47,0.48,0.01,0.01,76572.74,1776432985000
1776432987.279,87.279,0.52,0.53,0.47,0.5,0.01,0.03,76572.74,1776432985000
1776432987.631,87.631,0.54,0.56,0.45,0.46,0.02,0.01,76576.72,1776432986000
1776432987.966,87.966,0.54,0.55,0.45,0.46,0.01,0.01,76576.72,1776432986000
1776432988.337,88.337,0.52,0.55,0.45,0.48,0.03,0.03,76576.69,1776432987000
1776432988.785,88.785,0.53,0.54,0.46,0.47,0.01,0.01,76576.69,1776432987000
1776432989.131,89.131,0.52,0.53,0.47,0.48,0.01,0.01,76576.69,1776432987000
1776432989.481,89.481,0.5,0.53,0.47,0.5,0.03,0.03,76571.63,1776432988000
1776432989.836,89.836,0.51,0.52,0.48,0.49,0.01,0.01,76571.63,1776432988000
1776432990.172,90.172,0.5,0.52,0.48,0.5,0.02,0.02,76571.63,1776432988000
1776432990.59,90.59,0.49,0.52,0.48,0.51,0.03,0.03,76547.97,1776432989000
1776432990.931,90.931,0.48,0.51,0.49,0.51,0.03,0.02,76547.97,1776432989000
1776432991.339,91.339,0.5,0.51,0.49,0.5,0.01,0.01,76542.7,1776432990000
1776432991.699,91.699,0.5,0.51,0.49,0.5,0.01,0.01,76542.7,1776432990000
1776432992.1,92.1,0.5,0.51,0.49,0.5,0.01,0.01,76542.7,1776432990000
1776432992.441,92.441,0.5,0.51,0.49,0.5,0.01,0.01,76537.44,1776432991000
1776432992.778,92.778,0.5,0.51,0.49,0.5,0.01,0.01,76537.44,1776432991000
1776432993.17,93.17,0.5,0.51,0.48,0.5,0.01,0.02,76537.44,1776432991000
1776432993.543,93.543,0.5,0.51,0.49,0.5,0.01,0.01,76540.98,1776432992000
1776432993.914,93.914,0.5,0.51,0.49,0.5,0.01,0.01,76540.98,1776432992000
1776432994.574,94.574,0.51,0.52,0.49,0.5,0.01,0.01,76540.98,1776432992000
1776432994.949,94.949,0.53,0.54,0.46,0.47,0.01,0.01,76540.98,1776432992000
1776432995.296,95.296,0.53,0.56,0.45,0.47,0.03,0.02,76553.33,1776432994000
1776432995.634,95.634,0.56,0.57,0.43,0.44,0.01,0.01,76553.33,1776432994000
1776432996.004,96.004,0.56,0.57,0.43,0.44,0.01,0.01,76553.33,1776432994000
1776432996.348,96.348,0.56,0.58,0.42,0.44,0.02,0.02,76553.33,1776432994000
1776432996.746,96.746,0.56,0.57,0.43,0.44,0.01,0.01,76553.33,1776432994000
1776432997.088,97.088,0.56,0.58,0.42,0.44,0.02,0.02,76575.99,1776432995000
1776432997.455,97.455,0.56,0.57,0.42,0.44,0.01,0.02,76575.99,1776432995000
1776432998.863,98.863,0.56,0.57,0.43,0.44,0.01,0.01,76583.01,1776432997000
1776432999.392,99.392,0.58,0.59,0.41,0.42,0.01,0.01,76583.01,1776432997000
1776432999.727,99.727,0.57,0.59,0.41,0.43,0.02,0.02,76589.97,1776432998000
1776433000.168,100.168,0.58,0.59,0.41,0.42,0.01,0.01,76589.97,1776432998000
1776433000.538,100.538,0.58,0.59,0.41,0.42,0.01,0.01,76592.08,1776432999000
1776433000.893,100.893,0.58,0.59,0.41,0.42,0.01,0.01,76592.08,1776432999000
1776433001.254,101.254,0.58,0.59,0.41,0.42,0.01,0.01,76589.23,1776433000000
1776433001.629,101.629,0.58,0.59,0.41,0.42,0.01,0.01,76589.23,1776433000000
1776433001.985,101.985,0.58,0.59,0.41,0.42,0.01,0.01,76589.23,1776433000000
1776433002.334,102.334,0.54,0.55,0.43,0.46,0.01,0.03,76589.23,1776433000000
1776433002.688,102.688,0.51,0.55,0.45,0.49,0.04,0.04,76589.12,1776433001000
1776433003.066,103.066,0.49,0.56,0.48,0.5,0.07,0.02,76589.12,1776433001000
1776433003.426,103.426,0.47,0.53,0.47,0.52,0.06,0.05,76586.9,1776433002000
1776433003.776,103.776,0.46,0.5,0.5,0.54,0.04,0.04,76586.9,1776433002000
1776433004.145,104.145,0.46,0.48,0.52,0.54,0.02,0.02,76586.9,1776433002000
1776433004.896,104.896,0.45,0.48,0.52,0.54,0.03,0.02,76558.89,1776433003000
1776433005.368,105.368,0.45,0.48,0.52,0.55,0.03,0.03,76558.89,1776433003000
1776433006.436,106.436,0.45,0.48,0.52,0.55,0.03,0.03,76508.57,1776433005000
1776433006.792,106.792,0.43,0.46,0.52,0.57,0.03,0.05,76508.57,1776433005000
1776433007.126,107.126,0.43,0.45,0.55,0.57,0.02,0.02,76508.57,1776433005000
1776433007.485,107.485,0.41,0.44,0.56,0.59,0.03,0.03,76511.45,1776433006000
1776433007.868,107.868,0.42,0.44,0.55,0.58,0.02,0.03,76511.45,1776433006000
1776433008.216,108.216,0.43,0.44,0.56,0.57,0.01,0.01,76511.45,1776433006000
1776433008.566,108.566,0.45,0.48,0.53,0.56,0.03,0.03,76511.45,1776433006000
1776433008.969,108.969,0.47,0.48,0.52,0.54,0.01,0.02,76521.97,1776433007000
1776433009.316,109.316,0.47,0.49,0.51,0.53,0.02,0.02,76521.97,1776433007000
1776433009.652,109.652,0.47,0.48,0.52,0.53,0.01,0.01,76522.37,1776433008000
1776433009.989,109.989,0.47,0.5,0.5,0.53,0.03,0.03,76522.37,1776433008000
1776433010.337,110.337,0.51,0.55,0.46,0.49,0.04,0.03,76525.7,1776433009000
1776433010.739,110.739,0.54,0.55,0.45,0.47,0.01,0.02,76525.7,1776433009000
1776433011.086,111.086,0.53,0.56,0.44,0.47,0.03,0.03,76525.7,1776433009000
1776433011.532,111.532,0.54,0.56,0.44,0.46,0.02,0.02,76525.7,1776433009000
1776433011.977,111.977,0.55,0.56,0.45,0.46,0.01,0.01,76568.88,1776433010000
1776433012.349,112.349,0.55,0.56,0.44,0.45,0.01,0.01,76578.47,1776433011000
1776433012.733,112.733,0.54,0.56,0.44,0.46,0.02,0.02,76578.47,1776433011000
1776433013.527,113.527,0.53,0.56,0.44,0.46,0.03,0.02,76578.47,1776433011000
1776433014.001,114.001,0.54,0.56,0.44,0.46,0.02,0.02,76585.31,1776433012000
1776433014.358,114.358,0.55,0.56,0.44,0.47,0.01,0.03,76585.31,1776433012000
1776433014.696,114.696,0.49,0.52,0.48,0.51,0.03,0.03,76585.31,1776433012000
1776433015.8,115.8,0.47,0.49,0.51,0.52,0.02,0.01,76585.31,1776433012000
1776433016.14,116.14,0.48,0.49,0.51,0.52,0.01,0.01,76552.97,1776433014000
1776433016.489,116.489,0.48,0.49,0.51,0.52,0.01,0.01,76552.97,1776433014000
1776433016.823,116.823,0.51,0.52,0.48,0.49,0.01,0.01,76552.88,1776433015000
1776433017.172,117.172,0.51,0.52,0.48,0.49,0.01,0.01,76552.88,1776433015000
1776433017.529,117.529,0.51,0.52,0.48,0.49,0.01,0.01,76552.88,1776433016000
1776433017.902,117.902,0.51,0.52,0.48,0.49,0.01,0.01,76552.88,1776433016000
1776433018.255,118.255,0.51,0.52,0.48,0.49,0.01,0.01,76557.44,1776433017000
1776433018.615,118.615,0.51,0.52,0.48,0.49,0.01,0.01,76557.44,1776433017000
1776433018.997,118.997,0.51,0.52,0.48,0.49,0.01,0.01,76557.44,1776433017000
1776433019.451,119.451,0.51,0.52,0.48,0.49,0.01,0.01,76572.63,1776433018000
1776433019.994,119.994,0.51,0.52,0.48,0.49,0.01,0.01,76570.9,1776433019000
1776433021.027,121.027,0.51,0.52,0.48,0.49,0.01,0.01,76570.9,1776433019000
1776433021.364,121.364,0.51,0.52,0.48,0.49,0.01,0.01,76570.81,1776433020000
1776433021.813,121.813,0.53,0.54,0.46,0.49,0.01,0.03,76570.81,1776433020000
1776433022.154,122.154,0.53,0.55,0.45,0.47,0.02,0.02,76570.81,1776433020000
1776433022.491,122.491,0.53,0.54,0.46,0.47,0.01,0.01,76570.81,1776433020000
1776433022.847,122.847,0.53,0.56,0.43,0.47,0.03,0.04,76570.81,1776433020000
1776433023.21,123.21,0.53,0.54,0.46,0.47,0.01,0.01,76576.35,1776433021000
1776433023.682,123.682,0.56,0.57,0.43,0.44,0.01,0.01,76576.35,1776433021000
1776433024.073,124.073,0.57,0.58,0.42,0.43,0.01,0.01,76583.1,1776433022000
1776433024.426,124.426,0.57,0.58,0.42,0.43,0.01,0.01,76583.1,1776433022000
1776433024.769,124.769,0.55,0.56,0.44,0.45,0.01,0.01,76584.11,1776433023000
1776433025.11,125.11,0.54,0.55,0.44,0.45,0.01,0.01,76584.11,1776433023000
1776433025.456,125.456,0.53,0.55,0.45,0.47,0.02,0.02,76588.99,1776433024000
1776433025.841,125.841,0.53,0.54,0.46,0.47,0.01,0.01,76588.99,1776433024000
1776433026.181,126.181,0.53,0.54,0.46,0.47,0.01,0.01,76588.99,1776433024000
1776433026.515,126.515,0.53,0.54,0.46,0.47,0.01,0.01,76588.99,1776433024000
1776433027.073,127.073,0.53,0.54,0.45,0.47,0.01,0.02,76587.97,1776433025000
1776433027.699,127.699,0.53,0.54,0.45,0.47,0.01,0.02,76574.05,1776433026000
1776433028.044,128.044,0.53,0.54,0.46,0.47,0.01,0.01,76569.82,1776433027000
1776433028.623,128.623,0.53,0.54,0.46,0.47,0.01,0.01,76569.82,1776433027000
1776433029.072,129.072,0.53,0.54,0.46,0.47,0.01,0.01,76569.82,1776433027000
1776433029.418,129.418,0.53,0.54,0.46,0.47,0.01,0.01,76569.8,1776433028000
1776433029.754,129.754,0.54,0.55,0.45,0.46,0.01,0.01,76569.8,1776433028000
1776433030.104,130.104,0.54,0.56,0.44,0.46,0.02,0.02,76575.83,1776433029000
1776433030.54,130.54,0.55,0.57,0.43,0.45,0.02,0.02,76575.83,1776433029000
1776433030.892,130.892,0.55,0.56,0.44,0.45,0.01,0.01,76575.83,1776433029000
1776433031.289,131.289,0.57,0.58,0.42,0.44,0.01,0.02,76575.83,1776433029000
1776433031.642,131.642,0.58,0.59,0.42,0.43,0.01,0.01,76582.19,1776433030000
1776433032.014,132.014,0.58,0.59,0.41,0.42,0.01,0.01,76582.19,1776433030000
1776433032.476,132.476,0.59,0.6,0.4,0.42,0.01,0.02,76582.34,1776433031000
1776433032.823,132.823,0.59,0.6,0.4,0.41,0.01,0.01,76582.34,1776433031000
1776433033.483,133.483,0.59,0.61,0.4,0.41,0.02,0.01,76582.34,1776433031000
1776433034.336,134.336,0.59,0.61,0.39,0.41,0.02,0.02,76608.38,1776433033000
1776433034.69,134.69,0.59,0.6,0.4,0.41,0.01,0.01,76608.38,1776433033000
1776433035.124,135.124,0.59,0.6,0.4,0.41,0.01,0.01,76617.25,1776433034000
1776433035.666,135.666,0.59,0.6,0.4,0.41,0.01,0.01,76617.25,1776433034000
1776433036.096,136.096,0.59,0.6,0.4,0.41,0.01,0.01,76617.25,1776433034000
1776433036.568,136.568,0.59,0.6,0.4,0.41,0.01,0.01,76612.88,1776433035000
1776433036.93,136.93,0.59,0.6,0.4,0.41,0.01,0.01,76612.88,1776433035000
1776433037.285,137.285,0.59,0.61,0.4,0.41,0.02,0.01,76612.88,1776433035000
1776433037.627,137.627,0.59,0.61,0.39,0.41,0.02,0.02,76612.88,1776433035000
1776433037.996,137.996,0.6,0.61,0.39,0.4,0.01,0.01,76613.49,1776433036000
1776433038.351,138.351,0.55,0.6,0.42,0.45,0.05,0.03,76613.49,1776433036000
1776433038.688,138.688,0.54,0.57,0.43,0.46,0.03,0.03,76612.48,1776433037000
1776433039.161,139.161,0.54,0.56,0.44,0.46,0.02,0.02,76607.85,1776433038000
1776433039.587,139.587,0.54,0.55,0.45,0.46,0.01,0.01,76607.85,1776433038000
1776433039.938,139.938,0.49,0.52,0.48,0.51,0.03,0.03,76607.85,1776433038000
1776433040.361,140.361,0.5,0.51,0.49,0.5,0.01,0.01,76575.69,1776433039000
1776433040.715,140.715,0.49,0.51,0.49,0.51,0.02,0.02,76575.69,1776433039000
1776433041.052,141.052,0.5,0.51,0.49,0.5,0.01,0.01,76575.69,1776433039000
1776433041.533,141.533,0.5,0.51,0.49,0.5,0.01,0.01,76575.69,1776433039000
1776433041.919,141.919,0.51,0.52,0.48,0.5,0.01,0.02,76549.89,1776433040000
1776433042.317,142.317,0.51,0.52,0.48,0.49,0.01,0.01,76547.04,1776433041000
1776433043.148,143.148,0.51,0.52,0.46,0.49,0.01,0.03,76547.04,1776433041000
1776433043.491,143.491,0.51,0.52,0.48,0.49,0.01,0.01,76551.53,1776433042000
1776433043.844,143.844,0.51,0.53,0.48,0.49,0.02,0.01,76551.53,1776433042000
1776433044.216,144.216,0.52,0.53,0.47,0.48,0.01,0.01,76551.53,1776433042000
1776433044.59,144.59,0.52,0.53,0.46,0.48,0.01,0.02,76562.45,1776433043000
1776433044.935,144.935,0.53,0.54,0.46,0.47,0.01,0.01,76562.45,1776433043000
1776433045.359,145.359,0.54,0.55,0.45,0.46,0.01,0.01,76562.45,1776433044000
1776433045.724,145.724,0.54,0.55,0.45,0.46,0.01,0.01,76562.45,1776433044000
1776433046.104,146.104,0.54,0.55,0.45,0.46,0.01,0.01,76562.45,1776433044000
1776433046.608,146.608,0.55,0.57,0.44,0.45,0.02,0.01,76575.06,1776433045000
1776433046.967,146.967,0.56,0.57,0.43,0.44,0.01,0.01,76575.06,1776433045000
1776433047.346,147.346,0.56,0.58,0.42,0.44,0.02,0.02,76575.06,1776433045000
1776433047.826,147.826,0.58,0.6,0.4,0.42,0.02,0.02,76579.34,1776433046000
1776433048.182,148.182,0.59,0.61,0.4,0.41,0.02,0.01,76580.09,1776433047000
1776433048.569,148.569,0.6,0.61,0.39,0.4,0.01,0.01,76580.09,1776433047000
1776433048.904,148.904,0.6,0.61,0.39,0.4,0.01,0.01,76580.09,1776433047000
1776433049.277,149.277,0.6,0.61,0.39,0.4,0.01,0.01,76580.09,1776433047000
1776433049.664,149.664,0.6,0.61,0.39,0.4,0.01,0.01,76597.04,1776433048000
1776433050.14,150.14,0.6,0.61,0.39,0.4,0.01,0.01,76597.04,1776433048000
1776433050.536,150.536,0.6,0.61,0.39,0.4,0.01,0.01,76597.04,1776433048000
1776433051.311,151.311,0.6,0.61,0.39,0.4,0.01,0.01,76599.92,1776433049000
1776433051.81,151.81,0.6,0.62,0.38,0.4,0.02,0.02,76599.92,1776433049000
1776433052.458,152.458,0.61,0.62,0.38,0.39,0.01,0.01,76599.36,1776433050000
1776433052.809,152.809,0.61,0.62,0.38,0.39,0.01,0.01,76604.87,1776433051000
1776433053.251,153.251,0.61,0.62,0.38,0.39,0.01,0.01,76604.87,1776433051000
1776433053.817,153.817,0.62,0.63,0.38,0.39,0.01,0.01,76609.1,1776433052000
1776433054.291,154.291,0.62,0.63,0.37,0.38,0.01,0.01,76609.1,1776433052000
1776433054.975,154.975,0.63,0.64,0.36,0.37,0.01,0.01,76609.1,1776433052000
1776433055.518,155.518,0.63,0.64,0.36,0.37,0.01,0.01,76619.8,1776433053000
1776433055.972,155.972,0.63,0.64,0.36,0.37,0.01,0.01,76619.74,1776433054000
1776433056.478,156.478,0.63,0.64,0.36,0.37,0.01,0.01,76618.22,1776433055000
1776433056.822,156.822,0.63,0.64,0.36,0.37,0.01,0.01,76618.22,1776433055000
1776433057.88,157.88,0.63,0.64,0.36,0.37,0.01,0.01,76617.87,1776433056000
1776433058.649,158.649,0.63,0.64,0.36,0.37,0.01,0.01,76612.04,1776433057000
1776433059.415,159.415,0.63,0.64,0.36,0.37,0.01,0.01,76604.86,1776433058000
1776433060.059,160.059,0.63,0.64,0.36,0.37,0.01,0.01,76604.86,1776433058000
1776433061.715,161.715,0.63,0.64,0.36,0.37,0.01,0.01,76601.76,1776433059000
1776433062.051,162.051,0.63,0.64,0.36,0.37,0.01,0.01,76579.51,1776433060000
1776433062.441,162.441,0.63,0.64,0.36,0.37,0.01,0.01,76579.51,1776433060000
1776433062.81,162.81,0.62,0.64,0.36,0.38,0.02,0.02,76581.19,1776433061000
1776433063.157,163.157,0.63,0.64,0.36,0.37,0.01,0.01,76581.19,1776433061000
1776433063.546,163.546,0.6,0.64,0.36,0.4,0.04,0.04,76583.66,1776433062000
1776433063.899,163.899,0.59,0.64,0.36,0.38,0.05,0.02,76583.66,1776433062000
1776433064.233,164.233,0.63,0.64,0.36,0.37,0.01,0.01,76583.66,1776433062000
1776433064.714,164.714,0.63,0.64,0.36,0.37,0.01,0.01,76596.32,1776433063000
1776433065.049,165.049,0.63,0.65,0.36,0.37,0.02,0.01,76596.32,1776433063000
1776433065.386,165.386,0.63,0.64,0.36,0.37,0.01,0.01,76603.69,1776433064000
1776433066.382,166.382,0.63,0.64,0.36,0.37,0.01,0.01,76604.78,1776433065000
1776433066.931,166.931,0.62,0.64,0.36,0.38,0.02,0.02,76604.78,1776433065000
1776433067.37,167.37,0.63,0.64,0.36,0.38,0.01,0.02,76604.78,1776433065000
1776433067.708,167.708,0.62,0.64,0.36,0.38,0.02,0.02,76604.78,1776433065000
1776433068.082,168.082,0.6,0.61,0.39,0.4,0.01,0.01,76615.41,1776433066000
1776433068.42,168.42,0.64,0.65,0.35,0.36,0.01,0.01,76615.41,1776433066000
1776433068.756,168.756,0.63,0.65,0.36,0.37,0.02,0.01,76615.41,1776433066000
1776433069.108,169.108,0.63,0.64,0.36,0.37,0.01,0.01,76626.48,1776433067000
1776433069.463,169.463,0.66,0.67,0.33,0.34,0.01,0.01,76626.48,1776433067000
1776433069.803,169.803,0.65,0.66,0.34,0.35,0.01,0.01,76625.59,1776433068000
1776433070.165,170.165,0.66,0.67,0.33,0.35,0.01,0.02,76625.59,1776433068000
1776433070.529,170.529,0.67,0.68,0.32,0.33,0.01,0.01,76625.59,1776433068000
1776433070.863,170.863,0.67,0.68,0.32,0.33,0.01,0.01,76625.59,1776433068000
1776433071.254,171.254,0.67,0.68,0.32,0.33,0.01,0.01,76628.27,1776433069000
1776433071.985,171.985,0.67,0.68,0.32,0.33,0.01,0.01,76628.27,1776433069000
1776433072.692,172.692,0.67,0.68,0.32,0.33,0.01,0.01,76631.02,1776433071000
1776433073.347,173.347,0.67,0.69,0.31,0.33,0.02,0.02,76631.36,1776433072000
1776433074.667,174.667,0.67,0.69,0.31,0.33,0.02,0.02,76631.44,1776433073000
1776433075.312,175.312,0.67,0.68,0.32,0.33,0.01,0.01,76631.44,1776433074000
1776433076.543,176.543,0.67,0.68,0.32,0.33,0.01,0.01,76631.44,1776433074000
1776433077.085,177.085,0.67,0.68,0.32,0.33,0.01,0.01,76584.64,1776433075000
1776433077.717,177.717,0.68,0.69,0.31,0.33,0.01,0.02,76590.65,1776433076000
1776433078.097,178.097,0.69,0.7,0.3,0.31,0.01,0.01,76590.65,1776433076000
1776433078.432,178.432,0.63,0.65,0.31,0.37,0.02,0.06,76590.65,1776433076000
1776433078.793,178.793,0.58,0.66,0.34,0.42,0.08,0.08,76610.54,1776433077000
1776433079.137,179.137,0.55,0.6,0.4,0.45,0.05,0.05,76610.88,1776433078000
1776433079.472,179.472,0.54,0.57,0.43,0.46,0.03,0.03,76610.88,1776433078000
1776433080.182,180.182,0.53,0.57,0.43,0.46,0.04,0.03,76610.88,1776433078000
1776433080.525,180.525,0.56,0.57,0.43,0.47,0.01,0.04,76612.42,1776433079000
1776433080.877,180.877,0.56,0.61,0.43,0.44,0.05,0.01,76612.42,1776433079000
1776433081.255,181.255,0.56,0.61,0.39,0.44,0.05,0.05,76612.42,1776433079000
1776433081.653,181.653,0.59,0.61,0.39,0.44,0.02,0.05,76612.16,1776433080000
1776433082.023,182.023,0.59,0.61,0.39,0.41,0.02,0.02,76614.16,1776433081000
1776433082.378,182.378,0.59,0.61,0.39,0.41,0.02,0.02,76614.16,1776433081000
1776433082.884,182.884,0.53,0.61,0.39,0.47,0.08,0.08,76614.16,1776433081000
1776433083.244,183.244,0.59,0.61,0.39,0.47,0.02,0.08,76622.8,1776433082000
1776433083.927,183.927,0.65,0.68,0.33,0.41,0.03,0.08,76622.8,1776433082000
1776433084.296,184.296,0.65,0.68,0.32,0.35,0.03,0.03,76622.8,1776433082000
1776433084.643,184.643,0.65,0.68,0.32,0.35,0.03,0.03,76624.44,1776433083000
1776433084.98,184.98,0.65,0.68,0.33,0.35,0.03,0.02,76624.44,1776433083000
1776433085.34,185.34,0.62,0.69,0.31,0.38,0.07,0.07,76624.44,1776433083000
1776433085.675,185.675,0.62,0.66,0.34,0.38,0.04,0.04,76616.01,1776433084000
1776433086.054,186.054,0.6,0.69,0.31,0.4,0.09,0.09,76616.01,1776433084000
1776433086.388,186.388,0.58,0.7,0.3,0.42,0.12,0.12,76605.26,1776433085000
1776433086.727,186.727,0.59,0.66,0.35,0.41,0.07,0.06,76605.26,1776433085000
1776433087.065,187.065,0.67,0.69,0.31,0.33,0.02,0.02,76605.26,1776433085000
1776433087.423,187.423,0.58,0.64,0.34,0.42,0.06,0.08,76605.26,1776433085000
1776433087.844,187.844,0.58,0.62,0.38,0.42,0.04,0.04,76531.74,1776433086000
1776433088.269,188.269,0.58,0.62,0.38,0.42,0.04,0.04,76530.07,1776433087000
1776433088.606,188.606,0.57,0.6,0.4,0.43,0.03,0.03,76530.07,1776433087000
1776433089.319,189.319,0.55,0.6,0.4,0.45,0.05,0.05,76530.07,1776433087000
1776433089.749,189.749,0.55,0.62,0.38,0.45,0.07,0.07,76524.38,1776433088000
1776433090.091,190.091,0.55,0.62,0.38,0.45,0.07,0.07,76524.38,1776433088000
1776433090.452,190.452,0.53,0.55,0.38,0.46,0.02,0.08,76522.63,1776433089000
1776433090.822,190.822,0.53,0.55,0.45,0.47,0.02,0.02,76522.63,1776433089000
1776433091.367,191.367,0.53,0.55,0.45,0.47,0.02,0.02,76524.24,1776433090000
1776433091.959,191.959,0.53,0.55,0.45,0.47,0.02,0.02,76526.24,1776433091000
1776433092.595,192.595,0.52,0.55,0.45,0.47,0.03,0.02,76526.24,1776433091000
1776433093.114,193.114,0.51,0.55,0.45,0.49,0.04,0.04,76529.24,1776433092000
1776433093.462,193.462,0.51,0.62,0.38,0.49,0.11,0.11,76529.24,1776433092000
1776433093.941,193.941,0.56,0.68,0.32,0.51,0.12,0.19,76529.24,1776433092000
1776433094.275,194.275,0.47,0.48,0.52,0.53,0.01,0.01,76529.24,1776433092000
1776433094.625,194.625,0.46,0.5,0.5,0.54,0.04,0.04,76535.1,1776433093000
1776433094.958,194.958,0.56,0.57,0.43,0.44,0.01,0.01,76535.1,1776433093000
1776433095.295,195.295,0.45,0.46,0.54,0.55,0.01,0.01,76535.1,1776433093000
1776433095.63,195.63,0.46,0.51,0.45,0.54,0.05,0.09,76519.05,1776433094000
1776433095.996,195.996,0.45,0.46,0.54,0.55,0.01,0.01,76519.05,1776433094000
1776433096.331,196.331,0.45,0.46,0.54,0.55,0.01,0.01,76519.0,1776433095000
1776433096.727,196.727,0.45,0.46,0.54,0.55,0.01,0.01,76519.0,1776433095000
1776433097.298,197.298,0.45,0.46,0.54,0.55,0.01,0.01,76522.31,1776433096000
1776433098.037,198.037,0.45,0.46,0.54,0.55,0.01,0.01,76522.31,1776433096000
1776433098.557,198.557,0.44,0.46,0.54,0.56,0.02,0.02,76522.31,1776433096000
1776433098.904,198.904,0.45,0.49,0.53,0.55,0.04,0.02,76530.05,1776433097000
1776433099.255,199.255,0.45,0.46,0.54,0.55,0.01,0.01,76530.05,1776433097000
1776433099.606,199.606,0.45,0.53,0.48,0.55,0.08,0.07,76530.05,1776433098000
1776433100.042,200.042,0.45,0.46,0.43,0.55,0.01,0.12,76530.05,1776433098000
1776433100.417,200.417,0.44,0.57,0.43,0.56,0.13,0.13,76530.05,1776433098000
1776433100.757,200.757,0.45,0.46,0.54,0.55,0.01,0.01,76529.21,1776433099000
1776433101.141,201.141,0.43,0.46,0.52,0.57,0.03,0.05,76529.21,1776433099000
1776433101.519,201.519,0.45,0.46,0.52,0.55,0.01,0.03,76525.98,1776433100000
1776433101.879,201.879,0.44,0.46,0.54,0.59,0.02,0.05,76525.98,1776433100000
1776433102.214,202.214,0.44,0.47,0.53,0.56,0.03,0.03,76525.98,1776433100000
1776433102.553,202.553,0.42,0.43,0.57,0.58,0.01,0.01,76513.63,1776433101000
1776433102.938,202.938,0.44,0.45,0.55,0.6,0.01,0.05,76513.63,1776433101000
1776433103.278,203.278,0.41,0.49,0.51,0.6,0.08,0.09,76513.63,1776433101000
1776433103.621,203.621,0.4,0.42,0.58,0.59,0.02,0.01,76503.06,1776433102000
1776433103.956,203.956,0.41,0.42,0.58,0.59,0.01,0.01,76503.06,1776433102000
1776433104.29,204.29,0.46,0.5,0.5,0.54,0.04,0.04,76506.57,1776433103000
1776433104.646,204.646,0.49,0.5,0.5,0.51,0.01,0.01,76506.57,1776433103000
1776433105.114,205.114,0.49,0.51,0.5,0.51,0.02,0.01,76506.57,1776433103000
1776433105.449,205.449,0.49,0.51,0.49,0.51,0.02,0.02,76509.86,1776433104000
1776433106.007,206.007,0.49,0.5,0.5,0.51,0.01,0.01,76509.86,1776433104000
1776433106.385,206.385,0.49,0.5,0.5,0.51,0.01,0.01,76521.11,1776433105000
1776433106.733,206.733,0.49,0.51,0.49,0.51,0.02,0.02,76521.11,1776433105000
1776433107.098,207.098,0.48,0.51,0.49,0.52,0.03,0.03,76521.11,1776433105000
1776433107.513,207.513,0.49,0.5,0.5,0.51,0.01,0.01,76524.38,1776433106000
1776433107.861,207.861,0.46,0.49,0.51,0.53,0.03,0.02,76524.38,1776433106000
1776433108.206,208.206,0.46,0.5,0.5,0.54,0.04,0.04,76524.38,1776433106000
1776433108.539,208.539,0.41,0.5,0.5,0.59,0.09,0.09,76525.97,1776433107000
1776433108.874,208.874,0.4,0.44,0.56,0.58,0.04,0.02,76525.97,1776433107000
1776433109.472,209.472,0.43,0.44,0.52,0.59,0.01,0.07,76525.77,1776433108000
1776433109.808,209.808,0.42,0.44,0.55,0.59,0.02,0.04,76525.77,1776433108000
1776433110.155,210.155,0.42,0.44,0.56,0.57,0.02,0.01,76525.77,1776433108000
1776433110.515,210.515,0.41,0.42,0.58,0.59,0.01,0.01,76518.86,1776433109000
1776433110.942,210.942,0.41,0.42,0.58,0.59,0.01,0.01,76518.86,1776433109000
1776433111.3,211.3,0.41,0.42,0.58,0.59,0.01,0.01,76517.56,1776433110000
1776433111.662,211.662,0.41,0.42,0.58,0.59,0.01,0.01,76517.56,1776433110000
1776433112.053,212.053,0.41,0.42,0.58,0.59,0.01,0.01,76517.56,1776433110000
1776433112.397,212.397,0.41,0.42,0.58,0.59,0.01,0.01,76517.56,1776433110000
1776433112.871,212.871,0.41,0.42,0.58,0.59,0.01,0.01,76517.51,1776433111000
1776433113.205,213.205,0.4,0.42,0.58,0.6,0.02,0.02,76517.59,1776433112000
1776433114.19,214.19,0.4,0.41,0.59,0.6,0.01,0.01,76517.67,1776433113000
1776433114.686,214.686,0.37,0.38,0.62,0.63,0.01,0.01,76517.67,1776433113000
1776433115.054,215.054,0.37,0.38,0.62,0.63,0.01,0.01,76517.67,1776433113000
1776433115.396,215.396,0.37,0.38,0.62,0.63,0.01,0.01,76513.37,1776433114000
1776433115.729,215.729,0.35,0.37,0.63,0.65,0.02,0.02,76513.37,1776433114000
1776433116.062,216.062,0.33,0.34,0.66,0.67,0.01,0.01,76513.37,1776433114000
1776433116.417,216.417,0.33,0.34,0.66,0.67,0.01,0.01,76506.28,1776433115000
1776433116.76,216.76,0.32,0.33,0.67,0.68,0.01,0.01,76506.28,1776433115000
1776433117.131,217.131,0.31,0.33,0.67,0.69,0.02,0.02,76506.28,1776433115000
1776433117.491,217.491,0.31,0.32,0.68,0.69,0.01,0.01,76506.28,1776433115000
1776433117.891,217.891,0.31,0.32,0.68,0.69,0.01,0.01,76483.72,1776433116000
1776433118.227,218.227,0.31,0.33,0.67,0.69,0.02,0.02,76483.72,1776433116000
1776433118.564,218.564,0.32,0.33,0.67,0.68,0.01,0.01,76483.3,1776433117000
1776433118.944,218.944,0.32,0.33,0.67,0.68,0.01,0.01,76483.3,1776433117000
1776433119.328,219.328,0.32,0.33,0.67,0.68,0.01,0.01,76483.46,1776433118000
1776433119.684,219.684,0.33,0.35,0.65,0.67,0.02,0.02,76483.46,1776433118000
1776433120.113,220.113,0.36,0.38,0.62,0.65,0.02,0.03,76483.46,1776433118000
1776433120.448,220.448,0.37,0.38,0.62,0.63,0.01,0.01,76495.65,1776433119000
1776433120.81,220.81,0.37,0.38,0.62,0.63,0.01,0.01,76495.65,1776433119000
1776433121.162,221.162,0.37,0.38,0.62,0.63,0.01,0.01,76498.53,1776433120000
1776433121.618,221.618,0.37,0.38,0.62,0.63,0.01,0.01,76498.53,1776433120000
1776433122.092,222.092,0.37,0.38,0.62,0.63,0.01,0.01,76498.53,1776433120000
1776433122.426,222.426,0.37,0.38,0.62,0.63,0.01,0.01,76517.93,1776433121000
1776433122.765,222.765,0.37,0.38,0.62,0.63,0.01,0.01,76517.93,1776433121000
1776433123.149,223.149,0.37,0.4,0.6,0.63,0.03,0.03,76517.93,1776433121000
1776433123.552,223.552,0.39,0.4,0.6,0.61,0.01,0.01,76522.85,1776433122000
1776433124.097,224.097,0.39,0.4,0.6,0.61,0.01,0.01,76522.85,1776433122000
1776433124.446,224.446,0.39,0.4,0.6,0.61,0.01,0.01,76524.11,1776433123000
1776433125.007,225.007,0.39,0.4,0.6,0.61,0.01,0.01,76523.43,1776433124000
1776433125.568,225.568,0.39,0.4,0.6,0.61,0.01,0.01,76523.43,1776433124000
1776433125.921,225.921,0.39,0.4,0.6,0.61,0.01,0.01,76523.43,1776433124000
1776433126.55,226.55,0.39,0.4,0.6,0.61,0.01,0.01,76523.89,1776433125000
1776433126.933,226.933,0.39,0.4,0.6,0.61,0.01,0.01,76523.89,1776433125000
1776433127.355,227.355,0.39,0.4,0.6,0.61,0.01,0.01,76523.89,1776433125000
1776433127.778,227.778,0.39,0.4,0.6,0.61,0.01,0.01,76524.61,1776433126000
1776433128.244,228.244,0.37,0.4,0.6,0.63,0.03,0.03,76524.66,1776433127000
1776433128.749,228.749,0.37,0.38,0.62,0.63,0.01,0.01,76524.66,1776433127000
1776433129.148,229.148,0.37,0.38,0.62,0.63,0.01,0.01,76526.65,1776433128000
1776433129.847,229.847,0.37,0.38,0.62,0.63,0.01,0.01,76526.65,1776433128000
1776433130.185,230.185,0.37,0.38,0.62,0.63,0.01,0.01,76526.65,1776433128000
1776433130.519,230.519,0.37,0.38,0.62,0.63,0.01,0.01,76521.54,1776433129000
1776433130.864,230.864,0.4,0.41,0.59,0.6,0.01,0.01,76521.54,1776433129000
1776433131.466,231.466,0.4,0.41,0.59,0.6,0.01,0.01,76528.21,1776433130000
1776433131.802,231.802,0.4,0.41,0.59,0.6,0.01,0.01,76528.21,1776433130000
1776433132.135,232.135,0.4,0.41,0.59,0.6,0.01,0.01,76532.22,1776433131000
1776433132.573,232.573,0.4,0.41,0.59,0.6,0.01,0.01,76532.22,1776433131000
1776433132.911,232.911,0.4,0.41,0.59,0.6,0.01,0.01,76532.22,1776433131000
1776433133.264,233.264,0.4,0.41,0.59,0.6,0.01,0.01,76534.04,1776433132000
1776433133.69,233.69,0.4,0.41,0.59,0.6,0.01,0.01,76534.04,1776433132000
1776433134.061,234.061,0.4,0.41,0.59,0.6,0.01,0.01,76534.04,1776433132000
1776433134.572,234.572,0.41,0.42,0.58,0.6,0.01,0.02,76537.37,1776433133000
1776433134.966,234.966,0.41,0.42,0.58,0.59,0.01,0.01,76537.37,1776433133000
1776433135.307,235.307,0.41,0.42,0.58,0.59,0.01,0.01,76537.19,1776433134000
1776433135.643,235.643,0.41,0.42,0.58,0.59,0.01,0.01,76537.19,1776433134000
1776433136.039,236.039,0.41,0.42,0.58,0.59,0.01,0.01,76537.19,1776433134000
1776433137.262,237.262,0.41,0.42,0.58,0.59,0.01,0.01,76537.28,1776433136000
1776433137.757,237.757,0.41,0.42,0.58,0.59,0.01,0.01,76537.28,1776433136000
1776433138.153,238.153,0.38,0.39,0.61,0.62,0.01,0.01,76537.28,1776433136000
1776433138.534,238.534,0.38,0.39,0.61,0.62,0.01,0.01,76537.32,1776433137000
1776433138.888,238.888,0.38,0.39,0.61,0.62,0.01,0.01,76537.32,1776433137000
1776433139.237,239.237,0.38,0.39,0.61,0.62,0.01,0.01,76528.19,1776433138000
1776433139.581,239.581,0.38,0.39,0.61,0.62,0.01,0.01,76528.19,1776433138000
1776433140.027,240.027,0.38,0.39,0.61,0.62,0.01,0.01,76528.19,1776433138000
1776433140.384,240.384,0.38,0.39,0.61,0.62,0.01,0.01,76527.08,1776433139000
1776433140.954,240.954,0.38,0.39,0.61,0.62,0.01,0.01,76527.08,1776433139000
1776433141.334,241.334,0.36,0.38,0.62,0.64,0.02,0.02,76526.81,1776433140000
1776433141.681,241.681,0.34,0.35,0.65,0.66,0.01,0.01,76526.81,1776433140000
1776433142.027,242.027,0.33,0.34,0.66,0.67,0.01,0.01,76528.38,1776433141000
1776433142.398,242.398,0.33,0.34,0.66,0.67,0.01,0.01,76528.38,1776433141000
1776433142.758,242.758,0.33,0.34,0.66,0.67,0.01,0.01,76528.38,1776433141000
1776433143.191,243.191,0.32,0.33,0.66,0.68,0.01,0.02,76517.4,1776433142000
1776433143.972,243.972,0.32,0.33,0.67,0.68,0.01,0.01,76502.48,1776433143000
1776433144.347,244.347,0.32,0.33,0.67,0.68,0.01,0.01,76502.48,1776433143000
1776433144.685,244.685,0.32,0.33,0.67,0.68,0.01,0.01,76502.48,1776433143000
1776433145.037,245.037,0.32,0.33,0.67,0.68,0.01,0.01,76505.48,1776433144000
1776433145.37,245.37,0.32,0.33,0.67,0.68,0.01,0.01,76505.48,1776433144000
1776433145.867,245.867,0.3,0.32,0.67,0.7,0.02,0.03,76505.48,1776433144000
1776433146.208,246.208,0.27,0.29,0.71,0.73,0.02,0.02,76505.48,1776433144000
1776433146.55,246.55,0.24,0.26,0.74,0.75,0.02,0.01,76505.48,1776433144000
1776433146.89,246.89,0.24,0.25,0.75,0.76,0.01,0.01,76506.09,1776433145000
1776433147.227,247.227,0.25,0.26,0.74,0.75,0.01,0.01,76506.09,1776433145000
1776433147.577,247.577,0.25,0.26,0.74,0.75,0.01,0.01,76506.09,1776433145000
1776433147.918,247.918,0.25,0.27,0.74,0.75,0.02,0.01,76498.47,1776433146000
1776433148.48,248.48,0.28,0.29,0.71,0.72,0.01,0.01,76498.47,1776433146000
1776433148.863,248.863,0.29,0.3,0.7,0.71,0.01,0.01,76490.79,1776433147000
1776433149.206,249.206,0.29,0.3,0.7,0.71,0.01,0.01,76490.79,1776433147000
1776433149.574,249.574,0.29,0.3,0.7,0.71,0.01,0.01,76489.0,1776433148000
1776433149.945,249.945,0.3,0.31,0.69,0.7,0.01,0.01,76489.0,1776433148000
1776433150.53,250.53,0.3,0.31,0.69,0.7,0.01,0.01,76489.0,1776433148000
1776433151.032,251.032,0.3,0.31,0.69,0.7,0.01,0.01,76506.97,1776433149000
1776433151.43,251.43,0.3,0.32,0.68,0.7,0.02,0.02,76510.55,1776433150000
1776433151.774,251.774,0.3,0.31,0.69,0.7,0.01,0.01,76510.55,1776433150000
1776433152.247,252.247,0.3,0.32,0.69,0.7,0.02,0.01,76510.55,1776433150000
1776433152.583,252.583,0.31,0.32,0.68,0.69,0.01,0.01,76510.55,1776433150000
1776433152.991,252.991,0.31,0.32,0.68,0.69,0.01,0.01,76510.55,1776433150000
1776433153.431,253.431,0.31,0.32,0.68,0.69,0.01,0.01,76516.36,1776433151000
1776433153.778,253.778,0.31,0.32,0.68,0.69,0.01,0.01,76516.95,1776433152000
1776433154.185,254.185,0.31,0.33,0.68,0.69,0.02,0.01,76516.95,1776433152000
1776433154.574,254.574,0.32,0.33,0.67,0.68,0.01,0.01,76516.89,1776433153000
1776433154.973,254.973,0.32,0.33,0.67,0.68,0.01,0.01,76516.89,1776433153000
1776433155.312,255.312,0.32,0.33,0.67,0.68,0.01,0.01,76516.71,1776433154000
1776433155.645,255.645,0.31,0.32,0.68,0.69,0.01,0.01,76516.71,1776433154000
1776433156.005,256.005,0.31,0.32,0.68,0.69,0.01,0.01,76516.71,1776433154000
1776433156.367,256.367,0.31,0.32,0.68,0.69,0.01,0.01,76516.71,1776433154000
1776433156.718,256.718,0.31,0.32,0.68,0.69,0.01,0.01,76523.36,1776433155000
1776433157.06,257.06,0.31,0.32,0.68,0.69,0.01,0.01,76523.36,1776433155000
1776433157.497,257.497,0.3,0.31,0.68,0.69,0.01,0.01,76522.02,1776433156000
1776433158.024,258.024,0.31,0.32,0.68,0.7,0.01,0.02,76522.02,1776433156000
1776433158.378,258.378,0.32,0.33,0.67,0.69,0.01,0.02,76522.02,1776433156000
1776433158.738,258.738,0.32,0.33,0.67,0.68,0.01,0.01,76518.85,1776433157000
1776433159.072,259.072,0.32,0.33,0.67,0.68,0.01,0.01,76518.85,1776433157000
1776433159.464,259.464,0.33,0.34,0.66,0.67,0.01,0.01,76518.85,1776433157000
1776433159.869,259.869,0.33,0.34,0.66,0.67,0.01,0.01,76520.28,1776433158000
1776433160.313,260.313,0.31,0.34,0.66,0.67,0.03,0.01,76520.29,1776433159000
1776433160.66,260.66,0.3,0.31,0.69,0.7,0.01,0.01,76520.29,1776433159000
1776433161.285,261.285,0.3,0.31,0.69,0.7,0.01,0.01,76520.29,1776433159000
1776433161.783,261.783,0.26,0.27,0.72,0.74,0.01,0.02,76525.11,1776433160000
1776433162.153,262.153,0.25,0.26,0.74,0.75,0.01,0.01,76525.11,1776433160000
1776433162.525,262.525,0.24,0.25,0.75,0.76,0.01,0.01,76522.95,1776433161000
1776433162.872,262.872,0.23,0.24,0.76,0.77,0.01,0.01,76522.95,1776433161000
1776433163.212,263.212,0.22,0.23,0.77,0.78,0.01,0.01,76520.03,1776433162000
1776433163.553,263.553,0.21,0.22,0.77,0.78,0.01,0.01,76520.03,1776433162000
1776433163.893,263.893,0.2,0.21,0.79,0.8,0.01,0.01,76520.03,1776433162000
1776433164.275,264.275,0.2,0.21,0.79,0.8,0.01,0.01,76520.03,1776433162000
1776433164.677,264.677,0.22,0.23,0.77,0.78,0.01,0.01,76507.01,1776433163000
1776433165.021,265.021,0.22,0.23,0.77,0.78,0.01,0.01,76507.01,1776433163000
1776433165.49,265.49,0.22,0.23,0.77,0.78,0.01,0.01,76507.01,1776433163000
1776433165.933,265.933,0.22,0.23,0.77,0.78,0.01,0.01,76497.92,1776433164000
1776433166.267,266.267,0.24,0.25,0.75,0.77,0.01,0.02,76494.27,1776433165000
1776433166.932,266.932,0.24,0.25,0.75,0.76,0.01,0.01,76494.27,1776433165000
1776433167.343,267.343,0.24,0.25,0.75,0.76,0.01,0.01,76498.81,1776433166000
1776433167.712,267.712,0.19,0.21,0.79,0.81,0.02,0.02,76498.81,1776433166000
1776433168.068,268.068,0.2,0.21,0.79,0.8,0.01,0.01,76498.81,1776433166000
1776433168.438,268.438,0.19,0.21,0.79,0.8,0.02,0.01,76500.35,1776433167000
1776433168.892,268.892,0.19,0.2,0.8,0.81,0.01,0.01,76500.35,1776433167000
1776433169.282,269.282,0.18,0.19,0.8,0.82,0.01,0.02,76500.07,1776433168000
1776433169.637,269.637,0.18,0.19,0.81,0.82,0.01,0.01,76500.07,1776433168000
1776433169.984,269.984,0.18,0.19,0.81,0.82,0.01,0.01,76500.07,1776433168000
1776433170.359,270.359,0.18,0.19,0.81,0.82,0.01,0.01,76493.48,1776433169000
1776433170.74,270.74,0.17,0.19,0.82,0.83,0.02,0.01,76493.48,1776433169000
1776433171.083,271.083,0.16,0.17,0.82,0.83,0.01,0.01,76493.48,1776433169000
1776433171.439,271.439,0.15,0.16,0.84,0.85,0.01,0.01,76498.57,1776433170000
1776433171.827,271.827,0.15,0.16,0.84,0.85,0.01,0.01,76498.57,1776433170000
1776433172.173,272.173,0.15,0.16,0.84,0.85,0.01,0.01,76498.57,1776433170000
1776433172.53,272.53,0.15,0.16,0.84,0.85,0.01,0.01,76499.2,1776433171000
1776433172.867,272.867,0.14,0.15,0.84,0.86,0.01,0.02,76499.2,1776433171000
1776433173.296,273.296,0.14,0.15,0.85,0.86,0.01,0.01,76499.34,1776433172000
1776433173.902,273.902,0.13,0.14,0.85,0.87,0.01,0.02,76499.34,1776433172000
1776433174.265,274.265,0.13,0.14,0.86,0.87,0.01,0.01,76495.56,1776433173000
1776433174.729,274.729,0.12,0.13,0.86,0.88,0.01,0.02,76495.56,1776433173000
1776433175.144,275.144,0.12,0.14,0.86,0.88,0.02,0.02,76498.55,1776433174000
1776433175.488,275.488,0.11,0.12,0.88,0.89,0.01,0.01,76498.55,1776433174000
1776433175.844,275.844,0.11,0.12,0.88,0.89,0.01,0.01,76498.55,1776433174000
1776433176.209,276.209,0.1,0.11,0.89,0.9,0.01,0.01,76498.55,1776433174000
1776433176.543,276.543,0.1,0.11,0.89,0.9,0.01,0.01,76498.96,1776433175000
1776433176.933,276.933,0.09,0.1,0.89,0.91,0.01,0.02,76498.96,1776433175000
1776433177.3,277.3,0.09,0.1,0.9,0.91,0.01,0.01,76498.94,1776433176000
1776433177.645,277.645,0.09,0.1,0.9,0.91,0.01,0.01,76498.94,1776433176000
1776433177.99,277.99,0.08,0.1,0.9,0.91,0.02,0.01,76498.94,1776433176000
1776433178.352,278.352,0.08,0.09,0.91,0.92,0.01,0.01,76489.5,1776433177000
1776433178.711,278.711,0.08,0.09,0.91,0.92,0.01,0.01,76489.5,1776433177000
1776433179.055,279.055,0.07,0.08,0.92,0.93,0.01,0.01,76489.5,1776433177000
1776433179.452,279.452,0.07,0.08,0.93,0.94,0.01,0.01,76482.45,1776433178000
1776433179.949,279.949,0.07,0.08,0.92,0.93,0.01,0.01,76482.45,1776433178000
1776433180.286,280.286,0.06,0.07,0.93,0.94,0.01,0.01,76482.45,1776433178000
1776433180.634,280.634,0.06,0.09,0.93,0.94,0.03,0.01,76481.07,1776433179000
1776433181.015,281.015,0.08,0.09,0.91,0.92,0.01,0.01,76481.7,1776433180000
1776433181.382,281.382,0.06,0.07,0.93,0.94,0.01,0.01,76481.7,1776433180000
1776433181.718,281.718,0.05,0.06,0.93,0.95,0.01,0.02,76481.7,1776433180000
1776433182.063,282.063,0.05,0.07,0.93,0.95,0.02,0.02,76484.81,1776433181000
1776433182.506,282.506,0.06,0.07,0.93,0.94,0.01,0.01,76484.81,1776433181000
1776433182.93,282.93,0.05,0.06,0.94,0.95,0.01,0.01,76484.81,1776433181000
1776433183.383,283.383,0.06,0.07,0.92,0.95,0.01,0.03,76485.22,1776433182000
1776433183.741,283.741,0.05,0.06,0.94,0.95,0.01,0.01,76485.22,1776433182000
1776433184.098,284.098,0.04,0.06,0.94,0.95,0.02,0.01,76485.22,1776433182000
1776433184.458,284.458,0.04,0.05,0.95,0.96,0.01,0.01,76485.2,1776433183000
1776433184.821,284.821,0.04,0.05,0.95,0.96,0.01,0.01,76485.2,1776433183000
1776433185.168,285.168,0.04,0.05,0.95,0.96,0.01,0.01,76485.2,1776433183000
1776433185.516,285.516,0.04,0.05,0.95,0.96,0.01,0.01,76485.09,1776433184000
1776433185.916,285.916,0.04,0.05,0.95,0.96,0.01,0.01,76485.09,1776433184000
1776433186.297,286.297,0.03,0.05,0.95,0.96,0.02,0.01,76485.09,1776433184000
1776433186.663,286.663,0.03,0.04,0.96,0.97,0.01,0.01,76482.4,1776433185000
1776433187.009,287.009,0.03,0.04,0.96,0.97,0.01,0.01,76482.4,1776433185000
1776433187.348,287.348,0.03,0.04,0.96,0.97,0.01,0.01,76482.4,1776433185000
1776433187.71,287.71,0.03,0.04,0.96,0.97,0.01,0.01,76483,1776433186000
1776433188.051,288.051,0.03,0.04,0.96,0.97,0.01,0.01,76483,1776433187000
1776433188.421,288.421,0.03,0.04,0.96,0.97,0.01,0.01,76483,1776433187000
1776433188.784,288.784,0.02,0.03,0.97,0.98,0.01,0.01,76483,1776433187000
1776433189.128,289.128,0.02,0.03,0.97,0.98,0.01,0.01,76486.57,1776433188000
1776433189.469,289.469,0.02,0.03,0.97,0.98,0.01,0.01,76486.57,1776433188000
1776433189.821,289.821,0.02,0.04,0.97,0.98,0.02,0.01,76486.57,1776433188000
1776433190.321,290.321,0.02,0.04,0.96,0.98,0.02,0.02,76482.98,1776433189000
1776433190.655,290.655,0.06,0.07,0.93,0.94,0.01,0.01,76482.98,1776433189000
1776433190.989,290.989,0.06,0.07,0.93,0.94,0.01,0.01,76487.49,1776433190000
1776433191.334,291.334,0.03,0.06,0.93,0.97,0.03,0.04,76487.49,1776433190000
1776433191.733,291.733,0.01,0.05,0.95,0.96,0.04,0.01,76487.49,1776433190000
1776433192.072,292.072,0.02,0.03,0.97,0.98,0.01,0.01,76493.17,1776433191000
1776433192.428,292.428,0.02,0.04,0.97,0.98,0.02,0.01,76493.17,1776433191000
1776433192.793,292.793,0.02,0.05,0.96,0.98,0.03,0.02,76493.17,1776433191000
1776433193.154,293.154,0.02,0.08,0.92,0.98,0.06,0.06,76499.24,1776433192000
1776433193.489,293.489,0.06,0.07,0.93,0.94,0.01,0.01,76499.24,1776433192000
1776433193.832,293.832,0.06,0.07,0.93,0.94,0.01,0.01,76499.24,1776433192000
1776433194.178,294.178,0.11,0.12,0.88,0.89,0.01,0.01,76499.24,1776433192000
1776433194.535,294.535,0.08,0.09,0.91,0.93,0.01,0.02,76506.9,1776433193000
1776433194.952,294.952,0.14,0.15,0.86,0.87,0.01,0.01,76506.9,1776433193000
1776433195.297,295.297,0.14,0.15,0.85,0.86,0.01,0.01,76506.9,1776433193000
1776433195.678,295.678,0.1,0.11,0.89,0.9,0.01,0.01,76525.64,1776433194000
1776433196.02,296.02,0.09,0.15,0.89,0.91,0.06,0.02,76525.64,1776433194000
1776433196.361,296.361,0.21,0.25,0.75,0.79,0.04,0.04,76526.93,1776433195000
1776433196.741,296.741,0.29,0.4,0.6,0.71,0.11,0.11,76526.93,1776433195000
1776433197.105,297.105,0.26,0.28,0.55,0.77,0.02,0.22,76526.93,1776433195000
1776433197.458,297.458,0.45,0.51,0.49,0.58,0.06,0.09,76526.93,1776433195000
1776433197.793,297.793,0.52,0.55,0.45,0.48,0.03,0.03,76535.14,1776433196000
1776433198.126,298.126,0.48,0.54,0.46,0.52,0.06,0.06,76571.71,1776433197000
1776433198.55,298.55,0.6,0.64,0.44,0.48,0.04,0.04,76571.71,1776433197000
1776433198.887,298.887,0.64,0.65,0.35,0.36,0.01,0.01,76571.71,1776433197000
1776433199.223,299.223,0.71,0.74,0.27,0.29,0.03,0.02,76571.71,1776433197000
1776433199.632,299.632,0.73,0.9,0.1,0.27,0.17,0.17,76575.63,1776433198000
1776433199.986,299.986,0.96,0.97,0.03,0.04,0.01,0.01,76575.63,1776433198000
1776433200.425,300.425,0.99,0.97,0.03,0.05,-0.02,0.02,76575.63,1776433198000
1776433200.764,300.764,0.99,0.97,0.03,0.01,-0.02,-0.02,76576.47,1776433199000
1776433201.354,301.354,0.99,0.97,0.03,0.01,-0.02,-0.02,76576.48,1776433200000
1776433202.793,302.793,0.99,0.97,0.03,0.01,-0.02,-0.02,76577.3,1776433201000

# RESULT,winner=Up,slug=btc-updown-5m-1776432900,ticks=715
