timestamp,elapsed_sec,up_bid,up_ask,down_bid,down_ask,up_spread,down_spread,btc_price,btc_oracle_ts
1776028200.795,0.795,0.5,0.51,0.49,0.5,0.01,0.01,71335.28,1776028199000
1776028201.194,1.194,0.5,0.51,0.49,0.5,0.01,0.01,71335.28,1776028199000
1776028201.629,1.629,0.5,0.51,0.5,0.51,0.01,0.01,71335.34,1776028200000
1776028202.001,2.001,0.5,0.51,0.49,0.5,0.01,0.01,71335.34,1776028200000
1776028202.341,2.341,0.51,0.52,0.48,0.5,0.01,0.02,71335.34,1776028201000
1776028202.682,2.682,0.5,0.51,0.49,0.51,0.01,0.02,71335.34,1776028201000
1776028203.13,3.13,0.5,0.51,0.49,0.51,0.01,0.02,71335.34,1776028201000
1776028203.578,3.578,0.51,0.52,0.48,0.49,0.01,0.01,71335.34,1776028202000
1776028203.988,3.988,0.51,0.52,0.48,0.49,0.01,0.01,71335.34,1776028202000
1776028204.347,4.347,0.5,0.52,0.48,0.5,0.02,0.02,71335.34,1776028202000
1776028204.712,4.712,0.51,0.53,0.47,0.5,0.02,0.03,71335.49,1776028203000
1776028205.058,5.058,0.51,0.52,0.48,0.49,0.01,0.01,71335.49,1776028204000
1776028205.397,5.397,0.51,0.52,0.48,0.49,0.01,0.01,71335.49,1776028204000
1776028205.732,5.732,0.51,0.53,0.47,0.49,0.02,0.02,71335.49,1776028204000
1776028206.345,6.345,0.51,0.52,0.47,0.49,0.01,0.02,71335.49,1776028204000
1776028206.714,6.714,0.52,0.53,0.47,0.49,0.01,0.02,71335.49,1776028204000
1776028207.087,7.087,0.51,0.53,0.47,0.48,0.02,0.01,71337.26,1776028205000
1776028207.452,7.452,0.52,0.53,0.47,0.48,0.01,0.01,71337.26,1776028205000
1776028207.93,7.93,0.52,0.53,0.47,0.48,0.01,0.01,71335.4,1776028206000
1776028209.05,9.05,0.52,0.53,0.47,0.48,0.01,0.01,71335.4,1776028207000
1776028209.443,9.443,0.52,0.53,0.47,0.48,0.01,0.01,71336.99,1776028208000
1776028210.156,10.156,0.52,0.53,0.47,0.48,0.01,0.01,71336.99,1776028208000
1776028210.85,10.85,0.52,0.53,0.47,0.48,0.01,0.01,71335.29,1776028209000
1776028211.211,11.211,0.47,0.48,0.52,0.53,0.01,0.01,71335.29,1776028209000
1776028211.562,11.562,0.47,0.48,0.52,0.53,0.01,0.01,71335.3,1776028210000
1776028211.911,11.911,0.46,0.48,0.52,0.54,0.02,0.02,71335.3,1776028210000
1776028212.246,12.246,0.47,0.48,0.52,0.53,0.01,0.01,71335.3,1776028211000
1776028212.614,12.614,0.47,0.48,0.52,0.53,0.01,0.01,71335.3,1776028211000
1776028212.99,12.99,0.45,0.46,0.51,0.56,0.01,0.05,71335.3,1776028211000
1776028213.42,13.42,0.46,0.48,0.53,0.54,0.02,0.01,71335.3,1776028212000
1776028213.759,13.759,0.47,0.48,0.51,0.53,0.01,0.02,71335.3,1776028212000
1776028214.122,14.122,0.49,0.5,0.5,0.51,0.01,0.01,71335.3,1776028212000
1776028214.671,14.671,0.49,0.5,0.49,0.52,0.01,0.03,71335.3,1776028212000
1776028215.097,15.097,0.49,0.5,0.5,0.51,0.01,0.01,71333.22,1776028213000
1776028215.479,15.479,0.49,0.5,0.5,0.51,0.01,0.01,71332.71,1776028214000
1776028215.843,15.843,0.49,0.5,0.5,0.51,0.01,0.01,71332.71,1776028214000
1776028216.202,16.202,0.5,0.51,0.49,0.5,0.01,0.01,71332.71,1776028214000
1776028216.535,16.535,0.5,0.52,0.48,0.5,0.02,0.02,71334.0,1776028215000
1776028216.878,16.878,0.51,0.52,0.48,0.5,0.01,0.02,71334.0,1776028215000
1776028217.279,17.279,0.51,0.52,0.48,0.49,0.01,0.01,71334.0,1776028215000
1776028217.615,17.615,0.52,0.53,0.47,0.48,0.01,0.01,71334.0,1776028216000
1776028217.991,17.991,0.53,0.54,0.46,0.47,0.01,0.01,71334.0,1776028216000
1776028218.327,18.327,0.46,0.54,0.46,0.47,0.08,0.01,71334.0,1776028216000
1776028218.684,18.684,0.52,0.53,0.46,0.47,0.01,0.01,71334.0,1776028216000
1776028219.03,19.03,0.54,0.55,0.45,0.48,0.01,0.03,71332.26,1776028217000
1776028219.372,19.372,0.55,0.56,0.44,0.45,0.01,0.01,71332.26,1776028217000
1776028219.719,19.719,0.56,0.57,0.43,0.44,0.01,0.01,71332.05,1776028218000
1776028220.061,20.061,0.57,0.58,0.42,0.43,0.01,0.01,71332.05,1776028218000
1776028220.415,20.415,0.58,0.59,0.41,0.42,0.01,0.01,71331.81,1776028219000
1776028220.859,20.859,0.59,0.6,0.4,0.41,0.01,0.01,71331.81,1776028219000
1776028221.2,21.2,0.59,0.6,0.4,0.41,0.01,0.01,71331.81,1776028219000
1776028221.55,21.55,0.6,0.62,0.39,0.4,0.02,0.01,71331.81,1776028219000
1776028221.96,21.96,0.6,0.61,0.39,0.4,0.01,0.01,71331.81,1776028220000
1776028222.3,22.3,0.6,0.61,0.39,0.4,0.01,0.01,71331.81,1776028220000
1776028222.692,22.692,0.6,0.61,0.39,0.4,0.01,0.01,71331.81,1776028220000
1776028223.033,23.033,0.59,0.61,0.39,0.41,0.02,0.02,71331.81,1776028221000
1776028223.377,23.377,0.58,0.59,0.4,0.41,0.01,0.01,71331.81,1776028221000
1776028223.735,23.735,0.57,0.58,0.42,0.44,0.01,0.02,71331.81,1776028221000
1776028224.115,24.115,0.56,0.6,0.4,0.44,0.04,0.04,71331.81,1776028222000
1776028224.478,24.478,0.59,0.6,0.4,0.42,0.01,0.02,71331.81,1776028222000
1776028224.825,24.825,0.59,0.6,0.4,0.41,0.01,0.01,71331.6,1776028223000
1776028225.22,25.22,0.49,0.6,0.4,0.41,0.11,0.01,71331.6,1776028223000
1776028225.565,25.565,0.58,0.59,0.4,0.41,0.01,0.01,71331.6,1776028223000
1776028225.948,25.948,0.57,0.59,0.41,0.42,0.02,0.01,71331.6,1776028224000
1776028226.322,26.322,0.57,0.58,0.42,0.43,0.01,0.01,71331.6,1776028224000
1776028226.682,26.682,0.54,0.58,0.42,0.46,0.04,0.04,71331.6,1776028225000
1776028227.271,27.271,0.51,0.55,0.45,0.46,0.04,0.01,71331.6,1776028225000
1776028227.731,27.731,0.52,0.53,0.47,0.48,0.01,0.01,71331.6,1776028226000
1776028228.102,28.102,0.53,0.54,0.45,0.48,0.01,0.03,71331.61,1776028227000
1776028228.458,28.458,0.53,0.55,0.46,0.47,0.02,0.01,71331.61,1776028227000
1776028228.952,28.952,0.54,0.55,0.46,0.47,0.01,0.01,71331.61,1776028227000
1776028229.375,29.375,0.54,0.55,0.45,0.46,0.01,0.01,71331.68,1776028228000
1776028229.882,29.882,0.54,0.55,0.45,0.46,0.01,0.01,71331.68,1776028228000
1776028230.303,30.303,0.53,0.54,0.45,0.47,0.01,0.02,71331.68,1776028228000
1776028230.662,30.662,0.52,0.55,0.45,0.48,0.03,0.03,71331.8,1776028229000
1776028230.996,30.996,0.54,0.55,0.45,0.46,0.01,0.01,71331.8,1776028229000
1776028231.332,31.332,0.54,0.55,0.45,0.46,0.01,0.01,71331.76,1776028230000
1776028231.82,31.82,0.55,0.56,0.43,0.45,0.01,0.02,71331.76,1776028230000
1776028232.181,32.181,0.55,0.56,0.44,0.45,0.01,0.01,71331.76,1776028230000
1776028232.643,32.643,0.56,0.57,0.43,0.44,0.01,0.01,71331.76,1776028231000
1776028233.194,33.194,0.48,0.55,0.45,0.47,0.07,0.02,71332.0,1776028232000
1776028233.554,33.554,0.5,0.51,0.49,0.5,0.01,0.01,71332.0,1776028232000
1776028233.992,33.992,0.49,0.5,0.49,0.51,0.01,0.02,71332.0,1776028232000
1776028234.362,34.362,0.49,0.5,0.5,0.51,0.01,0.01,71332.01,1776028233000
1776028234.835,34.835,0.49,0.5,0.5,0.51,0.01,0.01,71332.01,1776028233000
1776028235.199,35.199,0.49,0.51,0.5,0.51,0.02,0.01,71332.01,1776028233000
1776028235.675,35.675,0.48,0.51,0.49,0.51,0.03,0.02,71333.14,1776028234000
1776028236.206,36.206,0.49,0.5,0.5,0.51,0.01,0.01,71333.14,1776028234000
1776028236.561,36.561,0.49,0.5,0.5,0.51,0.01,0.01,71333.26,1776028235000
1776028237.185,37.185,0.49,0.5,0.5,0.51,0.01,0.01,71333.26,1776028236000
1776028237.547,37.547,0.49,0.5,0.5,0.51,0.01,0.01,71333.26,1776028236000
1776028238.393,38.393,0.5,0.51,0.48,0.49,0.01,0.01,71333.26,1776028236000
1776028239.07,39.07,0.5,0.51,0.49,0.5,0.01,0.01,71333.26,1776028236000
1776028239.528,39.528,0.51,0.52,0.48,0.49,0.01,0.01,71333.16,1776028238000
1776028239.918,39.918,0.51,0.52,0.48,0.49,0.01,0.01,71333.16,1776028239000
1776028240.271,40.271,0.54,0.55,0.45,0.46,0.01,0.01,71333.16,1776028239000
1776028240.732,40.732,0.52,0.53,0.45,0.57,0.01,0.12,71333.16,1776028239000
1776028241.633,41.633,0.51,0.52,0.48,0.49,0.01,0.01,71333.16,1776028240000
1776028242.076,42.076,0.51,0.52,0.48,0.49,0.01,0.01,71332.94,1776028241000
1776028242.697,42.697,0.51,0.52,0.45,0.49,0.01,0.04,71332.94,1776028241000
1776028243.193,43.193,0.52,0.53,0.47,0.48,0.01,0.01,71332.82,1776028242000
1776028243.673,43.673,0.55,0.56,0.43,0.48,0.01,0.05,71332.82,1776028242000
1776028244.848,44.848,0.48,0.56,0.44,0.45,0.08,0.01,71332.5,1776028243000
1776028245.461,45.461,0.55,0.56,0.44,0.45,0.01,0.01,71332.51,1776028244000
1776028245.863,45.863,0.54,0.56,0.44,0.46,0.02,0.02,71332.51,1776028245000
1776028246.9,46.9,0.55,0.56,0.44,0.45,0.01,0.01,71332.6,1776028246000
1776028247.419,47.419,0.55,0.56,0.44,0.45,0.01,0.01,71332.6,1776028246000
1776028247.803,47.803,0.54,0.56,0.44,0.45,0.02,0.01,71332.6,1776028246000
1776028248.16,48.16,0.54,0.55,0.45,0.46,0.01,0.01,71332.6,1776028247000
1776028248.712,48.712,0.52,0.54,0.45,0.47,0.02,0.02,71332.6,1776028247000
1776028249.085,49.085,0.47,0.48,0.51,0.56,0.01,0.05,71332.6,1776028248000
1776028249.46,49.46,0.45,0.46,0.53,0.55,0.01,0.02,71332.6,1776028248000
1776028249.825,49.825,0.47,0.48,0.5,0.55,0.01,0.05,71332.6,1776028248000
1776028250.201,50.201,0.47,0.48,0.51,0.53,0.01,0.02,71332.6,1776028249000
1776028250.561,50.561,0.47,0.48,0.52,0.53,0.01,0.01,71332.6,1776028249000
1776028250.921,50.921,0.47,0.48,0.52,0.53,0.01,0.01,71332.6,1776028249000
1776028251.259,51.259,0.49,0.5,0.51,0.52,0.01,0.01,71330.88,1776028250000
1776028251.731,51.731,0.49,0.5,0.5,0.51,0.01,0.01,71330.88,1776028250000
1776028252.086,52.086,0.49,0.5,0.5,0.51,0.01,0.01,71325.88,1776028251000
1776028252.484,52.484,0.43,0.49,0.51,0.52,0.06,0.01,71325.88,1776028251000
1776028252.879,52.879,0.46,0.48,0.54,0.55,0.02,0.01,71325.88,1776028251000
1776028253.235,53.235,0.47,0.5,0.51,0.52,0.03,0.01,71325.88,1776028251000
1776028253.57,53.57,0.49,0.51,0.5,0.51,0.02,0.01,71327.43,1776028252000
1776028254.091,54.091,0.49,0.5,0.5,0.51,0.01,0.01,71327.43,1776028252000
1776028254.476,54.476,0.49,0.5,0.5,0.51,0.01,0.01,71327.43,1776028252000
1776028254.901,54.901,0.52,0.53,0.47,0.58,0.01,0.11,71327.43,1776028252000
1776028255.239,55.239,0.52,0.53,0.47,0.48,0.01,0.01,71325.5,1776028253000
1776028255.623,55.623,0.51,0.52,0.48,0.49,0.01,0.01,71325.5,1776028254000
1776028255.996,55.996,0.51,0.52,0.48,0.49,0.01,0.01,71325.5,1776028254000
1776028256.331,56.331,0.51,0.52,0.48,0.49,0.01,0.01,71325.71,1776028255000
1776028256.667,56.667,0.51,0.52,0.48,0.49,0.01,0.01,71325.71,1776028255000
1776028257.003,57.003,0.51,0.52,0.48,0.49,0.01,0.01,71325.71,1776028255000
1776028257.411,57.411,0.51,0.52,0.48,0.49,0.01,0.01,71325.71,1776028256000
1776028258.026,58.026,0.52,0.55,0.47,0.48,0.03,0.01,71325.71,1776028256000
1776028258.471,58.471,0.53,0.55,0.45,0.46,0.02,0.01,71325.71,1776028257000
1776028258.843,58.843,0.53,0.54,0.46,0.47,0.01,0.01,71325.71,1776028257000
1776028259.248,59.248,0.53,0.54,0.46,0.47,0.01,0.01,71325.97,1776028258000
1776028259.588,59.588,0.53,0.54,0.46,0.47,0.01,0.01,71325.97,1776028258000
1776028260.244,60.244,0.54,0.55,0.45,0.47,0.01,0.02,71325.97,1776028258000
1776028260.596,60.596,0.57,0.58,0.42,0.43,0.01,0.01,71327,1776028259000
1776028260.953,60.953,0.57,0.58,0.42,0.43,0.01,0.01,71327,1776028259000
1776028261.306,61.306,0.45,0.58,0.42,0.43,0.13,0.01,71327.92,1776028260000
1776028261.682,61.682,0.54,0.55,0.43,0.46,0.01,0.03,71327.92,1776028260000
1776028262.023,62.023,0.54,0.55,0.45,0.46,0.01,0.01,71327.92,1776028260000
1776028262.417,62.417,0.54,0.55,0.45,0.46,0.01,0.01,71327.92,1776028260000
1776028262.948,62.948,0.54,0.55,0.45,0.46,0.01,0.01,71329.53,1776028262000
1776028263.291,63.291,0.54,0.55,0.45,0.46,0.01,0.01,71329.53,1776028262000
1776028263.721,63.721,0.53,0.54,0.46,0.47,0.01,0.01,71329.53,1776028262000
1776028264.074,64.074,0.55,0.56,0.44,0.46,0.01,0.02,71329.75,1776028263000
1776028264.445,64.445,0.57,0.58,0.42,0.43,0.01,0.01,71329.75,1776028263000
1776028264.803,64.803,0.48,0.58,0.42,0.43,0.1,0.01,71329.75,1776028263000
1776028265.137,65.137,0.48,0.58,0.42,0.52,0.1,0.1,71329.97,1776028264000
1776028265.473,65.473,0.55,0.56,0.43,0.47,0.01,0.04,71329.97,1776028264000
1776028265.9,65.9,0.51,0.52,0.46,0.47,0.01,0.01,71329.97,1776028264000
1776028266.238,66.238,0.51,0.52,0.48,0.49,0.01,0.01,71329.73,1776028265000
1776028266.586,66.586,0.5,0.51,0.49,0.5,0.01,0.01,71329.73,1776028265000
1776028267.146,67.146,0.49,0.5,0.5,0.51,0.01,0.01,71329.73,1776028265000
1776028267.481,67.481,0.49,0.52,0.49,0.51,0.03,0.02,71326.78,1776028266000
1776028267.836,67.836,0.5,0.52,0.48,0.5,0.02,0.02,71326.78,1776028266000
1776028269.127,69.127,0.51,0.52,0.48,0.49,0.01,0.01,71326.78,1776028267000
1776028269.581,69.581,0.51,0.52,0.48,0.49,0.01,0.01,71326.78,1776028267000
1776028270.081,70.081,0.52,0.53,0.47,0.48,0.01,0.01,71325.47,1776028268000
1776028270.564,70.564,0.52,0.54,0.47,0.48,0.02,0.01,71325.46,1776028269000
1776028271.148,71.148,0.52,0.53,0.46,0.48,0.01,0.02,71325.46,1776028269000
1776028271.505,71.505,0.52,0.53,0.47,0.48,0.01,0.01,71325.89,1776028270000
1776028271.856,71.856,0.53,0.54,0.46,0.47,0.01,0.01,71325.89,1776028270000
1776028272.309,72.309,0.49,0.54,0.46,0.47,0.05,0.01,71325.89,1776028271000
1776028272.663,72.663,0.52,0.53,0.47,0.48,0.01,0.01,71325.89,1776028271000
1776028273.319,73.319,0.52,0.53,0.47,0.5,0.01,0.03,71325.89,1776028271000
1776028273.667,73.667,0.51,0.52,0.48,0.5,0.01,0.02,71325.77,1776028272000
1776028274.064,74.064,0.5,0.52,0.49,0.5,0.02,0.01,71325.77,1776028273000
1776028274.426,74.426,0.51,0.52,0.48,0.49,0.01,0.01,71325.77,1776028273000
1776028274.832,74.832,0.5,0.51,0.49,0.5,0.01,0.01,71325.77,1776028273000
1776028275.178,75.178,0.51,0.52,0.48,0.49,0.01,0.01,71325.77,1776028273000
1776028275.581,75.581,0.51,0.53,0.48,0.49,0.02,0.01,71325.75,1776028274000
1776028275.944,75.944,0.45,0.53,0.47,0.55,0.08,0.08,71325.8,1776028275000
1776028276.347,76.347,0.49,0.5,0.45,0.52,0.01,0.07,71325.8,1776028275000
1776028276.747,76.747,0.5,0.51,0.49,0.51,0.01,0.02,71325.8,1776028275000
1776028277.093,77.093,0.52,0.53,0.47,0.48,0.01,0.01,71325.8,1776028275000
1776028277.458,77.458,0.52,0.53,0.47,0.48,0.01,0.01,71325.8,1776028276000
1776028277.857,77.857,0.52,0.53,0.47,0.48,0.01,0.01,71325.8,1776028276000
1776028278.276,78.276,0.52,0.53,0.47,0.48,0.01,0.01,71325.8,1776028276000
1776028278.729,78.729,0.52,0.55,0.45,0.48,0.03,0.03,71325.82,1776028277000
1776028279.147,79.147,0.45,0.56,0.44,0.45,0.11,0.01,71325.82,1776028277000
1776028280.034,80.034,0.52,0.54,0.46,0.47,0.02,0.01,71325.82,1776028278000
1776028280.49,80.49,0.52,0.54,0.46,0.48,0.02,0.02,71325.58,1776028279000
1776028280.966,80.966,0.51,0.52,0.48,0.49,0.01,0.01,71325.58,1776028280000
1776028281.537,81.537,0.5,0.54,0.5,0.51,0.04,0.01,71325.58,1776028280000
1776028282.053,82.053,0.53,0.54,0.46,0.48,0.01,0.02,71325.58,1776028280000
1776028282.413,82.413,0.5,0.51,0.46,0.47,0.01,0.01,71325.58,1776028280000
1776028282.757,82.757,0.45,0.46,0.54,0.55,0.01,0.01,71325.58,1776028280000
1776028283.108,83.108,0.45,0.46,0.54,0.55,0.01,0.01,71325.06,1776028281000
1776028283.59,83.59,0.45,0.46,0.54,0.55,0.01,0.01,71325.06,1776028282000
1776028283.926,83.926,0.45,0.46,0.54,0.55,0.01,0.01,71325.06,1776028282000
1776028284.312,84.312,0.45,0.46,0.54,0.55,0.01,0.01,71325.06,1776028283000
1776028285.252,85.252,0.45,0.46,0.54,0.55,0.01,0.01,71323.85,1776028284000
1776028285.598,85.598,0.4,0.42,0.57,0.6,0.02,0.03,71323.85,1776028284000
1776028285.932,85.932,0.4,0.41,0.59,0.6,0.01,0.01,71323.85,1776028284000
1776028286.265,86.265,0.38,0.39,0.61,0.62,0.01,0.01,71323.85,1776028284000
1776028286.598,86.598,0.37,0.38,0.62,0.63,0.01,0.01,71322.46,1776028285000
1776028286.939,86.939,0.37,0.38,0.62,0.63,0.01,0.01,71322.46,1776028285000
1776028287.281,87.281,0.35,0.37,0.63,0.65,0.02,0.02,71320.17,1776028286000
1776028287.616,87.616,0.34,0.35,0.65,0.69,0.01,0.04,71320.17,1776028286000
1776028287.95,87.95,0.34,0.36,0.64,0.66,0.02,0.02,71320.17,1776028286000
1776028288.299,88.299,0.35,0.37,0.63,0.65,0.02,0.02,71313.19,1776028287000
1776028288.64,88.64,0.3,0.35,0.65,0.7,0.05,0.05,71313.19,1776028287000
1776028288.973,88.973,0.25,0.29,0.7,0.75,0.04,0.05,71313.19,1776028287000
1776028289.314,89.314,0.25,0.29,0.71,0.75,0.04,0.04,71310.27,1776028288000
1776028289.658,89.658,0.25,0.26,0.74,0.75,0.01,0.01,71310.27,1776028288000
1776028289.991,89.991,0.25,0.29,0.73,0.75,0.04,0.02,71310.27,1776028288000
1776028290.324,90.324,0.25,0.26,0.74,0.75,0.01,0.01,71306.77,1776028289000
1776028290.661,90.661,0.28,0.29,0.71,0.72,0.01,0.01,71306.77,1776028289000
1776028291.001,91.001,0.26,0.27,0.73,0.74,0.01,0.01,71306.77,1776028289000
1776028291.344,91.344,0.27,0.28,0.72,0.73,0.01,0.01,71306.77,1776028289000
1776028291.686,91.686,0.29,0.3,0.7,0.71,0.01,0.01,71294.44,1776028290000
1776028292.021,92.021,0.21,0.26,0.74,0.79,0.05,0.05,71294.44,1776028290000
1776028292.358,92.358,0.2,0.21,0.79,0.81,0.01,0.02,71294.44,1776028290000
1776028292.697,92.697,0.18,0.2,0.8,0.82,0.02,0.02,71289.41,1776028291000
1776028293.035,93.035,0.17,0.18,0.82,0.83,0.01,0.01,71289.41,1776028291000
1776028293.371,93.371,0.17,0.18,0.82,0.83,0.01,0.01,71289.41,1776028291000
1776028293.716,93.716,0.17,0.18,0.82,0.83,0.01,0.01,71289.41,1776028291000
1776028294.051,94.051,0.2,0.21,0.78,0.81,0.01,0.03,71289.41,1776028291000
1776028294.394,94.394,0.19,0.2,0.8,0.81,0.01,0.01,71285.68,1776028292000
1776028294.728,94.728,0.2,0.25,0.75,0.8,0.05,0.05,71285.68,1776028292000
1776028295.064,95.064,0.22,0.25,0.75,0.78,0.03,0.03,71282.58,1776028293000
1776028295.407,95.407,0.26,0.28,0.72,0.74,0.02,0.02,71282.58,1776028293000
1776028295.745,95.745,0.26,0.3,0.7,0.74,0.04,0.04,71282.58,1776028293000
1776028296.084,96.084,0.26,0.27,0.73,0.74,0.01,0.01,71275.71,1776028294000
1776028296.432,96.432,0.23,0.24,0.75,0.76,0.01,0.01,71275.71,1776028294000
1776028296.767,96.767,0.21,0.23,0.78,0.79,0.02,0.01,71275.71,1776028294000
1776028297.105,97.105,0.26,0.28,0.73,0.75,0.02,0.02,71275.71,1776028294000
1776028297.447,97.447,0.25,0.26,0.71,0.75,0.01,0.04,71269.85,1776028295000
1776028297.783,97.783,0.24,0.27,0.73,0.74,0.03,0.01,71269.85,1776028295000
1776028298.171,98.171,0.24,0.25,0.74,0.8,0.01,0.06,71269.85,1776028295000
1776028298.507,98.507,0.22,0.24,0.76,0.78,0.02,0.02,71269.85,1776028295000
1776028298.843,98.843,0.22,0.24,0.76,0.78,0.02,0.02,71269.85,1776028295000
1776028299.214,99.214,0.21,0.23,0.77,0.78,0.02,0.01,71269.85,1776028295000
1776028299.55,99.55,0.18,0.22,0.78,0.82,0.04,0.04,71268.39,1776028296000
1776028299.884,99.884,0.21,0.23,0.77,0.79,0.02,0.02,71268.39,1776028296000
1776028300.229,100.229,0.22,0.23,0.77,0.78,0.01,0.01,71268.24,1776028297000
1776028300.574,100.574,0.22,0.23,0.77,0.78,0.01,0.01,71268.24,1776028297000
1776028300.919,100.919,0.22,0.23,0.77,0.78,0.01,0.01,71268.24,1776028297000
1776028301.274,101.274,0.21,0.22,0.78,0.79,0.01,0.01,71266.31,1776028298000
1776028301.611,101.611,0.2,0.21,0.79,0.8,0.01,0.01,71266.2,1776028299000
1776028301.951,101.951,0.2,0.21,0.79,0.8,0.01,0.01,71266.2,1776028299000
1776028302.292,102.292,0.21,0.23,0.78,0.8,0.02,0.02,71266.2,1776028299000
1776028302.752,102.752,0.17,0.19,0.8,0.87,0.02,0.07,71266.2,1776028299000
1776028303.091,103.091,0.16,0.17,0.83,0.84,0.01,0.01,71266.2,1776028299000
1776028303.424,103.424,0.15,0.16,0.84,0.85,0.01,0.01,71265.95,1776028300000
1776028303.763,103.763,0.17,0.18,0.82,0.83,0.01,0.01,71265.95,1776028300000
1776028304.136,104.136,0.17,0.2,0.81,0.84,0.03,0.03,71265.95,1776028300000
1776028304.489,104.489,0.14,0.18,0.82,0.83,0.04,0.01,71263.4,1776028301000
1776028304.826,104.826,0.15,0.17,0.83,0.85,0.02,0.02,71263.4,1776028301000
1776028305.263,105.263,0.18,0.19,0.81,0.83,0.01,0.02,71262.18,1776028302000
1776028305.683,105.683,0.17,0.18,0.82,0.83,0.01,0.01,71262.18,1776028302000
1776028306.019,106.019,0.16,0.17,0.83,0.84,0.01,0.01,71262.18,1776028302000
1776028306.405,106.405,0.15,0.16,0.83,0.85,0.01,0.02,71260.01,1776028303000
1776028306.759,106.759,0.15,0.16,0.84,0.85,0.01,0.01,71260.01,1776028303000
1776028307.136,107.136,0.15,0.17,0.84,0.85,0.02,0.01,71258.98,1776028304000
1776028307.64,107.64,0.15,0.16,0.84,0.85,0.01,0.01,71258.98,1776028304000
1776028307.992,107.992,0.16,0.17,0.82,0.84,0.01,0.02,71258.98,1776028304000
1776028308.338,108.338,0.16,0.18,0.82,0.84,0.02,0.02,71256.12,1776028305000
1776028308.764,108.764,0.17,0.18,0.82,0.83,0.01,0.01,71256.12,1776028305000
1776028309.201,109.201,0.17,0.18,0.82,0.83,0.01,0.01,71256.12,1776028306000
1776028309.549,109.549,0.17,0.18,0.82,0.83,0.01,0.01,71256.12,1776028306000
1776028309.905,109.905,0.16,0.17,0.83,0.84,0.01,0.01,71255.18,1776028307000
1776028310.276,110.276,0.17,0.18,0.82,0.84,0.01,0.02,71255.18,1776028307000
1776028310.651,110.651,0.15,0.16,0.83,0.84,0.01,0.01,71255.18,1776028307000
1776028310.988,110.988,0.16,0.17,0.83,0.84,0.01,0.01,71255.18,1776028307000
1776028311.416,111.416,0.16,0.17,0.83,0.85,0.01,0.02,71254.94,1776028308000
1776028311.771,111.771,0.16,0.17,0.83,0.84,0.01,0.01,71254.94,1776028309000
1776028312.191,112.191,0.16,0.17,0.83,0.84,0.01,0.01,71254.94,1776028309000
1776028312.54,112.54,0.16,0.18,0.83,0.84,0.02,0.01,71254.94,1776028309000
1776028312.88,112.88,0.17,0.18,0.82,0.83,0.01,0.01,71254.94,1776028309000
1776028313.214,113.214,0.17,0.18,0.82,0.83,0.01,0.01,71254.92,1776028310000
1776028313.554,113.554,0.17,0.2,0.81,0.83,0.03,0.02,71254.92,1776028310000
1776028313.887,113.887,0.21,0.24,0.76,0.79,0.03,0.03,71254.92,1776028310000
1776028314.231,114.231,0.26,0.27,0.73,0.74,0.01,0.01,71254.66,1776028311000
1776028314.584,114.584,0.26,0.27,0.73,0.74,0.01,0.01,71257.0,1776028312000
1776028314.92,114.92,0.26,0.27,0.73,0.74,0.01,0.01,71257.0,1776028312000
1776028315.262,115.262,0.26,0.27,0.73,0.74,0.01,0.01,71257.0,1776028312000
1776028315.595,115.595,0.21,0.23,0.77,0.79,0.02,0.02,71257.0,1776028312000
1776028316.291,116.291,0.2,0.21,0.78,0.79,0.01,0.01,71261.3,1776028314000
1776028316.648,116.648,0.2,0.21,0.79,0.8,0.01,0.01,71267.11,1776028315000
1776028317.091,117.091,0.2,0.21,0.79,0.8,0.01,0.01,71267.11,1776028315000
1776028317.427,117.427,0.21,0.22,0.78,0.79,0.01,0.01,71267.11,1776028315000
1776028318.118,118.118,0.2,0.21,0.78,0.79,0.01,0.01,71268.34,1776028316000
1776028318.459,118.459,0.18,0.19,0.81,0.82,0.01,0.01,71268.34,1776028316000
1776028318.806,118.806,0.16,0.17,0.82,0.84,0.01,0.02,71268.34,1776028316000
1776028319.375,119.375,0.16,0.17,0.83,0.84,0.01,0.01,71267.98,1776028317000
1776028319.955,119.955,0.17,0.19,0.82,0.83,0.02,0.01,71267.72,1776028318000
1776028320.357,120.357,0.17,0.18,0.81,0.83,0.01,0.02,71264.93,1776028319000
1776028320.692,120.692,0.15,0.19,0.81,0.83,0.04,0.02,71264.93,1776028319000
1776028321.109,121.109,0.16,0.17,0.82,0.84,0.01,0.02,71264.93,1776028319000
1776028321.469,121.469,0.16,0.2,0.83,0.84,0.04,0.01,71255.7,1776028320000
1776028321.849,121.849,0.17,0.18,0.82,0.83,0.01,0.01,71255.7,1776028320000
1776028322.185,122.185,0.17,0.18,0.82,0.83,0.01,0.01,71255.7,1776028320000
1776028322.544,122.544,0.16,0.17,0.83,0.84,0.01,0.01,71255.7,1776028320000
1776028322.893,122.893,0.16,0.18,0.82,0.83,0.02,0.01,71255.7,1776028321000
1776028323.306,123.306,0.16,0.18,0.82,0.84,0.02,0.02,71255.7,1776028321000
1776028323.656,123.656,0.16,0.17,0.83,0.84,0.01,0.01,71255.2,1776028322000
1776028323.997,123.997,0.16,0.17,0.83,0.84,0.01,0.01,71255.2,1776028322000
1776028324.462,124.462,0.16,0.17,0.83,0.84,0.01,0.01,71255.2,1776028322000
1776028324.804,124.804,0.15,0.17,0.83,0.84,0.02,0.01,71255.23,1776028323000
1776028325.141,125.141,0.15,0.16,0.84,0.85,0.01,0.01,71255.23,1776028323000
1776028325.481,125.481,0.15,0.16,0.84,0.85,0.01,0.01,71255.23,1776028324000
1776028325.883,125.883,0.15,0.16,0.84,0.85,0.01,0.01,71255.23,1776028324000
1776028326.228,126.228,0.15,0.16,0.84,0.85,0.01,0.01,71255.36,1776028325000
1776028326.612,126.612,0.15,0.16,0.84,0.85,0.01,0.01,71255.36,1776028325000
1776028327.104,127.104,0.16,0.17,0.82,0.85,0.01,0.03,71255.36,1776028325000
1776028327.447,127.447,0.16,0.17,0.83,0.85,0.01,0.02,71255.36,1776028326000
1776028328.004,128.004,0.16,0.17,0.82,0.84,0.01,0.02,71255.36,1776028326000
1776028328.428,128.428,0.15,0.16,0.82,0.83,0.01,0.01,71255.23,1776028327000
1776028328.812,128.812,0.15,0.16,0.84,0.85,0.01,0.01,71255.23,1776028327000
1776028329.184,129.184,0.15,0.16,0.84,0.85,0.01,0.01,71255.23,1776028327000
1776028329.534,129.534,0.15,0.16,0.84,0.85,0.01,0.01,71255.68,1776028328000
1776028329.871,129.871,0.15,0.16,0.84,0.85,0.01,0.01,71255.68,1776028328000
1776028330.236,130.236,0.16,0.18,0.83,0.84,0.02,0.01,71255.68,1776028328000
1776028330.572,130.572,0.17,0.18,0.82,0.83,0.01,0.01,71255.59,1776028329000
1776028330.968,130.968,0.17,0.18,0.82,0.83,0.01,0.01,71255.59,1776028329000
1776028331.303,131.303,0.17,0.18,0.82,0.83,0.01,0.01,71255.59,1776028329000
1776028331.708,131.708,0.17,0.18,0.82,0.83,0.01,0.01,71255.59,1776028330000
1776028332.198,132.198,0.17,0.18,0.82,0.84,0.01,0.02,71255.59,1776028331000
1776028332.549,132.549,0.16,0.17,0.82,0.83,0.01,0.01,71255.59,1776028331000
1776028332.886,132.886,0.16,0.17,0.83,0.84,0.01,0.01,71255.59,1776028331000
1776028333.328,133.328,0.16,0.17,0.83,0.84,0.01,0.01,71256.8,1776028332000
1776028333.796,133.796,0.17,0.18,0.82,0.84,0.01,0.02,71256.8,1776028332000
1776028334.137,134.137,0.16,0.17,0.83,0.84,0.01,0.01,71256.8,1776028332000
1776028334.471,134.471,0.17,0.18,0.82,0.83,0.01,0.01,71257.25,1776028333000
1776028334.804,134.804,0.17,0.18,0.82,0.83,0.01,0.01,71257.25,1776028333000
1776028335.185,135.185,0.17,0.18,0.82,0.83,0.01,0.01,71258.43,1776028334000
1776028335.671,135.671,0.18,0.19,0.81,0.82,0.01,0.01,71258.43,1776028334000
1776028336.02,136.02,0.18,0.19,0.81,0.82,0.01,0.01,71258.43,1776028334000
1776028336.447,136.447,0.18,0.19,0.81,0.82,0.01,0.01,71258.71,1776028335000
1776028337.032,137.032,0.18,0.19,0.81,0.82,0.01,0.01,71258.71,1776028335000
1776028337.405,137.405,0.21,0.22,0.78,0.79,0.01,0.01,71258.96,1776028336000
1776028337.743,137.743,0.21,0.22,0.78,0.79,0.01,0.01,71258.96,1776028336000
1776028338.159,138.159,0.18,0.22,0.78,0.79,0.04,0.01,71258.96,1776028336000
1776028338.496,138.496,0.18,0.2,0.81,0.82,0.02,0.01,71258.96,1776028337000
1776028338.862,138.862,0.18,0.2,0.81,0.82,0.02,0.01,71258.96,1776028337000
1776028339.32,139.32,0.19,0.2,0.8,0.81,0.01,0.01,71260.79,1776028338000
1776028339.718,139.718,0.19,0.2,0.8,0.81,0.01,0.01,71260.79,1776028338000
1776028340.081,140.081,0.19,0.2,0.8,0.81,0.01,0.01,71260.79,1776028338000
1776028340.444,140.444,0.18,0.19,0.81,0.82,0.01,0.01,71262.42,1776028339000
1776028340.837,140.837,0.18,0.19,0.81,0.82,0.01,0.01,71262.42,1776028339000
1776028341.495,141.495,0.18,0.19,0.81,0.82,0.01,0.01,71264,1776028340000
1776028341.903,141.903,0.17,0.19,0.81,0.82,0.02,0.01,71264,1776028340000
1776028342.24,142.24,0.17,0.18,0.82,0.83,0.01,0.01,71264,1776028340000
1776028342.613,142.613,0.17,0.18,0.82,0.83,0.01,0.01,71263.83,1776028341000
1776028343.336,143.336,0.17,0.18,0.82,0.83,0.01,0.01,71263.82,1776028342000
1776028343.826,143.826,0.17,0.18,0.82,0.83,0.01,0.01,71263.82,1776028342000
1776028344.323,144.323,0.17,0.23,0.82,0.83,0.06,0.01,71263.82,1776028342000
1776028344.726,144.726,0.19,0.22,0.8,0.81,0.03,0.01,71263.82,1776028342000
1776028345.28,145.28,0.21,0.22,0.78,0.79,0.01,0.01,71263.81,1776028344000
1776028345.623,145.623,0.21,0.22,0.78,0.79,0.01,0.01,71263.81,1776028344000
1776028345.959,145.959,0.21,0.22,0.78,0.79,0.01,0.01,71263.81,1776028344000
1776028346.333,146.333,0.21,0.22,0.78,0.79,0.01,0.01,71263.81,1776028344000
1776028347.346,147.346,0.21,0.22,0.78,0.79,0.01,0.01,71263.84,1776028345000
1776028347.835,147.835,0.21,0.22,0.78,0.79,0.01,0.01,71264.05,1776028346000
1776028348.214,148.214,0.2,0.22,0.78,0.8,0.02,0.02,71264.13,1776028347000
1776028348.586,148.586,0.2,0.21,0.78,0.8,0.01,0.02,71264.13,1776028347000
1776028348.958,148.958,0.2,0.22,0.78,0.8,0.02,0.02,71264.89,1776028348000
1776028349.445,149.445,0.19,0.2,0.79,0.84,0.01,0.05,71264.89,1776028348000
1776028349.785,149.785,0.19,0.2,0.8,0.81,0.01,0.01,71264.89,1776028348000
1776028350.197,150.197,0.19,0.2,0.8,0.81,0.01,0.01,71265.19,1776028349000
1776028350.541,150.541,0.18,0.2,0.8,0.81,0.02,0.01,71265.19,1776028349000
1776028350.904,150.904,0.18,0.2,0.81,0.82,0.02,0.01,71265.19,1776028349000
1776028351.32,151.32,0.18,0.19,0.8,0.82,0.01,0.02,71265.08,1776028350000
1776028351.659,151.659,0.19,0.2,0.8,0.82,0.01,0.02,71265.08,1776028350000
1776028352.041,152.041,0.18,0.19,0.81,0.82,0.01,0.01,71265.08,1776028350000
1776028352.514,152.514,0.18,0.19,0.81,0.82,0.01,0.01,71265.06,1776028351000
1776028352.921,152.921,0.19,0.2,0.81,0.82,0.01,0.01,71265.06,1776028351000
1776028353.412,153.412,0.19,0.2,0.8,0.81,0.01,0.01,71264.75,1776028352000
1776028353.754,153.754,0.19,0.2,0.8,0.81,0.01,0.01,71264.75,1776028352000
1776028354.127,154.127,0.19,0.2,0.8,0.81,0.01,0.01,71264.75,1776028353000
1776028354.675,154.675,0.11,0.2,0.8,0.81,0.09,0.01,71264.75,1776028353000
1776028355.05,155.05,0.16,0.17,0.83,0.84,0.01,0.01,71264.75,1776028353000
1776028355.834,155.834,0.16,0.17,0.83,0.84,0.01,0.01,71264.72,1776028354000
1776028356.265,156.265,0.16,0.17,0.83,0.84,0.01,0.01,71264.72,1776028355000
1776028356.603,156.603,0.16,0.17,0.83,0.84,0.01,0.01,71264.72,1776028355000
1776028356.944,156.944,0.16,0.17,0.83,0.84,0.01,0.01,71264.72,1776028355000
1776028357.43,157.43,0.16,0.18,0.82,0.84,0.02,0.02,71264.79,1776028356000
1776028357.8,157.8,0.17,0.18,0.82,0.84,0.01,0.02,71264.79,1776028356000
1776028358.152,158.152,0.19,0.2,0.76,0.83,0.01,0.07,71264.79,1776028356000
1776028358.614,158.614,0.19,0.2,0.8,0.81,0.01,0.01,71265.03,1776028357000
1776028359.081,159.081,0.19,0.2,0.8,0.81,0.01,0.01,71265.64,1776028358000
1776028359.585,159.585,0.2,0.21,0.79,0.8,0.01,0.01,71265.64,1776028358000
1776028359.938,159.938,0.2,0.21,0.79,0.8,0.01,0.01,71265.64,1776028359000
1776028360.365,160.365,0.21,0.22,0.78,0.91,0.01,0.13,71265.64,1776028359000
1776028360.872,160.872,0.19,0.2,0.79,0.8,0.01,0.01,71265.64,1776028359000
1776028361.305,161.305,0.16,0.2,0.8,0.81,0.04,0.01,71266.47,1776028360000
1776028361.836,161.836,0.16,0.17,0.82,0.83,0.01,0.01,71266.47,1776028360000
1776028362.829,162.829,0.16,0.17,0.83,0.84,0.01,0.01,71268.13,1776028361000
1776028363.277,163.277,0.16,0.17,0.83,0.84,0.01,0.01,71268.13,1776028362000
1776028363.657,163.657,0.15,0.17,0.83,0.85,0.02,0.02,71268.13,1776028362000
1776028364.008,164.008,0.15,0.21,0.83,0.85,0.06,0.02,71268.13,1776028363000
1776028364.377,164.377,0.18,0.19,0.81,0.82,0.01,0.01,71268.13,1776028363000
1776028364.813,164.813,0.08,0.21,0.77,0.82,0.13,0.05,71268.13,1776028363000
1776028365.15,165.15,0.18,0.19,0.81,0.82,0.01,0.01,71268.11,1776028364000
1776028365.632,165.632,0.17,0.18,0.81,0.82,0.01,0.01,71268.11,1776028364000
1776028366.062,166.062,0.17,0.18,0.82,0.83,0.01,0.01,71268.11,1776028365000
1776028366.502,166.502,0.17,0.18,0.82,0.83,0.01,0.01,71268.11,1776028365000
1776028366.919,166.919,0.17,0.18,0.82,0.83,0.01,0.01,71268.11,1776028365000
1776028367.3,167.3,0.17,0.18,0.82,0.83,0.01,0.01,71268.12,1776028366000
1776028367.636,167.636,0.17,0.18,0.82,0.83,0.01,0.01,71268.12,1776028366000
1776028368.184,168.184,0.17,0.18,0.82,0.83,0.01,0.01,71267.98,1776028367000
1776028369.143,169.143,0.17,0.18,0.82,0.83,0.01,0.01,71267.98,1776028368000
1776028369.648,169.648,0.17,0.18,0.82,0.83,0.01,0.01,71267.98,1776028368000
1776028369.985,169.985,0.18,0.19,0.81,0.82,0.01,0.01,71267.98,1776028368000
1776028370.324,170.324,0.18,0.19,0.81,0.82,0.01,0.01,71268.02,1776028369000
1776028370.666,170.666,0.18,0.19,0.81,0.82,0.01,0.01,71268.02,1776028369000
1776028371.01,171.01,0.18,0.19,0.81,0.82,0.01,0.01,71268.02,1776028369000
1776028371.372,171.372,0.17,0.18,0.82,0.83,0.01,0.01,71268.02,1776028370000
1776028371.707,171.707,0.15,0.18,0.82,0.84,0.03,0.02,71268.02,1776028370000
1776028372.066,172.066,0.15,0.16,0.84,0.85,0.01,0.01,71268.02,1776028370000
1776028372.419,172.419,0.15,0.16,0.84,0.85,0.01,0.01,71268.02,1776028370000
1776028372.843,172.843,0.12,0.13,0.85,0.88,0.01,0.03,71268.02,1776028370000
1776028373.201,173.201,0.12,0.13,0.87,0.88,0.01,0.01,71268.25,1776028371000
1776028373.554,173.554,0.12,0.13,0.87,0.88,0.01,0.01,71268.25,1776028371000
1776028373.898,173.898,0.12,0.13,0.87,0.88,0.01,0.01,71270.09,1776028372000
1776028374.523,174.523,0.14,0.15,0.85,0.87,0.01,0.02,71270.09,1776028372000
1776028374.957,174.957,0.13,0.14,0.85,0.93,0.01,0.08,71266.76,1776028373000
1776028375.414,175.414,0.12,0.14,0.86,0.88,0.02,0.02,71266.2,1776028374000
1776028375.775,175.775,0.12,0.13,0.87,0.88,0.01,0.01,71266.2,1776028374000
1776028376.359,176.359,0.12,0.13,0.87,0.88,0.01,0.01,71265.61,1776028375000
1776028376.737,176.737,0.12,0.13,0.87,0.88,0.01,0.01,71265.61,1776028375000
1776028377.179,177.179,0.12,0.13,0.87,0.88,0.01,0.01,71265.61,1776028375000
1776028377.625,177.625,0.12,0.13,0.87,0.88,0.01,0.01,71264.98,1776028376000
1776028378.328,178.328,0.1,0.13,0.87,0.88,0.03,0.01,71264.98,1776028376000
1776028378.693,178.693,0.12,0.13,0.87,0.9,0.01,0.03,71264.98,1776028377000
1776028379.033,179.033,0.12,0.13,0.87,0.88,0.01,0.01,71264.98,1776028377000
1776028379.681,179.681,0.12,0.13,0.87,0.88,0.01,0.01,71264.32,1776028378000
1776028380.115,180.115,0.11,0.12,0.88,0.89,0.01,0.01,71264.32,1776028378000
1776028380.473,180.473,0.11,0.12,0.88,0.89,0.01,0.01,71264.32,1776028378000
1776028380.814,180.814,0.11,0.12,0.88,0.89,0.01,0.01,71264.49,1776028379000
1776028381.215,181.215,0.08,0.11,0.89,0.92,0.03,0.03,71264.63,1776028380000
1776028381.67,181.67,0.1,0.11,0.89,0.9,0.01,0.01,71264.63,1776028380000
1776028382.005,182.005,0.09,0.1,0.9,0.91,0.01,0.01,71264.63,1776028380000
1776028382.348,182.348,0.09,0.1,0.9,0.91,0.01,0.01,71264.63,1776028380000
1776028382.686,182.686,0.09,0.1,0.9,0.91,0.01,0.01,71264.63,1776028380000
1776028383.089,183.089,0.04,0.09,0.91,0.92,0.05,0.01,71264.5,1776028381000
1776028383.433,183.433,0.08,0.09,0.91,0.92,0.01,0.01,71264.5,1776028381000
1776028383.776,183.776,0.08,0.09,0.91,0.92,0.01,0.01,71261.13,1776028382000
1776028384.122,184.122,0.08,0.09,0.91,0.92,0.01,0.01,71261.13,1776028382000
1776028384.466,184.466,0.07,0.08,0.92,0.93,0.01,0.01,71260.16,1776028383000
1776028384.929,184.929,0.07,0.08,0.92,0.93,0.01,0.01,71260.16,1776028383000
1776028385.272,185.272,0.07,0.08,0.92,0.93,0.01,0.01,71260.16,1776028383000
1776028385.608,185.608,0.05,0.07,0.92,0.94,0.02,0.02,71259.97,1776028384000
1776028385.943,185.943,0.06,0.07,0.93,0.94,0.01,0.01,71259.97,1776028384000
1776028386.302,186.302,0.05,0.06,0.94,0.95,0.01,0.01,71259.97,1776028384000
1776028386.708,186.708,0.05,0.06,0.94,0.95,0.01,0.01,71259.93,1776028385000
1776028387.411,187.411,0.05,0.06,0.94,0.95,0.01,0.01,71257.02,1776028386000
1776028387.841,187.841,0.05,0.06,0.94,0.95,0.01,0.01,71257.02,1776028386000
1776028388.18,188.18,0.05,0.06,0.94,0.95,0.01,0.01,71257.02,1776028387000
1776028388.514,188.514,0.05,0.06,0.94,0.95,0.01,0.01,71257.02,1776028387000
1776028388.89,188.89,0.05,0.08,0.94,0.95,0.03,0.01,71257.02,1776028387000
1776028389.634,189.634,0.05,0.08,0.92,0.95,0.03,0.03,71253.12,1776028388000
1776028389.981,189.981,0.06,0.07,0.93,0.94,0.01,0.01,71253.12,1776028388000
1776028390.325,190.325,0.05,0.07,0.93,0.95,0.02,0.02,71253.12,1776028388000
1776028390.666,190.666,0.05,0.07,0.93,0.95,0.02,0.02,71253.1,1776028389000
1776028391.021,191.021,0.06,0.07,0.93,0.94,0.01,0.01,71253.1,1776028389000
1776028391.365,191.365,0.04,0.07,0.93,0.94,0.03,0.01,71251.66,1776028390000
1776028391.711,191.711,0.03,0.04,0.96,0.97,0.01,0.01,71251.66,1776028390000
1776028392.237,192.237,0.03,0.04,0.96,0.97,0.01,0.01,71249.27,1776028391000
1776028392.573,192.573,0.03,0.04,0.96,0.97,0.01,0.01,71249.27,1776028391000
1776028392.911,192.911,0.03,0.05,0.95,0.97,0.02,0.02,71249.27,1776028391000
1776028393.249,193.249,0.04,0.05,0.95,0.96,0.01,0.01,71244.45,1776028392000
1776028393.588,193.588,0.03,0.05,0.95,0.97,0.02,0.02,71244.45,1776028392000
1776028393.932,193.932,0.03,0.05,0.95,0.97,0.02,0.02,71244.45,1776028392000
1776028394.474,194.474,0.04,0.05,0.95,0.96,0.01,0.01,71241.86,1776028393000
1776028394.813,194.813,0.03,0.04,0.96,0.97,0.01,0.01,71241.86,1776028393000
1776028395.149,195.149,0.03,0.04,0.96,0.97,0.01,0.01,71241.75,1776028394000
1776028395.486,195.486,0.03,0.04,0.96,0.97,0.01,0.01,71241.75,1776028394000
1776028395.819,195.819,0.03,0.04,0.96,0.97,0.01,0.01,71241.75,1776028394000
1776028396.157,196.157,0.03,0.04,0.96,0.97,0.01,0.01,71241.44,1776028395000
1776028396.503,196.503,0.02,0.03,0.97,0.98,0.01,0.01,71241.44,1776028395000
1776028396.849,196.849,0.02,0.03,0.97,0.98,0.01,0.01,71241.44,1776028395000
1776028397.185,197.185,0.02,0.04,0.96,0.98,0.02,0.02,71240.79,1776028396000
1776028397.662,197.662,0.02,0.03,0.97,0.98,0.01,0.01,71240.79,1776028396000
1776028398.081,198.081,0.02,0.03,0.97,0.98,0.01,0.01,71237.56,1776028397000
1776028398.42,198.42,0.02,0.03,0.97,0.98,0.01,0.01,71237.56,1776028397000
1776028398.81,198.81,0.02,0.03,0.97,0.98,0.01,0.01,71237.56,1776028397000
1776028399.146,199.146,0.03,0.04,0.96,0.97,0.01,0.01,71236.96,1776028398000
1776028399.532,199.532,0.03,0.04,0.96,0.97,0.01,0.01,71236.96,1776028398000
1776028399.902,199.902,0.03,0.04,0.96,0.97,0.01,0.01,71238.19,1776028399000
1776028400.391,200.391,0.03,0.04,0.95,0.97,0.01,0.02,71238.19,1776028399000
1776028400.851,200.851,0.03,0.04,0.96,0.97,0.01,0.01,71238.19,1776028399000
1776028401.184,201.184,0.03,0.04,0.96,0.97,0.01,0.01,71236.74,1776028400000
1776028401.826,201.826,0.02,0.04,0.96,0.98,0.02,0.02,71236.47,1776028401000
1776028402.698,202.698,0.03,0.04,0.96,0.98,0.01,0.02,71236.47,1776028401000
1776028403.116,203.116,0.03,0.04,0.96,0.98,0.01,0.02,71236.47,1776028401000
1776028403.456,203.456,0.02,0.04,0.96,0.97,0.02,0.01,71236.47,1776028401000
1776028403.836,203.836,0.02,0.03,0.97,0.98,0.01,0.01,71233.1,1776028402000
1776028404.173,204.173,0.01,0.02,0.98,0.99,0.01,0.01,71232.8,1776028403000
1776028404.654,204.654,0.02,0.03,0.98,0.99,0.01,0.01,71232.8,1776028403000
1776028404.992,204.992,0.02,0.03,0.97,0.98,0.01,0.01,71232.8,1776028403000
1776028405.402,205.402,0.02,0.03,0.97,0.98,0.01,0.01,71232.8,1776028403000
1776028405.736,205.736,0.01,0.03,0.97,0.99,0.02,0.02,71230.33,1776028404000
1776028406.083,206.083,0.02,0.03,0.97,0.98,0.01,0.01,71230.33,1776028404000
1776028406.509,206.509,0.02,0.03,0.97,0.98,0.01,0.01,71228.93,1776028405000
1776028406.859,206.859,0.01,0.03,0.97,0.99,0.02,0.02,71228.93,1776028405000
1776028407.556,207.556,0.01,0.03,0.97,0.99,0.02,0.02,71228.37,1776028406000
1776028407.961,207.961,0.01,0.03,0.98,0.99,0.02,0.01,71228.37,1776028406000
1776028408.299,208.299,0.01,0.02,0.97,0.98,0.01,0.01,71228.21,1776028407000
1776028408.635,208.635,0.02,0.03,0.97,0.99,0.01,0.02,71228.21,1776028407000
1776028409.009,209.009,0.02,0.03,0.97,0.98,0.01,0.01,71228.21,1776028407000
1776028409.376,209.376,0.02,0.03,0.97,0.98,0.01,0.01,71228.21,1776028407000
1776028409.71,209.71,0.01,0.02,0.98,0.99,0.01,0.01,71227.72,1776028408000
1776028410.049,210.049,0.01,0.02,0.98,0.99,0.01,0.01,71227.72,1776028408000
1776028410.437,210.437,0.01,0.02,0.98,0.99,0.01,0.01,71227.72,1776028409000
1776028410.792,210.792,0.01,0.02,0.98,0.99,0.01,0.01,71227.72,1776028409000
1776028411.136,211.136,0.01,0.01,0.99,0.99,0.0,0.0,71227.72,1776028409000
1776028411.476,211.476,0.01,0.01,0.99,0.99,0.0,0.0,71227.72,1776028409000
1776028411.819,211.819,0.01,0.01,0.99,0.99,0.0,0.0,71226.91,1776028410000
1776028412.396,212.396,0.01,0.01,0.99,0.99,0.0,0.0,71226.91,1776028411000
1776028412.75,212.75,0.01,0.01,0.99,0.99,0.0,0.0,71226.91,1776028411000
1776028413.434,213.434,0.01,0.01,0.99,0.99,0.0,0.0,71226.91,1776028411000
1776028413.985,213.985,0.01,0.01,0.99,0.99,0.0,0.0,71225.03,1776028413000
1776028414.396,214.396,0.01,0.01,0.99,0.99,0.0,0.0,71225.03,1776028413000
1776028414.792,214.792,0.01,0.01,0.99,0.99,0.0,0.0,71225.03,1776028413000
1776028415.24,215.24,0.01,0.01,0.99,0.99,0.0,0.0,71225.03,1776028413000
1776028415.73,215.73,0.01,0.01,0.99,0.99,0.0,0.0,71223.92,1776028414000
1776028416.16,216.16,0.01,0.01,0.99,0.99,0.0,0.0,71223.92,1776028415000
1776028416.628,216.628,0.01,0.01,0.99,0.99,0.0,0.0,71223.92,1776028415000
1776028417.223,217.223,0.01,0.01,0.99,0.99,0.0,0.0,71221.7,1776028416000
1776028417.583,217.583,0.01,0.01,0.99,0.99,0.0,0.0,71221.7,1776028416000
1776028418.307,218.307,0.01,0.01,0.99,0.99,0.0,0.0,71221.7,1776028416000
1776028418.884,218.884,0.01,0.01,0.99,0.99,0.0,0.0,71221.5,1776028417000
1776028420.167,220.167,0.01,0.01,0.99,0.99,0.0,0.0,71221.14,1776028419000
1776028420.528,220.528,0.01,0.01,0.99,0.99,0.0,0.0,71221.14,1776028419000
1776028421.243,221.243,0.01,0.01,0.99,0.99,0.0,0.0,71221.14,1776028419000
1776028421.66,221.66,0.01,0.01,0.99,0.99,0.0,0.0,71219.91,1776028420000
1776028422.561,222.561,0.01,0.01,0.99,0.99,0.0,0.0,71219.11,1776028421000
1776028422.985,222.985,0.01,0.01,0.99,0.99,0.0,0.0,71218.01,1776028422000
1776028423.793,223.793,0.01,0.01,0.99,0.99,0.0,0.0,71218.01,1776028422000
1776028424.174,224.174,0.01,0.01,0.99,0.99,0.0,0.0,71218.01,1776028422000
1776028425.501,225.501,0.01,0.01,0.99,0.99,0.0,0.0,71215.63,1776028423000
1776028426.141,226.141,0.01,0.01,0.99,0.99,0.0,0.0,71212.23,1776028425000
1776028427.062,227.062,0.01,0.01,0.99,0.99,0.0,0.0,71212.23,1776028425000
1776028427.405,227.405,0.01,0.01,0.99,0.99,0.0,0.0,71210.48,1776028426000
1776028427.937,227.937,0.01,0.01,0.99,0.99,0.0,0.0,71213.75,1776028427000
1776028429.221,229.221,0.01,0.01,0.99,0.99,0.0,0.0,71215.75,1776028428000
1776028430.033,230.033,0.01,0.01,0.99,0.99,0.0,0.0,71215.75,1776028428000
1776028430.426,230.426,0.01,0.01,0.99,0.99,0.0,0.0,71218.4,1776028429000
1776028431.14,231.14,0.01,0.01,0.99,0.99,0.0,0.0,71217.83,1776028430000
1776028432.036,232.036,0.01,0.01,0.99,0.99,0.0,0.0,71217.83,1776028430000
1776028432.541,232.541,0.01,0.01,0.99,0.99,0.0,0.0,71214.42,1776028431000
1776028432.949,232.949,0.01,0.01,0.99,0.99,0.0,0.0,71214.42,1776028431000
1776028433.523,233.523,0.01,0.01,0.99,0.99,0.0,0.0,71212.79,1776028432000
1776028433.946,233.946,0.01,0.01,0.99,0.99,0.0,0.0,71212.79,1776028432000
1776028434.428,234.428,0.01,0.01,0.99,0.99,0.0,0.0,71212.79,1776028432000
1776028435.311,235.311,0.01,0.01,0.99,0.99,0.0,0.0,71213.43,1776028434000
1776028436.096,236.096,0.01,0.01,0.99,0.99,0.0,0.0,71213.32,1776028435000
1776028436.958,236.958,0.01,0.01,0.99,0.99,0.0,0.0,71213.32,1776028435000
1776028437.766,237.766,0.01,0.01,0.99,0.99,0.0,0.0,71212.91,1776028436000
1776028438.223,238.223,0.01,0.01,0.99,0.99,0.0,0.0,71212.87,1776028437000
1776028439.322,239.322,0.01,0.01,0.99,0.99,0.0,0.0,71212.87,1776028437000
1776028440.405,240.405,0.01,0.01,0.99,0.99,0.0,0.0,71212.63,1776028439000
1776028440.912,240.912,0.01,0.01,0.99,0.99,0.0,0.0,71212.63,1776028439000
1776028441.39,241.39,0.01,0.01,0.99,0.99,0.0,0.0,71211.14,1776028440000
1776028441.807,241.807,0.01,0.01,0.99,0.99,0.0,0.0,71211.14,1776028440000
1776028442.905,242.905,0.01,0.01,0.99,0.99,0.0,0.0,71211.14,1776028441000
1776028443.767,243.767,0.01,0.01,0.99,0.99,0.0,0.0,71211.03,1776028442000
1776028444.14,244.14,0.01,0.01,0.99,0.99,0.0,0.0,71211.06,1776028443000
1776028444.718,244.718,0.01,0.01,0.99,0.99,0.0,0.0,71211.06,1776028443000
1776028445.052,245.052,0.01,0.01,0.99,0.99,0.0,0.0,71210.92,1776028444000
1776028446.084,246.084,0.01,0.01,0.99,0.99,0.0,0.0,71211.21,1776028445000
1776028447.09,247.09,0.01,0.01,0.99,0.99,0.0,0.0,71209.21,1776028446000
1776028448.058,248.058,0.01,0.01,0.99,0.99,0.0,0.0,71204.24,1776028447000
1776028448.89,248.89,0.01,0.01,0.99,0.99,0.0,0.0,71204.24,1776028447000
1776028449.857,249.857,0.01,0.01,0.99,0.99,0.0,0.0,71201.92,1776028448000
1776028450.88,250.88,0.01,0.01,0.99,0.99,0.0,0.0,71201.93,1776028449000
1776028451.414,251.414,0.01,0.01,0.99,0.99,0.0,0.0,71200.57,1776028450000
1776028452.345,252.345,0.01,0.01,0.99,0.99,0.0,0.0,71200.57,1776028451000
1776028452.835,252.835,0.01,0.01,0.99,0.99,0.0,0.0,71200.57,1776028451000
1776028454.175,254.175,0.01,0.01,0.99,0.99,0.0,0.0,71188.82,1776028453000
1776028455.323,255.323,0.01,0.01,0.99,0.99,0.0,0.0,71192.07,1776028454000
1776028455.903,255.903,0.01,0.01,0.99,0.99,0.0,0.0,71192.36,1776028455000
1776028456.46,256.46,0.01,0.01,0.99,0.99,0.0,0.0,71192.36,1776028455000
1776028457.048,257.048,0.01,0.01,0.99,0.99,0.0,0.0,71194.52,1776028456000
1776028457.84,257.84,0.01,0.01,0.99,0.99,0.0,0.0,71194.52,1776028456000
1776028458.42,258.42,0.01,0.01,0.99,0.99,0.0,0.0,71197.31,1776028457000
1776028459.381,259.381,0.01,0.01,0.99,0.99,0.0,0.0,71197.29,1776028458000
1776028460.124,260.124,0.01,0.01,0.99,0.99,0.0,0.0,71197.26,1776028459000
1776028461.164,261.164,0.01,0.01,0.99,0.99,0.0,0.0,71198.31,1776028460000
1776028461.85,261.85,0.01,0.01,0.99,0.99,0.0,0.0,71198.31,1776028460000
1776028462.38,262.38,0.01,0.01,0.99,0.99,0.0,0.0,71198.16,1776028461000
1776028462.946,262.946,0.01,0.01,0.99,0.99,0.0,0.0,71198.17,1776028462000
1776028464.298,264.298,0.01,0.01,0.99,0.99,0.0,0.0,71198.31,1776028463000
1776028465.525,265.525,0.01,0.01,0.99,0.99,0.0,0.0,71198.31,1776028464000
1776028466.402,266.402,0.01,0.01,0.99,0.99,0.0,0.0,71198.31,1776028464000
1776028467.112,267.112,0.01,0.01,0.99,0.99,0.0,0.0,71198.25,1776028466000
1776028468.198,268.198,0.01,0.01,0.99,0.99,0.0,0.0,71200.97,1776028467000
1776028469.158,269.158,0.01,0.01,0.99,0.99,0.0,0.0,71204.05,1776028468000
1776028469.889,269.889,0.01,0.01,0.99,0.99,0.0,0.0,71204.05,1776028468000
1776028471.245,271.245,0.01,0.01,0.99,0.99,0.0,0.0,71204.96,1776028470000
1776028472.214,272.214,0.01,0.01,0.99,0.99,0.0,0.0,71204.82,1776028471000
1776028473.238,273.238,0.01,0.01,0.99,0.99,0.0,0.0,71204.93,1776028472000
1776028474.24,274.24,0.01,0.01,0.99,0.99,0.0,0.0,71205.99,1776028473000
1776028474.888,274.888,0.01,0.01,0.99,0.99,0.0,0.0,71205.99,1776028473000
1776028475.236,275.236,0.01,0.01,0.99,0.99,0.0,0.0,71205.75,1776028474000
1776028476.151,276.151,0.01,0.01,0.99,0.99,0.0,0.0,71204.72,1776028475000
1776028477.188,277.188,0.01,0.01,0.99,0.99,0.0,0.0,71202.65,1776028476000
1776028478.178,278.178,0.01,0.01,0.99,0.99,0.0,0.0,71206.51,1776028477000
1776028478.705,278.705,0.01,0.01,0.99,0.99,0.0,0.0,71206.51,1776028477000
1776028479.342,279.342,0.01,0.01,0.99,0.99,0.0,0.0,71206.51,1776028477000
1776028480.056,280.056,0.01,0.01,0.99,0.99,0.0,0.0,71206.61,1776028478000
1776028480.575,280.575,0.01,0.01,0.99,0.99,0.0,0.0,71206.38,1776028479000
1776028481.01,281.01,0.01,0.01,0.99,0.99,0.0,0.0,71206.38,1776028479000
1776028481.693,281.693,0.01,0.01,0.99,0.99,0.0,0.0,71206.31,1776028480000
1776028482.193,282.193,0.01,0.01,0.99,0.99,0.0,0.0,71207.02,1776028481000
1776028482.649,282.649,0.01,0.01,0.99,0.99,0.0,0.0,71207.02,1776028481000
1776028482.998,282.998,0.01,0.01,0.99,0.99,0.0,0.0,71207.02,1776028481000
1776028483.391,283.391,0.01,0.01,0.99,0.99,0.0,0.0,71208.16,1776028482000
1776028484.146,284.146,0.01,0.01,0.99,0.99,0.0,0.0,71209.85,1776028483000
1776028485.26,285.26,0.01,0.01,0.99,0.99,0.0,0.0,71211.23,1776028484000
1776028485.787,285.787,0.01,0.01,0.99,0.99,0.0,0.0,71211.23,1776028484000
1776028486.472,286.472,0.01,0.01,0.99,0.99,0.0,0.0,71212.59,1776028485000
1776028487.58,287.58,0.01,0.01,0.99,0.99,0.0,0.0,71212.59,1776028485000
1776028488.267,288.267,0.01,0.01,0.99,0.99,0.0,0.0,71222.95,1776028487000
1776028488.888,288.888,0.01,0.01,0.99,0.99,0.0,0.0,71222.95,1776028487000
1776028489.282,289.282,0.01,0.01,0.99,0.99,0.0,0.0,71225.22,1776028488000
1776028489.785,289.785,0.01,0.01,0.99,0.99,0.0,0.0,71225.22,1776028488000
1776028490.911,290.911,0.01,0.01,0.99,0.99,0.0,0.0,71229.5,1776028489000
1776028491.295,291.295,0.01,0.01,0.99,0.99,0.0,0.0,71232.83,1776028490000
1776028491.753,291.753,0.01,0.01,0.99,0.99,0.0,0.0,71232.83,1776028490000
1776028492.422,292.422,0.01,0.01,0.99,0.99,0.0,0.0,71234.48,1776028491000
1776028492.985,292.985,0.01,0.01,0.99,0.99,0.0,0.0,71234.46,1776028492000
1776028494.2,294.2,0.01,0.01,0.99,0.99,0.0,0.0,71234.46,1776028492000
1776028494.601,294.601,0.01,0.01,0.99,0.99,0.0,0.0,71234.52,1776028493000
1776028494.94,294.94,0.01,0.01,0.99,0.99,0.0,0.0,71236.42,1776028494000
1776028495.492,295.492,0.01,0.01,0.99,0.99,0.0,0.0,71236.42,1776028494000
1776028496.08,296.08,0.01,0.01,0.99,0.99,0.0,0.0,71236.43,1776028495000
1776028497.005,297.005,0.01,0.01,0.99,0.99,0.0,0.0,71238.47,1776028496000
1776028497.341,297.341,0.01,0.01,0.99,0.99,0.0,0.0,71238.47,1776028496000
1776028497.84,297.84,0.01,0.01,0.99,0.99,0.0,0.0,71238.47,1776028496000
1776028499.031,299.031,0.01,0.01,0.99,0.99,0.0,0.0,71237.83,1776028498000
1776028500.081,300.081,0.01,0.01,0.99,0.99,0.0,0.0,71237.21,1776028499000
1776028500.771,300.771,0.01,0.01,0.99,0.99,0.0,0.0,71237.21,1776028499000
1776028501.524,301.524,0.01,0.01,0.99,0.99,0.0,0.0,71236.09,1776028500000
1776028502.169,302.169,0.01,0.01,0.99,0.99,0.0,0.0,71237.33,1776028501000

# RESULT,winner=Down,slug=btc-updown-5m-1776028200,ticks=641
