timestamp,elapsed_sec,up_bid,up_ask,down_bid,down_ask,up_spread,down_spread,btc_price,btc_oracle_ts
1776404100.515,0.515,0.5,0.51,0.48,0.49,0.01,0.01,74693.41,1776404099000
1776404101.139,1.139,0.51,0.52,0.48,0.49,0.01,0.01,74693.41,1776404099000
1776404101.512,1.512,0.5,0.51,0.49,0.5,0.01,0.01,74693.41,1776404100000
1776404101.868,1.868,0.5,0.52,0.49,0.5,0.02,0.01,74693.41,1776404100000
1776404102.348,2.348,0.51,0.52,0.48,0.49,0.01,0.01,74693.41,1776404100000
1776404102.686,2.686,0.51,0.52,0.48,0.49,0.01,0.01,74692.4,1776404101000
1776404103.021,3.021,0.51,0.52,0.48,0.49,0.01,0.01,74692.4,1776404102000
1776404103.356,3.356,0.51,0.52,0.48,0.49,0.01,0.01,74692.4,1776404102000
1776404103.724,3.724,0.51,0.52,0.48,0.49,0.01,0.01,74692.4,1776404102000
1776404104.314,4.314,0.51,0.52,0.48,0.49,0.01,0.01,74692.22,1776404103000
1776404104.958,4.958,0.51,0.52,0.48,0.49,0.01,0.01,74692.22,1776404103000
1776404105.393,5.393,0.51,0.52,0.48,0.49,0.01,0.01,74692.22,1776404104000
1776404105.918,5.918,0.51,0.52,0.48,0.49,0.01,0.01,74692.22,1776404104000
1776404106.328,6.328,0.51,0.52,0.48,0.49,0.01,0.01,74692.22,1776404104000
1776404106.787,6.787,0.51,0.52,0.48,0.49,0.01,0.01,74690.52,1776404105000
1776404107.397,7.397,0.51,0.52,0.48,0.49,0.01,0.01,74690.52,1776404106000
1776404107.817,7.817,0.5,0.51,0.48,0.49,0.01,0.01,74690.52,1776404106000
1776404108.241,8.241,0.5,0.51,0.49,0.5,0.01,0.01,74690.52,1776404106000
1776404109.183,9.183,0.5,0.51,0.49,0.5,0.01,0.01,74690.52,1776404107000
1776404109.591,9.591,0.5,0.51,0.49,0.5,0.01,0.01,74690.52,1776404107000
1776404110.311,10.311,0.5,0.51,0.49,0.5,0.01,0.01,74689.75,1776404108000
1776404111.475,11.475,0.5,0.51,0.49,0.5,0.01,0.01,74689.88,1776404110000
1776404111.851,11.851,0.5,0.51,0.49,0.5,0.01,0.01,74689.88,1776404110000
1776404112.194,12.194,0.5,0.51,0.49,0.5,0.01,0.01,74689.88,1776404111000
1776404112.568,12.568,0.5,0.51,0.49,0.5,0.01,0.01,74689.88,1776404111000
1776404113.03,13.03,0.5,0.51,0.49,0.5,0.01,0.01,74689.88,1776404111000
1776404113.582,13.582,0.5,0.51,0.49,0.5,0.01,0.01,74689.88,1776404111000
1776404113.981,13.981,0.5,0.51,0.49,0.5,0.01,0.01,74689.75,1776404112000
1776404114.581,14.581,0.5,0.51,0.49,0.5,0.01,0.01,74689.75,1776404112000
1776404115.024,15.024,0.5,0.51,0.49,0.5,0.01,0.01,74689.75,1776404113000
1776404115.476,15.476,0.5,0.51,0.49,0.5,0.01,0.01,74689.75,1776404113000
1776404116.478,16.478,0.5,0.51,0.49,0.5,0.01,0.01,74689.75,1776404115000
1776404116.83,16.83,0.5,0.51,0.49,0.5,0.01,0.01,74689.75,1776404115000
1776404117.223,17.223,0.5,0.51,0.49,0.5,0.01,0.01,74689.75,1776404116000
1776404118.106,18.106,0.5,0.51,0.49,0.5,0.01,0.01,74689.75,1776404116000
1776404118.502,18.502,0.5,0.51,0.49,0.5,0.01,0.01,74689.75,1776404117000
1776404119.11,19.11,0.5,0.51,0.49,0.5,0.01,0.01,74689.75,1776404117000
1776404119.803,19.803,0.5,0.51,0.49,0.5,0.01,0.01,74689.75,1776404118000
1776404120.711,20.711,0.5,0.51,0.49,0.5,0.01,0.01,74689.75,1776404118000
1776404121.054,21.054,0.5,0.51,0.49,0.5,0.01,0.01,74689.75,1776404119000
1776404122.667,22.667,0.5,0.51,0.49,0.5,0.01,0.01,74689.75,1776404121000
1776404123.275,23.275,0.5,0.51,0.49,0.5,0.01,0.01,74689.75,1776404121000
1776404123.853,23.853,0.5,0.51,0.49,0.5,0.01,0.01,74689.75,1776404122000
1776404124.692,24.692,0.5,0.51,0.49,0.5,0.01,0.01,74689.75,1776404123000
1776404125.303,25.303,0.5,0.51,0.49,0.5,0.01,0.01,74689.75,1776404123000
1776404126.258,26.258,0.5,0.51,0.49,0.5,0.01,0.01,74689.75,1776404124000
1776404126.627,26.627,0.51,0.52,0.48,0.49,0.01,0.01,74689.75,1776404125000
1776404126.993,26.993,0.52,0.53,0.45,0.48,0.01,0.03,74689.75,1776404125000
1776404127.356,27.356,0.58,0.59,0.41,0.42,0.01,0.01,74694.16,1776404126000
1776404127.868,27.868,0.58,0.59,0.41,0.42,0.01,0.01,74694.16,1776404126000
1776404128.214,28.214,0.58,0.59,0.41,0.42,0.01,0.01,74697.84,1776404127000
1776404128.568,28.568,0.58,0.59,0.41,0.42,0.01,0.01,74697.84,1776404127000
1776404128.977,28.977,0.58,0.59,0.41,0.42,0.01,0.01,74697.84,1776404127000
1776404129.386,29.386,0.58,0.59,0.41,0.42,0.01,0.01,74697.84,1776404128000
1776404129.737,29.737,0.58,0.59,0.41,0.42,0.01,0.01,74697.84,1776404128000
1776404130.196,30.196,0.58,0.59,0.41,0.42,0.01,0.01,74697.84,1776404128000
1776404130.675,30.675,0.58,0.59,0.41,0.42,0.01,0.01,74697.84,1776404129000
1776404131.279,31.279,0.58,0.59,0.41,0.42,0.01,0.01,74697.84,1776404129000
1776404132.286,32.286,0.58,0.59,0.41,0.42,0.01,0.01,74697.84,1776404131000
1776404132.838,32.838,0.58,0.59,0.41,0.42,0.01,0.01,74697.84,1776404131000
1776404133.203,33.203,0.58,0.59,0.41,0.42,0.01,0.01,74697.84,1776404131000
1776404133.537,33.537,0.58,0.59,0.41,0.42,0.01,0.01,74697.84,1776404132000
1776404133.945,33.945,0.58,0.59,0.41,0.42,0.01,0.01,74697.84,1776404133000
1776404134.342,34.342,0.57,0.58,0.41,0.44,0.01,0.03,74697.84,1776404133000
1776404135.111,35.111,0.57,0.58,0.42,0.43,0.01,0.01,74697.89,1776404134000
1776404135.713,35.713,0.57,0.58,0.42,0.43,0.01,0.01,74697.89,1776404134000
1776404136.073,36.073,0.54,0.56,0.44,0.46,0.02,0.02,74697.89,1776404134000
1776404136.431,36.431,0.53,0.54,0.45,0.47,0.01,0.02,74697.84,1776404135000
1776404136.793,36.793,0.52,0.53,0.47,0.48,0.01,0.01,74697.84,1776404135000
1776404137.131,37.131,0.52,0.53,0.47,0.48,0.01,0.01,74697.84,1776404135000
1776404137.471,37.471,0.52,0.53,0.47,0.48,0.01,0.01,74697.18,1776404136000
1776404137.893,37.893,0.52,0.53,0.47,0.48,0.01,0.01,74697.18,1776404136000
1776404138.349,38.349,0.52,0.53,0.47,0.48,0.01,0.01,74697.18,1776404137000
1776404138.841,38.841,0.5,0.51,0.48,0.51,0.01,0.03,74697.18,1776404137000
1776404139.19,39.19,0.5,0.51,0.49,0.5,0.01,0.01,74697.18,1776404137000
1776404139.581,39.581,0.5,0.51,0.49,0.5,0.01,0.01,74697.18,1776404138000
1776404140.121,40.121,0.49,0.5,0.49,0.51,0.01,0.02,74697.18,1776404138000
1776404140.579,40.579,0.49,0.5,0.5,0.51,0.01,0.01,74697.18,1776404139000
1776404140.926,40.926,0.49,0.5,0.5,0.51,0.01,0.01,74697.18,1776404140000
1776404141.923,41.923,0.49,0.5,0.5,0.51,0.01,0.01,74697.18,1776404141000
1776404143.345,43.345,0.49,0.5,0.5,0.51,0.01,0.01,74697.18,1776404142000
1776404144.096,44.096,0.49,0.5,0.5,0.51,0.01,0.01,74697.18,1776404142000
1776404144.547,44.547,0.49,0.5,0.5,0.51,0.01,0.01,74697.18,1776404142000
1776404144.945,44.945,0.49,0.5,0.5,0.51,0.01,0.01,74697.18,1776404144000
1776404145.581,45.581,0.49,0.5,0.5,0.51,0.01,0.01,74697.18,1776404144000
1776404145.946,45.946,0.49,0.5,0.5,0.51,0.01,0.01,74697.18,1776404144000
1776404146.377,46.377,0.49,0.5,0.5,0.51,0.01,0.01,74697.18,1776404145000
1776404147.048,47.048,0.49,0.5,0.5,0.51,0.01,0.01,74697.18,1776404145000
1776404147.508,47.508,0.49,0.5,0.5,0.51,0.01,0.01,74697.18,1776404146000
1776404148.225,48.225,0.49,0.5,0.5,0.51,0.01,0.01,74697.18,1776404147000
1776404149.003,49.003,0.49,0.51,0.5,0.51,0.02,0.01,74697.18,1776404147000
1776404149.356,49.356,0.56,0.6,0.42,0.44,0.04,0.02,74697.18,1776404148000
1776404149.851,49.851,0.58,0.59,0.41,0.42,0.01,0.01,74697.18,1776404148000
1776404150.189,50.189,0.58,0.59,0.41,0.42,0.01,0.01,74697.18,1776404148000
1776404150.994,50.994,0.58,0.59,0.41,0.42,0.01,0.01,74697.18,1776404149000
1776404152.093,52.093,0.58,0.59,0.41,0.42,0.01,0.01,74697.52,1776404151000
1776404152.434,52.434,0.58,0.59,0.41,0.42,0.01,0.01,74697.52,1776404151000
1776404152.769,52.769,0.58,0.59,0.41,0.42,0.01,0.01,74697.52,1776404151000
1776404153.177,53.177,0.58,0.59,0.41,0.42,0.01,0.01,74697.38,1776404152000
1776404153.644,53.644,0.58,0.59,0.41,0.42,0.01,0.01,74697.38,1776404152000
1776404154.132,54.132,0.55,0.57,0.43,0.44,0.02,0.01,74697.38,1776404152000
1776404154.718,54.718,0.52,0.56,0.44,0.45,0.04,0.01,74697.38,1776404152000
1776404155.221,55.221,0.55,0.56,0.44,0.45,0.01,0.01,74697.41,1776404154000
1776404155.555,55.555,0.5,0.51,0.49,0.5,0.01,0.01,74697.41,1776404154000
1776404155.915,55.915,0.5,0.51,0.49,0.5,0.01,0.01,74697.41,1776404154000
1776404156.268,56.268,0.5,0.51,0.49,0.5,0.01,0.01,74697.37,1776404155000
1776404156.709,56.709,0.5,0.51,0.49,0.5,0.01,0.01,74697.37,1776404155000
1776404157.335,57.335,0.5,0.51,0.49,0.5,0.01,0.01,74695.92,1776404156000
1776404157.955,57.955,0.5,0.51,0.49,0.5,0.01,0.01,74695.92,1776404156000
1776404158.288,58.288,0.49,0.51,0.49,0.51,0.02,0.02,74695.92,1776404157000
1776404158.77,58.77,0.49,0.5,0.5,0.51,0.01,0.01,74695.92,1776404157000
1776404159.196,59.196,0.49,0.5,0.5,0.51,0.01,0.01,74695.92,1776404157000
1776404159.533,59.533,0.49,0.5,0.5,0.51,0.01,0.01,74694.48,1776404158000
1776404159.903,59.903,0.49,0.5,0.5,0.51,0.01,0.01,74694.48,1776404158000
1776404160.262,60.262,0.49,0.5,0.5,0.51,0.01,0.01,74694.48,1776404158000
1776404160.651,60.651,0.49,0.5,0.5,0.51,0.01,0.01,74695.42,1776404159000
1776404160.986,60.986,0.49,0.5,0.5,0.51,0.01,0.01,74695.42,1776404159000
1776404161.559,61.559,0.49,0.5,0.5,0.51,0.01,0.01,74694.24,1776404160000
1776404161.894,61.894,0.49,0.5,0.5,0.51,0.01,0.01,74694.24,1776404160000
1776404162.277,62.277,0.45,0.47,0.53,0.55,0.02,0.02,74694.24,1776404160000
1776404162.659,62.659,0.44,0.45,0.54,0.56,0.01,0.02,74691.93,1776404161000
1776404163.003,63.003,0.44,0.45,0.55,0.56,0.01,0.01,74691.93,1776404161000
1776404163.35,63.35,0.44,0.45,0.55,0.56,0.01,0.01,74691.93,1776404161000
1776404163.707,63.707,0.44,0.45,0.55,0.56,0.01,0.01,74693.15,1776404162000
1776404164.072,64.072,0.44,0.45,0.55,0.56,0.01,0.01,74693.15,1776404163000
1776404164.625,64.625,0.44,0.45,0.55,0.56,0.01,0.01,74693.15,1776404163000
1776404164.965,64.965,0.44,0.45,0.55,0.56,0.01,0.01,74687.5,1776404164000
1776404165.377,65.377,0.44,0.45,0.55,0.56,0.01,0.01,74687.5,1776404164000
1776404165.711,65.711,0.44,0.45,0.55,0.56,0.01,0.01,74687.5,1776404164000
1776404166.071,66.071,0.44,0.45,0.55,0.56,0.01,0.01,74685.43,1776404165000
1776404166.41,66.41,0.44,0.45,0.55,0.56,0.01,0.01,74685.43,1776404165000
1776404166.952,66.952,0.42,0.43,0.55,0.58,0.01,0.03,74685.43,1776404165000
1776404167.334,67.334,0.42,0.43,0.57,0.58,0.01,0.01,74684.18,1776404166000
1776404167.682,67.682,0.42,0.43,0.57,0.58,0.01,0.01,74684.18,1776404166000
1776404168.054,68.054,0.42,0.43,0.57,0.58,0.01,0.01,74684.18,1776404166000
1776404168.399,68.399,0.42,0.43,0.57,0.58,0.01,0.01,74684.18,1776404166000
1776404168.753,68.753,0.42,0.43,0.57,0.58,0.01,0.01,74683.67,1776404167000
1776404169.104,69.104,0.42,0.43,0.57,0.58,0.01,0.01,74683.67,1776404167000
1776404169.448,69.448,0.41,0.43,0.57,0.59,0.02,0.02,74683.64,1776404168000
1776404169.807,69.807,0.41,0.42,0.58,0.59,0.01,0.01,74683.64,1776404168000
1776404170.325,70.325,0.41,0.42,0.58,0.59,0.01,0.01,74683.64,1776404168000
1776404170.682,70.682,0.41,0.42,0.58,0.59,0.01,0.01,74683.64,1776404168000
1776404171.09,71.09,0.41,0.42,0.58,0.59,0.01,0.01,74683.64,1776404169000
1776404171.445,71.445,0.41,0.42,0.58,0.59,0.01,0.01,74683.64,1776404170000
1776404171.818,71.818,0.43,0.44,0.56,0.58,0.01,0.02,74683.64,1776404170000
1776404172.152,72.152,0.44,0.45,0.55,0.56,0.01,0.01,74683.64,1776404171000
1776404172.554,72.554,0.44,0.45,0.55,0.56,0.01,0.01,74683.64,1776404171000
1776404172.91,72.91,0.44,0.45,0.55,0.56,0.01,0.01,74683.64,1776404171000
1776404173.266,73.266,0.44,0.45,0.55,0.56,0.01,0.01,74683.64,1776404171000
1776404173.672,73.672,0.44,0.45,0.55,0.56,0.01,0.01,74683.64,1776404172000
1776404174.052,74.052,0.44,0.46,0.55,0.56,0.02,0.01,74683.64,1776404172000
1776404174.414,74.414,0.45,0.46,0.54,0.55,0.01,0.01,74683.92,1776404173000
1776404174.761,74.761,0.45,0.46,0.54,0.55,0.01,0.01,74683.92,1776404173000
1776404175.127,75.127,0.46,0.47,0.53,0.54,0.01,0.01,74683.92,1776404173000
1776404175.659,75.659,0.47,0.48,0.52,0.54,0.01,0.02,74683.92,1776404174000
1776404176.057,76.057,0.47,0.48,0.52,0.53,0.01,0.01,74683.92,1776404174000
1776404176.511,76.511,0.47,0.48,0.52,0.53,0.01,0.01,74683.92,1776404174000
1776404176.892,76.892,0.5,0.51,0.49,0.51,0.01,0.02,74683.92,1776404175000
1776404177.255,77.255,0.5,0.51,0.49,0.5,0.01,0.01,74685.63,1776404176000
1776404178.056,78.056,0.5,0.51,0.48,0.5,0.01,0.02,74685.63,1776404176000
1776404178.437,78.437,0.5,0.52,0.49,0.5,0.02,0.01,74685.98,1776404177000
1776404178.822,78.822,0.5,0.52,0.48,0.5,0.02,0.02,74685.98,1776404177000
1776404179.303,79.303,0.51,0.52,0.48,0.5,0.01,0.02,74685.98,1776404177000
1776404179.683,79.683,0.51,0.52,0.48,0.49,0.01,0.01,74685.98,1776404178000
1776404180.148,80.148,0.51,0.52,0.48,0.49,0.01,0.01,74685.98,1776404179000
1776404180.739,80.739,0.51,0.52,0.48,0.49,0.01,0.01,74685.98,1776404179000
1776404181.177,81.177,0.51,0.54,0.46,0.49,0.03,0.03,74686.64,1776404180000
1776404181.594,81.594,0.53,0.55,0.46,0.47,0.02,0.01,74686.64,1776404180000
1776404181.942,81.942,0.54,0.55,0.45,0.46,0.01,0.01,74686.64,1776404180000
1776404182.303,82.303,0.54,0.55,0.45,0.46,0.01,0.01,74686.64,1776404180000
1776404182.642,82.642,0.54,0.55,0.45,0.46,0.01,0.01,74687.42,1776404181000
1776404183.006,83.006,0.54,0.55,0.45,0.46,0.01,0.01,74687.42,1776404182000
1776404183.385,83.385,0.54,0.55,0.45,0.46,0.01,0.01,74687.42,1776404182000
1776404183.73,83.73,0.54,0.55,0.45,0.46,0.01,0.01,74687.42,1776404182000
1776404184.065,84.065,0.56,0.57,0.42,0.45,0.01,0.03,74687.42,1776404182000
1776404184.494,84.494,0.56,0.57,0.43,0.44,0.01,0.01,74687.42,1776404182000
1776404184.947,84.947,0.56,0.57,0.43,0.44,0.01,0.01,74687.42,1776404182000
1776404185.314,85.314,0.56,0.57,0.43,0.44,0.01,0.01,74687.51,1776404183000
1776404185.758,85.758,0.56,0.58,0.43,0.44,0.02,0.01,74688.77,1776404184000
1776404186.107,86.107,0.57,0.58,0.42,0.43,0.01,0.01,74688.77,1776404184000
1776404186.472,86.472,0.52,0.53,0.47,0.48,0.01,0.01,74689.77,1776404185000
1776404186.816,86.816,0.52,0.53,0.47,0.48,0.01,0.01,74689.77,1776404185000
1776404187.165,87.165,0.52,0.53,0.47,0.48,0.01,0.01,74689.77,1776404185000
1776404187.509,87.509,0.51,0.52,0.48,0.49,0.01,0.01,74689.91,1776404186000
1776404187.86,87.86,0.51,0.52,0.48,0.49,0.01,0.01,74689.91,1776404186000
1776404188.214,88.214,0.51,0.52,0.48,0.49,0.01,0.01,74689.91,1776404186000
1776404188.569,88.569,0.51,0.52,0.48,0.49,0.01,0.01,74691.08,1776404187000
1776404188.926,88.926,0.51,0.52,0.48,0.49,0.01,0.01,74691.08,1776404187000
1776404189.282,89.282,0.51,0.52,0.48,0.49,0.01,0.01,74691.31,1776404188000
1776404189.66,89.66,0.51,0.52,0.48,0.49,0.01,0.01,74691.31,1776404188000
1776404190.041,90.041,0.5,0.52,0.48,0.49,0.02,0.01,74691.31,1776404188000
1776404190.419,90.419,0.5,0.52,0.48,0.5,0.02,0.02,74691.31,1776404188000
1776404190.768,90.768,0.5,0.51,0.48,0.5,0.01,0.02,74691.31,1776404189000
1776404191.295,91.295,0.5,0.52,0.48,0.5,0.02,0.02,74691.31,1776404190000
1776404191.638,91.638,0.51,0.52,0.48,0.49,0.01,0.01,74691.31,1776404190000
1776404192.444,92.444,0.51,0.52,0.48,0.49,0.01,0.01,74691.31,1776404190000
1776404192.79,92.79,0.51,0.52,0.48,0.49,0.01,0.01,74691.31,1776404191000
1776404193.193,93.193,0.51,0.52,0.48,0.49,0.01,0.01,74691.31,1776404192000
1776404193.946,93.946,0.51,0.52,0.48,0.49,0.01,0.01,74691.31,1776404192000
1776404194.288,94.288,0.51,0.52,0.48,0.49,0.01,0.01,74691.31,1776404193000
1776404195.124,95.124,0.51,0.52,0.48,0.49,0.01,0.01,74691.31,1776404193000
1776404195.579,95.579,0.51,0.52,0.48,0.49,0.01,0.01,74693.23,1776404194000
1776404195.926,95.926,0.51,0.53,0.48,0.49,0.02,0.01,74693.23,1776404194000
1776404196.274,96.274,0.51,0.52,0.48,0.49,0.01,0.01,74693.23,1776404194000
1776404196.7,96.7,0.51,0.52,0.48,0.49,0.01,0.01,74691.31,1776404195000
1776404197.1,97.1,0.51,0.52,0.48,0.49,0.01,0.01,74691.31,1776404195000
1776404197.711,97.711,0.51,0.52,0.48,0.49,0.01,0.01,74691.31,1776404196000
1776404198.263,98.263,0.51,0.52,0.48,0.49,0.01,0.01,74691.31,1776404196000
1776404199.13,99.13,0.51,0.52,0.48,0.49,0.01,0.01,74691.31,1776404197000
1776404199.963,99.963,0.51,0.52,0.48,0.49,0.01,0.01,74691.31,1776404197000
1776404200.327,100.327,0.51,0.52,0.48,0.49,0.01,0.01,74691.31,1776404199000
1776404200.769,100.769,0.51,0.52,0.48,0.49,0.01,0.01,74691.31,1776404199000
1776404201.217,101.217,0.51,0.52,0.48,0.49,0.01,0.01,74691.31,1776404200000
1776404202.228,102.228,0.51,0.52,0.48,0.49,0.01,0.01,74691.31,1776404201000
1776404203.218,103.218,0.51,0.52,0.48,0.49,0.01,0.01,74691.31,1776404202000
1776404203.716,103.716,0.51,0.52,0.48,0.49,0.01,0.01,74691.31,1776404202000
1776404204.196,104.196,0.51,0.52,0.48,0.49,0.01,0.01,74690.61,1776404203000
1776404205.141,105.141,0.51,0.52,0.48,0.49,0.01,0.01,74691.31,1776404204000
1776404206.006,106.006,0.51,0.52,0.48,0.49,0.01,0.01,74691.31,1776404204000
1776404206.766,106.766,0.52,0.53,0.47,0.48,0.01,0.01,74691.31,1776404205000
1776404207.252,107.252,0.52,0.53,0.47,0.48,0.01,0.01,74692.1,1776404206000
1776404207.98,107.98,0.49,0.5,0.48,0.54,0.01,0.06,74692.1,1776404206000
1776404208.374,108.374,0.49,0.5,0.5,0.51,0.01,0.01,74691.31,1776404207000
1776404209.011,109.011,0.49,0.5,0.5,0.51,0.01,0.01,74691.31,1776404207000
1776404209.588,109.588,0.49,0.5,0.47,0.51,0.01,0.04,74691.31,1776404208000
1776404210.195,110.195,0.49,0.5,0.5,0.51,0.01,0.01,74691.31,1776404208000
1776404210.571,110.571,0.49,0.5,0.5,0.51,0.01,0.01,74691.31,1776404209000
1776404211.474,111.474,0.49,0.5,0.5,0.51,0.01,0.01,74691.31,1776404210000
1776404211.96,111.96,0.49,0.5,0.5,0.51,0.01,0.01,74691.31,1776404210000
1776404212.411,112.411,0.49,0.5,0.5,0.51,0.01,0.01,74691.31,1776404211000
1776404212.931,112.931,0.49,0.5,0.5,0.51,0.01,0.01,74691.31,1776404211000
1776404213.771,113.771,0.49,0.5,0.5,0.51,0.01,0.01,74691.31,1776404212000
1776404214.112,114.112,0.49,0.52,0.48,0.51,0.03,0.03,74691.31,1776404212000
1776404214.663,114.663,0.51,0.52,0.48,0.49,0.01,0.01,74691.31,1776404212000
1776404215.306,115.306,0.51,0.52,0.48,0.49,0.01,0.01,74691.31,1776404214000
1776404215.708,115.708,0.51,0.52,0.48,0.49,0.01,0.01,74691.31,1776404214000
1776404216.049,116.049,0.52,0.53,0.47,0.49,0.01,0.02,74691.31,1776404214000
1776404216.399,116.399,0.52,0.53,0.47,0.48,0.01,0.01,74691.31,1776404214000
1776404216.742,116.742,0.52,0.53,0.47,0.48,0.01,0.01,74691.31,1776404214000
1776404217.104,117.104,0.52,0.53,0.47,0.48,0.01,0.01,74691.31,1776404215000
1776404217.477,117.477,0.52,0.53,0.47,0.48,0.01,0.01,74691.31,1776404215000
1776404217.832,117.832,0.52,0.53,0.47,0.48,0.01,0.01,74691.31,1776404216000
1776404218.272,118.272,0.52,0.53,0.47,0.48,0.01,0.01,74691.31,1776404216000
1776404218.635,118.635,0.52,0.53,0.47,0.48,0.01,0.01,74693.8,1776404217000
1776404219.209,119.209,0.52,0.53,0.47,0.48,0.01,0.01,74693.8,1776404217000
1776404219.806,119.806,0.52,0.53,0.47,0.48,0.01,0.01,74693.8,1776404218000
1776404220.712,120.712,0.5,0.51,0.47,0.48,0.01,0.01,74693.8,1776404218000
1776404221.152,121.152,0.45,0.48,0.52,0.55,0.03,0.03,74693.8,1776404219000
1776404221.486,121.486,0.36,0.38,0.62,0.64,0.02,0.02,74693.8,1776404219000
1776404221.835,121.835,0.36,0.38,0.62,0.66,0.02,0.04,74693.8,1776404219000
1776404222.239,122.239,0.32,0.33,0.64,0.69,0.01,0.05,74693.8,1776404220000
1776404222.601,122.601,0.32,0.33,0.67,0.68,0.01,0.01,74693.8,1776404220000
1776404222.937,122.937,0.32,0.33,0.67,0.68,0.01,0.01,74691.79,1776404221000
1776404223.494,123.494,0.32,0.33,0.67,0.68,0.01,0.01,74688.38,1776404222000
1776404224.121,124.121,0.32,0.33,0.67,0.68,0.01,0.01,74688.38,1776404222000
1776404224.455,124.455,0.32,0.33,0.67,0.68,0.01,0.01,74679.4,1776404223000
1776404224.959,124.959,0.32,0.33,0.67,0.68,0.01,0.01,74679.4,1776404223000
1776404225.303,125.303,0.32,0.33,0.67,0.68,0.01,0.01,74679.4,1776404223000
1776404225.677,125.677,0.32,0.33,0.67,0.68,0.01,0.01,74679.4,1776404223000
1776404226.255,126.255,0.32,0.33,0.67,0.68,0.01,0.01,74678.83,1776404224000
1776404226.774,126.774,0.31,0.32,0.68,0.69,0.01,0.01,74678.83,1776404224000
1776404227.454,127.454,0.31,0.32,0.68,0.69,0.01,0.01,74679.0,1776404225000
1776404227.841,127.841,0.3,0.32,0.68,0.69,0.02,0.01,74679.0,1776404226000
1776404228.176,128.176,0.26,0.31,0.69,0.74,0.05,0.05,74679.0,1776404226000
1776404228.518,128.518,0.25,0.26,0.73,0.75,0.01,0.02,74679.33,1776404227000
1776404228.869,128.869,0.25,0.26,0.74,0.75,0.01,0.01,74679.33,1776404227000
1776404229.23,129.23,0.25,0.26,0.74,0.75,0.01,0.01,74679.33,1776404227000
1776404229.603,129.603,0.25,0.27,0.74,0.75,0.02,0.01,74679.33,1776404227000
1776404229.962,129.962,0.26,0.27,0.73,0.74,0.01,0.01,74678.87,1776404228000
1776404230.482,130.482,0.26,0.27,0.73,0.74,0.01,0.01,74678.87,1776404228000
1776404231.435,131.435,0.27,0.29,0.71,0.73,0.02,0.02,74675.74,1776404230000
1776404231.779,131.779,0.3,0.31,0.69,0.7,0.01,0.01,74675.74,1776404230000
1776404232.149,132.149,0.3,0.31,0.69,0.7,0.01,0.01,74675.74,1776404230000
1776404232.596,132.596,0.31,0.32,0.69,0.7,0.01,0.01,74675.29,1776404231000
1776404233.154,133.154,0.31,0.32,0.68,0.69,0.01,0.01,74675.29,1776404231000
1776404233.828,133.828,0.31,0.32,0.68,0.69,0.01,0.01,74675.29,1776404231000
1776404234.31,134.31,0.32,0.33,0.67,0.69,0.01,0.02,74675.29,1776404231000
1776404235.178,135.178,0.32,0.33,0.67,0.68,0.01,0.01,74676.4,1776404234000
1776404235.525,135.525,0.34,0.35,0.65,0.66,0.01,0.01,74676.4,1776404234000
1776404236.143,136.143,0.34,0.35,0.65,0.66,0.01,0.01,74676.4,1776404234000
1776404236.648,136.648,0.34,0.35,0.65,0.66,0.01,0.01,74676.4,1776404235000
1776404237.248,137.248,0.32,0.36,0.64,0.65,0.04,0.01,74676.39,1776404236000
1776404237.933,137.933,0.33,0.34,0.66,0.67,0.01,0.01,74676.39,1776404236000
1776404238.289,138.289,0.32,0.33,0.67,0.68,0.01,0.01,74676.39,1776404236000
1776404238.641,138.641,0.32,0.33,0.67,0.68,0.01,0.01,74676.39,1776404237000
1776404239.002,139.002,0.31,0.33,0.67,0.69,0.02,0.02,74676.41,1776404238000
1776404239.359,139.359,0.3,0.31,0.69,0.7,0.01,0.01,74676.41,1776404238000
1776404239.747,139.747,0.3,0.31,0.69,0.7,0.01,0.01,74676.41,1776404238000
1776404240.098,140.098,0.34,0.35,0.65,0.66,0.01,0.01,74676.64,1776404239000
1776404240.475,140.475,0.34,0.35,0.65,0.66,0.01,0.01,74676.64,1776404239000
1776404240.927,140.927,0.34,0.35,0.65,0.66,0.01,0.01,74676.64,1776404239000
1776404241.268,141.268,0.34,0.35,0.63,0.66,0.01,0.03,74676.56,1776404240000
1776404241.722,141.722,0.34,0.37,0.65,0.66,0.03,0.01,74676.56,1776404240000
1776404242.159,142.159,0.38,0.39,0.63,0.64,0.01,0.01,74676.56,1776404240000
1776404242.519,142.519,0.4,0.41,0.59,0.6,0.01,0.01,74676.57,1776404241000
1776404243.192,143.192,0.41,0.44,0.59,0.6,0.03,0.01,74676.57,1776404241000
1776404243.581,143.581,0.45,0.48,0.52,0.54,0.03,0.02,74676.57,1776404242000
1776404243.994,143.994,0.51,0.52,0.47,0.49,0.01,0.02,74676.57,1776404242000
1776404244.399,144.399,0.53,0.54,0.46,0.47,0.01,0.01,74676.57,1776404242000
1776404244.851,144.851,0.53,0.54,0.46,0.47,0.01,0.01,74680.35,1776404243000
1776404245.238,145.238,0.53,0.55,0.45,0.47,0.02,0.02,74687.74,1776404244000
1776404245.591,145.591,0.54,0.55,0.45,0.46,0.01,0.01,74687.74,1776404244000
1776404245.93,145.93,0.54,0.55,0.45,0.46,0.01,0.01,74687.74,1776404244000
1776404246.31,146.31,0.54,0.55,0.45,0.46,0.01,0.01,74690.63,1776404245000
1776404246.659,146.659,0.54,0.55,0.45,0.46,0.01,0.01,74690.63,1776404245000
1776404247.037,147.037,0.54,0.55,0.45,0.46,0.01,0.01,74690.63,1776404245000
1776404247.437,147.437,0.54,0.55,0.45,0.46,0.01,0.01,74690.63,1776404245000
1776404248.106,148.106,0.54,0.55,0.45,0.46,0.01,0.01,74689.59,1776404247000
1776404249.045,149.045,0.54,0.55,0.45,0.46,0.01,0.01,74689.59,1776404247000
1776404249.486,149.486,0.54,0.55,0.45,0.46,0.01,0.01,74689.59,1776404248000
1776404249.865,149.865,0.54,0.55,0.45,0.46,0.01,0.01,74689.59,1776404248000
1776404250.372,150.372,0.54,0.55,0.45,0.46,0.01,0.01,74689.59,1776404248000
1776404250.764,150.764,0.54,0.55,0.45,0.46,0.01,0.01,74689.08,1776404249000
1776404251.292,151.292,0.54,0.55,0.45,0.46,0.01,0.01,74688.2,1776404250000
1776404251.633,151.633,0.54,0.55,0.45,0.46,0.01,0.01,74688.2,1776404250000
1776404251.98,151.98,0.53,0.54,0.45,0.47,0.01,0.02,74688.2,1776404250000
1776404252.379,152.379,0.52,0.53,0.47,0.49,0.01,0.02,74689.41,1776404251000
1776404252.731,152.731,0.52,0.53,0.47,0.48,0.01,0.01,74689.41,1776404251000
1776404253.128,153.128,0.52,0.53,0.47,0.48,0.01,0.01,74689.41,1776404252000
1776404253.595,153.595,0.51,0.53,0.47,0.48,0.02,0.01,74689.41,1776404252000
1776404254.076,154.076,0.5,0.51,0.48,0.5,0.01,0.02,74689.41,1776404252000
1776404254.786,154.786,0.49,0.5,0.49,0.51,0.01,0.02,74689.24,1776404253000
1776404255.196,155.196,0.48,0.5,0.5,0.51,0.02,0.01,74689.24,1776404253000
1776404255.573,155.573,0.48,0.49,0.51,0.52,0.01,0.01,74689.27,1776404254000
1776404255.909,155.909,0.48,0.49,0.51,0.52,0.01,0.01,74689.27,1776404254000
1776404256.261,156.261,0.48,0.49,0.51,0.52,0.01,0.01,74689.27,1776404255000
1776404256.765,156.765,0.48,0.49,0.51,0.52,0.01,0.01,74689.27,1776404255000
1776404257.356,157.356,0.45,0.48,0.52,0.53,0.03,0.01,74688.82,1776404256000
1776404257.692,157.692,0.45,0.46,0.54,0.55,0.01,0.01,74688.82,1776404256000
1776404258.271,158.271,0.43,0.45,0.54,0.56,0.02,0.02,74688.82,1776404257000
1776404258.988,158.988,0.4,0.44,0.56,0.57,0.04,0.01,74688.82,1776404257000
1776404259.505,159.505,0.39,0.4,0.6,0.61,0.01,0.01,74687.88,1776404258000
1776404259.862,159.862,0.37,0.38,0.6,0.62,0.01,0.02,74687.88,1776404258000
1776404260.233,160.233,0.35,0.37,0.63,0.64,0.02,0.01,74687.88,1776404258000
1776404260.588,160.588,0.35,0.36,0.64,0.65,0.01,0.01,74687.51,1776404259000
1776404260.953,160.953,0.35,0.36,0.64,0.65,0.01,0.01,74687.51,1776404259000
1776404261.354,161.354,0.34,0.35,0.64,0.65,0.01,0.01,74687.51,1776404259000
1776404261.78,161.78,0.34,0.35,0.65,0.66,0.01,0.01,74683.79,1776404260000
1776404262.127,162.127,0.34,0.35,0.65,0.66,0.01,0.01,74683.79,1776404260000
1776404262.558,162.558,0.34,0.35,0.65,0.66,0.01,0.01,74682.83,1776404261000
1776404263.04,163.04,0.34,0.35,0.65,0.66,0.01,0.01,74682.99,1776404262000
1776404263.398,163.398,0.33,0.34,0.65,0.66,0.01,0.01,74682.99,1776404262000
1776404263.803,163.803,0.33,0.34,0.66,0.67,0.01,0.01,74682.99,1776404262000
1776404264.182,164.182,0.33,0.34,0.66,0.67,0.01,0.01,74682.99,1776404262000
1776404264.528,164.528,0.33,0.34,0.66,0.67,0.01,0.01,74682.99,1776404262000
1776404264.88,164.88,0.33,0.34,0.66,0.67,0.01,0.01,74682.8,1776404263000
1776404265.286,165.286,0.33,0.34,0.66,0.67,0.01,0.01,74682.8,1776404263000
1776404265.624,165.624,0.33,0.34,0.66,0.67,0.01,0.01,74682.8,1776404264000
1776404266.082,166.082,0.4,0.42,0.59,0.62,0.02,0.03,74682.8,1776404264000
1776404266.452,166.452,0.46,0.47,0.53,0.55,0.01,0.02,74682.79,1776404265000
1776404266.993,166.993,0.48,0.49,0.51,0.54,0.01,0.03,74682.79,1776404265000
1776404267.359,167.359,0.48,0.49,0.51,0.52,0.01,0.01,74683.26,1776404266000
1776404267.828,167.828,0.48,0.49,0.51,0.52,0.01,0.01,74683.26,1776404266000
1776404268.166,168.166,0.48,0.49,0.51,0.52,0.01,0.01,74687.61,1776404267000
1776404268.736,168.736,0.49,0.51,0.51,0.52,0.02,0.01,74687.61,1776404267000
1776404269.074,169.074,0.53,0.54,0.46,0.47,0.01,0.01,74685.55,1776404268000
1776404269.719,169.719,0.53,0.54,0.46,0.47,0.01,0.01,74685.55,1776404268000
1776404270.093,170.093,0.53,0.54,0.46,0.47,0.01,0.01,74685.55,1776404268000
1776404270.448,170.448,0.53,0.54,0.46,0.47,0.01,0.01,74688.7,1776404269000
1776404270.804,170.804,0.53,0.54,0.46,0.47,0.01,0.01,74688.7,1776404269000
1776404271.321,171.321,0.53,0.54,0.46,0.47,0.01,0.01,74691.51,1776404270000
1776404271.698,171.698,0.53,0.54,0.46,0.47,0.01,0.01,74691.51,1776404270000
1776404272.043,172.043,0.53,0.54,0.46,0.47,0.01,0.01,74691.51,1776404270000
1776404272.389,172.389,0.53,0.54,0.45,0.47,0.01,0.02,74691.51,1776404271000
1776404273.016,173.016,0.54,0.55,0.45,0.46,0.01,0.01,74696.65,1776404272000
1776404273.985,173.985,0.54,0.55,0.45,0.46,0.01,0.01,74691.51,1776404273000
1776404274.703,174.703,0.54,0.55,0.45,0.46,0.01,0.01,74691.51,1776404273000
1776404275.137,175.137,0.54,0.55,0.45,0.46,0.01,0.01,74691.51,1776404274000
1776404275.605,175.605,0.54,0.55,0.45,0.46,0.01,0.01,74691.51,1776404274000
1776404275.94,175.94,0.54,0.55,0.45,0.46,0.01,0.01,74691.51,1776404275000
1776404276.37,176.37,0.54,0.55,0.45,0.46,0.01,0.01,74691.51,1776404275000
1776404276.865,176.865,0.54,0.55,0.45,0.46,0.01,0.01,74691.51,1776404275000
1776404277.203,177.203,0.54,0.55,0.45,0.46,0.01,0.01,74693.03,1776404276000
1776404277.667,177.667,0.54,0.55,0.45,0.46,0.01,0.01,74693.03,1776404276000
1776404278.252,178.252,0.54,0.55,0.45,0.46,0.01,0.01,74693.03,1776404276000
1776404278.661,178.661,0.54,0.55,0.45,0.46,0.01,0.01,74691.96,1776404277000
1776404279.089,179.089,0.54,0.55,0.45,0.46,0.01,0.01,74691.96,1776404278000
1776404279.442,179.442,0.52,0.53,0.47,0.48,0.01,0.01,74691.96,1776404278000
1776404280.226,180.226,0.52,0.53,0.47,0.48,0.01,0.01,74691.96,1776404279000
1776404280.692,180.692,0.52,0.53,0.47,0.48,0.01,0.01,74691.96,1776404279000
1776404281.114,181.114,0.54,0.55,0.45,0.46,0.01,0.01,74691.96,1776404279000
1776404281.611,181.611,0.56,0.58,0.43,0.44,0.02,0.01,74691.96,1776404280000
1776404282.024,182.024,0.57,0.58,0.42,0.44,0.01,0.02,74691.96,1776404280000
1776404282.467,182.467,0.57,0.58,0.42,0.43,0.01,0.01,74691.51,1776404281000
1776404282.85,182.85,0.57,0.58,0.42,0.43,0.01,0.01,74691.51,1776404281000
1776404283.23,183.23,0.57,0.58,0.42,0.43,0.01,0.01,74691.51,1776404281000
1776404283.576,183.576,0.57,0.58,0.42,0.43,0.01,0.01,74691.51,1776404282000
1776404283.978,183.978,0.51,0.52,0.46,0.53,0.01,0.07,74691.51,1776404282000
1776404284.35,184.35,0.47,0.48,0.48,0.5,0.01,0.02,74691.51,1776404282000
1776404284.712,184.712,0.46,0.47,0.53,0.54,0.01,0.01,74691.51,1776404283000
1776404285.058,185.058,0.45,0.46,0.53,0.54,0.01,0.01,74691.51,1776404283000
1776404285.391,185.391,0.45,0.46,0.54,0.55,0.01,0.01,74691.51,1776404284000
1776404285.843,185.843,0.45,0.46,0.54,0.55,0.01,0.01,74691.51,1776404284000
1776404286.221,186.221,0.45,0.46,0.54,0.55,0.01,0.01,74691.51,1776404284000
1776404286.758,186.758,0.45,0.46,0.54,0.55,0.01,0.01,74691.48,1776404285000
1776404287.146,187.146,0.45,0.46,0.54,0.55,0.01,0.01,74691.48,1776404285000
1776404287.543,187.543,0.45,0.46,0.54,0.55,0.01,0.01,74691.13,1776404286000
1776404287.886,187.886,0.45,0.46,0.54,0.55,0.01,0.01,74691.13,1776404286000
1776404288.247,188.247,0.45,0.46,0.54,0.55,0.01,0.01,74691.13,1776404287000
1776404288.649,188.649,0.45,0.46,0.54,0.55,0.01,0.01,74691.13,1776404287000
1776404289.032,189.032,0.46,0.47,0.53,0.55,0.01,0.02,74691.13,1776404287000
1776404289.499,189.499,0.5,0.54,0.49,0.5,0.04,0.01,74690.49,1776404288000
1776404289.926,189.926,0.55,0.56,0.44,0.45,0.01,0.01,74690.49,1776404288000
1776404290.264,190.264,0.56,0.58,0.42,0.44,0.02,0.02,74690.49,1776404289000
1776404291.329,191.329,0.56,0.57,0.42,0.44,0.01,0.02,74690.49,1776404289000
1776404292.047,192.047,0.56,0.57,0.43,0.44,0.01,0.01,74691.17,1776404290000
1776404292.411,192.411,0.56,0.57,0.43,0.44,0.01,0.01,74691.17,1776404290000
1776404292.748,192.748,0.56,0.57,0.43,0.44,0.01,0.01,74692.84,1776404291000
1776404293.16,193.16,0.56,0.57,0.43,0.44,0.01,0.01,74692.84,1776404291000
1776404293.729,193.729,0.56,0.57,0.43,0.44,0.01,0.01,74692.84,1776404291000
1776404294.065,194.065,0.56,0.57,0.43,0.44,0.01,0.01,74694.8,1776404292000
1776404294.509,194.509,0.56,0.57,0.43,0.44,0.01,0.01,74694.72,1776404293000
1776404294.964,194.964,0.56,0.57,0.43,0.44,0.01,0.01,74694.72,1776404293000
1776404295.442,195.442,0.54,0.55,0.45,0.46,0.01,0.01,74693.12,1776404294000
1776404295.79,195.79,0.54,0.55,0.45,0.46,0.01,0.01,74693.12,1776404294000
1776404296.187,196.187,0.54,0.55,0.45,0.46,0.01,0.01,74693.12,1776404294000
1776404296.538,196.538,0.54,0.55,0.45,0.46,0.01,0.01,74693.12,1776404294000
1776404296.957,196.957,0.54,0.55,0.45,0.46,0.01,0.01,74692.68,1776404295000
1776404297.41,197.41,0.54,0.56,0.44,0.46,0.02,0.02,74692.68,1776404296000
1776404298.03,198.03,0.54,0.56,0.44,0.46,0.02,0.02,74692.68,1776404297000
1776404298.847,198.847,0.55,0.56,0.43,0.45,0.01,0.02,74692.68,1776404297000
1776404299.377,199.377,0.55,0.57,0.44,0.45,0.02,0.01,74692.68,1776404297000
1776404299.97,199.97,0.56,0.58,0.42,0.45,0.02,0.03,74691.32,1776404298000
1776404300.639,200.639,0.56,0.58,0.42,0.44,0.02,0.02,74693.1,1776404299000
1776404301.663,201.663,0.56,0.57,0.42,0.44,0.01,0.02,74695.52,1776404300000
1776404302.282,202.282,0.59,0.61,0.39,0.41,0.02,0.02,74695.52,1776404300000
1776404302.644,202.644,0.61,0.64,0.36,0.39,0.03,0.03,74696.34,1776404301000
1776404302.986,202.986,0.62,0.63,0.37,0.38,0.01,0.01,74696.34,1776404301000
1776404303.403,203.403,0.64,0.65,0.35,0.37,0.01,0.02,74697.09,1776404302000
1776404303.992,203.992,0.64,0.65,0.35,0.36,0.01,0.01,74697.09,1776404302000
1776404304.343,204.343,0.64,0.65,0.35,0.36,0.01,0.01,74697.75,1776404303000
1776404305.292,205.292,0.64,0.65,0.35,0.36,0.01,0.01,74697.75,1776404304000
1776404305.722,205.722,0.64,0.65,0.35,0.36,0.01,0.01,74697.75,1776404304000
1776404306.278,206.278,0.64,0.65,0.35,0.36,0.01,0.01,74697.75,1776404305000
1776404306.614,206.614,0.63,0.65,0.35,0.36,0.02,0.01,74697.75,1776404305000
1776404307.05,207.05,0.63,0.65,0.35,0.37,0.02,0.02,74697.75,1776404305000
1776404307.655,207.655,0.63,0.65,0.35,0.37,0.02,0.02,74696.91,1776404306000
1776404308.123,208.123,0.63,0.64,0.35,0.37,0.01,0.02,74696.91,1776404306000
1776404308.486,208.486,0.62,0.64,0.37,0.38,0.02,0.01,74695.86,1776404307000
1776404308.828,208.828,0.62,0.63,0.37,0.38,0.01,0.01,74695.86,1776404307000
1776404309.215,209.215,0.62,0.63,0.37,0.38,0.01,0.01,74696.07,1776404308000
1776404309.622,209.622,0.62,0.63,0.37,0.38,0.01,0.01,74696.07,1776404308000
1776404310.081,210.081,0.62,0.63,0.37,0.38,0.01,0.01,74696.07,1776404308000
1776404310.414,210.414,0.62,0.63,0.37,0.38,0.01,0.01,74696.07,1776404309000
1776404310.917,210.917,0.63,0.64,0.36,0.38,0.01,0.02,74696.07,1776404309000
1776404311.289,211.289,0.63,0.64,0.36,0.37,0.01,0.01,74696.07,1776404309000
1776404311.679,211.679,0.64,0.65,0.35,0.36,0.01,0.01,74696.92,1776404310000
1776404312.849,212.849,0.64,0.65,0.35,0.36,0.01,0.01,74696.92,1776404311000
1776404313.218,213.218,0.64,0.65,0.35,0.36,0.01,0.01,74696.92,1776404311000
1776404313.599,213.599,0.64,0.65,0.35,0.36,0.01,0.01,74697.05,1776404312000
1776404314.273,214.273,0.6,0.65,0.35,0.4,0.05,0.05,74697.68,1776404313000
1776404314.626,214.626,0.64,0.66,0.35,0.4,0.02,0.05,74697.68,1776404313000
1776404314.967,214.967,0.64,0.66,0.34,0.36,0.02,0.02,74697.68,1776404313000
1776404315.309,215.309,0.64,0.65,0.35,0.36,0.01,0.01,74697.68,1776404313000
1776404315.997,215.997,0.64,0.65,0.35,0.36,0.01,0.01,74697.08,1776404314000
1776404316.355,216.355,0.64,0.65,0.35,0.36,0.01,0.01,74696.86,1776404315000
1776404316.955,216.955,0.64,0.65,0.35,0.36,0.01,0.01,74696.86,1776404315000
1776404317.443,217.443,0.64,0.65,0.35,0.38,0.01,0.03,74696.86,1776404315000
1776404317.965,217.965,0.61,0.62,0.36,0.37,0.01,0.01,74697.2,1776404316000
1776404318.361,218.361,0.61,0.62,0.38,0.39,0.01,0.01,74697.2,1776404316000
1776404318.703,218.703,0.61,0.62,0.38,0.39,0.01,0.01,74697.19,1776404317000
1776404319.041,219.041,0.63,0.64,0.36,0.37,0.01,0.01,74697.19,1776404318000
1776404320.2,220.2,0.63,0.64,0.36,0.37,0.01,0.01,74697.19,1776404318000
1776404320.614,220.614,0.63,0.64,0.36,0.37,0.01,0.01,74697.32,1776404319000
1776404321.163,221.163,0.63,0.64,0.36,0.37,0.01,0.01,74697.32,1776404320000
1776404321.527,221.527,0.63,0.64,0.36,0.37,0.01,0.01,74697.32,1776404320000
1776404322.191,222.191,0.63,0.64,0.36,0.37,0.01,0.01,74697.32,1776404320000
1776404322.702,222.702,0.63,0.64,0.36,0.37,0.01,0.01,74697.32,1776404320000
1776404323.199,223.199,0.6,0.64,0.36,0.41,0.04,0.05,74697.48,1776404321000
1776404323.691,223.691,0.59,0.64,0.36,0.4,0.05,0.04,74697.09,1776404322000
1776404324.198,224.198,0.54,0.64,0.36,0.41,0.1,0.05,74695.38,1776404323000
1776404324.569,224.569,0.63,0.64,0.36,0.37,0.01,0.01,74695.38,1776404323000
1776404324.921,224.921,0.54,0.64,0.38,0.46,0.1,0.08,74695.38,1776404323000
1776404325.325,225.325,0.59,0.6,0.39,0.41,0.01,0.02,74695.38,1776404323000
1776404326.247,226.247,0.55,0.57,0.43,0.45,0.02,0.02,74693.55,1776404325000
1776404326.593,226.593,0.55,0.63,0.43,0.45,0.08,0.02,74693.55,1776404325000
1776404326.956,226.956,0.53,0.54,0.46,0.47,0.01,0.01,74693.55,1776404325000
1776404327.361,227.361,0.53,0.54,0.46,0.47,0.01,0.01,74693.55,1776404325000
1776404327.743,227.743,0.53,0.54,0.46,0.47,0.01,0.01,74693.55,1776404326000
1776404328.102,228.102,0.53,0.54,0.46,0.47,0.01,0.01,74693.55,1776404326000
1776404328.485,228.485,0.53,0.54,0.46,0.47,0.01,0.01,74693.55,1776404327000
1776404328.985,228.985,0.53,0.54,0.46,0.47,0.01,0.01,74693.55,1776404327000
1776404329.355,229.355,0.53,0.54,0.46,0.47,0.01,0.01,74693.55,1776404327000
1776404329.713,229.713,0.53,0.54,0.46,0.47,0.01,0.01,74693.55,1776404328000
1776404330.149,230.149,0.53,0.54,0.46,0.47,0.01,0.01,74693.55,1776404328000
1776404330.586,230.586,0.52,0.53,0.46,0.48,0.01,0.02,74693.55,1776404328000
1776404330.928,230.928,0.52,0.53,0.47,0.48,0.01,0.01,74693.55,1776404329000
1776404331.413,231.413,0.52,0.53,0.47,0.48,0.01,0.01,74693.55,1776404330000
1776404331.832,231.832,0.52,0.53,0.47,0.48,0.01,0.01,74693.55,1776404330000
1776404332.34,232.34,0.52,0.53,0.47,0.48,0.01,0.01,74693.55,1776404331000
1776404333.692,233.692,0.52,0.53,0.47,0.48,0.01,0.01,74693.34,1776404332000
1776404334.378,234.378,0.52,0.53,0.47,0.48,0.01,0.01,74693.13,1776404333000
1776404334.941,234.941,0.52,0.53,0.47,0.48,0.01,0.01,74693.13,1776404334000
1776404336.318,236.318,0.52,0.53,0.47,0.48,0.01,0.01,74692.87,1776404335000
1776404337.473,237.473,0.52,0.53,0.47,0.48,0.01,0.01,74692.61,1776404336000
1776404337.938,237.938,0.52,0.53,0.47,0.48,0.01,0.01,74692.61,1776404336000
1776404338.709,238.709,0.52,0.53,0.47,0.48,0.01,0.01,74692.61,1776404337000
1776404339.21,239.21,0.52,0.53,0.47,0.48,0.01,0.01,74692.61,1776404337000
1776404339.581,239.581,0.52,0.53,0.47,0.48,0.01,0.01,74692.61,1776404338000
1776404340.208,240.208,0.52,0.53,0.47,0.48,0.01,0.01,74692.61,1776404339000
1776404340.625,240.625,0.53,0.55,0.46,0.47,0.02,0.01,74692.61,1776404339000
1776404341.068,241.068,0.54,0.55,0.45,0.46,0.01,0.01,74692.61,1776404339000
1776404341.446,241.446,0.54,0.55,0.45,0.46,0.01,0.01,74692.97,1776404340000
1776404341.856,241.856,0.54,0.55,0.45,0.46,0.01,0.01,74692.97,1776404340000
1776404342.212,242.212,0.55,0.56,0.45,0.46,0.01,0.01,74693.07,1776404341000
1776404342.556,242.556,0.62,0.64,0.36,0.38,0.02,0.02,74693.07,1776404341000
1776404343.014,243.014,0.63,0.65,0.36,0.37,0.02,0.01,74693.07,1776404341000
1776404343.496,243.496,0.67,0.68,0.33,0.34,0.01,0.01,74693.07,1776404341000
1776404343.982,243.982,0.67,0.68,0.32,0.33,0.01,0.01,74693.12,1776404342000
1776404344.422,244.422,0.68,0.69,0.32,0.33,0.01,0.01,74693.12,1776404342000
1776404344.796,244.796,0.69,0.71,0.29,0.3,0.02,0.01,74694.99,1776404343000
1776404345.168,245.168,0.68,0.69,0.31,0.32,0.01,0.01,74694.99,1776404343000
1776404345.843,245.843,0.68,0.69,0.31,0.32,0.01,0.01,74695.59,1776404344000
1776404346.344,246.344,0.69,0.7,0.3,0.31,0.01,0.01,74695.59,1776404344000
1776404346.743,246.743,0.7,0.71,0.29,0.3,0.01,0.01,74697.31,1776404345000
1776404347.137,247.137,0.7,0.71,0.29,0.3,0.01,0.01,74697.31,1776404345000
1776404347.494,247.494,0.7,0.71,0.29,0.3,0.01,0.01,74697.71,1776404346000
1776404347.923,247.923,0.7,0.71,0.29,0.3,0.01,0.01,74697.71,1776404346000
1776404348.349,248.349,0.71,0.72,0.28,0.3,0.01,0.02,74697.34,1776404347000
1776404348.8,248.8,0.71,0.72,0.28,0.29,0.01,0.01,74697.34,1776404347000
1776404349.15,249.15,0.71,0.72,0.28,0.29,0.01,0.01,74699.06,1776404348000
1776404349.678,249.678,0.73,0.74,0.26,0.29,0.01,0.03,74699.06,1776404348000
1776404350.121,250.121,0.72,0.74,0.26,0.28,0.02,0.02,74697.56,1776404349000
1776404350.54,250.54,0.7,0.71,0.28,0.29,0.01,0.01,74697.56,1776404349000
1776404350.877,250.877,0.69,0.71,0.29,0.3,0.02,0.01,74697.56,1776404349000
1776404351.283,251.283,0.69,0.7,0.29,0.31,0.01,0.02,74697.56,1776404350000
1776404351.749,251.749,0.64,0.65,0.32,0.38,0.01,0.06,74697.56,1776404350000
1776404352.164,252.164,0.61,0.62,0.35,0.39,0.01,0.04,74697.56,1776404350000
1776404352.528,252.528,0.61,0.62,0.38,0.39,0.01,0.01,74697.56,1776404351000
1776404352.949,252.949,0.6,0.61,0.39,0.4,0.01,0.01,74697.56,1776404351000
1776404353.304,253.304,0.6,0.61,0.39,0.4,0.01,0.01,74697.56,1776404351000
1776404353.655,253.655,0.6,0.61,0.39,0.4,0.01,0.01,74697.2,1776404352000
1776404354.006,254.006,0.6,0.61,0.39,0.4,0.01,0.01,74697.2,1776404352000
1776404354.401,254.401,0.6,0.61,0.39,0.4,0.01,0.01,74697.2,1776404352000
1776404354.91,254.91,0.6,0.61,0.39,0.4,0.01,0.01,74696.19,1776404353000
1776404355.338,255.338,0.62,0.63,0.37,0.38,0.01,0.01,74696.19,1776404354000
1776404355.702,255.702,0.61,0.65,0.38,0.39,0.04,0.01,74696.19,1776404354000
1776404356.042,256.042,0.61,0.62,0.35,0.43,0.01,0.08,74695.83,1776404355000
1776404356.7,256.7,0.61,0.62,0.37,0.39,0.01,0.02,74695.83,1776404355000
1776404357.035,257.035,0.6,0.61,0.39,0.4,0.01,0.01,74695.83,1776404356000
1776404357.556,257.556,0.55,0.61,0.39,0.4,0.06,0.01,74695.83,1776404356000
1776404357.91,257.91,0.52,0.57,0.43,0.44,0.05,0.01,74695.83,1776404356000
1776404358.262,258.262,0.52,0.55,0.45,0.46,0.03,0.01,74696.13,1776404357000
1776404358.785,258.785,0.51,0.52,0.46,0.48,0.01,0.02,74696.13,1776404357000
1776404359.18,259.18,0.51,0.52,0.48,0.49,0.01,0.01,74696.13,1776404357000
1776404359.72,259.72,0.51,0.52,0.48,0.49,0.01,0.01,74696.13,1776404358000
1776404360.065,260.065,0.5,0.51,0.49,0.5,0.01,0.01,74696.13,1776404358000
1776404360.403,260.403,0.5,0.51,0.49,0.5,0.01,0.01,74696.13,1776404358000
1776404360.769,260.769,0.5,0.51,0.49,0.5,0.01,0.01,74695.24,1776404359000
1776404361.267,261.267,0.5,0.51,0.49,0.5,0.01,0.01,74695.24,1776404359000
1776404361.813,261.813,0.5,0.51,0.49,0.5,0.01,0.01,74695.2,1776404360000
1776404362.501,262.501,0.5,0.51,0.49,0.5,0.01,0.01,74695.18,1776404361000
1776404363.043,263.043,0.5,0.51,0.49,0.5,0.01,0.01,74695.18,1776404361000
1776404363.995,263.995,0.5,0.51,0.49,0.5,0.01,0.01,74695.03,1776404362000
1776404364.427,264.427,0.5,0.51,0.49,0.5,0.01,0.01,74695.03,1776404363000
1776404364.891,264.891,0.5,0.51,0.49,0.5,0.01,0.01,74695.03,1776404363000
1776404365.229,265.229,0.5,0.51,0.49,0.5,0.01,0.01,74695.03,1776404363000
1776404365.824,265.824,0.5,0.51,0.49,0.5,0.01,0.01,74695.16,1776404364000
1776404366.283,266.283,0.5,0.51,0.49,0.5,0.01,0.01,74695.32,1776404365000
1776404367.287,267.287,0.49,0.5,0.49,0.51,0.01,0.02,74695.32,1776404365000
1776404367.862,267.862,0.49,0.5,0.5,0.51,0.01,0.01,74695.12,1776404366000
1776404368.393,268.393,0.49,0.5,0.5,0.51,0.01,0.01,74695.12,1776404367000
1776404368.821,268.821,0.49,0.5,0.5,0.51,0.01,0.01,74695.12,1776404367000
1776404369.384,269.384,0.49,0.5,0.5,0.51,0.01,0.01,74695.12,1776404368000
1776404369.835,269.835,0.49,0.51,0.5,0.51,0.02,0.01,74695.12,1776404368000
1776404370.222,270.222,0.49,0.5,0.5,0.51,0.01,0.01,74695.12,1776404369000
1776404370.789,270.789,0.48,0.49,0.5,0.51,0.01,0.01,74695.12,1776404369000
1776404371.216,271.216,0.4,0.41,0.57,0.58,0.01,0.01,74695.12,1776404369000
1776404371.579,271.579,0.34,0.36,0.63,0.65,0.02,0.02,74694.43,1776404370000
1776404371.925,271.925,0.08,0.18,0.8,0.92,0.1,0.12,74694.43,1776404370000
1776404372.271,272.271,0.05,0.08,0.92,0.95,0.03,0.03,74694.43,1776404370000
1776404372.612,272.612,0.05,0.06,0.94,0.95,0.01,0.01,74694.43,1776404371000
1776404372.948,272.948,0.05,0.06,0.94,0.95,0.01,0.01,74694.43,1776404371000
1776404373.284,273.284,0.06,0.07,0.93,0.94,0.01,0.01,74694.43,1776404371000
1776404373.66,273.66,0.06,0.07,0.93,0.94,0.01,0.01,74682.82,1776404372000
1776404373.996,273.996,0.1,0.11,0.89,0.9,0.01,0.01,74675.28,1776404373000
1776404374.4,274.4,0.07,0.08,0.92,0.93,0.01,0.01,74675.28,1776404373000
1776404374.734,274.734,0.08,0.09,0.91,0.92,0.01,0.01,74675.28,1776404373000
1776404375.142,275.142,0.08,0.09,0.91,0.92,0.01,0.01,74675.28,1776404373000
1776404375.51,275.51,0.08,0.09,0.91,0.92,0.01,0.01,74662.79,1776404374000
1776404375.847,275.847,0.06,0.09,0.93,0.94,0.03,0.01,74662.79,1776404374000
1776404376.205,276.205,0.06,0.07,0.93,0.94,0.01,0.01,74662.78,1776404375000
1776404376.577,276.577,0.07,0.08,0.92,0.93,0.01,0.01,74662.78,1776404375000
1776404377.053,277.053,0.06,0.07,0.92,0.94,0.01,0.02,74662.78,1776404375000
1776404377.504,277.504,0.06,0.07,0.93,0.94,0.01,0.01,74662.78,1776404376000
1776404377.87,277.87,0.06,0.08,0.93,0.94,0.02,0.01,74662.78,1776404376000
1776404378.306,278.306,0.07,0.08,0.92,0.93,0.01,0.01,74663.24,1776404377000
1776404378.681,278.681,0.06,0.07,0.92,0.94,0.01,0.02,74663.24,1776404377000
1776404379.118,279.118,0.06,0.07,0.93,0.94,0.01,0.01,74663.24,1776404377000
1776404379.539,279.539,0.08,0.09,0.91,0.94,0.01,0.03,74663.51,1776404378000
1776404379.926,279.926,0.08,0.09,0.91,0.92,0.01,0.01,74663.51,1776404378000
1776404380.268,280.268,0.09,0.1,0.9,0.91,0.01,0.01,74664.05,1776404379000
1776404380.703,280.703,0.08,0.09,0.91,0.92,0.01,0.01,74664.05,1776404379000
1776404381.071,281.071,0.08,0.09,0.91,0.92,0.01,0.01,74664.05,1776404379000
1776404381.487,281.487,0.08,0.09,0.91,0.92,0.01,0.01,74664.63,1776404380000
1776404381.826,281.826,0.08,0.09,0.91,0.92,0.01,0.01,74664.63,1776404380000
1776404382.418,282.418,0.07,0.08,0.92,0.93,0.01,0.01,74665.27,1776404381000
1776404382.758,282.758,0.07,0.08,0.92,0.93,0.01,0.01,74665.27,1776404381000
1776404383.273,283.273,0.06,0.07,0.93,0.94,0.01,0.01,74665.27,1776404381000
1776404383.611,283.611,0.05,0.06,0.94,0.95,0.01,0.01,74666.16,1776404382000
1776404383.976,283.976,0.04,0.05,0.95,0.96,0.01,0.01,74666.16,1776404382000
1776404384.309,284.309,0.05,0.06,0.94,0.95,0.01,0.01,74666.16,1776404382000
1776404384.82,284.82,0.05,0.06,0.94,0.95,0.01,0.01,74666.4,1776404383000
1776404385.264,285.264,0.05,0.06,0.94,0.95,0.01,0.01,74666.4,1776404383000
1776404385.6,285.6,0.05,0.06,0.94,0.95,0.01,0.01,74666.73,1776404384000
1776404385.949,285.949,0.04,0.05,0.94,0.97,0.01,0.03,74666.73,1776404384000
1776404386.42,286.42,0.03,0.04,0.96,0.97,0.01,0.01,74666.73,1776404385000
1776404386.782,286.782,0.04,0.05,0.95,0.96,0.01,0.01,74666.73,1776404385000
1776404387.234,287.234,0.05,0.06,0.95,0.97,0.01,0.02,74666.73,1776404386000
1776404387.572,287.572,0.03,0.06,0.94,0.95,0.03,0.01,74666.73,1776404386000
1776404387.92,287.92,0.03,0.04,0.96,0.97,0.01,0.01,74666.73,1776404386000
1776404388.26,288.26,0.04,0.05,0.95,0.96,0.01,0.01,74666.59,1776404387000
1776404388.622,288.622,0.04,0.05,0.95,0.96,0.01,0.01,74666.59,1776404387000
1776404389.002,289.002,0.03,0.05,0.95,0.96,0.02,0.01,74666.59,1776404387000
1776404389.364,289.364,0.04,0.05,0.95,0.97,0.01,0.02,74666.59,1776404387000
1776404389.737,289.737,0.04,0.05,0.95,0.96,0.01,0.01,74665.83,1776404388000
1776404390.222,290.222,0.05,0.06,0.95,0.97,0.01,0.02,74665.83,1776404388000
1776404390.644,290.644,0.03,0.04,0.96,0.97,0.01,0.01,74665.83,1776404389000
1776404391.034,291.034,0.02,0.03,0.97,0.98,0.01,0.01,74665.83,1776404389000
1776404391.37,291.37,0.01,0.03,0.97,0.98,0.02,0.01,74665.83,1776404389000
1776404391.731,291.731,0.01,0.02,0.98,0.99,0.01,0.01,74665.83,1776404390000
1776404392.143,292.143,0.01,0.01,0.99,0.99,0.0,0.0,74666.02,1776404391000
1776404392.678,292.678,0.01,0.01,0.99,0.99,0.0,0.0,74666.02,1776404391000
1776404393.172,293.172,0.01,0.01,0.99,0.99,0.0,0.0,74666.02,1776404391000
1776404393.72,293.72,0.01,0.01,0.99,0.99,0.0,0.0,74666.02,1776404391000
1776404394.063,294.063,0.01,0.01,0.99,0.99,0.0,0.0,74666.02,1776404391000
1776404394.517,294.517,0.01,0.01,0.99,0.99,0.0,0.0,74655.67,1776404393000
1776404395.048,295.048,0.01,0.01,0.99,0.99,0.0,0.0,74655.67,1776404393000
1776404395.64,295.64,0.01,0.01,0.99,0.99,0.0,0.0,74655.67,1776404393000
1776404396.254,296.254,0.01,0.01,0.99,0.99,0.0,0.0,74649.68,1776404395000
1776404396.626,296.626,0.01,0.01,0.99,0.99,0.0,0.0,74649.68,1776404395000
1776404397.022,297.022,0.01,0.01,0.99,0.99,0.0,0.0,74649.68,1776404395000
1776404397.559,297.559,0.01,0.01,0.99,0.99,0.0,0.0,74649.01,1776404396000
1776404398.262,298.262,0.01,0.01,0.99,0.99,0.0,0.0,74649.8,1776404397000
1776404398.939,298.939,0.01,0.01,0.99,0.99,0.0,0.0,74649.8,1776404397000
1776404399.666,299.666,0.01,0.01,0.99,0.99,0.0,0.0,74649.28,1776404398000
1776404400.322,300.322,0.01,0.01,0.99,0.99,0.0,0.0,74649.28,1776404399000
1776404400.81,300.81,0.01,0.01,0.99,0.99,0.0,0.0,74649.28,1776404399000

# RESULT,winner=Down,slug=btc-updown-5m-1776404100,ticks=638
