timestamp,elapsed_sec,up_bid,up_ask,down_bid,down_ask,up_spread,down_spread,btc_price,btc_oracle_ts
1776579600.52,0.52,0.61,0.65,0.35,0.39,0.04,0.04,75398.14,1776579599000
1776579600.911,0.911,0.63,0.64,0.36,0.37,0.01,0.01,75398.14,1776579599000
1776579601.258,1.258,0.63,0.64,0.36,0.37,0.01,0.01,75398.14,1776579599000
1776579601.685,1.685,0.63,0.64,0.36,0.37,0.01,0.01,75400.56,1776579600000
1776579602.067,2.067,0.63,0.64,0.36,0.37,0.01,0.01,75400.56,1776579600000
1776579602.486,2.486,0.6,0.61,0.38,0.4,0.01,0.02,75400.56,1776579600000
1776579602.842,2.842,0.6,0.61,0.39,0.4,0.01,0.01,75404.29,1776579601000
1776579603.178,3.178,0.6,0.61,0.39,0.4,0.01,0.01,75404.29,1776579601000
1776579603.535,3.535,0.6,0.61,0.39,0.4,0.01,0.01,75408.85,1776579602000
1776579603.926,3.926,0.59,0.6,0.4,0.41,0.01,0.01,75408.85,1776579602000
1776579604.289,4.289,0.59,0.6,0.4,0.41,0.01,0.01,75407.81,1776579603000
1776579604.744,4.744,0.57,0.58,0.4,0.43,0.01,0.03,75407.81,1776579603000
1776579605.164,5.164,0.57,0.58,0.42,0.43,0.01,0.01,75407.81,1776579603000
1776579605.614,5.614,0.56,0.57,0.43,0.44,0.01,0.01,75407.81,1776579603000
1776579606.001,6.001,0.56,0.57,0.43,0.44,0.01,0.01,75403.51,1776579604000
1776579606.417,6.417,0.56,0.57,0.43,0.44,0.01,0.01,75403.51,1776579604000
1776579606.824,6.824,0.56,0.57,0.43,0.44,0.01,0.01,75402.22,1776579605000
1776579607.174,7.174,0.56,0.57,0.43,0.44,0.01,0.01,75402.22,1776579605000
1776579607.508,7.508,0.56,0.57,0.43,0.44,0.01,0.01,75402.01,1776579606000
1776579608.03,8.03,0.56,0.57,0.43,0.44,0.01,0.01,75402.01,1776579606000
1776579608.381,8.381,0.56,0.57,0.43,0.44,0.01,0.01,75402.01,1776579606000
1776579608.784,8.784,0.56,0.57,0.43,0.44,0.01,0.01,75402.01,1776579606000
1776579609.299,9.299,0.56,0.57,0.43,0.44,0.01,0.01,75398.53,1776579607000
1776579609.667,9.667,0.56,0.57,0.43,0.44,0.01,0.01,75398.53,1776579608000
1776579610.242,10.242,0.56,0.63,0.37,0.44,0.07,0.07,75398.53,1776579609000
1776579610.684,10.684,0.59,0.6,0.4,0.41,0.01,0.01,75398.53,1776579609000
1776579611.256,11.256,0.59,0.6,0.4,0.41,0.01,0.01,75398.53,1776579609000
1776579611.635,11.635,0.59,0.6,0.4,0.41,0.01,0.01,75398.77,1776579610000
1776579612.237,12.237,0.61,0.62,0.38,0.39,0.01,0.01,75398.77,1776579610000
1776579612.735,12.735,0.61,0.62,0.38,0.39,0.01,0.01,75398.3,1776579611000
1776579613.076,13.076,0.61,0.62,0.38,0.39,0.01,0.01,75398.3,1776579611000
1776579613.428,13.428,0.61,0.62,0.38,0.39,0.01,0.01,75398.3,1776579611000
1776579613.811,13.811,0.61,0.62,0.38,0.39,0.01,0.01,75398.87,1776579612000
1776579614.27,14.27,0.61,0.62,0.38,0.39,0.01,0.01,75398.87,1776579612000
1776579614.724,14.724,0.61,0.62,0.38,0.39,0.01,0.01,75400.17,1776579613000
1776579615.122,15.122,0.61,0.62,0.38,0.39,0.01,0.01,75400.17,1776579613000
1776579615.486,15.486,0.61,0.62,0.38,0.39,0.01,0.01,75400.18,1776579614000
1776579615.947,15.947,0.61,0.63,0.38,0.39,0.02,0.01,75400.18,1776579614000
1776579616.305,16.305,0.61,0.62,0.38,0.39,0.01,0.01,75400.18,1776579614000
1776579616.699,16.699,0.61,0.62,0.38,0.39,0.01,0.01,75401.9,1776579615000
1776579617.108,17.108,0.61,0.62,0.38,0.39,0.01,0.01,75401.9,1776579615000
1776579617.675,17.675,0.61,0.62,0.38,0.39,0.01,0.01,75402.81,1776579616000
1776579618.07,18.07,0.61,0.62,0.38,0.39,0.01,0.01,75402.81,1776579616000
1776579618.49,18.49,0.61,0.62,0.38,0.39,0.01,0.01,75404.65,1776579617000
1776579618.874,18.874,0.61,0.62,0.38,0.39,0.01,0.01,75404.65,1776579617000
1776579619.403,19.403,0.61,0.62,0.38,0.39,0.01,0.01,75404.65,1776579618000
1776579619.87,19.87,0.61,0.62,0.38,0.39,0.01,0.01,75404.65,1776579618000
1776579620.214,20.214,0.61,0.62,0.38,0.39,0.01,0.01,75404.65,1776579619000
1776579620.74,20.74,0.61,0.62,0.38,0.39,0.01,0.01,75404.65,1776579619000
1776579621.084,21.084,0.61,0.62,0.38,0.39,0.01,0.01,75404.65,1776579619000
1776579621.53,21.53,0.62,0.63,0.38,0.39,0.01,0.01,75405.12,1776579620000
1776579621.883,21.883,0.61,0.63,0.37,0.38,0.02,0.01,75405.12,1776579620000
1776579622.303,22.303,0.61,0.62,0.38,0.39,0.01,0.01,75405.12,1776579620000
1776579622.638,22.638,0.61,0.62,0.38,0.39,0.01,0.01,75405.11,1776579621000
1776579622.992,22.992,0.61,0.62,0.38,0.39,0.01,0.01,75405.11,1776579622000
1776579623.326,23.326,0.61,0.62,0.38,0.39,0.01,0.01,75405.11,1776579622000
1776579623.978,23.978,0.59,0.6,0.39,0.41,0.01,0.02,75405.11,1776579622000
1776579624.511,24.511,0.57,0.6,0.4,0.41,0.03,0.01,75405.11,1776579623000
1776579624.862,24.862,0.57,0.58,0.42,0.43,0.01,0.01,75405.11,1776579623000
1776579625.289,25.289,0.57,0.58,0.42,0.43,0.01,0.01,75404.23,1776579624000
1776579625.626,25.626,0.57,0.58,0.42,0.43,0.01,0.01,75404.23,1776579624000
1776579625.962,25.962,0.57,0.58,0.42,0.43,0.01,0.01,75404.23,1776579624000
1776579626.397,26.397,0.57,0.58,0.42,0.43,0.01,0.01,75404.08,1776579625000
1776579626.765,26.765,0.57,0.58,0.42,0.43,0.01,0.01,75404.08,1776579625000
1776579627.522,27.522,0.59,0.6,0.41,0.43,0.01,0.02,75404.08,1776579626000
1776579627.9,27.9,0.59,0.6,0.4,0.41,0.01,0.01,75404.08,1776579626000
1776579628.492,28.492,0.6,0.61,0.39,0.4,0.01,0.01,75404.11,1776579627000
1776579628.923,28.923,0.6,0.61,0.39,0.4,0.01,0.01,75404.11,1776579627000
1776579629.381,29.381,0.59,0.6,0.4,0.41,0.01,0.01,75404.11,1776579627000
1776579629.738,29.738,0.61,0.64,0.36,0.39,0.03,0.03,75404.11,1776579627000
1776579630.074,30.074,0.63,0.64,0.36,0.37,0.01,0.01,75404.45,1776579628000
1776579630.471,30.471,0.62,0.63,0.36,0.38,0.01,0.02,75404.6,1776579629000
1776579630.952,30.952,0.62,0.63,0.37,0.38,0.01,0.01,75404.6,1776579629000
1776579631.394,31.394,0.62,0.63,0.37,0.38,0.01,0.01,75404.66,1776579630000
1776579631.734,31.734,0.62,0.63,0.37,0.38,0.01,0.01,75404.66,1776579630000
1776579632.149,32.149,0.62,0.63,0.37,0.38,0.01,0.01,75407.4,1776579631000
1776579632.538,32.538,0.62,0.63,0.37,0.38,0.01,0.01,75407.4,1776579631000
1776579632.978,32.978,0.62,0.63,0.37,0.38,0.01,0.01,75409.02,1776579632000
1776579633.447,33.447,0.62,0.63,0.37,0.38,0.01,0.01,75409.02,1776579632000
1776579633.785,33.785,0.62,0.65,0.37,0.38,0.03,0.01,75409.02,1776579632000
1776579634.226,34.226,0.64,0.65,0.35,0.36,0.01,0.01,75410.21,1776579633000
1776579634.583,34.583,0.64,0.65,0.35,0.36,0.01,0.01,75410.21,1776579633000
1776579634.916,34.916,0.64,0.65,0.35,0.36,0.01,0.01,75410.21,1776579633000
1776579635.257,35.257,0.64,0.65,0.35,0.36,0.01,0.01,75410.21,1776579634000
1776579635.609,35.609,0.64,0.65,0.35,0.36,0.01,0.01,75410.21,1776579634000
1776579635.985,35.985,0.63,0.64,0.36,0.37,0.01,0.01,75410.38,1776579635000
1776579636.367,36.367,0.63,0.64,0.36,0.37,0.01,0.01,75410.38,1776579635000
1776579636.714,36.714,0.63,0.64,0.36,0.37,0.01,0.01,75410.38,1776579635000
1776579637.178,37.178,0.63,0.64,0.36,0.37,0.01,0.01,75410.44,1776579636000
1776579637.907,37.907,0.63,0.64,0.36,0.37,0.01,0.01,75410.44,1776579636000
1776579638.46,38.46,0.63,0.64,0.36,0.37,0.01,0.01,75410.74,1776579637000
1776579639.039,39.039,0.63,0.64,0.36,0.37,0.01,0.01,75410.73,1776579638000
1776579639.481,39.481,0.63,0.64,0.36,0.37,0.01,0.01,75410.73,1776579638000
1776579639.973,39.973,0.63,0.64,0.36,0.39,0.01,0.03,75410.73,1776579638000
1776579640.321,40.321,0.63,0.64,0.36,0.37,0.01,0.01,75410.72,1776579639000
1776579640.88,40.88,0.63,0.64,0.36,0.37,0.01,0.01,75410.72,1776579639000
1776579641.373,41.373,0.64,0.66,0.36,0.37,0.02,0.01,75410.82,1776579640000
1776579641.722,41.722,0.65,0.66,0.34,0.36,0.01,0.02,75410.82,1776579640000
1776579642.072,42.072,0.65,0.66,0.34,0.35,0.01,0.01,75410.79,1776579641000
1776579642.49,42.49,0.65,0.66,0.34,0.35,0.01,0.01,75410.79,1776579641000
1776579642.831,42.831,0.65,0.66,0.34,0.35,0.01,0.01,75410.79,1776579641000
1776579643.212,43.212,0.65,0.66,0.34,0.35,0.01,0.01,75410.83,1776579642000
1776579643.59,43.59,0.65,0.66,0.34,0.35,0.01,0.01,75410.83,1776579642000
1776579643.958,43.958,0.65,0.66,0.34,0.35,0.01,0.01,75410.83,1776579642000
1776579644.304,44.304,0.65,0.66,0.34,0.35,0.01,0.01,75411.73,1776579643000
1776579644.824,44.824,0.65,0.66,0.34,0.35,0.01,0.01,75411.73,1776579643000
1776579645.794,45.794,0.64,0.65,0.34,0.36,0.01,0.02,75411.7,1776579644000
1776579646.189,46.189,0.64,0.65,0.35,0.36,0.01,0.01,75411.6,1776579645000
1776579646.679,46.679,0.64,0.65,0.35,0.36,0.01,0.01,75411.6,1776579645000
1776579647.063,47.063,0.64,0.65,0.35,0.36,0.01,0.01,75411.54,1776579646000
1776579647.548,47.548,0.64,0.65,0.35,0.36,0.01,0.01,75411.54,1776579646000
1776579648.105,48.105,0.64,0.65,0.35,0.36,0.01,0.01,75411.57,1776579647000
1776579648.468,48.468,0.64,0.65,0.35,0.36,0.01,0.01,75411.57,1776579647000
1776579648.804,48.804,0.64,0.65,0.35,0.36,0.01,0.01,75411.57,1776579647000
1776579649.172,49.172,0.64,0.65,0.35,0.36,0.01,0.01,75411.56,1776579648000
1776579649.676,49.676,0.64,0.65,0.35,0.36,0.01,0.01,75411.56,1776579648000
1776579650.032,50.032,0.64,0.65,0.35,0.36,0.01,0.01,75411.59,1776579649000
1776579650.384,50.384,0.64,0.65,0.35,0.36,0.01,0.01,75411.59,1776579649000
1776579651.071,51.071,0.65,0.66,0.34,0.35,0.01,0.01,75412.86,1776579650000
1776579651.428,51.428,0.65,0.66,0.34,0.35,0.01,0.01,75412.86,1776579650000
1776579651.847,51.847,0.65,0.66,0.34,0.35,0.01,0.01,75412.86,1776579650000
1776579652.184,52.184,0.64,0.65,0.35,0.36,0.01,0.01,75412.86,1776579651000
1776579652.674,52.674,0.64,0.65,0.34,0.35,0.01,0.01,75412.86,1776579651000
1776579653.343,53.343,0.65,0.66,0.35,0.36,0.01,0.01,75412.85,1776579652000
1776579653.728,53.728,0.65,0.66,0.34,0.35,0.01,0.01,75412.85,1776579652000
1776579654.062,54.062,0.65,0.66,0.34,0.35,0.01,0.01,75412.6,1776579653000
1776579654.589,54.589,0.65,0.66,0.34,0.35,0.01,0.01,75412.6,1776579653000
1776579655.133,55.133,0.65,0.66,0.34,0.35,0.01,0.01,75412.6,1776579654000
1776579655.488,55.488,0.65,0.66,0.34,0.35,0.01,0.01,75412.6,1776579654000
1776579655.957,55.957,0.65,0.66,0.34,0.35,0.01,0.01,75412.6,1776579654000
1776579656.539,56.539,0.65,0.67,0.34,0.35,0.02,0.01,75412.6,1776579655000
1776579657.063,57.063,0.66,0.67,0.33,0.34,0.01,0.01,75412.6,1776579655000
1776579657.491,57.491,0.66,0.67,0.33,0.34,0.01,0.01,75412.61,1776579656000
1776579657.965,57.965,0.64,0.65,0.35,0.36,0.01,0.01,75412.61,1776579656000
1776579658.302,58.302,0.64,0.65,0.35,0.36,0.01,0.01,75412.6,1776579657000
1776579658.64,58.64,0.64,0.65,0.35,0.36,0.01,0.01,75412.6,1776579657000
1776579659.087,59.087,0.64,0.65,0.35,0.36,0.01,0.01,75413.31,1776579658000
1776579659.477,59.477,0.64,0.66,0.35,0.36,0.02,0.01,75413.31,1776579658000
1776579659.846,59.846,0.65,0.67,0.34,0.35,0.02,0.01,75413.31,1776579658000
1776579660.317,60.317,0.66,0.67,0.33,0.34,0.01,0.01,75413.12,1776579659000
1776579660.654,60.654,0.66,0.67,0.33,0.34,0.01,0.01,75413.12,1776579659000
1776579661.075,61.075,0.66,0.67,0.33,0.34,0.01,0.01,75413.12,1776579659000
1776579661.43,61.43,0.66,0.68,0.33,0.34,0.02,0.01,75413.38,1776579660000
1776579662.026,62.026,0.68,0.71,0.29,0.32,0.03,0.03,75414.01,1776579661000
1776579662.447,62.447,0.71,0.72,0.28,0.29,0.01,0.01,75414.01,1776579661000
1776579662.79,62.79,0.71,0.72,0.28,0.29,0.01,0.01,75414.01,1776579661000
1776579663.142,63.142,0.71,0.72,0.28,0.29,0.01,0.01,75414.01,1776579661000
1776579663.845,63.845,0.71,0.72,0.28,0.29,0.01,0.01,75414.13,1776579662000
1776579664.214,64.214,0.71,0.72,0.28,0.29,0.01,0.01,75419.45,1776579663000
1776579664.599,64.599,0.73,0.74,0.26,0.27,0.01,0.01,75419.45,1776579663000
1776579665.024,65.024,0.73,0.74,0.26,0.27,0.01,0.01,75419.45,1776579663000
1776579665.359,65.359,0.75,0.76,0.24,0.25,0.01,0.01,75421.39,1776579664000
1776579665.719,65.719,0.75,0.76,0.24,0.25,0.01,0.01,75421.39,1776579664000
1776579666.194,66.194,0.75,0.76,0.23,0.25,0.01,0.02,75421.39,1776579664000
1776579666.554,66.554,0.73,0.74,0.26,0.27,0.01,0.01,75421.51,1776579665000
1776579667.025,67.025,0.73,0.74,0.26,0.27,0.01,0.01,75421.51,1776579665000
1776579667.454,67.454,0.75,0.77,0.23,0.27,0.02,0.04,75423.73,1776579666000
1776579667.951,67.951,0.76,0.77,0.23,0.24,0.01,0.01,75423.73,1776579666000
1776579668.376,68.376,0.74,0.77,0.23,0.26,0.03,0.03,75424.56,1776579667000
1776579669.039,69.039,0.75,0.76,0.24,0.25,0.01,0.01,75424.56,1776579667000
1776579669.387,69.387,0.78,0.8,0.16,0.25,0.02,0.09,75424.56,1776579667000
1776579669.731,69.731,0.82,0.83,0.17,0.18,0.01,0.01,75424.56,1776579667000
1776579670.07,70.07,0.82,0.83,0.17,0.18,0.01,0.01,75424.79,1776579668000
1776579670.409,70.409,0.82,0.84,0.17,0.18,0.02,0.01,75424.99,1776579669000
1776579670.807,70.807,0.83,0.84,0.16,0.17,0.01,0.01,75424.99,1776579669000
1776579671.326,71.326,0.83,0.84,0.16,0.17,0.01,0.01,75425.01,1776579670000
1776579671.677,71.677,0.83,0.84,0.16,0.17,0.01,0.01,75425.01,1776579670000
1776579672.096,72.096,0.83,0.84,0.16,0.17,0.01,0.01,75425.01,1776579670000
1776579672.457,72.457,0.83,0.85,0.16,0.17,0.02,0.01,75434.02,1776579671000
1776579672.817,72.817,0.84,0.85,0.15,0.16,0.01,0.01,75434.02,1776579671000
1776579673.225,73.225,0.84,0.86,0.15,0.16,0.02,0.01,75434.02,1776579671000
1776579673.577,73.577,0.86,0.87,0.13,0.14,0.01,0.01,75437.73,1776579672000
1776579673.924,73.924,0.86,0.87,0.13,0.14,0.01,0.01,75438.02,1776579673000
1776579674.257,74.257,0.88,0.89,0.11,0.12,0.01,0.01,75438.02,1776579673000
1776579674.621,74.621,0.88,0.89,0.11,0.12,0.01,0.01,75438.02,1776579673000
1776579674.969,74.969,0.88,0.89,0.11,0.12,0.01,0.01,75438.02,1776579673000
1776579675.318,75.318,0.89,0.9,0.11,0.12,0.01,0.01,75448.99,1776579674000
1776579675.666,75.666,0.89,0.9,0.1,0.11,0.01,0.01,75448.99,1776579674000
1776579676.011,76.011,0.87,0.9,0.1,0.11,0.03,0.01,75448.99,1776579674000
1776579676.378,76.378,0.89,0.9,0.1,0.11,0.01,0.01,75453.9,1776579675000
1776579676.728,76.728,0.89,0.9,0.1,0.11,0.01,0.01,75453.9,1776579675000
1776579677.274,77.274,0.89,0.9,0.1,0.11,0.01,0.01,75453.9,1776579675000
1776579677.677,77.677,0.87,0.88,0.12,0.13,0.01,0.01,75458.61,1776579676000
1776579678.014,78.014,0.87,0.88,0.12,0.13,0.01,0.01,75458.61,1776579676000
1776579678.568,78.568,0.88,0.89,0.12,0.13,0.01,0.01,75458.64,1776579677000
1776579679.059,79.059,0.88,0.89,0.11,0.12,0.01,0.01,75458.64,1776579677000
1776579679.421,79.421,0.88,0.89,0.11,0.12,0.01,0.01,75458.48,1776579678000
1776579679.758,79.758,0.88,0.89,0.11,0.12,0.01,0.01,75458.48,1776579678000
1776579680.334,80.334,0.88,0.89,0.11,0.12,0.01,0.01,75458.48,1776579678000
1776579680.717,80.717,0.88,0.89,0.11,0.12,0.01,0.01,75458.16,1776579679000
1776579681.214,81.214,0.88,0.89,0.11,0.12,0.01,0.01,75458.16,1776579680000
1776579681.581,81.581,0.87,0.89,0.11,0.12,0.02,0.01,75458.16,1776579680000
1776579681.949,81.949,0.87,0.88,0.12,0.13,0.01,0.01,75458.16,1776579680000
1776579682.691,82.691,0.86,0.87,0.12,0.14,0.01,0.02,75458.15,1776579681000
1776579683.025,83.025,0.86,0.87,0.13,0.14,0.01,0.01,75458.15,1776579681000
1776579683.366,83.366,0.86,0.87,0.13,0.14,0.01,0.01,75458.15,1776579681000
1776579683.805,83.805,0.86,0.87,0.13,0.14,0.01,0.01,75458.36,1776579682000
1776579684.277,84.277,0.86,0.87,0.13,0.14,0.01,0.01,75458.39,1776579683000
1776579684.625,84.625,0.86,0.87,0.13,0.14,0.01,0.01,75458.39,1776579683000
1776579685.42,85.42,0.86,0.87,0.13,0.14,0.01,0.01,75458.39,1776579683000
1776579685.789,85.789,0.86,0.87,0.13,0.14,0.01,0.01,75457.98,1776579684000
1776579686.2,86.2,0.86,0.87,0.13,0.14,0.01,0.01,75457.97,1776579685000
1776579686.803,86.803,0.86,0.87,0.13,0.14,0.01,0.01,75457.97,1776579685000
1776579687.363,87.363,0.86,0.87,0.13,0.14,0.01,0.01,75457.94,1776579686000
1776579688.002,88.002,0.87,0.88,0.13,0.14,0.01,0.01,75457.94,1776579686000
1776579688.408,88.408,0.87,0.88,0.12,0.13,0.01,0.01,75457.95,1776579687000
1776579688.827,88.827,0.87,0.88,0.12,0.13,0.01,0.01,75457.95,1776579687000
1776579689.181,89.181,0.86,0.88,0.12,0.14,0.02,0.02,75457.95,1776579687000
1776579689.556,89.556,0.85,0.86,0.14,0.15,0.01,0.01,75458.0,1776579688000
1776579689.892,89.892,0.85,0.86,0.14,0.15,0.01,0.01,75458.0,1776579688000
1776579690.226,90.226,0.85,0.86,0.14,0.15,0.01,0.01,75458.0,1776579688000
1776579690.59,90.59,0.82,0.83,0.17,0.18,0.01,0.01,75459.12,1776579689000
1776579690.936,90.936,0.82,0.83,0.17,0.18,0.01,0.01,75459.12,1776579689000
1776579691.28,91.28,0.81,0.82,0.18,0.19,0.01,0.01,75459.12,1776579689000
1776579691.625,91.625,0.81,0.82,0.18,0.19,0.01,0.01,75456.04,1776579690000
1776579692.054,92.054,0.81,0.82,0.18,0.19,0.01,0.01,75456.04,1776579690000
1776579692.39,92.39,0.81,0.82,0.18,0.19,0.01,0.01,75454.05,1776579691000
1776579692.735,92.735,0.81,0.82,0.18,0.19,0.01,0.01,75454.05,1776579691000
1776579693.315,93.315,0.81,0.82,0.18,0.19,0.01,0.01,75451.86,1776579692000
1776579693.788,93.788,0.81,0.82,0.18,0.19,0.01,0.01,75451.86,1776579692000
1776579694.188,94.188,0.81,0.82,0.18,0.19,0.01,0.01,75451.04,1776579693000
1776579694.621,94.621,0.81,0.82,0.18,0.19,0.01,0.01,75451.04,1776579693000
1776579695.202,95.202,0.81,0.82,0.18,0.19,0.01,0.01,75451.04,1776579693000
1776579695.545,95.545,0.81,0.82,0.18,0.19,0.01,0.01,75451.04,1776579694000
1776579695.977,95.977,0.81,0.82,0.18,0.19,0.01,0.01,75451.04,1776579694000
1776579696.333,96.333,0.81,0.82,0.18,0.19,0.01,0.01,75451.28,1776579695000
1776579697.087,97.087,0.81,0.82,0.18,0.19,0.01,0.01,75451.28,1776579695000
1776579697.983,97.983,0.82,0.84,0.18,0.19,0.02,0.01,75450.67,1776579696000
1776579698.356,98.356,0.83,0.84,0.16,0.17,0.01,0.01,75450.16,1776579697000
1776579698.7,98.7,0.83,0.84,0.16,0.17,0.01,0.01,75450.16,1776579697000
1776579699.112,99.112,0.83,0.84,0.16,0.17,0.01,0.01,75450.16,1776579697000
1776579699.867,99.867,0.83,0.84,0.16,0.17,0.01,0.01,75450.16,1776579698000
1776579700.271,100.271,0.83,0.84,0.16,0.17,0.01,0.01,75450.16,1776579698000
1776579700.709,100.709,0.83,0.84,0.16,0.17,0.01,0.01,75451.68,1776579699000
1776579701.068,101.068,0.84,0.88,0.12,0.16,0.04,0.04,75451.68,1776579699000
1776579701.474,101.474,0.87,0.88,0.12,0.13,0.01,0.01,75451.69,1776579700000
1776579701.86,101.86,0.87,0.88,0.12,0.13,0.01,0.01,75451.69,1776579700000
1776579702.194,102.194,0.87,0.88,0.12,0.13,0.01,0.01,75451.69,1776579700000
1776579702.643,102.643,0.87,0.88,0.12,0.13,0.01,0.01,75451.94,1776579701000
1776579702.995,102.995,0.87,0.88,0.12,0.13,0.01,0.01,75451.94,1776579701000
1776579703.723,103.723,0.87,0.88,0.12,0.13,0.01,0.01,75451.94,1776579702000
1776579704.579,104.579,0.87,0.88,0.12,0.13,0.01,0.01,75454.71,1776579703000
1776579704.959,104.959,0.87,0.88,0.12,0.13,0.01,0.01,75454.71,1776579703000
1776579705.67,105.67,0.87,0.88,0.12,0.13,0.01,0.01,75454.32,1776579704000
1776579706.022,106.022,0.87,0.88,0.12,0.13,0.01,0.01,75454.32,1776579704000
1776579706.512,106.512,0.87,0.88,0.12,0.13,0.01,0.01,75454.32,1776579704000
1776579706.887,106.887,0.86,0.88,0.12,0.13,0.02,0.01,75454.31,1776579705000
1776579707.226,107.226,0.86,0.87,0.13,0.14,0.01,0.01,75454.31,1776579705000
1776579707.81,107.81,0.84,0.85,0.15,0.16,0.01,0.01,75454.38,1776579706000
1776579708.234,108.234,0.84,0.85,0.15,0.16,0.01,0.01,75454.38,1776579706000
1776579708.621,108.621,0.84,0.85,0.15,0.16,0.01,0.01,75454.38,1776579706000
1776579709.066,109.066,0.85,0.86,0.14,0.15,0.01,0.01,75453.29,1776579708000
1776579710.493,110.493,0.85,0.87,0.14,0.15,0.02,0.01,75453.29,1776579708000
1776579711.022,111.022,0.87,0.88,0.13,0.14,0.01,0.01,75452.62,1776579709000
1776579711.374,111.374,0.88,0.89,0.11,0.12,0.01,0.01,75452.63,1776579710000
1776579712.389,112.389,0.88,0.89,0.11,0.12,0.01,0.01,75452.63,1776579710000
1776579712.83,112.83,0.88,0.89,0.11,0.12,0.01,0.01,75452.62,1776579711000
1776579713.199,113.199,0.88,0.89,0.11,0.12,0.01,0.01,75452.71,1776579712000
1776579713.728,113.728,0.88,0.89,0.11,0.12,0.01,0.01,75452.71,1776579712000
1776579714.217,114.217,0.88,0.89,0.11,0.12,0.01,0.01,75452.71,1776579712000
1776579714.553,114.553,0.88,0.89,0.11,0.12,0.01,0.01,75452.71,1776579712000
1776579715.279,115.279,0.88,0.89,0.11,0.12,0.01,0.01,75452.84,1776579714000
1776579715.915,115.915,0.88,0.89,0.11,0.12,0.01,0.01,75452.84,1776579714000
1776579716.472,116.472,0.88,0.89,0.11,0.12,0.01,0.01,75452.84,1776579714000
1776579716.892,116.892,0.88,0.89,0.11,0.12,0.01,0.01,75452.84,1776579714000
1776579717.305,117.305,0.87,0.88,0.12,0.13,0.01,0.01,75452.96,1776579715000
1776579717.725,117.725,0.87,0.88,0.12,0.13,0.01,0.01,75452.96,1776579716000
1776579718.212,118.212,0.87,0.88,0.12,0.13,0.01,0.01,75452.96,1776579717000
1776579718.683,118.683,0.87,0.88,0.12,0.13,0.01,0.01,75452.96,1776579717000
1776579719.822,119.822,0.87,0.88,0.12,0.13,0.01,0.01,75451.13,1776579719000
1776579720.162,120.162,0.84,0.85,0.15,0.16,0.01,0.01,75451.13,1776579719000
1776579720.618,120.618,0.84,0.85,0.15,0.16,0.01,0.01,75451.13,1776579719000
1776579720.956,120.956,0.84,0.85,0.15,0.16,0.01,0.01,75450.49,1776579720000
1776579721.292,121.292,0.82,0.84,0.16,0.18,0.02,0.02,75450.49,1776579720000
1776579721.627,121.627,0.82,0.83,0.17,0.19,0.01,0.02,75450.49,1776579720000
1776579722.018,122.018,0.81,0.82,0.18,0.19,0.01,0.01,75447.17,1776579721000
1776579722.443,122.443,0.81,0.82,0.18,0.19,0.01,0.01,75447.17,1776579721000
1776579722.902,122.902,0.81,0.82,0.18,0.19,0.01,0.01,75445.58,1776579722000
1776579723.327,123.327,0.81,0.82,0.18,0.19,0.01,0.01,75445.58,1776579722000
1776579723.905,123.905,0.81,0.82,0.18,0.19,0.01,0.01,75445.58,1776579722000
1776579724.53,124.53,0.81,0.82,0.18,0.19,0.01,0.01,75442.99,1776579723000
1776579724.923,124.923,0.81,0.82,0.18,0.19,0.01,0.01,75440.95,1776579724000
1776579725.377,125.377,0.81,0.82,0.18,0.19,0.01,0.01,75440.95,1776579724000
1776579725.914,125.914,0.81,0.82,0.18,0.19,0.01,0.01,75440.95,1776579724000
1776579726.307,126.307,0.81,0.82,0.18,0.19,0.01,0.01,75440.45,1776579725000
1776579726.645,126.645,0.81,0.82,0.18,0.19,0.01,0.01,75440.45,1776579725000
1776579727.058,127.058,0.81,0.82,0.18,0.19,0.01,0.01,75440.45,1776579725000
1776579727.422,127.422,0.81,0.82,0.18,0.19,0.01,0.01,75440.42,1776579726000
1776579728.053,128.053,0.81,0.82,0.18,0.19,0.01,0.01,75440.39,1776579727000
1776579728.485,128.485,0.77,0.78,0.22,0.23,0.01,0.01,75440.39,1776579727000
1776579728.896,128.896,0.75,0.76,0.24,0.25,0.01,0.01,75440.39,1776579727000
1776579729.229,129.229,0.75,0.76,0.24,0.25,0.01,0.01,75440.35,1776579728000
1776579729.785,129.785,0.75,0.76,0.24,0.25,0.01,0.01,75440.35,1776579728000
1776579730.222,130.222,0.75,0.76,0.24,0.25,0.01,0.01,75439.61,1776579729000
1776579730.826,130.826,0.76,0.77,0.23,0.25,0.01,0.02,75439.61,1776579729000
1776579731.319,131.319,0.75,0.77,0.23,0.25,0.02,0.02,75434.66,1776579730000
1776579731.705,131.705,0.76,0.77,0.23,0.24,0.01,0.01,75434.66,1776579730000
1776579732.092,132.092,0.76,0.77,0.23,0.24,0.01,0.01,75434.66,1776579730000
1776579732.43,132.43,0.76,0.77,0.23,0.24,0.01,0.01,75434.66,1776579730000
1776579732.941,132.941,0.76,0.77,0.23,0.24,0.01,0.01,75433.08,1776579731000
1776579733.327,133.327,0.76,0.77,0.23,0.24,0.01,0.01,75433.08,1776579732000
1776579734.094,134.094,0.76,0.77,0.23,0.24,0.01,0.01,75433.08,1776579732000
1776579734.686,134.686,0.76,0.77,0.23,0.24,0.01,0.01,75432.36,1776579733000
1776579735.334,135.334,0.76,0.77,0.23,0.24,0.01,0.01,75432.49,1776579734000
1776579736.103,136.103,0.77,0.78,0.22,0.23,0.01,0.01,75432.49,1776579734000
1776579736.483,136.483,0.77,0.78,0.22,0.23,0.01,0.01,75432.25,1776579735000
1776579736.932,136.932,0.77,0.78,0.22,0.23,0.01,0.01,75432.25,1776579735000
1776579737.509,137.509,0.77,0.78,0.22,0.23,0.01,0.01,75432.25,1776579736000
1776579738.12,138.12,0.77,0.78,0.22,0.23,0.01,0.01,75431.49,1776579737000
1776579739.275,139.275,0.77,0.78,0.22,0.23,0.01,0.01,75431.8,1776579738000
1776579739.679,139.679,0.78,0.79,0.21,0.22,0.01,0.01,75431.8,1776579738000
1776579740.165,140.165,0.78,0.79,0.21,0.22,0.01,0.01,75431.8,1776579738000
1776579740.603,140.603,0.79,0.8,0.2,0.21,0.01,0.01,75431.75,1776579739000
1776579740.995,140.995,0.79,0.8,0.2,0.21,0.01,0.01,75431.75,1776579739000
1776579741.523,141.523,0.79,0.8,0.2,0.21,0.01,0.01,75432.09,1776579740000
1776579742.145,142.145,0.8,0.81,0.19,0.2,0.01,0.01,75432.09,1776579740000
1776579742.479,142.479,0.8,0.81,0.19,0.2,0.01,0.01,75433.51,1776579741000
1776579742.814,142.814,0.8,0.81,0.19,0.2,0.01,0.01,75433.51,1776579741000
1776579743.302,143.302,0.8,0.81,0.19,0.2,0.01,0.01,75434.35,1776579742000
1776579743.924,143.924,0.8,0.81,0.19,0.2,0.01,0.01,75434.02,1776579743000
1776579744.388,144.388,0.8,0.81,0.19,0.2,0.01,0.01,75434.02,1776579743000
1776579745.039,145.039,0.8,0.81,0.19,0.2,0.01,0.01,75434.02,1776579743000
1776579745.453,145.453,0.8,0.81,0.19,0.2,0.01,0.01,75434,1776579744000
1776579745.883,145.883,0.8,0.81,0.19,0.2,0.01,0.01,75434,1776579744000
1776579746.383,146.383,0.8,0.81,0.19,0.2,0.01,0.01,75434,1776579745000
1776579747.083,147.083,0.8,0.81,0.19,0.2,0.01,0.01,75434,1776579745000
1776579748.043,148.043,0.8,0.81,0.19,0.2,0.01,0.01,75433.64,1776579747000
1776579748.658,148.658,0.81,0.82,0.18,0.19,0.01,0.01,75433.64,1776579747000
1776579749.072,149.072,0.81,0.82,0.18,0.19,0.01,0.01,75433.64,1776579747000
1776579749.505,149.505,0.81,0.82,0.18,0.19,0.01,0.01,75433.65,1776579748000
1776579750.234,150.234,0.81,0.82,0.18,0.19,0.01,0.01,75433.65,1776579748000
1776579750.745,150.745,0.8,0.82,0.18,0.19,0.02,0.01,75434.04,1776579749000
1776579751.108,151.108,0.81,0.82,0.18,0.19,0.01,0.01,75434.04,1776579750000
1776579751.516,151.516,0.81,0.82,0.18,0.19,0.01,0.01,75434.04,1776579750000
1776579752.007,152.007,0.81,0.82,0.18,0.19,0.01,0.01,75434.04,1776579750000
1776579752.515,152.515,0.81,0.82,0.18,0.19,0.01,0.01,75433.8,1776579751000
1776579752.997,152.997,0.82,0.83,0.17,0.19,0.01,0.02,75433.8,1776579751000
1776579753.48,153.48,0.82,0.83,0.17,0.18,0.01,0.01,75433.82,1776579752000
1776579753.868,153.868,0.82,0.83,0.17,0.18,0.01,0.01,75433.82,1776579752000
1776579754.612,154.612,0.82,0.83,0.17,0.18,0.01,0.01,75433.82,1776579753000
1776579755.01,155.01,0.82,0.83,0.17,0.18,0.01,0.01,75433.82,1776579753000
1776579755.354,155.354,0.82,0.83,0.17,0.18,0.01,0.01,75433.82,1776579753000
1776579756.081,156.081,0.82,0.83,0.17,0.18,0.01,0.01,75433.58,1776579754000
1776579756.684,156.684,0.82,0.83,0.17,0.18,0.01,0.01,75433.94,1776579755000
1776579757.022,157.022,0.82,0.83,0.17,0.18,0.01,0.01,75433.94,1776579755000
1776579757.408,157.408,0.82,0.83,0.17,0.18,0.01,0.01,75434.24,1776579756000
1776579757.93,157.93,0.82,0.83,0.17,0.18,0.01,0.01,75434.24,1776579757000
1776579758.528,158.528,0.82,0.83,0.17,0.18,0.01,0.01,75434.24,1776579757000
1776579759.24,159.24,0.8,0.83,0.17,0.2,0.03,0.03,75432.3,1776579758000
1776579760.407,160.407,0.82,0.83,0.17,0.2,0.01,0.03,75432.3,1776579758000
1776579760.877,160.877,0.8,0.81,0.17,0.2,0.01,0.03,75432.3,1776579758000
1776579761.224,161.224,0.8,0.82,0.19,0.2,0.02,0.01,75426.86,1776579760000
1776579761.779,161.779,0.75,0.82,0.18,0.19,0.07,0.01,75426.86,1776579760000
1776579762.121,162.121,0.8,0.81,0.19,0.2,0.01,0.01,75425.58,1776579761000
1776579762.766,162.766,0.77,0.81,0.21,0.23,0.04,0.02,75425.58,1776579761000
1776579763.131,163.131,0.79,0.8,0.19,0.22,0.01,0.03,75425.58,1776579761000
1776579763.485,163.485,0.79,0.8,0.2,0.21,0.01,0.01,75425.58,1776579761000
1776579763.862,163.862,0.79,0.81,0.2,0.21,0.02,0.01,75426.85,1776579762000
1776579764.211,164.211,0.8,0.81,0.19,0.2,0.01,0.01,75426.18,1776579763000
1776579764.6,164.6,0.8,0.81,0.19,0.2,0.01,0.01,75426.18,1776579763000
1776579764.945,164.945,0.8,0.81,0.19,0.2,0.01,0.01,75426.18,1776579763000
1776579765.418,165.418,0.8,0.81,0.19,0.2,0.01,0.01,75426.18,1776579763000
1776579765.857,165.857,0.8,0.81,0.19,0.2,0.01,0.01,75427.57,1776579764000
1776579766.867,166.867,0.81,0.82,0.18,0.19,0.01,0.01,75428.98,1776579765000
1776579767.299,167.299,0.84,0.85,0.15,0.16,0.01,0.01,75428.98,1776579765000
1776579768.338,168.338,0.84,0.85,0.15,0.16,0.01,0.01,75426.11,1776579767000
1776579768.824,168.824,0.84,0.85,0.15,0.16,0.01,0.01,75426.11,1776579767000
1776579769.436,169.436,0.84,0.85,0.15,0.16,0.01,0.01,75427.81,1776579768000
1776579769.799,169.799,0.84,0.85,0.15,0.16,0.01,0.01,75427.81,1776579768000
1776579770.186,170.186,0.84,0.85,0.15,0.16,0.01,0.01,75432.34,1776579769000
1776579770.636,170.636,0.84,0.86,0.15,0.16,0.02,0.01,75432.34,1776579769000
1776579771.237,171.237,0.85,0.86,0.14,0.15,0.01,0.01,75432.34,1776579769000
1776579771.597,171.597,0.85,0.86,0.14,0.15,0.01,0.01,75432.34,1776579770000
1776579772.311,172.311,0.85,0.86,0.14,0.15,0.01,0.01,75432.34,1776579770000
1776579772.65,172.65,0.85,0.86,0.14,0.15,0.01,0.01,75432.34,1776579771000
1776579773.007,173.007,0.85,0.86,0.14,0.15,0.01,0.01,75432.39,1776579772000
1776579773.763,173.763,0.85,0.86,0.14,0.15,0.01,0.01,75432.39,1776579772000
1776579774.136,174.136,0.85,0.86,0.14,0.15,0.01,0.01,75432.38,1776579773000
1776579775.138,175.138,0.84,0.86,0.14,0.15,0.02,0.01,75432.38,1776579773000
1776579776.347,176.347,0.82,0.84,0.16,0.18,0.02,0.02,75432.24,1776579775000
1776579776.873,176.873,0.83,0.84,0.16,0.18,0.01,0.02,75432.24,1776579775000
1776579777.348,177.348,0.83,0.84,0.16,0.17,0.01,0.01,75432.23,1776579776000
1776579777.925,177.925,0.83,0.84,0.16,0.17,0.01,0.01,75432.26,1776579777000
1776579778.303,178.303,0.83,0.84,0.16,0.17,0.01,0.01,75432.26,1776579777000
1776579778.919,178.919,0.83,0.84,0.16,0.17,0.01,0.01,75432.26,1776579777000
1776579779.293,179.293,0.83,0.84,0.16,0.17,0.01,0.01,75432.26,1776579778000
1776579779.956,179.956,0.83,0.84,0.16,0.17,0.01,0.01,75432.26,1776579779000
1776579780.745,180.745,0.83,0.84,0.16,0.17,0.01,0.01,75432.26,1776579779000
1776579781.154,181.154,0.83,0.84,0.16,0.17,0.01,0.01,75431.75,1776579780000
1776579781.523,181.523,0.83,0.84,0.16,0.17,0.01,0.01,75431.75,1776579780000
1776579782.107,182.107,0.83,0.84,0.16,0.17,0.01,0.01,75431.75,1776579780000
1776579783.68,183.68,0.83,0.84,0.16,0.17,0.01,0.01,75431.29,1776579781000
1776579784.451,184.451,0.83,0.84,0.16,0.17,0.01,0.01,75432.28,1776579783000
1776579784.936,184.936,0.83,0.84,0.16,0.17,0.01,0.01,75432.28,1776579783000
1776579785.271,185.271,0.83,0.84,0.14,0.17,0.01,0.03,75432.27,1776579784000
1776579785.747,185.747,0.83,0.84,0.16,0.17,0.01,0.01,75432.27,1776579784000
1776579786.292,186.292,0.83,0.84,0.16,0.17,0.01,0.01,75432.27,1776579785000
1776579786.631,186.631,0.84,0.85,0.14,0.17,0.01,0.03,75432.27,1776579785000
1776579787.362,187.362,0.84,0.85,0.15,0.16,0.01,0.01,75432.27,1776579785000
1776579788.332,188.332,0.84,0.85,0.15,0.16,0.01,0.01,75430.78,1776579787000
1776579788.868,188.868,0.84,0.85,0.15,0.16,0.01,0.01,75430.78,1776579787000
1776579789.227,189.227,0.84,0.85,0.15,0.16,0.01,0.01,75430.78,1776579787000
1776579789.908,189.908,0.84,0.85,0.15,0.16,0.01,0.01,75431.11,1776579788000
1776579790.363,190.363,0.84,0.85,0.15,0.16,0.01,0.01,75431.19,1776579789000
1776579790.97,190.97,0.84,0.85,0.15,0.16,0.01,0.01,75431.19,1776579789000
1776579791.584,191.584,0.84,0.85,0.15,0.16,0.01,0.01,75432.29,1776579790000
1776579792.285,192.285,0.84,0.85,0.15,0.16,0.01,0.01,75432.32,1776579791000
1776579793.467,193.467,0.84,0.85,0.15,0.16,0.01,0.01,75432.28,1776579792000
1776579793.957,193.957,0.84,0.85,0.15,0.16,0.01,0.01,75432.28,1776579792000
1776579794.834,194.834,0.84,0.85,0.15,0.16,0.01,0.01,75430.03,1776579793000
1776579795.244,195.244,0.84,0.85,0.15,0.16,0.01,0.01,75429.46,1776579794000
1776579796.277,196.277,0.84,0.85,0.15,0.16,0.01,0.01,75431.69,1776579795000
1776579796.696,196.696,0.84,0.85,0.15,0.16,0.01,0.01,75431.69,1776579795000
1776579797.397,197.397,0.84,0.85,0.15,0.16,0.01,0.01,75431.7,1776579796000
1776579797.775,197.775,0.84,0.85,0.15,0.16,0.01,0.01,75431.7,1776579796000
1776579798.258,198.258,0.86,0.88,0.13,0.15,0.02,0.02,75431.68,1776579797000
1776579798.705,198.705,0.87,0.89,0.11,0.14,0.02,0.03,75431.68,1776579797000
1776579799.088,199.088,0.87,0.88,0.12,0.13,0.01,0.01,75431.7,1776579798000
1776579799.489,199.489,0.87,0.88,0.12,0.13,0.01,0.01,75431.7,1776579798000
1776579799.839,199.839,0.88,0.89,0.11,0.13,0.01,0.02,75431.7,1776579798000
1776579800.32,200.32,0.89,0.9,0.11,0.12,0.01,0.01,75431.71,1776579799000
1776579800.694,200.694,0.89,0.9,0.1,0.11,0.01,0.01,75431.71,1776579799000
1776579801.044,201.044,0.89,0.9,0.1,0.11,0.01,0.01,75431.71,1776579799000
1776579801.794,201.794,0.89,0.9,0.1,0.11,0.01,0.01,75432.59,1776579800000
1776579802.213,202.213,0.89,0.9,0.1,0.11,0.01,0.01,75432.59,1776579800000
1776579802.646,202.646,0.89,0.9,0.1,0.11,0.01,0.01,75433.78,1776579801000
1776579802.982,202.982,0.89,0.9,0.1,0.11,0.01,0.01,75432.64,1776579802000
1776579803.831,203.831,0.89,0.9,0.1,0.11,0.01,0.01,75432.64,1776579802000
1776579804.172,204.172,0.89,0.9,0.1,0.11,0.01,0.01,75432.64,1776579802000
1776579804.933,204.933,0.89,0.9,0.1,0.11,0.01,0.01,75434.82,1776579803000
1776579805.299,205.299,0.89,0.9,0.1,0.11,0.01,0.01,75434.82,1776579803000
1776579805.663,205.663,0.89,0.9,0.1,0.11,0.01,0.01,75434.94,1776579804000
1776579806.046,206.046,0.89,0.9,0.1,0.11,0.01,0.01,75434.83,1776579805000
1776579806.454,206.454,0.89,0.9,0.1,0.11,0.01,0.01,75434.83,1776579805000
1776579806.805,206.805,0.89,0.9,0.1,0.11,0.01,0.01,75434.83,1776579805000
1776579807.233,207.233,0.89,0.9,0.1,0.11,0.01,0.01,75435.0,1776579806000
1776579808.281,208.281,0.89,0.9,0.1,0.11,0.01,0.01,75435.01,1776579807000
1776579808.724,208.724,0.89,0.9,0.1,0.11,0.01,0.01,75435.01,1776579807000
1776579809.195,209.195,0.89,0.9,0.1,0.11,0.01,0.01,75435.01,1776579807000
1776579809.853,209.853,0.89,0.9,0.1,0.11,0.01,0.01,75435.01,1776579808000
1776579810.66,210.66,0.89,0.9,0.1,0.11,0.01,0.01,75435.02,1776579809000
1776579811.222,211.222,0.89,0.9,0.1,0.11,0.01,0.01,75435.02,1776579810000
1776579811.854,211.854,0.89,0.9,0.1,0.11,0.01,0.01,75435.02,1776579810000
1776579812.277,212.277,0.89,0.9,0.1,0.11,0.01,0.01,75435.02,1776579810000
1776579813.048,213.048,0.89,0.9,0.1,0.11,0.01,0.01,75434.85,1776579811000
1776579813.515,213.515,0.89,0.9,0.1,0.11,0.01,0.01,75434.84,1776579812000
1776579813.862,213.862,0.89,0.9,0.1,0.11,0.01,0.01,75434.84,1776579812000
1776579814.21,214.21,0.89,0.9,0.1,0.11,0.01,0.01,75434.84,1776579813000
1776579814.6,214.6,0.89,0.9,0.1,0.11,0.01,0.01,75434.84,1776579813000
1776579814.938,214.938,0.89,0.9,0.1,0.11,0.01,0.01,75434.84,1776579813000
1776579815.298,215.298,0.89,0.9,0.1,0.11,0.01,0.01,75434.46,1776579814000
1776579816.097,216.097,0.89,0.9,0.1,0.11,0.01,0.01,75434.46,1776579814000
1776579816.46,216.46,0.89,0.9,0.1,0.11,0.01,0.01,75434.43,1776579815000
1776579816.94,216.94,0.89,0.9,0.1,0.11,0.01,0.01,75434.43,1776579815000
1776579817.746,217.746,0.89,0.9,0.1,0.11,0.01,0.01,75434.43,1776579816000
1776579818.083,218.083,0.89,0.9,0.1,0.11,0.01,0.01,75434.29,1776579817000
1776579818.653,218.653,0.89,0.9,0.1,0.11,0.01,0.01,75434.29,1776579817000
1776579819.19,219.19,0.89,0.9,0.1,0.11,0.01,0.01,75434.29,1776579817000
1776579819.711,219.711,0.89,0.9,0.1,0.11,0.01,0.01,75434.39,1776579818000
1776579820.189,220.189,0.89,0.9,0.1,0.11,0.01,0.01,75434.39,1776579818000
1776579820.713,220.713,0.89,0.9,0.1,0.11,0.01,0.01,75434.39,1776579819000
1776579821.14,221.14,0.89,0.9,0.1,0.11,0.01,0.01,75434.39,1776579819000
1776579821.565,221.565,0.89,0.9,0.1,0.11,0.01,0.01,75434.37,1776579820000
1776579821.914,221.914,0.9,0.91,0.09,0.1,0.01,0.01,75434.37,1776579820000
1776579822.335,222.335,0.91,0.92,0.08,0.09,0.01,0.01,75434.38,1776579821000
1776579822.669,222.669,0.9,0.92,0.08,0.09,0.02,0.01,75434.38,1776579821000
1776579823.054,223.054,0.89,0.9,0.1,0.11,0.01,0.01,75434.38,1776579821000
1776579823.392,223.392,0.89,0.9,0.1,0.11,0.01,0.01,75434.4,1776579822000
1776579823.858,223.858,0.89,0.9,0.1,0.11,0.01,0.01,75434.4,1776579822000
1776579824.214,224.214,0.89,0.9,0.1,0.11,0.01,0.01,75434.4,1776579822000
1776579824.722,224.722,0.89,0.9,0.1,0.11,0.01,0.01,75434.51,1776579823000
1776579825.15,225.15,0.86,0.9,0.1,0.11,0.04,0.01,75434.51,1776579823000
1776579825.564,225.564,0.86,0.87,0.13,0.14,0.01,0.01,75430.75,1776579824000
1776579825.925,225.925,0.86,0.87,0.13,0.14,0.01,0.01,75430.75,1776579824000
1776579826.283,226.283,0.89,0.9,0.1,0.11,0.01,0.01,75430.75,1776579824000
1776579826.656,226.656,0.89,0.9,0.1,0.11,0.01,0.01,75430.99,1776579825000
1776579827.054,227.054,0.89,0.9,0.1,0.11,0.01,0.01,75430.99,1776579825000
1776579827.41,227.41,0.89,0.9,0.1,0.11,0.01,0.01,75430.14,1776579826000
1776579827.751,227.751,0.89,0.9,0.1,0.11,0.01,0.01,75430.14,1776579826000
1776579828.147,228.147,0.89,0.9,0.1,0.11,0.01,0.01,75430.14,1776579827000
1776579828.859,228.859,0.89,0.9,0.1,0.11,0.01,0.01,75430.14,1776579827000
1776579829.9,229.9,0.89,0.91,0.09,0.11,0.02,0.02,75431.69,1776579828000
1776579830.409,230.409,0.9,0.91,0.09,0.11,0.01,0.02,75431.8,1776579829000
1776579830.924,230.924,0.9,0.91,0.09,0.1,0.01,0.01,75431.82,1776579830000
1776579831.926,231.926,0.9,0.91,0.09,0.1,0.01,0.01,75431.88,1776579831000
1776579832.788,232.788,0.9,0.91,0.09,0.1,0.01,0.01,75431.88,1776579831000
1776579833.143,233.143,0.9,0.91,0.09,0.1,0.01,0.01,75431.89,1776579832000
1776579833.865,233.865,0.9,0.91,0.09,0.1,0.01,0.01,75431.89,1776579832000
1776579834.44,234.44,0.9,0.91,0.09,0.1,0.01,0.01,75431.88,1776579833000
1776579834.777,234.777,0.9,0.91,0.09,0.1,0.01,0.01,75431.88,1776579833000
1776579835.284,235.284,0.9,0.91,0.09,0.1,0.01,0.01,75431.88,1776579833000
1776579835.626,235.626,0.9,0.91,0.09,0.1,0.01,0.01,75431.92,1776579834000
1776579836.013,236.013,0.9,0.91,0.09,0.1,0.01,0.01,75431.92,1776579834000
1776579836.527,236.527,0.91,0.92,0.08,0.1,0.01,0.02,75431.92,1776579834000
1776579837.003,237.003,0.91,0.92,0.08,0.09,0.01,0.01,75431.92,1776579835000
1776579837.554,237.554,0.91,0.92,0.08,0.09,0.01,0.01,75431.01,1776579836000
1776579838.2,238.2,0.91,0.92,0.08,0.09,0.01,0.01,75431.01,1776579836000
1776579838.692,238.692,0.91,0.92,0.08,0.09,0.01,0.01,75431.87,1776579837000
1776579839.027,239.027,0.79,0.8,0.19,0.21,0.01,0.02,75431.87,1776579837000
1776579839.364,239.364,0.79,0.8,0.2,0.21,0.01,0.01,75431.87,1776579837000
1776579839.704,239.704,0.78,0.79,0.21,0.22,0.01,0.01,75431.97,1776579838000
1776579840.038,240.038,0.78,0.79,0.21,0.22,0.01,0.01,75429.8,1776579839000
1776579840.372,240.372,0.78,0.79,0.21,0.22,0.01,0.01,75429.8,1776579839000
1776579840.737,240.737,0.77,0.78,0.22,0.23,0.01,0.01,75429.8,1776579839000
1776579841.144,241.144,0.77,0.78,0.22,0.23,0.01,0.01,75429.8,1776579839000
1776579841.502,241.502,0.77,0.78,0.22,0.23,0.01,0.01,75418.14,1776579840000
1776579841.872,241.872,0.77,0.78,0.22,0.23,0.01,0.01,75418.14,1776579840000
1776579842.22,242.22,0.8,0.81,0.19,0.2,0.01,0.01,75418.14,1776579840000
1776579842.563,242.563,0.84,0.85,0.15,0.16,0.01,0.01,75417.82,1776579841000
1776579842.993,242.993,0.86,0.87,0.14,0.15,0.01,0.01,75417.82,1776579841000
1776579843.525,243.525,0.89,0.9,0.11,0.12,0.01,0.01,75417.82,1776579841000
1776579843.858,243.858,0.89,0.9,0.1,0.11,0.01,0.01,75417.82,1776579841000
1776579844.193,244.193,0.88,0.89,0.1,0.12,0.01,0.02,75417.16,1776579842000
1776579844.534,244.534,0.88,0.89,0.11,0.12,0.01,0.01,75417.16,1776579842000
1776579844.917,244.917,0.88,0.89,0.11,0.12,0.01,0.01,75419.49,1776579843000
1776579845.466,245.466,0.88,0.89,0.11,0.12,0.01,0.01,75423.98,1776579844000
1776579845.818,245.818,0.88,0.89,0.11,0.12,0.01,0.01,75423.98,1776579844000
1776579846.193,246.193,0.91,0.92,0.07,0.09,0.01,0.02,75423.98,1776579844000
1776579846.535,246.535,0.91,0.92,0.08,0.09,0.01,0.01,75425.25,1776579845000
1776579846.953,246.953,0.9,0.91,0.08,0.1,0.01,0.02,75425.25,1776579845000
1776579847.299,247.299,0.9,0.91,0.09,0.1,0.01,0.01,75425.25,1776579845000
1776579847.718,247.718,0.9,0.91,0.09,0.1,0.01,0.01,75425.25,1776579845000
1776579848.137,248.137,0.9,0.91,0.09,0.1,0.01,0.01,75423.44,1776579846000
1776579848.503,248.503,0.9,0.91,0.09,0.1,0.01,0.01,75423.44,1776579846000
1776579848.876,248.876,0.9,0.91,0.09,0.1,0.01,0.01,75426.6,1776579847000
1776579849.226,249.226,0.9,0.91,0.09,0.1,0.01,0.01,75426.6,1776579847000
1776579849.685,249.685,0.9,0.91,0.09,0.1,0.01,0.01,75430.8,1776579848000
1776579850.098,250.098,0.9,0.91,0.09,0.1,0.01,0.01,75430.8,1776579848000
1776579850.432,250.432,0.9,0.91,0.09,0.1,0.01,0.01,75427.83,1776579849000
1776579850.803,250.803,0.88,0.89,0.11,0.12,0.01,0.01,75427.83,1776579849000
1776579851.506,251.506,0.88,0.89,0.11,0.12,0.01,0.01,75427.83,1776579849000
1776579851.999,251.999,0.89,0.9,0.1,0.11,0.01,0.01,75429.12,1776579850000
1776579852.353,252.353,0.89,0.9,0.1,0.11,0.01,0.01,75430.87,1776579851000
1776579853.065,253.065,0.89,0.9,0.1,0.11,0.01,0.01,75430.87,1776579851000
1776579853.552,253.552,0.9,0.91,0.09,0.1,0.01,0.01,75429.5,1776579852000
1776579853.983,253.983,0.9,0.91,0.09,0.1,0.01,0.01,75429.5,1776579852000
1776579854.426,254.426,0.9,0.91,0.09,0.1,0.01,0.01,75429.5,1776579852000
1776579854.81,254.81,0.9,0.91,0.09,0.1,0.01,0.01,75429.83,1776579853000
1776579855.608,255.608,0.9,0.91,0.09,0.1,0.01,0.01,75429.83,1776579853000
1776579855.951,255.951,0.9,0.91,0.09,0.1,0.01,0.01,75429.95,1776579854000
1776579856.597,256.597,0.9,0.91,0.09,0.1,0.01,0.01,75430.43,1776579855000
1776579856.937,256.937,0.9,0.91,0.09,0.1,0.01,0.01,75430.43,1776579855000
1776579857.278,257.278,0.9,0.91,0.09,0.1,0.01,0.01,75428.75,1776579856000
1776579857.77,257.77,0.9,0.91,0.09,0.1,0.01,0.01,75428.75,1776579856000
1776579858.138,258.138,0.9,0.91,0.09,0.1,0.01,0.01,75430.45,1776579857000
1776579858.503,258.503,0.9,0.91,0.09,0.1,0.01,0.01,75430.45,1776579857000
1776579859.014,259.014,0.9,0.91,0.09,0.1,0.01,0.01,75430.45,1776579857000
1776579859.448,259.448,0.9,0.91,0.09,0.1,0.01,0.01,75433.33,1776579858000
1776579859.801,259.801,0.9,0.91,0.09,0.1,0.01,0.01,75433.33,1776579858000
1776579860.31,260.31,0.9,0.91,0.09,0.1,0.01,0.01,75434.78,1776579859000
1776579860.698,260.698,0.9,0.91,0.09,0.1,0.01,0.01,75434.78,1776579859000
1776579861.14,261.14,0.9,0.91,0.09,0.1,0.01,0.01,75435.51,1776579860000
1776579861.479,261.479,0.9,0.91,0.09,0.1,0.01,0.01,75435.51,1776579860000
1776579861.885,261.885,0.9,0.91,0.09,0.1,0.01,0.01,75435.51,1776579860000
1776579862.268,262.268,0.9,0.91,0.09,0.1,0.01,0.01,75436.15,1776579861000
1776579862.604,262.604,0.9,0.91,0.09,0.1,0.01,0.01,75436.15,1776579861000
1776579862.937,262.937,0.92,0.93,0.07,0.08,0.01,0.01,75436.15,1776579861000
1776579863.368,263.368,0.92,0.93,0.07,0.08,0.01,0.01,75436.4,1776579862000
1776579863.731,263.731,0.93,0.94,0.06,0.07,0.01,0.01,75436.4,1776579862000
1776579864.075,264.075,0.93,0.94,0.06,0.07,0.01,0.01,75436.4,1776579862000
1776579864.467,264.467,0.93,0.94,0.06,0.07,0.01,0.01,75437.6,1776579863000
1776579864.814,264.814,0.94,0.95,0.05,0.06,0.01,0.01,75437.6,1776579863000
1776579865.168,265.168,0.94,0.95,0.05,0.06,0.01,0.01,75445.47,1776579864000
1776579865.504,265.504,0.94,0.95,0.05,0.06,0.01,0.01,75445.47,1776579864000
1776579865.88,265.88,0.94,0.95,0.05,0.06,0.01,0.01,75445.47,1776579864000
1776579866.428,266.428,0.94,0.95,0.05,0.06,0.01,0.01,75446.93,1776579865000
1776579866.772,266.772,0.95,0.96,0.04,0.05,0.01,0.01,75446.93,1776579865000
1776579867.127,267.127,0.95,0.96,0.04,0.05,0.01,0.01,75450.09,1776579866000
1776579867.489,267.489,0.95,0.97,0.04,0.05,0.02,0.01,75450.09,1776579866000
1776579867.849,267.849,0.96,0.97,0.03,0.04,0.01,0.01,75450.09,1776579866000
1776579868.215,268.215,0.96,0.97,0.03,0.04,0.01,0.01,75450.09,1776579866000
1776579868.588,268.588,0.96,0.97,0.03,0.04,0.01,0.01,75450.09,1776579866000
1776579868.95,268.95,0.96,0.97,0.03,0.04,0.01,0.01,75450.19,1776579867000
1776579869.378,269.378,0.96,0.97,0.03,0.04,0.01,0.01,75450.19,1776579867000
1776579869.893,269.893,0.97,0.98,0.02,0.04,0.01,0.02,75450.2,1776579868000
1776579870.237,270.237,0.97,0.98,0.02,0.03,0.01,0.01,75450.2,1776579868000
1776579870.599,270.599,0.97,0.98,0.02,0.03,0.01,0.01,75450.2,1776579868000
1776579870.963,270.963,0.97,0.98,0.02,0.03,0.01,0.01,75454.96,1776579869000
1776579871.31,271.31,0.97,0.98,0.02,0.03,0.01,0.01,75454.96,1776579869000
1776579871.664,271.664,0.97,0.98,0.02,0.03,0.01,0.01,75456.23,1776579870000
1776579872.135,272.135,0.97,0.98,0.02,0.03,0.01,0.01,75456.23,1776579870000
1776579872.49,272.49,0.97,0.98,0.02,0.03,0.01,0.01,75456.35,1776579871000
1776579872.852,272.852,0.98,0.99,0.01,0.02,0.01,0.01,75456.35,1776579871000
1776579873.253,273.253,0.98,0.99,0.01,0.02,0.01,0.01,75456.33,1776579872000
1776579873.646,273.646,0.98,0.99,0.01,0.02,0.01,0.01,75456.33,1776579872000
1776579874.089,274.089,0.98,0.99,0.01,0.02,0.01,0.01,75456.33,1776579872000
1776579874.433,274.433,0.98,0.99,0.01,0.02,0.01,0.01,75456.37,1776579873000
1776579874.86,274.86,0.98,0.99,0.01,0.02,0.01,0.01,75456.37,1776579873000
1776579875.348,275.348,0.98,0.99,0.01,0.02,0.01,0.01,75456.37,1776579873000
1776579875.681,275.681,0.98,0.99,0.01,0.02,0.01,0.01,75456.37,1776579873000
1776579876.025,276.025,0.98,0.99,0.01,0.02,0.01,0.01,75456.46,1776579874000
1776579876.385,276.385,0.98,0.99,0.01,0.02,0.01,0.01,75457.93,1776579875000
1776579876.725,276.725,0.98,0.99,0.01,0.02,0.01,0.01,75457.93,1776579875000
1776579877.063,277.063,0.98,0.99,0.01,0.02,0.01,0.01,75457.93,1776579875000
1776579877.418,277.418,0.98,0.99,0.01,0.02,0.01,0.01,75457.93,1776579875000
1776579877.796,277.796,0.98,0.99,0.01,0.02,0.01,0.01,75457.96,1776579876000
1776579878.178,278.178,0.98,0.99,0.01,0.02,0.01,0.01,75458.23,1776579877000
1776579878.58,278.58,0.98,0.99,0.01,0.02,0.01,0.01,75458.23,1776579877000
1776579878.933,278.933,0.98,0.99,0.01,0.02,0.01,0.01,75458.23,1776579877000
1776579879.387,279.387,0.98,0.99,0.01,0.02,0.01,0.01,75458.82,1776579878000
1776579879.787,279.787,0.98,0.99,0.01,0.02,0.01,0.01,75458.82,1776579878000
1776579880.226,280.226,0.98,0.99,0.01,0.02,0.01,0.01,75459.56,1776579879000
1776579880.559,280.559,0.98,0.99,0.01,0.02,0.01,0.01,75459.56,1776579879000
1776579880.902,280.902,0.98,0.99,0.01,0.02,0.01,0.01,75459.56,1776579879000
1776579881.387,281.387,0.98,0.99,0.01,0.02,0.01,0.01,75459.68,1776579880000
1776579881.926,281.926,0.99,0.99,0.01,0.01,0.0,0.0,75459.68,1776579880000
1776579882.284,282.284,0.99,0.99,0.01,0.01,0.0,0.0,75459.68,1776579880000
1776579882.793,282.793,0.99,0.99,0.01,0.01,0.0,0.0,75459.69,1776579881000
1776579883.226,283.226,0.99,0.99,0.01,0.01,0.0,0.0,75459.69,1776579881000
1776579884.25,284.25,0.99,0.99,0.01,0.01,0.0,0.0,75458.9,1776579882000
1776579885.175,285.175,0.99,0.99,0.01,0.01,0.0,0.0,75463.14,1776579884000
1776579886.223,286.223,0.99,0.99,0.01,0.01,0.0,0.0,75462.93,1776579885000
1776579887.243,287.243,0.99,0.99,0.01,0.01,0.0,0.0,75462.94,1776579886000
1776579887.873,287.873,0.99,0.99,0.01,0.01,0.0,0.0,75462.94,1776579886000
1776579888.302,288.302,0.99,0.99,0.01,0.01,0.0,0.0,75462.94,1776579887000
1776579888.729,288.729,0.99,0.99,0.01,0.01,0.0,0.0,75462.94,1776579887000
1776579889.261,289.261,0.99,0.99,0.01,0.01,0.0,0.0,75463.16,1776579888000
1776579890.346,290.346,0.99,0.99,0.01,0.01,0.0,0.0,75463.16,1776579889000
1776579890.981,290.981,0.99,0.99,0.01,0.01,0.0,0.0,75463.16,1776579889000
1776579891.39,291.39,0.99,0.99,0.01,0.01,0.0,0.0,75463.06,1776579890000
1776579891.727,291.727,0.99,0.99,0.01,0.01,0.0,0.0,75463.06,1776579890000
1776579892.794,292.794,0.99,0.99,0.01,0.01,0.0,0.0,75463.06,1776579891000
1776579893.976,293.976,0.99,0.99,0.01,0.01,0.0,0.0,75463.09,1776579893000
1776579894.928,294.928,0.99,0.99,0.01,0.01,0.0,0.0,75463.13,1776579894000
1776579895.975,295.975,0.99,0.99,0.01,0.01,0.0,0.0,75463.13,1776579895000
1776579896.36,296.36,0.99,0.99,0.01,0.01,0.0,0.0,75463.13,1776579895000
1776579896.991,296.991,0.99,0.99,0.01,0.01,0.0,0.0,75463.13,1776579896000
1776579898.043,298.043,0.99,0.99,0.01,0.01,0.0,0.0,75463.13,1776579897000
1776579898.678,298.678,0.99,0.99,0.01,0.01,0.0,0.0,75463.13,1776579897000
1776579899.483,299.483,0.99,0.99,0.01,0.01,0.0,0.0,75463.62,1776579898000
1776579899.962,299.962,0.99,0.99,0.01,0.01,0.0,0.0,75463.87,1776579899000
1776579901.052,301.052,0.99,0.99,0.01,0.01,0.0,0.0,75463.87,1776579900000
1776579902.173,302.173,0.99,0.99,0.01,0.01,0.0,0.0,75463.83,1776579901000

# RESULT,winner=Up,slug=btc-updown-5m-1776579600,ticks=633
