timestamp,elapsed_sec,up_bid,up_ask,down_bid,down_ask,up_spread,down_spread,btc_price,btc_oracle_ts
1776755400.734,0.734,0.49,0.5,0.5,0.51,0.01,0.01,75913.55,1776755399000
1776755401.185,1.185,0.49,0.5,0.5,0.51,0.01,0.01,75913.55,1776755399000
1776755401.522,1.522,0.49,0.51,0.49,0.51,0.02,0.02,75917.11,1776755400000
1776755401.856,1.856,0.55,0.56,0.44,0.45,0.01,0.01,75917.11,1776755400000
1776755402.481,2.481,0.55,0.59,0.41,0.45,0.04,0.04,75921.23,1776755401000
1776755402.912,2.912,0.56,0.6,0.4,0.44,0.04,0.04,75921.23,1776755401000
1776755403.268,3.268,0.56,0.6,0.41,0.44,0.04,0.03,75921.23,1776755401000
1776755403.765,3.765,0.58,0.61,0.39,0.42,0.03,0.03,75930.34,1776755402000
1776755404.355,4.355,0.59,0.61,0.39,0.41,0.02,0.02,75930.34,1776755403000
1776755404.76,4.76,0.59,0.6,0.39,0.41,0.01,0.02,75930.34,1776755403000
1776755405.138,5.138,0.59,0.6,0.4,0.41,0.01,0.01,75930.34,1776755403000
1776755405.517,5.517,0.6,0.61,0.39,0.41,0.01,0.02,75930.34,1776755403000
1776755406.038,6.038,0.6,0.61,0.39,0.4,0.01,0.01,75933.29,1776755404000
1776755406.599,6.599,0.61,0.62,0.38,0.39,0.01,0.01,75933.29,1776755405000
1776755407.446,7.446,0.61,0.62,0.38,0.39,0.01,0.01,75933.29,1776755405000
1776755407.797,7.797,0.67,0.68,0.32,0.33,0.01,0.01,75933.29,1776755405000
1776755408.231,8.231,0.67,0.68,0.32,0.33,0.01,0.01,75933.27,1776755406000
1776755408.741,8.741,0.67,0.68,0.32,0.33,0.01,0.01,75933.27,1776755406000
1776755409.268,9.268,0.67,0.68,0.32,0.33,0.01,0.01,75934.74,1776755408000
1776755409.618,9.618,0.67,0.68,0.32,0.33,0.01,0.01,75934.74,1776755408000
1776755410.095,10.095,0.67,0.68,0.32,0.33,0.01,0.01,75934.74,1776755408000
1776755410.451,10.451,0.67,0.68,0.32,0.33,0.01,0.01,75939.18,1776755409000
1776755410.85,10.85,0.67,0.68,0.32,0.33,0.01,0.01,75939.18,1776755409000
1776755411.573,11.573,0.67,0.68,0.32,0.33,0.01,0.01,75939.29,1776755410000
1776755411.91,11.91,0.67,0.68,0.32,0.33,0.01,0.01,75939.29,1776755410000
1776755412.449,12.449,0.67,0.68,0.32,0.33,0.01,0.01,75939.45,1776755411000
1776755412.956,12.956,0.67,0.68,0.32,0.33,0.01,0.01,75939.45,1776755411000
1776755413.29,13.29,0.68,0.69,0.31,0.32,0.01,0.01,75939.45,1776755412000
1776755413.724,13.724,0.68,0.69,0.31,0.32,0.01,0.01,75939.45,1776755412000
1776755414.088,14.088,0.68,0.69,0.31,0.32,0.01,0.01,75939.45,1776755412000
1776755414.489,14.489,0.68,0.69,0.31,0.32,0.01,0.01,75939.45,1776755413000
1776755415.026,15.026,0.68,0.69,0.31,0.32,0.01,0.01,75939.45,1776755413000
1776755415.363,15.363,0.68,0.69,0.31,0.32,0.01,0.01,75939.45,1776755413000
1776755415.703,15.703,0.68,0.69,0.31,0.32,0.01,0.01,75942.42,1776755414000
1776755416.04,16.04,0.68,0.69,0.31,0.32,0.01,0.01,75943.24,1776755415000
1776755416.596,16.596,0.68,0.69,0.31,0.32,0.01,0.01,75943.24,1776755415000
1776755416.965,16.965,0.68,0.69,0.31,0.32,0.01,0.01,75943.24,1776755415000
1776755417.422,17.422,0.68,0.69,0.31,0.32,0.01,0.01,75943.41,1776755416000
1776755417.757,17.757,0.68,0.69,0.31,0.32,0.01,0.01,75943.41,1776755416000
1776755418.165,18.165,0.68,0.69,0.31,0.32,0.01,0.01,75943.41,1776755416000
1776755418.639,18.639,0.68,0.69,0.31,0.32,0.01,0.01,75944.37,1776755417000
1776755418.995,18.995,0.68,0.69,0.31,0.32,0.01,0.01,75944.64,1776755418000
1776755419.483,19.483,0.68,0.69,0.31,0.32,0.01,0.01,75944.64,1776755418000
1776755420.19,20.19,0.68,0.69,0.31,0.32,0.01,0.01,75944.64,1776755418000
1776755420.684,20.684,0.68,0.69,0.31,0.32,0.01,0.01,75944.79,1776755419000
1776755421.024,21.024,0.68,0.7,0.31,0.32,0.02,0.01,75944.79,1776755419000
1776755421.392,21.392,0.69,0.7,0.3,0.31,0.01,0.01,75945.18,1776755420000
1776755421.729,21.729,0.69,0.7,0.3,0.31,0.01,0.01,75945.18,1776755420000
1776755422.1,22.1,0.69,0.7,0.3,0.31,0.01,0.01,75945.18,1776755420000
1776755422.469,22.469,0.69,0.7,0.3,0.31,0.01,0.01,75945.19,1776755421000
1776755422.814,22.814,0.69,0.7,0.3,0.31,0.01,0.01,75945.19,1776755421000
1776755423.147,23.147,0.69,0.7,0.3,0.31,0.01,0.01,75945.19,1776755421000
1776755423.669,23.669,0.69,0.7,0.3,0.31,0.01,0.01,75945.31,1776755422000
1776755424.127,24.127,0.69,0.7,0.3,0.31,0.01,0.01,75945.31,1776755422000
1776755424.467,24.467,0.7,0.71,0.29,0.3,0.01,0.01,75945.38,1776755423000
1776755424.803,24.803,0.7,0.71,0.29,0.3,0.01,0.01,75945.38,1776755423000
1776755425.206,25.206,0.71,0.72,0.28,0.3,0.01,0.02,75945.38,1776755423000
1776755425.644,25.644,0.71,0.72,0.28,0.29,0.01,0.01,75945.41,1776755424000
1776755426.05,26.05,0.71,0.72,0.28,0.29,0.01,0.01,75945.41,1776755424000
1776755426.478,26.478,0.7,0.71,0.29,0.3,0.01,0.01,75945.48,1776755425000
1776755427.258,27.258,0.7,0.71,0.29,0.3,0.01,0.01,75945.5,1776755426000
1776755427.955,27.955,0.7,0.71,0.29,0.3,0.01,0.01,75945.5,1776755426000
1776755428.303,28.303,0.7,0.71,0.29,0.3,0.01,0.01,75948.78,1776755427000
1776755428.661,28.661,0.7,0.71,0.29,0.3,0.01,0.01,75948.78,1776755427000
1776755429.07,29.07,0.7,0.71,0.29,0.3,0.01,0.01,75948.78,1776755427000
1776755429.425,29.425,0.7,0.71,0.29,0.3,0.01,0.01,75945.49,1776755428000
1776755429.764,29.764,0.7,0.71,0.29,0.3,0.01,0.01,75945.49,1776755428000
1776755430.127,30.127,0.7,0.71,0.29,0.3,0.01,0.01,75945.48,1776755429000
1776755430.6,30.6,0.7,0.71,0.29,0.3,0.01,0.01,75945.48,1776755429000
1776755431.054,31.054,0.7,0.71,0.29,0.3,0.01,0.01,75945.49,1776755430000
1776755431.446,31.446,0.7,0.71,0.29,0.3,0.01,0.01,75945.49,1776755430000
1776755431.831,31.831,0.7,0.71,0.29,0.3,0.01,0.01,75945.49,1776755430000
1776755432.293,32.293,0.7,0.71,0.29,0.3,0.01,0.01,75945.49,1776755431000
1776755432.702,32.702,0.7,0.71,0.29,0.3,0.01,0.01,75945.49,1776755431000
1776755433.041,33.041,0.67,0.69,0.29,0.33,0.02,0.04,75945.49,1776755431000
1776755433.406,33.406,0.68,0.69,0.31,0.32,0.01,0.01,75945.49,1776755431000
1776755433.747,33.747,0.68,0.69,0.31,0.32,0.01,0.01,75945.49,1776755431000
1776755434.095,34.095,0.68,0.69,0.31,0.32,0.01,0.01,75945.46,1776755432000
1776755434.525,34.525,0.68,0.69,0.31,0.32,0.01,0.01,75945.46,1776755433000
1776755434.867,34.867,0.68,0.69,0.31,0.32,0.01,0.01,75945.46,1776755433000
1776755435.239,35.239,0.75,0.76,0.24,0.25,0.01,0.01,75944.83,1776755434000
1776755435.775,35.775,0.76,0.77,0.23,0.24,0.01,0.01,75944.83,1776755434000
1776755436.162,36.162,0.76,0.77,0.23,0.24,0.01,0.01,75944.83,1776755434000
1776755436.537,36.537,0.76,0.77,0.23,0.24,0.01,0.01,75944.83,1776755434000
1776755436.928,36.928,0.76,0.77,0.23,0.24,0.01,0.01,75945.22,1776755435000
1776755437.376,37.376,0.74,0.75,0.25,0.26,0.01,0.01,75949.5,1776755436000
1776755437.711,37.711,0.74,0.75,0.25,0.26,0.01,0.01,75949.5,1776755436000
1776755438.053,38.053,0.74,0.75,0.25,0.26,0.01,0.01,75949.5,1776755436000
1776755438.409,38.409,0.74,0.75,0.25,0.26,0.01,0.01,75950.62,1776755437000
1776755438.871,38.871,0.74,0.75,0.25,0.26,0.01,0.01,75950.62,1776755437000
1776755439.567,39.567,0.74,0.75,0.25,0.26,0.01,0.01,75950.62,1776755437000
1776755439.935,39.935,0.74,0.75,0.25,0.26,0.01,0.01,75955.53,1776755438000
1776755440.289,40.289,0.74,0.75,0.25,0.26,0.01,0.01,75955.53,1776755438000
1776755440.699,40.699,0.74,0.75,0.25,0.26,0.01,0.01,75956.79,1776755439000
1776755441.034,41.034,0.74,0.75,0.25,0.26,0.01,0.01,75956.79,1776755439000
1776755441.74,41.74,0.74,0.75,0.25,0.26,0.01,0.01,75956.79,1776755439000
1776755442.449,42.449,0.74,0.75,0.25,0.26,0.01,0.01,75958.95,1776755441000
1776755442.828,42.828,0.74,0.75,0.25,0.26,0.01,0.01,75958.95,1776755441000
1776755443.227,43.227,0.74,0.75,0.25,0.26,0.01,0.01,75959.84,1776755442000
1776755443.561,43.561,0.74,0.75,0.25,0.26,0.01,0.01,75959.84,1776755442000
1776755443.951,43.951,0.74,0.75,0.25,0.26,0.01,0.01,75959.84,1776755442000
1776755444.299,44.299,0.74,0.75,0.25,0.26,0.01,0.01,75959.84,1776755442000
1776755445.112,45.112,0.74,0.75,0.25,0.26,0.01,0.01,75963.93,1776755443000
1776755445.673,45.673,0.74,0.75,0.25,0.26,0.01,0.01,75966.22,1776755444000
1776755446.464,46.464,0.74,0.75,0.25,0.26,0.01,0.01,75966.92,1776755445000
1776755446.944,46.944,0.74,0.75,0.25,0.26,0.01,0.01,75966.92,1776755445000
1776755447.308,47.308,0.74,0.75,0.25,0.26,0.01,0.01,75967.06,1776755446000
1776755447.891,47.891,0.74,0.75,0.25,0.26,0.01,0.01,75967.06,1776755446000
1776755448.485,48.485,0.74,0.75,0.25,0.26,0.01,0.01,75967.06,1776755446000
1776755448.848,48.848,0.74,0.75,0.25,0.26,0.01,0.01,75966.99,1776755447000
1776755449.195,49.195,0.74,0.75,0.25,0.26,0.01,0.01,75966.99,1776755447000
1776755449.645,49.645,0.74,0.75,0.25,0.26,0.01,0.01,75967.02,1776755448000
1776755450.245,50.245,0.74,0.75,0.25,0.26,0.01,0.01,75967.02,1776755448000
1776755450.587,50.587,0.74,0.75,0.25,0.26,0.01,0.01,75967.02,1776755448000
1776755451.055,51.055,0.74,0.75,0.25,0.26,0.01,0.01,75967.02,1776755448000
1776755451.399,51.399,0.74,0.75,0.25,0.26,0.01,0.01,75967.02,1776755448000
1776755452.155,52.155,0.74,0.75,0.25,0.26,0.01,0.01,75967.01,1776755450000
1776755452.505,52.505,0.74,0.75,0.25,0.26,0.01,0.01,75967.01,1776755450000
1776755453.037,53.037,0.74,0.75,0.25,0.26,0.01,0.01,75967.05,1776755451000
1776755454.193,54.193,0.74,0.75,0.25,0.26,0.01,0.01,75967.05,1776755452000
1776755455.026,55.026,0.74,0.75,0.25,0.26,0.01,0.01,75967.05,1776755453000
1776755455.363,55.363,0.74,0.75,0.25,0.26,0.01,0.01,75971.52,1776755454000
1776755455.732,55.732,0.74,0.75,0.25,0.26,0.01,0.01,75971.52,1776755454000
1776755456.154,56.154,0.74,0.75,0.25,0.26,0.01,0.01,75971.52,1776755454000
1776755456.621,56.621,0.74,0.75,0.25,0.26,0.01,0.01,75967.06,1776755455000
1776755456.969,56.969,0.74,0.75,0.25,0.26,0.01,0.01,75967.06,1776755455000
1776755457.42,57.42,0.74,0.75,0.25,0.26,0.01,0.01,75967.06,1776755456000
1776755457.808,57.808,0.74,0.75,0.25,0.26,0.01,0.01,75967.06,1776755456000
1776755458.226,58.226,0.74,0.75,0.25,0.26,0.01,0.01,75967.07,1776755457000
1776755458.783,58.783,0.74,0.75,0.25,0.26,0.01,0.01,75967.07,1776755457000
1776755459.387,59.387,0.74,0.75,0.25,0.26,0.01,0.01,75967.07,1776755457000
1776755459.748,59.748,0.74,0.75,0.25,0.26,0.01,0.01,75967.12,1776755458000
1776755460.194,60.194,0.74,0.75,0.25,0.26,0.01,0.01,75967.16,1776755459000
1776755460.546,60.546,0.74,0.75,0.25,0.26,0.01,0.01,75967.16,1776755459000
1776755460.956,60.956,0.74,0.75,0.25,0.26,0.01,0.01,75967.16,1776755459000
1776755461.379,61.379,0.74,0.75,0.25,0.26,0.01,0.01,75967.08,1776755460000
1776755461.764,61.764,0.74,0.75,0.25,0.26,0.01,0.01,75967.08,1776755460000
1776755462.218,62.218,0.74,0.75,0.25,0.26,0.01,0.01,75967.08,1776755460000
1776755462.552,62.552,0.74,0.75,0.25,0.26,0.01,0.01,75967.07,1776755461000
1776755463.042,63.042,0.74,0.75,0.25,0.26,0.01,0.01,75967.07,1776755461000
1776755463.403,63.403,0.74,0.75,0.25,0.26,0.01,0.01,75967.07,1776755462000
1776755463.744,63.744,0.74,0.75,0.25,0.26,0.01,0.01,75967.07,1776755462000
1776755464.18,64.18,0.74,0.75,0.25,0.26,0.01,0.01,75967.04,1776755463000
1776755464.558,64.558,0.74,0.75,0.25,0.26,0.01,0.01,75967.04,1776755463000
1776755464.914,64.914,0.74,0.75,0.25,0.26,0.01,0.01,75967.04,1776755463000
1776755465.256,65.256,0.74,0.75,0.25,0.26,0.01,0.01,75967.04,1776755463000
1776755465.622,65.622,0.68,0.69,0.31,0.33,0.01,0.02,75965.84,1776755464000
1776755465.963,65.963,0.65,0.69,0.31,0.33,0.04,0.02,75965.84,1776755464000
1776755466.34,66.34,0.61,0.62,0.38,0.39,0.01,0.01,75965.84,1776755464000
1776755466.676,66.676,0.61,0.62,0.38,0.39,0.01,0.01,75965.76,1776755465000
1776755467.018,67.018,0.63,0.64,0.36,0.37,0.01,0.01,75965.76,1776755465000
1776755467.354,67.354,0.64,0.65,0.35,0.36,0.01,0.01,75959.89,1776755466000
1776755467.702,67.702,0.64,0.65,0.35,0.36,0.01,0.01,75959.89,1776755466000
1776755468.086,68.086,0.68,0.69,0.31,0.32,0.01,0.01,75959.89,1776755466000
1776755468.451,68.451,0.68,0.69,0.31,0.32,0.01,0.01,75951.05,1776755467000
1776755469.278,69.278,0.7,0.71,0.29,0.32,0.01,0.03,75951.05,1776755467000
1776755469.836,69.836,0.7,0.71,0.29,0.3,0.01,0.01,75948.34,1776755468000
1776755470.498,70.498,0.7,0.71,0.29,0.3,0.01,0.01,75948.34,1776755468000
1776755471.07,71.07,0.7,0.71,0.29,0.3,0.01,0.01,75951.01,1776755469000
1776755471.534,71.534,0.7,0.71,0.29,0.3,0.01,0.01,75951.42,1776755470000
1776755471.956,71.956,0.69,0.71,0.29,0.31,0.02,0.02,75951.42,1776755470000
1776755472.332,72.332,0.69,0.71,0.29,0.31,0.02,0.02,75950.39,1776755471000
1776755473.035,73.035,0.69,0.7,0.3,0.32,0.01,0.02,75950.39,1776755471000
1776755473.587,73.587,0.68,0.7,0.3,0.32,0.02,0.02,75949.07,1776755472000
1776755474.025,74.025,0.65,0.66,0.34,0.35,0.01,0.01,75949.07,1776755472000
1776755474.38,74.38,0.65,0.66,0.34,0.35,0.01,0.01,75949.06,1776755473000
1776755474.846,74.846,0.65,0.66,0.34,0.35,0.01,0.01,75949.06,1776755473000
1776755475.244,75.244,0.65,0.66,0.34,0.35,0.01,0.01,75949.06,1776755473000
1776755475.583,75.583,0.66,0.67,0.33,0.34,0.01,0.01,75948.75,1776755474000
1776755476.197,76.197,0.66,0.67,0.33,0.34,0.01,0.01,75948.75,1776755474000
1776755476.598,76.598,0.66,0.67,0.33,0.34,0.01,0.01,75947.62,1776755475000
1776755477.007,77.007,0.66,0.67,0.33,0.34,0.01,0.01,75947.62,1776755475000
1776755477.408,77.408,0.67,0.68,0.32,0.33,0.01,0.01,75947.62,1776755476000
1776755477.924,77.924,0.67,0.68,0.32,0.33,0.01,0.01,75947.62,1776755476000
1776755478.425,78.425,0.67,0.68,0.32,0.33,0.01,0.01,75948.08,1776755477000
1776755479.048,79.048,0.67,0.68,0.32,0.33,0.01,0.01,75948.07,1776755478000
1776755480.057,80.057,0.67,0.68,0.32,0.33,0.01,0.01,75947.97,1776755479000
1776755480.817,80.817,0.67,0.68,0.32,0.33,0.01,0.01,75947.97,1776755479000
1776755481.715,81.715,0.67,0.68,0.32,0.33,0.01,0.01,75947.97,1776755479000
1776755482.138,82.138,0.67,0.68,0.32,0.33,0.01,0.01,75947.71,1776755481000
1776755482.533,82.533,0.67,0.68,0.32,0.33,0.01,0.01,75947.71,1776755481000
1776755482.945,82.945,0.67,0.68,0.32,0.33,0.01,0.01,75947.71,1776755481000
1776755483.316,83.316,0.67,0.68,0.32,0.33,0.01,0.01,75947.73,1776755482000
1776755483.678,83.678,0.67,0.68,0.32,0.33,0.01,0.01,75947.73,1776755482000
1776755484.042,84.042,0.54,0.55,0.45,0.46,0.01,0.01,75947.73,1776755482000
1776755484.409,84.409,0.54,0.55,0.45,0.46,0.01,0.01,75947.93,1776755483000
1776755484.753,84.753,0.54,0.55,0.45,0.46,0.01,0.01,75947.93,1776755483000
1776755485.159,85.159,0.54,0.55,0.45,0.46,0.01,0.01,75945.01,1776755484000
1776755485.624,85.624,0.54,0.55,0.45,0.46,0.01,0.01,75945.01,1776755484000
1776755485.967,85.967,0.54,0.55,0.45,0.46,0.01,0.01,75945.01,1776755484000
1776755486.555,86.555,0.54,0.55,0.45,0.46,0.01,0.01,75938.15,1776755485000
1776755486.932,86.932,0.54,0.55,0.45,0.46,0.01,0.01,75936.2,1776755486000
1776755487.511,87.511,0.54,0.55,0.45,0.46,0.01,0.01,75936.2,1776755486000
1776755488.005,88.005,0.54,0.55,0.45,0.46,0.01,0.01,75936.2,1776755486000
1776755488.36,88.36,0.54,0.55,0.45,0.46,0.01,0.01,75935.89,1776755487000
1776755488.708,88.708,0.54,0.55,0.45,0.46,0.01,0.01,75935.89,1776755487000
1776755489.129,89.129,0.54,0.57,0.44,0.46,0.03,0.02,75935.83,1776755488000
1776755489.56,89.56,0.55,0.56,0.44,0.45,0.01,0.01,75935.83,1776755488000
1776755489.965,89.965,0.55,0.56,0.44,0.45,0.01,0.01,75935.83,1776755488000
1776755490.495,90.495,0.55,0.56,0.44,0.45,0.01,0.01,75935.82,1776755489000
1776755490.853,90.853,0.55,0.56,0.44,0.45,0.01,0.01,75935.82,1776755489000
1776755491.223,91.223,0.55,0.56,0.44,0.45,0.01,0.01,75935.79,1776755490000
1776755491.656,91.656,0.57,0.58,0.44,0.45,0.01,0.01,75935.79,1776755490000
1776755492.078,92.078,0.58,0.59,0.41,0.42,0.01,0.01,75935.68,1776755491000
1776755492.412,92.412,0.59,0.6,0.4,0.41,0.01,0.01,75935.68,1776755491000
1776755492.772,92.772,0.59,0.6,0.4,0.41,0.01,0.01,75935.68,1776755491000
1776755493.184,93.184,0.59,0.6,0.4,0.41,0.01,0.01,75935.4,1776755492000
1776755493.603,93.603,0.59,0.6,0.4,0.41,0.01,0.01,75935.4,1776755492000
1776755494.043,94.043,0.59,0.6,0.4,0.41,0.01,0.01,75935.4,1776755492000
1776755494.391,94.391,0.59,0.6,0.4,0.41,0.01,0.01,75934.67,1776755493000
1776755495.045,95.045,0.59,0.6,0.4,0.41,0.01,0.01,75934.67,1776755493000
1776755496.139,96.139,0.59,0.6,0.4,0.41,0.01,0.01,75940.77,1776755495000
1776755496.716,96.716,0.59,0.6,0.4,0.41,0.01,0.01,75940.77,1776755495000
1776755497.136,97.136,0.59,0.61,0.39,0.41,0.02,0.02,75940.77,1776755495000
1776755497.755,97.755,0.59,0.64,0.39,0.41,0.05,0.02,75945.28,1776755496000
1776755498.102,98.102,0.65,0.67,0.3,0.35,0.02,0.05,75945.28,1776755496000
1776755498.482,98.482,0.65,0.67,0.33,0.35,0.02,0.02,75953.34,1776755497000
1776755498.861,98.861,0.68,0.7,0.3,0.32,0.02,0.02,75953.34,1776755497000
1776755499.247,99.247,0.69,0.7,0.3,0.31,0.01,0.01,75952.77,1776755498000
1776755499.583,99.583,0.69,0.7,0.3,0.31,0.01,0.01,75952.77,1776755498000
1776755499.994,99.994,0.69,0.7,0.3,0.31,0.01,0.01,75952.77,1776755498000
1776755500.63,100.63,0.71,0.75,0.26,0.3,0.04,0.04,75952.78,1776755499000
1776755501.014,101.014,0.72,0.75,0.25,0.28,0.03,0.03,75953.69,1776755500000
1776755501.988,101.988,0.77,0.78,0.22,0.27,0.01,0.05,75953.69,1776755500000
1776755502.458,102.458,0.77,0.79,0.21,0.23,0.02,0.02,75962.62,1776755501000
1776755502.827,102.827,0.77,0.79,0.21,0.23,0.02,0.02,75962.62,1776755501000
1776755503.307,103.307,0.77,0.79,0.21,0.23,0.02,0.02,75963.66,1776755502000
1776755503.682,103.682,0.77,0.8,0.2,0.23,0.03,0.03,75963.66,1776755502000
1776755504.043,104.043,0.77,0.8,0.2,0.23,0.03,0.03,75966.68,1776755503000
1776755504.425,104.425,0.78,0.8,0.2,0.23,0.02,0.03,75966.68,1776755503000
1776755504.94,104.94,0.78,0.8,0.2,0.22,0.02,0.02,75966.69,1776755504000
1776755505.275,105.275,0.79,0.81,0.19,0.21,0.02,0.02,75966.69,1776755504000
1776755505.636,105.636,0.8,0.81,0.19,0.2,0.01,0.01,75966.69,1776755504000
1776755506.015,106.015,0.8,0.81,0.19,0.2,0.01,0.01,75967.83,1776755505000
1776755506.363,106.363,0.8,0.81,0.19,0.2,0.01,0.01,75967.83,1776755505000
1776755506.715,106.715,0.8,0.81,0.19,0.2,0.01,0.01,75967.83,1776755505000
1776755507.062,107.062,0.8,0.81,0.19,0.2,0.01,0.01,75967.83,1776755505000
1776755507.445,107.445,0.81,0.82,0.18,0.19,0.01,0.01,75967.83,1776755505000
1776755507.884,107.884,0.81,0.82,0.18,0.19,0.01,0.01,75967.28,1776755506000
1776755508.407,108.407,0.81,0.82,0.18,0.19,0.01,0.01,75967.06,1776755507000
1776755508.752,108.752,0.81,0.82,0.18,0.19,0.01,0.01,75967.06,1776755507000
1776755509.184,109.184,0.81,0.82,0.18,0.19,0.01,0.01,75966.84,1776755508000
1776755509.547,109.547,0.82,0.83,0.18,0.19,0.01,0.01,75966.84,1776755508000
1776755509.966,109.966,0.82,0.83,0.17,0.18,0.01,0.01,75966.84,1776755508000
1776755510.775,110.775,0.82,0.83,0.17,0.18,0.01,0.01,75966.84,1776755509000
1776755511.205,111.205,0.82,0.83,0.17,0.18,0.01,0.01,75966.84,1776755509000
1776755511.541,111.541,0.82,0.83,0.17,0.18,0.01,0.01,75966.86,1776755510000
1776755511.919,111.919,0.82,0.83,0.17,0.18,0.01,0.01,75966.98,1776755511000
1776755512.533,112.533,0.82,0.83,0.17,0.18,0.01,0.01,75966.98,1776755511000
1776755513.048,113.048,0.82,0.83,0.17,0.18,0.01,0.01,75966.98,1776755511000
1776755513.565,113.565,0.82,0.86,0.17,0.18,0.04,0.01,75967.11,1776755512000
1776755514.048,114.048,0.82,0.83,0.17,0.18,0.01,0.01,75967.11,1776755512000
1776755514.666,114.666,0.82,0.83,0.17,0.18,0.01,0.01,75967.16,1776755513000
1776755515.327,115.327,0.82,0.83,0.17,0.18,0.01,0.01,75967.16,1776755513000
1776755515.697,115.697,0.82,0.83,0.17,0.18,0.01,0.01,75967.21,1776755514000
1776755516.054,116.054,0.82,0.83,0.17,0.18,0.01,0.01,75967.22,1776755515000
1776755517.048,117.048,0.82,0.83,0.17,0.18,0.01,0.01,75966.83,1776755516000
1776755517.417,117.417,0.82,0.83,0.17,0.18,0.01,0.01,75966.83,1776755516000
1776755517.967,117.967,0.82,0.83,0.17,0.18,0.01,0.01,75966.83,1776755516000
1776755518.728,118.728,0.82,0.83,0.17,0.18,0.01,0.01,75966.85,1776755517000
1776755519.337,119.337,0.82,0.83,0.17,0.18,0.01,0.01,75965.93,1776755518000
1776755519.689,119.689,0.82,0.83,0.17,0.18,0.01,0.01,75965.93,1776755518000
1776755520.278,120.278,0.81,0.82,0.17,0.19,0.01,0.02,75965.93,1776755518000
1776755520.626,120.626,0.81,0.82,0.18,0.19,0.01,0.01,75965.15,1776755519000
1776755520.977,120.977,0.81,0.82,0.18,0.19,0.01,0.01,75965.15,1776755519000
1776755521.403,121.403,0.81,0.82,0.18,0.19,0.01,0.01,75965.15,1776755519000
1776755521.847,121.847,0.81,0.82,0.18,0.19,0.01,0.01,75964.39,1776755520000
1776755522.252,122.252,0.81,0.82,0.18,0.19,0.01,0.01,75964.39,1776755520000
1776755522.691,122.691,0.81,0.82,0.18,0.19,0.01,0.01,75964.39,1776755521000
1776755523.184,123.184,0.81,0.82,0.18,0.19,0.01,0.01,75964.39,1776755521000
1776755523.523,123.523,0.81,0.82,0.18,0.19,0.01,0.01,75964.37,1776755522000
1776755524.062,124.062,0.81,0.82,0.18,0.19,0.01,0.01,75964.37,1776755522000
1776755524.434,124.434,0.81,0.82,0.18,0.19,0.01,0.01,75963.47,1776755523000
1776755525.17,125.17,0.81,0.82,0.18,0.19,0.01,0.01,75963.47,1776755524000
1776755525.663,125.663,0.81,0.82,0.18,0.19,0.01,0.01,75963.47,1776755524000
1776755526.375,126.375,0.81,0.82,0.18,0.19,0.01,0.01,75963.8,1776755525000
1776755526.898,126.898,0.81,0.82,0.18,0.19,0.01,0.01,75963.8,1776755525000
1776755527.296,127.296,0.81,0.82,0.18,0.19,0.01,0.01,75963.79,1776755526000
1776755527.889,127.889,0.81,0.82,0.18,0.19,0.01,0.01,75963.79,1776755526000
1776755528.238,128.238,0.81,0.82,0.18,0.19,0.01,0.01,75963.79,1776755526000
1776755528.643,128.643,0.81,0.82,0.18,0.19,0.01,0.01,75963.44,1776755527000
1776755529.294,129.294,0.81,0.82,0.18,0.19,0.01,0.01,75963.47,1776755528000
1776755529.628,129.628,0.81,0.82,0.18,0.19,0.01,0.01,75963.47,1776755528000
1776755530.215,130.215,0.81,0.82,0.18,0.19,0.01,0.01,75963.47,1776755528000
1776755530.651,130.651,0.81,0.82,0.18,0.19,0.01,0.01,75963.41,1776755529000
1776755531.381,131.381,0.81,0.82,0.18,0.19,0.01,0.01,75963.52,1776755530000
1776755532.413,132.413,0.82,0.83,0.18,0.19,0.01,0.01,75963.52,1776755530000
1776755532.961,132.961,0.82,0.83,0.17,0.18,0.01,0.01,75964.85,1776755531000
1776755533.345,133.345,0.82,0.83,0.17,0.18,0.01,0.01,75963.33,1776755532000
1776755533.719,133.719,0.82,0.83,0.17,0.18,0.01,0.01,75963.33,1776755532000
1776755534.324,134.324,0.82,0.83,0.17,0.19,0.01,0.02,75963.33,1776755532000
1776755534.667,134.667,0.81,0.82,0.17,0.18,0.01,0.01,75963.33,1776755532000
1776755535.367,135.367,0.81,0.82,0.18,0.19,0.01,0.01,75961.29,1776755533000
1776755535.701,135.701,0.74,0.76,0.24,0.26,0.02,0.02,75961.23,1776755534000
1776755536.079,136.079,0.71,0.75,0.25,0.28,0.04,0.03,75961.23,1776755534000
1776755536.464,136.464,0.68,0.71,0.29,0.31,0.03,0.02,75956.54,1776755535000
1776755536.81,136.81,0.69,0.7,0.3,0.33,0.01,0.03,75956.54,1776755535000
1776755537.271,137.271,0.69,0.7,0.3,0.31,0.01,0.01,75956.54,1776755535000
1776755537.708,137.708,0.69,0.7,0.3,0.31,0.01,0.01,75949.46,1776755536000
1776755538.052,138.052,0.68,0.69,0.31,0.32,0.01,0.01,75947.12,1776755537000
1776755538.512,138.512,0.68,0.69,0.31,0.32,0.01,0.01,75947.12,1776755537000
1776755539.001,139.001,0.68,0.69,0.31,0.32,0.01,0.01,75947.12,1776755537000
1776755539.416,139.416,0.68,0.69,0.31,0.32,0.01,0.01,75945.06,1776755538000
1776755539.928,139.928,0.68,0.69,0.31,0.32,0.01,0.01,75945.06,1776755538000
1776755540.288,140.288,0.68,0.69,0.31,0.32,0.01,0.01,75943.44,1776755539000
1776755540.661,140.661,0.68,0.69,0.31,0.32,0.01,0.01,75943.44,1776755539000
1776755540.995,140.995,0.68,0.69,0.31,0.32,0.01,0.01,75943.44,1776755539000
1776755541.831,141.831,0.68,0.69,0.31,0.32,0.01,0.01,75942.95,1776755540000
1776755542.176,142.176,0.68,0.69,0.31,0.32,0.01,0.01,75941.25,1776755541000
1776755542.594,142.594,0.68,0.69,0.31,0.32,0.01,0.01,75941.25,1776755541000
1776755543.339,143.339,0.58,0.67,0.33,0.42,0.09,0.09,75936.97,1776755542000
1776755543.716,143.716,0.61,0.62,0.33,0.4,0.01,0.07,75936.97,1776755542000
1776755544.144,144.144,0.61,0.62,0.38,0.39,0.01,0.01,75936.97,1776755542000
1776755544.551,144.551,0.61,0.62,0.38,0.39,0.01,0.01,75936.88,1776755543000
1776755545.165,145.165,0.61,0.62,0.38,0.39,0.01,0.01,75936.88,1776755543000
1776755545.808,145.808,0.59,0.6,0.38,0.42,0.01,0.04,75936.88,1776755544000
1776755546.156,146.156,0.59,0.6,0.4,0.41,0.01,0.01,75936.89,1776755545000
1776755546.523,146.523,0.59,0.6,0.4,0.41,0.01,0.01,75936.89,1776755545000
1776755546.985,146.985,0.59,0.6,0.4,0.41,0.01,0.01,75935.43,1776755546000
1776755547.407,147.407,0.59,0.6,0.4,0.41,0.01,0.01,75935.43,1776755546000
1776755547.828,147.828,0.59,0.6,0.4,0.41,0.01,0.01,75935.43,1776755546000
1776755548.933,148.933,0.59,0.6,0.4,0.41,0.01,0.01,75933.25,1776755548000
1776755549.391,149.391,0.59,0.6,0.4,0.41,0.01,0.01,75933.25,1776755548000
1776755549.766,149.766,0.59,0.6,0.4,0.41,0.01,0.01,75933.25,1776755548000
1776755550.228,150.228,0.59,0.6,0.4,0.41,0.01,0.01,75932.55,1776755549000
1776755550.58,150.58,0.58,0.6,0.4,0.42,0.02,0.02,75932.55,1776755549000
1776755550.935,150.935,0.59,0.6,0.4,0.41,0.01,0.01,75932.55,1776755549000
1776755551.283,151.283,0.58,0.59,0.41,0.42,0.01,0.01,75932.54,1776755550000
1776755551.625,151.625,0.58,0.6,0.4,0.42,0.02,0.02,75932.54,1776755550000
1776755552.027,152.027,0.58,0.59,0.41,0.42,0.01,0.01,75932.54,1776755550000
1776755552.564,152.564,0.61,0.62,0.39,0.4,0.01,0.01,75932.54,1776755550000
1776755553.063,153.063,0.62,0.63,0.37,0.38,0.01,0.01,75932.56,1776755551000
1776755553.551,153.551,0.62,0.63,0.37,0.38,0.01,0.01,75932.55,1776755552000
1776755554.03,154.03,0.63,0.65,0.36,0.37,0.02,0.01,75932.55,1776755552000
1776755554.516,154.516,0.64,0.65,0.35,0.36,0.01,0.01,75932.57,1776755553000
1776755554.865,154.865,0.64,0.65,0.35,0.36,0.01,0.01,75932.57,1776755553000
1776755555.274,155.274,0.64,0.65,0.35,0.36,0.01,0.01,75932.19,1776755554000
1776755555.694,155.694,0.64,0.65,0.35,0.36,0.01,0.01,75932.19,1776755554000
1776755556.172,156.172,0.64,0.65,0.35,0.36,0.01,0.01,75932.19,1776755554000
1776755556.724,156.724,0.62,0.65,0.35,0.37,0.03,0.02,75932.38,1776755555000
1776755557.242,157.242,0.63,0.64,0.35,0.38,0.01,0.03,75932.38,1776755555000
1776755557.6,157.6,0.63,0.64,0.36,0.37,0.01,0.01,75932.4,1776755556000
1776755558.106,158.106,0.63,0.64,0.36,0.37,0.01,0.01,75932.4,1776755557000
1776755558.541,158.541,0.63,0.64,0.36,0.37,0.01,0.01,75932.4,1776755557000
1776755558.998,158.998,0.63,0.64,0.36,0.37,0.01,0.01,75932.4,1776755557000
1776755559.835,159.835,0.63,0.64,0.36,0.37,0.01,0.01,75932.42,1776755558000
1776755560.361,160.361,0.63,0.64,0.36,0.37,0.01,0.01,75932.36,1776755559000
1776755560.836,160.836,0.64,0.65,0.35,0.37,0.01,0.02,75932.36,1776755559000
1776755561.195,161.195,0.66,0.67,0.33,0.35,0.01,0.02,75932.36,1776755559000
1776755561.803,161.803,0.67,0.68,0.32,0.33,0.01,0.01,75932.38,1776755560000
1776755562.19,162.19,0.67,0.68,0.32,0.33,0.01,0.01,75932.38,1776755560000
1776755563.121,163.121,0.67,0.68,0.32,0.33,0.01,0.01,75933.18,1776755562000
1776755564.285,164.285,0.67,0.68,0.32,0.33,0.01,0.01,75932.97,1776755563000
1776755565.115,165.115,0.67,0.68,0.32,0.33,0.01,0.01,75932.97,1776755563000
1776755565.941,165.941,0.67,0.69,0.32,0.33,0.02,0.01,75933.72,1776755564000
1776755566.281,166.281,0.67,0.68,0.32,0.33,0.01,0.01,75933.72,1776755564000
1776755566.625,166.625,0.69,0.7,0.3,0.33,0.01,0.03,75936.02,1776755565000
1776755566.967,166.967,0.73,0.74,0.26,0.27,0.01,0.01,75936.02,1776755565000
1776755567.381,167.381,0.73,0.74,0.26,0.27,0.01,0.01,75935.25,1776755566000
1776755567.929,167.929,0.73,0.74,0.26,0.27,0.01,0.01,75935.25,1776755566000
1776755568.347,168.347,0.72,0.73,0.27,0.28,0.01,0.01,75935.71,1776755567000
1776755568.715,168.715,0.72,0.73,0.27,0.28,0.01,0.01,75935.71,1776755567000
1776755569.054,169.054,0.73,0.74,0.26,0.27,0.01,0.01,75935.71,1776755567000
1776755569.723,169.723,0.75,0.76,0.24,0.25,0.01,0.01,75936.0,1776755568000
1776755570.075,170.075,0.75,0.76,0.24,0.25,0.01,0.01,75936.0,1776755568000
1776755570.916,170.916,0.75,0.76,0.24,0.25,0.01,0.01,75935.99,1776755569000
1776755571.28,171.28,0.75,0.76,0.24,0.25,0.01,0.01,75935.99,1776755569000
1776755572.227,172.227,0.75,0.76,0.24,0.25,0.01,0.01,75940.59,1776755571000
1776755572.598,172.598,0.75,0.76,0.24,0.25,0.01,0.01,75940.59,1776755571000
1776755573.13,173.13,0.75,0.76,0.24,0.25,0.01,0.01,75940.59,1776755571000
1776755573.52,173.52,0.75,0.76,0.24,0.25,0.01,0.01,75937.23,1776755572000
1776755573.973,173.973,0.75,0.76,0.24,0.25,0.01,0.01,75937.23,1776755572000
1776755574.41,174.41,0.75,0.76,0.24,0.25,0.01,0.01,75937.22,1776755573000
1776755574.854,174.854,0.75,0.76,0.24,0.25,0.01,0.01,75937.22,1776755573000
1776755575.189,175.189,0.75,0.76,0.24,0.25,0.01,0.01,75937.35,1776755574000
1776755575.605,175.605,0.75,0.76,0.24,0.25,0.01,0.01,75937.35,1776755574000
1776755575.974,175.974,0.75,0.76,0.24,0.25,0.01,0.01,75937.35,1776755574000
1776755576.483,176.483,0.74,0.75,0.25,0.26,0.01,0.01,75937.44,1776755575000
1776755576.891,176.891,0.74,0.75,0.25,0.26,0.01,0.01,75937.44,1776755575000
1776755577.363,177.363,0.74,0.75,0.25,0.26,0.01,0.01,75937.24,1776755576000
1776755577.896,177.896,0.74,0.75,0.25,0.26,0.01,0.01,75937.24,1776755576000
1776755578.424,178.424,0.74,0.75,0.25,0.26,0.01,0.01,75938.03,1776755577000
1776755578.943,178.943,0.74,0.75,0.25,0.26,0.01,0.01,75938.03,1776755577000
1776755580.022,180.022,0.74,0.75,0.25,0.26,0.01,0.01,75941.12,1776755579000
1776755580.533,180.533,0.74,0.75,0.25,0.26,0.01,0.01,75941.12,1776755579000
1776755581.133,181.133,0.74,0.75,0.25,0.26,0.01,0.01,75937.22,1776755580000
1776755581.684,181.684,0.74,0.75,0.25,0.26,0.01,0.01,75937.22,1776755580000
1776755582.026,182.026,0.74,0.75,0.25,0.26,0.01,0.01,75937.22,1776755580000
1776755582.61,182.61,0.7,0.72,0.27,0.29,0.02,0.02,75937.22,1776755581000
1776755582.971,182.971,0.7,0.72,0.28,0.3,0.02,0.02,75937.22,1776755581000
1776755583.442,183.442,0.7,0.71,0.29,0.3,0.01,0.01,75941.46,1776755582000
1776755583.838,183.838,0.7,0.71,0.29,0.3,0.01,0.01,75941.46,1776755582000
1776755584.285,184.285,0.7,0.71,0.29,0.3,0.01,0.01,75941.46,1776755582000
1776755584.621,184.621,0.69,0.7,0.3,0.31,0.01,0.01,75938.94,1776755583000
1776755584.963,184.963,0.69,0.7,0.3,0.31,0.01,0.01,75938.94,1776755583000
1776755585.381,185.381,0.69,0.7,0.3,0.31,0.01,0.01,75938.94,1776755584000
1776755585.814,185.814,0.69,0.7,0.3,0.31,0.01,0.01,75938.94,1776755584000
1776755586.305,186.305,0.69,0.7,0.3,0.31,0.01,0.01,75938.69,1776755585000
1776755587.221,187.221,0.68,0.7,0.3,0.32,0.02,0.02,75936.82,1776755586000
1776755587.811,187.811,0.68,0.7,0.31,0.32,0.02,0.01,75936.82,1776755586000
1776755588.249,188.249,0.68,0.7,0.3,0.32,0.02,0.02,75935.37,1776755587000
1776755588.695,188.695,0.69,0.7,0.3,0.32,0.01,0.02,75935.37,1776755587000
1776755589.206,189.206,0.69,0.7,0.3,0.31,0.01,0.01,75935.37,1776755587000
1776755589.575,189.575,0.69,0.7,0.3,0.31,0.01,0.01,75933.94,1776755588000
1776755590.079,190.079,0.69,0.7,0.3,0.31,0.01,0.01,75933.94,1776755588000
1776755590.428,190.428,0.69,0.7,0.3,0.31,0.01,0.01,75936.31,1776755589000
1776755590.774,190.774,0.69,0.7,0.3,0.31,0.01,0.01,75936.31,1776755589000
1776755591.27,191.27,0.69,0.7,0.3,0.31,0.01,0.01,75936.31,1776755590000
1776755591.715,191.715,0.7,0.71,0.29,0.31,0.01,0.02,75936.31,1776755590000
1776755592.064,192.064,0.7,0.71,0.29,0.3,0.01,0.01,75936.31,1776755590000
1776755592.476,192.476,0.7,0.71,0.29,0.3,0.01,0.01,75936.35,1776755591000
1776755592.934,192.934,0.7,0.71,0.29,0.3,0.01,0.01,75936.35,1776755591000
1776755594.241,194.241,0.73,0.74,0.26,0.27,0.01,0.01,75936.34,1776755593000
1776755595.283,195.283,0.73,0.74,0.26,0.27,0.01,0.01,75940.92,1776755594000
1776755596.05,196.05,0.73,0.74,0.26,0.27,0.01,0.01,75940.92,1776755594000
1776755596.426,196.426,0.73,0.75,0.25,0.27,0.02,0.02,75937.15,1776755595000
1776755596.843,196.843,0.73,0.75,0.25,0.27,0.02,0.02,75937.15,1776755595000
1776755597.292,197.292,0.73,0.76,0.24,0.27,0.03,0.03,75937.16,1776755596000
1776755597.682,197.682,0.73,0.76,0.24,0.27,0.03,0.03,75937.16,1776755596000
1776755598.106,198.106,0.73,0.76,0.24,0.27,0.03,0.03,75937.16,1776755596000
1776755598.495,198.495,0.74,0.77,0.23,0.27,0.03,0.04,75936.07,1776755597000
1776755598.894,198.894,0.73,0.75,0.25,0.27,0.02,0.02,75936.07,1776755597000
1776755599.248,199.248,0.74,0.75,0.25,0.26,0.01,0.01,75939.93,1776755598000
1776755599.837,199.837,0.74,0.75,0.25,0.26,0.01,0.01,75939.93,1776755598000
1776755600.336,200.336,0.73,0.75,0.25,0.27,0.02,0.02,75936.95,1776755599000
1776755601.527,201.527,0.73,0.75,0.25,0.27,0.02,0.02,75936.94,1776755600000
1776755601.926,201.926,0.73,0.74,0.26,0.27,0.01,0.01,75936.71,1776755601000
1776755602.27,202.27,0.73,0.74,0.26,0.27,0.01,0.01,75936.71,1776755601000
1776755603.013,203.013,0.73,0.74,0.26,0.27,0.01,0.01,75936.73,1776755602000
1776755603.743,203.743,0.73,0.74,0.26,0.27,0.01,0.01,75936.73,1776755602000
1776755604.248,204.248,0.73,0.74,0.26,0.27,0.01,0.01,75936.74,1776755603000
1776755604.62,204.62,0.73,0.74,0.26,0.27,0.01,0.01,75936.74,1776755603000
1776755605.047,205.047,0.73,0.74,0.26,0.27,0.01,0.01,75936.74,1776755603000
1776755605.395,205.395,0.73,0.74,0.26,0.27,0.01,0.01,75936.77,1776755604000
1776755605.741,205.741,0.73,0.74,0.26,0.27,0.01,0.01,75936.77,1776755604000
1776755606.204,206.204,0.73,0.74,0.26,0.27,0.01,0.01,75936.78,1776755605000
1776755606.823,206.823,0.73,0.74,0.26,0.27,0.01,0.01,75936.78,1776755605000
1776755607.171,207.171,0.73,0.74,0.26,0.27,0.01,0.01,75936.78,1776755605000
1776755607.507,207.507,0.71,0.74,0.26,0.29,0.03,0.03,75936.78,1776755606000
1776755607.952,207.952,0.71,0.72,0.28,0.29,0.01,0.01,75936.78,1776755606000
1776755608.299,208.299,0.71,0.72,0.28,0.29,0.01,0.01,75936.78,1776755606000
1776755608.98,208.98,0.72,0.73,0.27,0.28,0.01,0.01,75936.73,1776755607000
1776755609.315,209.315,0.72,0.73,0.27,0.28,0.01,0.01,75936.73,1776755607000
1776755609.827,209.827,0.72,0.73,0.27,0.28,0.01,0.01,75936.73,1776755607000
1776755610.537,210.537,0.72,0.73,0.27,0.28,0.01,0.01,75934.72,1776755609000
1776755610.879,210.879,0.72,0.73,0.27,0.28,0.01,0.01,75934.72,1776755609000
1776755611.427,211.427,0.72,0.73,0.27,0.28,0.01,0.01,75934.79,1776755610000
1776755611.873,211.873,0.72,0.73,0.27,0.28,0.01,0.01,75934.79,1776755610000
1776755612.281,212.281,0.72,0.73,0.27,0.28,0.01,0.01,75934.27,1776755611000
1776755613.112,213.112,0.71,0.73,0.27,0.28,0.02,0.01,75934.27,1776755611000
1776755613.538,213.538,0.71,0.73,0.27,0.29,0.02,0.02,75934.25,1776755612000
1776755613.896,213.896,0.7,0.73,0.27,0.3,0.03,0.03,75934.25,1776755612000
1776755614.248,214.248,0.69,0.73,0.27,0.31,0.04,0.04,75934.27,1776755613000
1776755614.594,214.594,0.7,0.73,0.27,0.3,0.03,0.03,75934.27,1776755613000
1776755615.019,215.019,0.72,0.73,0.27,0.28,0.01,0.01,75934.27,1776755613000
1776755615.398,215.398,0.72,0.73,0.27,0.28,0.01,0.01,75933.49,1776755614000
1776755615.748,215.748,0.71,0.73,0.28,0.29,0.02,0.01,75933.49,1776755614000
1776755616.085,216.085,0.72,0.73,0.27,0.28,0.01,0.01,75933.49,1776755614000
1776755616.452,216.452,0.72,0.73,0.27,0.28,0.01,0.01,75933.47,1776755615000
1776755616.879,216.879,0.72,0.73,0.27,0.28,0.01,0.01,75933.47,1776755615000
1776755617.241,217.241,0.77,0.78,0.22,0.24,0.01,0.02,75933.47,1776755616000
1776755617.626,217.626,0.77,0.78,0.22,0.23,0.01,0.01,75933.47,1776755616000
1776755618.102,218.102,0.77,0.78,0.22,0.23,0.01,0.01,75933.47,1776755616000
1776755618.475,218.475,0.77,0.78,0.22,0.23,0.01,0.01,75933.49,1776755617000
1776755619.301,219.301,0.77,0.78,0.22,0.23,0.01,0.01,75934.67,1776755618000
1776755620.249,220.249,0.77,0.78,0.22,0.23,0.01,0.01,75934.67,1776755618000
1776755620.98,220.98,0.77,0.78,0.22,0.23,0.01,0.01,75936.72,1776755619000
1776755621.488,221.488,0.77,0.78,0.22,0.23,0.01,0.01,75936.72,1776755620000
1776755622.02,222.02,0.77,0.78,0.22,0.23,0.01,0.01,75936.72,1776755620000
1776755622.387,222.387,0.77,0.81,0.2,0.23,0.04,0.03,75936.72,1776755620000
1776755622.884,222.884,0.77,0.81,0.19,0.23,0.04,0.04,75936.97,1776755621000
1776755623.374,223.374,0.79,0.81,0.19,0.21,0.02,0.02,75936.97,1776755621000
1776755623.72,223.72,0.8,0.81,0.19,0.2,0.01,0.01,75936.97,1776755621000
1776755624.134,224.134,0.79,0.82,0.18,0.2,0.03,0.02,75937.88,1776755622000
1776755624.469,224.469,0.8,0.82,0.18,0.21,0.02,0.03,75937.88,1776755622000
1776755625.019,225.019,0.8,0.81,0.19,0.2,0.01,0.01,75937.9,1776755624000
1776755625.589,225.589,0.8,0.81,0.19,0.2,0.01,0.01,75937.9,1776755624000
1776755625.949,225.949,0.81,0.82,0.18,0.19,0.01,0.01,75937.9,1776755624000
1776755626.307,226.307,0.83,0.84,0.16,0.17,0.01,0.01,75938.01,1776755625000
1776755626.656,226.656,0.83,0.84,0.16,0.17,0.01,0.01,75938.01,1776755625000
1776755627.166,227.166,0.81,0.82,0.18,0.19,0.01,0.01,75938.01,1776755625000
1776755627.555,227.555,0.82,0.83,0.17,0.19,0.01,0.02,75938.01,1776755625000
1776755628.004,228.004,0.82,0.83,0.17,0.18,0.01,0.01,75937.99,1776755626000
1776755628.435,228.435,0.83,0.84,0.16,0.17,0.01,0.01,75938.0,1776755627000
1776755628.81,228.81,0.83,0.84,0.16,0.17,0.01,0.01,75938.0,1776755627000
1776755629.206,229.206,0.82,0.83,0.17,0.18,0.01,0.01,75937.88,1776755628000
1776755629.751,229.751,0.82,0.83,0.17,0.18,0.01,0.01,75937.88,1776755628000
1776755630.239,230.239,0.82,0.83,0.17,0.18,0.01,0.01,75938.01,1776755629000
1776755630.901,230.901,0.83,0.84,0.16,0.17,0.01,0.01,75938.01,1776755629000
1776755631.282,231.282,0.83,0.84,0.16,0.17,0.01,0.01,75938.0,1776755630000
1776755631.761,231.761,0.83,0.84,0.16,0.17,0.01,0.01,75938.0,1776755630000
1776755632.164,232.164,0.88,0.9,0.1,0.12,0.02,0.02,75938.0,1776755630000
1776755632.528,232.528,0.88,0.9,0.1,0.11,0.02,0.01,75938.0,1776755631000
1776755632.892,232.892,0.88,0.89,0.11,0.12,0.01,0.01,75938.0,1776755631000
1776755633.24,233.24,0.86,0.87,0.13,0.14,0.01,0.01,75938.0,1776755632000
1776755633.982,233.982,0.87,0.88,0.12,0.14,0.01,0.02,75938.0,1776755632000
1776755634.333,234.333,0.86,0.87,0.13,0.14,0.01,0.01,75940.16,1776755633000
1776755634.967,234.967,0.86,0.87,0.13,0.14,0.01,0.01,75940.16,1776755633000
1776755635.444,235.444,0.86,0.88,0.12,0.13,0.02,0.01,75940.31,1776755634000
1776755635.789,235.789,0.86,0.87,0.13,0.14,0.01,0.01,75940.31,1776755634000
1776755636.197,236.197,0.86,0.87,0.13,0.14,0.01,0.01,75940.31,1776755634000
1776755637.454,237.454,0.86,0.87,0.13,0.14,0.01,0.01,75940.51,1776755636000
1776755637.886,237.886,0.86,0.87,0.13,0.14,0.01,0.01,75940.51,1776755636000
1776755638.888,238.888,0.86,0.87,0.13,0.14,0.01,0.01,75940.49,1776755637000
1776755639.228,239.228,0.87,0.89,0.11,0.13,0.02,0.02,75940.49,1776755637000
1776755639.793,239.793,0.86,0.9,0.11,0.14,0.04,0.03,75940.62,1776755638000
1776755640.134,240.134,0.9,0.92,0.09,0.1,0.02,0.01,75940.62,1776755638000
1776755640.525,240.525,0.86,0.87,0.13,0.14,0.01,0.01,75942.74,1776755639000
1776755641.024,241.024,0.86,0.87,0.13,0.14,0.01,0.01,75942.74,1776755639000
1776755641.453,241.453,0.87,0.89,0.11,0.13,0.02,0.02,75942.74,1776755639000
1776755641.972,241.972,0.91,0.92,0.08,0.09,0.01,0.01,75944.3,1776755640000
1776755642.328,242.328,0.9,0.91,0.09,0.1,0.01,0.01,75944.3,1776755640000
1776755642.731,242.731,0.89,0.9,0.1,0.11,0.01,0.01,75944.3,1776755640000
1776755643.087,243.087,0.88,0.89,0.11,0.12,0.01,0.01,75944.85,1776755641000
1776755643.478,243.478,0.87,0.88,0.12,0.13,0.01,0.01,75944.85,1776755641000
1776755643.883,243.883,0.87,0.88,0.12,0.13,0.01,0.01,75944.94,1776755642000
1776755644.42,244.42,0.87,0.88,0.11,0.14,0.01,0.03,75944.94,1776755642000
1776755644.763,244.763,0.87,0.88,0.12,0.13,0.01,0.01,75944.63,1776755643000
1776755645.098,245.098,0.87,0.89,0.11,0.13,0.02,0.02,75944.63,1776755643000
1776755645.458,245.458,0.86,0.87,0.13,0.14,0.01,0.01,75944.63,1776755643000
1776755645.835,245.835,0.86,0.87,0.13,0.14,0.01,0.01,75944.0,1776755644000
1776755646.328,246.328,0.86,0.88,0.12,0.14,0.02,0.02,75944.45,1776755645000
1776755646.967,246.967,0.88,0.89,0.12,0.13,0.01,0.01,75944.45,1776755645000
1776755647.494,247.494,0.88,0.89,0.11,0.12,0.01,0.01,75944.45,1776755645000
1776755647.911,247.911,0.89,0.9,0.1,0.11,0.01,0.01,75944.41,1776755646000
1776755648.286,248.286,0.89,0.9,0.1,0.11,0.01,0.01,75944.41,1776755646000
1776755648.761,248.761,0.89,0.9,0.1,0.11,0.01,0.01,75944.41,1776755647000
1776755649.18,249.18,0.88,0.9,0.1,0.12,0.02,0.02,75944.45,1776755648000
1776755649.517,249.517,0.88,0.92,0.08,0.12,0.04,0.04,75944.45,1776755648000
1776755649.857,249.857,0.91,0.92,0.08,0.09,0.01,0.01,75944.45,1776755648000
1776755650.205,250.205,0.91,0.92,0.08,0.09,0.01,0.01,75944.45,1776755648000
1776755650.538,250.538,0.95,0.96,0.05,0.06,0.01,0.01,75944.45,1776755648000
1776755650.991,250.991,0.96,0.97,0.03,0.04,0.01,0.01,75944.49,1776755649000
1776755651.373,251.373,0.96,0.97,0.03,0.04,0.01,0.01,75959.85,1776755650000
1776755651.759,251.759,0.96,0.97,0.03,0.04,0.01,0.01,75959.85,1776755650000
1776755652.112,252.112,0.96,0.97,0.03,0.04,0.01,0.01,75959.85,1776755650000
1776755652.488,252.488,0.96,0.97,0.03,0.04,0.01,0.01,75959.85,1776755650000
1776755652.825,252.825,0.96,0.97,0.03,0.04,0.01,0.01,75959.85,1776755650000
1776755653.331,253.331,0.97,0.98,0.02,0.03,0.01,0.01,75974.25,1776755651000
1776755653.695,253.695,0.97,0.98,0.02,0.03,0.01,0.01,75974.33,1776755652000
1776755654.047,254.047,0.97,0.98,0.02,0.03,0.01,0.01,75974.33,1776755652000
1776755654.385,254.385,0.97,0.98,0.02,0.03,0.01,0.01,75974.33,1776755652000
1776755654.759,254.759,0.97,0.98,0.02,0.03,0.01,0.01,75974.76,1776755653000
1776755655.158,255.158,0.97,0.98,0.02,0.03,0.01,0.01,75974.76,1776755653000
1776755655.492,255.492,0.97,0.98,0.02,0.03,0.01,0.01,75974.76,1776755653000
1776755655.858,255.858,0.97,0.98,0.02,0.03,0.01,0.01,75974.76,1776755653000
1776755656.217,256.217,0.97,0.98,0.02,0.03,0.01,0.01,75974.76,1776755653000
1776755656.692,256.692,0.97,0.98,0.02,0.03,0.01,0.01,75974.75,1776755654000
1776755657.17,257.17,0.97,0.98,0.02,0.03,0.01,0.01,75974.75,1776755654000
1776755657.539,257.539,0.98,0.99,0.01,0.02,0.01,0.01,75974.88,1776755655000
1776755657.878,257.878,0.98,0.99,0.01,0.02,0.01,0.01,75974.88,1776755656000
1776755658.234,258.234,0.98,0.99,0.01,0.02,0.01,0.01,75974.88,1776755656000
1776755658.676,258.676,0.99,0.99,0.01,0.02,0.0,0.01,75974.88,1776755656000
1776755659.033,259.033,0.99,0.99,0.01,0.01,0.0,0.0,75974.9,1776755657000
1776755659.407,259.407,0.99,0.99,0.01,0.01,0.0,0.0,75974.97,1776755658000
1776755660.024,260.024,0.99,0.99,0.01,0.01,0.0,0.0,75985.55,1776755659000
1776755660.496,260.496,0.99,0.99,0.01,0.01,0.0,0.0,75985.55,1776755659000
1776755661.033,261.033,0.99,0.99,0.01,0.01,0.0,0.0,75990.76,1776755660000
1776755661.806,261.806,0.99,0.99,0.01,0.01,0.0,0.0,75990.76,1776755660000
1776755662.211,262.211,0.99,0.99,0.01,0.01,0.0,0.0,75992.92,1776755661000
1776755662.67,262.67,0.99,0.99,0.01,0.01,0.0,0.0,75992.92,1776755661000
1776755663.69,263.69,0.99,0.99,0.01,0.01,0.0,0.0,75993.37,1776755662000
1776755664.391,264.391,0.99,0.99,0.01,0.01,0.0,0.0,75993.12,1776755663000
1776755665.109,265.109,0.99,0.99,0.01,0.01,0.0,0.0,75990.1,1776755664000
1776755665.502,265.502,0.99,0.99,0.01,0.01,0.0,0.0,75990.1,1776755664000
1776755666.126,266.126,0.99,0.99,0.01,0.01,0.0,0.0,75985.35,1776755665000
1776755667.012,267.012,0.99,0.99,0.01,0.01,0.0,0.0,75984.49,1776755666000
1776755667.486,267.486,0.99,0.99,0.01,0.01,0.0,0.0,75984.49,1776755666000
1776755667.823,267.823,0.99,0.99,0.01,0.01,0.0,0.0,75984.49,1776755666000
1776755668.55,268.55,0.98,0.99,0.01,0.02,0.01,0.01,75984.22,1776755667000
1776755668.939,268.939,0.98,0.99,0.01,0.02,0.01,0.01,75984.22,1776755667000
1776755669.286,269.286,0.98,0.99,0.01,0.02,0.01,0.01,75981.16,1776755668000
1776755669.623,269.623,0.99,0.99,0.01,0.01,0.0,0.0,75981.16,1776755668000
1776755670.097,270.097,0.99,0.99,0.01,0.01,0.0,0.0,75981.16,1776755668000
1776755670.823,270.823,0.99,0.99,0.01,0.01,0.0,0.0,75967.21,1776755669000
1776755671.499,271.499,0.99,0.99,0.01,0.01,0.0,0.0,75964.39,1776755670000
1776755671.869,271.869,0.99,0.99,0.01,0.01,0.0,0.0,75964.39,1776755670000
1776755672.412,272.412,0.98,0.99,0.01,0.02,0.01,0.01,75964.4,1776755671000
1776755673.365,273.365,0.98,0.99,0.01,0.02,0.01,0.01,75962.36,1776755672000
1776755673.792,273.792,0.99,0.99,0.01,0.02,0.0,0.01,75962.36,1776755672000
1776755674.139,274.139,0.99,0.99,0.01,0.01,0.0,0.0,75962.36,1776755672000
1776755674.583,274.583,0.99,0.99,0.01,0.01,0.0,0.0,75962.39,1776755673000
1776755674.994,274.994,0.99,0.99,0.01,0.01,0.0,0.0,75964.13,1776755674000
1776755675.533,275.533,0.98,0.99,0.01,0.01,0.01,0.0,75964.13,1776755674000
1776755675.894,275.894,0.98,0.99,0.01,0.02,0.01,0.01,75964.13,1776755674000
1776755676.351,276.351,0.98,0.99,0.01,0.02,0.01,0.01,75964.99,1776755675000
1776755676.744,276.744,0.98,0.99,0.01,0.02,0.01,0.01,75964.99,1776755675000
1776755677.129,277.129,0.98,0.99,0.01,0.02,0.01,0.01,75964.99,1776755675000
1776755677.692,277.692,0.98,0.99,0.01,0.02,0.01,0.01,75964.92,1776755676000
1776755678.153,278.153,0.98,0.99,0.01,0.02,0.01,0.01,75964.92,1776755676000
1776755678.569,278.569,0.98,0.99,0.01,0.02,0.01,0.01,75964.9,1776755677000
1776755679.04,279.04,0.98,0.99,0.01,0.02,0.01,0.01,75964.9,1776755678000
1776755679.688,279.688,0.99,0.99,0.01,0.01,0.0,0.0,75964.9,1776755678000
1776755680.104,280.104,0.99,0.99,0.01,0.01,0.0,0.0,75964.94,1776755679000
1776755680.588,280.588,0.99,0.99,0.01,0.01,0.0,0.0,75964.94,1776755679000
1776755681.242,281.242,0.99,0.99,0.01,0.01,0.0,0.0,75968.79,1776755680000
1776755682.409,282.409,0.99,0.99,0.01,0.01,0.0,0.0,75976.68,1776755681000
1776755683.118,283.118,0.99,0.99,0.01,0.01,0.0,0.0,75976.68,1776755681000
1776755683.569,283.569,0.99,0.99,0.01,0.01,0.0,0.0,75976.68,1776755681000
1776755684.164,284.164,0.99,0.99,0.01,0.01,0.0,0.0,75977.7,1776755683000
1776755685.358,285.358,0.99,0.99,0.01,0.01,0.0,0.0,75977.68,1776755684000
1776755686.249,286.249,0.99,0.99,0.01,0.01,0.0,0.0,75977.68,1776755684000
1776755687.032,287.032,0.99,0.99,0.01,0.01,0.0,0.0,75977.67,1776755686000
1776755688.152,288.152,0.99,0.99,0.01,0.01,0.0,0.0,75977.67,1776755686000
1776755689.342,289.342,0.99,0.99,0.01,0.01,0.0,0.0,75977.7,1776755688000
1776755690.988,290.988,0.99,0.99,0.01,0.01,0.0,0.0,75977.7,1776755688000
1776755691.668,291.668,0.99,0.99,0.01,0.01,0.0,0.0,75974.84,1776755690000
1776755692.375,292.375,0.99,0.99,0.01,0.01,0.0,0.0,75974.8,1776755691000
1776755693.681,293.681,0.99,0.99,0.01,0.01,0.0,0.0,75974.29,1776755692000
1776755694.48,294.48,0.99,0.99,0.01,0.01,0.0,0.0,75974.11,1776755693000
1776755695.056,295.056,0.99,0.99,0.01,0.01,0.0,0.0,75973.11,1776755694000
1776755696.416,296.416,0.99,0.99,0.01,0.01,0.0,0.0,75973.12,1776755695000
1776755697.139,297.139,0.99,0.99,0.01,0.01,0.0,0.0,75973.08,1776755696000
1776755698.518,298.518,0.99,0.99,0.01,0.01,0.0,0.0,75972.95,1776755697000
1776755699.087,299.087,0.99,0.99,0.01,0.01,0.0,0.0,75972.98,1776755698000
1776755700.464,300.464,0.99,0.99,0.01,0.01,0.0,0.0,75973.02,1776755699000
1776755700.967,300.967,0.99,0.99,0.01,0.01,0.0,0.0,75973.02,1776755700000

# RESULT,winner=Up,slug=btc-updown-5m-1776755400,ticks=617
