timestamp,elapsed_sec,up_bid,up_ask,down_bid,down_ask,up_spread,down_spread,btc_price,btc_oracle_ts
1776859800.56,0.56,0.48,0.49,0.51,0.52,0.01,0.01,78347.07,1776859799000
1776859800.906,0.906,0.48,0.49,0.51,0.52,0.01,0.01,78347.07,1776859799000
1776859801.261,1.261,0.48,0.49,0.51,0.52,0.01,0.01,78347.07,1776859799000
1776859801.745,1.745,0.48,0.49,0.51,0.52,0.01,0.01,78347.07,1776859800000
1776859802.142,2.142,0.48,0.49,0.51,0.52,0.01,0.01,78347.07,1776859800000
1776859802.624,2.624,0.48,0.49,0.51,0.52,0.01,0.01,78347.05,1776859801000
1776859803.672,3.672,0.48,0.49,0.51,0.52,0.01,0.01,78347.08,1776859802000
1776859804.532,4.532,0.48,0.49,0.51,0.52,0.01,0.01,78347.07,1776859803000
1776859805.016,5.016,0.48,0.49,0.51,0.52,0.01,0.01,78347.07,1776859803000
1776859805.384,5.384,0.48,0.49,0.51,0.52,0.01,0.01,78347.08,1776859804000
1776859805.718,5.718,0.48,0.49,0.51,0.52,0.01,0.01,78347.08,1776859804000
1776859806.094,6.094,0.48,0.49,0.51,0.52,0.01,0.01,78347.08,1776859804000
1776859806.491,6.491,0.48,0.49,0.51,0.52,0.01,0.01,78348.52,1776859805000
1776859807.058,7.058,0.48,0.49,0.51,0.52,0.01,0.01,78348.52,1776859805000
1776859807.432,7.432,0.48,0.49,0.51,0.52,0.01,0.01,78348.52,1776859805000
1776859807.773,7.773,0.48,0.49,0.51,0.52,0.01,0.01,78361.18,1776859806000
1776859808.115,8.115,0.48,0.49,0.51,0.52,0.01,0.01,78361.18,1776859806000
1776859808.454,8.454,0.48,0.5,0.5,0.52,0.02,0.02,78362.34,1776859807000
1776859809.081,9.081,0.5,0.51,0.49,0.5,0.01,0.01,78362.34,1776859807000
1776859809.457,9.457,0.49,0.51,0.49,0.51,0.02,0.02,78362.34,1776859807000
1776859809.817,9.817,0.5,0.51,0.49,0.5,0.01,0.01,78362.34,1776859807000
1776859810.219,10.219,0.5,0.51,0.49,0.5,0.01,0.01,78362.85,1776859808000
1776859810.869,10.869,0.51,0.52,0.48,0.49,0.01,0.01,78362.93,1776859809000
1776859811.255,11.255,0.51,0.52,0.48,0.49,0.01,0.01,78362.93,1776859809000
1776859811.721,11.721,0.51,0.52,0.48,0.49,0.01,0.01,78361.52,1776859810000
1776859812.069,12.069,0.51,0.52,0.48,0.49,0.01,0.01,78361.52,1776859810000
1776859812.455,12.455,0.51,0.52,0.48,0.49,0.01,0.01,78361.52,1776859810000
1776859812.807,12.807,0.51,0.52,0.48,0.49,0.01,0.01,78361.52,1776859810000
1776859813.302,13.302,0.51,0.52,0.48,0.49,0.01,0.01,78361.43,1776859811000
1776859813.664,13.664,0.51,0.52,0.48,0.49,0.01,0.01,78361.43,1776859811000
1776859814.004,14.004,0.51,0.52,0.48,0.49,0.01,0.01,78360.64,1776859812000
1776859814.347,14.347,0.51,0.53,0.47,0.49,0.02,0.02,78360.64,1776859812000
1776859814.724,14.724,0.53,0.54,0.46,0.47,0.01,0.01,78360.64,1776859812000
1776859815.193,15.193,0.53,0.54,0.46,0.47,0.01,0.01,78360.64,1776859812000
1776859815.621,15.621,0.53,0.54,0.46,0.47,0.01,0.01,78361.58,1776859813000
1776859815.982,15.982,0.54,0.55,0.45,0.46,0.01,0.01,78361.58,1776859813000
1776859816.388,16.388,0.54,0.55,0.45,0.46,0.01,0.01,78361.95,1776859814000
1776859817.287,17.287,0.54,0.55,0.45,0.46,0.01,0.01,78361.95,1776859814000
1776859817.657,17.657,0.51,0.52,0.46,0.48,0.01,0.02,78362.48,1776859815000
1776859818.015,18.015,0.48,0.49,0.51,0.52,0.01,0.01,78362.48,1776859815000
1776859818.354,18.354,0.48,0.49,0.51,0.52,0.01,0.01,78362.48,1776859815000
1776859818.72,18.72,0.48,0.49,0.51,0.52,0.01,0.01,78362.66,1776859816000
1776859819.165,19.165,0.48,0.49,0.51,0.52,0.01,0.01,78362.66,1776859816000
1776859819.879,19.879,0.48,0.49,0.51,0.52,0.01,0.01,78362.66,1776859816000
1776859820.348,20.348,0.48,0.49,0.51,0.52,0.01,0.01,78361.64,1776859818000
1776859820.722,20.722,0.48,0.49,0.5,0.52,0.01,0.02,78361.64,1776859818000
1776859821.21,21.21,0.48,0.49,0.51,0.52,0.01,0.01,78361.64,1776859818000
1776859821.919,21.919,0.48,0.49,0.51,0.52,0.01,0.01,78348.97,1776859819000
1776859822.311,22.311,0.48,0.5,0.5,0.52,0.02,0.02,78348.97,1776859819000
1776859822.728,22.728,0.49,0.5,0.5,0.51,0.01,0.01,78348.84,1776859820000
1776859823.27,23.27,0.49,0.5,0.5,0.51,0.01,0.01,78348.84,1776859820000
1776859823.646,23.646,0.49,0.5,0.5,0.51,0.01,0.01,78348.84,1776859820000
1776859824.382,24.382,0.49,0.5,0.5,0.51,0.01,0.01,78348.42,1776859821000
1776859824.737,24.737,0.5,0.51,0.49,0.5,0.01,0.01,78347.91,1776859822000
1776859825.08,25.08,0.5,0.51,0.49,0.5,0.01,0.01,78347.91,1776859822000
1776859825.445,25.445,0.5,0.51,0.49,0.5,0.01,0.01,78347.91,1776859822000
1776859826.292,26.292,0.5,0.51,0.49,0.5,0.01,0.01,78347.9,1776859824000
1776859826.656,26.656,0.5,0.51,0.49,0.5,0.01,0.01,78348.62,1776859825000
1776859827.132,27.132,0.49,0.51,0.49,0.5,0.02,0.01,78348.62,1776859825000
1776859827.5,27.5,0.49,0.51,0.49,0.51,0.02,0.02,78348.88,1776859826000
1776859828.185,28.185,0.5,0.51,0.49,0.51,0.01,0.02,78348.88,1776859826000
1776859828.628,28.628,0.5,0.51,0.49,0.5,0.01,0.01,78348.9,1776859827000
1776859829.355,29.355,0.5,0.51,0.49,0.5,0.01,0.01,78349.45,1776859828000
1776859830.078,30.078,0.5,0.51,0.49,0.5,0.01,0.01,78349.27,1776859829000
1776859831.258,31.258,0.5,0.51,0.49,0.5,0.01,0.01,78350.5,1776859830000
1776859831.605,31.605,0.5,0.51,0.49,0.5,0.01,0.01,78350.5,1776859830000
1776859831.967,31.967,0.5,0.51,0.49,0.5,0.01,0.01,78350.5,1776859830000
1776859832.376,32.376,0.5,0.51,0.49,0.5,0.01,0.01,78350.5,1776859830000
1776859832.752,32.752,0.52,0.53,0.47,0.48,0.01,0.01,78358.43,1776859831000
1776859833.166,33.166,0.52,0.53,0.47,0.48,0.01,0.01,78358.43,1776859831000
1776859834.402,34.402,0.52,0.53,0.47,0.48,0.01,0.01,78358.97,1776859832000
1776859834.754,34.754,0.48,0.49,0.51,0.52,0.01,0.01,78359.85,1776859833000
1776859835.117,35.117,0.42,0.46,0.53,0.56,0.04,0.03,78359.85,1776859833000
1776859835.524,35.524,0.44,0.45,0.55,0.57,0.01,0.02,78359.8,1776859834000
1776859835.875,35.875,0.43,0.44,0.56,0.57,0.01,0.01,78359.8,1776859834000
1776859836.217,36.217,0.43,0.44,0.56,0.57,0.01,0.01,78359.8,1776859834000
1776859836.633,36.633,0.43,0.44,0.56,0.57,0.01,0.01,78359.8,1776859834000
1776859837.194,37.194,0.43,0.44,0.56,0.57,0.01,0.01,78359.8,1776859834000
1776859837.77,37.77,0.43,0.44,0.56,0.57,0.01,0.01,78345.68,1776859836000
1776859838.107,38.107,0.43,0.44,0.56,0.57,0.01,0.01,78345.68,1776859836000
1776859838.573,38.573,0.43,0.44,0.56,0.57,0.01,0.01,78340.63,1776859837000
1776859838.977,38.977,0.43,0.44,0.56,0.57,0.01,0.01,78340.63,1776859837000
1776859839.447,39.447,0.43,0.44,0.56,0.57,0.01,0.01,78340.35,1776859838000
1776859839.809,39.809,0.43,0.44,0.56,0.57,0.01,0.01,78340.35,1776859838000
1776859840.263,40.263,0.42,0.44,0.56,0.57,0.02,0.01,78340.51,1776859839000
1776859840.762,40.762,0.42,0.43,0.57,0.58,0.01,0.01,78340.51,1776859839000
1776859841.194,41.194,0.42,0.43,0.57,0.58,0.01,0.01,78340.52,1776859840000
1776859842.061,42.061,0.42,0.43,0.57,0.58,0.01,0.01,78340.52,1776859840000
1776859842.733,42.733,0.42,0.43,0.57,0.58,0.01,0.01,78340.52,1776859841000
1776859843.073,43.073,0.42,0.43,0.57,0.58,0.01,0.01,78340.52,1776859841000
1776859843.456,43.456,0.42,0.43,0.57,0.58,0.01,0.01,78340.43,1776859842000
1776859843.799,43.799,0.42,0.43,0.57,0.58,0.01,0.01,78340.43,1776859842000
1776859844.301,44.301,0.42,0.43,0.57,0.58,0.01,0.01,78340.43,1776859842000
1776859844.946,44.946,0.42,0.43,0.57,0.58,0.01,0.01,78340.11,1776859843000
1776859845.292,45.292,0.42,0.43,0.57,0.58,0.01,0.01,78340.11,1776859843000
1776859845.762,45.762,0.42,0.43,0.57,0.58,0.01,0.01,78339.72,1776859844000
1776859846.309,46.309,0.42,0.43,0.57,0.58,0.01,0.01,78339.72,1776859845000
1776859846.65,46.65,0.46,0.48,0.52,0.55,0.02,0.03,78339.72,1776859845000
1776859847.093,47.093,0.46,0.48,0.52,0.54,0.02,0.02,78339.72,1776859846000
1776859847.62,47.62,0.47,0.48,0.52,0.54,0.01,0.02,78339.72,1776859846000
1776859847.97,47.97,0.47,0.48,0.52,0.53,0.01,0.01,78339.72,1776859846000
1776859848.328,48.328,0.47,0.48,0.52,0.53,0.01,0.01,78342.53,1776859847000
1776859848.735,48.735,0.47,0.49,0.51,0.53,0.02,0.02,78342.53,1776859847000
1776859849.162,49.162,0.47,0.49,0.51,0.53,0.02,0.02,78342.53,1776859847000
1776859849.593,49.593,0.47,0.5,0.51,0.53,0.03,0.02,78349.71,1776859848000
1776859849.932,49.932,0.54,0.56,0.44,0.46,0.02,0.02,78349.71,1776859848000
1776859850.353,50.353,0.54,0.55,0.44,0.46,0.01,0.02,78357.87,1776859849000
1776859850.882,50.882,0.55,0.56,0.44,0.45,0.01,0.01,78357.87,1776859849000
1776859851.291,51.291,0.55,0.56,0.44,0.45,0.01,0.01,78358.41,1776859850000
1776859851.71,51.71,0.55,0.56,0.44,0.45,0.01,0.01,78358.41,1776859850000
1776859852.183,52.183,0.55,0.56,0.44,0.45,0.01,0.01,78358.41,1776859850000
1776859852.661,52.661,0.55,0.56,0.44,0.45,0.01,0.01,78359.27,1776859851000
1776859853.011,53.011,0.55,0.56,0.44,0.45,0.01,0.01,78359.27,1776859852000
1776859853.353,53.353,0.48,0.49,0.51,0.52,0.01,0.01,78359.27,1776859852000
1776859853.767,53.767,0.44,0.47,0.53,0.56,0.03,0.03,78359.27,1776859852000
1776859854.118,54.118,0.43,0.45,0.55,0.57,0.02,0.02,78359.27,1776859852000
1776859854.457,54.457,0.44,0.45,0.55,0.56,0.01,0.01,78358.75,1776859853000
1776859854.888,54.888,0.44,0.45,0.55,0.56,0.01,0.01,78358.75,1776859853000
1776859855.232,55.232,0.47,0.48,0.52,0.53,0.01,0.01,78358.75,1776859853000
1776859855.567,55.567,0.47,0.48,0.52,0.53,0.01,0.01,78352.53,1776859854000
1776859855.901,55.901,0.47,0.48,0.52,0.53,0.01,0.01,78352.53,1776859854000
1776859856.527,56.527,0.47,0.48,0.52,0.53,0.01,0.01,78344.69,1776859855000
1776859856.977,56.977,0.47,0.48,0.52,0.53,0.01,0.01,78345.91,1776859856000
1776859857.598,57.598,0.47,0.48,0.52,0.53,0.01,0.01,78345.91,1776859856000
1776859857.941,57.941,0.47,0.48,0.52,0.53,0.01,0.01,78345.91,1776859856000
1776859858.385,58.385,0.47,0.48,0.52,0.53,0.01,0.01,78347.08,1776859857000
1776859858.751,58.751,0.47,0.48,0.52,0.53,0.01,0.01,78347.08,1776859857000
1776859859.137,59.137,0.47,0.48,0.52,0.53,0.01,0.01,78346.83,1776859858000
1776859859.566,59.566,0.47,0.48,0.52,0.53,0.01,0.01,78346.83,1776859858000
1776859860.078,60.078,0.47,0.48,0.52,0.53,0.01,0.01,78346.83,1776859858000
1776859860.534,60.534,0.47,0.48,0.52,0.53,0.01,0.01,78346.93,1776859859000
1776859860.928,60.928,0.48,0.49,0.51,0.52,0.01,0.01,78346.93,1776859859000
1776859861.282,61.282,0.48,0.49,0.51,0.52,0.01,0.01,78346.93,1776859859000
1776859861.891,61.891,0.47,0.49,0.51,0.53,0.02,0.02,78347.42,1776859860000
1776859862.292,62.292,0.46,0.47,0.52,0.54,0.01,0.02,78347.42,1776859860000
1776859862.707,62.707,0.46,0.48,0.53,0.54,0.02,0.01,78347.64,1776859861000
1776859863.043,63.043,0.48,0.53,0.48,0.52,0.05,0.04,78347.64,1776859861000
1776859863.401,63.401,0.53,0.55,0.45,0.48,0.02,0.03,78347.64,1776859861000
1776859863.745,63.745,0.54,0.55,0.45,0.46,0.01,0.01,78347.22,1776859862000
1776859864.111,64.111,0.54,0.55,0.45,0.46,0.01,0.01,78347.08,1776859863000
1776859864.518,64.518,0.54,0.55,0.45,0.46,0.01,0.01,78347.08,1776859863000
1776859865.089,65.089,0.54,0.55,0.45,0.46,0.01,0.01,78351.56,1776859864000
1776859865.475,65.475,0.54,0.55,0.45,0.46,0.01,0.01,78351.56,1776859864000
1776859865.823,65.823,0.54,0.55,0.45,0.46,0.01,0.01,78351.56,1776859864000
1776859866.172,66.172,0.54,0.55,0.45,0.46,0.01,0.01,78351.56,1776859864000
1776859866.614,66.614,0.54,0.55,0.45,0.46,0.01,0.01,78355.47,1776859865000
1776859867.284,67.284,0.54,0.55,0.45,0.46,0.01,0.01,78355.47,1776859865000
1776859867.639,67.639,0.52,0.54,0.46,0.47,0.02,0.01,78355.47,1776859865000
1776859868.044,68.044,0.51,0.52,0.48,0.5,0.01,0.02,78355.47,1776859865000
1776859868.42,68.42,0.47,0.48,0.52,0.54,0.01,0.02,78355.47,1776859865000
1776859868.874,68.874,0.46,0.47,0.53,0.54,0.01,0.01,78353.16,1776859867000
1776859869.376,69.376,0.45,0.46,0.54,0.55,0.01,0.01,78347.27,1776859868000
1776859869.755,69.755,0.45,0.46,0.54,0.55,0.01,0.01,78347.27,1776859868000
1776859870.188,70.188,0.45,0.46,0.54,0.55,0.01,0.01,78347.27,1776859868000
1776859870.53,70.53,0.45,0.46,0.54,0.55,0.01,0.01,78347.27,1776859868000
1776859871.011,71.011,0.41,0.42,0.58,0.59,0.01,0.01,78347.27,1776859868000
1776859871.613,71.613,0.41,0.42,0.58,0.59,0.01,0.01,78342.87,1776859870000
1776859872.322,72.322,0.41,0.42,0.58,0.59,0.01,0.01,78342.87,1776859871000
1776859873.575,73.575,0.41,0.42,0.58,0.59,0.01,0.01,78342.87,1776859871000
1776859874.012,74.012,0.43,0.44,0.56,0.57,0.01,0.01,78367.18,1776859872000
1776859874.379,74.379,0.52,0.53,0.47,0.48,0.01,0.01,78367.18,1776859872000
1776859874.737,74.737,0.52,0.53,0.47,0.48,0.01,0.01,78378.01,1776859873000
1776859875.323,75.323,0.52,0.56,0.44,0.48,0.04,0.04,78378.37,1776859874000
1776859875.696,75.696,0.52,0.6,0.4,0.48,0.08,0.08,78378.37,1776859874000
1776859876.112,76.112,0.52,0.6,0.4,0.48,0.08,0.08,78378.14,1776859875000
1776859876.527,76.527,0.57,0.67,0.34,0.43,0.1,0.09,78378.14,1776859875000
1776859877.013,77.013,0.57,0.69,0.31,0.43,0.12,0.12,78378.14,1776859875000
1776859877.369,77.369,0.57,0.7,0.3,0.43,0.13,0.13,78378.14,1776859875000
1776859877.704,77.704,0.59,0.67,0.33,0.41,0.08,0.08,78379.38,1776859876000
1776859878.049,78.049,0.59,0.67,0.33,0.41,0.08,0.08,78379.38,1776859876000
1776859878.385,78.385,0.66,0.69,0.31,0.34,0.03,0.03,78379.38,1776859876000
1776859878.822,78.822,0.68,0.69,0.31,0.32,0.01,0.01,78391.23,1776859877000
1776859879.165,79.165,0.68,0.69,0.31,0.32,0.01,0.01,78391.23,1776859877000
1776859879.51,79.51,0.7,0.71,0.29,0.3,0.01,0.01,78393.35,1776859878000
1776859880.067,80.067,0.7,0.71,0.29,0.3,0.01,0.01,78393.35,1776859878000
1776859880.674,80.674,0.71,0.72,0.28,0.3,0.01,0.02,78393.35,1776859878000
1776859881.081,81.081,0.74,0.79,0.21,0.26,0.05,0.05,78393.35,1776859878000
1776859881.416,81.416,0.74,0.75,0.2,0.25,0.01,0.05,78393.41,1776859879000
1776859881.752,81.752,0.74,0.75,0.25,0.26,0.01,0.01,78393.41,1776859879000
1776859882.143,82.143,0.74,0.75,0.25,0.26,0.01,0.01,78393.41,1776859880000
1776859882.599,82.599,0.73,0.75,0.25,0.28,0.02,0.03,78393.41,1776859880000
1776859883.006,83.006,0.72,0.74,0.26,0.28,0.02,0.02,78394.83,1776859881000
1776859883.516,83.516,0.72,0.73,0.27,0.28,0.01,0.01,78394.83,1776859881000
1776859884.723,84.723,0.72,0.73,0.27,0.28,0.01,0.01,78403.99,1776859882000
1776859885.236,85.236,0.72,0.73,0.27,0.28,0.01,0.01,78403.99,1776859882000
1776859885.59,85.59,0.72,0.73,0.27,0.28,0.01,0.01,78401.36,1776859883000
1776859886.021,86.021,0.71,0.72,0.28,0.29,0.01,0.01,78401.36,1776859883000
1776859886.356,86.356,0.71,0.72,0.28,0.29,0.01,0.01,78400.18,1776859884000
1776859887.188,87.188,0.7,0.71,0.29,0.3,0.01,0.01,78399.97,1776859885000
1776859887.553,87.553,0.72,0.74,0.27,0.3,0.02,0.03,78399.97,1776859885000
1776859887.887,87.887,0.75,0.84,0.16,0.25,0.09,0.09,78398.18,1776859886000
1776859888.254,88.254,0.74,0.77,0.23,0.26,0.03,0.03,78398.18,1776859886000
1776859888.593,88.593,0.75,0.76,0.24,0.25,0.01,0.01,78397.87,1776859887000
1776859888.931,88.931,0.75,0.76,0.23,0.25,0.01,0.02,78397.87,1776859887000
1776859889.417,89.417,0.75,0.76,0.24,0.25,0.01,0.01,78397.87,1776859887000
1776859889.807,89.807,0.75,0.76,0.24,0.25,0.01,0.01,78410.52,1776859888000
1776859890.145,90.145,0.75,0.76,0.24,0.25,0.01,0.01,78411.19,1776859889000
1776859890.48,90.48,0.75,0.76,0.24,0.25,0.01,0.01,78411.19,1776859889000
1776859890.973,90.973,0.75,0.76,0.24,0.25,0.01,0.01,78411.19,1776859889000
1776859891.618,91.618,0.75,0.77,0.23,0.25,0.02,0.02,78411.1,1776859890000
1776859892.161,92.161,0.75,0.77,0.23,0.25,0.02,0.02,78410.93,1776859891000
1776859892.499,92.499,0.75,0.77,0.23,0.25,0.02,0.02,78410.93,1776859891000
1776859892.863,92.863,0.75,0.77,0.23,0.25,0.02,0.02,78410.93,1776859891000
1776859893.244,93.244,0.75,0.77,0.23,0.25,0.02,0.02,78410.93,1776859892000
1776859894.184,94.184,0.76,0.77,0.23,0.25,0.01,0.02,78410.93,1776859892000
1776859894.857,94.857,0.76,0.77,0.23,0.24,0.01,0.01,78410.35,1776859893000
1776859895.229,95.229,0.76,0.78,0.22,0.24,0.02,0.02,78409.54,1776859894000
1776859895.663,95.663,0.76,0.77,0.23,0.24,0.01,0.01,78409.54,1776859894000
1776859896.005,96.005,0.76,0.77,0.23,0.24,0.01,0.01,78409.54,1776859894000
1776859896.339,96.339,0.76,0.77,0.23,0.24,0.01,0.01,78409.71,1776859895000
1776859896.673,96.673,0.76,0.77,0.23,0.24,0.01,0.01,78409.71,1776859895000
1776859897.041,97.041,0.76,0.77,0.23,0.24,0.01,0.01,78409.71,1776859895000
1776859897.46,97.46,0.76,0.77,0.23,0.24,0.01,0.01,78409.74,1776859896000
1776859897.81,97.81,0.76,0.77,0.23,0.24,0.01,0.01,78409.74,1776859896000
1776859898.233,98.233,0.75,0.77,0.23,0.25,0.02,0.02,78409.74,1776859896000
1776859898.639,98.639,0.71,0.72,0.28,0.29,0.01,0.01,78409.79,1776859897000
1776859898.984,98.984,0.7,0.71,0.29,0.31,0.01,0.02,78409.79,1776859897000
1776859899.409,99.409,0.7,0.71,0.29,0.3,0.01,0.01,78409.79,1776859897000
1776859899.744,99.744,0.7,0.71,0.29,0.3,0.01,0.01,78407.2,1776859898000
1776859900.334,100.334,0.69,0.71,0.29,0.31,0.02,0.02,78407.2,1776859898000
1776859900.704,100.704,0.69,0.71,0.29,0.31,0.02,0.02,78397.92,1776859899000
1776859901.201,101.201,0.69,0.71,0.29,0.31,0.02,0.02,78397.92,1776859899000
1776859901.693,101.693,0.69,0.71,0.29,0.31,0.02,0.02,78388.78,1776859900000
1776859902.186,102.186,0.69,0.71,0.29,0.31,0.02,0.02,78388.78,1776859900000
1776859902.59,102.59,0.69,0.71,0.29,0.31,0.02,0.02,78388.96,1776859901000
1776859902.924,102.924,0.7,0.72,0.28,0.3,0.02,0.02,78388.96,1776859901000
1776859903.268,103.268,0.69,0.72,0.28,0.31,0.03,0.03,78388.96,1776859901000
1776859903.701,103.701,0.69,0.7,0.3,0.31,0.01,0.01,78391.48,1776859902000
1776859904.085,104.085,0.7,0.71,0.29,0.3,0.01,0.01,78391.48,1776859902000
1776859904.432,104.432,0.69,0.7,0.27,0.28,0.01,0.01,78390.68,1776859903000
1776859904.867,104.867,0.69,0.7,0.3,0.31,0.01,0.01,78390.68,1776859903000
1776859905.207,105.207,0.69,0.7,0.3,0.31,0.01,0.01,78390.68,1776859903000
1776859905.566,105.566,0.69,0.7,0.3,0.31,0.01,0.01,78393.46,1776859904000
1776859905.91,105.91,0.69,0.7,0.3,0.31,0.01,0.01,78393.46,1776859904000
1776859906.292,106.292,0.69,0.7,0.3,0.31,0.01,0.01,78393.46,1776859904000
1776859906.626,106.626,0.69,0.72,0.28,0.31,0.03,0.03,78399.62,1776859905000
1776859906.994,106.994,0.7,0.71,0.29,0.3,0.01,0.01,78399.62,1776859905000
1776859907.461,107.461,0.71,0.74,0.27,0.29,0.03,0.02,78399.75,1776859906000
1776859907.861,107.861,0.72,0.73,0.27,0.28,0.01,0.01,78399.75,1776859906000
1776859908.237,108.237,0.74,0.75,0.25,0.28,0.01,0.03,78399.75,1776859906000
1776859908.57,108.57,0.74,0.75,0.25,0.26,0.01,0.01,78401.31,1776859907000
1776859909.278,109.278,0.74,0.75,0.25,0.26,0.01,0.01,78401.31,1776859907000
1776859910.113,110.113,0.74,0.75,0.25,0.26,0.01,0.01,78403.06,1776859908000
1776859910.667,110.667,0.74,0.75,0.25,0.26,0.01,0.01,78403.43,1776859909000
1776859911.127,111.127,0.74,0.75,0.25,0.26,0.01,0.01,78404.27,1776859910000
1776859911.681,111.681,0.74,0.75,0.25,0.26,0.01,0.01,78404.27,1776859910000
1776859912.029,112.029,0.78,0.79,0.2,0.22,0.01,0.02,78404.27,1776859910000
1776859912.397,112.397,0.79,0.8,0.2,0.21,0.01,0.01,78415.85,1776859911000
1776859912.853,112.853,0.79,0.8,0.2,0.21,0.01,0.01,78415.85,1776859911000
1776859913.429,113.429,0.79,0.8,0.2,0.21,0.01,0.01,78415.85,1776859911000
1776859913.813,113.813,0.79,0.8,0.2,0.21,0.01,0.01,78418.12,1776859912000
1776859914.23,114.23,0.79,0.8,0.2,0.21,0.01,0.01,78418.56,1776859913000
1776859914.574,114.574,0.76,0.78,0.22,0.24,0.02,0.02,78418.56,1776859913000
1776859914.93,114.93,0.74,0.75,0.23,0.25,0.01,0.02,78418.56,1776859913000
1776859915.296,115.296,0.74,0.75,0.25,0.26,0.01,0.01,78419.27,1776859914000
1776859915.846,115.846,0.74,0.75,0.25,0.26,0.01,0.01,78419.27,1776859914000
1776859916.232,116.232,0.74,0.75,0.25,0.26,0.01,0.01,78419.27,1776859914000
1776859916.575,116.575,0.74,0.75,0.25,0.26,0.01,0.01,78414.8,1776859915000
1776859917.276,117.276,0.74,0.75,0.25,0.26,0.01,0.01,78407.42,1776859916000
1776859917.614,117.614,0.74,0.75,0.25,0.26,0.01,0.01,78407.42,1776859916000
1776859918.23,118.23,0.74,0.75,0.25,0.26,0.01,0.01,78407.42,1776859916000
1776859919.489,119.489,0.74,0.75,0.25,0.26,0.01,0.01,78406.13,1776859918000
1776859919.984,119.984,0.74,0.75,0.25,0.26,0.01,0.01,78406.34,1776859919000
1776859920.856,120.856,0.74,0.75,0.25,0.26,0.01,0.01,78406.34,1776859919000
1776859921.349,121.349,0.74,0.75,0.25,0.26,0.01,0.01,78406.34,1776859920000
1776859921.965,121.965,0.74,0.75,0.25,0.26,0.01,0.01,78406.08,1776859921000
1776859922.306,122.306,0.74,0.75,0.25,0.26,0.01,0.01,78406.08,1776859921000
1776859922.962,122.962,0.74,0.75,0.25,0.27,0.01,0.02,78406.08,1776859921000
1776859923.313,123.313,0.74,0.75,0.25,0.26,0.01,0.01,78403.38,1776859922000
1776859923.763,123.763,0.72,0.73,0.27,0.28,0.01,0.01,78403.38,1776859922000
1776859924.111,124.111,0.72,0.73,0.27,0.28,0.01,0.01,78401.22,1776859923000
1776859924.705,124.705,0.72,0.73,0.27,0.28,0.01,0.01,78401.22,1776859923000
1776859925.044,125.044,0.72,0.73,0.27,0.28,0.01,0.01,78401.22,1776859923000
1776859925.514,125.514,0.72,0.73,0.27,0.28,0.01,0.01,78400.22,1776859924000
1776859926.04,126.04,0.72,0.73,0.27,0.28,0.01,0.01,78400.22,1776859924000
1776859926.558,126.558,0.72,0.73,0.27,0.28,0.01,0.01,78400.22,1776859924000
1776859926.925,126.925,0.72,0.73,0.27,0.28,0.01,0.01,78399.91,1776859925000
1776859927.378,127.378,0.72,0.73,0.27,0.28,0.01,0.01,78399.91,1776859925000
1776859927.717,127.717,0.7,0.71,0.29,0.3,0.01,0.01,78399.78,1776859926000
1776859928.067,128.067,0.67,0.69,0.31,0.33,0.02,0.02,78399.76,1776859927000
1776859928.439,128.439,0.67,0.68,0.32,0.33,0.01,0.01,78399.76,1776859927000
1776859928.85,128.85,0.67,0.68,0.32,0.33,0.01,0.01,78399.76,1776859927000
1776859929.218,129.218,0.67,0.68,0.32,0.33,0.01,0.01,78398.75,1776859928000
1776859929.625,129.625,0.67,0.68,0.32,0.33,0.01,0.01,78398.75,1776859928000
1776859930.101,130.101,0.67,0.68,0.32,0.33,0.01,0.01,78398.75,1776859928000
1776859930.496,130.496,0.67,0.68,0.32,0.33,0.01,0.01,78394.39,1776859929000
1776859930.904,130.904,0.69,0.7,0.31,0.33,0.01,0.02,78394.39,1776859929000
1776859931.296,131.296,0.69,0.7,0.3,0.31,0.01,0.01,78394.39,1776859929000
1776859931.682,131.682,0.69,0.7,0.3,0.31,0.01,0.01,78394.04,1776859930000
1776859932.056,132.056,0.69,0.7,0.3,0.31,0.01,0.01,78392.81,1776859931000
1776859932.395,132.395,0.69,0.7,0.3,0.31,0.01,0.01,78392.81,1776859931000
1776859932.757,132.757,0.69,0.7,0.3,0.31,0.01,0.01,78392.81,1776859931000
1776859933.234,133.234,0.7,0.71,0.29,0.3,0.01,0.01,78392.18,1776859932000
1776859934.086,134.086,0.7,0.71,0.29,0.3,0.01,0.01,78392.18,1776859932000
1776859934.446,134.446,0.7,0.71,0.29,0.3,0.01,0.01,78392.18,1776859932000
1776859934.855,134.855,0.7,0.71,0.29,0.3,0.01,0.01,78392.65,1776859933000
1776859935.192,135.192,0.7,0.71,0.29,0.3,0.01,0.01,78392.74,1776859934000
1776859935.793,135.793,0.7,0.71,0.29,0.3,0.01,0.01,78392.74,1776859934000
1776859936.135,136.135,0.7,0.71,0.29,0.3,0.01,0.01,78392.74,1776859934000
1776859936.519,136.519,0.7,0.71,0.29,0.3,0.01,0.01,78392.96,1776859935000
1776859936.87,136.87,0.71,0.72,0.29,0.3,0.01,0.01,78392.96,1776859935000
1776859937.228,137.228,0.71,0.72,0.28,0.29,0.01,0.01,78392.96,1776859935000
1776859937.585,137.585,0.71,0.72,0.28,0.29,0.01,0.01,78392.96,1776859935000
1776859938.018,138.018,0.71,0.72,0.28,0.29,0.01,0.01,78392.89,1776859937000
1776859938.356,138.356,0.71,0.72,0.28,0.29,0.01,0.01,78392.89,1776859937000
1776859938.839,138.839,0.71,0.72,0.28,0.29,0.01,0.01,78392.89,1776859937000
1776859939.28,139.28,0.71,0.72,0.28,0.29,0.01,0.01,78392.7,1776859938000
1776859939.71,139.71,0.71,0.72,0.28,0.29,0.01,0.01,78392.7,1776859938000
1776859940.18,140.18,0.71,0.72,0.28,0.29,0.01,0.01,78392.7,1776859938000
1776859940.565,140.565,0.71,0.72,0.28,0.29,0.01,0.01,78393.44,1776859939000
1776859941.069,141.069,0.71,0.72,0.28,0.29,0.01,0.01,78393.44,1776859939000
1776859941.732,141.732,0.71,0.72,0.28,0.29,0.01,0.01,78393.67,1776859940000
1776859942.119,142.119,0.71,0.72,0.28,0.29,0.01,0.01,78393.67,1776859940000
1776859942.464,142.464,0.71,0.72,0.28,0.29,0.01,0.01,78393.67,1776859941000
1776859942.932,142.932,0.71,0.72,0.28,0.29,0.01,0.01,78393.67,1776859941000
1776859943.326,143.326,0.71,0.72,0.28,0.29,0.01,0.01,78393.67,1776859941000
1776859944.08,144.08,0.71,0.72,0.28,0.29,0.01,0.01,78393.68,1776859942000
1776859944.88,144.88,0.71,0.72,0.28,0.29,0.01,0.01,78393.68,1776859943000
1776859945.334,145.334,0.71,0.72,0.28,0.29,0.01,0.01,78393.68,1776859943000
1776859945.758,145.758,0.71,0.72,0.28,0.29,0.01,0.01,78394.02,1776859944000
1776859946.242,146.242,0.71,0.72,0.28,0.29,0.01,0.01,78394.02,1776859944000
1776859946.639,146.639,0.71,0.72,0.28,0.29,0.01,0.01,78394.04,1776859945000
1776859947.036,147.036,0.71,0.72,0.28,0.29,0.01,0.01,78395.18,1776859946000
1776859947.371,147.371,0.71,0.72,0.28,0.29,0.01,0.01,78395.18,1776859946000
1776859947.819,147.819,0.71,0.72,0.28,0.29,0.01,0.01,78395.18,1776859946000
1776859948.187,148.187,0.73,0.74,0.26,0.27,0.01,0.01,78395.18,1776859946000
1776859948.561,148.561,0.73,0.74,0.26,0.27,0.01,0.01,78395.17,1776859947000
1776859948.908,148.908,0.76,0.78,0.22,0.24,0.02,0.02,78394.84,1776859948000
1776859949.282,149.282,0.77,0.78,0.22,0.23,0.01,0.01,78394.84,1776859948000
1776859949.677,149.677,0.77,0.78,0.22,0.23,0.01,0.01,78394.84,1776859948000
1776859950.064,150.064,0.77,0.78,0.22,0.23,0.01,0.01,78398.45,1776859949000
1776859950.646,150.646,0.77,0.78,0.22,0.23,0.01,0.01,78398.45,1776859949000
1776859950.994,150.994,0.77,0.78,0.22,0.23,0.01,0.01,78403.28,1776859950000
1776859951.405,151.405,0.77,0.78,0.22,0.23,0.01,0.01,78403.28,1776859950000
1776859951.854,151.854,0.77,0.78,0.22,0.23,0.01,0.01,78403.28,1776859950000
1776859952.193,152.193,0.77,0.78,0.22,0.23,0.01,0.01,78403.93,1776859951000
1776859952.746,152.746,0.77,0.78,0.22,0.23,0.01,0.01,78403.93,1776859951000
1776859953.155,153.155,0.77,0.78,0.22,0.23,0.01,0.01,78404.84,1776859952000
1776859953.488,153.488,0.78,0.79,0.21,0.22,0.01,0.01,78404.84,1776859952000
1776859953.963,153.963,0.78,0.79,0.21,0.22,0.01,0.01,78404.84,1776859952000
1776859954.346,154.346,0.78,0.79,0.21,0.22,0.01,0.01,78404.63,1776859953000
1776859954.873,154.873,0.78,0.8,0.21,0.22,0.02,0.01,78404.63,1776859953000
1776859955.216,155.216,0.79,0.8,0.2,0.21,0.01,0.01,78404.63,1776859953000
1776859955.571,155.571,0.79,0.8,0.2,0.21,0.01,0.01,78404.67,1776859954000
1776859956.111,156.111,0.79,0.8,0.2,0.21,0.01,0.01,78404.67,1776859954000
1776859956.591,156.591,0.79,0.8,0.2,0.21,0.01,0.01,78404.51,1776859955000
1776859957.107,157.107,0.79,0.8,0.2,0.21,0.01,0.01,78404.51,1776859955000
1776859957.853,157.853,0.81,0.82,0.2,0.21,0.01,0.01,78405.77,1776859956000
1776859958.226,158.226,0.82,0.83,0.17,0.18,0.01,0.01,78405.88,1776859957000
1776859958.618,158.618,0.82,0.83,0.17,0.18,0.01,0.01,78405.88,1776859957000
1776859958.992,158.992,0.83,0.85,0.17,0.18,0.02,0.01,78405.88,1776859957000
1776859959.491,159.491,0.84,0.85,0.15,0.16,0.01,0.01,78406.3,1776859958000
1776859959.849,159.849,0.84,0.85,0.15,0.16,0.01,0.01,78406.3,1776859958000
1776859960.252,160.252,0.84,0.85,0.15,0.16,0.01,0.01,78406.3,1776859958000
1776859961.135,161.135,0.84,0.85,0.15,0.16,0.01,0.01,78413.96,1776859959000
1776859961.609,161.609,0.84,0.85,0.15,0.16,0.01,0.01,78413.96,1776859959000
1776859962.137,162.137,0.84,0.85,0.15,0.16,0.01,0.01,78419.88,1776859961000
1776859962.504,162.504,0.84,0.85,0.15,0.16,0.01,0.01,78419.88,1776859961000
1776859963.123,163.123,0.84,0.85,0.15,0.16,0.01,0.01,78419.88,1776859961000
1776859963.475,163.475,0.84,0.85,0.15,0.16,0.01,0.01,78420.28,1776859962000
1776859963.809,163.809,0.84,0.85,0.15,0.16,0.01,0.01,78420.28,1776859962000
1776859964.215,164.215,0.84,0.86,0.15,0.16,0.02,0.01,78420.28,1776859962000
1776859964.548,164.548,0.84,0.86,0.14,0.16,0.02,0.02,78419.05,1776859963000
1776859964.886,164.886,0.84,0.86,0.14,0.16,0.02,0.02,78419.05,1776859963000
1776859965.238,165.238,0.84,0.85,0.14,0.16,0.01,0.02,78418.95,1776859964000
1776859965.705,165.705,0.84,0.85,0.15,0.16,0.01,0.01,78418.95,1776859964000
1776859966.081,166.081,0.85,0.86,0.14,0.15,0.01,0.01,78418.95,1776859964000
1776859966.441,166.441,0.85,0.86,0.14,0.15,0.01,0.01,78419.98,1776859965000
1776859967.06,167.06,0.85,0.86,0.14,0.15,0.01,0.01,78419.98,1776859965000
1776859967.522,167.522,0.86,0.87,0.13,0.14,0.01,0.01,78419.98,1776859965000
1776859967.912,167.912,0.87,0.88,0.12,0.13,0.01,0.01,78419.17,1776859966000
1776859968.367,168.367,0.87,0.88,0.12,0.13,0.01,0.01,78419.33,1776859967000
1776859968.707,168.707,0.87,0.88,0.12,0.13,0.01,0.01,78419.33,1776859967000
1776859969.045,169.045,0.85,0.88,0.12,0.15,0.03,0.03,78419.33,1776859967000
1776859969.698,169.698,0.82,0.88,0.12,0.15,0.06,0.03,78419.4,1776859968000
1776859970.315,170.315,0.82,0.85,0.15,0.18,0.03,0.03,78419.4,1776859968000
1776859970.828,170.828,0.8,0.82,0.18,0.2,0.02,0.02,78414.16,1776859969000
1776859971.369,171.369,0.79,0.82,0.18,0.21,0.03,0.03,78414.16,1776859969000
1776859971.739,171.739,0.79,0.82,0.18,0.21,0.03,0.03,78402.14,1776859970000
1776859972.089,172.089,0.79,0.83,0.16,0.21,0.04,0.05,78402.14,1776859970000
1776859972.483,172.483,0.79,0.83,0.17,0.21,0.04,0.04,78399.78,1776859971000
1776859972.949,172.949,0.81,0.82,0.17,0.21,0.01,0.04,78399.78,1776859971000
1776859973.626,173.626,0.81,0.82,0.18,0.2,0.01,0.02,78398.25,1776859972000
1776859973.972,173.972,0.81,0.82,0.18,0.19,0.01,0.01,78398.25,1776859972000
1776859974.413,174.413,0.81,0.82,0.18,0.19,0.01,0.01,78401.91,1776859973000
1776859974.813,174.813,0.81,0.82,0.18,0.19,0.01,0.01,78401.91,1776859973000
1776859975.161,175.161,0.81,0.82,0.18,0.19,0.01,0.01,78402.53,1776859974000
1776859975.792,175.792,0.81,0.82,0.18,0.19,0.01,0.01,78402.53,1776859974000
1776859976.145,176.145,0.81,0.82,0.18,0.19,0.01,0.01,78402.53,1776859974000
1776859976.594,176.594,0.82,0.83,0.17,0.19,0.01,0.02,78404.96,1776859975000
1776859976.938,176.938,0.82,0.83,0.17,0.18,0.01,0.01,78404.21,1776859976000
1776859977.337,177.337,0.81,0.83,0.17,0.18,0.02,0.01,78404.21,1776859976000
1776859977.946,177.946,0.81,0.82,0.18,0.19,0.01,0.01,78404.21,1776859976000
1776859978.75,178.75,0.81,0.82,0.18,0.19,0.01,0.01,78404.49,1776859977000
1776859979.089,179.089,0.81,0.82,0.18,0.19,0.01,0.01,78404.49,1776859977000
1776859979.451,179.451,0.81,0.82,0.18,0.19,0.01,0.01,78403.52,1776859978000
1776859979.949,179.949,0.81,0.82,0.18,0.19,0.01,0.01,78402.28,1776859979000
1776859980.443,180.443,0.81,0.82,0.18,0.19,0.01,0.01,78402.28,1776859979000
1776859981.155,181.155,0.81,0.82,0.18,0.19,0.01,0.01,78402.47,1776859980000
1776859981.709,181.709,0.81,0.82,0.18,0.19,0.01,0.01,78402.47,1776859980000
1776859982.247,182.247,0.81,0.84,0.18,0.19,0.03,0.01,78402.47,1776859980000
1776859982.628,182.628,0.81,0.85,0.16,0.19,0.04,0.03,78403.39,1776859981000
1776859983.032,183.032,0.84,0.85,0.15,0.16,0.01,0.01,78403.39,1776859981000
1776859983.425,183.425,0.84,0.89,0.11,0.16,0.05,0.05,78409.03,1776859982000
1776859983.768,183.768,0.84,0.89,0.11,0.16,0.05,0.05,78409.03,1776859982000
1776859984.12,184.12,0.84,0.85,0.11,0.16,0.01,0.05,78409.03,1776859982000
1776859984.598,184.598,0.84,0.85,0.15,0.16,0.01,0.01,78409.03,1776859983000
1776859985.02,185.02,0.84,0.85,0.15,0.16,0.01,0.01,78409.03,1776859983000
1776859985.46,185.46,0.84,0.85,0.15,0.16,0.01,0.01,78409.03,1776859983000
1776859985.908,185.908,0.84,0.85,0.15,0.16,0.01,0.01,78409.03,1776859983000
1776859986.284,186.284,0.84,0.85,0.15,0.16,0.01,0.01,78407.88,1776859984000
1776859986.75,186.75,0.85,0.86,0.14,0.16,0.01,0.02,78407.88,1776859984000
1776859987.141,187.141,0.87,0.88,0.11,0.13,0.01,0.02,78407.94,1776859985000
1776859987.607,187.607,0.87,0.88,0.12,0.13,0.01,0.01,78407.94,1776859985000
1776859987.945,187.945,0.87,0.88,0.12,0.13,0.01,0.01,78407.74,1776859986000
1776859988.486,188.486,0.87,0.88,0.12,0.13,0.01,0.01,78407.74,1776859987000
1776859989.229,189.229,0.87,0.88,0.12,0.13,0.01,0.01,78407.74,1776859988000
1776859989.57,189.57,0.87,0.88,0.12,0.13,0.01,0.01,78407.74,1776859988000
1776859989.903,189.903,0.87,0.88,0.12,0.13,0.01,0.01,78407.74,1776859988000
1776859990.681,190.681,0.87,0.88,0.12,0.13,0.01,0.01,78407.74,1776859988000
1776859991.27,191.27,0.86,0.88,0.12,0.13,0.02,0.01,78409.73,1776859989000
1776859991.77,191.77,0.85,0.86,0.14,0.15,0.01,0.01,78407.63,1776859990000
1776859992.322,192.322,0.85,0.87,0.13,0.15,0.02,0.02,78404.07,1776859991000
1776859992.659,192.659,0.85,0.86,0.13,0.15,0.01,0.02,78404.07,1776859991000
1776859993.058,193.058,0.85,0.87,0.13,0.15,0.02,0.02,78404.07,1776859991000
1776859993.444,193.444,0.86,0.87,0.13,0.14,0.01,0.01,78404.07,1776859991000
1776859993.872,193.872,0.86,0.87,0.13,0.14,0.01,0.01,78404.01,1776859992000
1776859994.269,194.269,0.86,0.87,0.13,0.14,0.01,0.01,78404.01,1776859992000
1776859994.622,194.622,0.86,0.87,0.13,0.14,0.01,0.01,78406.39,1776859993000
1776859995.375,195.375,0.86,0.87,0.13,0.14,0.01,0.01,78406.84,1776859994000
1776859995.974,195.974,0.86,0.89,0.11,0.14,0.03,0.03,78407.58,1776859995000
1776859996.636,196.636,0.88,0.89,0.11,0.14,0.01,0.03,78407.58,1776859995000
1776859996.974,196.974,0.88,0.89,0.11,0.12,0.01,0.01,78407.58,1776859995000
1776859997.547,197.547,0.88,0.89,0.11,0.12,0.01,0.01,78407.58,1776859995000
1776859998.178,198.178,0.88,0.89,0.11,0.12,0.01,0.01,78408.12,1776859997000
1776859998.626,198.626,0.88,0.89,0.11,0.12,0.01,0.01,78408.12,1776859997000
1776859999.076,199.076,0.88,0.89,0.11,0.12,0.01,0.01,78408.12,1776859997000
1776859999.435,199.435,0.88,0.89,0.11,0.12,0.01,0.01,78408.12,1776859997000
1776859999.769,199.769,0.88,0.89,0.11,0.12,0.01,0.01,78408.83,1776859998000
1776860000.18,200.18,0.88,0.89,0.11,0.12,0.01,0.01,78408.83,1776859998000
1776860000.59,200.59,0.88,0.89,0.11,0.13,0.01,0.02,78410.11,1776859999000
1776860001.154,201.154,0.88,0.89,0.11,0.12,0.01,0.01,78412.14,1776860000000
1776860001.492,201.492,0.89,0.9,0.1,0.11,0.01,0.01,78412.14,1776860000000
1776860001.831,201.831,0.91,0.92,0.07,0.1,0.01,0.03,78412.14,1776860000000
1776860002.233,202.233,0.91,0.94,0.07,0.09,0.03,0.02,78412.14,1776860000000
1776860002.6,202.6,0.93,0.94,0.06,0.07,0.01,0.01,78424.82,1776860001000
1776860002.982,202.982,0.93,0.94,0.06,0.07,0.01,0.01,78424.82,1776860001000
1776860003.329,203.329,0.93,0.94,0.06,0.07,0.01,0.01,78425.46,1776860002000
1776860003.81,203.81,0.94,0.95,0.05,0.06,0.01,0.01,78425.46,1776860002000
1776860004.16,204.16,0.94,0.95,0.05,0.06,0.01,0.01,78425.46,1776860002000
1776860004.594,204.594,0.94,0.95,0.05,0.06,0.01,0.01,78427.0,1776860003000
1776860005.018,205.018,0.94,0.95,0.05,0.06,0.01,0.01,78427.0,1776860003000
1776860005.593,205.593,0.94,0.95,0.05,0.06,0.01,0.01,78433.47,1776860004000
1776860006.074,206.074,0.94,0.95,0.05,0.06,0.01,0.01,78433.47,1776860004000
1776860006.518,206.518,0.94,0.95,0.05,0.06,0.01,0.01,78433.47,1776860004000
1776860006.994,206.994,0.94,0.95,0.05,0.06,0.01,0.01,78434.21,1776860005000
1776860007.373,207.373,0.94,0.95,0.05,0.06,0.01,0.01,78434.21,1776860005000
1776860008.086,208.086,0.94,0.95,0.05,0.06,0.01,0.01,78434.28,1776860006000
1776860008.82,208.82,0.94,0.95,0.05,0.06,0.01,0.01,78434.33,1776860007000
1776860009.867,209.867,0.94,0.95,0.05,0.06,0.01,0.01,78435.27,1776860008000
1776860010.323,210.323,0.94,0.95,0.05,0.06,0.01,0.01,78435.35,1776860009000
1776860010.664,210.664,0.94,0.95,0.05,0.06,0.01,0.01,78435.35,1776860009000
1776860011.143,211.143,0.94,0.95,0.05,0.06,0.01,0.01,78435.35,1776860009000
1776860011.621,211.621,0.94,0.95,0.05,0.06,0.01,0.01,78434.89,1776860010000
1776860011.962,211.962,0.94,0.95,0.05,0.06,0.01,0.01,78434.89,1776860010000
1776860012.383,212.383,0.94,0.95,0.05,0.06,0.01,0.01,78434.89,1776860011000
1776860013.314,213.314,0.94,0.95,0.05,0.06,0.01,0.01,78434.91,1776860012000
1776860014.517,214.517,0.94,0.95,0.05,0.06,0.01,0.01,78434.91,1776860013000
1776860014.936,214.936,0.94,0.95,0.05,0.06,0.01,0.01,78435.54,1776860014000
1776860015.714,215.714,0.94,0.95,0.05,0.06,0.01,0.01,78435.54,1776860014000
1776860016.102,216.102,0.94,0.95,0.05,0.06,0.01,0.01,78435.54,1776860014000
1776860016.526,216.526,0.94,0.96,0.04,0.05,0.02,0.01,78438.11,1776860015000
1776860016.929,216.929,0.94,0.95,0.05,0.06,0.01,0.01,78438.11,1776860015000
1776860017.262,217.262,0.94,0.95,0.05,0.06,0.01,0.01,78438.11,1776860015000
1776860017.61,217.61,0.94,0.95,0.05,0.06,0.01,0.01,78439.73,1776860016000
1776860018.082,218.082,0.94,0.95,0.05,0.06,0.01,0.01,78439.87,1776860017000
1776860018.723,218.723,0.93,0.94,0.05,0.06,0.01,0.01,78439.87,1776860017000
1776860019.5,219.5,0.93,0.94,0.06,0.07,0.01,0.01,78439.86,1776860018000
1776860020.189,220.189,0.93,0.96,0.04,0.07,0.03,0.03,78448.52,1776860019000
1776860020.548,220.548,0.93,0.95,0.04,0.07,0.02,0.03,78448.52,1776860019000
1776860020.882,220.882,0.92,0.96,0.04,0.08,0.04,0.04,78448.52,1776860019000
1776860021.228,221.228,0.94,0.96,0.04,0.06,0.02,0.02,78448.52,1776860019000
1776860021.564,221.564,0.94,0.97,0.03,0.06,0.03,0.03,78448.52,1776860019000
1776860021.911,221.911,0.95,0.97,0.03,0.06,0.02,0.03,78448.52,1776860019000
1776860022.457,222.457,0.95,0.98,0.02,0.06,0.03,0.04,78472.34,1776860021000
1776860022.822,222.822,0.96,0.98,0.02,0.04,0.02,0.02,78472.34,1776860021000
1776860023.207,223.207,0.97,0.98,0.02,0.03,0.01,0.01,78472.24,1776860022000
1776860023.584,223.584,0.97,0.99,0.02,0.03,0.02,0.01,78472.24,1776860022000
1776860023.93,223.93,0.97,0.99,0.01,0.03,0.02,0.02,78472.24,1776860022000
1776860024.541,224.541,0.97,0.99,0.01,0.03,0.02,0.02,78472.91,1776860023000
1776860024.908,224.908,0.97,0.99,0.01,0.03,0.02,0.02,78472.91,1776860023000
1776860025.253,225.253,0.97,0.98,0.02,0.03,0.01,0.01,78474.94,1776860024000
1776860026.232,226.232,0.96,0.98,0.02,0.05,0.02,0.03,78474.94,1776860024000
1776860026.574,226.574,0.96,0.99,0.02,0.04,0.03,0.02,78473.64,1776860025000
1776860026.981,226.981,0.97,0.99,0.01,0.05,0.02,0.04,78473.64,1776860025000
1776860027.429,227.429,0.96,0.99,0.01,0.04,0.03,0.03,78473.64,1776860026000
1776860027.852,227.852,0.97,0.98,0.01,0.03,0.01,0.02,78473.64,1776860026000
1776860028.231,228.231,0.98,0.99,0.01,0.02,0.01,0.01,78473.64,1776860026000
1776860028.592,228.592,0.98,0.99,0.01,0.02,0.01,0.01,78473.99,1776860027000
1776860028.936,228.936,0.98,0.99,0.01,0.02,0.01,0.01,78473.99,1776860027000
1776860029.406,229.406,0.98,0.99,0.01,0.02,0.01,0.01,78475.83,1776860028000
1776860029.771,229.771,0.98,0.99,0.01,0.02,0.01,0.01,78475.83,1776860028000
1776860030.196,230.196,0.97,0.98,0.01,0.03,0.01,0.02,78475.83,1776860028000
1776860030.585,230.585,0.98,0.99,0.01,0.02,0.01,0.01,78467.84,1776860029000
1776860030.935,230.935,0.98,0.99,0.01,0.02,0.01,0.01,78467.84,1776860029000
1776860031.27,231.27,0.98,0.99,0.01,0.02,0.01,0.01,78461.25,1776860030000
1776860031.603,231.603,0.98,0.99,0.01,0.02,0.01,0.01,78461.25,1776860030000
1776860031.975,231.975,0.99,0.99,0.01,0.01,0.0,0.0,78461.25,1776860030000
1776860032.405,232.405,0.98,0.99,0.01,0.02,0.01,0.01,78461.25,1776860030000
1776860032.751,232.751,0.98,0.99,0.01,0.02,0.01,0.01,78459.64,1776860031000
1776860033.107,233.107,0.98,0.99,0.01,0.02,0.01,0.01,78459.64,1776860031000
1776860033.578,233.578,0.98,0.99,0.01,0.02,0.01,0.01,78458,1776860032000
1776860033.982,233.982,0.98,0.99,0.01,0.02,0.01,0.01,78458,1776860032000
1776860034.532,234.532,0.98,0.99,0.01,0.02,0.01,0.01,78458,1776860032000
1776860034.882,234.882,0.98,0.99,0.01,0.02,0.01,0.01,78456.99,1776860033000
1776860035.278,235.278,0.98,0.99,0.01,0.02,0.01,0.01,78456.29,1776860034000
1776860036.033,236.033,0.98,0.99,0.01,0.02,0.01,0.01,78456.29,1776860034000
1776860036.408,236.408,0.98,0.99,0.01,0.02,0.01,0.01,78456.24,1776860035000
1776860036.759,236.759,0.98,0.99,0.01,0.02,0.01,0.01,78456.24,1776860035000
1776860037.264,237.264,0.98,0.99,0.01,0.02,0.01,0.01,78454.07,1776860036000
1776860037.792,237.792,0.98,0.99,0.01,0.02,0.01,0.01,78454.07,1776860036000
1776860038.165,238.165,0.98,0.99,0.01,0.02,0.01,0.01,78454.07,1776860036000
1776860038.614,238.614,0.98,0.99,0.01,0.02,0.01,0.01,78453.79,1776860037000
1776860039.094,239.094,0.98,0.99,0.01,0.02,0.01,0.01,78453.79,1776860037000
1776860039.475,239.475,0.98,0.99,0.01,0.02,0.01,0.01,78453.79,1776860038000
1776860039.811,239.811,0.98,0.99,0.01,0.02,0.01,0.01,78453.79,1776860038000
1776860040.17,240.17,0.98,0.99,0.01,0.02,0.01,0.01,78454.79,1776860039000
1776860041.1,241.1,0.98,0.99,0.01,0.02,0.01,0.01,78454.94,1776860040000
1776860041.46,241.46,0.99,0.99,0.01,0.01,0.0,0.0,78454.94,1776860040000
1776860041.95,241.95,0.99,0.99,0.01,0.01,0.0,0.0,78454.94,1776860040000
1776860042.434,242.434,0.99,0.99,0.01,0.01,0.0,0.0,78452.07,1776860041000
1776860042.79,242.79,0.99,0.99,0.01,0.01,0.0,0.0,78452.07,1776860041000
1776860043.169,243.169,0.99,0.99,0.01,0.01,0.0,0.0,78443.97,1776860042000
1776860043.512,243.512,0.99,0.99,0.01,0.01,0.0,0.0,78443.97,1776860042000
1776860044.059,244.059,0.99,0.99,0.01,0.01,0.0,0.0,78443.97,1776860042000
1776860044.424,244.424,0.99,0.99,0.01,0.01,0.0,0.0,78442.59,1776860043000
1776860044.92,244.92,0.99,0.99,0.01,0.01,0.0,0.0,78442.59,1776860043000
1776860045.683,245.683,0.99,0.99,0.01,0.01,0.0,0.0,78441.78,1776860044000
1776860046.023,246.023,0.99,0.99,0.01,0.01,0.0,0.0,78439.89,1776860045000
1776860046.426,246.426,0.99,0.99,0.01,0.01,0.0,0.0,78439.89,1776860045000
1776860046.804,246.804,0.99,0.99,0.01,0.01,0.0,0.0,78439.89,1776860045000
1776860047.425,247.425,0.99,0.99,0.01,0.01,0.0,0.0,78439.89,1776860045000
1776860047.94,247.94,0.99,0.99,0.01,0.01,0.0,0.0,78439.89,1776860045000
1776860048.619,248.619,0.99,0.99,0.01,0.01,0.0,0.0,78439.96,1776860047000
1776860048.964,248.964,0.99,0.99,0.01,0.01,0.0,0.0,78441.18,1776860048000
1776860049.442,249.442,0.99,0.99,0.01,0.01,0.0,0.0,78441.18,1776860048000
1776860049.813,249.813,0.99,0.99,0.01,0.01,0.0,0.0,78441.18,1776860048000
1776860050.649,250.649,0.99,0.99,0.01,0.01,0.0,0.0,78439.25,1776860049000
1776860051.169,251.169,0.99,0.99,0.01,0.01,0.0,0.0,78436.11,1776860050000
1776860051.797,251.797,0.99,0.99,0.01,0.01,0.0,0.0,78436.11,1776860050000
1776860052.227,252.227,0.99,0.99,0.01,0.01,0.0,0.0,78436.11,1776860051000
1776860053.35,253.35,0.99,0.99,0.01,0.01,0.0,0.0,78437.12,1776860052000
1776860053.9,253.9,0.98,0.99,0.01,0.02,0.01,0.01,78437.12,1776860052000
1776860054.281,254.281,0.98,0.99,0.01,0.02,0.01,0.01,78437.12,1776860052000
1776860054.623,254.623,0.98,0.99,0.01,0.02,0.01,0.01,78437.53,1776860053000
1776860055.033,255.033,0.98,0.99,0.01,0.02,0.01,0.01,78437.53,1776860053000
1776860055.38,255.38,0.98,0.99,0.01,0.02,0.01,0.01,78436.29,1776860054000
1776860055.798,255.798,0.98,0.99,0.01,0.02,0.01,0.01,78436.29,1776860054000
1776860056.162,256.162,0.98,0.99,0.01,0.02,0.01,0.01,78436.29,1776860054000
1776860056.507,256.507,0.98,0.99,0.01,0.02,0.01,0.01,78436.29,1776860054000
1776860056.884,256.884,0.98,0.99,0.01,0.02,0.01,0.01,78431.02,1776860055000
1776860057.253,257.253,0.99,0.99,0.01,0.02,0.0,0.01,78430.89,1776860056000
1776860057.612,257.612,0.99,0.99,0.01,0.03,0.0,0.02,78430.89,1776860056000
1776860058.004,258.004,0.98,0.99,0.01,0.02,0.01,0.01,78430.89,1776860056000
1776860058.343,258.343,0.97,0.98,0.02,0.03,0.01,0.01,78417.99,1776860057000
1776860058.703,258.703,0.98,0.99,0.01,0.02,0.01,0.01,78417.99,1776860057000
1776860059.153,259.153,0.98,0.99,0.01,0.02,0.01,0.01,78417.99,1776860057000
1776860059.656,259.656,0.97,0.98,0.02,0.03,0.01,0.01,78414.59,1776860058000
1776860060.044,260.044,0.97,0.99,0.02,0.03,0.02,0.01,78414.59,1776860058000
1776860060.38,260.38,0.98,0.99,0.01,0.02,0.01,0.01,78414.59,1776860059000
1776860060.89,260.89,0.98,0.99,0.01,0.03,0.01,0.02,78414.59,1776860059000
1776860061.229,261.229,0.97,0.98,0.01,0.03,0.01,0.02,78414.96,1776860060000
1776860061.58,261.58,0.97,0.98,0.02,0.03,0.01,0.01,78414.96,1776860060000
1776860061.925,261.925,0.97,0.98,0.02,0.03,0.01,0.01,78414.96,1776860060000
1776860062.343,262.343,0.97,0.98,0.02,0.03,0.01,0.01,78414.66,1776860061000
1776860062.744,262.744,0.97,0.98,0.02,0.03,0.01,0.01,78414.66,1776860061000
1776860063.136,263.136,0.97,0.98,0.02,0.03,0.01,0.01,78414.66,1776860062000
1776860063.619,263.619,0.97,0.98,0.02,0.03,0.01,0.01,78414.66,1776860062000
1776860064.044,264.044,0.97,0.98,0.02,0.03,0.01,0.01,78414.66,1776860062000
1776860064.548,264.548,0.97,0.98,0.02,0.03,0.01,0.01,78415.61,1776860063000
1776860065.119,265.119,0.96,0.97,0.03,0.04,0.01,0.01,78415.61,1776860063000
1776860065.461,265.461,0.96,0.97,0.03,0.04,0.01,0.01,78416.06,1776860064000
1776860065.798,265.798,0.96,0.97,0.03,0.04,0.01,0.01,78416.06,1776860064000
1776860066.146,266.146,0.96,0.97,0.03,0.04,0.01,0.01,78416.53,1776860065000
1776860066.515,266.515,0.96,0.97,0.03,0.04,0.01,0.01,78416.53,1776860065000
1776860066.89,266.89,0.96,0.97,0.03,0.04,0.01,0.01,78416.53,1776860065000
1776860067.255,267.255,0.96,0.97,0.03,0.04,0.01,0.01,78416.53,1776860066000
1776860067.63,267.63,0.96,0.97,0.03,0.04,0.01,0.01,78416.53,1776860066000
1776860068.04,268.04,0.96,0.97,0.03,0.04,0.01,0.01,78416.53,1776860066000
1776860068.453,268.453,0.96,0.97,0.03,0.04,0.01,0.01,78416.48,1776860067000
1776860068.873,268.873,0.96,0.97,0.03,0.04,0.01,0.01,78416.48,1776860067000
1776860069.379,269.379,0.96,0.97,0.03,0.04,0.01,0.01,78412.4,1776860068000
1776860069.797,269.797,0.97,0.98,0.03,0.04,0.01,0.01,78412.4,1776860068000
1776860070.143,270.143,0.97,0.98,0.02,0.03,0.01,0.01,78411.14,1776860069000
1776860070.509,270.509,0.97,0.98,0.02,0.03,0.01,0.01,78411.14,1776860069000
1776860070.865,270.865,0.97,0.98,0.02,0.03,0.01,0.01,78411.14,1776860069000
1776860071.218,271.218,0.98,0.99,0.01,0.02,0.01,0.01,78410.92,1776860070000
1776860071.561,271.561,0.98,0.99,0.01,0.02,0.01,0.01,78410.92,1776860070000
1776860072.049,272.049,0.98,0.99,0.01,0.02,0.01,0.01,78411.29,1776860071000
1776860072.384,272.384,0.98,0.99,0.01,0.02,0.01,0.01,78411.29,1776860071000
1776860072.817,272.817,0.98,0.99,0.01,0.02,0.01,0.01,78411.29,1776860071000
1776860073.328,273.328,0.98,0.99,0.01,0.02,0.01,0.01,78411.29,1776860071000
1776860073.977,273.977,0.98,0.99,0.01,0.02,0.01,0.01,78413.01,1776860073000
1776860074.54,274.54,0.98,0.99,0.01,0.02,0.01,0.01,78413.01,1776860073000
1776860075.562,275.562,0.99,0.99,0.01,0.01,0.0,0.0,78415.86,1776860074000
1776860076.161,276.161,0.99,0.99,0.01,0.01,0.0,0.0,78415.86,1776860074000
1776860076.582,276.582,0.99,0.99,0.01,0.01,0.0,0.0,78418.88,1776860075000
1776860077.157,277.157,0.99,0.99,0.01,0.01,0.0,0.0,78418.88,1776860075000
1776860077.514,277.514,0.99,0.99,0.01,0.01,0.0,0.0,78418.88,1776860075000
1776860077.95,277.95,0.99,0.99,0.01,0.01,0.0,0.0,78434.63,1776860077000
1776860078.361,278.361,0.99,0.99,0.01,0.01,0.0,0.0,78434.63,1776860077000
1776860079.198,279.198,0.99,0.99,0.01,0.01,0.0,0.0,78438.78,1776860078000
1776860079.746,279.746,0.99,0.99,0.01,0.01,0.0,0.0,78438.78,1776860078000
1776860080.302,280.302,0.99,0.99,0.01,0.01,0.0,0.0,78440.48,1776860079000
1776860080.721,280.721,0.99,0.99,0.01,0.01,0.0,0.0,78440.48,1776860079000
1776860081.651,281.651,0.99,0.99,0.01,0.01,0.0,0.0,78440.75,1776860080000
1776860082.01,282.01,0.99,0.99,0.01,0.01,0.0,0.0,78440.33,1776860081000
1776860083.15,283.15,0.99,0.99,0.01,0.01,0.0,0.0,78437.86,1776860082000
1776860084.386,284.386,0.99,0.99,0.01,0.01,0.0,0.0,78437.08,1776860083000
1776860084.974,284.974,0.99,0.99,0.01,0.01,0.0,0.0,78436.82,1776860084000
1776860085.973,285.973,0.99,0.99,0.01,0.01,0.0,0.0,78437.5,1776860085000
1776860087.228,287.228,0.99,0.99,0.01,0.01,0.0,0.0,78436.85,1776860086000
1776860088.513,288.513,0.99,0.99,0.01,0.01,0.0,0.0,78436.6,1776860087000
1776860088.915,288.915,0.99,0.99,0.01,0.01,0.0,0.0,78436.6,1776860087000
1776860090.93,290.93,0.99,0.99,0.01,0.01,0.0,0.0,78436.57,1776860088000
1776860091.452,291.452,0.99,0.99,0.01,0.01,0.0,0.0,78435.76,1776860089000
1776860092.154,292.154,0.99,0.99,0.01,0.01,0.0,0.0,78435.4,1776860091000
1776860093.602,293.602,0.99,0.99,0.01,0.01,0.0,0.0,78435.4,1776860091000
1776860094.397,294.397,0.99,0.99,0.01,0.01,0.0,0.0,78441.98,1776860093000
1776860094.847,294.847,0.99,0.99,0.01,0.01,0.0,0.0,78441.98,1776860093000
1776860096.342,296.342,0.99,0.99,0.01,0.01,0.0,0.0,78454.28,1776860095000
1776860097.06,297.06,0.99,0.99,0.01,0.01,0.0,0.0,78454.28,1776860095000
1776860097.409,297.409,0.99,0.99,0.01,0.01,0.0,0.0,78454.81,1776860096000
1776860098.484,298.484,0.99,0.99,0.01,0.01,0.0,0.0,78456.86,1776860097000
1776860099.015,299.015,0.99,0.99,0.01,0.01,0.0,0.0,78458.61,1776860098000
1776860100.347,300.347,0.99,0.99,0.01,0.01,0.0,0.0,78458.61,1776860098000
1776860100.802,300.802,0.99,0.99,0.01,0.01,0.0,0.0,78456.98,1776860099000

# RESULT,winner=Up,slug=btc-updown-5m-1776859800,ticks=637
