timestamp,elapsed_sec,up_bid,up_ask,down_bid,down_ask,up_spread,down_spread,btc_price,btc_oracle_ts
1776355200.546,0.546,0.46,0.47,0.52,0.54,0.01,0.02,74709.0,1776355199000
1776355201.022,1.022,0.52,0.57,0.43,0.45,0.05,0.02,74709.0,1776355199000
1776355201.463,1.463,0.59,0.6,0.4,0.41,0.01,0.01,74710.81,1776355200000
1776355201.836,1.836,0.59,0.6,0.4,0.41,0.01,0.01,74710.81,1776355200000
1776355202.21,2.21,0.58,0.6,0.4,0.41,0.02,0.01,74710.81,1776355200000
1776355202.563,2.563,0.59,0.6,0.4,0.41,0.01,0.01,74723.09,1776355201000
1776355202.897,2.897,0.58,0.59,0.41,0.42,0.01,0.01,74723.09,1776355201000
1776355203.262,3.262,0.59,0.6,0.41,0.42,0.01,0.01,74730.93,1776355202000
1776355203.604,3.604,0.59,0.6,0.4,0.41,0.01,0.01,74730.93,1776355202000
1776355204.235,4.235,0.59,0.6,0.4,0.41,0.01,0.01,74730.93,1776355202000
1776355204.689,4.689,0.55,0.56,0.44,0.45,0.01,0.01,74737.15,1776355203000
1776355205.034,5.034,0.55,0.56,0.44,0.45,0.01,0.01,74735.36,1776355204000
1776355205.411,5.411,0.55,0.56,0.44,0.45,0.01,0.01,74735.36,1776355204000
1776355205.794,5.794,0.55,0.56,0.44,0.45,0.01,0.01,74735.36,1776355204000
1776355206.184,6.184,0.57,0.58,0.42,0.43,0.01,0.01,74733.46,1776355205000
1776355206.833,6.833,0.56,0.58,0.42,0.43,0.02,0.01,74733.46,1776355205000
1776355207.205,7.205,0.55,0.57,0.43,0.45,0.02,0.02,74725.61,1776355206000
1776355207.545,7.545,0.55,0.56,0.44,0.45,0.01,0.01,74725.61,1776355206000
1776355207.878,7.878,0.55,0.56,0.44,0.45,0.01,0.01,74725.61,1776355206000
1776355208.347,8.347,0.55,0.56,0.44,0.45,0.01,0.01,74725.61,1776355206000
1776355208.79,8.79,0.55,0.56,0.44,0.45,0.01,0.01,74728.74,1776355207000
1776355209.194,9.194,0.55,0.56,0.44,0.45,0.01,0.01,74728.16,1776355208000
1776355209.576,9.576,0.55,0.56,0.44,0.45,0.01,0.01,74728.16,1776355208000
1776355209.913,9.913,0.55,0.56,0.44,0.45,0.01,0.01,74728.16,1776355208000
1776355210.316,10.316,0.55,0.56,0.44,0.45,0.01,0.01,74726.44,1776355209000
1776355210.818,10.818,0.55,0.56,0.44,0.45,0.01,0.01,74726.44,1776355209000
1776355211.232,11.232,0.55,0.56,0.44,0.45,0.01,0.01,74726.44,1776355209000
1776355211.576,11.576,0.55,0.56,0.44,0.45,0.01,0.01,74724.91,1776355210000
1776355211.914,11.914,0.55,0.56,0.44,0.45,0.01,0.01,74724.91,1776355210000
1776355212.33,12.33,0.55,0.57,0.44,0.45,0.02,0.01,74724.91,1776355210000
1776355212.713,12.713,0.55,0.57,0.43,0.44,0.02,0.01,74722.18,1776355211000
1776355213.052,13.052,0.55,0.56,0.44,0.45,0.01,0.01,74722.18,1776355211000
1776355213.604,13.604,0.55,0.56,0.44,0.45,0.01,0.01,74722.18,1776355212000
1776355213.973,13.973,0.55,0.56,0.44,0.45,0.01,0.01,74722.18,1776355212000
1776355214.429,14.429,0.55,0.56,0.44,0.45,0.01,0.01,74724.53,1776355213000
1776355214.772,14.772,0.55,0.56,0.44,0.45,0.01,0.01,74724.53,1776355213000
1776355215.168,15.168,0.55,0.56,0.44,0.45,0.01,0.01,74724.53,1776355213000
1776355215.566,15.566,0.55,0.56,0.44,0.45,0.01,0.01,74724.75,1776355214000
1776355215.927,15.927,0.55,0.56,0.44,0.45,0.01,0.01,74724.75,1776355214000
1776355216.467,16.467,0.55,0.56,0.44,0.45,0.01,0.01,74724.74,1776355215000
1776355216.953,16.953,0.55,0.56,0.44,0.45,0.01,0.01,74724.74,1776355215000
1776355217.315,17.315,0.55,0.56,0.44,0.45,0.01,0.01,74724.74,1776355215000
1776355217.659,17.659,0.55,0.56,0.44,0.45,0.01,0.01,74724.74,1776355215000
1776355218.007,18.007,0.55,0.56,0.44,0.45,0.01,0.01,74725.28,1776355216000
1776355218.427,18.427,0.55,0.56,0.44,0.45,0.01,0.01,74725.28,1776355216000
1776355219.008,19.008,0.58,0.59,0.42,0.43,0.01,0.01,74725.27,1776355217000
1776355219.342,19.342,0.58,0.59,0.41,0.42,0.01,0.01,74724.89,1776355218000
1776355219.721,19.721,0.58,0.59,0.41,0.42,0.01,0.01,74724.89,1776355218000
1776355220.059,20.059,0.58,0.59,0.41,0.42,0.01,0.01,74726.07,1776355219000
1776355220.42,20.42,0.58,0.59,0.41,0.42,0.01,0.01,74726.07,1776355219000
1776355220.76,20.76,0.58,0.59,0.41,0.42,0.01,0.01,74726.07,1776355219000
1776355221.121,21.121,0.56,0.57,0.42,0.44,0.01,0.02,74726.07,1776355219000
1776355221.546,21.546,0.55,0.56,0.43,0.45,0.01,0.02,74732.56,1776355220000
1776355222.03,22.03,0.55,0.56,0.44,0.45,0.01,0.01,74732.56,1776355220000
1776355223.286,23.286,0.55,0.56,0.44,0.45,0.01,0.01,74736.0,1776355221000
1776355223.844,23.844,0.55,0.56,0.44,0.45,0.01,0.01,74727.55,1776355222000
1776355224.226,24.226,0.55,0.56,0.44,0.45,0.01,0.01,74727.55,1776355222000
1776355224.6,24.6,0.55,0.56,0.44,0.45,0.01,0.01,74727.55,1776355222000
1776355225.153,25.153,0.55,0.56,0.44,0.45,0.01,0.01,74726.2,1776355223000
1776355225.522,25.522,0.55,0.56,0.44,0.45,0.01,0.01,74726.2,1776355224000
1776355225.892,25.892,0.55,0.56,0.44,0.45,0.01,0.01,74726.2,1776355224000
1776355226.229,26.229,0.55,0.56,0.44,0.45,0.01,0.01,74724.48,1776355225000
1776355226.589,26.589,0.55,0.56,0.44,0.45,0.01,0.01,74724.48,1776355225000
1776355227.172,27.172,0.55,0.56,0.44,0.45,0.01,0.01,74724.48,1776355225000
1776355227.94,27.94,0.55,0.56,0.44,0.45,0.01,0.01,74724.48,1776355226000
1776355228.283,28.283,0.55,0.56,0.44,0.45,0.01,0.01,74724.48,1776355226000
1776355228.617,28.617,0.55,0.56,0.44,0.45,0.01,0.01,74724.48,1776355226000
1776355228.954,28.954,0.55,0.56,0.44,0.45,0.01,0.01,74718.27,1776355227000
1776355229.456,29.456,0.55,0.56,0.44,0.45,0.01,0.01,74720.32,1776355228000
1776355229.957,29.957,0.55,0.56,0.44,0.45,0.01,0.01,74720.32,1776355228000
1776355230.418,30.418,0.55,0.56,0.44,0.45,0.01,0.01,74724.34,1776355229000
1776355230.951,30.951,0.55,0.56,0.44,0.45,0.01,0.01,74724.34,1776355229000
1776355231.462,31.462,0.55,0.56,0.44,0.45,0.01,0.01,74728.95,1776355230000
1776355231.923,31.923,0.55,0.56,0.44,0.45,0.01,0.01,74728.95,1776355230000
1776355232.677,32.677,0.56,0.57,0.43,0.44,0.01,0.01,74726.24,1776355231000
1776355233.102,33.102,0.57,0.59,0.41,0.43,0.02,0.02,74726.24,1776355231000
1776355233.448,33.448,0.58,0.59,0.41,0.42,0.01,0.01,74726.24,1776355231000
1776355233.886,33.886,0.58,0.59,0.41,0.42,0.01,0.01,74726.24,1776355231000
1776355234.221,34.221,0.58,0.59,0.41,0.42,0.01,0.01,74725.87,1776355233000
1776355234.734,34.734,0.58,0.59,0.41,0.42,0.01,0.01,74725.87,1776355233000
1776355235.129,35.129,0.58,0.59,0.41,0.42,0.01,0.01,74725.87,1776355233000
1776355235.547,35.547,0.58,0.59,0.41,0.42,0.01,0.01,74725.87,1776355233000
1776355236.237,36.237,0.58,0.59,0.41,0.42,0.01,0.01,74740.98,1776355234000
1776355236.71,36.71,0.58,0.59,0.41,0.42,0.01,0.01,74740.76,1776355235000
1776355237.056,37.056,0.58,0.59,0.41,0.42,0.01,0.01,74740.76,1776355235000
1776355237.491,37.491,0.58,0.59,0.41,0.42,0.01,0.01,74740.74,1776355236000
1776355237.92,37.92,0.58,0.59,0.41,0.42,0.01,0.01,74741.94,1776355237000
1776355238.279,38.279,0.58,0.59,0.41,0.42,0.01,0.01,74741.94,1776355237000
1776355238.713,38.713,0.58,0.59,0.41,0.42,0.01,0.01,74741.94,1776355237000
1776355239.052,39.052,0.58,0.59,0.41,0.42,0.01,0.01,74746.06,1776355238000
1776355239.495,39.495,0.58,0.59,0.41,0.42,0.01,0.01,74746.06,1776355238000
1776355239.861,39.861,0.58,0.59,0.41,0.42,0.01,0.01,74746.06,1776355238000
1776355240.284,40.284,0.58,0.59,0.41,0.42,0.01,0.01,74747.59,1776355239000
1776355240.685,40.685,0.58,0.59,0.41,0.42,0.01,0.01,74747.59,1776355239000
1776355241.135,41.135,0.58,0.59,0.41,0.42,0.01,0.01,74747.59,1776355239000
1776355241.512,41.512,0.58,0.59,0.41,0.42,0.01,0.01,74746.47,1776355240000
1776355241.892,41.892,0.58,0.59,0.41,0.42,0.01,0.01,74746.47,1776355240000
1776355242.301,42.301,0.58,0.59,0.41,0.42,0.01,0.01,74746.47,1776355240000
1776355242.763,42.763,0.58,0.59,0.41,0.42,0.01,0.01,74747.74,1776355241000
1776355243.242,43.242,0.58,0.59,0.41,0.42,0.01,0.01,74746.87,1776355242000
1776355243.732,43.732,0.58,0.59,0.41,0.42,0.01,0.01,74746.87,1776355242000
1776355244.166,44.166,0.58,0.59,0.41,0.42,0.01,0.01,74746.87,1776355242000
1776355244.597,44.597,0.58,0.59,0.41,0.42,0.01,0.01,74745.94,1776355243000
1776355245.116,45.116,0.58,0.59,0.41,0.42,0.01,0.01,74745.94,1776355243000
1776355245.473,45.473,0.58,0.59,0.41,0.42,0.01,0.01,74744.59,1776355244000
1776355245.85,45.85,0.58,0.59,0.41,0.42,0.01,0.01,74744.59,1776355244000
1776355246.344,46.344,0.58,0.59,0.41,0.42,0.01,0.01,74744.58,1776355245000
1776355246.725,46.725,0.58,0.59,0.41,0.42,0.01,0.01,74744.58,1776355245000
1776355247.077,47.077,0.58,0.59,0.41,0.42,0.01,0.01,74744.58,1776355245000
1776355247.508,47.508,0.58,0.59,0.41,0.42,0.01,0.01,74743.24,1776355246000
1776355247.989,47.989,0.58,0.59,0.41,0.42,0.01,0.01,74743.24,1776355246000
1776355248.435,48.435,0.58,0.59,0.41,0.42,0.01,0.01,74743.59,1776355247000
1776355249.122,49.122,0.58,0.59,0.41,0.42,0.01,0.01,74743.59,1776355247000
1776355249.497,49.497,0.58,0.59,0.41,0.42,0.01,0.01,74758.56,1776355248000
1776355250.224,50.224,0.58,0.59,0.41,0.42,0.01,0.01,74759.41,1776355249000
1776355250.868,50.868,0.58,0.59,0.41,0.42,0.01,0.01,74759.41,1776355249000
1776355251.249,51.249,0.58,0.59,0.41,0.42,0.01,0.01,74759.41,1776355249000
1776355251.681,51.681,0.58,0.59,0.41,0.42,0.01,0.01,74764.85,1776355250000
1776355252.071,52.071,0.58,0.59,0.41,0.42,0.01,0.01,74764.85,1776355250000
1776355252.424,52.424,0.58,0.59,0.41,0.42,0.01,0.01,74764.85,1776355250000
1776355252.961,52.961,0.58,0.59,0.41,0.42,0.01,0.01,74767.77,1776355251000
1776355253.429,53.429,0.58,0.59,0.41,0.42,0.01,0.01,74768.1,1776355252000
1776355253.9,53.9,0.58,0.59,0.41,0.42,0.01,0.01,74768.1,1776355252000
1776355254.333,54.333,0.58,0.59,0.41,0.42,0.01,0.01,74768.1,1776355252000
1776355254.674,54.674,0.58,0.59,0.41,0.42,0.01,0.01,74773.71,1776355253000
1776355255.049,55.049,0.58,0.59,0.41,0.42,0.01,0.01,74774.27,1776355254000
1776355255.647,55.647,0.58,0.59,0.41,0.42,0.01,0.01,74774.27,1776355254000
1776355256.001,56.001,0.58,0.59,0.41,0.42,0.01,0.01,74774.27,1776355254000
1776355256.425,56.425,0.58,0.59,0.41,0.42,0.01,0.01,74774.27,1776355254000
1776355256.824,56.824,0.58,0.59,0.41,0.42,0.01,0.01,74772.82,1776355255000
1776355257.157,57.157,0.58,0.59,0.41,0.42,0.01,0.01,74772.82,1776355255000
1776355257.512,57.512,0.58,0.59,0.41,0.42,0.01,0.01,74772.94,1776355256000
1776355257.853,57.853,0.58,0.59,0.41,0.42,0.01,0.01,74772.94,1776355256000
1776355258.298,58.298,0.58,0.59,0.41,0.42,0.01,0.01,74772.94,1776355256000
1776355258.636,58.636,0.58,0.59,0.41,0.42,0.01,0.01,74772.89,1776355257000
1776355259.059,59.059,0.58,0.59,0.41,0.42,0.01,0.01,74772.89,1776355257000
1776355259.499,59.499,0.58,0.59,0.41,0.42,0.01,0.01,74770.89,1776355258000
1776355260.003,60.003,0.58,0.59,0.41,0.42,0.01,0.01,74770.89,1776355258000
1776355260.339,60.339,0.58,0.59,0.41,0.42,0.01,0.01,74768.14,1776355259000
1776355260.676,60.676,0.58,0.59,0.41,0.42,0.01,0.01,74768.14,1776355259000
1776355261.274,61.274,0.58,0.59,0.41,0.42,0.01,0.01,74768.14,1776355259000
1776355261.718,61.718,0.58,0.59,0.41,0.42,0.01,0.01,74767.43,1776355260000
1776355262.053,62.053,0.58,0.59,0.41,0.42,0.01,0.01,74767.43,1776355260000
1776355262.508,62.508,0.58,0.59,0.41,0.42,0.01,0.01,74767.42,1776355261000
1776355262.888,62.888,0.58,0.59,0.41,0.42,0.01,0.01,74767.42,1776355261000
1776355263.348,63.348,0.58,0.59,0.41,0.42,0.01,0.01,74767.42,1776355261000
1776355263.75,63.75,0.58,0.59,0.41,0.42,0.01,0.01,74770.08,1776355262000
1776355264.239,64.239,0.58,0.59,0.41,0.42,0.01,0.01,74770.48,1776355263000
1776355264.589,64.589,0.58,0.59,0.41,0.42,0.01,0.01,74770.48,1776355263000
1776355264.928,64.928,0.58,0.59,0.41,0.42,0.01,0.01,74770.48,1776355263000
1776355265.29,65.29,0.58,0.59,0.41,0.42,0.01,0.01,74770.48,1776355263000
1776355265.716,65.716,0.58,0.59,0.41,0.42,0.01,0.01,74769.68,1776355264000
1776355266.049,66.049,0.58,0.59,0.41,0.42,0.01,0.01,74769.68,1776355264000
1776355266.397,66.397,0.58,0.59,0.41,0.42,0.01,0.01,74768.58,1776355265000
1776355266.795,66.795,0.58,0.59,0.41,0.42,0.01,0.01,74768.58,1776355265000
1776355267.214,67.214,0.58,0.59,0.41,0.42,0.01,0.01,74768.58,1776355265000
1776355267.578,67.578,0.58,0.59,0.41,0.42,0.01,0.01,74760.5,1776355266000
1776355267.954,67.954,0.58,0.59,0.41,0.42,0.01,0.01,74760.5,1776355266000
1776355268.442,68.442,0.58,0.59,0.41,0.42,0.01,0.01,74749.67,1776355267000
1776355269.0,69.0,0.58,0.59,0.41,0.42,0.01,0.01,74749.67,1776355267000
1776355269.626,69.626,0.58,0.59,0.41,0.42,0.01,0.01,74750.3,1776355268000
1776355269.991,69.991,0.58,0.59,0.41,0.42,0.01,0.01,74750.3,1776355268000
1776355270.424,70.424,0.58,0.59,0.41,0.42,0.01,0.01,74758.74,1776355269000
1776355270.784,70.784,0.58,0.59,0.41,0.42,0.01,0.01,74758.74,1776355269000
1776355271.168,71.168,0.58,0.59,0.41,0.42,0.01,0.01,74758.74,1776355269000
1776355271.516,71.516,0.58,0.59,0.41,0.42,0.01,0.01,74759.15,1776355270000
1776355271.918,71.918,0.58,0.59,0.41,0.42,0.01,0.01,74759.15,1776355270000
1776355272.274,72.274,0.58,0.59,0.41,0.42,0.01,0.01,74759.15,1776355270000
1776355272.908,72.908,0.58,0.59,0.41,0.42,0.01,0.01,74759.16,1776355272000
1776355273.931,73.931,0.58,0.59,0.41,0.42,0.01,0.01,74759.16,1776355272000
1776355274.631,74.631,0.58,0.59,0.41,0.42,0.01,0.01,74757.08,1776355273000
1776355274.998,74.998,0.58,0.59,0.41,0.42,0.01,0.01,74757.08,1776355273000
1776355275.346,75.346,0.58,0.59,0.41,0.42,0.01,0.01,74756.69,1776355274000
1776355275.717,75.717,0.58,0.59,0.41,0.42,0.01,0.01,74756.69,1776355274000
1776355276.058,76.058,0.58,0.59,0.41,0.42,0.01,0.01,74756.69,1776355274000
1776355276.432,76.432,0.58,0.59,0.41,0.42,0.01,0.01,74749.3,1776355275000
1776355276.793,76.793,0.58,0.59,0.41,0.42,0.01,0.01,74749.3,1776355275000
1776355277.13,77.13,0.58,0.59,0.41,0.42,0.01,0.01,74748.49,1776355276000
1776355277.49,77.49,0.58,0.59,0.41,0.42,0.01,0.01,74748.49,1776355276000
1776355277.92,77.92,0.58,0.59,0.41,0.42,0.01,0.01,74748.49,1776355276000
1776355278.743,78.743,0.58,0.59,0.41,0.42,0.01,0.01,74743.22,1776355277000
1776355279.089,79.089,0.58,0.59,0.41,0.42,0.01,0.01,74743.22,1776355277000
1776355279.471,79.471,0.58,0.59,0.41,0.42,0.01,0.01,74739.59,1776355278000
1776355279.805,79.805,0.58,0.59,0.41,0.42,0.01,0.01,74739.59,1776355278000
1776355280.149,80.149,0.58,0.59,0.41,0.42,0.01,0.01,74739.59,1776355278000
1776355280.512,80.512,0.58,0.59,0.41,0.42,0.01,0.01,74732.7,1776355279000
1776355280.939,80.939,0.58,0.59,0.41,0.42,0.01,0.01,74732.7,1776355279000
1776355281.284,81.284,0.58,0.59,0.41,0.42,0.01,0.01,74732.7,1776355279000
1776355281.667,81.667,0.58,0.59,0.41,0.42,0.01,0.01,74732.7,1776355279000
1776355282.003,82.003,0.58,0.59,0.41,0.42,0.01,0.01,74732.7,1776355279000
1776355282.38,82.38,0.58,0.59,0.41,0.42,0.01,0.01,74729.85,1776355280000
1776355282.823,82.823,0.58,0.59,0.41,0.42,0.01,0.01,74729.85,1776355280000
1776355283.18,83.18,0.58,0.59,0.41,0.42,0.01,0.01,74729.14,1776355281000
1776355283.522,83.522,0.58,0.59,0.41,0.42,0.01,0.01,74729.14,1776355281000
1776355283.868,83.868,0.58,0.59,0.41,0.42,0.01,0.01,74722.77,1776355282000
1776355284.23,84.23,0.58,0.59,0.41,0.42,0.01,0.01,74722.77,1776355282000
1776355284.582,84.582,0.58,0.59,0.41,0.42,0.01,0.01,74721.45,1776355283000
1776355285.163,85.163,0.58,0.59,0.41,0.42,0.01,0.01,74721.45,1776355283000
1776355285.536,85.536,0.58,0.59,0.41,0.42,0.01,0.01,74721.45,1776355283000
1776355285.892,85.892,0.58,0.59,0.41,0.42,0.01,0.01,74721.45,1776355283000
1776355286.482,86.482,0.58,0.59,0.41,0.42,0.01,0.01,74721.29,1776355285000
1776355286.816,86.816,0.58,0.59,0.41,0.42,0.01,0.01,74721.29,1776355285000
1776355287.151,87.151,0.58,0.59,0.41,0.42,0.01,0.01,74721.29,1776355285000
1776355287.484,87.484,0.58,0.59,0.41,0.42,0.01,0.01,74721.29,1776355285000
1776355287.845,87.845,0.58,0.59,0.41,0.42,0.01,0.01,74717.35,1776355286000
1776355288.179,88.179,0.58,0.59,0.41,0.42,0.01,0.01,74722.33,1776355287000
1776355288.543,88.543,0.58,0.59,0.41,0.42,0.01,0.01,74722.33,1776355287000
1776355288.881,88.881,0.58,0.59,0.41,0.42,0.01,0.01,74722.33,1776355287000
1776355289.26,89.26,0.58,0.59,0.41,0.42,0.01,0.01,74722.33,1776355287000
1776355289.627,89.627,0.58,0.59,0.41,0.42,0.01,0.01,74738.07,1776355288000
1776355289.969,89.969,0.58,0.59,0.41,0.42,0.01,0.01,74738.07,1776355288000
1776355290.338,90.338,0.58,0.59,0.41,0.42,0.01,0.01,74739.73,1776355289000
1776355290.687,90.687,0.58,0.59,0.41,0.42,0.01,0.01,74739.73,1776355289000
1776355291.023,91.023,0.58,0.59,0.41,0.42,0.01,0.01,74739.73,1776355289000
1776355291.364,91.364,0.58,0.59,0.41,0.42,0.01,0.01,74739.73,1776355289000
1776355291.76,91.76,0.58,0.59,0.41,0.42,0.01,0.01,74739.66,1776355290000
1776355292.178,92.178,0.58,0.59,0.41,0.42,0.01,0.01,74739.66,1776355290000
1776355292.594,92.594,0.58,0.59,0.41,0.42,0.01,0.01,74737.82,1776355291000
1776355292.944,92.944,0.58,0.59,0.41,0.42,0.01,0.01,74737.82,1776355291000
1776355293.373,93.373,0.58,0.59,0.41,0.42,0.01,0.01,74737.82,1776355291000
1776355293.749,93.749,0.58,0.59,0.41,0.42,0.01,0.01,74742.86,1776355292000
1776355294.125,94.125,0.58,0.59,0.41,0.42,0.01,0.01,74742.86,1776355292000
1776355294.467,94.467,0.58,0.59,0.41,0.42,0.01,0.01,74745.76,1776355293000
1776355294.879,94.879,0.58,0.59,0.41,0.42,0.01,0.01,74745.76,1776355293000
1776355295.398,95.398,0.58,0.59,0.41,0.42,0.01,0.01,74746.03,1776355294000
1776355295.756,95.756,0.58,0.59,0.41,0.42,0.01,0.01,74746.03,1776355294000
1776355296.234,96.234,0.58,0.59,0.41,0.42,0.01,0.01,74746.03,1776355294000
1776355296.616,96.616,0.58,0.59,0.41,0.42,0.01,0.01,74746.83,1776355295000
1776355296.99,96.99,0.58,0.59,0.41,0.42,0.01,0.01,74746.83,1776355295000
1776355297.404,97.404,0.58,0.59,0.41,0.42,0.01,0.01,74755.21,1776355296000
1776355297.853,97.853,0.58,0.59,0.41,0.42,0.01,0.01,74755.21,1776355296000
1776355298.195,98.195,0.58,0.59,0.41,0.42,0.01,0.01,74755.21,1776355296000
1776355298.596,98.596,0.58,0.59,0.41,0.42,0.01,0.01,74765.48,1776355297000
1776355298.987,98.987,0.58,0.59,0.41,0.42,0.01,0.01,74765.48,1776355297000
1776355299.554,99.554,0.58,0.59,0.41,0.42,0.01,0.01,74766.81,1776355298000
1776355300.043,100.043,0.58,0.59,0.41,0.42,0.01,0.01,74766.81,1776355298000
1776355300.397,100.397,0.58,0.59,0.41,0.42,0.01,0.01,74766.81,1776355298000
1776355300.946,100.946,0.58,0.59,0.41,0.42,0.01,0.01,74771.01,1776355299000
1776355301.352,101.352,0.58,0.59,0.41,0.42,0.01,0.01,74775.57,1776355300000
1776355301.784,101.784,0.58,0.59,0.41,0.42,0.01,0.01,74775.57,1776355300000
1776355302.179,102.179,0.58,0.59,0.41,0.42,0.01,0.01,74775.57,1776355300000
1776355302.57,102.57,0.58,0.59,0.41,0.42,0.01,0.01,74776.51,1776355301000
1776355303.019,103.019,0.58,0.59,0.41,0.42,0.01,0.01,74776.51,1776355301000
1776355303.564,103.564,0.58,0.59,0.41,0.42,0.01,0.01,74775.95,1776355302000
1776355304.308,104.308,0.58,0.59,0.41,0.42,0.01,0.01,74775.95,1776355302000
1776355304.644,104.644,0.58,0.59,0.41,0.42,0.01,0.01,74775.63,1776355303000
1776355305.121,105.121,0.58,0.59,0.41,0.42,0.01,0.01,74775.63,1776355303000
1776355305.574,105.574,0.58,0.59,0.41,0.42,0.01,0.01,74776.44,1776355304000
1776355306.095,106.095,0.58,0.59,0.41,0.42,0.01,0.01,74776.44,1776355304000
1776355306.452,106.452,0.58,0.59,0.41,0.42,0.01,0.01,74776.44,1776355304000
1776355306.792,106.792,0.58,0.59,0.41,0.42,0.01,0.01,74776.44,1776355305000
1776355307.364,107.364,0.58,0.59,0.41,0.42,0.01,0.01,74776.44,1776355306000
1776355307.736,107.736,0.58,0.59,0.41,0.42,0.01,0.01,74776.44,1776355306000
1776355308.099,108.099,0.58,0.59,0.41,0.42,0.01,0.01,74776.44,1776355306000
1776355308.447,108.447,0.58,0.59,0.41,0.42,0.01,0.01,74775.97,1776355307000
1776355308.79,108.79,0.58,0.59,0.41,0.42,0.01,0.01,74775.97,1776355307000
1776355309.206,109.206,0.58,0.59,0.41,0.42,0.01,0.01,74775.97,1776355307000
1776355309.542,109.542,0.58,0.59,0.41,0.42,0.01,0.01,74769.92,1776355308000
1776355309.886,109.886,0.58,0.59,0.41,0.42,0.01,0.01,74769.92,1776355308000
1776355310.292,110.292,0.58,0.59,0.41,0.42,0.01,0.01,74769.08,1776355309000
1776355310.63,110.63,0.58,0.59,0.41,0.42,0.01,0.01,74769.08,1776355309000
1776355310.991,110.991,0.58,0.59,0.41,0.42,0.01,0.01,74769.08,1776355309000
1776355311.382,111.382,0.58,0.59,0.41,0.42,0.01,0.01,74763.65,1776355310000
1776355311.781,111.781,0.58,0.59,0.41,0.42,0.01,0.01,74763.65,1776355310000
1776355312.276,112.276,0.58,0.59,0.41,0.42,0.01,0.01,74756.56,1776355311000
1776355313.247,113.247,0.58,0.59,0.41,0.42,0.01,0.01,74756.56,1776355311000
1776355313.59,113.59,0.58,0.59,0.41,0.42,0.01,0.01,74753.33,1776355312000
1776355314.057,114.057,0.58,0.59,0.41,0.42,0.01,0.01,74759.98,1776355313000
1776355314.399,114.399,0.58,0.59,0.41,0.42,0.01,0.01,74759.98,1776355313000
1776355314.927,114.927,0.58,0.59,0.41,0.42,0.01,0.01,74759.98,1776355313000
1776355315.439,115.439,0.58,0.59,0.41,0.42,0.01,0.01,74768.92,1776355314000
1776355315.788,115.788,0.58,0.59,0.41,0.42,0.01,0.01,74768.92,1776355314000
1776355316.37,116.37,0.58,0.59,0.41,0.42,0.01,0.01,74768.92,1776355314000
1776355316.761,116.761,0.58,0.59,0.41,0.42,0.01,0.01,74774.31,1776355315000
1776355317.134,117.134,0.58,0.59,0.41,0.42,0.01,0.01,74774.57,1776355316000
1776355317.916,117.916,0.58,0.59,0.41,0.42,0.01,0.01,74774.57,1776355316000
1776355318.411,118.411,0.58,0.59,0.41,0.42,0.01,0.01,74779.72,1776355317000
1776355318.816,118.816,0.58,0.59,0.41,0.42,0.01,0.01,74779.72,1776355317000
1776355319.185,119.185,0.58,0.59,0.41,0.42,0.01,0.01,74779.72,1776355317000
1776355319.54,119.54,0.58,0.59,0.41,0.42,0.01,0.01,74783.17,1776355318000
1776355319.925,119.925,0.58,0.59,0.41,0.42,0.01,0.01,74783.17,1776355318000
1776355320.334,120.334,0.58,0.59,0.41,0.42,0.01,0.01,74782.59,1776355319000
1776355320.689,120.689,0.58,0.59,0.41,0.42,0.01,0.01,74782.59,1776355319000
1776355321.145,121.145,0.58,0.59,0.41,0.42,0.01,0.01,74782.59,1776355319000
1776355321.54,121.54,0.58,0.59,0.41,0.42,0.01,0.01,74782.6,1776355320000
1776355321.91,121.91,0.58,0.59,0.41,0.42,0.01,0.01,74782.6,1776355320000
1776355322.268,122.268,0.58,0.59,0.41,0.42,0.01,0.01,74782.6,1776355320000
1776355322.74,122.74,0.58,0.59,0.41,0.42,0.01,0.01,74787.79,1776355321000
1776355323.074,123.074,0.58,0.59,0.41,0.42,0.01,0.01,74790.2,1776355322000
1776355323.439,123.439,0.58,0.59,0.41,0.42,0.01,0.01,74790.2,1776355322000
1776355323.784,123.784,0.58,0.59,0.41,0.42,0.01,0.01,74790.2,1776355322000
1776355324.127,124.127,0.58,0.59,0.41,0.42,0.01,0.01,74788.12,1776355323000
1776355324.572,124.572,0.58,0.59,0.41,0.42,0.01,0.01,74788.12,1776355323000
1776355325.146,125.146,0.58,0.59,0.41,0.42,0.01,0.01,74785.57,1776355324000
1776355325.671,125.671,0.58,0.59,0.41,0.42,0.01,0.01,74785.57,1776355324000
1776355326.185,126.185,0.58,0.59,0.41,0.42,0.01,0.01,74785.57,1776355324000
1776355326.607,126.607,0.58,0.59,0.41,0.42,0.01,0.01,74783.23,1776355325000
1776355327.237,127.237,0.58,0.59,0.41,0.42,0.01,0.01,74783.23,1776355325000
1776355327.773,127.773,0.58,0.59,0.41,0.42,0.01,0.01,74784.25,1776355326000
1776355328.327,128.327,0.58,0.59,0.41,0.42,0.01,0.01,74784.25,1776355326000
1776355328.93,128.93,0.58,0.59,0.41,0.42,0.01,0.01,74784.28,1776355328000
1776355329.596,129.596,0.58,0.59,0.41,0.42,0.01,0.01,74784.28,1776355328000
1776355330.132,130.132,0.58,0.59,0.41,0.42,0.01,0.01,74784.28,1776355328000
1776355330.513,130.513,0.58,0.59,0.41,0.42,0.01,0.01,74790.87,1776355329000
1776355330.876,130.876,0.58,0.59,0.41,0.42,0.01,0.01,74790.87,1776355329000
1776355331.445,131.445,0.58,0.59,0.41,0.42,0.01,0.01,74791.95,1776355330000
1776355331.922,131.922,0.58,0.59,0.41,0.42,0.01,0.01,74791.95,1776355330000
1776355332.336,132.336,0.58,0.59,0.41,0.42,0.01,0.01,74791.16,1776355331000
1776355332.698,132.698,0.58,0.59,0.41,0.42,0.01,0.01,74791.16,1776355331000
1776355333.109,133.109,0.58,0.59,0.41,0.42,0.01,0.01,74791.16,1776355331000
1776355333.828,133.828,0.58,0.59,0.41,0.42,0.01,0.01,74786.52,1776355332000
1776355334.451,134.451,0.58,0.59,0.41,0.42,0.01,0.01,74781.88,1776355333000
1776355334.954,134.954,0.58,0.59,0.41,0.42,0.01,0.01,74777.8,1776355334000
1776355335.387,135.387,0.58,0.59,0.41,0.42,0.01,0.01,74777.8,1776355334000
1776355336.017,136.017,0.58,0.59,0.41,0.42,0.01,0.01,74777.8,1776355334000
1776355336.397,136.397,0.58,0.59,0.41,0.42,0.01,0.01,74780.26,1776355335000
1776355336.775,136.775,0.58,0.59,0.41,0.42,0.01,0.01,74780.26,1776355335000
1776355337.123,137.123,0.58,0.59,0.41,0.42,0.01,0.01,74782.34,1776355336000
1776355337.561,137.561,0.58,0.59,0.41,0.42,0.01,0.01,74782.34,1776355336000
1776355337.923,137.923,0.58,0.59,0.41,0.42,0.01,0.01,74782.34,1776355336000
1776355338.306,138.306,0.58,0.59,0.41,0.42,0.01,0.01,74785.06,1776355337000
1776355338.751,138.751,0.58,0.59,0.41,0.42,0.01,0.01,74785.06,1776355337000
1776355339.088,139.088,0.58,0.59,0.41,0.42,0.01,0.01,74785.06,1776355337000
1776355339.506,139.506,0.58,0.59,0.41,0.42,0.01,0.01,74804.37,1776355338000
1776355340.241,140.241,0.58,0.59,0.41,0.42,0.01,0.01,74806.26,1776355339000
1776355340.618,140.618,0.58,0.59,0.41,0.42,0.01,0.01,74806.26,1776355339000
1776355341.185,141.185,0.58,0.59,0.41,0.42,0.01,0.01,74806.26,1776355339000
1776355341.579,141.579,0.58,0.59,0.41,0.42,0.01,0.01,74806.56,1776355340000
1776355342.087,142.087,0.58,0.59,0.41,0.42,0.01,0.01,74806.56,1776355340000
1776355342.434,142.434,0.58,0.59,0.41,0.42,0.01,0.01,74809.99,1776355341000
1776355342.933,142.933,0.58,0.59,0.41,0.42,0.01,0.01,74809.99,1776355341000
1776355343.312,143.312,0.58,0.59,0.41,0.42,0.01,0.01,74812.82,1776355342000
1776355343.649,143.649,0.58,0.59,0.41,0.42,0.01,0.01,74812.82,1776355342000
1776355344.19,144.19,0.58,0.59,0.41,0.42,0.01,0.01,74812.82,1776355342000
1776355344.68,144.68,0.58,0.59,0.41,0.42,0.01,0.01,74812.82,1776355343000
1776355345.094,145.094,0.58,0.59,0.41,0.42,0.01,0.01,74813.15,1776355344000
1776355345.911,145.911,0.58,0.59,0.41,0.42,0.01,0.01,74813.15,1776355344000
1776355346.756,146.756,0.58,0.59,0.41,0.42,0.01,0.01,74811.43,1776355345000
1776355347.461,147.461,0.58,0.59,0.41,0.42,0.01,0.01,74809.5,1776355346000
1776355347.888,147.888,0.58,0.59,0.41,0.42,0.01,0.01,74809.5,1776355346000
1776355348.23,148.23,0.58,0.59,0.41,0.42,0.01,0.01,74808.88,1776355347000
1776355348.584,148.584,0.58,0.59,0.41,0.42,0.01,0.01,74808.88,1776355347000
1776355348.929,148.929,0.58,0.59,0.41,0.42,0.01,0.01,74808.88,1776355347000
1776355349.445,149.445,0.58,0.59,0.41,0.42,0.01,0.01,74808.73,1776355348000
1776355349.976,149.976,0.58,0.59,0.41,0.42,0.01,0.01,74808.73,1776355348000
1776355350.4,150.4,0.58,0.59,0.41,0.42,0.01,0.01,74797.48,1776355349000
1776355350.733,150.733,0.58,0.59,0.41,0.42,0.01,0.01,74797.48,1776355349000
1776355351.071,151.071,0.58,0.59,0.41,0.42,0.01,0.01,74797.48,1776355349000
1776355351.42,151.42,0.58,0.59,0.41,0.42,0.01,0.01,74788.77,1776355350000
1776355351.766,151.766,0.58,0.59,0.41,0.42,0.01,0.01,74788.77,1776355350000
1776355352.106,152.106,0.58,0.59,0.41,0.42,0.01,0.01,74786.38,1776355351000
1776355352.601,152.601,0.58,0.59,0.41,0.42,0.01,0.01,74786.38,1776355351000
1776355353.051,153.051,0.58,0.59,0.41,0.42,0.01,0.01,74786.38,1776355351000
1776355353.575,153.575,0.58,0.59,0.41,0.42,0.01,0.01,74781.31,1776355352000
1776355353.979,153.979,0.58,0.59,0.41,0.42,0.01,0.01,74781.31,1776355352000
1776355354.481,154.481,0.58,0.59,0.41,0.42,0.01,0.01,74779.85,1776355353000
1776355354.971,154.971,0.58,0.59,0.41,0.42,0.01,0.01,74779.85,1776355353000
1776355356.085,156.085,0.58,0.59,0.41,0.42,0.01,0.01,74780.46,1776355354000
1776355356.564,156.564,0.58,0.59,0.41,0.42,0.01,0.01,74779.76,1776355355000
1776355357.084,157.084,0.58,0.59,0.41,0.42,0.01,0.01,74779.76,1776355355000
1776355357.507,157.507,0.58,0.59,0.41,0.42,0.01,0.01,74779.76,1776355355000
1776355358.2,158.2,0.58,0.59,0.41,0.42,0.01,0.01,74778.97,1776355357000
1776355358.775,158.775,0.58,0.59,0.41,0.42,0.01,0.01,74778.97,1776355357000
1776355359.261,159.261,0.58,0.59,0.41,0.42,0.01,0.01,74778.68,1776355358000
1776355360.17,160.17,0.58,0.59,0.41,0.42,0.01,0.01,74778.68,1776355358000
1776355360.563,160.563,0.58,0.59,0.41,0.42,0.01,0.01,74778.44,1776355359000
1776355361.086,161.086,0.58,0.59,0.41,0.42,0.01,0.01,74779.91,1776355360000
1776355361.476,161.476,0.58,0.59,0.41,0.42,0.01,0.01,74779.91,1776355360000
1776355361.871,161.871,0.58,0.59,0.41,0.42,0.01,0.01,74779.91,1776355360000
1776355362.582,162.582,0.58,0.59,0.41,0.42,0.01,0.01,74788.79,1776355361000
1776355363.014,163.014,0.58,0.59,0.41,0.42,0.01,0.01,74788.79,1776355361000
1776355364.078,164.078,0.58,0.59,0.41,0.42,0.01,0.01,74793.9,1776355362000
1776355364.545,164.545,0.58,0.59,0.41,0.42,0.01,0.01,74797.65,1776355363000
1776355365.004,165.004,0.58,0.59,0.41,0.42,0.01,0.01,74801.09,1776355364000
1776355365.57,165.57,0.58,0.59,0.41,0.42,0.01,0.01,74801.09,1776355364000
1776355365.943,165.943,0.58,0.59,0.41,0.42,0.01,0.01,74801.09,1776355364000
1776355366.471,166.471,0.58,0.59,0.41,0.42,0.01,0.01,74805.65,1776355365000
1776355366.9,166.9,0.58,0.59,0.41,0.42,0.01,0.01,74805.65,1776355365000
1776355367.242,167.242,0.58,0.59,0.41,0.42,0.01,0.01,74805.65,1776355365000
1776355367.582,167.582,0.58,0.59,0.41,0.42,0.01,0.01,74804.68,1776355366000
1776355368.056,168.056,0.58,0.59,0.41,0.42,0.01,0.01,74804.68,1776355366000
1776355368.442,168.442,0.58,0.59,0.41,0.42,0.01,0.01,74802.78,1776355367000
1776355368.897,168.897,0.58,0.59,0.41,0.42,0.01,0.01,74802.78,1776355367000
1776355369.629,169.629,0.58,0.59,0.41,0.42,0.01,0.01,74799.0,1776355368000
1776355370.181,170.181,0.58,0.59,0.41,0.42,0.01,0.01,74795.49,1776355369000
1776355370.602,170.602,0.58,0.59,0.41,0.42,0.01,0.01,74795.49,1776355369000
1776355371.001,171.001,0.58,0.59,0.41,0.42,0.01,0.01,74795.49,1776355369000
1776355371.382,171.382,0.58,0.59,0.41,0.42,0.01,0.01,74795.46,1776355370000
1776355372.153,172.153,0.58,0.59,0.41,0.42,0.01,0.01,74795.46,1776355370000
1776355372.499,172.499,0.58,0.59,0.41,0.42,0.01,0.01,74795.46,1776355370000
1776355373.43,173.43,0.58,0.59,0.41,0.42,0.01,0.01,74794.19,1776355371000
1776355373.974,173.974,0.58,0.59,0.41,0.42,0.01,0.01,74793.5,1776355373000
1776355374.406,174.406,0.58,0.59,0.41,0.42,0.01,0.01,74793.5,1776355373000
1776355375.465,175.465,0.58,0.59,0.41,0.42,0.01,0.01,74794.24,1776355374000
1776355375.801,175.801,0.58,0.59,0.41,0.42,0.01,0.01,74794.24,1776355374000
1776355376.443,176.443,0.58,0.59,0.41,0.42,0.01,0.01,74794.33,1776355375000
1776355377.0,177.0,0.58,0.59,0.41,0.42,0.01,0.01,74793.81,1776355376000
1776355378.389,178.389,0.58,0.59,0.41,0.42,0.01,0.01,74793.81,1776355376000
1776355379.159,179.159,0.58,0.59,0.41,0.42,0.01,0.01,74790.2,1776355378000
1776355379.535,179.535,0.58,0.59,0.41,0.42,0.01,0.01,74790.2,1776355378000
1776355380.163,180.163,0.58,0.59,0.41,0.42,0.01,0.01,74790.2,1776355378000
1776355380.539,180.539,0.58,0.59,0.41,0.42,0.01,0.01,74787.11,1776355379000
1776355380.958,180.958,0.58,0.59,0.41,0.42,0.01,0.01,74787.11,1776355379000
1776355381.373,181.373,0.58,0.59,0.41,0.42,0.01,0.01,74785.67,1776355380000
1776355381.719,181.719,0.58,0.59,0.41,0.42,0.01,0.01,74785.67,1776355380000
1776355382.37,182.37,0.58,0.59,0.41,0.42,0.01,0.01,74785.67,1776355380000
1776355383.195,183.195,0.58,0.59,0.41,0.42,0.01,0.01,74782.33,1776355382000
1776355383.536,183.536,0.58,0.59,0.41,0.42,0.01,0.01,74782.33,1776355382000
1776355383.901,183.901,0.58,0.59,0.41,0.42,0.01,0.01,74782.33,1776355382000
1776355384.248,184.248,0.58,0.59,0.41,0.42,0.01,0.01,74782.33,1776355382000
1776355384.6,184.6,0.58,0.59,0.41,0.42,0.01,0.01,74782.33,1776355382000
1776355385.153,185.153,0.58,0.59,0.41,0.42,0.01,0.01,74781.91,1776355383000
1776355385.5,185.5,0.58,0.59,0.41,0.42,0.01,0.01,74776.85,1776355384000
1776355385.874,185.874,0.58,0.59,0.41,0.42,0.01,0.01,74776.85,1776355384000
1776355386.312,186.312,0.58,0.59,0.41,0.42,0.01,0.01,74769.1,1776355385000
1776355386.779,186.779,0.58,0.59,0.41,0.42,0.01,0.01,74769.1,1776355385000
1776355387.664,187.664,0.58,0.59,0.41,0.42,0.01,0.01,74769.63,1776355386000
1776355388.398,188.398,0.58,0.59,0.41,0.42,0.01,0.01,74777.51,1776355387000
1776355389.143,189.143,0.58,0.59,0.41,0.42,0.01,0.01,74777.51,1776355387000
1776355389.675,189.675,0.58,0.59,0.41,0.42,0.01,0.01,74787.26,1776355388000
1776355390.508,190.508,0.58,0.59,0.41,0.42,0.01,0.01,74787.26,1776355388000
1776355390.845,190.845,0.58,0.59,0.41,0.42,0.01,0.01,74787.26,1776355388000
1776355391.183,191.183,0.58,0.59,0.41,0.42,0.01,0.01,74787.26,1776355388000
1776355391.596,191.596,0.58,0.59,0.41,0.42,0.01,0.01,74801.68,1776355390000
1776355391.938,191.938,0.58,0.59,0.41,0.42,0.01,0.01,74801.68,1776355390000
1776355392.852,192.852,0.58,0.59,0.41,0.42,0.01,0.01,74807.14,1776355391000
1776355393.534,193.534,0.58,0.59,0.41,0.42,0.01,0.01,74810.79,1776355392000
1776355394.602,194.602,0.58,0.59,0.41,0.42,0.01,0.01,74812.77,1776355393000
1776355395.176,195.176,0.58,0.59,0.41,0.42,0.01,0.01,74814.36,1776355394000
1776355395.792,195.792,0.58,0.59,0.41,0.42,0.01,0.01,74814.36,1776355394000
1776355396.175,196.175,0.58,0.59,0.41,0.42,0.01,0.01,74814.63,1776355395000
1776355396.684,196.684,0.58,0.59,0.41,0.42,0.01,0.01,74814.63,1776355395000
1776355397.521,197.521,0.58,0.59,0.41,0.42,0.01,0.01,74813.92,1776355396000
1776355398.403,198.403,0.58,0.59,0.41,0.42,0.01,0.01,74816.46,1776355397000
1776355399.326,199.326,0.58,0.59,0.41,0.42,0.01,0.01,74817.49,1776355398000
1776355399.953,199.953,0.58,0.59,0.41,0.42,0.01,0.01,74817.49,1776355398000
1776355400.316,200.316,0.58,0.59,0.41,0.42,0.01,0.01,74816.82,1776355399000
1776355400.959,200.959,0.58,0.59,0.41,0.42,0.01,0.01,74816.82,1776355399000
1776355401.491,201.491,0.58,0.59,0.41,0.42,0.01,0.01,74816.82,1776355399000
1776355401.937,201.937,0.58,0.59,0.41,0.42,0.01,0.01,74816.17,1776355400000
1776355402.5,202.5,0.58,0.59,0.41,0.42,0.01,0.01,74816.84,1776355401000
1776355403.114,203.114,0.58,0.59,0.41,0.42,0.01,0.01,74816.84,1776355401000
1776355403.45,203.45,0.58,0.59,0.41,0.42,0.01,0.01,74816.93,1776355402000
1776355404.175,204.175,0.58,0.59,0.41,0.42,0.01,0.01,74816.98,1776355403000
1776355404.866,204.866,0.58,0.59,0.41,0.42,0.01,0.01,74816.98,1776355403000
1776355405.486,205.486,0.58,0.59,0.41,0.42,0.01,0.01,74817.33,1776355404000
1776355405.909,205.909,0.58,0.59,0.41,0.42,0.01,0.01,74817.33,1776355404000
1776355406.296,206.296,0.58,0.59,0.41,0.42,0.01,0.01,74817.33,1776355404000
1776355406.696,206.696,0.58,0.59,0.41,0.42,0.01,0.01,74817.31,1776355405000
1776355407.639,207.639,0.58,0.59,0.41,0.42,0.01,0.01,74817.18,1776355406000
1776355408.601,208.601,0.58,0.59,0.41,0.42,0.01,0.01,74817.18,1776355407000
1776355409.201,209.201,0.58,0.59,0.41,0.42,0.01,0.01,74817.18,1776355407000
1776355410.158,210.158,0.58,0.59,0.41,0.42,0.01,0.01,74817.42,1776355409000
1776355410.512,210.512,0.58,0.59,0.41,0.42,0.01,0.01,74817.42,1776355409000
1776355410.96,210.96,0.58,0.59,0.41,0.42,0.01,0.01,74817.42,1776355409000
1776355411.316,211.316,0.58,0.59,0.41,0.42,0.01,0.01,74817.42,1776355409000
1776355411.674,211.674,0.58,0.59,0.41,0.42,0.01,0.01,74817.42,1776355409000
1776355412.09,212.09,0.58,0.59,0.41,0.42,0.01,0.01,74812.18,1776355410000
1776355412.582,212.582,0.58,0.59,0.41,0.42,0.01,0.01,74812.18,1776355410000
1776355413.292,213.292,0.58,0.59,0.41,0.42,0.01,0.01,74802.96,1776355412000
1776355414.312,214.312,0.58,0.59,0.41,0.42,0.01,0.01,74802.96,1776355412000
1776355414.705,214.705,0.58,0.59,0.41,0.42,0.01,0.01,74802.33,1776355413000
1776355415.436,215.436,0.58,0.59,0.41,0.42,0.01,0.01,74803.38,1776355414000
1776355415.77,215.77,0.58,0.59,0.41,0.42,0.01,0.01,74803.38,1776355414000
1776355416.181,216.181,0.58,0.59,0.41,0.42,0.01,0.01,74803.38,1776355414000
1776355416.748,216.748,0.58,0.59,0.41,0.42,0.01,0.01,74800.22,1776355415000
1776355417.336,217.336,0.58,0.59,0.41,0.42,0.01,0.01,74797.87,1776355416000
1776355418.473,218.473,0.58,0.59,0.41,0.42,0.01,0.01,74797.38,1776355417000
1776355418.922,218.922,0.58,0.59,0.41,0.42,0.01,0.01,74797.38,1776355417000
1776355419.983,219.983,0.58,0.59,0.41,0.42,0.01,0.01,74798.17,1776355418000
1776355420.555,220.555,0.58,0.59,0.41,0.42,0.01,0.01,74798.17,1776355419000
1776355420.893,220.893,0.58,0.59,0.41,0.42,0.01,0.01,74798.17,1776355419000
1776355421.292,221.292,0.58,0.59,0.41,0.42,0.01,0.01,74798.17,1776355419000
1776355421.996,221.996,0.58,0.59,0.41,0.42,0.01,0.01,74796.78,1776355420000
1776355422.475,222.475,0.58,0.59,0.41,0.42,0.01,0.01,74795.93,1776355421000
1776355423.23,223.23,0.58,0.59,0.41,0.42,0.01,0.01,74792.81,1776355422000
1776355423.896,223.896,0.58,0.59,0.41,0.42,0.01,0.01,74792.81,1776355422000
1776355424.26,224.26,0.58,0.59,0.41,0.42,0.01,0.01,74791.59,1776355423000
1776355424.708,224.708,0.58,0.59,0.41,0.42,0.01,0.01,74791.59,1776355423000
1776355425.043,225.043,0.58,0.59,0.41,0.42,0.01,0.01,74791.59,1776355423000
1776355425.376,225.376,0.58,0.59,0.41,0.42,0.01,0.01,74791.59,1776355423000
1776355425.898,225.898,0.58,0.59,0.41,0.42,0.01,0.01,74784.02,1776355424000
1776355426.232,226.232,0.58,0.59,0.41,0.42,0.01,0.01,74781.51,1776355425000
1776355426.606,226.606,0.58,0.59,0.41,0.42,0.01,0.01,74781.51,1776355425000
1776355427.322,227.322,0.58,0.59,0.41,0.42,0.01,0.01,74771.92,1776355426000
1776355427.661,227.661,0.58,0.59,0.41,0.42,0.01,0.01,74771.92,1776355426000
1776355428.477,228.477,0.58,0.59,0.41,0.42,0.01,0.01,74771.66,1776355427000
1776355428.981,228.981,0.58,0.59,0.41,0.42,0.01,0.01,74771.66,1776355427000
1776355429.787,229.787,0.58,0.59,0.41,0.42,0.01,0.01,74771.06,1776355428000
1776355430.85,230.85,0.58,0.59,0.41,0.42,0.01,0.01,74770.66,1776355429000
1776355431.29,231.29,0.58,0.59,0.41,0.42,0.01,0.01,74770.66,1776355429000
1776355431.666,231.666,0.58,0.59,0.41,0.42,0.01,0.01,74781.84,1776355430000
1776355432.068,232.068,0.58,0.59,0.41,0.42,0.01,0.01,74781.54,1776355431000
1776355433.344,233.344,0.58,0.59,0.41,0.42,0.01,0.01,74785,1776355432000
1776355433.945,233.945,0.58,0.59,0.41,0.42,0.01,0.01,74786.48,1776355433000
1776355434.793,234.793,0.58,0.59,0.41,0.42,0.01,0.01,74786.48,1776355433000
1776355435.174,235.174,0.58,0.59,0.41,0.42,0.01,0.01,74784.53,1776355434000
1776355435.727,235.727,0.58,0.59,0.41,0.42,0.01,0.01,74784.53,1776355434000
1776355436.129,236.129,0.58,0.59,0.41,0.42,0.01,0.01,74784.53,1776355434000
1776355436.552,236.552,0.58,0.59,0.41,0.42,0.01,0.01,74783.66,1776355435000
1776355436.955,236.955,0.58,0.59,0.41,0.42,0.01,0.01,74783.81,1776355436000
1776355438.216,238.216,0.58,0.59,0.41,0.42,0.01,0.01,74784.64,1776355437000
1776355439.46,239.46,0.58,0.59,0.41,0.42,0.01,0.01,74784.64,1776355438000
1776355440.281,240.281,0.58,0.59,0.41,0.42,0.01,0.01,74784.41,1776355439000
1776355440.616,240.616,0.58,0.59,0.41,0.42,0.01,0.01,74784.41,1776355439000
1776355441.156,241.156,0.58,0.59,0.41,0.42,0.01,0.01,74784.5,1776355440000
1776355441.587,241.587,0.58,0.59,0.41,0.42,0.01,0.01,74784.5,1776355440000
1776355441.939,241.939,0.58,0.59,0.41,0.42,0.01,0.01,74784.5,1776355440000
1776355442.274,242.274,0.58,0.59,0.41,0.42,0.01,0.01,74784.46,1776355441000
1776355442.938,242.938,0.58,0.59,0.41,0.42,0.01,0.01,74784.46,1776355441000
1776355443.778,243.778,0.58,0.59,0.41,0.42,0.01,0.01,74782.73,1776355442000
1776355444.336,244.336,0.58,0.59,0.41,0.42,0.01,0.01,74780.53,1776355443000
1776355444.937,244.937,0.58,0.59,0.41,0.42,0.01,0.01,74780.53,1776355443000
1776355445.285,245.285,0.58,0.59,0.41,0.42,0.01,0.01,74776.82,1776355444000
1776355445.75,245.75,0.58,0.59,0.41,0.42,0.01,0.01,74776.82,1776355444000
1776355446.121,246.121,0.58,0.59,0.41,0.42,0.01,0.01,74776.82,1776355444000
1776355446.456,246.456,0.58,0.59,0.41,0.42,0.01,0.01,74789.15,1776355445000
1776355446.981,246.981,0.58,0.59,0.41,0.42,0.01,0.01,74789.15,1776355445000
1776355448.232,248.232,0.58,0.59,0.41,0.42,0.01,0.01,74790.03,1776355447000
1776355449.211,249.211,0.58,0.59,0.41,0.42,0.01,0.01,74790.04,1776355448000
1776355450.26,250.26,0.58,0.59,0.41,0.42,0.01,0.01,74782.26,1776355449000
1776355451.31,251.31,0.58,0.59,0.41,0.42,0.01,0.01,74778.95,1776355450000
1776355451.677,251.677,0.58,0.59,0.41,0.42,0.01,0.01,74778.95,1776355450000
1776355452.025,252.025,0.58,0.59,0.41,0.42,0.01,0.01,74778.95,1776355450000
1776355452.413,252.413,0.58,0.59,0.41,0.42,0.01,0.01,74781.02,1776355451000
1776355452.856,252.856,0.58,0.59,0.41,0.42,0.01,0.01,74781.02,1776355451000
1776355453.295,253.295,0.58,0.59,0.41,0.42,0.01,0.01,74788.06,1776355452000
1776355453.64,253.64,0.58,0.59,0.41,0.42,0.01,0.01,74788.06,1776355452000
1776355454.276,254.276,0.58,0.59,0.41,0.42,0.01,0.01,74788.06,1776355453000
1776355455.167,255.167,0.58,0.59,0.41,0.42,0.01,0.01,74788.06,1776355453000
1776355455.741,255.741,0.58,0.59,0.41,0.42,0.01,0.01,74786.75,1776355454000
1776355456.237,256.237,0.58,0.59,0.41,0.42,0.01,0.01,74786.75,1776355454000
1776355456.596,256.596,0.58,0.59,0.41,0.42,0.01,0.01,74786.75,1776355454000
1776355457.503,257.503,0.58,0.59,0.41,0.42,0.01,0.01,74785.84,1776355456000
1776355457.961,257.961,0.58,0.59,0.41,0.42,0.01,0.01,74785.14,1776355457000
1776355459.102,259.102,0.58,0.59,0.41,0.42,0.01,0.01,74784.97,1776355458000
1776355460.098,260.098,0.58,0.59,0.41,0.42,0.01,0.01,74784.97,1776355458000
1776355461.142,261.142,0.58,0.59,0.41,0.42,0.01,0.01,74784.97,1776355459000
1776355461.657,261.657,0.58,0.59,0.41,0.42,0.01,0.01,74784.42,1776355460000
1776355462.195,262.195,0.58,0.59,0.41,0.42,0.01,0.01,74784.41,1776355461000
1776355462.812,262.812,0.58,0.59,0.41,0.42,0.01,0.01,74784.41,1776355461000
1776355463.45,263.45,0.58,0.59,0.41,0.42,0.01,0.01,74784.63,1776355462000
1776355464.093,264.093,0.58,0.59,0.41,0.42,0.01,0.01,74785.58,1776355463000
1776355465.151,265.151,0.58,0.59,0.41,0.42,0.01,0.01,74785.35,1776355464000
1776355465.549,265.549,0.58,0.59,0.41,0.42,0.01,0.01,74785.35,1776355464000
1776355466.267,266.267,0.58,0.59,0.41,0.42,0.01,0.01,74785.35,1776355464000
1776355466.899,266.899,0.58,0.59,0.41,0.42,0.01,0.01,74784.49,1776355465000
1776355467.279,267.279,0.58,0.59,0.41,0.42,0.01,0.01,74784.49,1776355465000
1776355467.638,267.638,0.58,0.59,0.41,0.42,0.01,0.01,74778.85,1776355466000
1776355468.044,268.044,0.58,0.59,0.41,0.42,0.01,0.01,74778.85,1776355466000
1776355468.395,268.395,0.58,0.59,0.41,0.42,0.01,0.01,74778.85,1776355466000
1776355468.73,268.73,0.58,0.59,0.41,0.42,0.01,0.01,74771.36,1776355467000
1776355469.161,269.161,0.58,0.59,0.41,0.42,0.01,0.01,74769.64,1776355468000
1776355470.058,270.058,0.58,0.59,0.41,0.42,0.01,0.01,74764.27,1776355469000
1776355470.482,270.482,0.58,0.59,0.41,0.42,0.01,0.01,74764.27,1776355469000
1776355470.932,270.932,0.58,0.59,0.41,0.42,0.01,0.01,74764.27,1776355469000
1776355471.567,271.567,0.58,0.59,0.41,0.42,0.01,0.01,74769.82,1776355470000
1776355472.157,272.157,0.58,0.59,0.41,0.42,0.01,0.01,74771.01,1776355471000
1776355472.795,272.795,0.58,0.59,0.41,0.42,0.01,0.01,74771.01,1776355471000
1776355473.501,273.501,0.58,0.59,0.41,0.42,0.01,0.01,74771.01,1776355472000
1776355473.866,273.866,0.58,0.59,0.41,0.42,0.01,0.01,74771.01,1776355472000
1776355474.509,274.509,0.58,0.59,0.41,0.42,0.01,0.01,74770.89,1776355473000
1776355475.037,275.037,0.58,0.59,0.41,0.42,0.01,0.01,74770.89,1776355473000
1776355475.507,275.507,0.58,0.59,0.41,0.42,0.01,0.01,74771.32,1776355474000
1776355475.892,275.892,0.58,0.59,0.41,0.42,0.01,0.01,74771.32,1776355474000
1776355476.289,276.289,0.58,0.59,0.41,0.42,0.01,0.01,74771.32,1776355474000
1776355476.864,276.864,0.58,0.59,0.41,0.42,0.01,0.01,74771.04,1776355475000
1776355478.118,278.118,0.58,0.59,0.41,0.42,0.01,0.01,74770.36,1776355477000
1776355478.636,278.636,0.58,0.59,0.41,0.42,0.01,0.01,74770.36,1776355477000
1776355479.099,279.099,0.58,0.59,0.41,0.42,0.01,0.01,74770.36,1776355477000
1776355479.529,279.529,0.58,0.59,0.41,0.42,0.01,0.01,74768.59,1776355478000
1776355479.962,279.962,0.58,0.59,0.41,0.42,0.01,0.01,74768.59,1776355478000
1776355480.453,280.453,0.58,0.59,0.41,0.42,0.01,0.01,74768.59,1776355478000
1776355481.02,281.02,0.58,0.59,0.41,0.42,0.01,0.01,74772.1,1776355479000
1776355481.354,281.354,0.58,0.59,0.41,0.42,0.01,0.01,74781.53,1776355480000
1776355481.783,281.783,0.58,0.59,0.41,0.42,0.01,0.01,74781.53,1776355480000
1776355482.276,282.276,0.58,0.59,0.41,0.42,0.01,0.01,74781.53,1776355480000
1776355482.72,282.72,0.58,0.59,0.41,0.42,0.01,0.01,74787.56,1776355481000
1776355483.176,283.176,0.58,0.59,0.41,0.42,0.01,0.01,74787.56,1776355481000
1776355483.562,283.562,0.58,0.59,0.41,0.42,0.01,0.01,74789.82,1776355482000
1776355483.961,283.961,0.58,0.59,0.41,0.42,0.01,0.01,74789.82,1776355482000
1776355484.301,284.301,0.58,0.59,0.41,0.42,0.01,0.01,74788.82,1776355483000
1776355484.725,284.725,0.58,0.59,0.41,0.42,0.01,0.01,74788.82,1776355483000
1776355485.115,285.115,0.58,0.59,0.41,0.42,0.01,0.01,74788.82,1776355483000
1776355485.459,285.459,0.58,0.59,0.41,0.42,0.01,0.01,74783.91,1776355484000
1776355485.997,285.997,0.58,0.59,0.41,0.42,0.01,0.01,74783.91,1776355484000
1776355486.373,286.373,0.58,0.59,0.41,0.42,0.01,0.01,74783.91,1776355484000
1776355486.814,286.814,0.58,0.59,0.41,0.42,0.01,0.01,74783.25,1776355485000
1776355487.182,287.182,0.58,0.59,0.41,0.42,0.01,0.01,74781.6,1776355486000
1776355487.571,287.571,0.58,0.59,0.41,0.42,0.01,0.01,74781.6,1776355486000
1776355488.077,288.077,0.58,0.59,0.41,0.42,0.01,0.01,74781.6,1776355486000
1776355488.48,288.48,0.58,0.59,0.41,0.42,0.01,0.01,74775.23,1776355487000
1776355488.93,288.93,0.58,0.59,0.41,0.42,0.01,0.01,74775.23,1776355487000
1776355489.65,289.65,0.58,0.59,0.41,0.42,0.01,0.01,74775.02,1776355488000
1776355490.259,290.259,0.58,0.59,0.41,0.42,0.01,0.01,74775.02,1776355488000
1776355490.737,290.737,0.58,0.59,0.41,0.42,0.01,0.01,74775.29,1776355489000
1776355491.14,291.14,0.58,0.59,0.41,0.42,0.01,0.01,74775.69,1776355490000
1776355491.546,291.546,0.58,0.59,0.41,0.42,0.01,0.01,74775.69,1776355490000
1776355491.909,291.909,0.58,0.59,0.41,0.42,0.01,0.01,74775.69,1776355490000
1776355492.272,292.272,0.58,0.59,0.41,0.42,0.01,0.01,74776.01,1776355491000
1776355492.721,292.721,0.58,0.59,0.41,0.42,0.01,0.01,74776.01,1776355491000
1776355493.152,293.152,0.58,0.59,0.41,0.42,0.01,0.01,74775.11,1776355492000
1776355493.75,293.75,0.58,0.59,0.41,0.42,0.01,0.01,74775.11,1776355492000
1776355494.193,294.193,0.58,0.59,0.41,0.42,0.01,0.01,74775.12,1776355493000
1776355494.529,294.529,0.58,0.59,0.41,0.42,0.01,0.01,74775.12,1776355493000
1776355494.989,294.989,0.58,0.59,0.41,0.42,0.01,0.01,74775.12,1776355493000
1776355495.368,295.368,0.58,0.59,0.41,0.42,0.01,0.01,74775.03,1776355494000
1776355495.711,295.711,0.58,0.59,0.41,0.42,0.01,0.01,74775.03,1776355494000
1776355496.287,296.287,0.58,0.59,0.41,0.42,0.01,0.01,74775.03,1776355494000
1776355496.621,296.621,0.58,0.59,0.41,0.42,0.01,0.01,74775.04,1776355495000
1776355496.988,296.988,0.58,0.59,0.41,0.42,0.01,0.01,74776.25,1776355496000
1776355497.351,297.351,0.58,0.59,0.41,0.42,0.01,0.01,74776.25,1776355496000
1776355497.773,297.773,0.58,0.59,0.41,0.42,0.01,0.01,74776.25,1776355496000
1776355498.498,298.498,0.58,0.59,0.41,0.42,0.01,0.01,74776.29,1776355497000
1776355499.025,299.025,0.58,0.59,0.41,0.42,0.01,0.01,74776.29,1776355497000
1776355499.932,299.932,0.58,0.59,0.41,0.42,0.01,0.01,74776.54,1776355498000
1776355500.435,300.435,0.58,0.59,0.41,0.42,0.01,0.01,74776.54,1776355498000
1776355500.833,300.833,0.58,0.59,0.41,0.42,0.01,0.01,74776.54,1776355498000
1776355501.5,301.5,0.58,0.59,0.41,0.42,0.01,0.01,74775.27,1776355500000
1776355502.205,302.205,0.58,0.59,0.41,0.42,0.01,0.01,74775.27,1776355501000

# RESULT,winner=Up,slug=btc-updown-5m-1776355200,ticks=620
