timestamp,elapsed_sec,up_bid,up_ask,down_bid,down_ask,up_spread,down_spread,btc_price,btc_oracle_ts
1776094500.639,0.639,0.52,0.53,0.47,0.49,0.01,0.02,71765.7,1776094499000
1776094501.022,1.022,0.52,0.53,0.47,0.48,0.01,0.01,71765.7,1776094499000
1776094501.392,1.392,0.52,0.53,0.47,0.48,0.01,0.01,71768.12,1776094500000
1776094501.735,1.735,0.52,0.56,0.44,0.48,0.04,0.04,71768.12,1776094500000
1776094502.103,2.103,0.56,0.58,0.42,0.44,0.02,0.02,71768.12,1776094500000
1776094502.497,2.497,0.61,0.62,0.38,0.42,0.01,0.04,71771.18,1776094501000
1776094502.879,2.879,0.61,0.62,0.38,0.39,0.01,0.01,71771.18,1776094501000
1776094503.264,3.264,0.63,0.64,0.36,0.37,0.01,0.01,71779.47,1776094502000
1776094503.7,3.7,0.63,0.64,0.36,0.37,0.01,0.01,71779.47,1776094502000
1776094504.091,4.091,0.63,0.64,0.36,0.37,0.01,0.01,71779.47,1776094502000
1776094504.54,4.54,0.63,0.64,0.36,0.37,0.01,0.01,71792.83,1776094503000
1776094504.936,4.936,0.63,0.64,0.36,0.37,0.01,0.01,71792.83,1776094503000
1776094505.307,5.307,0.63,0.64,0.36,0.37,0.01,0.01,71802.62,1776094504000
1776094505.804,5.804,0.64,0.65,0.35,0.36,0.01,0.01,71802.62,1776094504000
1776094506.145,6.145,0.64,0.65,0.35,0.36,0.01,0.01,71802.62,1776094504000
1776094506.707,6.707,0.65,0.66,0.34,0.35,0.01,0.01,71802.93,1776094505000
1776094507.125,7.125,0.65,0.67,0.34,0.35,0.02,0.01,71802.93,1776094505000
1776094507.479,7.479,0.65,0.66,0.34,0.35,0.01,0.01,71802.93,1776094505000
1776094507.845,7.845,0.65,0.66,0.34,0.35,0.01,0.01,71803.32,1776094506000
1776094508.305,8.305,0.65,0.66,0.34,0.35,0.01,0.01,71803.32,1776094507000
1776094508.677,8.677,0.65,0.67,0.33,0.34,0.02,0.01,71803.32,1776094507000
1776094509.044,9.044,0.65,0.67,0.34,0.35,0.02,0.01,71803.32,1776094507000
1776094509.384,9.384,0.67,0.68,0.32,0.33,0.01,0.01,71803.32,1776094507000
1776094509.739,9.739,0.67,0.68,0.32,0.33,0.01,0.01,71803.37,1776094508000
1776094510.074,10.074,0.67,0.68,0.32,0.33,0.01,0.01,71803.03,1776094509000
1776094510.462,10.462,0.68,0.69,0.31,0.33,0.01,0.02,71803.03,1776094509000
1776094510.879,10.879,0.68,0.69,0.31,0.32,0.01,0.01,71803.03,1776094509000
1776094511.247,11.247,0.68,0.69,0.31,0.32,0.01,0.01,71803.03,1776094509000
1776094511.604,11.604,0.69,0.7,0.3,0.31,0.01,0.01,71810.95,1776094510000
1776094511.999,11.999,0.66,0.7,0.3,0.31,0.04,0.01,71810.95,1776094510000
1776094512.335,12.335,0.68,0.69,0.31,0.32,0.01,0.01,71812.55,1776094511000
1776094512.711,12.711,0.69,0.7,0.3,0.31,0.01,0.01,71812.55,1776094511000
1776094513.056,13.056,0.69,0.7,0.3,0.31,0.01,0.01,71812.55,1776094511000
1776094513.422,13.422,0.69,0.7,0.3,0.31,0.01,0.01,71816.58,1776094512000
1776094513.765,13.765,0.69,0.7,0.3,0.31,0.01,0.01,71816.58,1776094512000
1776094514.137,14.137,0.69,0.7,0.3,0.31,0.01,0.01,71816.9,1776094513000
1776094514.526,14.526,0.64,0.65,0.34,0.36,0.01,0.02,71816.9,1776094513000
1776094514.898,14.898,0.63,0.64,0.36,0.37,0.01,0.01,71816.9,1776094513000
1776094515.236,15.236,0.63,0.64,0.36,0.37,0.01,0.01,71820.83,1776094514000
1776094515.694,15.694,0.63,0.64,0.36,0.37,0.01,0.01,71820.83,1776094514000
1776094516.037,16.037,0.63,0.64,0.36,0.37,0.01,0.01,71820.83,1776094514000
1776094516.411,16.411,0.62,0.64,0.36,0.37,0.02,0.01,71810.91,1776094515000
1776094516.799,16.799,0.6,0.62,0.37,0.4,0.02,0.03,71810.91,1776094515000
1776094517.167,17.167,0.6,0.61,0.39,0.4,0.01,0.01,71810.91,1776094515000
1776094517.505,17.505,0.6,0.61,0.39,0.41,0.01,0.02,71804.71,1776094516000
1776094517.846,17.846,0.6,0.61,0.39,0.4,0.01,0.01,71804.71,1776094516000
1776094518.193,18.193,0.62,0.63,0.39,0.4,0.01,0.01,71804.71,1776094516000
1776094518.535,18.535,0.62,0.63,0.37,0.38,0.01,0.01,71795.45,1776094517000
1776094518.969,18.969,0.64,0.65,0.35,0.36,0.01,0.01,71794.09,1776094518000
1776094519.302,19.302,0.64,0.65,0.35,0.36,0.01,0.01,71794.09,1776094518000
1776094519.958,19.958,0.64,0.65,0.35,0.36,0.01,0.01,71794.09,1776094518000
1776094520.323,20.323,0.65,0.66,0.35,0.36,0.01,0.01,71800.07,1776094519000
1776094520.966,20.966,0.65,0.66,0.34,0.35,0.01,0.01,71800.07,1776094519000
1776094521.369,21.369,0.65,0.66,0.34,0.35,0.01,0.01,71802.46,1776094520000
1776094521.711,21.711,0.65,0.66,0.34,0.35,0.01,0.01,71802.46,1776094520000
1776094522.046,22.046,0.64,0.66,0.34,0.35,0.02,0.01,71802.46,1776094520000
1776094522.442,22.442,0.64,0.65,0.35,0.36,0.01,0.01,71804.91,1776094521000
1776094522.827,22.827,0.63,0.64,0.35,0.37,0.01,0.02,71804.91,1776094521000
1776094523.191,23.191,0.63,0.64,0.36,0.38,0.01,0.02,71804.91,1776094521000
1776094523.633,23.633,0.58,0.62,0.38,0.42,0.04,0.04,71798.65,1776094522000
1776094524.034,24.034,0.59,0.6,0.4,0.41,0.01,0.01,71798.65,1776094522000
1776094524.404,24.404,0.59,0.6,0.4,0.41,0.01,0.01,71797.36,1776094523000
1776094524.879,24.879,0.6,0.61,0.39,0.41,0.01,0.02,71797.36,1776094523000
1776094525.227,25.227,0.6,0.61,0.39,0.4,0.01,0.01,71797.36,1776094523000
1776094525.615,25.615,0.6,0.61,0.39,0.4,0.01,0.01,71797.36,1776094523000
1776094525.956,25.956,0.6,0.61,0.39,0.4,0.01,0.01,71789.46,1776094524000
1776094526.333,26.333,0.61,0.62,0.38,0.39,0.01,0.01,71789.46,1776094524000
1776094526.678,26.678,0.61,0.62,0.38,0.39,0.01,0.01,71789.46,1776094524000
1776094527.062,27.062,0.61,0.62,0.38,0.39,0.01,0.01,71789.25,1776094525000
1776094527.563,27.563,0.61,0.62,0.38,0.39,0.01,0.01,71790.08,1776094526000
1776094527.971,27.971,0.61,0.62,0.38,0.39,0.01,0.01,71790.08,1776094526000
1776094528.336,28.336,0.61,0.62,0.38,0.39,0.01,0.01,71790.62,1776094527000
1776094528.723,28.723,0.61,0.62,0.38,0.39,0.01,0.01,71790.62,1776094527000
1776094529.226,29.226,0.61,0.62,0.38,0.39,0.01,0.01,71790.38,1776094528000
1776094529.569,29.569,0.61,0.62,0.38,0.39,0.01,0.01,71790.38,1776094528000
1776094530.011,30.011,0.61,0.62,0.38,0.39,0.01,0.01,71790.38,1776094528000
1776094530.433,30.433,0.62,0.63,0.37,0.38,0.01,0.01,71790.38,1776094528000
1776094530.768,30.768,0.6,0.63,0.37,0.4,0.03,0.03,71790.38,1776094528000
1776094531.12,31.12,0.59,0.6,0.4,0.41,0.01,0.01,71791.7,1776094529000
1776094531.455,31.455,0.58,0.59,0.41,0.42,0.01,0.01,71791.7,1776094529000
1776094531.797,31.797,0.58,0.59,0.41,0.42,0.01,0.01,71791.7,1776094529000
1776094532.133,32.133,0.58,0.59,0.41,0.42,0.01,0.01,71792.91,1776094530000
1776094532.515,32.515,0.58,0.59,0.41,0.42,0.01,0.01,71793.34,1776094531000
1776094532.864,32.864,0.57,0.58,0.42,0.43,0.01,0.01,71793.34,1776094531000
1776094533.197,33.197,0.55,0.57,0.43,0.45,0.02,0.02,71793.34,1776094531000
1776094533.549,33.549,0.54,0.55,0.45,0.46,0.01,0.01,71792.29,1776094532000
1776094533.887,33.887,0.54,0.55,0.45,0.46,0.01,0.01,71792.29,1776094532000
1776094534.253,34.253,0.54,0.55,0.45,0.46,0.01,0.01,71792.29,1776094532000
1776094534.605,34.605,0.54,0.55,0.45,0.46,0.01,0.01,71792.29,1776094532000
1776094534.969,34.969,0.54,0.55,0.45,0.46,0.01,0.01,71787.93,1776094533000
1776094535.325,35.325,0.54,0.55,0.45,0.46,0.01,0.01,71787.93,1776094533000
1776094535.919,35.919,0.51,0.54,0.45,0.47,0.03,0.02,71786.53,1776094534000
1776094536.257,36.257,0.52,0.53,0.47,0.49,0.01,0.02,71786.53,1776094534000
1776094536.733,36.733,0.52,0.53,0.47,0.48,0.01,0.01,71786.53,1776094534000
1776094537.069,37.069,0.52,0.55,0.45,0.48,0.03,0.03,71780.41,1776094535000
1776094537.418,37.418,0.53,0.54,0.46,0.47,0.01,0.01,71776.31,1776094536000
1776094537.813,37.813,0.54,0.55,0.45,0.46,0.01,0.01,71776.31,1776094536000
1776094538.163,38.163,0.55,0.56,0.44,0.45,0.01,0.01,71776.31,1776094536000
1776094538.641,38.641,0.57,0.58,0.42,0.43,0.01,0.01,71774.66,1776094537000
1776094539.08,39.08,0.57,0.58,0.42,0.43,0.01,0.01,71774.66,1776094537000
1776094539.416,39.416,0.57,0.58,0.42,0.43,0.01,0.01,71774.66,1776094537000
1776094539.785,39.785,0.57,0.58,0.42,0.43,0.01,0.01,71780.02,1776094538000
1776094540.131,40.131,0.57,0.58,0.42,0.43,0.01,0.01,71780.02,1776094538000
1776094540.476,40.476,0.57,0.58,0.42,0.43,0.01,0.01,71783.11,1776094539000
1776094540.83,40.83,0.57,0.58,0.42,0.43,0.01,0.01,71783.11,1776094539000
1776094541.186,41.186,0.57,0.58,0.42,0.43,0.01,0.01,71783.11,1776094539000
1776094541.526,41.526,0.57,0.58,0.42,0.43,0.01,0.01,71783.9,1776094540000
1776094541.955,41.955,0.57,0.58,0.42,0.43,0.01,0.01,71783.9,1776094540000
1776094542.324,42.324,0.57,0.58,0.42,0.43,0.01,0.01,71783.93,1776094541000
1776094542.768,42.768,0.57,0.58,0.42,0.43,0.01,0.01,71783.93,1776094541000
1776094543.169,43.169,0.57,0.58,0.42,0.43,0.01,0.01,71783.93,1776094541000
1776094543.567,43.567,0.56,0.57,0.42,0.43,0.01,0.01,71783.93,1776094542000
1776094543.99,43.99,0.56,0.57,0.43,0.44,0.01,0.01,71783.93,1776094542000
1776094544.363,44.363,0.57,0.58,0.42,0.43,0.01,0.01,71783.98,1776094543000
1776094544.697,44.697,0.57,0.58,0.42,0.43,0.01,0.01,71783.98,1776094543000
1776094545.199,45.199,0.56,0.57,0.42,0.43,0.01,0.01,71783.69,1776094544000
1776094545.711,45.711,0.56,0.57,0.43,0.44,0.01,0.01,71783.69,1776094544000
1776094546.054,46.054,0.62,0.63,0.37,0.41,0.01,0.04,71783.01,1776094545000
1776094546.404,46.404,0.62,0.63,0.37,0.38,0.01,0.01,71783.01,1776094545000
1776094546.756,46.756,0.63,0.64,0.36,0.37,0.01,0.01,71783.01,1776094545000
1776094547.149,47.149,0.63,0.64,0.36,0.37,0.01,0.01,71785.58,1776094546000
1776094547.495,47.495,0.63,0.64,0.36,0.37,0.01,0.01,71785.58,1776094546000
1776094547.951,47.951,0.63,0.64,0.36,0.37,0.01,0.01,71785.58,1776094546000
1776094548.409,48.409,0.63,0.64,0.36,0.37,0.01,0.01,71792.06,1776094547000
1776094548.758,48.758,0.63,0.64,0.36,0.37,0.01,0.01,71792.06,1776094547000
1776094549.262,49.262,0.62,0.64,0.36,0.37,0.02,0.01,71793.83,1776094548000
1776094549.617,49.617,0.6,0.62,0.37,0.39,0.02,0.02,71793.83,1776094548000
1776094549.981,49.981,0.6,0.61,0.39,0.4,0.01,0.01,71793.83,1776094548000
1776094550.383,50.383,0.6,0.61,0.39,0.4,0.01,0.01,71794.48,1776094549000
1776094550.851,50.851,0.6,0.61,0.39,0.4,0.01,0.01,71794.48,1776094549000
1776094551.189,51.189,0.6,0.61,0.39,0.4,0.01,0.01,71793.64,1776094550000
1776094551.68,51.68,0.6,0.61,0.39,0.4,0.01,0.01,71793.64,1776094550000
1776094552.088,52.088,0.6,0.61,0.39,0.4,0.01,0.01,71791.8,1776094551000
1776094552.433,52.433,0.59,0.61,0.39,0.4,0.02,0.01,71791.8,1776094551000
1776094553.021,53.021,0.59,0.6,0.4,0.41,0.01,0.01,71791.8,1776094551000
1776094553.549,53.549,0.59,0.6,0.4,0.41,0.01,0.01,71791.77,1776094552000
1776094553.902,53.902,0.59,0.6,0.4,0.41,0.01,0.01,71791.77,1776094552000
1776094554.483,54.483,0.59,0.6,0.4,0.41,0.01,0.01,71791.77,1776094552000
1776094555.259,55.259,0.59,0.6,0.4,0.41,0.01,0.01,71791.69,1776094554000
1776094555.865,55.865,0.58,0.59,0.4,0.42,0.01,0.02,71791.69,1776094554000
1776094556.258,56.258,0.55,0.56,0.41,0.44,0.01,0.03,71791.69,1776094554000
1776094556.698,56.698,0.56,0.57,0.43,0.44,0.01,0.01,71791.88,1776094555000
1776094557.253,57.253,0.56,0.58,0.42,0.44,0.02,0.02,71791.65,1776094556000
1776094557.588,57.588,0.58,0.61,0.39,0.42,0.03,0.03,71791.65,1776094556000
1776094558.014,58.014,0.6,0.62,0.38,0.4,0.02,0.02,71791.65,1776094556000
1776094558.446,58.446,0.61,0.62,0.38,0.39,0.01,0.01,71789.68,1776094557000
1776094558.807,58.807,0.61,0.62,0.38,0.39,0.01,0.01,71789.68,1776094557000
1776094559.203,59.203,0.62,0.63,0.37,0.38,0.01,0.01,71787.41,1776094558000
1776094559.766,59.766,0.62,0.63,0.37,0.38,0.01,0.01,71787.41,1776094558000
1776094560.286,60.286,0.62,0.63,0.37,0.38,0.01,0.01,71787.41,1776094558000
1776094560.625,60.625,0.62,0.63,0.37,0.38,0.01,0.01,71793.75,1776094559000
1776094560.961,60.961,0.62,0.63,0.37,0.38,0.01,0.01,71793.7,1776094560000
1776094561.592,61.592,0.62,0.63,0.37,0.38,0.01,0.01,71793.7,1776094560000
1776094561.94,61.94,0.59,0.63,0.37,0.38,0.04,0.01,71793.7,1776094560000
1776094562.371,62.371,0.59,0.6,0.39,0.41,0.01,0.02,71794.62,1776094561000
1776094562.769,62.769,0.59,0.6,0.4,0.41,0.01,0.01,71794.62,1776094561000
1776094563.151,63.151,0.58,0.6,0.4,0.42,0.02,0.02,71794.62,1776094561000
1776094563.487,63.487,0.57,0.58,0.42,0.43,0.01,0.01,71794.62,1776094562000
1776094563.82,63.82,0.55,0.56,0.44,0.45,0.01,0.01,71794.62,1776094562000
1776094564.193,64.193,0.53,0.55,0.45,0.47,0.02,0.02,71793.53,1776094563000
1776094564.541,64.541,0.53,0.54,0.46,0.5,0.01,0.04,71793.53,1776094563000
1776094564.892,64.892,0.5,0.52,0.47,0.5,0.02,0.03,71793.53,1776094563000
1776094565.244,65.244,0.49,0.51,0.49,0.5,0.02,0.01,71781.01,1776094564000
1776094565.613,65.613,0.49,0.5,0.49,0.51,0.01,0.02,71781.01,1776094564000
1776094566.03,66.03,0.48,0.49,0.51,0.52,0.01,0.01,71781.01,1776094564000
1776094566.386,66.386,0.47,0.48,0.51,0.53,0.01,0.02,71762.55,1776094565000
1776094566.773,66.773,0.45,0.47,0.53,0.55,0.02,0.02,71762.55,1776094565000
1776094567.191,67.191,0.45,0.46,0.54,0.55,0.01,0.01,71762.55,1776094565000
1776094567.85,67.85,0.44,0.45,0.54,0.56,0.01,0.02,71757.48,1776094566000
1776094568.358,68.358,0.44,0.45,0.55,0.56,0.01,0.01,71752.16,1776094567000
1776094568.696,68.696,0.39,0.41,0.59,0.6,0.02,0.01,71752.16,1776094567000
1776094569.067,69.067,0.39,0.4,0.59,0.61,0.01,0.02,71752.16,1776094567000
1776094569.419,69.419,0.39,0.41,0.59,0.6,0.02,0.01,71750.36,1776094568000
1776094569.84,69.84,0.39,0.4,0.6,0.61,0.01,0.01,71750.36,1776094568000
1776094570.217,70.217,0.39,0.4,0.6,0.61,0.01,0.01,71746.96,1776094569000
1776094570.701,70.701,0.39,0.4,0.6,0.61,0.01,0.01,71746.96,1776094569000
1776094571.055,71.055,0.39,0.4,0.6,0.61,0.01,0.01,71746.96,1776094569000
1776094571.392,71.392,0.39,0.4,0.6,0.61,0.01,0.01,71739.8,1776094570000
1776094571.772,71.772,0.39,0.4,0.6,0.61,0.01,0.01,71739.8,1776094570000
1776094572.138,72.138,0.39,0.4,0.6,0.61,0.01,0.01,71739.8,1776094570000
1776094572.485,72.485,0.42,0.43,0.57,0.58,0.01,0.01,71739.14,1776094571000
1776094572.833,72.833,0.42,0.43,0.57,0.58,0.01,0.01,71739.14,1776094571000
1776094573.191,73.191,0.42,0.43,0.57,0.58,0.01,0.01,71739.14,1776094571000
1776094573.526,73.526,0.43,0.44,0.56,0.57,0.01,0.01,71740.09,1776094572000
1776094573.876,73.876,0.43,0.44,0.56,0.57,0.01,0.01,71740.09,1776094572000
1776094574.215,74.215,0.43,0.45,0.55,0.57,0.02,0.02,71743.39,1776094573000
1776094574.676,74.676,0.44,0.45,0.55,0.56,0.01,0.01,71743.39,1776094573000
1776094575.024,75.024,0.44,0.45,0.55,0.56,0.01,0.01,71743.39,1776094573000
1776094575.396,75.396,0.44,0.45,0.55,0.56,0.01,0.01,71747.41,1776094574000
1776094575.763,75.763,0.44,0.45,0.55,0.56,0.01,0.01,71747.41,1776094574000
1776094576.178,76.178,0.44,0.45,0.55,0.56,0.01,0.01,71747.41,1776094574000
1776094576.624,76.624,0.44,0.45,0.55,0.56,0.01,0.01,71751.16,1776094575000
1776094576.965,76.965,0.43,0.45,0.55,0.56,0.02,0.01,71751.16,1776094575000
1776094577.352,77.352,0.43,0.44,0.56,0.57,0.01,0.01,71750.3,1776094576000
1776094577.76,77.76,0.43,0.44,0.56,0.57,0.01,0.01,71750.3,1776094576000
1776094578.16,78.16,0.43,0.44,0.56,0.57,0.01,0.01,71750.3,1776094576000
1776094578.522,78.522,0.43,0.44,0.56,0.57,0.01,0.01,71750.49,1776094577000
1776094578.932,78.932,0.43,0.44,0.56,0.57,0.01,0.01,71750.49,1776094577000
1776094579.372,79.372,0.44,0.45,0.55,0.57,0.01,0.02,71750.49,1776094577000
1776094579.724,79.724,0.43,0.45,0.55,0.56,0.02,0.01,71750.48,1776094578000
1776094580.195,80.195,0.41,0.42,0.56,0.59,0.01,0.03,71750.48,1776094578000
1776094580.531,80.531,0.41,0.42,0.58,0.59,0.01,0.01,71750.58,1776094579000
1776094580.873,80.873,0.4,0.42,0.58,0.59,0.02,0.01,71750.58,1776094579000
1776094581.292,81.292,0.4,0.41,0.59,0.6,0.01,0.01,71750.89,1776094580000
1776094581.628,81.628,0.4,0.41,0.59,0.6,0.01,0.01,71750.89,1776094580000
1776094581.964,81.964,0.4,0.41,0.59,0.6,0.01,0.01,71750.89,1776094580000
1776094582.298,82.298,0.4,0.41,0.59,0.6,0.01,0.01,71744.16,1776094581000
1776094582.631,82.631,0.39,0.4,0.6,0.61,0.01,0.01,71744.16,1776094581000
1776094582.981,82.981,0.38,0.39,0.61,0.62,0.01,0.01,71744.16,1776094581000
1776094583.339,83.339,0.38,0.39,0.61,0.62,0.01,0.01,71741.16,1776094582000
1776094583.686,83.686,0.38,0.39,0.61,0.62,0.01,0.01,71741.16,1776094582000
1776094584.059,84.059,0.38,0.39,0.61,0.62,0.01,0.01,71741.16,1776094582000
1776094584.394,84.394,0.38,0.39,0.61,0.62,0.01,0.01,71739.47,1776094583000
1776094584.784,84.784,0.38,0.39,0.61,0.62,0.01,0.01,71739.47,1776094583000
1776094585.126,85.126,0.38,0.39,0.61,0.62,0.01,0.01,71739.47,1776094583000
1776094585.553,85.553,0.37,0.38,0.62,0.63,0.01,0.01,71737.36,1776094584000
1776094585.887,85.887,0.36,0.38,0.62,0.64,0.02,0.02,71737.36,1776094584000
1776094586.288,86.288,0.36,0.37,0.63,0.64,0.01,0.01,71737.25,1776094585000
1776094586.755,86.755,0.33,0.34,0.64,0.66,0.01,0.02,71737.25,1776094585000
1776094587.107,87.107,0.33,0.34,0.66,0.67,0.01,0.01,71737.25,1776094585000
1776094587.471,87.471,0.32,0.34,0.66,0.68,0.02,0.02,71732.9,1776094586000
1776094587.826,87.826,0.31,0.32,0.68,0.69,0.01,0.01,71732.9,1776094586000
1776094588.167,88.167,0.3,0.31,0.69,0.7,0.01,0.01,71731.45,1776094587000
1776094588.501,88.501,0.3,0.31,0.69,0.7,0.01,0.01,71731.45,1776094587000
1776094588.845,88.845,0.3,0.31,0.69,0.7,0.01,0.01,71717.74,1776094588000
1776094589.244,89.244,0.29,0.3,0.7,0.71,0.01,0.01,71717.74,1776094588000
1776094589.596,89.596,0.29,0.3,0.7,0.71,0.01,0.01,71717.74,1776094588000
1776094589.931,89.931,0.29,0.3,0.7,0.71,0.01,0.01,71717.74,1776094588000
1776094590.271,90.271,0.29,0.3,0.7,0.71,0.01,0.01,71715.55,1776094589000
1776094590.629,90.629,0.28,0.29,0.7,0.72,0.01,0.02,71715.55,1776094589000
1776094590.983,90.983,0.28,0.29,0.71,0.72,0.01,0.01,71715.55,1776094589000
1776094591.317,91.317,0.28,0.29,0.71,0.72,0.01,0.01,71714.8,1776094590000
1776094591.67,91.67,0.28,0.29,0.71,0.72,0.01,0.01,71714.8,1776094590000
1776094592.004,92.004,0.27,0.28,0.72,0.73,0.01,0.01,71714.72,1776094591000
1776094592.468,92.468,0.27,0.28,0.72,0.73,0.01,0.01,71714.72,1776094591000
1776094592.806,92.806,0.27,0.28,0.72,0.73,0.01,0.01,71714.72,1776094591000
1776094593.215,93.215,0.27,0.28,0.72,0.73,0.01,0.01,71712.42,1776094592000
1776094593.563,93.563,0.27,0.28,0.72,0.73,0.01,0.01,71712.42,1776094592000
1776094594.022,94.022,0.27,0.28,0.72,0.73,0.01,0.01,71712.42,1776094592000
1776094594.391,94.391,0.27,0.28,0.72,0.73,0.01,0.01,71711.55,1776094593000
1776094594.727,94.727,0.27,0.28,0.72,0.73,0.01,0.01,71711.55,1776094593000
1776094595.064,95.064,0.27,0.28,0.72,0.73,0.01,0.01,71712.91,1776094594000
1776094595.405,95.405,0.27,0.28,0.72,0.73,0.01,0.01,71712.91,1776094594000
1776094595.743,95.743,0.27,0.28,0.72,0.73,0.01,0.01,71712.91,1776094594000
1776094596.37,96.37,0.27,0.28,0.72,0.73,0.01,0.01,71716.92,1776094595000
1776094596.716,96.716,0.27,0.32,0.68,0.73,0.05,0.05,71716.92,1776094595000
1776094597.049,97.049,0.34,0.35,0.65,0.66,0.01,0.01,71728.07,1776094596000
1776094597.39,97.39,0.35,0.36,0.64,0.65,0.01,0.01,71728.07,1776094596000
1776094597.767,97.767,0.36,0.37,0.63,0.64,0.01,0.01,71728.07,1776094596000
1776094598.149,98.149,0.36,0.37,0.63,0.64,0.01,0.01,71728.11,1776094597000
1776094598.487,98.487,0.36,0.37,0.63,0.64,0.01,0.01,71728.11,1776094597000
1776094598.834,98.834,0.36,0.37,0.63,0.64,0.01,0.01,71728.11,1776094597000
1776094599.185,99.185,0.36,0.37,0.63,0.64,0.01,0.01,71727.0,1776094598000
1776094599.572,99.572,0.35,0.36,0.64,0.65,0.01,0.01,71727.0,1776094598000
1776094599.906,99.906,0.35,0.36,0.64,0.65,0.01,0.01,71727.0,1776094598000
1776094600.271,100.271,0.35,0.36,0.64,0.65,0.01,0.01,71726.68,1776094599000
1776094600.669,100.669,0.34,0.35,0.65,0.66,0.01,0.01,71726.68,1776094599000
1776094601.034,101.034,0.34,0.35,0.65,0.66,0.01,0.01,71726.68,1776094599000
1776094601.442,101.442,0.35,0.39,0.64,0.65,0.04,0.01,71727.24,1776094600000
1776094601.775,101.775,0.35,0.36,0.64,0.65,0.01,0.01,71727.24,1776094600000
1776094602.134,102.134,0.36,0.37,0.63,0.64,0.01,0.01,71727.4,1776094601000
1776094602.535,102.535,0.37,0.38,0.62,0.63,0.01,0.01,71727.4,1776094601000
1776094602.876,102.876,0.34,0.35,0.64,0.66,0.01,0.02,71727.4,1776094601000
1776094603.233,103.233,0.34,0.35,0.65,0.66,0.01,0.01,71726.85,1776094602000
1776094603.69,103.69,0.32,0.33,0.66,0.67,0.01,0.01,71726.85,1776094602000
1776094604.106,104.106,0.3,0.31,0.69,0.7,0.01,0.01,71726.85,1776094602000
1776094604.519,104.519,0.3,0.31,0.69,0.7,0.01,0.01,71722.05,1776094603000
1776094604.937,104.937,0.3,0.31,0.69,0.7,0.01,0.01,71722.05,1776094603000
1776094605.275,105.275,0.3,0.31,0.69,0.7,0.01,0.01,71720.41,1776094604000
1776094605.648,105.648,0.3,0.31,0.69,0.7,0.01,0.01,71720.41,1776094604000
1776094606.064,106.064,0.3,0.31,0.69,0.7,0.01,0.01,71720.41,1776094604000
1776094606.434,106.434,0.3,0.31,0.69,0.7,0.01,0.01,71716.0,1776094605000
1776094606.785,106.785,0.3,0.31,0.69,0.7,0.01,0.01,71716.0,1776094605000
1776094607.215,107.215,0.3,0.31,0.69,0.7,0.01,0.01,71715.12,1776094606000
1776094607.548,107.548,0.27,0.28,0.72,0.73,0.01,0.01,71715.12,1776094606000
1776094607.926,107.926,0.25,0.26,0.74,0.75,0.01,0.01,71715.12,1776094606000
1776094608.267,108.267,0.24,0.25,0.75,0.76,0.01,0.01,71715.12,1776094606000
1776094608.605,108.605,0.21,0.25,0.75,0.79,0.04,0.04,71714.59,1776094607000
1776094608.953,108.953,0.22,0.23,0.77,0.78,0.01,0.01,71714.59,1776094607000
1776094609.299,109.299,0.22,0.23,0.77,0.78,0.01,0.01,71714.59,1776094607000
1776094609.639,109.639,0.22,0.23,0.77,0.78,0.01,0.01,71704.05,1776094608000
1776094610.085,110.085,0.22,0.23,0.77,0.78,0.01,0.01,71704.05,1776094608000
1776094610.571,110.571,0.22,0.23,0.77,0.78,0.01,0.01,71690.12,1776094609000
1776094610.904,110.904,0.22,0.23,0.77,0.78,0.01,0.01,71690.12,1776094609000
1776094611.238,111.238,0.22,0.23,0.77,0.78,0.01,0.01,71689.05,1776094610000
1776094611.606,111.606,0.22,0.24,0.77,0.78,0.02,0.01,71689.05,1776094610000
1776094611.945,111.945,0.23,0.24,0.76,0.77,0.01,0.01,71689.05,1776094610000
1776094612.361,112.361,0.23,0.24,0.76,0.77,0.01,0.01,71689.05,1776094610000
1776094612.743,112.743,0.22,0.23,0.77,0.78,0.01,0.01,71688.73,1776094611000
1776094613.096,113.096,0.22,0.23,0.77,0.78,0.01,0.01,71690.39,1776094612000
1776094613.453,113.453,0.22,0.23,0.77,0.78,0.01,0.01,71690.39,1776094612000
1776094613.793,113.793,0.22,0.23,0.77,0.78,0.01,0.01,71690.39,1776094612000
1776094614.126,114.126,0.22,0.23,0.77,0.78,0.01,0.01,71690.39,1776094612000
1776094614.551,114.551,0.23,0.24,0.75,0.77,0.01,0.02,71694.19,1776094613000
1776094614.887,114.887,0.24,0.25,0.75,0.76,0.01,0.01,71694.19,1776094613000
1776094615.386,115.386,0.24,0.25,0.75,0.76,0.01,0.01,71694.19,1776094613000
1776094615.743,115.743,0.23,0.25,0.75,0.77,0.02,0.02,71698.19,1776094614000
1776094616.109,116.109,0.21,0.23,0.77,0.78,0.02,0.01,71698.19,1776094615000
1776094616.655,116.655,0.21,0.22,0.77,0.79,0.01,0.02,71698.19,1776094615000
1776094617.005,117.005,0.21,0.22,0.78,0.79,0.01,0.01,71698.19,1776094615000
1776094617.338,117.338,0.21,0.22,0.78,0.79,0.01,0.01,71698.19,1776094615000
1776094617.807,117.807,0.22,0.23,0.77,0.79,0.01,0.02,71695.34,1776094616000
1776094618.149,118.149,0.23,0.24,0.76,0.77,0.01,0.01,71693.64,1776094617000
1776094618.61,118.61,0.24,0.25,0.76,0.77,0.01,0.01,71693.64,1776094617000
1776094618.956,118.956,0.26,0.27,0.73,0.74,0.01,0.01,71693.64,1776094617000
1776094619.301,119.301,0.27,0.28,0.72,0.73,0.01,0.01,71696.36,1776094618000
1776094619.856,119.856,0.26,0.27,0.73,0.74,0.01,0.01,71696.36,1776094618000
1776094620.201,120.201,0.26,0.27,0.73,0.74,0.01,0.01,71696.36,1776094618000
1776094620.551,120.551,0.24,0.27,0.73,0.75,0.03,0.02,71707.7,1776094619000
1776094620.899,120.899,0.25,0.26,0.74,0.75,0.01,0.01,71707.7,1776094619000
1776094621.284,121.284,0.24,0.25,0.74,0.75,0.01,0.01,71707.95,1776094620000
1776094621.641,121.641,0.23,0.24,0.76,0.77,0.01,0.01,71707.95,1776094620000
1776094622.02,122.02,0.23,0.24,0.76,0.77,0.01,0.01,71707.95,1776094620000
1776094622.39,122.39,0.23,0.24,0.76,0.77,0.01,0.01,71704.19,1776094621000
1776094622.725,122.725,0.23,0.24,0.76,0.77,0.01,0.01,71704.19,1776094621000
1776094623.058,123.058,0.23,0.24,0.76,0.77,0.01,0.01,71704.19,1776094621000
1776094623.51,123.51,0.23,0.24,0.76,0.77,0.01,0.01,71702.13,1776094622000
1776094623.885,123.885,0.23,0.24,0.76,0.77,0.01,0.01,71702.13,1776094622000
1776094624.949,124.949,0.23,0.24,0.76,0.77,0.01,0.01,71700.11,1776094623000
1776094625.375,125.375,0.22,0.24,0.76,0.78,0.02,0.02,71700.11,1776094623000
1776094625.812,125.812,0.23,0.24,0.76,0.77,0.01,0.01,71700.11,1776094624000
1776094626.25,126.25,0.23,0.24,0.76,0.77,0.01,0.01,71699.99,1776094625000
1776094626.763,126.763,0.23,0.25,0.76,0.77,0.02,0.01,71699.99,1776094625000
1776094627.154,127.154,0.23,0.24,0.76,0.77,0.01,0.01,71699.99,1776094625000
1776094627.522,127.522,0.23,0.24,0.76,0.78,0.01,0.02,71697.94,1776094626000
1776094627.859,127.859,0.22,0.23,0.77,0.78,0.01,0.01,71697.94,1776094626000
1776094628.249,128.249,0.22,0.23,0.77,0.78,0.01,0.01,71697.94,1776094626000
1776094628.597,128.597,0.22,0.23,0.77,0.78,0.01,0.01,71701.08,1776094627000
1776094628.969,128.969,0.23,0.24,0.76,0.77,0.01,0.01,71696.95,1776094628000
1776094629.346,129.346,0.23,0.24,0.76,0.77,0.01,0.01,71696.95,1776094628000
1776094629.838,129.838,0.22,0.23,0.76,0.78,0.01,0.02,71696.95,1776094628000
1776094630.418,130.418,0.22,0.23,0.77,0.78,0.01,0.01,71694.16,1776094629000
1776094631.283,131.283,0.22,0.23,0.77,0.78,0.01,0.01,71692.09,1776094630000
1776094631.923,131.923,0.22,0.23,0.77,0.78,0.01,0.01,71692.09,1776094630000
1776094632.299,132.299,0.22,0.23,0.77,0.78,0.01,0.01,71692.09,1776094630000
1776094632.755,132.755,0.23,0.24,0.76,0.77,0.01,0.01,71693.31,1776094631000
1776094633.104,133.104,0.27,0.28,0.73,0.74,0.01,0.01,71694.13,1776094632000
1776094633.554,133.554,0.27,0.28,0.72,0.73,0.01,0.01,71694.13,1776094632000
1776094633.993,133.993,0.26,0.27,0.73,0.74,0.01,0.01,71699.59,1776094633000
1776094634.346,134.346,0.26,0.27,0.73,0.74,0.01,0.01,71699.59,1776094633000
1776094634.695,134.695,0.2,0.24,0.76,0.8,0.04,0.04,71699.59,1776094633000
1776094635.037,135.037,0.22,0.23,0.77,0.78,0.01,0.01,71699.59,1776094633000
1776094635.384,135.384,0.21,0.22,0.78,0.79,0.01,0.01,71707.91,1776094634000
1776094635.723,135.723,0.21,0.22,0.78,0.79,0.01,0.01,71707.91,1776094634000
1776094636.057,136.057,0.19,0.21,0.79,0.81,0.02,0.02,71707.91,1776094634000
1776094636.395,136.395,0.2,0.21,0.79,0.8,0.01,0.01,71691.17,1776094635000
1776094636.777,136.777,0.2,0.21,0.78,0.8,0.01,0.02,71691.17,1776094635000
1776094637.172,137.172,0.2,0.21,0.79,0.8,0.01,0.01,71686.97,1776094636000
1776094637.508,137.508,0.2,0.21,0.79,0.8,0.01,0.01,71686.97,1776094636000
1776094637.853,137.853,0.2,0.21,0.79,0.8,0.01,0.01,71686.97,1776094636000
1776094638.237,138.237,0.2,0.21,0.79,0.8,0.01,0.01,71686.97,1776094636000
1776094638.597,138.597,0.21,0.22,0.78,0.79,0.01,0.01,71685.65,1776094637000
1776094638.938,138.938,0.21,0.22,0.78,0.79,0.01,0.01,71685.65,1776094637000
1776094639.637,139.637,0.21,0.22,0.78,0.79,0.01,0.01,71685.65,1776094637000
1776094639.981,139.981,0.2,0.22,0.78,0.79,0.02,0.01,71688.66,1776094638000
1776094640.317,140.317,0.2,0.21,0.79,0.8,0.01,0.01,71688.66,1776094638000
1776094640.722,140.722,0.19,0.2,0.79,0.8,0.01,0.01,71691.34,1776094639000
1776094641.096,141.096,0.19,0.2,0.8,0.81,0.01,0.01,71691.34,1776094639000
1776094641.509,141.509,0.19,0.2,0.8,0.81,0.01,0.01,71691.34,1776094639000
1776094641.851,141.851,0.19,0.22,0.8,0.81,0.03,0.01,71693.33,1776094640000
1776094642.237,142.237,0.21,0.22,0.78,0.79,0.01,0.01,71693.33,1776094640000
1776094642.597,142.597,0.21,0.22,0.78,0.79,0.01,0.01,71693.32,1776094641000
1776094642.951,142.951,0.2,0.21,0.79,0.8,0.01,0.01,71693.32,1776094641000
1776094643.322,143.322,0.18,0.19,0.81,0.82,0.01,0.01,71693.32,1776094641000
1776094643.721,143.721,0.18,0.19,0.81,0.82,0.01,0.01,71694.96,1776094642000
1776094644.07,144.07,0.18,0.19,0.81,0.82,0.01,0.01,71694.96,1776094642000
1776094644.632,144.632,0.18,0.19,0.81,0.82,0.01,0.01,71694.96,1776094643000
1776094645.083,145.083,0.18,0.19,0.81,0.82,0.01,0.01,71694.96,1776094643000
1776094645.458,145.458,0.18,0.19,0.81,0.82,0.01,0.01,71694.96,1776094643000
1776094645.852,145.852,0.18,0.19,0.81,0.82,0.01,0.01,71687.32,1776094644000
1776094646.204,146.204,0.18,0.19,0.81,0.82,0.01,0.01,71687.32,1776094644000
1776094646.623,146.623,0.17,0.19,0.81,0.82,0.02,0.01,71687.58,1776094645000
1776094646.976,146.976,0.18,0.19,0.81,0.82,0.01,0.01,71687.58,1776094645000
1776094647.515,147.515,0.17,0.18,0.81,0.82,0.01,0.01,71687.58,1776094645000
1776094647.9,147.9,0.17,0.18,0.82,0.83,0.01,0.01,71688.83,1776094646000
1776094648.505,148.505,0.18,0.19,0.81,0.83,0.01,0.02,71688.8,1776094647000
1776094648.921,148.921,0.18,0.19,0.81,0.84,0.01,0.03,71688.8,1776094647000
1776094649.289,149.289,0.17,0.19,0.81,0.82,0.02,0.01,71688.8,1776094647000
1776094649.629,149.629,0.18,0.19,0.81,0.82,0.01,0.01,71688.8,1776094647000
1776094649.982,149.982,0.18,0.19,0.81,0.82,0.01,0.01,71688.83,1776094648000
1776094650.319,150.319,0.18,0.19,0.81,0.82,0.01,0.01,71688.92,1776094649000
1776094650.682,150.682,0.18,0.19,0.81,0.82,0.01,0.01,71688.92,1776094649000
1776094651.357,151.357,0.18,0.19,0.81,0.82,0.01,0.01,71688.92,1776094649000
1776094651.769,151.769,0.18,0.19,0.81,0.82,0.01,0.01,71692.58,1776094650000
1776094652.16,152.16,0.18,0.19,0.81,0.82,0.01,0.01,71692.58,1776094650000
1776094652.524,152.524,0.17,0.18,0.82,0.83,0.01,0.01,71693.18,1776094651000
1776094653.25,153.25,0.17,0.18,0.82,0.83,0.01,0.01,71693.18,1776094651000
1776094653.592,153.592,0.17,0.18,0.82,0.83,0.01,0.01,71691.3,1776094652000
1776094654.103,154.103,0.17,0.18,0.82,0.83,0.01,0.01,71691.3,1776094652000
1776094654.484,154.484,0.18,0.19,0.81,0.83,0.01,0.02,71690.21,1776094653000
1776094654.82,154.82,0.18,0.19,0.81,0.82,0.01,0.01,71690.21,1776094653000
1776094655.217,155.217,0.18,0.19,0.81,0.82,0.01,0.01,71690.21,1776094653000
1776094655.559,155.559,0.18,0.2,0.81,0.82,0.02,0.01,71690.21,1776094653000
1776094655.932,155.932,0.19,0.2,0.8,0.82,0.01,0.02,71692.37,1776094654000
1776094656.293,156.293,0.19,0.2,0.8,0.81,0.01,0.01,71692.91,1776094655000
1776094656.651,156.651,0.19,0.2,0.8,0.81,0.01,0.01,71692.91,1776094655000
1776094657.01,157.01,0.19,0.2,0.8,0.81,0.01,0.01,71692.91,1776094655000
1776094657.776,157.776,0.18,0.19,0.8,0.81,0.01,0.01,71701.47,1776094656000
1776094658.376,158.376,0.18,0.19,0.81,0.82,0.01,0.01,71702.56,1776094657000
1776094658.94,158.94,0.18,0.19,0.8,0.82,0.01,0.02,71702.56,1776094657000
1776094659.296,159.296,0.21,0.23,0.77,0.79,0.02,0.02,71702.56,1776094657000
1776094659.701,159.701,0.21,0.22,0.78,0.79,0.01,0.01,71702.42,1776094658000
1776094660.055,160.055,0.21,0.22,0.76,0.79,0.01,0.03,71702.42,1776094658000
1776094660.443,160.443,0.21,0.22,0.78,0.79,0.01,0.01,71701.83,1776094659000
1776094660.921,160.921,0.21,0.22,0.78,0.79,0.01,0.01,71701.83,1776094659000
1776094661.427,161.427,0.21,0.22,0.78,0.79,0.01,0.01,71701.83,1776094659000
1776094661.791,161.791,0.21,0.22,0.78,0.79,0.01,0.01,71701.83,1776094659000
1776094662.141,162.141,0.21,0.22,0.78,0.79,0.01,0.01,71699.86,1776094660000
1776094662.648,162.648,0.21,0.22,0.78,0.79,0.01,0.01,71686.79,1776094661000
1776094663.187,163.187,0.2,0.23,0.77,0.8,0.03,0.03,71689.25,1776094662000
1776094663.564,163.564,0.2,0.21,0.79,0.8,0.01,0.01,71689.25,1776094662000
1776094664.023,164.023,0.2,0.21,0.79,0.8,0.01,0.01,71689.25,1776094662000
1776094664.383,164.383,0.15,0.16,0.84,0.85,0.01,0.01,71704.29,1776094663000
1776094664.733,164.733,0.15,0.17,0.83,0.85,0.02,0.02,71704.29,1776094663000
1776094665.087,165.087,0.17,0.19,0.83,0.84,0.02,0.01,71704.29,1776094663000
1776094665.452,165.452,0.22,0.23,0.77,0.81,0.01,0.04,71704.29,1776094663000
1776094665.802,165.802,0.21,0.22,0.77,0.79,0.01,0.02,71704.29,1776094663000
1776094666.161,166.161,0.21,0.22,0.78,0.79,0.01,0.01,71702.98,1776094664000
1776094666.51,166.51,0.2,0.21,0.79,0.8,0.01,0.01,71702.81,1776094665000
1776094666.843,166.843,0.21,0.22,0.78,0.79,0.01,0.01,71702.81,1776094665000
1776094667.198,167.198,0.21,0.22,0.78,0.79,0.01,0.01,71702.81,1776094666000
1776094667.671,167.671,0.21,0.22,0.78,0.79,0.01,0.01,71702.81,1776094666000
1776094668.074,168.074,0.21,0.22,0.78,0.79,0.01,0.01,71702.81,1776094666000
1776094668.75,168.75,0.21,0.22,0.78,0.79,0.01,0.01,71705.11,1776094667000
1776094669.139,169.139,0.25,0.26,0.74,0.75,0.01,0.01,71705.11,1776094667000
1776094669.623,169.623,0.27,0.28,0.71,0.73,0.01,0.02,71706.41,1776094668000
1776094670.043,170.043,0.28,0.29,0.71,0.72,0.01,0.01,71706.41,1776094668000
1776094670.38,170.38,0.28,0.29,0.7,0.72,0.01,0.02,71706.73,1776094669000
1776094670.827,170.827,0.29,0.3,0.7,0.71,0.01,0.01,71706.73,1776094669000
1776094671.212,171.212,0.3,0.31,0.69,0.7,0.01,0.01,71730.5,1776094670000
1776094671.628,171.628,0.3,0.31,0.69,0.7,0.01,0.01,71730.5,1776094670000
1776094672.016,172.016,0.3,0.31,0.69,0.7,0.01,0.01,71730.5,1776094670000
1776094672.363,172.363,0.3,0.31,0.69,0.7,0.01,0.01,71730.5,1776094670000
1776094672.704,172.704,0.3,0.32,0.68,0.7,0.02,0.02,71730.5,1776094670000
1776094673.038,173.038,0.3,0.31,0.69,0.7,0.01,0.01,71732.34,1776094671000
1776094673.436,173.436,0.3,0.31,0.69,0.7,0.01,0.01,71732.34,1776094671000
1776094673.826,173.826,0.31,0.32,0.68,0.69,0.01,0.01,71732.16,1776094672000
1776094674.19,174.19,0.31,0.32,0.68,0.69,0.01,0.01,71732.16,1776094672000
1776094674.613,174.613,0.31,0.32,0.68,0.69,0.01,0.01,71732.01,1776094673000
1776094674.977,174.977,0.31,0.32,0.68,0.69,0.01,0.01,71732.01,1776094673000
1776094675.536,175.536,0.31,0.32,0.68,0.69,0.01,0.01,71731.68,1776094674000
1776094676.368,176.368,0.31,0.32,0.68,0.7,0.01,0.02,71731.68,1776094674000
1776094676.743,176.743,0.31,0.32,0.68,0.69,0.01,0.01,71731.68,1776094674000
1776094677.402,177.402,0.32,0.33,0.67,0.69,0.01,0.02,71732.17,1776094675000
1776094678.351,178.351,0.32,0.33,0.67,0.68,0.01,0.01,71732.47,1776094677000
1776094678.684,178.684,0.3,0.31,0.69,0.7,0.01,0.01,71732.47,1776094677000
1776094679.04,179.04,0.3,0.31,0.69,0.7,0.01,0.01,71734.76,1776094678000
1776094679.872,179.872,0.3,0.32,0.69,0.7,0.02,0.01,71734.76,1776094678000
1776094680.287,180.287,0.3,0.31,0.69,0.7,0.01,0.01,71734.76,1776094678000
1776094680.675,180.675,0.28,0.29,0.71,0.72,0.01,0.01,71730.16,1776094679000
1776094681.013,181.013,0.27,0.31,0.69,0.73,0.04,0.04,71730.16,1776094679000
1776094681.426,181.426,0.27,0.28,0.72,0.73,0.01,0.01,71725.81,1776094680000
1776094681.769,181.769,0.27,0.28,0.72,0.73,0.01,0.01,71725.81,1776094680000
1776094682.127,182.127,0.27,0.28,0.72,0.73,0.01,0.01,71725.81,1776094680000
1776094682.475,182.475,0.27,0.28,0.72,0.73,0.01,0.01,71725.81,1776094680000
1776094682.844,182.844,0.26,0.28,0.72,0.74,0.02,0.02,71718.67,1776094681000
1776094683.418,183.418,0.21,0.24,0.75,0.77,0.03,0.02,71718.67,1776094681000
1776094683.777,183.777,0.22,0.23,0.77,0.78,0.01,0.01,71718.71,1776094682000
1776094684.151,184.151,0.23,0.24,0.76,0.77,0.01,0.01,71719.53,1776094683000
1776094684.593,184.593,0.23,0.24,0.76,0.77,0.01,0.01,71719.53,1776094683000
1776094684.938,184.938,0.23,0.24,0.76,0.77,0.01,0.01,71719.53,1776094683000
1776094685.431,185.431,0.22,0.24,0.76,0.77,0.02,0.01,71719.53,1776094683000
1776094686.094,186.094,0.2,0.21,0.78,0.8,0.01,0.02,71708.93,1776094684000
1776094686.639,186.639,0.19,0.21,0.79,0.81,0.02,0.02,71708.67,1776094685000
1776094687.058,187.058,0.19,0.21,0.79,0.81,0.02,0.02,71708.46,1776094686000
1776094687.634,187.634,0.19,0.2,0.79,0.81,0.01,0.02,71708.46,1776094686000
1776094687.969,187.969,0.15,0.17,0.83,0.85,0.02,0.02,71708.46,1776094686000
1776094688.378,188.378,0.17,0.18,0.82,0.85,0.01,0.03,71708.46,1776094686000
1776094688.791,188.791,0.14,0.15,0.85,0.87,0.01,0.02,71692.06,1776094687000
1776094689.137,189.137,0.13,0.15,0.85,0.86,0.02,0.01,71692.06,1776094687000
1776094689.498,189.498,0.14,0.15,0.85,0.86,0.01,0.01,71684.95,1776094688000
1776094689.836,189.836,0.14,0.15,0.85,0.86,0.01,0.01,71684.95,1776094688000
1776094690.19,190.19,0.14,0.15,0.85,0.86,0.01,0.01,71681.13,1776094689000
1776094690.565,190.565,0.14,0.15,0.85,0.86,0.01,0.01,71681.13,1776094689000
1776094690.997,190.997,0.14,0.15,0.85,0.86,0.01,0.01,71681.13,1776094689000
1776094691.337,191.337,0.15,0.16,0.84,0.85,0.01,0.01,71681.13,1776094689000
1776094691.681,191.681,0.15,0.16,0.84,0.85,0.01,0.01,71681.13,1776094689000
1776094692.135,192.135,0.16,0.17,0.83,0.85,0.01,0.02,71683.11,1776094690000
1776094692.479,192.479,0.14,0.17,0.83,0.86,0.03,0.03,71685.23,1776094691000
1776094692.815,192.815,0.14,0.16,0.84,0.86,0.02,0.02,71685.23,1776094691000
1776094693.208,193.208,0.14,0.15,0.84,0.86,0.01,0.02,71687.51,1776094692000
1776094693.558,193.558,0.14,0.15,0.85,0.86,0.01,0.01,71687.51,1776094692000
1776094693.893,193.893,0.14,0.15,0.85,0.86,0.01,0.01,71687.51,1776094692000
1776094694.303,194.303,0.14,0.15,0.85,0.86,0.01,0.01,71687.57,1776094693000
1776094694.746,194.746,0.12,0.14,0.86,0.87,0.02,0.01,71687.57,1776094693000
1776094695.102,195.102,0.12,0.13,0.87,0.88,0.01,0.01,71687.57,1776094693000
1776094695.445,195.445,0.12,0.13,0.87,0.88,0.01,0.01,71684.89,1776094694000
1776094695.847,195.847,0.12,0.13,0.87,0.88,0.01,0.01,71684.89,1776094694000
1776094696.186,196.186,0.12,0.13,0.87,0.88,0.01,0.01,71684.89,1776094694000
1776094697.24,197.24,0.12,0.13,0.87,0.88,0.01,0.01,71681.67,1776094696000
1776094697.639,197.639,0.12,0.13,0.87,0.88,0.01,0.01,71681.67,1776094696000
1776094698.037,198.037,0.12,0.13,0.87,0.88,0.01,0.01,71681.67,1776094696000
1776094698.45,198.45,0.12,0.14,0.86,0.88,0.02,0.02,71684.61,1776094697000
1776094698.785,198.785,0.15,0.18,0.82,0.85,0.03,0.03,71684.61,1776094697000
1776094699.129,199.129,0.16,0.19,0.82,0.84,0.03,0.02,71685.54,1776094698000
1776094699.482,199.482,0.17,0.18,0.82,0.84,0.01,0.02,71685.54,1776094698000
1776094699.906,199.906,0.23,0.25,0.75,0.76,0.02,0.01,71685.54,1776094698000
1776094700.247,200.247,0.25,0.29,0.71,0.75,0.04,0.04,71727.45,1776094699000
1776094700.591,200.591,0.27,0.28,0.71,0.73,0.01,0.02,71727.45,1776094699000
1776094700.94,200.94,0.24,0.25,0.72,0.73,0.01,0.01,71727.45,1776094699000
1776094701.274,201.274,0.24,0.25,0.75,0.76,0.01,0.01,71729.6,1776094700000
1776094701.613,201.613,0.28,0.29,0.71,0.76,0.01,0.05,71729.6,1776094700000
1776094701.966,201.966,0.29,0.3,0.71,0.73,0.01,0.02,71743.15,1776094701000
1776094702.312,202.312,0.27,0.28,0.72,0.74,0.01,0.02,71743.15,1776094701000
1776094702.647,202.647,0.29,0.3,0.7,0.71,0.01,0.01,71743.15,1776094701000
1776094702.998,202.998,0.33,0.36,0.64,0.67,0.03,0.03,71753.0,1776094702000
1776094703.337,203.337,0.4,0.43,0.58,0.6,0.03,0.02,71753.0,1776094702000
1776094703.684,203.684,0.41,0.42,0.58,0.59,0.01,0.01,71753.0,1776094702000
1776094704.023,204.023,0.34,0.39,0.61,0.66,0.05,0.05,71753.0,1776094702000
1776094704.362,204.362,0.37,0.39,0.62,0.63,0.02,0.01,71753.0,1776094702000
1776094704.704,204.704,0.37,0.39,0.6,0.62,0.02,0.02,71773.12,1776094703000
1776094705.047,205.047,0.34,0.35,0.65,0.68,0.01,0.03,71773.12,1776094703000
1776094705.38,205.38,0.27,0.32,0.68,0.74,0.05,0.06,71785.96,1776094704000
1776094705.755,205.755,0.28,0.29,0.71,0.72,0.01,0.01,71785.96,1776094704000
1776094706.097,206.097,0.28,0.29,0.71,0.72,0.01,0.01,71785.96,1776094704000
1776094706.443,206.443,0.28,0.29,0.71,0.72,0.01,0.01,71760.29,1776094705000
1776094706.811,206.811,0.28,0.29,0.71,0.72,0.01,0.01,71760.29,1776094705000
1776094707.199,207.199,0.28,0.29,0.71,0.72,0.01,0.01,71760.29,1776094705000
1776094707.543,207.543,0.28,0.29,0.71,0.72,0.01,0.01,71760.29,1776094705000
1776094707.884,207.884,0.26,0.29,0.71,0.74,0.03,0.03,71742.65,1776094706000
1776094708.247,208.247,0.24,0.25,0.75,0.78,0.01,0.03,71742.65,1776094706000
1776094708.62,208.62,0.23,0.24,0.76,0.77,0.01,0.01,71740.26,1776094707000
1776094709.063,209.063,0.21,0.22,0.77,0.79,0.01,0.02,71740.26,1776094707000
1776094709.401,209.401,0.29,0.31,0.7,0.71,0.02,0.01,71738.4,1776094708000
1776094709.802,209.802,0.3,0.33,0.67,0.71,0.03,0.04,71738.4,1776094708000
1776094710.15,210.15,0.3,0.33,0.67,0.69,0.03,0.02,71738.4,1776094708000
1776094710.484,210.484,0.31,0.33,0.67,0.69,0.02,0.02,71738.4,1776094708000
1776094710.825,210.825,0.32,0.34,0.67,0.68,0.02,0.01,71720.13,1776094709000
1776094711.262,211.262,0.35,0.36,0.64,0.67,0.01,0.03,71728,1776094710000
1776094711.618,211.618,0.38,0.39,0.6,0.62,0.01,0.02,71728,1776094710000
1776094711.975,211.975,0.38,0.39,0.61,0.62,0.01,0.01,71728,1776094710000
1776094712.339,212.339,0.39,0.41,0.6,0.62,0.02,0.02,71740.3,1776094711000
1776094712.692,212.692,0.39,0.4,0.6,0.61,0.01,0.01,71740.3,1776094711000
1776094713.032,213.032,0.36,0.37,0.63,0.64,0.01,0.01,71740.3,1776094711000
1776094713.438,213.438,0.36,0.37,0.63,0.64,0.01,0.01,71740.3,1776094711000
1776094713.78,213.78,0.4,0.42,0.58,0.6,0.02,0.02,71753.2,1776094712000
1776094714.123,214.123,0.41,0.44,0.58,0.59,0.03,0.01,71755.58,1776094713000
1776094714.467,214.467,0.47,0.48,0.5,0.53,0.01,0.03,71755.58,1776094713000
1776094714.82,214.82,0.47,0.48,0.52,0.53,0.01,0.01,71755.58,1776094713000
1776094715.175,215.175,0.46,0.47,0.53,0.54,0.01,0.01,71752.74,1776094714000
1776094715.53,215.53,0.44,0.46,0.54,0.56,0.02,0.02,71752.74,1776094714000
1776094715.879,215.879,0.42,0.44,0.56,0.57,0.02,0.01,71752.74,1776094714000
1776094716.235,216.235,0.38,0.41,0.59,0.62,0.03,0.03,71752.74,1776094714000
1776094716.568,216.568,0.38,0.39,0.61,0.62,0.01,0.01,71767.39,1776094715000
1776094716.909,216.909,0.33,0.38,0.62,0.67,0.05,0.05,71767.39,1776094715000
1776094717.299,217.299,0.32,0.33,0.66,0.68,0.01,0.02,71767.39,1776094715000
1776094717.636,217.636,0.32,0.33,0.67,0.68,0.01,0.01,71767.39,1776094715000
1776094717.972,217.972,0.32,0.33,0.67,0.68,0.01,0.01,71766.93,1776094716000
1776094718.341,218.341,0.32,0.33,0.67,0.68,0.01,0.01,71759.66,1776094717000
1776094718.724,218.724,0.32,0.33,0.67,0.68,0.01,0.01,71759.66,1776094717000
1776094719.159,219.159,0.31,0.32,0.68,0.69,0.01,0.01,71739.2,1776094718000
1776094719.566,219.566,0.3,0.31,0.69,0.7,0.01,0.01,71739.2,1776094718000
1776094719.937,219.937,0.29,0.3,0.7,0.71,0.01,0.01,71739.2,1776094718000
1776094720.297,220.297,0.29,0.3,0.7,0.71,0.01,0.01,71739.2,1776094718000
1776094720.688,220.688,0.29,0.3,0.7,0.71,0.01,0.01,71736.39,1776094719000
1776094721.059,221.059,0.3,0.31,0.69,0.7,0.01,0.01,71736.39,1776094719000
1776094721.421,221.421,0.28,0.3,0.7,0.71,0.02,0.01,71736.39,1776094720000
1776094721.77,221.77,0.28,0.29,0.71,0.72,0.01,0.01,71736.39,1776094720000
1776094722.159,222.159,0.28,0.29,0.71,0.72,0.01,0.01,71731.11,1776094721000
1776094722.506,222.506,0.28,0.29,0.71,0.72,0.01,0.01,71731.11,1776094721000
1776094722.857,222.857,0.28,0.29,0.71,0.72,0.01,0.01,71731.11,1776094721000
1776094723.33,223.33,0.28,0.29,0.71,0.72,0.01,0.01,71731.38,1776094722000
1776094723.663,223.663,0.28,0.29,0.71,0.72,0.01,0.01,71731.38,1776094722000
1776094724.158,224.158,0.28,0.29,0.71,0.72,0.01,0.01,71731.38,1776094722000
1776094724.538,224.538,0.27,0.29,0.71,0.73,0.02,0.02,71730.68,1776094723000
1776094724.965,224.965,0.27,0.28,0.72,0.73,0.01,0.01,71730.68,1776094723000
1776094725.585,225.585,0.27,0.28,0.72,0.73,0.01,0.01,71730.64,1776094724000
1776094726.036,226.036,0.25,0.26,0.74,0.75,0.01,0.01,71730.64,1776094724000
1776094726.381,226.381,0.25,0.26,0.74,0.75,0.01,0.01,71730.26,1776094725000
1776094726.971,226.971,0.25,0.26,0.74,0.75,0.01,0.01,71730.26,1776094725000
1776094727.354,227.354,0.25,0.26,0.74,0.75,0.01,0.01,71727.81,1776094726000
1776094727.802,227.802,0.24,0.25,0.75,0.76,0.01,0.01,71727.81,1776094726000
1776094728.199,228.199,0.26,0.27,0.73,0.76,0.01,0.03,71723.85,1776094727000
1776094728.786,228.786,0.24,0.26,0.73,0.74,0.02,0.01,71723.85,1776094727000
1776094729.12,229.12,0.24,0.25,0.75,0.76,0.01,0.01,71723.85,1776094727000
1776094729.586,229.586,0.23,0.25,0.76,0.77,0.02,0.01,71725.15,1776094728000
1776094729.94,229.94,0.24,0.25,0.75,0.76,0.01,0.01,71725.15,1776094728000
1776094730.299,230.299,0.25,0.28,0.72,0.75,0.03,0.03,71727.43,1776094729000
1776094730.665,230.665,0.28,0.29,0.71,0.72,0.01,0.01,71727.43,1776094729000
1776094731.066,231.066,0.28,0.29,0.71,0.72,0.01,0.01,71724.3,1776094730000
1776094731.544,231.544,0.27,0.28,0.72,0.73,0.01,0.01,71724.3,1776094730000
1776094731.895,231.895,0.27,0.28,0.72,0.73,0.01,0.01,71724.3,1776094730000
1776094732.363,232.363,0.27,0.29,0.72,0.73,0.02,0.01,71724.3,1776094730000
1776094732.725,232.725,0.29,0.3,0.7,0.71,0.01,0.01,71730.72,1776094731000
1776094733.058,233.058,0.26,0.3,0.7,0.74,0.04,0.04,71730.72,1776094731000
1776094733.476,233.476,0.26,0.27,0.73,0.74,0.01,0.01,71730.72,1776094731000
1776094733.819,233.819,0.24,0.25,0.75,0.77,0.01,0.02,71730.46,1776094732000
1776094734.292,234.292,0.23,0.24,0.76,0.77,0.01,0.01,71730.46,1776094732000
1776094734.761,234.761,0.22,0.23,0.77,0.78,0.01,0.01,71730.13,1776094733000
1776094735.101,235.101,0.22,0.23,0.77,0.78,0.01,0.01,71730.13,1776094733000
1776094735.475,235.475,0.23,0.24,0.77,0.78,0.01,0.01,71730.76,1776094734000
1776094735.819,235.819,0.25,0.26,0.73,0.75,0.01,0.02,71730.76,1776094734000
1776094736.155,236.155,0.26,0.28,0.73,0.74,0.02,0.01,71730.76,1776094734000
1776094736.541,236.541,0.27,0.28,0.72,0.74,0.01,0.02,71730.76,1776094734000
1776094736.889,236.889,0.3,0.31,0.69,0.7,0.01,0.01,71725.53,1776094735000
1776094737.236,237.236,0.31,0.33,0.67,0.69,0.02,0.02,71725.53,1776094735000
1776094737.597,237.597,0.32,0.33,0.67,0.68,0.01,0.01,71729.03,1776094736000
1776094738.048,238.048,0.34,0.35,0.65,0.66,0.01,0.01,71729.03,1776094736000
1776094738.414,238.414,0.34,0.35,0.65,0.66,0.01,0.01,71729.03,1776094736000
1776094738.761,238.761,0.34,0.35,0.65,0.66,0.01,0.01,71740.0,1776094737000
1776094739.132,239.132,0.32,0.33,0.66,0.68,0.01,0.02,71740.0,1776094737000
1776094739.502,239.502,0.28,0.32,0.68,0.72,0.04,0.04,71749.69,1776094738000
1776094739.939,239.939,0.29,0.3,0.7,0.71,0.01,0.01,71749.69,1776094738000
1776094740.411,240.411,0.29,0.3,0.7,0.71,0.01,0.01,71753.81,1776094739000
1776094740.747,240.747,0.29,0.3,0.7,0.71,0.01,0.01,71753.81,1776094739000
1776094741.109,241.109,0.28,0.29,0.71,0.72,0.01,0.01,71753.81,1776094739000
1776094741.51,241.51,0.28,0.3,0.71,0.72,0.02,0.01,71753.81,1776094739000
1776094741.867,241.867,0.29,0.3,0.7,0.71,0.01,0.01,71747.6,1776094740000
1776094742.363,242.363,0.28,0.3,0.7,0.71,0.02,0.01,71746.71,1776094741000
1776094742.74,242.74,0.21,0.22,0.72,0.79,0.01,0.07,71746.71,1776094741000
1776094743.079,243.079,0.21,0.22,0.78,0.79,0.01,0.01,71746.71,1776094741000
1776094743.557,243.557,0.21,0.22,0.78,0.79,0.01,0.01,71746.71,1776094741000
1776094743.902,243.902,0.24,0.28,0.73,0.76,0.04,0.03,71744.34,1776094742000
1776094744.269,244.269,0.28,0.29,0.71,0.72,0.01,0.01,71735.25,1776094743000
1776094744.61,244.61,0.29,0.3,0.69,0.71,0.01,0.02,71735.25,1776094743000
1776094744.956,244.956,0.3,0.32,0.68,0.7,0.02,0.02,71735.25,1776094743000
1776094745.326,245.326,0.32,0.33,0.67,0.68,0.01,0.01,71735.25,1776094743000
1776094745.663,245.663,0.32,0.33,0.67,0.68,0.01,0.01,71735.25,1776094743000
1776094746.025,246.025,0.32,0.33,0.67,0.68,0.01,0.01,71738.65,1776094744000
1776094746.43,246.43,0.32,0.34,0.66,0.68,0.02,0.02,71747.32,1776094745000
1776094746.788,246.788,0.35,0.36,0.63,0.67,0.01,0.04,71747.32,1776094745000
1776094747.134,247.134,0.35,0.38,0.63,0.65,0.03,0.02,71747.32,1776094745000
1776094747.544,247.544,0.38,0.4,0.61,0.63,0.02,0.02,71754.12,1776094746000
1776094747.881,247.881,0.39,0.4,0.6,0.61,0.01,0.01,71754.12,1776094746000
1776094748.216,248.216,0.37,0.39,0.6,0.62,0.02,0.02,71754.12,1776094746000
1776094748.551,248.551,0.35,0.36,0.64,0.65,0.01,0.01,71754.12,1776094746000
1776094748.888,248.888,0.32,0.34,0.66,0.67,0.02,0.01,71757.86,1776094747000
1776094749.235,249.235,0.32,0.33,0.66,0.68,0.01,0.02,71757.86,1776094747000
1776094749.583,249.583,0.29,0.3,0.7,0.71,0.01,0.01,71761.09,1776094748000
1776094750.006,250.006,0.32,0.33,0.67,0.68,0.01,0.01,71761.09,1776094748000
1776094750.388,250.388,0.32,0.33,0.67,0.68,0.01,0.01,71760.94,1776094749000
1776094750.814,250.814,0.32,0.33,0.67,0.68,0.01,0.01,71760.94,1776094749000
1776094751.166,251.166,0.3,0.33,0.67,0.7,0.03,0.03,71755.7,1776094750000
1776094751.504,251.504,0.29,0.3,0.7,0.71,0.01,0.01,71755.7,1776094750000
1776094752.136,252.136,0.28,0.29,0.71,0.72,0.01,0.01,71755.7,1776094750000
1776094752.481,252.481,0.27,0.29,0.71,0.72,0.02,0.01,71753.27,1776094751000
1776094752.892,252.892,0.27,0.28,0.72,0.73,0.01,0.01,71753.27,1776094751000
1776094753.274,253.274,0.27,0.28,0.72,0.73,0.01,0.01,71753.27,1776094751000
1776094753.623,253.623,0.27,0.29,0.72,0.73,0.02,0.01,71751.14,1776094752000
1776094754.022,254.022,0.29,0.3,0.7,0.72,0.01,0.02,71751.14,1776094752000
1776094754.363,254.363,0.34,0.35,0.65,0.66,0.01,0.01,71751.14,1776094752000
1776094754.699,254.699,0.34,0.35,0.65,0.66,0.01,0.01,71746.61,1776094753000
1776094755.049,255.049,0.33,0.34,0.66,0.67,0.01,0.01,71745.49,1776094754000
1776094755.452,255.452,0.32,0.33,0.67,0.68,0.01,0.01,71745.49,1776094754000
1776094755.835,255.835,0.31,0.32,0.68,0.69,0.01,0.01,71745.49,1776094754000
1776094756.206,256.206,0.31,0.32,0.68,0.69,0.01,0.01,71750.92,1776094755000
1776094756.587,256.587,0.38,0.41,0.61,0.64,0.03,0.03,71750.92,1776094755000
1776094756.925,256.925,0.4,0.42,0.59,0.6,0.02,0.01,71750.92,1776094755000
1776094757.274,257.274,0.41,0.42,0.58,0.59,0.01,0.01,71750.92,1776094755000
1776094757.607,257.607,0.41,0.42,0.58,0.59,0.01,0.01,71750.44,1776094756000
1776094758.088,258.088,0.4,0.41,0.59,0.6,0.01,0.01,71750.44,1776094756000
1776094758.489,258.489,0.4,0.41,0.59,0.6,0.01,0.01,71750.44,1776094756000
1776094758.846,258.846,0.4,0.41,0.59,0.6,0.01,0.01,71758.28,1776094757000
1776094759.196,259.196,0.39,0.4,0.6,0.61,0.01,0.01,71761.19,1776094758000
1776094759.569,259.569,0.39,0.4,0.6,0.61,0.01,0.01,71761.19,1776094758000
1776094759.929,259.929,0.39,0.4,0.6,0.61,0.01,0.01,71761.19,1776094758000
1776094760.284,260.284,0.4,0.41,0.59,0.61,0.01,0.02,71764.17,1776094759000
1776094760.674,260.674,0.42,0.43,0.57,0.58,0.01,0.01,71764.17,1776094759000
1776094761.023,261.023,0.42,0.44,0.57,0.58,0.02,0.01,71764.17,1776094759000
1776094761.381,261.381,0.44,0.45,0.55,0.56,0.01,0.01,71763.88,1776094760000
1776094761.717,261.717,0.43,0.47,0.53,0.57,0.04,0.04,71763.88,1776094760000
1776094762.059,262.059,0.45,0.49,0.51,0.55,0.04,0.04,71763.88,1776094760000
1776094762.397,262.397,0.49,0.5,0.5,0.51,0.01,0.01,71763.88,1776094760000
1776094762.774,262.774,0.5,0.51,0.49,0.5,0.01,0.01,71764.8,1776094761000
1776094763.113,263.113,0.51,0.54,0.46,0.49,0.03,0.03,71764.8,1776094761000
1776094763.461,263.461,0.53,0.54,0.46,0.47,0.01,0.01,71775.3,1776094762000
1776094763.939,263.939,0.56,0.58,0.43,0.45,0.02,0.02,71775.3,1776094762000
1776094764.272,264.272,0.61,0.63,0.38,0.39,0.02,0.01,71779.05,1776094763000
1776094764.612,264.612,0.63,0.64,0.36,0.37,0.01,0.01,71779.05,1776094763000
1776094764.995,264.995,0.65,0.66,0.35,0.36,0.01,0.01,71779.05,1776094763000
1776094765.397,265.397,0.66,0.67,0.33,0.34,0.01,0.01,71779.05,1776094763000
1776094765.734,265.734,0.69,0.7,0.29,0.31,0.01,0.02,71795.56,1776094764000
1776094766.094,266.094,0.7,0.71,0.29,0.3,0.01,0.01,71796.44,1776094765000
1776094766.453,266.453,0.72,0.74,0.26,0.28,0.02,0.02,71796.44,1776094765000
1776094766.804,266.804,0.74,0.75,0.25,0.26,0.01,0.01,71796.44,1776094765000
1776094767.144,267.144,0.75,0.76,0.24,0.25,0.01,0.01,71796.44,1776094765000
1776094767.481,267.481,0.76,0.77,0.23,0.25,0.01,0.02,71799.35,1776094766000
1776094767.867,267.867,0.71,0.72,0.28,0.29,0.01,0.01,71799.35,1776094766000
1776094768.23,268.23,0.66,0.67,0.33,0.34,0.01,0.01,71799.35,1776094766000
1776094768.655,268.655,0.66,0.67,0.33,0.34,0.01,0.01,71801.6,1776094767000
1776094769.005,269.005,0.63,0.65,0.34,0.37,0.02,0.03,71801.6,1776094767000
1776094769.38,269.38,0.61,0.62,0.38,0.39,0.01,0.01,71803.28,1776094768000
1776094769.824,269.824,0.57,0.58,0.42,0.43,0.01,0.01,71803.28,1776094768000
1776094770.161,270.161,0.55,0.56,0.44,0.45,0.01,0.01,71803.28,1776094768000
1776094770.513,270.513,0.55,0.56,0.44,0.45,0.01,0.01,71793.26,1776094769000
1776094770.999,270.999,0.55,0.56,0.44,0.45,0.01,0.01,71793.26,1776094769000
1776094771.433,271.433,0.54,0.55,0.45,0.46,0.01,0.01,71781.11,1776094770000
1776094771.795,271.795,0.54,0.55,0.45,0.46,0.01,0.01,71781.11,1776094770000
1776094772.218,272.218,0.54,0.56,0.45,0.46,0.02,0.01,71775.87,1776094771000
1776094772.606,272.606,0.55,0.56,0.44,0.45,0.01,0.01,71775.87,1776094771000
1776094772.943,272.943,0.49,0.51,0.49,0.52,0.02,0.03,71775.87,1776094771000
1776094773.293,273.293,0.47,0.48,0.52,0.53,0.01,0.01,71773.94,1776094772000
1776094773.676,273.676,0.5,0.51,0.49,0.51,0.01,0.02,71773.94,1776094772000
1776094774.011,274.011,0.5,0.52,0.49,0.5,0.02,0.01,71773.94,1776094772000
1776094774.364,274.364,0.58,0.63,0.38,0.42,0.05,0.04,71773.17,1776094773000
1776094774.699,274.699,0.71,0.8,0.2,0.29,0.09,0.09,71773.17,1776094773000
1776094775.043,275.043,0.72,0.75,0.25,0.26,0.03,0.01,71773.17,1776094773000
1776094775.397,275.397,0.73,0.74,0.26,0.27,0.01,0.01,71770.26,1776094774000
1776094775.807,275.807,0.7,0.71,0.28,0.29,0.01,0.01,71770.26,1776094774000
1776094776.161,276.161,0.65,0.66,0.34,0.36,0.01,0.02,71770.26,1776094774000
1776094776.497,276.497,0.61,0.62,0.38,0.39,0.01,0.01,71788.38,1776094775000
1776094776.889,276.889,0.64,0.71,0.35,0.36,0.07,0.01,71788.38,1776094775000
1776094777.242,277.242,0.67,0.68,0.31,0.34,0.01,0.03,71796.68,1776094776000
1776094777.637,277.637,0.65,0.66,0.31,0.35,0.01,0.04,71796.68,1776094776000
1776094777.971,277.971,0.57,0.64,0.36,0.43,0.07,0.07,71796.68,1776094776000
1776094778.387,278.387,0.62,0.63,0.35,0.38,0.01,0.03,71794.63,1776094777000
1776094778.82,278.82,0.6,0.61,0.38,0.39,0.01,0.01,71794.63,1776094777000
1776094779.221,279.221,0.61,0.62,0.4,0.41,0.01,0.01,71794.63,1776094777000
1776094779.619,279.619,0.61,0.62,0.38,0.39,0.01,0.01,71794.63,1776094777000
1776094780.03,280.03,0.67,0.68,0.32,0.35,0.01,0.03,71789.96,1776094778000
1776094780.388,280.388,0.67,0.68,0.32,0.33,0.01,0.01,71786.73,1776094779000
1776094780.927,280.927,0.65,0.68,0.32,0.35,0.03,0.03,71785.23,1776094780000
1776094781.275,281.275,0.72,0.73,0.27,0.28,0.01,0.01,71785.23,1776094780000
1776094781.704,281.704,0.66,0.68,0.29,0.35,0.02,0.06,71785.23,1776094780000
1776094782.098,282.098,0.74,0.75,0.25,0.26,0.01,0.01,71784.57,1776094781000
1776094782.461,282.461,0.76,0.77,0.23,0.24,0.01,0.01,71784.57,1776094781000
1776094782.907,282.907,0.73,0.75,0.25,0.26,0.02,0.01,71784.57,1776094781000
1776094783.27,283.27,0.72,0.73,0.27,0.28,0.01,0.01,71784.44,1776094782000
1776094783.604,283.604,0.57,0.59,0.41,0.42,0.02,0.01,71784.44,1776094782000
1776094784.148,284.148,0.55,0.56,0.44,0.45,0.01,0.01,71784.44,1776094782000
1776094784.53,284.53,0.55,0.56,0.44,0.45,0.01,0.01,71784.44,1776094783000
1776094784.891,284.891,0.59,0.6,0.4,0.41,0.01,0.01,71784.44,1776094783000
1776094785.377,285.377,0.59,0.6,0.4,0.41,0.01,0.01,71783.96,1776094784000
1776094785.747,285.747,0.59,0.65,0.4,0.41,0.06,0.01,71783.96,1776094784000
1776094786.152,286.152,0.64,0.65,0.35,0.36,0.01,0.01,71775.82,1776094785000
1776094786.612,286.612,0.67,0.68,0.32,0.33,0.01,0.01,71775.82,1776094785000
1776094786.967,286.967,0.67,0.68,0.32,0.33,0.01,0.01,71773.22,1776094786000
1776094787.46,287.46,0.67,0.7,0.32,0.33,0.03,0.01,71773.22,1776094786000
1776094787.826,287.826,0.66,0.67,0.33,0.34,0.01,0.01,71773.22,1776094786000
1776094788.185,288.185,0.67,0.7,0.32,0.33,0.03,0.01,71773.46,1776094787000
1776094788.548,288.548,0.76,0.77,0.23,0.26,0.01,0.03,71773.46,1776094787000
1776094788.889,288.889,0.76,0.77,0.23,0.24,0.01,0.01,71773.45,1776094788000
1776094789.26,289.26,0.68,0.71,0.29,0.3,0.03,0.01,71773.45,1776094788000

# RESULT,winner=Up,slug=btc-updown-5m-1776094500,ticks=733
