timestamp,elapsed_sec,up_bid,up_ask,down_bid,down_ask,up_spread,down_spread,btc_price,btc_oracle_ts
1776971700.516,0.516,0.52,0.53,0.47,0.48,0.01,0.01,77723.64,1776971699000
1776971701.152,1.152,0.52,0.53,0.47,0.48,0.01,0.01,77723.64,1776971699000
1776971702.01,2.01,0.52,0.53,0.47,0.48,0.01,0.01,77723.37,1776971700000
1776971702.679,2.679,0.52,0.53,0.47,0.48,0.01,0.01,77720.61,1776971701000
1776971703.388,3.388,0.52,0.53,0.47,0.48,0.01,0.01,77723.16,1776971702000
1776971703.807,3.807,0.52,0.53,0.47,0.48,0.01,0.01,77723.16,1776971702000
1776971704.265,4.265,0.52,0.53,0.47,0.48,0.01,0.01,77723.16,1776971702000
1776971705.202,5.202,0.52,0.53,0.47,0.48,0.01,0.01,77734.13,1776971704000
1776971705.549,5.549,0.52,0.53,0.47,0.48,0.01,0.01,77734.13,1776971704000
1776971706.406,6.406,0.52,0.53,0.47,0.48,0.01,0.01,77734.13,1776971704000
1776971706.778,6.778,0.52,0.53,0.47,0.48,0.01,0.01,77739.04,1776971705000
1776971707.252,7.252,0.52,0.53,0.47,0.48,0.01,0.01,77739.07,1776971706000
1776971707.594,7.594,0.53,0.57,0.44,0.47,0.04,0.03,77739.07,1776971706000
1776971707.938,7.938,0.53,0.55,0.45,0.47,0.02,0.02,77739.07,1776971706000
1776971708.294,8.294,0.55,0.58,0.42,0.45,0.03,0.03,77739.07,1776971706000
1776971708.632,8.632,0.55,0.57,0.43,0.45,0.02,0.02,77739.81,1776971707000
1776971708.97,8.97,0.55,0.57,0.44,0.45,0.02,0.01,77739.81,1776971707000
1776971709.307,9.307,0.55,0.56,0.44,0.45,0.01,0.01,77742.14,1776971708000
1776971709.723,9.723,0.55,0.56,0.44,0.45,0.01,0.01,77742.14,1776971708000
1776971710.19,10.19,0.56,0.57,0.43,0.44,0.01,0.01,77742.14,1776971708000
1776971710.55,10.55,0.56,0.57,0.43,0.44,0.01,0.01,77742.14,1776971708000
1776971711.193,11.193,0.56,0.57,0.43,0.44,0.01,0.01,77737.01,1776971709000
1776971711.595,11.595,0.56,0.57,0.43,0.44,0.01,0.01,77736.78,1776971710000
1776971712.015,12.015,0.56,0.57,0.43,0.44,0.01,0.01,77736.78,1776971711000
1776971713.103,13.103,0.56,0.57,0.43,0.44,0.01,0.01,77736.78,1776971711000
1776971713.457,13.457,0.56,0.57,0.43,0.44,0.01,0.01,77736.78,1776971711000
1776971714.004,14.004,0.56,0.57,0.43,0.44,0.01,0.01,77738.03,1776971712000
1776971714.531,14.531,0.56,0.57,0.43,0.44,0.01,0.01,77738.14,1776971713000
1776971714.934,14.934,0.56,0.57,0.43,0.44,0.01,0.01,77738.14,1776971713000
1776971715.37,15.37,0.56,0.57,0.43,0.44,0.01,0.01,77738.53,1776971714000
1776971715.807,15.807,0.57,0.58,0.42,0.44,0.01,0.02,77738.53,1776971714000
1776971716.318,16.318,0.57,0.58,0.42,0.43,0.01,0.01,77738.53,1776971714000
1776971716.732,16.732,0.57,0.58,0.42,0.43,0.01,0.01,77739.88,1776971715000
1776971717.07,17.07,0.57,0.58,0.42,0.43,0.01,0.01,77739.88,1776971715000
1776971717.614,17.614,0.57,0.58,0.42,0.43,0.01,0.01,77739.21,1776971716000
1776971717.98,17.98,0.61,0.62,0.38,0.39,0.01,0.01,77739.21,1776971716000
1776971718.35,18.35,0.61,0.62,0.38,0.39,0.01,0.01,77739.21,1776971716000
1776971718.785,18.785,0.61,0.62,0.38,0.39,0.01,0.01,77739.87,1776971717000
1776971719.297,19.297,0.61,0.62,0.38,0.39,0.01,0.01,77742.4,1776971718000
1776971719.823,19.823,0.61,0.62,0.38,0.39,0.01,0.01,77742.4,1776971718000
1776971720.2,20.2,0.61,0.62,0.38,0.39,0.01,0.01,77742.4,1776971718000
1776971720.836,20.836,0.61,0.62,0.38,0.39,0.01,0.01,77747.42,1776971719000
1776971721.771,21.771,0.61,0.62,0.38,0.39,0.01,0.01,77748.97,1776971720000
1776971722.168,22.168,0.61,0.62,0.38,0.39,0.01,0.01,77748.31,1776971721000
1776971722.837,22.837,0.61,0.62,0.38,0.39,0.01,0.01,77748.31,1776971721000
1776971723.264,23.264,0.6,0.61,0.39,0.4,0.01,0.01,77748.31,1776971721000
1776971723.77,23.77,0.6,0.61,0.39,0.4,0.01,0.01,77746.36,1776971722000
1776971724.12,24.12,0.61,0.62,0.38,0.39,0.01,0.01,77746.36,1776971722000
1776971724.534,24.534,0.59,0.62,0.38,0.41,0.03,0.03,77746.13,1776971723000
1776971724.98,24.98,0.6,0.61,0.39,0.4,0.01,0.01,77746.13,1776971723000
1776971725.425,25.425,0.6,0.61,0.39,0.4,0.01,0.01,77747.47,1776971724000
1776971726.186,26.186,0.6,0.61,0.39,0.4,0.01,0.01,77747.47,1776971724000
1776971726.52,26.52,0.6,0.61,0.39,0.4,0.01,0.01,77750.36,1776971725000
1776971726.947,26.947,0.6,0.61,0.39,0.4,0.01,0.01,77750.36,1776971725000
1776971727.321,27.321,0.6,0.61,0.39,0.4,0.01,0.01,77750.36,1776971725000
1776971727.685,27.685,0.6,0.61,0.39,0.4,0.01,0.01,77751.61,1776971726000
1776971728.05,28.05,0.6,0.61,0.39,0.4,0.01,0.01,77751.28,1776971727000
1776971728.519,28.519,0.6,0.61,0.39,0.4,0.01,0.01,77751.28,1776971727000
1776971729.329,29.329,0.6,0.61,0.39,0.4,0.01,0.01,77748.25,1776971728000
1776971729.8,29.8,0.6,0.61,0.39,0.4,0.01,0.01,77748.25,1776971728000
1776971730.152,30.152,0.6,0.61,0.39,0.4,0.01,0.01,77748.25,1776971728000
1776971730.791,30.791,0.6,0.61,0.39,0.4,0.01,0.01,77747.45,1776971729000
1776971731.947,31.947,0.6,0.61,0.39,0.4,0.01,0.01,77748.26,1776971730000
1776971732.35,32.35,0.6,0.61,0.39,0.4,0.01,0.01,77747.63,1776971731000
1776971732.806,32.806,0.6,0.61,0.39,0.4,0.01,0.01,77747.63,1776971731000
1776971733.15,33.15,0.6,0.61,0.39,0.4,0.01,0.01,77747.63,1776971731000
1776971733.49,33.49,0.59,0.61,0.39,0.41,0.02,0.02,77748.31,1776971732000
1776971734.025,34.025,0.6,0.61,0.39,0.41,0.01,0.02,77748.31,1776971732000
1776971734.431,34.431,0.58,0.59,0.41,0.42,0.01,0.01,77747.62,1776971733000
1776971734.864,34.864,0.58,0.59,0.41,0.42,0.01,0.01,77747.62,1776971733000
1776971735.274,35.274,0.58,0.59,0.41,0.42,0.01,0.01,77746.76,1776971734000
1776971735.814,35.814,0.58,0.59,0.41,0.43,0.01,0.02,77746.76,1776971734000
1776971736.261,36.261,0.57,0.59,0.41,0.42,0.02,0.01,77741.75,1776971735000
1776971736.647,36.647,0.57,0.58,0.42,0.43,0.01,0.01,77741.75,1776971735000
1776971737.389,37.389,0.57,0.58,0.42,0.43,0.01,0.01,77741.75,1776971735000
1776971737.748,37.748,0.57,0.58,0.42,0.43,0.01,0.01,77741.75,1776971735000
1776971738.119,38.119,0.57,0.58,0.42,0.43,0.01,0.01,77741.74,1776971736000
1776971738.805,38.805,0.57,0.58,0.42,0.43,0.01,0.01,77740.3,1776971737000
1776971739.283,39.283,0.57,0.58,0.42,0.43,0.01,0.01,77740.3,1776971737000
1776971739.659,39.659,0.57,0.58,0.42,0.43,0.01,0.01,77739.84,1776971738000
1776971740.001,40.001,0.57,0.58,0.42,0.43,0.01,0.01,77739.84,1776971738000
1776971741.057,41.057,0.57,0.58,0.42,0.43,0.01,0.01,77739.62,1776971740000
1776971741.447,41.447,0.57,0.58,0.42,0.43,0.01,0.01,77739.62,1776971740000
1776971741.927,41.927,0.57,0.58,0.42,0.43,0.01,0.01,77739.62,1776971740000
1776971742.262,42.262,0.57,0.58,0.42,0.43,0.01,0.01,77740.28,1776971741000
1776971743.404,43.404,0.57,0.58,0.42,0.43,0.01,0.01,77741.82,1776971742000
1776971743.765,43.765,0.57,0.58,0.42,0.43,0.01,0.01,77741.82,1776971742000
1776971744.126,44.126,0.57,0.59,0.41,0.43,0.02,0.02,77742.86,1776971743000
1776971744.507,44.507,0.58,0.59,0.41,0.43,0.01,0.02,77742.86,1776971743000
1776971745.051,45.051,0.6,0.61,0.39,0.4,0.01,0.01,77747.26,1776971744000
1776971745.394,45.394,0.6,0.61,0.39,0.4,0.01,0.01,77747.26,1776971744000
1776971746.009,46.009,0.6,0.61,0.39,0.4,0.01,0.01,77747.26,1776971744000
1776971746.508,46.508,0.6,0.62,0.39,0.4,0.02,0.01,77747.42,1776971745000
1776971746.878,46.878,0.62,0.63,0.37,0.38,0.01,0.01,77747.42,1776971745000
1776971747.274,47.274,0.62,0.63,0.37,0.38,0.01,0.01,77747.42,1776971745000
1776971748.062,48.062,0.62,0.63,0.37,0.38,0.01,0.01,77749.89,1776971747000
1776971748.436,48.436,0.62,0.63,0.37,0.38,0.01,0.01,77749.89,1776971747000
1776971749.094,49.094,0.62,0.63,0.37,0.38,0.01,0.01,77754.31,1776971748000
1776971749.435,49.435,0.61,0.63,0.37,0.38,0.02,0.01,77754.31,1776971748000
1776971749.947,49.947,0.61,0.63,0.37,0.39,0.02,0.02,77754.31,1776971748000
1776971750.304,50.304,0.61,0.63,0.37,0.39,0.02,0.02,77749.5,1776971749000
1776971750.647,50.647,0.61,0.62,0.38,0.39,0.01,0.01,77749.5,1776971749000
1776971751.007,51.007,0.6,0.62,0.38,0.4,0.02,0.02,77749.5,1776971749000
1776971751.387,51.387,0.61,0.62,0.38,0.39,0.01,0.01,77746.72,1776971750000
1776971751.919,51.919,0.57,0.58,0.42,0.43,0.01,0.01,77746.72,1776971750000
1776971752.273,52.273,0.58,0.59,0.41,0.43,0.01,0.02,77746.72,1776971750000
1776971752.637,52.637,0.58,0.59,0.41,0.42,0.01,0.01,77745.73,1776971751000
1776971753.007,53.007,0.58,0.59,0.41,0.42,0.01,0.01,77744.48,1776971752000
1776971753.378,53.378,0.59,0.6,0.4,0.42,0.01,0.02,77744.48,1776971752000
1776971753.735,53.735,0.59,0.6,0.4,0.41,0.01,0.01,77744.48,1776971752000
1776971754.235,54.235,0.59,0.6,0.4,0.41,0.01,0.01,77743.71,1776971753000
1776971754.927,54.927,0.59,0.6,0.4,0.41,0.01,0.01,77743.71,1776971753000
1776971755.287,55.287,0.59,0.6,0.4,0.41,0.01,0.01,77744.25,1776971754000
1776971755.715,55.715,0.59,0.6,0.4,0.41,0.01,0.01,77744.25,1776971754000
1776971756.081,56.081,0.59,0.6,0.4,0.41,0.01,0.01,77744.25,1776971754000
1776971757.086,57.086,0.59,0.6,0.4,0.41,0.01,0.01,77744.23,1776971756000
1776971757.476,57.476,0.57,0.6,0.4,0.43,0.03,0.03,77744.23,1776971756000
1776971757.971,57.971,0.58,0.6,0.4,0.42,0.02,0.02,77744.25,1776971757000
1776971758.367,58.367,0.59,0.6,0.4,0.42,0.01,0.02,77744.25,1776971757000
1776971758.836,58.836,0.59,0.6,0.4,0.41,0.01,0.01,77744.25,1776971757000
1776971759.319,59.319,0.59,0.6,0.4,0.41,0.01,0.01,77744.25,1776971758000
1776971759.8,59.8,0.59,0.6,0.4,0.41,0.01,0.01,77744.25,1776971758000
1776971760.444,60.444,0.59,0.6,0.4,0.41,0.01,0.01,77744.48,1776971759000
1776971760.905,60.905,0.59,0.6,0.4,0.41,0.01,0.01,77745.07,1776971760000
1776971761.422,61.422,0.59,0.6,0.4,0.41,0.01,0.01,77745.07,1776971760000
1776971761.77,61.77,0.59,0.6,0.4,0.41,0.01,0.01,77745.07,1776971760000
1776971762.162,62.162,0.59,0.6,0.4,0.41,0.01,0.01,77745.07,1776971760000
1776971762.529,62.529,0.59,0.6,0.4,0.41,0.01,0.01,77745.07,1776971761000
1776971762.866,62.866,0.59,0.6,0.4,0.41,0.01,0.01,77745.07,1776971761000
1776971763.206,63.206,0.59,0.62,0.4,0.41,0.03,0.01,77745.07,1776971761000
1776971763.549,63.549,0.61,0.63,0.38,0.39,0.02,0.01,77744.11,1776971762000
1776971763.888,63.888,0.61,0.62,0.38,0.39,0.01,0.01,77744.11,1776971762000
1776971764.253,64.253,0.61,0.62,0.38,0.39,0.01,0.01,77744.11,1776971762000
1776971764.798,64.798,0.61,0.62,0.38,0.39,0.01,0.01,77744.11,1776971762000
1776971765.149,65.149,0.61,0.62,0.38,0.39,0.01,0.01,77750.33,1776971763000
1776971765.531,65.531,0.61,0.62,0.38,0.39,0.01,0.01,77749.89,1776971764000
1776971766.006,66.006,0.62,0.63,0.37,0.38,0.01,0.01,77749.89,1776971764000
1776971766.643,66.643,0.62,0.63,0.37,0.38,0.01,0.01,77749.16,1776971765000
1776971766.985,66.985,0.62,0.63,0.37,0.38,0.01,0.01,77748.4,1776971766000
1776971767.45,67.45,0.62,0.63,0.37,0.38,0.01,0.01,77748.4,1776971766000
1776971767.79,67.79,0.62,0.63,0.37,0.38,0.01,0.01,77748.4,1776971766000
1776971768.167,68.167,0.62,0.63,0.37,0.38,0.01,0.01,77748.82,1776971767000
1776971768.661,68.661,0.62,0.63,0.37,0.38,0.01,0.01,77748.82,1776971767000
1776971769.114,69.114,0.62,0.63,0.37,0.38,0.01,0.01,77748.82,1776971767000
1776971769.87,69.87,0.62,0.63,0.37,0.38,0.01,0.01,77749.29,1776971768000
1776971770.328,70.328,0.6,0.61,0.39,0.4,0.01,0.01,77749.31,1776971769000
1776971770.7,70.7,0.6,0.61,0.39,0.4,0.01,0.01,77749.31,1776971769000
1776971771.071,71.071,0.6,0.61,0.39,0.4,0.01,0.01,77749.31,1776971769000
1776971771.607,71.607,0.6,0.61,0.39,0.4,0.01,0.01,77745.09,1776971770000
1776971771.949,71.949,0.6,0.62,0.39,0.4,0.02,0.01,77745.09,1776971770000
1776971772.989,72.989,0.61,0.62,0.39,0.4,0.01,0.01,77744.59,1776971771000
1776971773.587,73.587,0.62,0.63,0.37,0.39,0.01,0.02,77744.55,1776971772000
1776971773.924,73.924,0.62,0.65,0.35,0.38,0.03,0.03,77744.55,1776971772000
1776971774.258,74.258,0.65,0.67,0.33,0.35,0.02,0.02,77744.55,1776971772000
1776971774.607,74.607,0.66,0.68,0.32,0.34,0.02,0.02,77745.34,1776971773000
1776971774.991,74.991,0.67,0.69,0.31,0.33,0.02,0.02,77745.34,1776971773000
1776971775.375,75.375,0.69,0.7,0.3,0.32,0.01,0.02,77745.34,1776971773000
1776971776.019,76.019,0.69,0.7,0.3,0.31,0.01,0.01,77769.75,1776971775000
1776971776.795,76.795,0.69,0.7,0.3,0.31,0.01,0.01,77769.75,1776971775000
1776971777.179,77.179,0.69,0.7,0.3,0.31,0.01,0.01,77769.93,1776971776000
1776971777.597,77.597,0.69,0.7,0.3,0.31,0.01,0.01,77769.93,1776971776000
1776971778.26,78.26,0.69,0.71,0.29,0.31,0.02,0.02,77769.93,1776971777000
1776971778.624,78.624,0.69,0.71,0.29,0.31,0.02,0.02,77769.93,1776971777000
1776971778.968,78.968,0.69,0.7,0.3,0.31,0.01,0.01,77769.93,1776971777000
1776971779.441,79.441,0.69,0.71,0.3,0.31,0.02,0.01,77769.83,1776971778000
1776971779.844,79.844,0.69,0.71,0.29,0.31,0.02,0.02,77769.83,1776971778000
1776971780.218,80.218,0.69,0.7,0.3,0.31,0.01,0.01,77769.83,1776971778000
1776971780.577,80.577,0.69,0.7,0.3,0.31,0.01,0.01,77770,1776971779000
1776971780.913,80.913,0.69,0.7,0.3,0.31,0.01,0.01,77770,1776971779000
1776971781.483,81.483,0.69,0.7,0.3,0.31,0.01,0.01,77770.02,1776971780000
1776971781.92,81.92,0.69,0.7,0.3,0.31,0.01,0.01,77770.02,1776971780000
1776971782.271,82.271,0.69,0.7,0.3,0.31,0.01,0.01,77769.7,1776971781000
1776971782.673,82.673,0.69,0.7,0.3,0.31,0.01,0.01,77769.7,1776971781000
1776971783.018,83.018,0.7,0.71,0.29,0.3,0.01,0.01,77769.7,1776971781000
1776971783.486,83.486,0.71,0.72,0.28,0.29,0.01,0.01,77767.75,1776971782000
1776971783.865,83.865,0.71,0.72,0.27,0.29,0.01,0.02,77767.75,1776971782000
1776971784.262,84.262,0.72,0.73,0.27,0.28,0.01,0.01,77767.75,1776971782000
1776971784.661,84.661,0.72,0.73,0.27,0.28,0.01,0.01,77768.63,1776971783000
1776971785.314,85.314,0.72,0.73,0.27,0.28,0.01,0.01,77768.63,1776971783000
1776971785.906,85.906,0.72,0.73,0.27,0.28,0.01,0.01,77772.22,1776971785000
1776971787.118,87.118,0.72,0.73,0.27,0.28,0.01,0.01,77773.13,1776971786000
1776971788.194,88.194,0.72,0.73,0.27,0.28,0.01,0.01,77772.01,1776971787000
1776971788.699,88.699,0.72,0.73,0.27,0.28,0.01,0.01,77772.01,1776971787000
1776971789.188,89.188,0.72,0.73,0.27,0.28,0.01,0.01,77772.01,1776971787000
1776971789.54,89.54,0.71,0.72,0.27,0.29,0.01,0.02,77771.95,1776971788000
1776971789.888,89.888,0.71,0.73,0.27,0.29,0.02,0.02,77772.49,1776971789000
1776971790.222,90.222,0.72,0.73,0.27,0.28,0.01,0.01,77772.49,1776971789000
1776971790.6,90.6,0.65,0.73,0.27,0.29,0.08,0.02,77772.49,1776971789000
1776971790.952,90.952,0.72,0.73,0.27,0.28,0.01,0.01,77772.49,1776971789000
1776971791.781,91.781,0.72,0.73,0.27,0.28,0.01,0.01,77772.25,1776971790000
1776971792.263,92.263,0.69,0.73,0.27,0.28,0.04,0.01,77772.25,1776971790000
1776971792.637,92.637,0.69,0.7,0.3,0.31,0.01,0.01,77771.66,1776971791000
1776971793.143,93.143,0.69,0.7,0.3,0.31,0.01,0.01,77771.66,1776971791000
1776971793.673,93.673,0.69,0.7,0.3,0.31,0.01,0.01,77771.66,1776971791000
1776971794.246,94.246,0.7,0.71,0.29,0.3,0.01,0.01,77771.76,1776971792000
1776971794.667,94.667,0.7,0.71,0.29,0.3,0.01,0.01,77771.76,1776971793000
1776971795.082,95.082,0.7,0.71,0.29,0.3,0.01,0.01,77771.81,1776971794000
1776971795.547,95.547,0.7,0.72,0.29,0.3,0.02,0.01,77771.81,1776971794000
1776971795.963,95.963,0.7,0.73,0.28,0.3,0.03,0.02,77771.81,1776971794000
1776971796.376,96.376,0.67,0.73,0.27,0.33,0.06,0.06,77772.99,1776971795000
1776971797.329,97.329,0.67,0.73,0.27,0.33,0.06,0.06,77776.02,1776971796000
1776971797.986,97.986,0.7,0.73,0.27,0.33,0.03,0.06,77776.02,1776971796000
1776971798.38,98.38,0.7,0.73,0.27,0.3,0.03,0.03,77800.24,1776971797000
1776971798.962,98.962,0.7,0.74,0.26,0.3,0.04,0.04,77800.24,1776971797000
1776971799.51,99.51,0.72,0.74,0.26,0.29,0.02,0.03,77804.12,1776971798000
1776971800.028,100.028,0.72,0.76,0.25,0.28,0.04,0.03,77804.12,1776971798000
1776971800.666,100.666,0.72,0.75,0.24,0.28,0.03,0.04,77809.08,1776971799000
1776971801.111,101.111,0.72,0.75,0.25,0.28,0.03,0.03,77809.08,1776971799000
1776971801.675,101.675,0.72,0.75,0.25,0.28,0.03,0.03,77818.9,1776971800000
1776971802.013,102.013,0.78,0.79,0.21,0.22,0.01,0.01,77818.9,1776971800000
1776971802.351,102.351,0.77,0.81,0.19,0.23,0.04,0.04,77825.37,1776971801000
1776971802.804,102.804,0.73,0.74,0.26,0.27,0.01,0.01,77825.37,1776971801000
1776971803.141,103.141,0.79,0.86,0.14,0.21,0.07,0.07,77825.37,1776971801000
1776971803.539,103.539,0.81,0.87,0.13,0.2,0.06,0.07,77825.57,1776971802000
1776971803.892,103.892,0.81,0.87,0.13,0.19,0.06,0.06,77825.57,1776971803000
1776971804.3,104.3,0.81,0.85,0.13,0.19,0.04,0.06,77825.57,1776971803000
1776971805.124,105.124,0.81,0.85,0.15,0.19,0.04,0.04,77827.74,1776971804000
1776971805.547,105.547,0.67,0.84,0.15,0.17,0.17,0.02,77827.74,1776971804000
1776971805.92,105.92,0.68,0.84,0.15,0.33,0.16,0.18,77827.74,1776971804000
1776971806.311,106.311,0.72,0.81,0.22,0.28,0.09,0.06,77828.99,1776971805000
1776971806.743,106.743,0.82,0.84,0.16,0.23,0.02,0.07,77828.99,1776971805000
1776971807.123,107.123,0.82,0.86,0.16,0.18,0.04,0.02,77828.99,1776971805000
1776971807.648,107.648,0.79,0.86,0.14,0.18,0.07,0.04,77829.31,1776971806000
1776971808.15,108.15,0.84,0.86,0.14,0.16,0.02,0.02,77829.31,1776971806000
1776971808.539,108.539,0.84,0.86,0.14,0.16,0.02,0.02,77829.24,1776971807000
1776971808.886,108.886,0.79,0.85,0.15,0.19,0.06,0.04,77829.24,1776971807000
1776971809.427,109.427,0.81,0.84,0.13,0.19,0.03,0.06,77829.23,1776971808000
1776971809.843,109.843,0.81,0.82,0.18,0.19,0.01,0.01,77829.23,1776971808000
1776971810.418,110.418,0.81,0.87,0.13,0.15,0.06,0.02,77828.62,1776971809000
1776971810.844,110.844,0.81,0.85,0.15,0.19,0.04,0.04,77828.62,1776971809000
1776971811.244,111.244,0.83,0.85,0.16,0.17,0.02,0.01,77829.55,1776971810000
1776971811.591,111.591,0.82,0.84,0.17,0.18,0.02,0.01,77829.55,1776971810000
1776971811.928,111.928,0.84,0.85,0.15,0.16,0.01,0.01,77829.55,1776971810000
1776971812.521,112.521,0.86,0.87,0.13,0.16,0.01,0.03,77830.51,1776971811000
1776971812.908,112.908,0.86,0.87,0.13,0.14,0.01,0.01,77830.51,1776971811000
1776971813.25,113.25,0.87,0.88,0.12,0.14,0.01,0.02,77830.51,1776971811000
1776971813.695,113.695,0.87,0.88,0.12,0.13,0.01,0.01,77832.36,1776971812000
1776971814.278,114.278,0.87,0.88,0.12,0.13,0.01,0.01,77834.19,1776971813000
1776971815.111,115.111,0.87,0.88,0.12,0.13,0.01,0.01,77834.19,1776971813000
1776971815.682,115.682,0.87,0.88,0.12,0.13,0.01,0.01,77838.05,1776971814000
1776971816.297,116.297,0.87,0.88,0.12,0.13,0.01,0.01,77838.05,1776971814000
1776971816.646,116.646,0.87,0.88,0.12,0.13,0.01,0.01,77838.99,1776971815000
1776971816.996,116.996,0.87,0.88,0.12,0.13,0.01,0.01,77843.33,1776971816000
1776971817.335,117.335,0.87,0.88,0.12,0.13,0.01,0.01,77843.33,1776971816000
1776971817.735,117.735,0.87,0.88,0.12,0.13,0.01,0.01,77843.33,1776971816000
1776971818.241,118.241,0.87,0.88,0.12,0.13,0.01,0.01,77849.67,1776971817000
1776971818.58,118.58,0.87,0.89,0.11,0.13,0.02,0.02,77849.67,1776971817000
1776971819.007,119.007,0.87,0.89,0.11,0.13,0.02,0.02,77849.67,1776971817000
1776971819.396,119.396,0.87,0.89,0.11,0.13,0.02,0.02,77849.67,1776971818000
1776971819.875,119.875,0.87,0.89,0.11,0.13,0.02,0.02,77849.67,1776971818000
1776971820.32,120.32,0.87,0.88,0.12,0.13,0.01,0.01,77850.8,1776971819000
1776971820.689,120.689,0.87,0.88,0.12,0.13,0.01,0.01,77850.8,1776971819000
1776971821.044,121.044,0.87,0.89,0.11,0.13,0.02,0.02,77852.73,1776971820000
1776971821.383,121.383,0.87,0.9,0.11,0.13,0.03,0.02,77852.73,1776971820000
1776971821.718,121.718,0.86,0.87,0.13,0.14,0.01,0.01,77852.73,1776971820000
1776971822.077,122.077,0.86,0.87,0.13,0.14,0.01,0.01,77852.73,1776971820000
1776971822.424,122.424,0.86,0.87,0.13,0.14,0.01,0.01,77851.72,1776971821000
1776971822.783,122.783,0.86,0.87,0.13,0.14,0.01,0.01,77851.72,1776971821000
1776971823.126,123.126,0.86,0.87,0.13,0.14,0.01,0.01,77851.72,1776971821000
1776971823.58,123.58,0.86,0.87,0.13,0.14,0.01,0.01,77850.31,1776971822000
1776971824.069,124.069,0.86,0.88,0.12,0.14,0.02,0.02,77850.68,1776971823000
1776971824.672,124.672,0.87,0.88,0.12,0.13,0.01,0.01,77850.68,1776971823000
1776971825.014,125.014,0.86,0.88,0.12,0.14,0.02,0.02,77850.68,1776971823000
1776971825.38,125.38,0.85,0.86,0.14,0.15,0.01,0.01,77851.44,1776971824000
1776971825.876,125.876,0.85,0.86,0.14,0.15,0.01,0.01,77851.44,1776971824000
1776971826.345,126.345,0.85,0.86,0.14,0.15,0.01,0.01,77851.44,1776971824000
1776971826.869,126.869,0.85,0.86,0.14,0.15,0.01,0.01,77850.85,1776971825000
1776971827.226,127.226,0.85,0.86,0.14,0.15,0.01,0.01,77850.85,1776971826000
1776971827.835,127.835,0.85,0.87,0.13,0.15,0.02,0.02,77850.85,1776971826000
1776971828.209,128.209,0.85,0.86,0.14,0.15,0.01,0.01,77851.13,1776971827000
1776971828.544,128.544,0.88,0.89,0.11,0.12,0.01,0.01,77851.13,1776971827000
1776971828.879,128.879,0.85,0.91,0.09,0.15,0.06,0.06,77851.13,1776971827000
1776971829.302,129.302,0.89,0.9,0.1,0.11,0.01,0.01,77851.13,1776971827000
1776971829.735,129.735,0.89,0.9,0.1,0.11,0.01,0.01,77852.43,1776971828000
1776971830.07,130.07,0.89,0.9,0.1,0.11,0.01,0.01,77852.43,1776971828000
1776971830.43,130.43,0.89,0.9,0.1,0.11,0.01,0.01,77854.03,1776971829000
1776971830.782,130.782,0.89,0.9,0.1,0.11,0.01,0.01,77854.03,1776971829000
1776971831.175,131.175,0.89,0.9,0.1,0.11,0.01,0.01,77854.03,1776971829000
1776971831.51,131.51,0.89,0.9,0.1,0.11,0.01,0.01,77854.03,1776971829000
1776971831.873,131.873,0.89,0.9,0.1,0.11,0.01,0.01,77854.82,1776971830000
1776971832.207,132.207,0.86,0.87,0.13,0.14,0.01,0.01,77854.75,1776971831000
1776971832.544,132.544,0.85,0.86,0.14,0.15,0.01,0.01,77854.75,1776971831000
1776971832.882,132.882,0.86,0.88,0.13,0.14,0.02,0.01,77854.75,1776971831000
1776971833.358,133.358,0.87,0.89,0.12,0.14,0.02,0.02,77857.31,1776971832000
1776971834.2,134.2,0.88,0.89,0.11,0.12,0.01,0.01,77852.56,1776971833000
1776971834.568,134.568,0.88,0.89,0.11,0.12,0.01,0.01,77852.56,1776971833000
1776971834.983,134.983,0.88,0.89,0.11,0.12,0.01,0.01,77852.56,1776971833000
1776971835.432,135.432,0.88,0.89,0.11,0.12,0.01,0.01,77849.54,1776971834000
1776971835.907,135.907,0.88,0.89,0.11,0.12,0.01,0.01,77849.54,1776971834000
1776971836.286,136.286,0.88,0.89,0.11,0.12,0.01,0.01,77849.54,1776971834000
1776971836.685,136.685,0.88,0.89,0.11,0.12,0.01,0.01,77849.45,1776971835000
1776971837.058,137.058,0.88,0.89,0.11,0.12,0.01,0.01,77849.45,1776971835000
1776971838.007,138.007,0.88,0.89,0.11,0.13,0.01,0.02,77849.45,1776971835000
1776971838.405,138.405,0.88,0.89,0.11,0.12,0.01,0.01,77849.47,1776971836000
1776971838.872,138.872,0.88,0.89,0.11,0.12,0.01,0.01,77849.7,1776971837000
1776971839.413,139.413,0.89,0.9,0.1,0.11,0.01,0.01,77849.68,1776971838000
1776971839.839,139.839,0.88,0.9,0.1,0.11,0.02,0.01,77849.68,1776971838000
1776971840.324,140.324,0.86,0.89,0.11,0.14,0.03,0.03,77849.82,1776971839000
1776971840.732,140.732,0.88,0.89,0.11,0.12,0.01,0.01,77849.82,1776971839000
1776971841.086,141.086,0.86,0.89,0.11,0.14,0.03,0.03,77850.33,1776971840000
1776971841.487,141.487,0.88,0.89,0.11,0.12,0.01,0.01,77850.33,1776971840000
1776971841.821,141.821,0.88,0.89,0.11,0.12,0.01,0.01,77850.33,1776971840000
1776971842.273,142.273,0.88,0.89,0.11,0.12,0.01,0.01,77850.33,1776971840000
1776971842.663,142.663,0.88,0.89,0.11,0.12,0.01,0.01,77850.33,1776971840000
1776971843.033,143.033,0.88,0.89,0.11,0.12,0.01,0.01,77853.28,1776971841000
1776971843.474,143.474,0.88,0.89,0.11,0.12,0.01,0.01,77853.28,1776971841000
1776971843.818,143.818,0.88,0.89,0.11,0.12,0.01,0.01,77853.23,1776971842000
1776971844.371,144.371,0.88,0.89,0.11,0.12,0.01,0.01,77853.23,1776971842000
1776971844.795,144.795,0.88,0.89,0.11,0.12,0.01,0.01,77853.23,1776971843000
1776971845.211,145.211,0.88,0.89,0.11,0.12,0.01,0.01,77853.23,1776971843000
1776971846.35,146.35,0.88,0.89,0.11,0.12,0.01,0.01,77853.37,1776971845000
1776971847.713,147.713,0.88,0.89,0.11,0.12,0.01,0.01,77838.03,1776971846000
1776971848.51,148.51,0.88,0.89,0.11,0.12,0.01,0.01,77830.55,1776971847000
1776971848.884,148.884,0.88,0.89,0.11,0.12,0.01,0.01,77830.55,1776971847000
1776971849.221,149.221,0.84,0.85,0.15,0.16,0.01,0.01,77830.55,1776971847000
1776971849.558,149.558,0.86,0.89,0.11,0.14,0.03,0.03,77831.02,1776971848000
1776971849.893,149.893,0.86,0.89,0.11,0.14,0.03,0.03,77831.02,1776971848000
1776971850.375,150.375,0.87,0.88,0.12,0.13,0.01,0.01,77831.02,1776971848000
1776971850.716,150.716,0.87,0.89,0.12,0.13,0.02,0.01,77831.02,1776971848000
1776971851.073,151.073,0.88,0.89,0.11,0.12,0.01,0.01,77846.86,1776971849000
1776971851.525,151.525,0.89,0.91,0.1,0.11,0.02,0.01,77846.86,1776971849000
1776971851.96,151.96,0.9,0.91,0.09,0.1,0.01,0.01,77855.05,1776971850000
1776971852.323,152.323,0.9,0.91,0.09,0.1,0.01,0.01,77857.34,1776971851000
1776971852.798,152.798,0.9,0.91,0.09,0.11,0.01,0.02,77857.34,1776971851000
1776971853.265,153.265,0.9,0.91,0.09,0.1,0.01,0.01,77857.34,1776971851000
1776971853.621,153.621,0.9,0.91,0.09,0.1,0.01,0.01,77857.9,1776971852000
1776971854.253,154.253,0.9,0.91,0.09,0.1,0.01,0.01,77857.9,1776971852000
1776971854.722,154.722,0.9,0.91,0.09,0.1,0.01,0.01,77857.9,1776971852000
1776971855.427,155.427,0.9,0.91,0.09,0.1,0.01,0.01,77856.1,1776971853000
1776971855.79,155.79,0.9,0.91,0.09,0.1,0.01,0.01,77856.08,1776971854000
1776971856.175,156.175,0.9,0.91,0.09,0.1,0.01,0.01,77856.08,1776971854000
1776971856.557,156.557,0.89,0.91,0.09,0.11,0.02,0.02,77855.98,1776971855000
1776971856.971,156.971,0.9,0.91,0.09,0.11,0.01,0.02,77855.98,1776971855000
1776971857.306,157.306,0.9,0.91,0.09,0.1,0.01,0.01,77857.48,1776971856000
1776971857.719,157.719,0.9,0.93,0.07,0.1,0.03,0.03,77857.48,1776971856000
1776971858.339,158.339,0.91,0.92,0.06,0.09,0.01,0.03,77857.48,1776971856000
1776971858.827,158.827,0.93,0.94,0.06,0.07,0.01,0.01,77857.48,1776971856000
1776971859.257,159.257,0.95,0.96,0.04,0.05,0.01,0.01,77870.69,1776971858000
1776971859.617,159.617,0.95,0.96,0.04,0.05,0.01,0.01,77870.69,1776971858000
1776971859.961,159.961,0.95,0.96,0.04,0.05,0.01,0.01,77870.69,1776971858000
1776971860.339,160.339,0.95,0.96,0.04,0.05,0.01,0.01,77888.53,1776971859000
1776971860.746,160.746,0.96,0.97,0.03,0.04,0.01,0.01,77888.53,1776971859000
1776971861.134,161.134,0.94,0.95,0.05,0.06,0.01,0.01,77888.53,1776971859000
1776971861.547,161.547,0.94,0.95,0.05,0.06,0.01,0.01,77893.12,1776971860000
1776971861.929,161.929,0.94,0.95,0.05,0.06,0.01,0.01,77893.12,1776971860000
1776971862.292,162.292,0.94,0.95,0.05,0.06,0.01,0.01,77893.12,1776971860000
1776971862.636,162.636,0.94,0.95,0.05,0.06,0.01,0.01,77901.0,1776971861000
1776971862.987,162.987,0.93,0.95,0.05,0.06,0.02,0.01,77901.0,1776971861000
1776971863.341,163.341,0.93,0.94,0.06,0.07,0.01,0.01,77900.76,1776971862000
1776971863.678,163.678,0.93,0.94,0.06,0.07,0.01,0.01,77900.76,1776971862000
1776971864.115,164.115,0.93,0.94,0.06,0.07,0.01,0.01,77900.76,1776971862000
1776971864.493,164.493,0.93,0.94,0.06,0.07,0.01,0.01,77896.91,1776971863000
1776971864.83,164.83,0.93,0.94,0.06,0.07,0.01,0.01,77896.91,1776971863000
1776971865.249,165.249,0.93,0.94,0.06,0.07,0.01,0.01,77896.91,1776971863000
1776971865.741,165.741,0.93,0.94,0.06,0.07,0.01,0.01,77889.9,1776971864000
1776971866.339,166.339,0.93,0.94,0.06,0.07,0.01,0.01,77888.64,1776971865000
1776971866.748,166.748,0.93,0.94,0.06,0.07,0.01,0.01,77888.64,1776971865000
1776971867.082,167.082,0.93,0.94,0.06,0.07,0.01,0.01,77884.02,1776971866000
1776971867.52,167.52,0.93,0.94,0.06,0.07,0.01,0.01,77884.02,1776971866000
1776971867.855,167.855,0.94,0.95,0.05,0.07,0.01,0.02,77884.02,1776971866000
1776971868.212,168.212,0.94,0.95,0.05,0.06,0.01,0.01,77883.95,1776971867000
1776971868.746,168.746,0.94,0.95,0.05,0.06,0.01,0.01,77883.95,1776971867000
1776971869.308,169.308,0.94,0.95,0.05,0.06,0.01,0.01,77883.95,1776971867000
1776971869.728,169.728,0.94,0.95,0.05,0.06,0.01,0.01,77886.19,1776971868000
1776971870.135,170.135,0.94,0.95,0.05,0.06,0.01,0.01,77886.19,1776971868000
1776971870.562,170.562,0.94,0.95,0.05,0.06,0.01,0.01,77889.23,1776971869000
1776971870.975,170.975,0.94,0.95,0.05,0.06,0.01,0.01,77889.23,1776971869000
1776971871.333,171.333,0.94,0.95,0.05,0.06,0.01,0.01,77897.33,1776971870000
1776971871.676,171.676,0.94,0.95,0.05,0.06,0.01,0.01,77897.33,1776971870000
1776971872.078,172.078,0.94,0.96,0.04,0.06,0.02,0.02,77897.33,1776971870000
1776971872.46,172.46,0.95,0.96,0.04,0.05,0.01,0.01,77897.33,1776971870000
1776971873.105,173.105,0.95,0.96,0.04,0.05,0.01,0.01,77902.38,1776971872000
1776971873.483,173.483,0.95,0.96,0.04,0.05,0.01,0.01,77902.38,1776971872000
1776971873.896,173.896,0.95,0.96,0.04,0.05,0.01,0.01,77902.38,1776971872000
1776971874.267,174.267,0.95,0.96,0.04,0.05,0.01,0.01,77902.38,1776971872000
1776971874.854,174.854,0.95,0.96,0.04,0.05,0.01,0.01,77899.75,1776971873000
1776971875.336,175.336,0.95,0.96,0.04,0.05,0.01,0.01,77899.83,1776971874000
1776971875.957,175.957,0.95,0.96,0.04,0.05,0.01,0.01,77899.83,1776971874000
1776971876.489,176.489,0.95,0.96,0.04,0.05,0.01,0.01,77899.86,1776971875000
1776971877.085,177.085,0.94,0.95,0.04,0.06,0.01,0.02,77899.86,1776971875000
1776971877.452,177.452,0.94,0.98,0.05,0.06,0.04,0.01,77899.49,1776971876000
1776971877.791,177.791,0.97,0.98,0.02,0.06,0.01,0.04,77899.49,1776971876000
1776971878.194,178.194,0.97,0.98,0.02,0.03,0.01,0.01,77899.53,1776971877000
1776971878.744,178.744,0.97,0.98,0.02,0.03,0.01,0.01,77899.53,1776971877000
1776971879.136,179.136,0.97,0.98,0.02,0.03,0.01,0.01,77899.53,1776971877000
1776971879.549,179.549,0.97,0.98,0.02,0.03,0.01,0.01,77899.47,1776971878000
1776971880.222,180.222,0.97,0.98,0.02,0.03,0.01,0.01,77899.47,1776971878000
1776971880.769,180.769,0.97,0.98,0.02,0.03,0.01,0.01,77900.74,1776971879000
1776971881.12,181.12,0.97,0.98,0.02,0.03,0.01,0.01,77900.03,1776971880000
1776971881.638,181.638,0.97,0.98,0.02,0.03,0.01,0.01,77900.03,1776971880000
1776971882.02,182.02,0.97,0.98,0.02,0.03,0.01,0.01,77900.03,1776971880000
1776971882.365,182.365,0.97,0.98,0.02,0.03,0.01,0.01,77893.0,1776971881000
1776971882.987,182.987,0.97,0.98,0.02,0.03,0.01,0.01,77893.0,1776971881000
1776971883.382,183.382,0.97,0.98,0.02,0.03,0.01,0.01,77888.83,1776971882000
1776971883.736,183.736,0.97,0.98,0.02,0.03,0.01,0.01,77888.83,1776971882000
1776971884.323,184.323,0.97,0.98,0.02,0.03,0.01,0.01,77890.08,1776971883000
1776971884.905,184.905,0.97,0.98,0.02,0.03,0.01,0.01,77890.08,1776971883000
1776971885.298,185.298,0.97,0.98,0.02,0.03,0.01,0.01,77889.9,1776971884000
1776971885.727,185.727,0.97,0.98,0.02,0.03,0.01,0.01,77889.9,1776971884000
1776971886.288,186.288,0.97,0.98,0.02,0.03,0.01,0.01,77889.71,1776971885000
1776971886.647,186.647,0.97,0.98,0.02,0.03,0.01,0.01,77889.71,1776971885000
1776971887.085,187.085,0.97,0.98,0.02,0.03,0.01,0.01,77890.26,1776971886000
1776971887.427,187.427,0.97,0.98,0.02,0.03,0.01,0.01,77890.26,1776971886000
1776971887.829,187.829,0.97,0.98,0.02,0.03,0.01,0.01,77890.26,1776971886000
1776971888.199,188.199,0.97,0.98,0.02,0.03,0.01,0.01,77890.26,1776971886000
1776971888.579,188.579,0.97,0.98,0.02,0.03,0.01,0.01,77896.1,1776971887000
1776971888.915,188.915,0.97,0.98,0.02,0.03,0.01,0.01,77896.1,1776971887000
1776971889.263,189.263,0.97,0.98,0.02,0.03,0.01,0.01,77896.38,1776971888000
1776971889.708,189.708,0.97,0.98,0.02,0.03,0.01,0.01,77896.38,1776971888000
1776971890.049,190.049,0.97,0.98,0.02,0.03,0.01,0.01,77896.58,1776971889000
1776971890.419,190.419,0.97,0.98,0.02,0.03,0.01,0.01,77896.58,1776971889000
1776971890.947,190.947,0.97,0.98,0.02,0.03,0.01,0.01,77896.58,1776971889000
1776971891.567,191.567,0.97,0.98,0.02,0.03,0.01,0.01,77896.58,1776971890000
1776971891.94,191.94,0.97,0.98,0.02,0.03,0.01,0.01,77896.56,1776971891000
1776971892.374,192.374,0.97,0.98,0.02,0.03,0.01,0.01,77896.56,1776971891000
1776971893.018,193.018,0.97,0.98,0.02,0.03,0.01,0.01,77896.56,1776971891000
1776971894.088,194.088,0.97,0.98,0.02,0.03,0.01,0.01,77893.47,1776971893000
1776971894.725,194.725,0.97,0.98,0.02,0.03,0.01,0.01,77893.47,1776971893000
1776971895.096,195.096,0.97,0.98,0.02,0.03,0.01,0.01,77893.47,1776971893000
1776971895.571,195.571,0.97,0.98,0.02,0.03,0.01,0.01,77893.76,1776971894000
1776971895.936,195.936,0.97,0.98,0.02,0.03,0.01,0.01,77893.76,1776971894000
1776971896.684,196.684,0.98,0.99,0.01,0.02,0.01,0.01,77894.43,1776971895000
1776971897.074,197.074,0.98,0.99,0.01,0.02,0.01,0.01,77894.43,1776971895000
1776971897.45,197.45,0.98,0.99,0.01,0.02,0.01,0.01,77894.42,1776971896000
1776971897.816,197.816,0.98,0.99,0.01,0.02,0.01,0.01,77894.42,1776971896000
1776971898.167,198.167,0.98,0.99,0.01,0.02,0.01,0.01,77894.33,1776971897000
1776971898.524,198.524,0.98,0.99,0.01,0.02,0.01,0.01,77894.33,1776971897000
1776971899.148,199.148,0.98,0.99,0.01,0.02,0.01,0.01,77894.33,1776971898000
1776971899.838,199.838,0.98,0.99,0.01,0.02,0.01,0.01,77894.33,1776971898000
1776971900.173,200.173,0.98,0.99,0.01,0.02,0.01,0.01,77892.79,1776971899000
1776971900.603,200.603,0.98,0.99,0.01,0.02,0.01,0.01,77892.79,1776971899000
1776971901.431,201.431,0.98,0.99,0.01,0.02,0.01,0.01,77892.79,1776971899000
1776971901.776,201.776,0.98,0.99,0.01,0.02,0.01,0.01,77892.79,1776971899000
1776971902.61,202.61,0.98,0.99,0.01,0.02,0.01,0.01,77891.13,1776971900000
1776971903.081,203.081,0.97,0.99,0.02,0.03,0.02,0.01,77891.13,1776971900000
1776971903.415,203.415,0.97,0.98,0.02,0.03,0.01,0.01,77892.24,1776971901000
1776971903.851,203.851,0.97,0.98,0.02,0.03,0.01,0.01,77892.24,1776971902000
1776971904.292,204.292,0.97,0.98,0.02,0.03,0.01,0.01,77892.24,1776971902000
1776971904.754,204.754,0.97,0.98,0.02,0.03,0.01,0.01,77885.47,1776971903000
1776971905.124,205.124,0.97,0.98,0.02,0.03,0.01,0.01,77885.47,1776971903000
1776971905.595,205.595,0.96,0.98,0.02,0.03,0.02,0.01,77881.56,1776971904000
1776971906.686,206.686,0.97,0.98,0.02,0.03,0.01,0.01,77880.44,1776971905000
1776971907.078,207.078,0.97,0.98,0.02,0.03,0.01,0.01,77880.44,1776971905000
1776971907.598,207.598,0.97,0.98,0.02,0.03,0.01,0.01,77880.31,1776971906000
1776971908.002,208.002,0.96,0.98,0.02,0.04,0.02,0.02,77880.19,1776971907000
1776971908.632,208.632,0.97,0.98,0.02,0.04,0.01,0.02,77880.19,1776971907000
1776971909.161,209.161,0.97,0.98,0.02,0.03,0.01,0.01,77880.19,1776971907000
1776971909.719,209.719,0.97,0.98,0.02,0.03,0.01,0.01,77878.77,1776971908000
1776971910.088,210.088,0.97,0.98,0.02,0.03,0.01,0.01,77878.77,1776971908000
1776971910.698,210.698,0.97,0.98,0.02,0.03,0.01,0.01,77878.93,1776971909000
1776971911.223,211.223,0.97,0.98,0.02,0.03,0.01,0.01,77880.22,1776971910000
1776971911.779,211.779,0.97,0.98,0.02,0.03,0.01,0.01,77880.22,1776971910000
1776971912.129,212.129,0.97,0.98,0.02,0.03,0.01,0.01,77880.22,1776971910000
1776971912.477,212.477,0.97,0.98,0.02,0.03,0.01,0.01,77881.28,1776971911000
1776971912.811,212.811,0.97,0.98,0.02,0.03,0.01,0.01,77881.28,1776971911000
1776971913.158,213.158,0.98,0.99,0.01,0.02,0.01,0.01,77884.89,1776971912000
1776971913.53,213.53,0.98,0.99,0.01,0.02,0.01,0.01,77884.89,1776971912000
1776971914.026,214.026,0.98,0.99,0.01,0.02,0.01,0.01,77884.89,1776971912000
1776971914.445,214.445,0.98,0.99,0.01,0.02,0.01,0.01,77884.89,1776971912000
1776971914.81,214.81,0.98,0.99,0.01,0.02,0.01,0.01,77887.47,1776971913000
1776971915.158,215.158,0.98,0.99,0.01,0.02,0.01,0.01,77887.47,1776971913000
1776971915.602,215.602,0.98,0.99,0.01,0.02,0.01,0.01,77887.46,1776971914000
1776971916.008,216.008,0.98,0.99,0.01,0.02,0.01,0.01,77887.46,1776971914000
1776971916.892,216.892,0.98,0.99,0.01,0.02,0.01,0.01,77889.46,1776971915000
1776971917.461,217.461,0.98,0.99,0.01,0.02,0.01,0.01,77889.46,1776971915000
1776971917.815,217.815,0.98,0.99,0.01,0.02,0.01,0.01,77890.42,1776971916000
1776971918.334,218.334,0.98,0.99,0.01,0.02,0.01,0.01,77890.43,1776971917000
1776971918.956,218.956,0.98,0.99,0.01,0.02,0.01,0.01,77890.43,1776971917000
1776971919.367,219.367,0.98,0.99,0.01,0.02,0.01,0.01,77890.43,1776971917000
1776971919.709,219.709,0.98,0.99,0.01,0.02,0.01,0.01,77890.51,1776971918000
1776971920.123,220.123,0.98,0.99,0.01,0.02,0.01,0.01,77890.51,1776971918000
1776971920.466,220.466,0.98,0.99,0.01,0.02,0.01,0.01,77890.51,1776971918000
1776971921.088,221.088,0.98,0.99,0.01,0.02,0.01,0.01,77890.32,1776971919000
1776971921.611,221.611,0.98,0.99,0.01,0.02,0.01,0.01,77890.79,1776971920000
1776971922.006,222.006,0.98,0.99,0.01,0.02,0.01,0.01,77890.79,1776971920000
1776971922.371,222.371,0.98,0.99,0.01,0.02,0.01,0.01,77890.79,1776971920000
1776971922.784,222.784,0.98,0.99,0.01,0.02,0.01,0.01,77890.83,1776971921000
1776971923.339,223.339,0.98,0.99,0.01,0.02,0.01,0.01,77890.94,1776971922000
1776971923.754,223.754,0.98,0.99,0.01,0.02,0.01,0.01,77890.94,1776971922000
1776971924.21,224.21,0.98,0.99,0.01,0.02,0.01,0.01,77890.94,1776971922000
1776971924.624,224.624,0.98,0.99,0.01,0.02,0.01,0.01,77890.94,1776971922000
1776971925.003,225.003,0.98,0.99,0.01,0.02,0.01,0.01,77886.09,1776971923000
1776971925.374,225.374,0.98,0.99,0.01,0.02,0.01,0.01,77885.82,1776971924000
1776971925.921,225.921,0.98,0.99,0.01,0.02,0.01,0.01,77885.82,1776971924000
1776971926.612,226.612,0.98,0.99,0.01,0.02,0.01,0.01,77885.83,1776971925000
1776971927.086,227.086,0.98,0.99,0.01,0.02,0.01,0.01,77886.57,1776971926000
1776971927.561,227.561,0.98,0.99,0.01,0.02,0.01,0.01,77886.57,1776971926000
1776971927.954,227.954,0.98,0.99,0.01,0.02,0.01,0.01,77886.57,1776971926000
1776971928.394,228.394,0.98,0.99,0.01,0.02,0.01,0.01,77885.75,1776971927000
1776971928.956,228.956,0.98,0.99,0.01,0.02,0.01,0.01,77885.75,1776971927000
1776971929.291,229.291,0.98,0.99,0.01,0.02,0.01,0.01,77885.74,1776971928000
1776971929.669,229.669,0.98,0.99,0.01,0.02,0.01,0.01,77885.74,1776971928000
1776971930.053,230.053,0.98,0.99,0.01,0.02,0.01,0.01,77885.74,1776971928000
1776971930.452,230.452,0.98,0.99,0.01,0.02,0.01,0.01,77885.78,1776971929000
1776971930.993,230.993,0.98,0.99,0.01,0.02,0.01,0.01,77886.1,1776971930000
1776971931.378,231.378,0.98,0.99,0.01,0.02,0.01,0.01,77886.1,1776971930000
1776971931.882,231.882,0.98,0.99,0.01,0.02,0.01,0.01,77886.1,1776971930000
1776971932.716,232.716,0.98,0.99,0.01,0.02,0.01,0.01,77880.63,1776971931000
1776971933.284,233.284,0.98,0.99,0.01,0.02,0.01,0.01,77880.63,1776971931000
1776971933.867,233.867,0.98,0.99,0.01,0.02,0.01,0.01,77867.58,1776971932000
1776971934.364,234.364,0.98,0.99,0.01,0.02,0.01,0.01,77867.58,1776971932000
1776971934.742,234.742,0.98,0.99,0.01,0.02,0.01,0.01,77865.26,1776971933000
1776971935.114,235.114,0.98,0.99,0.01,0.02,0.01,0.01,77865.26,1776971933000
1776971936.02,236.02,0.98,0.99,0.01,0.02,0.01,0.01,77865.14,1776971934000
1776971936.996,236.996,0.98,0.99,0.01,0.02,0.01,0.01,77863.94,1776971936000
1776971937.634,237.634,0.98,0.99,0.01,0.02,0.01,0.01,77863.94,1776971936000
1776971938.019,238.019,0.98,0.99,0.01,0.02,0.01,0.01,77863.04,1776971937000
1776971938.487,238.487,0.98,0.99,0.01,0.02,0.01,0.01,77863.04,1776971937000
1776971938.838,238.838,0.98,0.99,0.01,0.02,0.01,0.01,77861.93,1776971938000
1776971939.187,239.187,0.98,0.99,0.01,0.02,0.01,0.01,77861.93,1776971938000
1776971939.551,239.551,0.98,0.99,0.01,0.02,0.01,0.01,77861.93,1776971938000
1776971939.986,239.986,0.97,0.98,0.01,0.03,0.01,0.02,77861.2,1776971939000
1776971940.332,240.332,0.97,0.98,0.02,0.03,0.01,0.01,77861.2,1776971939000
1776971940.67,240.67,0.98,0.99,0.01,0.02,0.01,0.01,77861.2,1776971939000
1776971941.041,241.041,0.97,0.99,0.02,0.03,0.02,0.01,77861.2,1776971939000
1776971941.414,241.414,0.97,0.98,0.01,0.03,0.01,0.02,77853.23,1776971940000
1776971941.797,241.797,0.97,0.98,0.02,0.03,0.01,0.01,77853.23,1776971940000
1776971942.138,242.138,0.97,0.98,0.02,0.03,0.01,0.01,77848.72,1776971941000
1776971942.495,242.495,0.97,0.98,0.02,0.03,0.01,0.01,77848.72,1776971941000
1776971942.872,242.872,0.97,0.98,0.02,0.03,0.01,0.01,77848.72,1776971941000
1776971943.414,243.414,0.97,0.98,0.02,0.03,0.01,0.01,77846.55,1776971942000
1776971944.008,244.008,0.97,0.98,0.02,0.03,0.01,0.01,77844.53,1776971943000
1776971944.647,244.647,0.97,0.98,0.02,0.03,0.01,0.01,77844.53,1776971943000
1776971945.006,245.006,0.97,0.98,0.02,0.03,0.01,0.01,77844.43,1776971944000
1776971945.856,245.856,0.97,0.98,0.02,0.03,0.01,0.01,77844.45,1776971945000
1776971946.722,246.722,0.97,0.98,0.02,0.03,0.01,0.01,77844.45,1776971945000
1776971947.124,247.124,0.97,0.98,0.02,0.03,0.01,0.01,77844.45,1776971946000
1776971947.49,247.49,0.97,0.98,0.02,0.03,0.01,0.01,77844.45,1776971946000
1776971948.202,248.202,0.98,0.99,0.01,0.02,0.01,0.01,77844.45,1776971946000
1776971948.545,248.545,0.98,0.99,0.01,0.02,0.01,0.01,77845.78,1776971947000
1776971949.101,249.101,0.98,0.99,0.01,0.02,0.01,0.01,77847.63,1776971948000
1776971949.597,249.597,0.98,0.99,0.01,0.02,0.01,0.01,77847.63,1776971948000
1776971949.945,249.945,0.98,0.99,0.01,0.02,0.01,0.01,77847.63,1776971948000
1776971950.297,250.297,0.98,0.99,0.01,0.02,0.01,0.01,77848.07,1776971949000
1776971950.725,250.725,0.98,0.99,0.01,0.02,0.01,0.01,77848.07,1776971949000
1776971951.339,251.339,0.98,0.99,0.01,0.02,0.01,0.01,77848.07,1776971950000
1776971951.749,251.749,0.98,0.99,0.01,0.02,0.01,0.01,77848.07,1776971950000
1776971952.19,252.19,0.98,0.99,0.01,0.02,0.01,0.01,77848.21,1776971951000
1776971952.902,252.902,0.98,0.99,0.01,0.02,0.01,0.01,77848.19,1776971952000
1776971953.486,253.486,0.98,0.99,0.01,0.02,0.01,0.01,77848.19,1776971952000
1776971953.877,253.877,0.98,0.99,0.01,0.02,0.01,0.01,77847.85,1776971953000
1776971954.788,254.788,0.98,0.99,0.01,0.02,0.01,0.01,77847.85,1776971953000
1776971955.716,255.716,0.98,0.99,0.01,0.02,0.01,0.01,77848.14,1776971954000
1776971956.072,256.072,0.98,0.99,0.01,0.02,0.01,0.01,77848.15,1776971955000
1776971956.453,256.453,0.98,0.99,0.01,0.02,0.01,0.01,77848.15,1776971955000
1776971956.935,256.935,0.98,0.99,0.01,0.02,0.01,0.01,77848.15,1776971955000
1776971957.269,257.269,0.98,0.99,0.01,0.02,0.01,0.01,77848.18,1776971956000
1776971957.664,257.664,0.98,0.99,0.01,0.02,0.01,0.01,77848.18,1776971956000
1776971958.036,258.036,0.98,0.99,0.01,0.02,0.01,0.01,77848.18,1776971956000
1776971958.39,258.39,0.98,0.99,0.01,0.02,0.01,0.01,77848.18,1776971957000
1776971958.978,258.978,0.99,0.99,0.01,0.02,0.0,0.01,77848.18,1776971957000
1776971959.315,259.315,0.99,0.99,0.01,0.01,0.0,0.0,77848.36,1776971958000
1776971959.654,259.654,0.99,0.99,0.01,0.01,0.0,0.0,77848.36,1776971958000
1776971960.034,260.034,0.99,0.99,0.01,0.01,0.0,0.0,77848.52,1776971959000
1776971960.394,260.394,0.99,0.99,0.01,0.01,0.0,0.0,77848.52,1776971959000
1776971960.936,260.936,0.99,0.99,0.01,0.01,0.0,0.0,77848.52,1776971959000
1776971961.354,261.354,0.99,0.99,0.01,0.01,0.0,0.0,77848.52,1776971960000
1776971961.905,261.905,0.99,0.99,0.01,0.01,0.0,0.0,77848.76,1776971961000
1776971962.363,262.363,0.99,0.99,0.01,0.01,0.0,0.0,77848.76,1776971961000
1776971962.869,262.869,0.99,0.99,0.01,0.01,0.0,0.0,77848.61,1776971962000
1776971963.371,263.371,0.99,0.99,0.01,0.01,0.0,0.0,77848.61,1776971962000
1776971963.762,263.762,0.98,0.99,0.01,0.02,0.01,0.01,77848.61,1776971962000
1776971964.248,264.248,0.98,0.99,0.01,0.02,0.01,0.01,77848.48,1776971963000
1776971964.774,264.774,0.98,0.99,0.01,0.02,0.01,0.01,77848.48,1776971963000
1776971965.208,265.208,0.98,0.99,0.01,0.02,0.01,0.01,77847.1,1776971964000
1776971966.015,266.015,0.99,0.99,0.01,0.01,0.0,0.0,77847.1,1776971965000
1776971966.671,266.671,0.99,0.99,0.01,0.01,0.0,0.0,77847.1,1776971965000
1776971967.054,267.054,0.99,0.99,0.01,0.01,0.0,0.0,77849.08,1776971966000
1776971967.952,267.952,0.99,0.99,0.01,0.01,0.0,0.0,77849.08,1776971966000
1776971969.154,269.154,0.99,0.99,0.01,0.01,0.0,0.0,77858.57,1776971968000
1776971970.11,270.11,0.99,0.99,0.01,0.01,0.0,0.0,77862.18,1776971969000
1776971970.548,270.548,0.99,0.99,0.01,0.01,0.0,0.0,77862.18,1776971969000
1776971971.283,271.283,0.99,0.99,0.01,0.01,0.0,0.0,77862.31,1776971970000
1776971972.22,272.22,0.99,0.99,0.01,0.01,0.0,0.0,77860.75,1776971971000
1776971973.284,273.284,0.99,0.99,0.01,0.01,0.0,0.0,77859.97,1776971972000
1776971974.685,274.685,0.99,0.99,0.01,0.01,0.0,0.0,77859.73,1776971973000
1776971975.149,275.149,0.99,0.99,0.01,0.01,0.0,0.0,77859.88,1776971974000
1776971975.952,275.952,0.99,0.99,0.01,0.01,0.0,0.0,77859.88,1776971974000
1776971976.304,276.304,0.99,0.99,0.01,0.01,0.0,0.0,77859.75,1776971975000
1776971977.279,277.279,0.99,0.99,0.01,0.01,0.0,0.0,77849.94,1776971976000
1776971978.398,278.398,0.99,0.99,0.01,0.01,0.0,0.0,77848.77,1776971977000
1776971979.04,279.04,0.99,0.99,0.01,0.01,0.0,0.0,77849.01,1776971978000
1776971980.083,280.083,0.99,0.99,0.01,0.01,0.0,0.0,77849.02,1776971979000
1776971980.92,280.92,0.99,0.99,0.01,0.01,0.0,0.0,77848.45,1776971980000
1776971981.87,281.87,0.99,0.99,0.01,0.01,0.0,0.0,77848.45,1776971980000
1776971983.181,283.181,0.99,0.99,0.01,0.01,0.0,0.0,77847.14,1776971982000
1776971983.835,283.835,0.99,0.99,0.01,0.01,0.0,0.0,77847.14,1776971982000
1776971984.332,284.332,0.99,0.99,0.01,0.01,0.0,0.0,77848.04,1776971983000
1776971985.844,285.844,0.99,0.99,0.01,0.01,0.0,0.0,77848.04,1776971983000
1776971987.055,287.055,0.99,0.99,0.01,0.01,0.0,0.0,77849.66,1776971986000
1776971988.048,288.048,0.99,0.99,0.01,0.01,0.0,0.0,77849.66,1776971986000
1776971989.319,289.319,0.99,0.99,0.01,0.01,0.0,0.0,77850.2,1776971987000
1776971989.819,289.819,0.99,0.99,0.01,0.01,0.0,0.0,77850.2,1776971988000
1776971990.778,290.778,0.99,0.99,0.01,0.01,0.0,0.0,77850.44,1776971989000
1776971991.415,291.415,0.99,0.99,0.01,0.01,0.0,0.0,77854.37,1776971990000
1776971992.539,292.539,0.99,0.99,0.01,0.01,0.0,0.0,77856.78,1776971991000
1776971993.274,293.274,0.99,0.99,0.01,0.01,0.0,0.0,77858.92,1776971992000
1776971994.925,294.925,0.99,0.99,0.01,0.01,0.0,0.0,77859.9,1776971993000
1776971995.708,295.708,0.99,0.99,0.01,0.01,0.0,0.0,77860.82,1776971994000
1776971996.468,296.468,0.99,0.99,0.01,0.01,0.0,0.0,77860.7,1776971995000
1776971997.277,297.277,0.99,0.99,0.01,0.01,0.0,0.0,77856.89,1776971996000
1776971998.173,298.173,0.99,0.99,0.01,0.01,0.0,0.0,77854.94,1776971997000
1776971998.623,298.623,0.99,0.99,0.01,0.01,0.0,0.0,77854.94,1776971997000
1776971998.96,298.96,0.99,0.99,0.01,0.01,0.0,0.0,77854.94,1776971997000
1776972000.196,300.196,0.99,0.99,0.01,0.01,0.0,0.0,77854.0,1776971998000
1776972000.672,300.672,0.99,0.99,0.01,0.01,0.0,0.0,77854.0,1776971998000

# RESULT,winner=Up,slug=btc-updown-5m-1776971700,ticks=606
