timestamp,elapsed_sec,up_bid,up_ask,down_bid,down_ask,up_spread,down_spread,btc_price,btc_oracle_ts
1776063900.519,0.519,0.52,0.53,0.46,0.47,0.01,0.01,71015.87,1776063899000
1776063900.963,0.963,0.53,0.54,0.46,0.47,0.01,0.01,71015.87,1776063899000
1776063901.463,1.463,0.52,0.54,0.46,0.48,0.02,0.02,71015.88,1776063900000
1776063901.837,1.837,0.52,0.53,0.47,0.48,0.01,0.01,71015.88,1776063900000
1776063902.313,2.313,0.52,0.53,0.47,0.48,0.01,0.01,71015.85,1776063901000
1776063902.729,2.729,0.52,0.53,0.47,0.48,0.01,0.01,71015.85,1776063901000
1776063903.149,3.149,0.51,0.53,0.47,0.49,0.02,0.02,71015.85,1776063901000
1776063903.849,3.849,0.51,0.52,0.48,0.49,0.01,0.01,71015.83,1776063902000
1776063904.259,4.259,0.51,0.52,0.48,0.49,0.01,0.01,71015.82,1776063903000
1776063904.705,4.705,0.51,0.52,0.48,0.49,0.01,0.01,71015.82,1776063903000
1776063905.198,5.198,0.5,0.51,0.48,0.5,0.01,0.02,71015.81,1776063904000
1776063905.626,5.626,0.5,0.51,0.49,0.5,0.01,0.01,71015.81,1776063904000
1776063905.995,5.995,0.5,0.51,0.49,0.5,0.01,0.01,71015.81,1776063904000
1776063906.49,6.49,0.5,0.51,0.49,0.5,0.01,0.01,71014.75,1776063905000
1776063907.141,7.141,0.5,0.51,0.49,0.5,0.01,0.01,71014.75,1776063905000
1776063907.5,7.5,0.47,0.48,0.51,0.54,0.01,0.03,71013.17,1776063906000
1776063907.869,7.869,0.47,0.48,0.52,0.53,0.01,0.01,71013.17,1776063906000
1776063908.363,8.363,0.47,0.48,0.52,0.53,0.01,0.01,71012.75,1776063907000
1776063908.816,8.816,0.47,0.48,0.52,0.53,0.01,0.01,71012.75,1776063907000
1776063909.181,9.181,0.47,0.48,0.52,0.53,0.01,0.01,71011.18,1776063908000
1776063909.872,9.872,0.47,0.48,0.52,0.53,0.01,0.01,71009.55,1776063909000
1776063910.222,10.222,0.47,0.48,0.52,0.53,0.01,0.01,71009.55,1776063909000
1776063910.787,10.787,0.46,0.49,0.52,0.53,0.03,0.01,71009.55,1776063909000
1776063911.146,11.146,0.46,0.47,0.53,0.54,0.01,0.01,71009.49,1776063910000
1776063911.546,11.546,0.46,0.47,0.53,0.54,0.01,0.01,71009.49,1776063910000
1776063912.188,12.188,0.47,0.48,0.52,0.54,0.01,0.02,71009.49,1776063910000
1776063912.665,12.665,0.46,0.47,0.52,0.54,0.01,0.02,71009.26,1776063911000
1776063913.035,13.035,0.46,0.47,0.53,0.54,0.01,0.01,71009.26,1776063911000
1776063913.439,13.439,0.45,0.46,0.54,0.55,0.01,0.01,71009.26,1776063912000
1776063913.783,13.783,0.44,0.45,0.54,0.55,0.01,0.01,71009.26,1776063912000
1776063914.904,14.904,0.44,0.45,0.55,0.56,0.01,0.01,71009.7,1776063913000
1776063915.249,15.249,0.43,0.45,0.55,0.56,0.02,0.01,71007.76,1776063914000
1776063915.792,15.792,0.42,0.43,0.57,0.58,0.01,0.01,71007.76,1776063914000
1776063916.134,16.134,0.41,0.42,0.58,0.59,0.01,0.01,71010.49,1776063915000
1776063916.873,16.873,0.41,0.42,0.58,0.59,0.01,0.01,71010.49,1776063915000
1776063917.573,17.573,0.41,0.42,0.58,0.59,0.01,0.01,71007.2,1776063916000
1776063917.927,17.927,0.41,0.42,0.58,0.59,0.01,0.01,71007.2,1776063916000
1776063918.319,18.319,0.41,0.42,0.58,0.59,0.01,0.01,71003.97,1776063917000
1776063918.709,18.709,0.39,0.4,0.59,0.61,0.01,0.02,71003.97,1776063917000
1776063919.06,19.06,0.37,0.38,0.62,0.63,0.01,0.01,71004.9,1776063918000
1776063919.406,19.406,0.36,0.38,0.62,0.63,0.02,0.01,71004.9,1776063918000
1776063919.771,19.771,0.36,0.37,0.63,0.64,0.01,0.01,71004.9,1776063918000
1776063920.163,20.163,0.36,0.37,0.63,0.64,0.01,0.01,71004.28,1776063919000
1776063920.525,20.525,0.36,0.37,0.63,0.64,0.01,0.01,71004.28,1776063919000
1776063920.875,20.875,0.36,0.37,0.63,0.64,0.01,0.01,71004.28,1776063919000
1776063921.38,21.38,0.36,0.37,0.63,0.64,0.01,0.01,70999.73,1776063920000
1776063921.728,21.728,0.36,0.37,0.63,0.64,0.01,0.01,70999.73,1776063920000
1776063922.061,22.061,0.36,0.37,0.63,0.64,0.01,0.01,70999.73,1776063920000
1776063922.399,22.399,0.35,0.36,0.63,0.65,0.01,0.02,70999.61,1776063921000
1776063922.771,22.771,0.35,0.36,0.64,0.65,0.01,0.01,70999.61,1776063921000
1776063923.113,23.113,0.35,0.36,0.64,0.65,0.01,0.01,71000.58,1776063922000
1776063923.774,23.774,0.35,0.36,0.64,0.65,0.01,0.01,71000.58,1776063922000
1776063924.196,24.196,0.35,0.37,0.63,0.65,0.02,0.02,70999.6,1776063923000
1776063924.626,24.626,0.36,0.37,0.63,0.65,0.01,0.02,70999.6,1776063923000
1776063925.011,25.011,0.36,0.37,0.63,0.64,0.01,0.01,70999.6,1776063923000
1776063925.412,25.412,0.36,0.37,0.63,0.64,0.01,0.01,70998.72,1776063924000
1776063925.806,25.806,0.36,0.37,0.63,0.64,0.01,0.01,70998.72,1776063924000
1776063926.291,26.291,0.36,0.37,0.63,0.64,0.01,0.01,70998.13,1776063925000
1776063926.947,26.947,0.36,0.37,0.63,0.64,0.01,0.01,70998.13,1776063925000
1776063927.317,27.317,0.36,0.37,0.63,0.64,0.01,0.01,70998.13,1776063925000
1776063927.965,27.965,0.36,0.38,0.63,0.64,0.02,0.01,70999.17,1776063926000
1776063928.316,28.316,0.37,0.38,0.62,0.64,0.01,0.02,70999.17,1776063926000
1776063928.683,28.683,0.37,0.38,0.62,0.63,0.01,0.01,70998.35,1776063927000
1776063929.065,29.065,0.37,0.38,0.62,0.63,0.01,0.01,70998.35,1776063927000
1776063929.465,29.465,0.37,0.38,0.62,0.63,0.01,0.01,70998.35,1776063927000
1776063929.81,29.81,0.37,0.38,0.62,0.63,0.01,0.01,70998.64,1776063928000
1776063930.194,30.194,0.37,0.38,0.62,0.63,0.01,0.01,70998.64,1776063928000
1776063930.558,30.558,0.35,0.36,0.62,0.65,0.01,0.03,70998,1776063929000
1776063931.034,31.034,0.35,0.36,0.64,0.65,0.01,0.01,70998,1776063929000
1776063931.923,31.923,0.35,0.36,0.64,0.65,0.01,0.01,70998.99,1776063930000
1776063932.42,32.42,0.35,0.36,0.64,0.65,0.01,0.01,70998.2,1776063931000
1776063932.973,32.973,0.35,0.36,0.64,0.65,0.01,0.01,70998.2,1776063931000
1776063933.39,33.39,0.35,0.36,0.64,0.65,0.01,0.01,70998.2,1776063931000
1776063933.74,33.74,0.35,0.36,0.64,0.65,0.01,0.01,70998.56,1776063932000
1776063934.222,34.222,0.35,0.36,0.64,0.65,0.01,0.01,70998.56,1776063932000
1776063934.656,34.656,0.35,0.36,0.64,0.65,0.01,0.01,70998.93,1776063933000
1776063934.99,34.99,0.35,0.36,0.64,0.65,0.01,0.01,70998.93,1776063933000
1776063935.339,35.339,0.34,0.35,0.64,0.66,0.01,0.02,70998.5,1776063934000
1776063935.682,35.682,0.34,0.35,0.65,0.66,0.01,0.01,70998.5,1776063934000
1776063936.163,36.163,0.34,0.35,0.65,0.66,0.01,0.01,70998.5,1776063934000
1776063936.632,36.632,0.34,0.35,0.65,0.66,0.01,0.01,70999.19,1776063935000
1776063937.294,37.294,0.34,0.35,0.65,0.66,0.01,0.01,70999.19,1776063935000
1776063937.744,37.744,0.33,0.34,0.66,0.67,0.01,0.01,70997.65,1776063936000
1776063938.082,38.082,0.33,0.34,0.66,0.67,0.01,0.01,70997.65,1776063936000
1776063938.442,38.442,0.32,0.34,0.66,0.67,0.02,0.01,70997.65,1776063936000
1776063938.795,38.795,0.32,0.33,0.67,0.68,0.01,0.01,70997.17,1776063937000
1776063939.252,39.252,0.31,0.32,0.68,0.69,0.01,0.01,70997.17,1776063937000
1776063939.77,39.77,0.31,0.32,0.68,0.69,0.01,0.01,70996.1,1776063938000
1776063940.237,40.237,0.31,0.32,0.68,0.69,0.01,0.01,70995.73,1776063939000
1776063940.77,40.77,0.31,0.32,0.68,0.69,0.01,0.01,70995.73,1776063939000
1776063941.262,41.262,0.31,0.32,0.68,0.69,0.01,0.01,70995.73,1776063939000
1776063941.739,41.739,0.31,0.32,0.68,0.69,0.01,0.01,70995.73,1776063939000
1776063942.145,42.145,0.31,0.32,0.68,0.69,0.01,0.01,70995.84,1776063940000
1776063942.507,42.507,0.31,0.32,0.68,0.69,0.01,0.01,70995.84,1776063940000
1776063943.098,43.098,0.31,0.32,0.68,0.69,0.01,0.01,70995.98,1776063941000
1776063943.647,43.647,0.3,0.31,0.68,0.7,0.01,0.02,70995.87,1776063942000
1776063943.981,43.981,0.29,0.31,0.69,0.7,0.02,0.01,70995.87,1776063942000
1776063944.34,44.34,0.29,0.3,0.7,0.71,0.01,0.01,70996.2,1776063943000
1776063944.674,44.674,0.29,0.3,0.7,0.71,0.01,0.01,70996.2,1776063943000
1776063945.129,45.129,0.29,0.3,0.7,0.71,0.01,0.01,70996.2,1776063943000
1776063945.526,45.526,0.29,0.3,0.7,0.71,0.01,0.01,70996.2,1776063943000
1776063945.874,45.874,0.29,0.3,0.7,0.71,0.01,0.01,70994.33,1776063944000
1776063946.26,46.26,0.29,0.3,0.7,0.72,0.01,0.02,70994.33,1776063944000
1776063946.734,46.734,0.29,0.3,0.7,0.71,0.01,0.01,70995.81,1776063945000
1776063947.144,47.144,0.29,0.3,0.7,0.71,0.01,0.01,70995.81,1776063945000
1776063947.727,47.727,0.28,0.3,0.7,0.71,0.02,0.01,70994.17,1776063946000
1776063948.15,48.15,0.27,0.28,0.71,0.72,0.01,0.01,70994.17,1776063946000
1776063948.519,48.519,0.27,0.28,0.72,0.73,0.01,0.01,70994.43,1776063947000
1776063948.877,48.877,0.27,0.28,0.72,0.73,0.01,0.01,70994.43,1776063947000
1776063949.832,49.832,0.27,0.28,0.72,0.73,0.01,0.01,70994.24,1776063948000
1776063950.403,50.403,0.27,0.28,0.72,0.73,0.01,0.01,70994.24,1776063948000
1776063950.86,50.86,0.27,0.28,0.72,0.73,0.01,0.01,70994.22,1776063949000
1776063951.235,51.235,0.27,0.28,0.72,0.73,0.01,0.01,70993.9,1776063950000
1776063951.767,51.767,0.27,0.28,0.72,0.74,0.01,0.02,70993.9,1776063950000
1776063952.421,52.421,0.27,0.28,0.72,0.73,0.01,0.01,70993.9,1776063950000
1776063952.844,52.844,0.27,0.28,0.72,0.73,0.01,0.01,70992.43,1776063951000
1776063953.261,53.261,0.26,0.27,0.73,0.74,0.01,0.01,70992.44,1776063952000
1776063953.822,53.822,0.26,0.27,0.73,0.74,0.01,0.01,70992.44,1776063952000
1776063954.248,54.248,0.26,0.27,0.73,0.74,0.01,0.01,70992.44,1776063952000
1776063954.585,54.585,0.27,0.28,0.72,0.74,0.01,0.02,70992.44,1776063952000
1776063955.231,55.231,0.27,0.28,0.72,0.73,0.01,0.01,70992.98,1776063953000
1776063955.75,55.75,0.27,0.28,0.72,0.73,0.01,0.01,70992.53,1776063954000
1776063956.318,56.318,0.27,0.28,0.72,0.73,0.01,0.01,70992.53,1776063954000
1776063957.028,57.028,0.26,0.28,0.72,0.73,0.02,0.01,70992.11,1776063955000
1776063957.409,57.409,0.26,0.27,0.73,0.74,0.01,0.01,70992.46,1776063956000
1776063957.832,57.832,0.26,0.27,0.73,0.74,0.01,0.01,70992.46,1776063956000
1776063958.294,58.294,0.26,0.27,0.73,0.74,0.01,0.01,70992.46,1776063956000
1776063958.701,58.701,0.26,0.27,0.73,0.74,0.01,0.01,70995.89,1776063957000
1776063959.186,59.186,0.26,0.27,0.73,0.74,0.01,0.01,70995.78,1776063958000
1776063959.548,59.548,0.26,0.27,0.73,0.74,0.01,0.01,70995.78,1776063958000
1776063959.978,59.978,0.26,0.27,0.73,0.74,0.01,0.01,70995.78,1776063958000
1776063960.349,60.349,0.26,0.27,0.73,0.74,0.01,0.01,70995.78,1776063958000
1776063960.913,60.913,0.26,0.27,0.73,0.74,0.01,0.01,70992.7,1776063959000
1776063961.272,61.272,0.25,0.27,0.53,0.74,0.02,0.21,70995.4,1776063960000
1776063961.74,61.74,0.26,0.27,0.73,0.74,0.01,0.01,70995.4,1776063960000
1776063962.257,62.257,0.31,0.32,0.68,0.74,0.01,0.06,70995.4,1776063960000
1776063962.697,62.697,0.3,0.31,0.69,0.7,0.01,0.01,70992.88,1776063961000
1776063963.152,63.152,0.33,0.34,0.65,0.7,0.01,0.05,70992.88,1776063961000
1776063963.516,63.516,0.32,0.33,0.67,0.68,0.01,0.01,70992.81,1776063962000
1776063963.918,63.918,0.26,0.27,0.73,0.74,0.01,0.01,70992.81,1776063962000
1776063964.268,64.268,0.26,0.27,0.73,0.74,0.01,0.01,70992.81,1776063963000
1776063964.708,64.708,0.26,0.27,0.73,0.74,0.01,0.01,70992.81,1776063963000
1776063965.16,65.16,0.26,0.27,0.73,0.74,0.01,0.01,70991.77,1776063964000
1776063965.529,65.529,0.26,0.27,0.73,0.74,0.01,0.01,70991.77,1776063964000
1776063966.056,66.056,0.26,0.27,0.73,0.74,0.01,0.01,70991.77,1776063964000
1776063966.437,66.437,0.27,0.28,0.72,0.74,0.01,0.02,70992.37,1776063965000
1776063966.837,66.837,0.27,0.28,0.72,0.73,0.01,0.01,70992.37,1776063965000
1776063967.297,67.297,0.27,0.28,0.72,0.73,0.01,0.01,70992.37,1776063965000
1776063967.75,67.75,0.27,0.28,0.72,0.73,0.01,0.01,70991.83,1776063966000
1776063968.104,68.104,0.27,0.28,0.72,0.73,0.01,0.01,70991.83,1776063966000
1776063968.437,68.437,0.27,0.28,0.72,0.73,0.01,0.01,70993.45,1776063967000
1776063968.825,68.825,0.27,0.28,0.72,0.73,0.01,0.01,70993.45,1776063967000
1776063969.382,69.382,0.27,0.28,0.72,0.73,0.01,0.01,70993.45,1776063967000
1776063969.752,69.752,0.28,0.3,0.71,0.72,0.02,0.01,70992.48,1776063968000
1776063970.874,70.874,0.28,0.29,0.71,0.72,0.01,0.01,70993.61,1776063969000
1776063971.382,71.382,0.28,0.29,0.71,0.72,0.01,0.01,70993.61,1776063969000
1776063971.964,71.964,0.25,0.26,0.74,0.75,0.01,0.01,70990.72,1776063970000
1776063972.58,72.58,0.25,0.26,0.74,0.75,0.01,0.01,70991.22,1776063971000
1776063972.944,72.944,0.24,0.25,0.75,0.76,0.01,0.01,70991.22,1776063971000
1776063973.326,73.326,0.22,0.24,0.76,0.78,0.02,0.02,70991.11,1776063972000
1776063973.698,73.698,0.22,0.23,0.77,0.78,0.01,0.01,70991.11,1776063972000
1776063974.033,74.033,0.22,0.24,0.76,0.78,0.02,0.02,70991.11,1776063972000
1776063974.444,74.444,0.23,0.24,0.76,0.77,0.01,0.01,70991.11,1776063972000
1776063974.782,74.782,0.23,0.24,0.76,0.77,0.01,0.01,70987.06,1776063973000
1776063975.158,75.158,0.23,0.24,0.76,0.77,0.01,0.01,70986.8,1776063974000
1776063975.569,75.569,0.22,0.23,0.77,0.78,0.01,0.01,70986.8,1776063974000
1776063976.14,76.14,0.22,0.23,0.76,0.78,0.01,0.02,70986.8,1776063974000
1776063976.488,76.488,0.2,0.22,0.78,0.79,0.02,0.01,70988.35,1776063975000
1776063976.828,76.828,0.2,0.21,0.79,0.8,0.01,0.01,70988.35,1776063975000
1776063977.199,77.199,0.2,0.21,0.79,0.8,0.01,0.01,70988.35,1776063975000
1776063977.541,77.541,0.21,0.22,0.78,0.79,0.01,0.01,70984.38,1776063976000
1776063977.887,77.887,0.2,0.21,0.78,0.79,0.01,0.01,70984.38,1776063976000
1776063978.228,78.228,0.2,0.21,0.79,0.8,0.01,0.01,70985.56,1776063977000
1776063978.594,78.594,0.2,0.21,0.78,0.8,0.01,0.02,70985.56,1776063977000
1776063978.949,78.949,0.21,0.22,0.78,0.79,0.01,0.01,70985.56,1776063977000
1776063979.299,79.299,0.22,0.23,0.77,0.78,0.01,0.01,70983.36,1776063978000
1776063980.314,80.314,0.23,0.24,0.76,0.77,0.01,0.01,70983.36,1776063978000
1776063980.696,80.696,0.23,0.24,0.76,0.77,0.01,0.01,70983.36,1776063978000
1776063981.061,81.061,0.22,0.23,0.77,0.78,0.01,0.01,70983.55,1776063979000
1776063981.536,81.536,0.22,0.23,0.77,0.78,0.01,0.01,70982.16,1776063980000
1776063981.972,81.972,0.22,0.23,0.77,0.78,0.01,0.01,70982.16,1776063981000
1776063982.62,82.62,0.22,0.23,0.77,0.78,0.01,0.01,70982.16,1776063981000
1776063982.962,82.962,0.22,0.23,0.77,0.78,0.01,0.01,70982.16,1776063981000
1776063983.364,83.364,0.22,0.23,0.77,0.78,0.01,0.01,70982.01,1776063982000
1776063983.739,83.739,0.22,0.23,0.77,0.78,0.01,0.01,70982.01,1776063982000
1776063984.121,84.121,0.23,0.24,0.76,0.78,0.01,0.02,70982.02,1776063983000
1776063984.523,84.523,0.22,0.23,0.77,0.78,0.01,0.01,70982.02,1776063983000
1776063984.909,84.909,0.22,0.23,0.77,0.78,0.01,0.01,70982.02,1776063983000
1776063985.258,85.258,0.22,0.23,0.77,0.78,0.01,0.01,70981.83,1776063984000
1776063985.632,85.632,0.18,0.19,0.78,0.82,0.01,0.04,70981.83,1776063984000
1776063985.993,85.993,0.17,0.18,0.82,0.83,0.01,0.01,70981.83,1776063984000
1776063986.437,86.437,0.17,0.19,0.82,0.83,0.02,0.01,70981.75,1776063985000
1776063986.835,86.835,0.17,0.18,0.82,0.83,0.01,0.01,70981.75,1776063985000
1776063987.174,87.174,0.17,0.18,0.82,0.83,0.01,0.01,70981.73,1776063986000
1776063987.616,87.616,0.17,0.18,0.82,0.83,0.01,0.01,70981.73,1776063986000
1776063988.019,88.019,0.16,0.17,0.83,0.84,0.01,0.01,70977.86,1776063987000
1776063988.355,88.355,0.15,0.16,0.83,0.85,0.01,0.02,70977.86,1776063987000
1776063988.835,88.835,0.16,0.17,0.83,0.84,0.01,0.01,70977.86,1776063987000
1776063989.224,89.224,0.16,0.17,0.83,0.84,0.01,0.01,70976.02,1776063988000
1776063989.564,89.564,0.17,0.18,0.82,0.83,0.01,0.01,70976.02,1776063988000
1776063989.912,89.912,0.17,0.18,0.82,0.83,0.01,0.01,70976.02,1776063988000
1776063990.365,90.365,0.17,0.18,0.82,0.83,0.01,0.01,70973.3,1776063989000
1776063990.728,90.728,0.16,0.17,0.83,0.84,0.01,0.01,70973.3,1776063989000
1776063991.215,91.215,0.16,0.17,0.83,0.84,0.01,0.01,70970.41,1776063990000
1776063991.551,91.551,0.15,0.16,0.84,0.85,0.01,0.01,70970.41,1776063990000
1776063991.885,91.885,0.13,0.15,0.85,0.86,0.02,0.01,70969.83,1776063991000
1776063992.232,92.232,0.13,0.14,0.86,0.87,0.01,0.01,70969.83,1776063991000
1776063992.616,92.616,0.14,0.16,0.84,0.85,0.02,0.01,70969.83,1776063991000
1776063992.987,92.987,0.14,0.15,0.85,0.86,0.01,0.01,70967.91,1776063992000
1776063993.323,93.323,0.14,0.15,0.85,0.87,0.01,0.02,70967.91,1776063992000
1776063993.664,93.664,0.13,0.14,0.86,0.87,0.01,0.01,70967.91,1776063992000
1776063994.194,94.194,0.13,0.15,0.81,0.87,0.02,0.06,70967.91,1776063992000
1776063994.702,94.702,0.13,0.15,0.85,0.87,0.02,0.02,70962.9,1776063993000
1776063995.06,95.06,0.14,0.17,0.85,0.87,0.03,0.02,70962.9,1776063993000
1776063995.394,95.394,0.15,0.16,0.84,0.85,0.01,0.01,70961.97,1776063994000
1776063995.905,95.905,0.15,0.16,0.84,0.85,0.01,0.01,70961.97,1776063994000
1776063996.342,96.342,0.15,0.16,0.84,0.85,0.01,0.01,70961.97,1776063994000
1776063996.693,96.693,0.15,0.16,0.84,0.85,0.01,0.01,70958.78,1776063995000
1776063997.053,97.053,0.14,0.15,0.84,0.85,0.01,0.01,70958.78,1776063995000
1776063997.448,97.448,0.15,0.16,0.85,0.87,0.01,0.02,70958.4,1776063996000
1776063998.108,98.108,0.15,0.16,0.84,0.85,0.01,0.01,70958.4,1776063996000
1776063998.458,98.458,0.15,0.16,0.84,0.85,0.01,0.01,70958.4,1776063996000
1776063999.197,99.197,0.15,0.16,0.84,0.85,0.01,0.01,70958.3,1776063997000
1776063999.816,99.816,0.15,0.16,0.84,0.85,0.01,0.01,70958.3,1776063998000
1776064000.203,100.203,0.15,0.16,0.84,0.85,0.01,0.01,70958.3,1776063998000
1776064000.747,100.747,0.13,0.14,0.85,0.87,0.01,0.02,70959.83,1776063999000
1776064001.184,101.184,0.13,0.14,0.86,0.87,0.01,0.01,70959.83,1776064000000
1776064001.538,101.538,0.13,0.14,0.86,0.87,0.01,0.01,70959.83,1776064000000
1776064001.884,101.884,0.14,0.15,0.84,0.87,0.01,0.03,70959.83,1776064000000
1776064002.234,102.234,0.14,0.15,0.85,0.86,0.01,0.01,70959.83,1776064000000
1776064002.789,102.789,0.14,0.15,0.85,0.86,0.01,0.01,70960.49,1776064001000
1776064003.173,103.173,0.14,0.16,0.84,0.85,0.02,0.01,70960.49,1776064001000
1776064003.526,103.526,0.15,0.16,0.85,0.86,0.01,0.01,70960.49,1776064001000
1776064003.879,103.879,0.15,0.16,0.84,0.85,0.01,0.01,70960.49,1776064002000
1776064004.468,104.468,0.16,0.17,0.83,0.85,0.01,0.02,70960.49,1776064003000
1776064004.908,104.908,0.18,0.19,0.81,0.82,0.01,0.01,70960.49,1776064003000
1776064005.249,105.249,0.18,0.22,0.81,0.82,0.04,0.01,70960.49,1776064003000
1776064005.583,105.583,0.19,0.2,0.8,0.81,0.01,0.01,70957.94,1776064004000
1776064005.922,105.922,0.19,0.2,0.8,0.82,0.01,0.02,70957.94,1776064004000
1776064006.286,106.286,0.19,0.2,0.8,0.81,0.01,0.01,70957.83,1776064005000
1776064006.857,106.857,0.17,0.18,0.81,0.83,0.01,0.02,70957.83,1776064005000
1776064007.222,107.222,0.17,0.18,0.82,0.83,0.01,0.01,70957.83,1776064005000
1776064008.132,108.132,0.17,0.18,0.82,0.83,0.01,0.01,70964.19,1776064006000
1776064008.536,108.536,0.17,0.18,0.82,0.83,0.01,0.01,70964.19,1776064006000
1776064008.883,108.883,0.17,0.18,0.82,0.83,0.01,0.01,70963.98,1776064007000
1776064009.357,109.357,0.16,0.17,0.82,0.84,0.01,0.02,70962.35,1776064008000
1776064009.731,109.731,0.14,0.16,0.83,0.85,0.02,0.02,70962.35,1776064008000
1776064010.102,110.102,0.14,0.15,0.85,0.86,0.01,0.01,70962.91,1776064009000
1776064010.736,110.736,0.14,0.15,0.85,0.86,0.01,0.01,70962.91,1776064009000
1776064011.171,111.171,0.14,0.15,0.85,0.86,0.01,0.01,70958.72,1776064010000
1776064011.52,111.52,0.14,0.15,0.85,0.86,0.01,0.01,70958.72,1776064010000
1776064012.003,112.003,0.14,0.15,0.85,0.86,0.01,0.01,70955.83,1776064011000
1776064012.521,112.521,0.13,0.14,0.86,0.87,0.01,0.01,70955.83,1776064011000
1776064012.917,112.917,0.12,0.13,0.86,0.88,0.01,0.02,70955.83,1776064011000
1776064013.254,113.254,0.12,0.13,0.87,0.88,0.01,0.01,70954.39,1776064012000
1776064013.934,113.934,0.12,0.13,0.87,0.88,0.01,0.01,70954.39,1776064012000
1776064014.46,114.46,0.11,0.13,0.87,0.89,0.02,0.02,70953.9,1776064013000
1776064014.925,114.925,0.11,0.12,0.88,0.89,0.01,0.01,70953.9,1776064013000
1776064015.55,115.55,0.11,0.12,0.88,0.89,0.01,0.01,70952.3,1776064014000
1776064015.906,115.906,0.11,0.12,0.88,0.89,0.01,0.01,70952.3,1776064014000
1776064016.403,116.403,0.11,0.12,0.88,0.89,0.01,0.01,70950.3,1776064015000
1776064016.772,116.772,0.11,0.12,0.88,0.89,0.01,0.01,70950.3,1776064015000
1776064017.253,117.253,0.11,0.12,0.88,0.89,0.01,0.01,70949.32,1776064016000
1776064017.717,117.717,0.1,0.12,0.88,0.89,0.02,0.01,70949.32,1776064016000
1776064018.053,118.053,0.1,0.11,0.89,0.9,0.01,0.01,70950.17,1776064017000
1776064018.424,118.424,0.1,0.13,0.89,0.9,0.03,0.01,70950.17,1776064017000
1776064018.798,118.798,0.11,0.13,0.87,0.88,0.02,0.01,70950.17,1776064017000
1776064019.749,119.749,0.12,0.13,0.87,0.88,0.01,0.01,70951.03,1776064018000
1776064020.16,120.16,0.12,0.13,0.84,0.88,0.01,0.04,70950.79,1776064019000
1776064020.498,120.498,0.12,0.13,0.87,0.88,0.01,0.01,70950.79,1776064019000
1776064020.863,120.863,0.1,0.11,0.89,0.9,0.01,0.01,70950.79,1776064019000
1776064021.524,121.524,0.09,0.1,0.9,0.91,0.01,0.01,70951.38,1776064020000
1776064021.883,121.883,0.08,0.1,0.9,0.92,0.02,0.02,70952.09,1776064021000
1776064022.335,122.335,0.08,0.09,0.91,0.92,0.01,0.01,70952.09,1776064021000
1776064022.687,122.687,0.08,0.09,0.91,0.92,0.01,0.01,70952.09,1776064021000
1776064023.166,123.166,0.08,0.09,0.91,0.92,0.01,0.01,70952.09,1776064021000
1776064023.523,123.523,0.08,0.09,0.91,0.92,0.01,0.01,70952.09,1776064021000
1776064023.937,123.937,0.07,0.11,0.89,0.93,0.04,0.04,70943.49,1776064022000
1776064024.476,124.476,0.07,0.08,0.91,0.93,0.01,0.02,70943.49,1776064022000
1776064024.819,124.819,0.07,0.08,0.92,0.93,0.01,0.01,70941.52,1776064023000
1776064025.156,125.156,0.07,0.08,0.92,0.93,0.01,0.01,70941.52,1776064023000
1776064025.56,125.56,0.06,0.07,0.93,0.94,0.01,0.01,70940.78,1776064024000
1776064025.894,125.894,0.06,0.07,0.93,0.94,0.01,0.01,70940.78,1776064024000
1776064026.232,126.232,0.06,0.07,0.93,0.94,0.01,0.01,70940.78,1776064024000
1776064026.588,126.588,0.06,0.07,0.93,0.94,0.01,0.01,70936.78,1776064025000
1776064027.081,127.081,0.06,0.07,0.93,0.94,0.01,0.01,70936.78,1776064025000
1776064027.419,127.419,0.06,0.08,0.93,0.94,0.02,0.01,70934.12,1776064026000
1776064027.758,127.758,0.06,0.07,0.93,0.94,0.01,0.01,70934.12,1776064026000
1776064028.207,128.207,0.05,0.06,0.94,0.95,0.01,0.01,70934.12,1776064026000
1776064028.653,128.653,0.05,0.06,0.94,0.95,0.01,0.01,70933.95,1776064027000
1776064029.217,129.217,0.05,0.06,0.94,0.95,0.01,0.01,70933.95,1776064027000
1776064029.712,129.712,0.05,0.06,0.94,0.95,0.01,0.01,70931.93,1776064028000
1776064030.161,130.161,0.05,0.06,0.94,0.95,0.01,0.01,70928.78,1776064029000
1776064030.586,130.586,0.05,0.06,0.94,0.95,0.01,0.01,70928.78,1776064029000
1776064030.967,130.967,0.05,0.07,0.93,0.95,0.02,0.02,70928.78,1776064030000
1776064031.301,131.301,0.06,0.07,0.93,0.95,0.01,0.02,70928.78,1776064030000
1776064031.671,131.671,0.07,0.08,0.92,0.93,0.01,0.01,70928.78,1776064030000
1776064032.083,132.083,0.05,0.07,0.93,0.95,0.02,0.02,70931.71,1776064031000
1776064032.477,132.477,0.06,0.07,0.93,0.94,0.01,0.01,70931.71,1776064031000
1776064032.89,132.89,0.05,0.06,0.93,0.94,0.01,0.01,70931.71,1776064031000
1776064033.232,133.232,0.05,0.06,0.94,0.95,0.01,0.01,70934.78,1776064032000
1776064033.683,133.683,0.06,0.07,0.93,0.94,0.01,0.01,70934.78,1776064032000
1776064034.079,134.079,0.07,0.08,0.92,0.94,0.01,0.02,70934.78,1776064032000
1776064034.429,134.429,0.07,0.08,0.92,0.93,0.01,0.01,70935.82,1776064033000
1776064034.773,134.773,0.07,0.08,0.92,0.93,0.01,0.01,70935.82,1776064033000
1776064035.236,135.236,0.07,0.08,0.92,0.93,0.01,0.01,70935.82,1776064033000
1776064035.739,135.739,0.07,0.08,0.92,0.93,0.01,0.01,70933.27,1776064034000
1776064036.082,136.082,0.06,0.08,0.92,0.93,0.02,0.01,70933.27,1776064035000
1776064036.756,136.756,0.06,0.07,0.92,0.94,0.01,0.02,70933.27,1776064035000
1776064037.139,137.139,0.06,0.07,0.93,0.94,0.01,0.01,70937.38,1776064036000
1776064037.601,137.601,0.06,0.07,0.93,0.94,0.01,0.01,70937.38,1776064036000
1776064038.06,138.06,0.06,0.08,0.93,0.94,0.02,0.01,70937.38,1776064036000
1776064038.449,138.449,0.07,0.08,0.93,0.94,0.01,0.01,70936.94,1776064037000
1776064039.049,139.049,0.07,0.08,0.92,0.93,0.01,0.01,70936.94,1776064037000
1776064039.456,139.456,0.06,0.07,0.92,0.95,0.01,0.03,70936.94,1776064037000
1776064040.163,140.163,0.06,0.07,0.93,0.94,0.01,0.01,70937.35,1776064038000
1776064040.747,140.747,0.06,0.07,0.93,0.94,0.01,0.01,70937.35,1776064039000
1776064041.395,141.395,0.06,0.07,0.93,0.94,0.01,0.01,70940.1,1776064040000
1776064041.841,141.841,0.06,0.08,0.93,0.94,0.02,0.01,70940.1,1776064040000
1776064042.215,142.215,0.06,0.08,0.92,0.94,0.02,0.02,70938.09,1776064041000
1776064042.846,142.846,0.06,0.07,0.93,0.94,0.01,0.01,70938.09,1776064041000
1776064043.534,143.534,0.06,0.07,0.93,0.94,0.01,0.01,70938.22,1776064042000
1776064044.092,144.092,0.06,0.07,0.93,0.94,0.01,0.01,70938.6,1776064043000
1776064044.588,144.588,0.06,0.07,0.93,0.94,0.01,0.01,70938.6,1776064043000
1776064045.339,145.339,0.06,0.07,0.93,0.94,0.01,0.01,70939.21,1776064044000
1776064045.881,145.881,0.06,0.07,0.93,0.94,0.01,0.01,70939.21,1776064044000
1776064046.598,146.598,0.06,0.08,0.92,0.94,0.02,0.02,70940.89,1776064045000
1776064047.049,147.049,0.07,0.08,0.92,0.93,0.01,0.01,70940.89,1776064045000
1776064047.425,147.425,0.07,0.08,0.92,0.93,0.01,0.01,70942.35,1776064046000
1776064047.831,147.831,0.06,0.07,0.92,0.95,0.01,0.03,70942.35,1776064046000
1776064048.176,148.176,0.05,0.06,0.93,0.97,0.01,0.04,70942.35,1776064046000
1776064048.667,148.667,0.03,0.04,0.96,0.97,0.01,0.01,70942.35,1776064047000
1776064049.007,149.007,0.03,0.04,0.96,0.97,0.01,0.01,70942.35,1776064047000
1776064049.482,149.482,0.03,0.04,0.96,0.97,0.01,0.01,70942.35,1776064048000
1776064049.831,149.831,0.04,0.05,0.95,0.97,0.01,0.02,70942.35,1776064048000
1776064050.191,150.191,0.04,0.05,0.95,0.96,0.01,0.01,70942.36,1776064049000
1776064050.65,150.65,0.03,0.04,0.96,0.97,0.01,0.01,70942.36,1776064049000
1776064051.065,151.065,0.03,0.04,0.96,0.97,0.01,0.01,70942.36,1776064049000
1776064051.667,151.667,0.03,0.04,0.96,0.97,0.01,0.01,70942.36,1776064050000
1776064052.088,152.088,0.03,0.05,0.95,0.97,0.02,0.02,70942.36,1776064051000
1776064052.463,152.463,0.04,0.05,0.95,0.96,0.01,0.01,70942.36,1776064051000
1776064053.014,153.014,0.03,0.05,0.95,0.96,0.02,0.01,70942.36,1776064051000
1776064053.358,153.358,0.03,0.04,0.96,0.97,0.01,0.01,70942.39,1776064052000
1776064053.764,153.764,0.03,0.04,0.96,0.97,0.01,0.01,70942.39,1776064052000
1776064054.481,154.481,0.03,0.04,0.96,0.97,0.01,0.01,70942.39,1776064053000
1776064054.867,154.867,0.03,0.04,0.96,0.97,0.01,0.01,70942.39,1776064053000
1776064055.267,155.267,0.03,0.04,0.96,0.97,0.01,0.01,70942.39,1776064054000
1776064055.665,155.665,0.04,0.05,0.95,0.97,0.01,0.02,70942.39,1776064054000
1776064056.075,156.075,0.03,0.04,0.95,0.96,0.01,0.01,70942.39,1776064054000
1776064056.424,156.424,0.03,0.04,0.96,0.97,0.01,0.01,70942.39,1776064054000
1776064056.941,156.941,0.03,0.04,0.96,0.97,0.01,0.01,70942.42,1776064055000
1776064057.389,157.389,0.03,0.04,0.96,0.97,0.01,0.01,70941.82,1776064056000
1776064057.814,157.814,0.03,0.04,0.96,0.97,0.01,0.01,70941.82,1776064056000
1776064058.304,158.304,0.03,0.04,0.96,0.97,0.01,0.01,70941.82,1776064056000
1776064058.745,158.745,0.04,0.05,0.96,0.97,0.01,0.01,70938.24,1776064057000
1776064059.323,159.323,0.04,0.05,0.95,0.96,0.01,0.01,70938.24,1776064057000
1776064059.69,159.69,0.04,0.05,0.95,0.96,0.01,0.01,70938.24,1776064057000
1776064060.268,160.268,0.04,0.05,0.95,0.96,0.01,0.01,70938.24,1776064058000
1776064061.247,161.247,0.04,0.05,0.95,0.96,0.01,0.01,70937.56,1776064059000
1776064061.689,161.689,0.05,0.06,0.94,0.96,0.01,0.02,70938.4,1776064060000
1776064062.153,162.153,0.05,0.06,0.94,0.95,0.01,0.01,70938.4,1776064060000
1776064062.665,162.665,0.04,0.05,0.94,0.96,0.01,0.02,70938.43,1776064061000
1776064063.435,163.435,0.04,0.05,0.94,0.95,0.01,0.01,70938.43,1776064061000
1776064064.297,164.297,0.04,0.05,0.95,0.96,0.01,0.01,70936.99,1776064062000
1776064064.638,164.638,0.04,0.05,0.95,0.96,0.01,0.01,70936.99,1776064063000
1776064065.089,165.089,0.04,0.05,0.95,0.96,0.01,0.01,70937.33,1776064064000
1776064065.776,165.776,0.04,0.05,0.95,0.96,0.01,0.01,70937.33,1776064064000
1776064066.212,166.212,0.04,0.05,0.95,0.96,0.01,0.01,70937.33,1776064064000
1776064066.574,166.574,0.04,0.05,0.95,0.96,0.01,0.01,70937.33,1776064064000
1776064067.173,167.173,0.04,0.05,0.95,0.96,0.01,0.01,70937.73,1776064065000
1776064067.687,167.687,0.04,0.05,0.95,0.96,0.01,0.01,70937.73,1776064066000
1776064068.159,168.159,0.04,0.05,0.95,0.96,0.01,0.01,70937.73,1776064066000
1776064068.619,168.619,0.04,0.05,0.95,0.96,0.01,0.01,70936.45,1776064067000
1776064069.174,169.174,0.04,0.05,0.95,0.96,0.01,0.01,70936.45,1776064067000
1776064069.909,169.909,0.04,0.05,0.95,0.96,0.01,0.01,70936.26,1776064068000
1776064070.283,170.283,0.04,0.05,0.95,0.96,0.01,0.01,70936.26,1776064068000
1776064070.7,170.7,0.04,0.05,0.95,0.96,0.01,0.01,70936.26,1776064068000
1776064071.04,171.04,0.04,0.05,0.95,0.96,0.01,0.01,70937.75,1776064069000
1776064071.753,171.753,0.04,0.05,0.95,0.96,0.01,0.01,70937.37,1776064070000
1776064072.512,172.512,0.04,0.05,0.95,0.96,0.01,0.01,70938.27,1776064071000
1776064072.88,172.88,0.04,0.05,0.95,0.96,0.01,0.01,70938.27,1776064071000
1776064073.213,173.213,0.04,0.05,0.95,0.96,0.01,0.01,70938.27,1776064071000
1776064073.62,173.62,0.04,0.05,0.95,0.96,0.01,0.01,70938.28,1776064072000
1776064074.066,174.066,0.04,0.05,0.95,0.96,0.01,0.01,70938.28,1776064072000
1776064074.45,174.45,0.04,0.05,0.95,0.96,0.01,0.01,70938.08,1776064073000
1776064075.095,175.095,0.04,0.05,0.95,0.96,0.01,0.01,70938.08,1776064073000
1776064075.451,175.451,0.04,0.05,0.95,0.96,0.01,0.01,70936.46,1776064074000
1776064075.837,175.837,0.04,0.05,0.95,0.96,0.01,0.01,70936.46,1776064074000
1776064076.253,176.253,0.04,0.05,0.95,0.96,0.01,0.01,70936.46,1776064074000
1776064076.771,176.771,0.04,0.05,0.95,0.96,0.01,0.01,70934.37,1776064075000
1776064077.459,177.459,0.04,0.05,0.95,0.96,0.01,0.01,70934.09,1776064076000
1776064077.848,177.848,0.04,0.05,0.95,0.96,0.01,0.01,70934.09,1776064076000
1776064078.192,178.192,0.04,0.05,0.95,0.96,0.01,0.01,70934.09,1776064077000
1776064078.526,178.526,0.04,0.05,0.95,0.96,0.01,0.01,70934.09,1776064077000
1776064079.059,179.059,0.04,0.05,0.95,0.96,0.01,0.01,70934.09,1776064077000
1776064079.685,179.685,0.04,0.05,0.95,0.96,0.01,0.01,70931.54,1776064078000
1776064080.295,180.295,0.04,0.05,0.95,0.96,0.01,0.01,70931.54,1776064078000
1776064080.681,180.681,0.04,0.05,0.95,0.96,0.01,0.01,70932.04,1776064079000
1776064081.055,181.055,0.04,0.05,0.95,0.96,0.01,0.01,70932.04,1776064079000
1776064081.397,181.397,0.04,0.05,0.95,0.96,0.01,0.01,70933.55,1776064080000
1776064081.86,181.86,0.04,0.05,0.95,0.96,0.01,0.01,70933.55,1776064080000
1776064082.219,182.219,0.04,0.05,0.95,0.96,0.01,0.01,70931.6,1776064081000
1776064082.58,182.58,0.04,0.05,0.95,0.96,0.01,0.01,70931.6,1776064081000
1776064082.914,182.914,0.04,0.05,0.95,0.96,0.01,0.01,70931.6,1776064081000
1776064083.301,183.301,0.04,0.05,0.95,0.96,0.01,0.01,70932.74,1776064082000
1776064083.653,183.653,0.04,0.05,0.95,0.96,0.01,0.01,70932.74,1776064082000
1776064084.09,184.09,0.04,0.05,0.95,0.96,0.01,0.01,70932.74,1776064082000
1776064084.52,184.52,0.04,0.05,0.95,0.96,0.01,0.01,70931.93,1776064083000
1776064085.035,185.035,0.04,0.05,0.95,0.96,0.01,0.01,70931.93,1776064083000
1776064085.432,185.432,0.04,0.05,0.95,0.96,0.01,0.01,70931.96,1776064084000
1776064086.374,186.374,0.04,0.05,0.95,0.96,0.01,0.01,70931.96,1776064084000
1776064086.754,186.754,0.04,0.05,0.95,0.96,0.01,0.01,70932.04,1776064085000
1776064087.103,187.103,0.04,0.05,0.95,0.96,0.01,0.01,70931.77,1776064086000
1776064087.62,187.62,0.04,0.05,0.95,0.96,0.01,0.01,70931.77,1776064086000
1776064088.228,188.228,0.04,0.05,0.95,0.96,0.01,0.01,70931.77,1776064086000
1776064088.562,188.562,0.04,0.05,0.95,0.96,0.01,0.01,70931.55,1776064087000
1776064088.941,188.941,0.04,0.05,0.95,0.96,0.01,0.01,70931.55,1776064087000
1776064089.448,189.448,0.04,0.05,0.95,0.96,0.01,0.01,70931.55,1776064087000
1776064089.815,189.815,0.04,0.05,0.95,0.96,0.01,0.01,70931.55,1776064088000
1776064090.168,190.168,0.04,0.05,0.95,0.96,0.01,0.01,70932.03,1776064089000
1776064090.524,190.524,0.05,0.06,0.94,0.95,0.01,0.01,70932.03,1776064089000
1776064090.874,190.874,0.04,0.06,0.94,0.95,0.02,0.01,70932.03,1776064089000
1776064091.233,191.233,0.04,0.05,0.95,0.96,0.01,0.01,70932.03,1776064089000
1776064091.697,191.697,0.05,0.06,0.94,0.95,0.01,0.01,70932.03,1776064089000
1776064092.178,192.178,0.04,0.05,0.94,0.96,0.01,0.02,70931.52,1776064090000
1776064092.541,192.541,0.05,0.06,0.95,0.96,0.01,0.01,70931.52,1776064090000
1776064092.89,192.89,0.04,0.05,0.94,0.95,0.01,0.01,70931.46,1776064091000
1776064093.232,193.232,0.04,0.06,0.94,0.96,0.02,0.02,70931.46,1776064091000
1776064093.64,193.64,0.04,0.06,0.94,0.96,0.02,0.02,70933.0,1776064092000
1776064093.982,193.982,0.04,0.06,0.94,0.95,0.02,0.01,70933.0,1776064092000
1776064094.328,194.328,0.04,0.05,0.94,0.96,0.01,0.02,70931.95,1776064093000
1776064094.727,194.727,0.05,0.06,0.94,0.96,0.01,0.02,70931.95,1776064093000
1776064095.198,195.198,0.04,0.06,0.94,0.96,0.02,0.02,70931.95,1776064093000
1776064095.656,195.656,0.04,0.06,0.94,0.96,0.02,0.02,70931.95,1776064093000
1776064096.165,196.165,0.04,0.05,0.94,0.95,0.01,0.01,70932.51,1776064094000
1776064096.706,196.706,0.05,0.06,0.94,0.96,0.01,0.02,70931.98,1776064095000
1776064097.064,197.064,0.05,0.06,0.94,0.95,0.01,0.01,70932.0,1776064096000
1776064097.425,197.425,0.04,0.06,0.94,0.96,0.02,0.02,70932.0,1776064096000
1776064097.861,197.861,0.04,0.05,0.95,0.96,0.01,0.01,70932.0,1776064096000
1776064098.451,198.451,0.04,0.05,0.95,0.96,0.01,0.01,70932.2,1776064097000
1776064098.906,198.906,0.03,0.04,0.95,0.96,0.01,0.01,70932.2,1776064097000
1776064099.261,199.261,0.03,0.04,0.96,0.97,0.01,0.01,70932.75,1776064098000
1776064099.743,199.743,0.03,0.04,0.96,0.97,0.01,0.01,70932.75,1776064098000
1776064100.131,200.131,0.03,0.04,0.96,0.97,0.01,0.01,70932.75,1776064098000
1776064100.54,200.54,0.03,0.04,0.96,0.97,0.01,0.01,70932.75,1776064098000
1776064101.007,201.007,0.03,0.04,0.96,0.97,0.01,0.01,70932.39,1776064099000
1776064101.41,201.41,0.03,0.04,0.96,0.97,0.01,0.01,70932.39,1776064100000
1776064101.744,201.744,0.03,0.04,0.96,0.97,0.01,0.01,70932.39,1776064100000
1776064102.186,202.186,0.03,0.04,0.96,0.97,0.01,0.01,70932.8,1776064101000
1776064102.672,202.672,0.03,0.04,0.96,0.97,0.01,0.01,70932.8,1776064101000
1776064103.256,203.256,0.03,0.04,0.96,0.97,0.01,0.01,70932.8,1776064101000
1776064103.646,203.646,0.03,0.04,0.96,0.97,0.01,0.01,70932.8,1776064101000
1776064104.208,204.208,0.02,0.03,0.97,0.98,0.01,0.01,70933.42,1776064102000
1776064104.585,204.585,0.02,0.05,0.97,0.98,0.03,0.01,70932.11,1776064103000
1776064105.031,205.031,0.02,0.03,0.96,0.97,0.01,0.01,70932.11,1776064103000
1776064105.873,205.873,0.02,0.03,0.97,0.98,0.01,0.01,70933.15,1776064104000
1776064106.533,206.533,0.02,0.03,0.97,0.98,0.01,0.01,70934.21,1776064105000
1776064106.911,206.911,0.02,0.03,0.97,0.98,0.01,0.01,70934.21,1776064105000
1776064107.268,207.268,0.02,0.03,0.97,0.98,0.01,0.01,70934.21,1776064105000
1776064107.678,207.678,0.02,0.03,0.97,0.98,0.01,0.01,70936.77,1776064106000
1776064108.234,208.234,0.02,0.03,0.97,0.98,0.01,0.01,70936.77,1776064107000
1776064108.613,208.613,0.02,0.03,0.97,0.98,0.01,0.01,70936.77,1776064107000
1776064108.977,208.977,0.02,0.03,0.97,0.98,0.01,0.01,70936.77,1776064107000
1776064109.335,209.335,0.02,0.03,0.97,0.98,0.01,0.01,70936.77,1776064108000
1776064109.689,209.689,0.02,0.03,0.97,0.98,0.01,0.01,70936.77,1776064108000
1776064110.199,210.199,0.02,0.03,0.97,0.98,0.01,0.01,70936.77,1776064108000
1776064110.597,210.597,0.02,0.03,0.97,0.98,0.01,0.01,70936.77,1776064109000
1776064111.054,211.054,0.02,0.03,0.97,0.98,0.01,0.01,70937.72,1776064110000
1776064111.444,211.444,0.02,0.03,0.97,0.98,0.01,0.01,70937.72,1776064110000
1776064111.849,211.849,0.02,0.03,0.97,0.98,0.01,0.01,70937.81,1776064111000
1776064112.213,212.213,0.02,0.03,0.97,0.98,0.01,0.01,70937.81,1776064111000
1776064112.886,212.886,0.02,0.03,0.97,0.98,0.01,0.01,70936.77,1776064112000
1776064113.461,213.461,0.02,0.03,0.97,0.98,0.01,0.01,70936.77,1776064112000
1776064113.938,213.938,0.02,0.03,0.97,0.98,0.01,0.01,70936.77,1776064112000
1776064114.492,214.492,0.02,0.03,0.97,0.98,0.01,0.01,70938.46,1776064113000
1776064114.859,214.859,0.02,0.03,0.97,0.98,0.01,0.01,70938.46,1776064113000
1776064115.257,215.257,0.02,0.03,0.97,0.98,0.01,0.01,70940.12,1776064114000
1776064115.703,215.703,0.02,0.03,0.97,0.98,0.01,0.01,70940.12,1776064114000
1776064116.484,216.484,0.02,0.03,0.97,0.98,0.01,0.01,70940.49,1776064115000
1776064117.122,217.122,0.02,0.04,0.96,0.98,0.02,0.02,70941.04,1776064116000
1776064117.603,217.603,0.03,0.04,0.96,0.98,0.01,0.02,70941.04,1776064116000
1776064118.07,218.07,0.03,0.04,0.96,0.97,0.01,0.01,70941.04,1776064116000
1776064118.574,218.574,0.02,0.04,0.96,0.97,0.02,0.01,70941.07,1776064117000
1776064119.211,219.211,0.03,0.04,0.96,0.97,0.01,0.01,70941.95,1776064118000
1776064120.172,220.172,0.02,0.03,0.96,0.97,0.01,0.01,70941.95,1776064118000
1776064120.737,220.737,0.03,0.04,0.96,0.98,0.01,0.02,70941.88,1776064119000
1776064121.151,221.151,0.03,0.04,0.96,0.97,0.01,0.01,70941.88,1776064119000
1776064121.5,221.5,0.04,0.05,0.95,0.96,0.01,0.01,70942.72,1776064120000
1776064121.866,221.866,0.04,0.05,0.95,0.96,0.01,0.01,70942.72,1776064120000
1776064122.3,222.3,0.03,0.04,0.96,0.97,0.01,0.01,70942.72,1776064121000
1776064123.233,223.233,0.03,0.04,0.96,0.97,0.01,0.01,70942.72,1776064121000
1776064123.603,223.603,0.03,0.04,0.96,0.97,0.01,0.01,70942.72,1776064122000
1776064124.284,224.284,0.03,0.04,0.96,0.97,0.01,0.01,70942.72,1776064122000
1776064124.701,224.701,0.03,0.07,0.96,0.97,0.04,0.01,70943.5,1776064123000
1776064125.06,225.06,0.05,0.06,0.94,0.95,0.01,0.01,70943.69,1776064124000
1776064125.432,225.432,0.04,0.06,0.94,0.95,0.02,0.01,70943.69,1776064124000
1776064125.788,225.788,0.04,0.06,0.94,0.95,0.02,0.01,70943.69,1776064124000
1776064126.278,226.278,0.03,0.05,0.94,0.96,0.02,0.02,70943.98,1776064125000
1776064126.873,226.873,0.04,0.05,0.95,0.96,0.01,0.01,70943.98,1776064125000
1776064127.253,227.253,0.04,0.05,0.95,0.96,0.01,0.01,70943.98,1776064126000
1776064127.611,227.611,0.04,0.05,0.95,0.96,0.01,0.01,70943.98,1776064126000
1776064128.174,228.174,0.03,0.05,0.95,0.97,0.02,0.02,70944.98,1776064127000
1776064128.77,228.77,0.03,0.04,0.95,0.97,0.01,0.02,70944.98,1776064127000
1776064129.644,229.644,0.03,0.04,0.96,0.97,0.01,0.01,70944.99,1776064128000
1776064130.094,230.094,0.03,0.04,0.96,0.97,0.01,0.01,70944.99,1776064128000
1776064130.433,230.433,0.02,0.03,0.96,0.97,0.01,0.01,70945.02,1776064129000
1776064130.865,230.865,0.02,0.03,0.97,0.98,0.01,0.01,70945.02,1776064129000
1776064131.329,231.329,0.02,0.03,0.97,0.98,0.01,0.01,70945.15,1776064130000
1776064131.862,231.862,0.02,0.03,0.97,0.98,0.01,0.01,70945.15,1776064130000
1776064132.233,232.233,0.02,0.03,0.97,0.98,0.01,0.01,70945.48,1776064131000
1776064132.659,232.659,0.02,0.03,0.97,0.98,0.01,0.01,70945.48,1776064131000
1776064133.213,233.213,0.02,0.03,0.97,0.98,0.01,0.01,70945.48,1776064131000
1776064134.398,234.398,0.02,0.03,0.97,0.98,0.01,0.01,70945.59,1776064132000
1776064134.755,234.755,0.02,0.03,0.97,0.98,0.01,0.01,70944.23,1776064133000
1776064135.091,235.091,0.02,0.03,0.96,0.98,0.01,0.02,70944.23,1776064133000
1776064135.655,235.655,0.03,0.04,0.96,0.98,0.01,0.02,70944.23,1776064134000
1776064136.234,236.234,0.03,0.04,0.96,0.97,0.01,0.01,70944.23,1776064134000
1776064136.729,236.729,0.03,0.04,0.96,0.98,0.01,0.02,70944.24,1776064135000
1776064137.149,237.149,0.03,0.04,0.96,0.97,0.01,0.01,70944.23,1776064136000
1776064138.134,238.134,0.03,0.04,0.96,0.97,0.01,0.01,70944.23,1776064136000
1776064138.824,238.824,0.02,0.03,0.96,0.98,0.01,0.02,70944.22,1776064137000
1776064139.35,239.35,0.02,0.03,0.97,0.98,0.01,0.01,70944.22,1776064138000
1776064140.024,240.024,0.02,0.03,0.97,0.98,0.01,0.01,70944.22,1776064138000
1776064140.38,240.38,0.02,0.03,0.97,0.98,0.01,0.01,70944.23,1776064139000
1776064140.737,240.737,0.02,0.03,0.97,0.98,0.01,0.01,70944.23,1776064139000
1776064141.149,241.149,0.02,0.03,0.97,0.98,0.01,0.01,70944.23,1776064140000
1776064141.485,241.485,0.02,0.03,0.97,0.98,0.01,0.01,70944.23,1776064140000
1776064141.876,241.876,0.02,0.03,0.97,0.98,0.01,0.01,70944.23,1776064140000
1776064142.223,242.223,0.01,0.03,0.97,0.98,0.02,0.01,70944.22,1776064141000
1776064142.605,242.605,0.01,0.02,0.98,0.99,0.01,0.01,70944.22,1776064141000
1776064142.946,242.946,0.01,0.02,0.98,0.99,0.01,0.01,70944.22,1776064142000
1776064143.339,243.339,0.01,0.02,0.98,0.99,0.01,0.01,70944.22,1776064142000
1776064143.778,243.778,0.01,0.02,0.98,0.99,0.01,0.01,70944.22,1776064142000
1776064144.245,244.245,0.01,0.02,0.98,0.99,0.01,0.01,70944.26,1776064143000
1776064144.589,244.589,0.01,0.02,0.98,0.99,0.01,0.01,70944.26,1776064143000
1776064144.932,244.932,0.01,0.02,0.98,0.99,0.01,0.01,70944.25,1776064144000
1776064145.558,245.558,0.01,0.02,0.98,0.99,0.01,0.01,70944.25,1776064144000
1776064145.893,245.893,0.01,0.02,0.98,0.99,0.01,0.01,70944.24,1776064145000
1776064146.24,246.24,0.01,0.02,0.98,0.99,0.01,0.01,70944.24,1776064145000
1776064146.595,246.595,0.01,0.02,0.98,0.99,0.01,0.01,70944.24,1776064145000
1776064147.172,247.172,0.01,0.02,0.98,0.99,0.01,0.01,70944.24,1776064145000
1776064147.538,247.538,0.01,0.02,0.98,0.99,0.01,0.01,70944.12,1776064146000
1776064148.058,248.058,0.01,0.02,0.98,0.99,0.01,0.01,70944.14,1776064147000
1776064148.679,248.679,0.01,0.02,0.98,0.99,0.01,0.01,70944.14,1776064147000
1776064149.057,249.057,0.01,0.02,0.98,0.99,0.01,0.01,70944.14,1776064147000
1776064149.523,249.523,0.01,0.02,0.98,0.99,0.01,0.01,70944.07,1776064148000
1776064150.012,250.012,0.01,0.02,0.98,0.99,0.01,0.01,70944.07,1776064148000
1776064150.364,250.364,0.01,0.02,0.98,0.99,0.01,0.01,70943.66,1776064149000
1776064150.817,250.817,0.01,0.01,0.99,0.99,0.0,0.0,70943.66,1776064149000
1776064151.201,251.201,0.01,0.01,0.99,0.99,0.0,0.0,70943.66,1776064149000
1776064151.732,251.732,0.01,0.01,0.99,0.99,0.0,0.0,70944.94,1776064150000
1776064152.351,252.351,0.01,0.01,0.99,0.99,0.0,0.0,70944.94,1776064150000
1776064152.984,252.984,0.01,0.01,0.99,0.99,0.0,0.0,70939.26,1776064152000
1776064153.34,253.34,0.01,0.01,0.99,0.99,0.0,0.0,70939.26,1776064152000
1776064154.25,254.25,0.01,0.01,0.99,0.99,0.0,0.0,70939.26,1776064153000
1776064154.709,254.709,0.01,0.02,0.98,0.99,0.01,0.01,70939.26,1776064153000
1776064155.056,255.056,0.01,0.02,0.98,0.99,0.01,0.01,70939.26,1776064153000
1776064155.409,255.409,0.02,0.03,0.97,0.99,0.01,0.02,70939.9,1776064154000
1776064155.764,255.764,0.02,0.03,0.97,0.98,0.01,0.01,70939.9,1776064154000
1776064156.192,256.192,0.02,0.03,0.97,0.98,0.01,0.01,70939.98,1776064155000
1776064156.553,256.553,0.01,0.02,0.97,0.99,0.01,0.02,70939.98,1776064155000
1776064156.907,256.907,0.02,0.03,0.97,0.98,0.01,0.01,70939.98,1776064155000
1776064157.303,257.303,0.01,0.03,0.97,0.99,0.02,0.02,70939.98,1776064156000
1776064157.681,257.681,0.01,0.02,0.98,0.99,0.01,0.01,70939.98,1776064156000
1776064158.049,258.049,0.01,0.02,0.98,0.99,0.01,0.01,70939.98,1776064156000
1776064158.414,258.414,0.01,0.02,0.98,0.99,0.01,0.01,70939.98,1776064156000
1776064158.866,258.866,0.01,0.02,0.98,0.99,0.01,0.01,70940.06,1776064157000
1776064159.35,259.35,0.02,0.03,0.98,0.99,0.01,0.01,70940.06,1776064158000
1776064159.7,259.7,0.02,0.03,0.97,0.99,0.01,0.02,70940.06,1776064158000
1776064160.182,260.182,0.01,0.02,0.98,0.99,0.01,0.01,70940.06,1776064158000
1776064160.59,260.59,0.01,0.02,0.98,0.99,0.01,0.01,70939.97,1776064159000
1776064161.197,261.197,0.01,0.02,0.98,0.99,0.01,0.01,70939.97,1776064160000
1776064161.683,261.683,0.01,0.02,0.98,0.99,0.01,0.01,70939.97,1776064160000
1776064162.229,262.229,0.01,0.02,0.98,0.99,0.01,0.01,70942.07,1776064161000
1776064162.625,262.625,0.01,0.02,0.98,0.99,0.01,0.01,70942.07,1776064161000
1776064163.209,263.209,0.01,0.02,0.98,0.99,0.01,0.01,70941.02,1776064162000
1776064164.217,264.217,0.01,0.02,0.98,0.99,0.01,0.01,70940.72,1776064163000
1776064165.157,265.157,0.01,0.01,0.99,0.99,0.0,0.0,70940.72,1776064163000
1776064166.076,266.076,0.01,0.01,0.99,0.99,0.0,0.0,70940.75,1776064164000
1776064166.946,266.946,0.01,0.01,0.99,0.99,0.0,0.0,70940.75,1776064165000
1776064167.354,267.354,0.01,0.01,0.99,0.99,0.0,0.0,70940.19,1776064166000
1776064168.202,268.202,0.01,0.01,0.99,0.99,0.0,0.0,70941.07,1776064167000
1776064168.571,268.571,0.01,0.01,0.99,0.99,0.0,0.0,70941.07,1776064167000
1776064168.976,268.976,0.01,0.01,0.99,0.99,0.0,0.0,70941.07,1776064167000
1776064169.434,269.434,0.02,0.03,0.97,0.98,0.01,0.01,70940.19,1776064168000
1776064169.846,269.846,0.02,0.01,0.99,0.98,-0.01,-0.01,70940.19,1776064168000
1776064170.216,270.216,0.02,0.01,0.99,0.98,-0.01,-0.01,70941.13,1776064169000
1776064170.574,270.574,0.01,0.02,0.98,0.99,0.01,0.01,70941.13,1776064169000
1776064170.917,270.917,0.01,0.02,0.98,0.99,0.01,0.01,70941.13,1776064169000
1776064171.264,271.264,0.01,0.02,0.98,0.99,0.01,0.01,70940.26,1776064170000
1776064171.633,271.633,0.01,0.02,0.98,0.99,0.01,0.01,70940.26,1776064170000
1776064172.158,272.158,0.02,0.03,0.97,0.99,0.01,0.02,70941.27,1776064171000
1776064172.533,272.533,0.02,0.03,0.97,0.98,0.01,0.01,70941.27,1776064171000
1776064172.872,272.872,0.02,0.03,0.97,0.99,0.01,0.02,70940.21,1776064172000
1776064173.39,273.39,0.01,0.02,0.98,0.99,0.01,0.01,70940.21,1776064172000
1776064173.913,273.913,0.01,0.02,0.98,0.99,0.01,0.01,70940.23,1776064173000
1776064174.268,274.268,0.01,0.02,0.98,0.99,0.01,0.01,70940.23,1776064173000
1776064174.657,274.657,0.01,0.02,0.98,0.99,0.01,0.01,70940.23,1776064173000
1776064175.029,275.029,0.01,0.02,0.98,0.99,0.01,0.01,70940.23,1776064173000
1776064175.366,275.366,0.01,0.02,0.98,0.99,0.01,0.01,70940.48,1776064174000
1776064175.778,275.778,0.01,0.02,0.98,0.99,0.01,0.01,70940.48,1776064174000
1776064176.116,276.116,0.01,0.02,0.98,0.99,0.01,0.01,70940.48,1776064174000
1776064176.46,276.46,0.01,0.02,0.98,0.99,0.01,0.01,70941.31,1776064175000
1776064176.842,276.842,0.01,0.02,0.98,0.99,0.01,0.01,70941.31,1776064175000
1776064177.225,277.225,0.01,0.02,0.98,0.99,0.01,0.01,70940.41,1776064176000
1776064177.734,277.734,0.01,0.02,0.98,0.99,0.01,0.01,70940.41,1776064176000
1776064178.101,278.101,0.01,0.02,0.98,0.99,0.01,0.01,70939.81,1776064177000
1776064178.635,278.635,0.01,0.02,0.98,0.99,0.01,0.01,70939.81,1776064177000
1776064178.993,278.993,0.01,0.02,0.98,0.99,0.01,0.01,70938.86,1776064178000
1776064179.327,279.327,0.01,0.02,0.98,0.99,0.01,0.01,70938.86,1776064178000
1776064179.685,279.685,0.01,0.02,0.98,0.99,0.01,0.01,70938.86,1776064178000
1776064180.099,280.099,0.01,0.02,0.98,0.99,0.01,0.01,70939.15,1776064179000
1776064180.456,280.456,0.01,0.02,0.98,0.99,0.01,0.01,70939.15,1776064179000
1776064180.976,280.976,0.01,0.02,0.98,0.99,0.01,0.01,70939.15,1776064179000
1776064181.386,281.386,0.01,0.02,0.98,0.99,0.01,0.01,70939.17,1776064180000
1776064181.719,281.719,0.01,0.02,0.98,0.99,0.01,0.01,70939.17,1776064180000
1776064182.053,282.053,0.01,0.02,0.98,0.99,0.01,0.01,70939.17,1776064180000
1776064182.393,282.393,0.01,0.02,0.98,0.99,0.01,0.01,70938.32,1776064181000
1776064182.744,282.744,0.01,0.02,0.98,0.99,0.01,0.01,70938.32,1776064181000
1776064183.129,283.129,0.01,0.02,0.98,0.99,0.01,0.01,70939.3,1776064182000
1776064183.462,283.462,0.01,0.02,0.98,0.99,0.01,0.01,70939.3,1776064182000
1776064183.869,283.869,0.01,0.02,0.98,0.99,0.01,0.01,70939.3,1776064182000
1776064184.217,284.217,0.01,0.02,0.98,0.99,0.01,0.01,70938.04,1776064183000
1776064184.602,284.602,0.01,0.02,0.98,0.99,0.01,0.01,70938.04,1776064183000
1776064185.026,285.026,0.01,0.02,0.98,0.99,0.01,0.01,70937.58,1776064184000
1776064186.073,286.073,0.01,0.01,0.99,0.99,0.0,0.0,70937.58,1776064185000
1776064187.023,287.023,0.01,0.01,0.99,0.99,0.0,0.0,70939.35,1776064186000
1776064188.134,288.134,0.01,0.01,0.99,0.99,0.0,0.0,70939.96,1776064187000
1776064188.974,288.974,0.01,0.01,0.99,0.99,0.0,0.0,70939.96,1776064187000
1776064190.813,290.813,0.01,0.01,0.99,0.99,0.0,0.0,70940.34,1776064189000
1776064192.036,292.036,0.01,0.01,0.99,0.99,0.0,0.0,70932.66,1776064191000
1776064192.797,292.797,0.01,0.01,0.99,0.99,0.0,0.0,70932.66,1776064191000
1776064193.982,293.982,0.01,0.01,0.99,0.99,0.0,0.0,70932.03,1776064193000
1776064195.08,295.08,0.01,0.01,0.99,0.99,0.0,0.0,70931.8,1776064194000
1776064196.062,296.062,0.01,0.01,0.99,0.99,0.0,0.0,70932.17,1776064195000
1776064196.696,296.696,0.01,0.01,0.99,0.99,0.0,0.0,70932.17,1776064195000
1776064197.082,297.082,0.01,0.01,0.99,0.99,0.0,0.0,70931.61,1776064196000
1776064198.005,298.005,0.01,0.01,0.99,0.99,0.0,0.0,70931.81,1776064197000
1776064198.606,298.606,0.01,0.01,0.99,0.99,0.0,0.0,70931.81,1776064197000
1776064199.948,299.948,0.01,0.01,0.99,0.99,0.0,0.0,70930.06,1776064199000

# RESULT,winner=Down,slug=btc-updown-5m-1776063900,ticks=640
