timestamp,elapsed_sec,up_bid,up_ask,down_bid,down_ask,up_spread,down_spread,btc_price,btc_oracle_ts
1776877200.534,0.534,0.52,0.53,0.47,0.49,0.01,0.02,78764.51,1776877199000
1776877200.938,0.938,0.52,0.53,0.47,0.49,0.01,0.02,78764.51,1776877199000
1776877201.504,1.504,0.53,0.54,0.47,0.48,0.01,0.01,78766.25,1776877200000
1776877202.007,2.007,0.53,0.54,0.46,0.47,0.01,0.01,78766.25,1776877200000
1776877202.53,2.53,0.53,0.54,0.46,0.47,0.01,0.01,78768.56,1776877201000
1776877202.893,2.893,0.53,0.54,0.46,0.47,0.01,0.01,78768.56,1776877201000
1776877203.278,3.278,0.53,0.54,0.46,0.47,0.01,0.01,78769.35,1776877202000
1776877203.633,3.633,0.53,0.54,0.46,0.47,0.01,0.01,78769.35,1776877202000
1776877204.003,4.003,0.53,0.54,0.46,0.47,0.01,0.01,78769.35,1776877202000
1776877204.366,4.366,0.53,0.54,0.46,0.48,0.01,0.02,78769.4,1776877203000
1776877204.789,4.789,0.53,0.54,0.46,0.47,0.01,0.01,78769.4,1776877203000
1776877205.453,5.453,0.53,0.54,0.46,0.47,0.01,0.01,78769.8,1776877204000
1776877206.025,6.025,0.53,0.54,0.46,0.47,0.01,0.01,78769.8,1776877204000
1776877206.414,6.414,0.53,0.54,0.46,0.47,0.01,0.01,78769.3,1776877205000
1776877206.812,6.812,0.53,0.54,0.46,0.47,0.01,0.01,78769.3,1776877205000
1776877207.278,7.278,0.53,0.54,0.46,0.47,0.01,0.01,78767.93,1776877206000
1776877207.633,7.633,0.53,0.54,0.46,0.47,0.01,0.01,78767.93,1776877206000
1776877208.301,8.301,0.53,0.54,0.46,0.48,0.01,0.02,78767.93,1776877206000
1776877208.796,8.796,0.52,0.54,0.46,0.48,0.02,0.02,78767.97,1776877207000
1776877209.191,9.191,0.52,0.54,0.46,0.48,0.02,0.02,78767.97,1776877208000
1776877209.653,9.653,0.52,0.53,0.46,0.48,0.01,0.02,78767.97,1776877208000
1776877210.061,10.061,0.52,0.53,0.47,0.48,0.01,0.01,78768.19,1776877209000
1776877210.653,10.653,0.52,0.53,0.47,0.48,0.01,0.01,78768.19,1776877209000
1776877210.997,10.997,0.52,0.54,0.46,0.48,0.02,0.02,78768.19,1776877209000
1776877211.397,11.397,0.52,0.54,0.46,0.48,0.02,0.02,78769.75,1776877210000
1776877211.748,11.748,0.52,0.53,0.46,0.48,0.01,0.02,78769.75,1776877210000
1776877212.119,12.119,0.53,0.54,0.46,0.47,0.01,0.01,78769.75,1776877210000
1776877212.458,12.458,0.54,0.55,0.45,0.46,0.01,0.01,78770.18,1776877211000
1776877212.846,12.846,0.54,0.55,0.45,0.46,0.01,0.01,78770.18,1776877211000
1776877213.197,13.197,0.59,0.6,0.4,0.41,0.01,0.01,78770.18,1776877211000
1776877213.627,13.627,0.59,0.63,0.37,0.41,0.04,0.04,78773.15,1776877212000
1776877213.975,13.975,0.6,0.62,0.38,0.41,0.02,0.03,78773.15,1776877212000
1776877214.345,14.345,0.61,0.64,0.36,0.39,0.03,0.03,78787.47,1776877213000
1776877214.841,14.841,0.63,0.64,0.36,0.37,0.01,0.01,78787.47,1776877213000
1776877215.274,15.274,0.63,0.64,0.36,0.37,0.01,0.01,78791.89,1776877214000
1776877215.61,15.61,0.63,0.64,0.36,0.37,0.01,0.01,78791.89,1776877214000
1776877215.945,15.945,0.63,0.64,0.36,0.37,0.01,0.01,78791.89,1776877214000
1776877216.28,16.28,0.63,0.64,0.36,0.37,0.01,0.01,78791.89,1776877214000
1776877216.665,16.665,0.63,0.64,0.36,0.37,0.01,0.01,78792.68,1776877215000
1776877217.151,17.151,0.63,0.64,0.36,0.37,0.01,0.01,78792.68,1776877215000
1776877217.529,17.529,0.63,0.64,0.36,0.37,0.01,0.01,78792.62,1776877216000
1776877218.305,18.305,0.62,0.64,0.36,0.38,0.02,0.02,78792.62,1776877216000
1776877218.652,18.652,0.61,0.64,0.36,0.39,0.03,0.03,78791.53,1776877217000
1776877219.171,19.171,0.62,0.63,0.37,0.38,0.01,0.01,78791.53,1776877217000
1776877219.719,19.719,0.61,0.63,0.37,0.38,0.02,0.01,78790.95,1776877218000
1776877220.267,20.267,0.62,0.63,0.37,0.38,0.01,0.01,78790.95,1776877218000
1776877220.626,20.626,0.62,0.63,0.37,0.38,0.01,0.01,78789.31,1776877219000
1776877221.176,21.176,0.62,0.63,0.37,0.38,0.01,0.01,78789.31,1776877219000
1776877221.521,21.521,0.63,0.64,0.36,0.38,0.01,0.02,78789.98,1776877220000
1776877221.935,21.935,0.63,0.66,0.35,0.37,0.03,0.02,78789.98,1776877220000
1776877222.29,22.29,0.71,0.73,0.28,0.29,0.02,0.01,78791.02,1776877221000
1776877222.633,22.633,0.72,0.73,0.27,0.28,0.01,0.01,78791.02,1776877221000
1776877222.994,22.994,0.72,0.73,0.27,0.28,0.01,0.01,78791.02,1776877221000
1776877223.337,23.337,0.72,0.73,0.27,0.28,0.01,0.01,78798.19,1776877222000
1776877223.699,23.699,0.72,0.73,0.27,0.28,0.01,0.01,78798.19,1776877222000
1776877224.091,24.091,0.72,0.73,0.27,0.28,0.01,0.01,78798.19,1776877222000
1776877224.446,24.446,0.72,0.73,0.27,0.28,0.01,0.01,78815.68,1776877223000
1776877224.797,24.797,0.72,0.73,0.27,0.28,0.01,0.01,78815.68,1776877223000
1776877225.164,25.164,0.72,0.73,0.27,0.28,0.01,0.01,78817.63,1776877224000
1776877225.745,25.745,0.72,0.73,0.27,0.28,0.01,0.01,78817.63,1776877224000
1776877226.162,26.162,0.73,0.74,0.27,0.28,0.01,0.01,78817.63,1776877224000
1776877226.644,26.644,0.73,0.74,0.26,0.27,0.01,0.01,78817.12,1776877225000
1776877227.005,27.005,0.73,0.74,0.26,0.27,0.01,0.01,78817.12,1776877225000
1776877227.343,27.343,0.73,0.74,0.26,0.27,0.01,0.01,78817.12,1776877226000
1776877227.714,27.714,0.73,0.74,0.26,0.27,0.01,0.01,78817.12,1776877226000
1776877228.251,28.251,0.73,0.74,0.26,0.27,0.01,0.01,78817.57,1776877227000
1776877228.946,28.946,0.73,0.74,0.26,0.27,0.01,0.01,78817.57,1776877227000
1776877229.385,29.385,0.73,0.74,0.26,0.27,0.01,0.01,78819.04,1776877228000
1776877229.961,29.961,0.73,0.74,0.26,0.27,0.01,0.01,78819.04,1776877228000
1776877230.503,30.503,0.73,0.74,0.26,0.27,0.01,0.01,78819.22,1776877229000
1776877230.888,30.888,0.73,0.74,0.26,0.27,0.01,0.01,78819.22,1776877229000
1776877231.411,31.411,0.73,0.74,0.26,0.27,0.01,0.01,78817.67,1776877230000
1776877231.926,31.926,0.72,0.73,0.27,0.28,0.01,0.01,78817.67,1776877230000
1776877232.476,32.476,0.72,0.73,0.27,0.28,0.01,0.01,78817.77,1776877231000
1776877232.958,32.958,0.73,0.74,0.27,0.28,0.01,0.01,78817.77,1776877231000
1776877233.323,33.323,0.73,0.74,0.26,0.27,0.01,0.01,78818.73,1776877232000
1776877234.121,34.121,0.73,0.74,0.26,0.27,0.01,0.01,78818.72,1776877233000
1776877234.478,34.478,0.58,0.66,0.34,0.42,0.08,0.08,78818.72,1776877233000
1776877234.89,34.89,0.51,0.52,0.48,0.49,0.01,0.01,78818.92,1776877234000
1776877235.274,35.274,0.51,0.52,0.48,0.49,0.01,0.01,78818.92,1776877234000
1776877235.67,35.67,0.51,0.52,0.48,0.49,0.01,0.01,78818.92,1776877234000
1776877236.033,36.033,0.51,0.52,0.48,0.49,0.01,0.01,78797.73,1776877235000
1776877236.401,36.401,0.51,0.52,0.48,0.49,0.01,0.01,78797.73,1776877235000
1776877236.855,36.855,0.51,0.52,0.48,0.49,0.01,0.01,78772.8,1776877236000
1776877237.298,37.298,0.51,0.52,0.48,0.49,0.01,0.01,78772.8,1776877236000
1776877237.701,37.701,0.52,0.53,0.47,0.49,0.01,0.02,78772.8,1776877236000
1776877238.21,38.21,0.52,0.53,0.47,0.48,0.01,0.01,78772.8,1776877236000
1776877238.556,38.556,0.53,0.54,0.46,0.48,0.01,0.02,78772.8,1776877236000
1776877238.904,38.904,0.53,0.55,0.45,0.47,0.02,0.02,78772.8,1776877236000
1776877239.277,39.277,0.54,0.55,0.45,0.47,0.01,0.02,78771.07,1776877237000
1776877239.614,39.614,0.55,0.56,0.44,0.45,0.01,0.01,78771.63,1776877238000
1776877240.052,40.052,0.56,0.57,0.43,0.44,0.01,0.01,78771.63,1776877238000
1776877240.463,40.463,0.56,0.58,0.43,0.44,0.02,0.01,78772.6,1776877239000
1776877240.805,40.805,0.56,0.57,0.43,0.44,0.01,0.01,78772.6,1776877239000
1776877241.211,41.211,0.56,0.57,0.43,0.44,0.01,0.01,78775.06,1776877240000
1776877241.702,41.702,0.56,0.57,0.43,0.44,0.01,0.01,78775.06,1776877240000
1776877242.048,42.048,0.56,0.57,0.43,0.44,0.01,0.01,78776.86,1776877241000
1776877242.517,42.517,0.56,0.57,0.43,0.44,0.01,0.01,78776.86,1776877241000
1776877242.865,42.865,0.56,0.57,0.43,0.44,0.01,0.01,78776.86,1776877241000
1776877243.365,43.365,0.56,0.57,0.43,0.44,0.01,0.01,78776.86,1776877241000
1776877243.71,43.71,0.56,0.57,0.43,0.44,0.01,0.01,78777.82,1776877242000
1776877244.373,44.373,0.57,0.58,0.42,0.43,0.01,0.01,78777.82,1776877242000
1776877244.755,44.755,0.59,0.6,0.4,0.43,0.01,0.03,78778.26,1776877243000
1776877245.145,45.145,0.6,0.61,0.39,0.4,0.01,0.01,78778.26,1776877243000
1776877245.527,45.527,0.61,0.62,0.38,0.39,0.01,0.01,78778.49,1776877244000
1776877245.881,45.881,0.61,0.62,0.38,0.39,0.01,0.01,78778.49,1776877244000
1776877246.254,46.254,0.61,0.62,0.38,0.39,0.01,0.01,78781.5,1776877245000
1776877246.659,46.659,0.61,0.62,0.38,0.39,0.01,0.01,78781.5,1776877245000
1776877247.025,47.025,0.61,0.62,0.38,0.39,0.01,0.01,78781.5,1776877245000
1776877247.536,47.536,0.61,0.62,0.38,0.39,0.01,0.01,78785.9,1776877246000
1776877247.898,47.898,0.61,0.63,0.37,0.39,0.02,0.02,78785.9,1776877246000
1776877248.266,48.266,0.65,0.68,0.33,0.36,0.03,0.03,78789.06,1776877247000
1776877248.615,48.615,0.66,0.67,0.33,0.34,0.01,0.01,78789.06,1776877247000
1776877248.957,48.957,0.66,0.67,0.33,0.34,0.01,0.01,78789.06,1776877247000
1776877249.361,49.361,0.66,0.67,0.33,0.34,0.01,0.01,78794.2,1776877248000
1776877249.752,49.752,0.67,0.68,0.32,0.33,0.01,0.01,78794.2,1776877248000
1776877250.097,50.097,0.67,0.68,0.32,0.33,0.01,0.01,78794.2,1776877248000
1776877250.453,50.453,0.68,0.69,0.31,0.32,0.01,0.01,78799.81,1776877249000
1776877251.222,51.222,0.68,0.69,0.31,0.32,0.01,0.01,78799.81,1776877249000
1776877251.566,51.566,0.68,0.69,0.31,0.32,0.01,0.01,78802.9,1776877250000
1776877251.96,51.96,0.68,0.69,0.31,0.32,0.01,0.01,78802.9,1776877250000
1776877252.362,52.362,0.68,0.69,0.31,0.32,0.01,0.01,78802.9,1776877250000
1776877252.779,52.779,0.68,0.69,0.31,0.32,0.01,0.01,78803.76,1776877251000
1776877253.156,53.156,0.68,0.69,0.31,0.32,0.01,0.01,78803.76,1776877251000
1776877253.52,53.52,0.69,0.7,0.3,0.31,0.01,0.01,78807.61,1776877252000
1776877253.876,53.876,0.69,0.7,0.3,0.31,0.01,0.01,78807.61,1776877252000
1776877254.322,54.322,0.68,0.69,0.31,0.32,0.01,0.01,78810.22,1776877253000
1776877254.72,54.72,0.68,0.69,0.31,0.32,0.01,0.01,78810.22,1776877253000
1776877255.095,55.095,0.68,0.69,0.31,0.32,0.01,0.01,78810.22,1776877253000
1776877255.501,55.501,0.68,0.69,0.31,0.32,0.01,0.01,78810.77,1776877254000
1776877255.903,55.903,0.68,0.69,0.31,0.32,0.01,0.01,78810.77,1776877254000
1776877256.299,56.299,0.68,0.69,0.31,0.32,0.01,0.01,78810.77,1776877254000
1776877256.762,56.762,0.68,0.69,0.31,0.32,0.01,0.01,78808.88,1776877255000
1776877257.267,57.267,0.68,0.69,0.31,0.32,0.01,0.01,78808.74,1776877256000
1776877257.765,57.765,0.67,0.69,0.31,0.32,0.02,0.01,78808.74,1776877256000
1776877258.116,58.116,0.67,0.68,0.32,0.33,0.01,0.01,78808.91,1776877257000
1776877258.544,58.544,0.67,0.68,0.32,0.33,0.01,0.01,78808.91,1776877257000
1776877258.943,58.943,0.67,0.68,0.32,0.33,0.01,0.01,78808.91,1776877257000
1776877259.353,59.353,0.66,0.67,0.33,0.34,0.01,0.01,78808.9,1776877258000
1776877259.769,59.769,0.66,0.67,0.33,0.34,0.01,0.01,78808.9,1776877258000
1776877260.214,60.214,0.64,0.67,0.33,0.34,0.03,0.01,78808.9,1776877258000
1776877260.563,60.563,0.65,0.66,0.34,0.35,0.01,0.01,78808.86,1776877259000
1776877260.974,60.974,0.65,0.66,0.34,0.35,0.01,0.01,78808.86,1776877259000
1776877261.33,61.33,0.65,0.66,0.34,0.35,0.01,0.01,78807.57,1776877260000
1776877261.768,61.768,0.66,0.68,0.33,0.35,0.02,0.02,78807.57,1776877260000
1776877262.238,62.238,0.67,0.7,0.3,0.33,0.03,0.03,78807.51,1776877261000
1776877262.572,62.572,0.69,0.71,0.29,0.31,0.02,0.02,78807.51,1776877261000
1776877262.907,62.907,0.74,0.76,0.24,0.26,0.02,0.02,78807.51,1776877261000
1776877263.256,63.256,0.75,0.77,0.21,0.25,0.02,0.04,78807.39,1776877262000
1776877263.68,63.68,0.77,0.78,0.22,0.23,0.01,0.01,78807.39,1776877262000
1776877264.014,64.014,0.77,0.78,0.22,0.23,0.01,0.01,78807.39,1776877262000
1776877264.447,64.447,0.77,0.78,0.22,0.23,0.01,0.01,78820.12,1776877263000
1776877264.793,64.793,0.78,0.8,0.2,0.21,0.02,0.01,78820.12,1776877263000
1776877265.155,65.155,0.79,0.8,0.2,0.21,0.01,0.01,78820.12,1776877263000
1776877265.898,65.898,0.79,0.8,0.2,0.21,0.01,0.01,78840.93,1776877264000
1776877266.333,66.333,0.79,0.8,0.2,0.21,0.01,0.01,78842.64,1776877265000
1776877266.673,66.673,0.79,0.8,0.2,0.21,0.01,0.01,78842.64,1776877265000
1776877267.362,67.362,0.79,0.8,0.2,0.21,0.01,0.01,78842.64,1776877265000
1776877267.698,67.698,0.79,0.8,0.2,0.21,0.01,0.01,78844.96,1776877266000
1776877268.039,68.039,0.8,0.81,0.19,0.2,0.01,0.01,78844.96,1776877266000
1776877268.378,68.378,0.8,0.81,0.19,0.2,0.01,0.01,78844.96,1776877267000
1776877268.787,68.787,0.8,0.81,0.19,0.2,0.01,0.01,78844.96,1776877267000
1776877269.204,69.204,0.8,0.81,0.19,0.2,0.01,0.01,78844.96,1776877267000
1776877269.541,69.541,0.8,0.81,0.19,0.2,0.01,0.01,78844.96,1776877268000
1776877270.039,70.039,0.8,0.81,0.19,0.2,0.01,0.01,78844.96,1776877268000
1776877270.466,70.466,0.8,0.81,0.19,0.2,0.01,0.01,78844.96,1776877268000
1776877270.889,70.889,0.81,0.82,0.18,0.19,0.01,0.01,78845.99,1776877269000
1776877271.238,71.238,0.81,0.82,0.18,0.19,0.01,0.01,78845.99,1776877270000
1776877271.591,71.591,0.81,0.82,0.18,0.19,0.01,0.01,78845.99,1776877270000
1776877271.943,71.943,0.81,0.82,0.18,0.19,0.01,0.01,78845.99,1776877270000
1776877272.293,72.293,0.78,0.79,0.21,0.23,0.01,0.02,78846.73,1776877271000
1776877272.654,72.654,0.78,0.79,0.21,0.22,0.01,0.01,78846.73,1776877271000
1776877273.005,73.005,0.78,0.79,0.21,0.22,0.01,0.01,78846.73,1776877271000
1776877273.373,73.373,0.78,0.79,0.21,0.22,0.01,0.01,78843.37,1776877272000
1776877273.774,73.774,0.78,0.79,0.21,0.22,0.01,0.01,78843.37,1776877272000
1776877274.32,74.32,0.78,0.79,0.21,0.22,0.01,0.01,78843.37,1776877272000
1776877274.655,74.655,0.77,0.79,0.21,0.22,0.02,0.01,78843.37,1776877272000
1776877275.035,75.035,0.77,0.78,0.22,0.23,0.01,0.01,78836.27,1776877274000
1776877275.372,75.372,0.76,0.77,0.22,0.24,0.01,0.02,78836.27,1776877274000
1776877275.817,75.817,0.74,0.75,0.23,0.26,0.01,0.03,78836.27,1776877274000
1776877276.189,76.189,0.73,0.74,0.25,0.27,0.01,0.02,78836.17,1776877275000
1776877276.757,76.757,0.73,0.74,0.26,0.27,0.01,0.01,78836.17,1776877275000
1776877277.103,77.103,0.73,0.74,0.26,0.27,0.01,0.01,78836.17,1776877275000
1776877277.505,77.505,0.71,0.72,0.26,0.29,0.01,0.03,78836.1,1776877276000
1776877277.935,77.935,0.71,0.72,0.28,0.29,0.01,0.01,78836.1,1776877276000
1776877278.302,78.302,0.71,0.72,0.28,0.29,0.01,0.01,78825.92,1776877277000
1776877278.649,78.649,0.71,0.72,0.28,0.29,0.01,0.01,78825.92,1776877277000
1776877279.066,79.066,0.71,0.72,0.28,0.29,0.01,0.01,78825.92,1776877277000
1776877279.448,79.448,0.71,0.72,0.28,0.29,0.01,0.01,78826.47,1776877278000
1776877279.8,79.8,0.71,0.72,0.28,0.29,0.01,0.01,78826.47,1776877278000
1776877280.204,80.204,0.71,0.72,0.28,0.29,0.01,0.01,78826.47,1776877278000
1776877280.55,80.55,0.71,0.72,0.28,0.29,0.01,0.01,78826.09,1776877279000
1776877280.895,80.895,0.71,0.72,0.28,0.29,0.01,0.01,78826.09,1776877279000
1776877281.381,81.381,0.74,0.75,0.25,0.29,0.01,0.04,78826.5,1776877280000
1776877281.749,81.749,0.74,0.75,0.25,0.26,0.01,0.01,78826.5,1776877280000
1776877282.348,82.348,0.78,0.79,0.21,0.22,0.01,0.01,78825.6,1776877281000
1776877282.786,82.786,0.78,0.79,0.21,0.22,0.01,0.01,78825.6,1776877281000
1776877283.27,83.27,0.78,0.8,0.21,0.22,0.02,0.01,78825.6,1776877281000
1776877283.631,83.631,0.78,0.79,0.21,0.22,0.01,0.01,78828.72,1776877282000
1776877284.549,84.549,0.79,0.8,0.2,0.21,0.01,0.01,78835.37,1776877283000
1776877285.087,85.087,0.79,0.8,0.2,0.21,0.01,0.01,78836.61,1776877284000
1776877285.487,85.487,0.79,0.82,0.2,0.21,0.03,0.01,78836.61,1776877284000
1776877286.136,86.136,0.79,0.81,0.19,0.21,0.02,0.02,78836.61,1776877284000
1776877286.488,86.488,0.79,0.81,0.19,0.21,0.02,0.02,78836.61,1776877284000
1776877286.917,86.917,0.8,0.81,0.19,0.2,0.01,0.01,78842.2,1776877285000
1776877287.323,87.323,0.79,0.82,0.18,0.21,0.03,0.03,78842.2,1776877285000
1776877287.907,87.907,0.8,0.82,0.18,0.2,0.02,0.02,78842.33,1776877286000
1776877288.297,88.297,0.8,0.83,0.17,0.2,0.03,0.03,78855.37,1776877287000
1776877288.632,88.632,0.85,0.87,0.13,0.15,0.02,0.02,78855.37,1776877287000
1776877289.096,89.096,0.8,0.81,0.19,0.2,0.01,0.01,78855.37,1776877287000
1776877289.464,89.464,0.8,0.83,0.18,0.2,0.03,0.02,78855.37,1776877287000
1776877289.826,89.826,0.8,0.82,0.18,0.2,0.02,0.02,78859.92,1776877288000
1776877290.178,90.178,0.84,0.85,0.15,0.16,0.01,0.01,78859.92,1776877288000
1776877290.521,90.521,0.88,0.9,0.1,0.12,0.02,0.02,78859.92,1776877288000
1776877290.886,90.886,0.88,0.9,0.11,0.12,0.02,0.01,78858.87,1776877289000
1776877291.245,91.245,0.89,0.9,0.1,0.11,0.01,0.01,78858.87,1776877289000
1776877291.849,91.849,0.88,0.9,0.1,0.12,0.02,0.02,78858.87,1776877289000
1776877292.62,92.62,0.89,0.9,0.1,0.12,0.01,0.02,78902.47,1776877290000
1776877293.064,93.064,0.89,0.93,0.1,0.12,0.04,0.02,78910.77,1776877291000
1776877293.496,93.496,0.89,0.9,0.1,0.11,0.01,0.01,78910.77,1776877291000
1776877294.173,94.173,0.89,0.9,0.1,0.11,0.01,0.01,78903.78,1776877292000
1776877294.516,94.516,0.89,0.9,0.1,0.11,0.01,0.01,78903.78,1776877292000
1776877294.891,94.891,0.89,0.9,0.1,0.11,0.01,0.01,78903.78,1776877292000
1776877295.269,95.269,0.88,0.9,0.1,0.12,0.02,0.02,78903.78,1776877292000
1776877295.62,95.62,0.88,0.89,0.11,0.12,0.01,0.01,78881.4,1776877293000
1776877295.991,95.991,0.88,0.89,0.11,0.12,0.01,0.01,78881.4,1776877293000
1776877296.358,96.358,0.87,0.9,0.1,0.13,0.03,0.03,78884.72,1776877294000
1776877296.751,96.751,0.86,0.88,0.11,0.14,0.02,0.03,78884.72,1776877294000
1776877297.092,97.092,0.86,0.89,0.11,0.14,0.03,0.03,78882.65,1776877295000
1776877297.548,97.548,0.86,0.9,0.1,0.14,0.04,0.04,78882.65,1776877295000
1776877297.935,97.935,0.85,0.9,0.1,0.11,0.05,0.01,78882.65,1776877295000
1776877298.29,98.29,0.89,0.9,0.1,0.11,0.01,0.01,78882.65,1776877295000
1776877298.657,98.657,0.89,0.91,0.09,0.11,0.02,0.02,78888.52,1776877296000
1776877299.058,99.058,0.89,0.9,0.1,0.11,0.01,0.01,78888.52,1776877296000
1776877299.392,99.392,0.9,0.92,0.08,0.1,0.02,0.02,78888.52,1776877296000
1776877299.752,99.752,0.87,0.89,0.11,0.13,0.02,0.02,78888.52,1776877296000
1776877300.086,100.086,0.88,0.89,0.11,0.12,0.01,0.01,78888.52,1776877296000
1776877300.432,100.432,0.88,0.91,0.1,0.12,0.03,0.02,78888.52,1776877296000
1776877300.78,100.78,0.88,0.89,0.11,0.12,0.01,0.01,78896.77,1776877298000
1776877301.139,101.139,0.88,0.89,0.1,0.12,0.01,0.02,78896.77,1776877298000
1776877301.479,101.479,0.89,0.9,0.1,0.11,0.01,0.01,78906.67,1776877299000
1776877301.907,101.907,0.89,0.9,0.1,0.11,0.01,0.01,78905.52,1776877300000
1776877302.33,102.33,0.9,0.91,0.09,0.1,0.01,0.01,78905.52,1776877300000
1776877302.916,102.916,0.9,0.91,0.09,0.1,0.01,0.01,78905.52,1776877300000
1776877303.699,103.699,0.9,0.92,0.09,0.1,0.02,0.01,78905.52,1776877300000
1776877304.144,104.144,0.89,0.91,0.08,0.11,0.02,0.03,78904.03,1776877301000
1776877304.492,104.492,0.89,0.93,0.09,0.11,0.04,0.02,78904.03,1776877301000
1776877304.841,104.841,0.9,0.91,0.09,0.1,0.01,0.01,78904.03,1776877301000
1776877305.309,105.309,0.9,0.92,0.09,0.1,0.02,0.01,78902.65,1776877302000
1776877305.664,105.664,0.92,0.93,0.07,0.08,0.01,0.01,78902.65,1776877302000
1776877306.02,106.02,0.92,0.93,0.07,0.08,0.01,0.01,78902.5,1776877303000
1776877306.425,106.425,0.91,0.92,0.08,0.09,0.01,0.01,78902.5,1776877303000
1776877306.867,106.867,0.92,0.93,0.07,0.08,0.01,0.01,78904.67,1776877304000
1776877307.255,107.255,0.92,0.93,0.07,0.08,0.01,0.01,78904.67,1776877304000
1776877307.632,107.632,0.92,0.93,0.07,0.08,0.01,0.01,78903.3,1776877305000
1776877308.007,108.007,0.92,0.93,0.07,0.08,0.01,0.01,78903.3,1776877305000
1776877308.393,108.393,0.92,0.94,0.07,0.08,0.02,0.01,78901.95,1776877306000
1776877308.752,108.752,0.93,0.94,0.06,0.07,0.01,0.01,78901.95,1776877306000
1776877309.139,109.139,0.93,0.94,0.06,0.07,0.01,0.01,78901.95,1776877306000
1776877309.609,109.609,0.93,0.94,0.06,0.07,0.01,0.01,78901.95,1776877306000
1776877309.947,109.947,0.93,0.94,0.06,0.07,0.01,0.01,78903.09,1776877307000
1776877310.418,110.418,0.93,0.94,0.06,0.07,0.01,0.01,78903.09,1776877307000
1776877310.753,110.753,0.93,0.95,0.06,0.07,0.02,0.01,78904.88,1776877308000
1776877311.102,111.102,0.93,0.95,0.05,0.07,0.02,0.02,78914.66,1776877309000
1776877311.467,111.467,0.94,0.95,0.05,0.06,0.01,0.01,78917.14,1776877310000
1776877311.848,111.848,0.94,0.95,0.05,0.06,0.01,0.01,78917.14,1776877310000
1776877312.295,112.295,0.94,0.95,0.05,0.06,0.01,0.01,78917.14,1776877310000
1776877312.645,112.645,0.93,0.95,0.05,0.06,0.02,0.01,78918.1,1776877311000
1776877313.119,113.119,0.93,0.94,0.06,0.07,0.01,0.01,78918.1,1776877311000
1776877313.547,113.547,0.93,0.94,0.06,0.07,0.01,0.01,78918.1,1776877311000
1776877314.338,114.338,0.93,0.94,0.06,0.07,0.01,0.01,78918.45,1776877312000
1776877314.731,114.731,0.93,0.94,0.06,0.07,0.01,0.01,78918.45,1776877312000
1776877315.087,115.087,0.93,0.94,0.06,0.07,0.01,0.01,78918.45,1776877312000
1776877315.517,115.517,0.93,0.95,0.05,0.07,0.02,0.02,78916.73,1776877313000
1776877315.909,115.909,0.93,0.95,0.05,0.07,0.02,0.02,78916.73,1776877313000
1776877316.461,116.461,0.94,0.95,0.05,0.07,0.01,0.02,78922.28,1776877314000
1776877317.0,117.0,0.94,0.95,0.05,0.06,0.01,0.01,78928.76,1776877315000
1776877317.344,117.344,0.94,0.95,0.05,0.06,0.01,0.01,78928.76,1776877315000
1776877317.697,117.697,0.9,0.95,0.05,0.06,0.05,0.01,78928.76,1776877315000
1776877318.042,118.042,0.94,0.95,0.05,0.06,0.01,0.01,78929.39,1776877316000
1776877318.431,118.431,0.94,0.95,0.05,0.06,0.01,0.01,78929.39,1776877316000
1776877318.802,118.802,0.93,0.94,0.06,0.07,0.01,0.01,78929.39,1776877316000
1776877319.143,119.143,0.92,0.93,0.06,0.08,0.01,0.02,78929.3,1776877317000
1776877319.625,119.625,0.92,0.93,0.07,0.08,0.01,0.01,78929.3,1776877317000
1776877320.108,120.108,0.92,0.93,0.07,0.08,0.01,0.01,78930.0,1776877318000
1776877320.465,120.465,0.92,0.94,0.07,0.08,0.02,0.01,78930.0,1776877318000
1776877320.86,120.86,0.93,0.94,0.06,0.07,0.01,0.01,78925.38,1776877319000
1776877321.298,121.298,0.93,0.94,0.06,0.07,0.01,0.01,78925.38,1776877319000
1776877321.683,121.683,0.93,0.94,0.06,0.07,0.01,0.01,78923.77,1776877320000
1776877322.035,122.035,0.93,0.94,0.06,0.07,0.01,0.01,78923.68,1776877321000
1776877322.471,122.471,0.94,0.95,0.05,0.06,0.01,0.01,78923.68,1776877321000
1776877322.879,122.879,0.94,0.95,0.05,0.06,0.01,0.01,78923.68,1776877321000
1776877323.289,123.289,0.94,0.95,0.05,0.06,0.01,0.01,78923.6,1776877322000
1776877323.688,123.688,0.94,0.95,0.05,0.06,0.01,0.01,78923.6,1776877322000
1776877324.075,124.075,0.94,0.95,0.05,0.06,0.01,0.01,78923.6,1776877322000
1776877324.518,124.518,0.94,0.95,0.05,0.06,0.01,0.01,78923.6,1776877322000
1776877325.062,125.062,0.95,0.96,0.04,0.05,0.01,0.01,78925.11,1776877323000
1776877325.651,125.651,0.95,0.96,0.04,0.05,0.01,0.01,78925.52,1776877324000
1776877326.09,126.09,0.95,0.96,0.04,0.05,0.01,0.01,78925.52,1776877324000
1776877326.599,126.599,0.95,0.96,0.04,0.05,0.01,0.01,78927.92,1776877325000
1776877327.079,127.079,0.95,0.96,0.04,0.05,0.01,0.01,78927.92,1776877325000
1776877327.569,127.569,0.94,0.95,0.05,0.06,0.01,0.01,78925.19,1776877326000
1776877327.95,127.95,0.94,0.95,0.05,0.06,0.01,0.01,78925.19,1776877326000
1776877328.364,128.364,0.94,0.95,0.05,0.06,0.01,0.01,78925.19,1776877326000
1776877328.934,128.934,0.94,0.95,0.05,0.06,0.01,0.01,78926.78,1776877327000
1776877329.371,129.371,0.94,0.95,0.05,0.06,0.01,0.01,78928.24,1776877328000
1776877329.899,129.899,0.94,0.96,0.05,0.06,0.02,0.01,78928.24,1776877328000
1776877330.234,130.234,0.95,0.96,0.04,0.05,0.01,0.01,78928.42,1776877329000
1776877330.587,130.587,0.95,0.96,0.04,0.05,0.01,0.01,78928.42,1776877329000
1776877331.11,131.11,0.94,0.96,0.04,0.05,0.02,0.01,78928.42,1776877329000
1776877331.498,131.498,0.94,0.95,0.05,0.06,0.01,0.01,78928.67,1776877330000
1776877331.847,131.847,0.94,0.95,0.05,0.06,0.01,0.01,78928.67,1776877330000
1776877332.234,132.234,0.93,0.94,0.06,0.07,0.01,0.01,78928.67,1776877330000
1776877332.618,132.618,0.93,0.94,0.06,0.07,0.01,0.01,78928.59,1776877331000
1776877332.953,132.953,0.93,0.94,0.06,0.07,0.01,0.01,78928.34,1776877332000
1776877333.393,133.393,0.94,0.95,0.05,0.07,0.01,0.02,78928.34,1776877332000
1776877333.76,133.76,0.94,0.95,0.05,0.06,0.01,0.01,78928.34,1776877332000
1776877334.254,134.254,0.94,0.95,0.05,0.06,0.01,0.01,78925.39,1776877333000
1776877334.957,134.957,0.94,0.95,0.05,0.06,0.01,0.01,78925.39,1776877333000
1776877335.313,135.313,0.94,0.95,0.05,0.06,0.01,0.01,78919.56,1776877334000
1776877335.837,135.837,0.94,0.95,0.05,0.06,0.01,0.01,78919.56,1776877334000
1776877336.18,136.18,0.94,0.95,0.05,0.06,0.01,0.01,78919.37,1776877335000
1776877336.571,136.571,0.94,0.95,0.05,0.06,0.01,0.01,78919.37,1776877335000
1776877337.015,137.015,0.94,0.95,0.05,0.06,0.01,0.01,78919.37,1776877335000
1776877337.417,137.417,0.94,0.95,0.05,0.06,0.01,0.01,78918.83,1776877336000
1776877337.814,137.814,0.94,0.95,0.05,0.06,0.01,0.01,78918.83,1776877336000
1776877338.263,138.263,0.94,0.95,0.05,0.06,0.01,0.01,78918.83,1776877336000
1776877338.608,138.608,0.92,0.93,0.07,0.08,0.01,0.01,78917.09,1776877337000
1776877338.962,138.962,0.92,0.93,0.07,0.08,0.01,0.01,78917.09,1776877337000
1776877339.338,139.338,0.92,0.93,0.07,0.08,0.01,0.01,78916.91,1776877338000
1776877339.729,139.729,0.92,0.93,0.07,0.08,0.01,0.01,78916.91,1776877338000
1776877340.282,140.282,0.91,0.92,0.07,0.09,0.01,0.02,78916.61,1776877339000
1776877340.738,140.738,0.91,0.92,0.08,0.09,0.01,0.01,78916.61,1776877339000
1776877341.254,141.254,0.91,0.92,0.08,0.09,0.01,0.01,78902.78,1776877340000
1776877341.676,141.676,0.91,0.93,0.07,0.08,0.02,0.01,78902.78,1776877340000
1776877342.111,142.111,0.92,0.93,0.07,0.08,0.01,0.01,78902.78,1776877340000
1776877342.531,142.531,0.92,0.93,0.07,0.08,0.01,0.01,78901.81,1776877341000
1776877342.946,142.946,0.92,0.93,0.07,0.08,0.01,0.01,78896.16,1776877342000
1776877343.445,143.445,0.92,0.93,0.07,0.08,0.01,0.01,78896.16,1776877342000
1776877343.968,143.968,0.92,0.93,0.07,0.08,0.01,0.01,78896.16,1776877342000
1776877344.319,144.319,0.92,0.93,0.07,0.08,0.01,0.01,78895.37,1776877343000
1776877344.922,144.922,0.92,0.93,0.07,0.08,0.01,0.01,78895.37,1776877343000
1776877345.284,145.284,0.92,0.93,0.07,0.08,0.01,0.01,78894.83,1776877344000
1776877345.66,145.66,0.91,0.92,0.08,0.09,0.01,0.01,78894.83,1776877344000
1776877346.066,146.066,0.91,0.92,0.08,0.09,0.01,0.01,78894.83,1776877344000
1776877346.601,146.601,0.91,0.92,0.08,0.09,0.01,0.01,78895.16,1776877345000
1776877347.148,147.148,0.91,0.92,0.08,0.09,0.01,0.01,78892.88,1776877346000
1776877347.884,147.884,0.9,0.92,0.08,0.09,0.02,0.01,78892.88,1776877346000
1776877348.223,148.223,0.89,0.9,0.1,0.11,0.01,0.01,78885.27,1776877347000
1776877348.589,148.589,0.89,0.9,0.1,0.11,0.01,0.01,78885.27,1776877347000
1776877348.926,148.926,0.89,0.9,0.1,0.11,0.01,0.01,78885.27,1776877347000
1776877349.265,149.265,0.88,0.9,0.1,0.11,0.02,0.01,78885.27,1776877347000
1776877349.603,149.603,0.87,0.88,0.11,0.13,0.01,0.02,78885.27,1776877347000
1776877349.938,149.938,0.87,0.88,0.12,0.13,0.01,0.01,78882.09,1776877348000
1776877350.276,150.276,0.87,0.88,0.12,0.13,0.01,0.01,78879.87,1776877349000
1776877350.681,150.681,0.87,0.88,0.12,0.13,0.01,0.01,78879.87,1776877349000
1776877351.087,151.087,0.87,0.88,0.12,0.14,0.01,0.02,78879.87,1776877349000
1776877351.513,151.513,0.87,0.88,0.12,0.13,0.01,0.01,78875.42,1776877350000
1776877351.963,151.963,0.87,0.88,0.12,0.13,0.01,0.01,78875.42,1776877350000
1776877352.312,152.312,0.87,0.89,0.12,0.13,0.02,0.01,78875.42,1776877350000
1776877352.792,152.792,0.89,0.9,0.1,0.11,0.01,0.01,78870.67,1776877351000
1776877353.245,153.245,0.89,0.9,0.1,0.11,0.01,0.01,78870.67,1776877351000
1776877353.643,153.643,0.89,0.9,0.1,0.11,0.01,0.01,78870.67,1776877351000
1776877354.157,154.157,0.89,0.9,0.1,0.11,0.01,0.01,78870.94,1776877353000
1776877354.553,154.553,0.89,0.9,0.1,0.11,0.01,0.01,78870.94,1776877353000
1776877354.991,154.991,0.89,0.9,0.1,0.11,0.01,0.01,78870.94,1776877353000
1776877355.521,155.521,0.89,0.9,0.1,0.11,0.01,0.01,78874.55,1776877354000
1776877356.011,156.011,0.89,0.9,0.1,0.11,0.01,0.01,78873.54,1776877355000
1776877356.371,156.371,0.89,0.9,0.1,0.11,0.01,0.01,78873.54,1776877355000
1776877356.807,156.807,0.89,0.9,0.1,0.11,0.01,0.01,78873.54,1776877355000
1776877357.169,157.169,0.9,0.92,0.1,0.11,0.02,0.01,78873.85,1776877356000
1776877357.665,157.665,0.91,0.92,0.08,0.09,0.01,0.01,78873.85,1776877356000
1776877358.335,158.335,0.92,0.93,0.07,0.08,0.01,0.01,78871.68,1776877357000
1776877358.671,158.671,0.91,0.93,0.07,0.08,0.02,0.01,78871.68,1776877357000
1776877359.101,159.101,0.92,0.93,0.07,0.08,0.01,0.01,78871.68,1776877357000
1776877360.249,160.249,0.92,0.93,0.07,0.08,0.01,0.01,78878.88,1776877358000
1776877360.613,160.613,0.92,0.93,0.07,0.08,0.01,0.01,78876.58,1776877359000
1776877360.963,160.963,0.92,0.93,0.07,0.08,0.01,0.01,78876.58,1776877359000
1776877361.35,161.35,0.91,0.93,0.07,0.09,0.02,0.02,78876.58,1776877359000
1776877361.685,161.685,0.92,0.93,0.07,0.08,0.01,0.01,78874.91,1776877360000
1776877362.097,162.097,0.91,0.93,0.07,0.08,0.02,0.01,78874.91,1776877360000
1776877362.513,162.513,0.91,0.92,0.08,0.09,0.01,0.01,78876.19,1776877361000
1776877362.995,162.995,0.91,0.92,0.08,0.09,0.01,0.01,78876.19,1776877361000
1776877363.951,163.951,0.91,0.92,0.08,0.09,0.01,0.01,78876.19,1776877361000
1776877364.312,164.312,0.91,0.92,0.08,0.09,0.01,0.01,78875.77,1776877362000
1776877364.759,164.759,0.91,0.92,0.08,0.09,0.01,0.01,78875.77,1776877363000
1776877365.095,165.095,0.91,0.92,0.08,0.09,0.01,0.01,78875.77,1776877364000
1776877365.506,165.506,0.91,0.92,0.08,0.09,0.01,0.01,78875.77,1776877364000
1776877365.942,165.942,0.91,0.92,0.08,0.09,0.01,0.01,78875.77,1776877364000
1776877366.309,166.309,0.91,0.92,0.08,0.09,0.01,0.01,78876.26,1776877365000
1776877367.411,167.411,0.91,0.92,0.08,0.09,0.01,0.01,78876.26,1776877365000
1776877367.843,167.843,0.9,0.91,0.08,0.1,0.01,0.02,78875.82,1776877366000
1776877368.258,168.258,0.9,0.91,0.09,0.1,0.01,0.01,78875.91,1776877367000
1776877368.677,168.677,0.9,0.91,0.09,0.1,0.01,0.01,78875.91,1776877367000
1776877369.14,169.14,0.9,0.91,0.09,0.1,0.01,0.01,78875.91,1776877368000
1776877369.891,169.891,0.91,0.92,0.08,0.09,0.01,0.01,78875.91,1776877368000
1776877370.465,170.465,0.91,0.92,0.08,0.09,0.01,0.01,78872.45,1776877369000
1776877371.016,171.016,0.91,0.92,0.08,0.09,0.01,0.01,78871.41,1776877370000
1776877371.575,171.575,0.91,0.92,0.08,0.09,0.01,0.01,78871.41,1776877370000
1776877372.137,172.137,0.91,0.92,0.08,0.09,0.01,0.01,78873.06,1776877371000
1776877372.471,172.471,0.91,0.93,0.08,0.09,0.02,0.01,78873.06,1776877371000
1776877373.211,173.211,0.91,0.93,0.07,0.09,0.02,0.02,78870.92,1776877372000
1776877373.557,173.557,0.92,0.93,0.07,0.08,0.01,0.01,78870.92,1776877372000
1776877373.997,173.997,0.92,0.93,0.07,0.08,0.01,0.01,78870.92,1776877372000
1776877374.853,174.853,0.91,0.92,0.07,0.08,0.01,0.01,78871.18,1776877373000
1776877375.204,175.204,0.91,0.92,0.08,0.09,0.01,0.01,78871.18,1776877373000
1776877375.635,175.635,0.91,0.92,0.08,0.09,0.01,0.01,78870.88,1776877374000
1776877375.975,175.975,0.9,0.92,0.08,0.1,0.02,0.02,78870.88,1776877374000
1776877376.349,176.349,0.88,0.89,0.11,0.12,0.01,0.01,78870.88,1776877374000
1776877376.881,176.881,0.88,0.89,0.11,0.12,0.01,0.01,78870.31,1776877375000
1776877377.246,177.246,0.88,0.89,0.11,0.12,0.01,0.01,78870.3,1776877376000
1776877377.61,177.61,0.88,0.89,0.11,0.12,0.01,0.01,78870.3,1776877376000
1776877378.261,178.261,0.88,0.9,0.1,0.12,0.02,0.02,78861.22,1776877377000
1776877378.689,178.689,0.89,0.9,0.1,0.12,0.01,0.02,78861.22,1776877377000
1776877379.122,179.122,0.89,0.9,0.1,0.11,0.01,0.01,78861.22,1776877377000
1776877379.559,179.559,0.89,0.9,0.1,0.11,0.01,0.01,78856.66,1776877378000
1776877379.98,179.98,0.89,0.9,0.1,0.11,0.01,0.01,78856.66,1776877378000
1776877380.505,180.505,0.89,0.9,0.1,0.11,0.01,0.01,78856.66,1776877378000
1776877381.434,181.434,0.89,0.9,0.1,0.11,0.01,0.01,78856.54,1776877380000
1776877381.788,181.788,0.89,0.9,0.1,0.11,0.01,0.01,78856.54,1776877380000
1776877382.198,182.198,0.89,0.9,0.1,0.11,0.01,0.01,78856.54,1776877380000
1776877382.547,182.547,0.86,0.87,0.13,0.14,0.01,0.01,78856.13,1776877381000
1776877382.884,182.884,0.86,0.87,0.13,0.14,0.01,0.01,78856.13,1776877381000
1776877383.229,183.229,0.86,0.89,0.12,0.14,0.03,0.02,78849.03,1776877382000
1776877383.678,183.678,0.88,0.89,0.11,0.12,0.01,0.01,78849.03,1776877382000
1776877384.093,184.093,0.88,0.89,0.11,0.12,0.01,0.01,78849.03,1776877382000
1776877384.439,184.439,0.88,0.89,0.11,0.12,0.01,0.01,78850.41,1776877383000
1776877384.87,184.87,0.88,0.89,0.11,0.12,0.01,0.01,78850.41,1776877383000
1776877385.22,185.22,0.88,0.89,0.11,0.12,0.01,0.01,78850.41,1776877383000
1776877385.798,185.798,0.88,0.89,0.11,0.12,0.01,0.01,78848.56,1776877384000
1776877386.141,186.141,0.87,0.89,0.11,0.13,0.02,0.02,78848.56,1776877384000
1776877386.514,186.514,0.88,0.89,0.11,0.12,0.01,0.01,78848.56,1776877385000
1776877386.946,186.946,0.88,0.89,0.11,0.12,0.01,0.01,78848.56,1776877385000
1776877387.314,187.314,0.88,0.89,0.11,0.12,0.01,0.01,78846.73,1776877386000
1776877387.781,187.781,0.88,0.89,0.11,0.12,0.01,0.01,78846.73,1776877386000
1776877388.297,188.297,0.88,0.89,0.11,0.12,0.01,0.01,78846.73,1776877386000
1776877388.733,188.733,0.88,0.89,0.11,0.12,0.01,0.01,78847.71,1776877387000
1776877389.139,189.139,0.88,0.9,0.1,0.12,0.02,0.02,78847.71,1776877387000
1776877389.628,189.628,0.88,0.89,0.11,0.13,0.01,0.02,78851.55,1776877388000
1776877390.233,190.233,0.88,0.89,0.11,0.12,0.01,0.01,78851.55,1776877388000
1776877390.572,190.572,0.88,0.89,0.11,0.12,0.01,0.01,78851.87,1776877389000
1776877391.101,191.101,0.88,0.89,0.11,0.12,0.01,0.01,78851.87,1776877389000
1776877391.471,191.471,0.88,0.89,0.11,0.12,0.01,0.01,78848.35,1776877390000
1776877391.933,191.933,0.88,0.9,0.11,0.12,0.02,0.01,78848.35,1776877390000
1776877392.358,192.358,0.89,0.9,0.1,0.12,0.01,0.02,78849.0,1776877391000
1776877392.792,192.792,0.9,0.91,0.1,0.11,0.01,0.01,78849.0,1776877391000
1776877393.128,193.128,0.9,0.91,0.09,0.1,0.01,0.01,78848.98,1776877392000
1776877393.584,193.584,0.9,0.91,0.09,0.1,0.01,0.01,78848.98,1776877392000
1776877394.105,194.105,0.9,0.91,0.09,0.1,0.01,0.01,78848.98,1776877392000
1776877394.908,194.908,0.9,0.91,0.09,0.1,0.01,0.01,78848.08,1776877393000
1776877395.355,195.355,0.9,0.91,0.09,0.1,0.01,0.01,78848.08,1776877394000
1776877395.916,195.916,0.9,0.91,0.09,0.1,0.01,0.01,78847.89,1776877395000
1776877396.557,196.557,0.9,0.92,0.09,0.1,0.02,0.01,78847.89,1776877395000
1776877397.026,197.026,0.9,0.92,0.08,0.1,0.02,0.02,78851.16,1776877396000
1776877397.455,197.455,0.9,0.91,0.08,0.1,0.01,0.02,78851.16,1776877396000
1776877397.795,197.795,0.9,0.92,0.09,0.1,0.02,0.01,78851.16,1776877396000
1776877398.18,198.18,0.92,0.93,0.07,0.08,0.01,0.01,78854.68,1776877397000
1776877398.572,198.572,0.92,0.93,0.07,0.08,0.01,0.01,78854.68,1776877397000
1776877398.946,198.946,0.92,0.93,0.07,0.08,0.01,0.01,78854.68,1776877397000
1776877399.561,199.561,0.9,0.94,0.08,0.1,0.04,0.02,78854.69,1776877398000
1776877399.951,199.951,0.91,0.92,0.08,0.09,0.01,0.01,78854.69,1776877398000
1776877400.693,200.693,0.93,0.95,0.05,0.07,0.02,0.02,78856.54,1776877399000
1776877401.101,201.101,0.93,0.95,0.05,0.07,0.02,0.02,78860.3,1776877400000
1776877401.486,201.486,0.94,0.95,0.06,0.07,0.01,0.01,78860.3,1776877400000
1776877401.826,201.826,0.94,0.96,0.04,0.06,0.02,0.02,78860.3,1776877400000
1776877402.313,202.313,0.95,0.96,0.04,0.05,0.01,0.01,78867.29,1776877401000
1776877402.687,202.687,0.95,0.96,0.04,0.05,0.01,0.01,78867.29,1776877401000
1776877403.036,203.036,0.95,0.96,0.04,0.05,0.01,0.01,78868.03,1776877402000
1776877403.503,203.503,0.95,0.96,0.04,0.05,0.01,0.01,78868.03,1776877402000
1776877403.865,203.865,0.95,0.96,0.04,0.05,0.01,0.01,78868.03,1776877402000
1776877404.292,204.292,0.95,0.96,0.04,0.05,0.01,0.01,78868.03,1776877402000
1776877404.637,204.637,0.95,0.96,0.04,0.05,0.01,0.01,78868.48,1776877403000
1776877405.172,205.172,0.96,0.97,0.04,0.05,0.01,0.01,78868.48,1776877403000
1776877406.263,206.263,0.96,0.97,0.03,0.04,0.01,0.01,78876.33,1776877405000
1776877407.155,207.155,0.96,0.97,0.03,0.04,0.01,0.01,78876.33,1776877405000
1776877407.702,207.702,0.96,0.97,0.03,0.04,0.01,0.01,78876.33,1776877405000
1776877408.183,208.183,0.96,0.97,0.03,0.04,0.01,0.01,78879.76,1776877406000
1776877408.673,208.673,0.96,0.97,0.03,0.04,0.01,0.01,78879.76,1776877406000
1776877409.361,209.361,0.96,0.97,0.03,0.04,0.01,0.01,78879.53,1776877407000
1776877409.726,209.726,0.96,0.97,0.03,0.04,0.01,0.01,78879.26,1776877408000
1776877410.197,210.197,0.96,0.97,0.03,0.04,0.01,0.01,78879.26,1776877408000
1776877410.536,210.536,0.96,0.97,0.03,0.04,0.01,0.01,78877.57,1776877409000
1776877410.893,210.893,0.96,0.97,0.03,0.04,0.01,0.01,78877.57,1776877409000
1776877411.229,211.229,0.96,0.97,0.03,0.04,0.01,0.01,78877.57,1776877409000
1776877411.564,211.564,0.96,0.97,0.03,0.04,0.01,0.01,78877.35,1776877410000
1776877411.905,211.905,0.96,0.97,0.03,0.04,0.01,0.01,78877.35,1776877410000
1776877412.307,212.307,0.96,0.97,0.03,0.04,0.01,0.01,78877.35,1776877410000
1776877412.668,212.668,0.96,0.97,0.03,0.04,0.01,0.01,78877.35,1776877410000
1776877413.03,213.03,0.96,0.97,0.03,0.04,0.01,0.01,78875.98,1776877411000
1776877413.402,213.402,0.96,0.97,0.03,0.04,0.01,0.01,78875.98,1776877411000
1776877414.053,214.053,0.96,0.97,0.03,0.04,0.01,0.01,78876.47,1776877412000
1776877414.465,214.465,0.96,0.97,0.03,0.04,0.01,0.01,78876.66,1776877413000
1776877415.103,215.103,0.96,0.97,0.03,0.04,0.01,0.01,78877.17,1776877414000
1776877415.601,215.601,0.96,0.98,0.03,0.04,0.02,0.01,78877.17,1776877414000
1776877415.979,215.979,0.96,0.98,0.02,0.04,0.02,0.02,78877.17,1776877414000
1776877416.666,216.666,0.96,0.98,0.02,0.04,0.02,0.02,78883.7,1776877415000
1776877417.549,217.549,0.96,0.98,0.02,0.04,0.02,0.02,78888.55,1776877416000
1776877417.982,217.982,0.96,0.98,0.02,0.04,0.02,0.02,78888.55,1776877416000
1776877418.866,218.866,0.97,0.98,0.02,0.03,0.01,0.01,78895.86,1776877417000
1776877419.242,219.242,0.97,0.98,0.02,0.03,0.01,0.01,78895.86,1776877417000
1776877419.63,219.63,0.97,0.98,0.02,0.03,0.01,0.01,78895.86,1776877417000
1776877420.014,220.014,0.97,0.98,0.02,0.03,0.01,0.01,78909.59,1776877418000
1776877420.7,220.7,0.97,0.98,0.02,0.03,0.01,0.01,78917.19,1776877419000
1776877421.077,221.077,0.97,0.98,0.02,0.03,0.01,0.01,78917.19,1776877419000
1776877421.435,221.435,0.97,0.98,0.02,0.03,0.01,0.01,78919.11,1776877420000
1776877422.016,222.016,0.97,0.99,0.01,0.03,0.02,0.02,78919.11,1776877420000
1776877422.41,222.41,0.97,0.98,0.01,0.03,0.01,0.02,78919.6,1776877421000
1776877422.804,222.804,0.97,0.98,0.02,0.03,0.01,0.01,78919.6,1776877421000
1776877423.137,223.137,0.98,0.99,0.01,0.02,0.01,0.01,78919.6,1776877421000
1776877423.535,223.535,0.98,0.99,0.01,0.02,0.01,0.01,78919.6,1776877421000
1776877423.873,223.873,0.98,0.99,0.01,0.02,0.01,0.01,78922.3,1776877422000
1776877424.28,224.28,0.98,0.99,0.01,0.02,0.01,0.01,78922.3,1776877422000
1776877424.658,224.658,0.98,0.99,0.01,0.02,0.01,0.01,78919.11,1776877423000
1776877424.995,224.995,0.98,0.99,0.01,0.02,0.01,0.01,78919.11,1776877423000
1776877425.401,225.401,0.98,0.99,0.01,0.02,0.01,0.01,78919.06,1776877424000
1776877425.893,225.893,0.98,0.99,0.01,0.02,0.01,0.01,78919.06,1776877424000
1776877426.401,226.401,0.99,0.99,0.01,0.01,0.0,0.0,78919.06,1776877424000
1776877426.823,226.823,0.99,0.99,0.01,0.01,0.0,0.0,78918.71,1776877425000
1776877427.16,227.16,0.99,0.99,0.01,0.01,0.0,0.0,78918.71,1776877425000
1776877427.568,227.568,0.99,0.99,0.01,0.01,0.0,0.0,78918.71,1776877425000
1776877427.906,227.906,0.99,0.99,0.01,0.01,0.0,0.0,78918.97,1776877426000
1776877428.594,228.594,0.99,0.99,0.01,0.01,0.0,0.0,78919.07,1776877427000
1776877428.976,228.976,0.99,0.99,0.01,0.01,0.0,0.0,78919.07,1776877427000
1776877429.337,229.337,0.99,0.99,0.01,0.01,0.0,0.0,78922.64,1776877428000
1776877429.752,229.752,0.99,0.99,0.01,0.01,0.0,0.0,78922.64,1776877428000
1776877430.361,230.361,0.99,0.99,0.01,0.01,0.0,0.0,78922.73,1776877429000
1776877430.907,230.907,0.99,0.99,0.01,0.01,0.0,0.0,78922.73,1776877430000
1776877431.286,231.286,0.99,0.99,0.01,0.01,0.0,0.0,78922.73,1776877430000
1776877432.115,232.115,0.99,0.99,0.01,0.01,0.0,0.0,78921.72,1776877431000
1776877432.555,232.555,0.99,0.99,0.01,0.01,0.0,0.0,78921.72,1776877431000
1776877433.303,233.303,0.99,0.99,0.01,0.01,0.0,0.0,78920.57,1776877432000
1776877433.648,233.648,0.99,0.99,0.01,0.01,0.0,0.0,78920.57,1776877432000
1776877434.217,234.217,0.99,0.99,0.01,0.01,0.0,0.0,78920.34,1776877433000
1776877434.797,234.797,0.99,0.99,0.01,0.01,0.0,0.0,78920.34,1776877433000
1776877435.159,235.159,0.99,0.99,0.01,0.01,0.0,0.0,78920.34,1776877433000
1776877435.508,235.508,0.99,0.99,0.01,0.01,0.0,0.0,78920.09,1776877434000
1776877435.947,235.947,0.99,0.99,0.01,0.01,0.0,0.0,78920.09,1776877434000
1776877436.47,236.47,0.99,0.99,0.01,0.01,0.0,0.0,78917.63,1776877435000
1776877437.071,237.071,0.99,0.99,0.01,0.01,0.0,0.0,78917.16,1776877436000
1776877438.209,238.209,0.99,0.99,0.01,0.01,0.0,0.0,78919.65,1776877437000
1776877439.383,239.383,0.99,0.99,0.01,0.01,0.0,0.0,78918.86,1776877438000
1776877439.788,239.788,0.99,0.99,0.01,0.01,0.0,0.0,78918.86,1776877438000
1776877440.335,240.335,0.99,0.99,0.01,0.01,0.0,0.0,78918.05,1776877439000
1776877440.813,240.813,0.99,0.99,0.01,0.01,0.0,0.0,78918.05,1776877439000
1776877441.29,241.29,0.99,0.99,0.01,0.01,0.0,0.0,78917.8,1776877440000
1776877442.4,242.4,0.99,0.99,0.01,0.01,0.0,0.0,78913.06,1776877441000
1776877443.273,243.273,0.99,0.99,0.01,0.01,0.0,0.0,78913.06,1776877441000
1776877443.92,243.92,0.99,0.99,0.01,0.01,0.0,0.0,78913.06,1776877441000
1776877444.518,244.518,0.99,0.99,0.01,0.01,0.0,0.0,78909.41,1776877442000
1776877444.858,244.858,0.99,0.99,0.01,0.01,0.0,0.0,78904.52,1776877443000
1776877445.2,245.2,0.99,0.99,0.01,0.01,0.0,0.0,78904.52,1776877443000
1776877445.564,245.564,0.99,0.99,0.01,0.01,0.0,0.0,78904.26,1776877444000
1776877446.11,246.11,0.99,0.99,0.01,0.01,0.0,0.0,78903.12,1776877445000
1776877447.968,247.968,0.99,0.99,0.01,0.01,0.0,0.0,78901.74,1776877446000
1776877448.388,248.388,0.99,0.99,0.01,0.01,0.0,0.0,78901.74,1776877446000
1776877448.931,248.931,0.99,0.99,0.01,0.01,0.0,0.0,78904.99,1776877447000
1776877450.113,250.113,0.99,0.99,0.01,0.01,0.0,0.0,78908.75,1776877448000
1776877450.87,250.87,0.99,0.99,0.01,0.01,0.0,0.0,78913.06,1776877449000
1776877451.638,251.638,0.99,0.99,0.01,0.01,0.0,0.0,78913.36,1776877450000
1776877452.306,252.306,0.99,0.99,0.01,0.01,0.0,0.0,78913.4,1776877451000
1776877453.727,253.727,0.99,0.99,0.01,0.01,0.0,0.0,78913.37,1776877452000
1776877454.934,254.934,0.99,0.99,0.01,0.01,0.0,0.0,78913.37,1776877453000
1776877455.792,255.792,0.99,0.99,0.01,0.01,0.0,0.0,78913.3,1776877454000
1776877456.498,256.498,0.99,0.99,0.01,0.01,0.0,0.0,78913.13,1776877455000
1776877457.307,257.307,0.99,0.99,0.01,0.01,0.0,0.0,78913.13,1776877456000
1776877458.507,258.507,0.99,0.99,0.01,0.01,0.0,0.0,78912.63,1776877457000
1776877459.426,259.426,0.99,0.99,0.01,0.01,0.0,0.0,78912.16,1776877458000
1776877459.762,259.762,0.99,0.99,0.01,0.01,0.0,0.0,78912.16,1776877458000
1776877460.159,260.159,0.99,0.99,0.01,0.01,0.0,0.0,78912.12,1776877459000
1776877460.519,260.519,0.99,0.99,0.01,0.01,0.0,0.0,78912.12,1776877459000
1776877461.512,261.512,0.99,0.99,0.01,0.01,0.0,0.0,78913.02,1776877460000
1776877462.465,262.465,0.99,0.99,0.01,0.01,0.0,0.0,78914.71,1776877461000
1776877463.003,263.003,0.99,0.99,0.01,0.01,0.0,0.0,78917.99,1776877462000
1776877463.977,263.977,0.99,0.99,0.01,0.01,0.0,0.0,78917.99,1776877462000
1776877465.196,265.196,0.99,0.99,0.01,0.01,0.0,0.0,78919.29,1776877464000
1776877466.334,266.334,0.99,0.99,0.01,0.01,0.0,0.0,78918.43,1776877465000
1776877467.367,267.367,0.99,0.99,0.01,0.01,0.0,0.0,78918.42,1776877466000
1776877467.958,267.958,0.99,0.99,0.01,0.01,0.0,0.0,78918.42,1776877467000
1776877468.962,268.962,0.99,0.99,0.01,0.01,0.0,0.0,78918.79,1776877468000
1776877470.024,270.024,0.99,0.99,0.01,0.01,0.0,0.0,78918.93,1776877469000
1776877470.526,270.526,0.99,0.99,0.01,0.01,0.0,0.0,78918.93,1776877469000
1776877470.86,270.86,0.99,0.99,0.01,0.01,0.0,0.0,78918.93,1776877469000
1776877471.204,271.204,0.99,0.99,0.01,0.01,0.0,0.0,78925.02,1776877470000
1776877471.802,271.802,0.99,0.99,0.01,0.01,0.0,0.0,78925.02,1776877470000
1776877472.145,272.145,0.99,0.99,0.01,0.01,0.0,0.0,78925.02,1776877470000
1776877473.252,273.252,0.99,0.99,0.01,0.01,0.0,0.0,78933.41,1776877472000
1776877473.814,273.814,0.99,0.99,0.01,0.01,0.0,0.0,78933.41,1776877472000
1776877474.314,274.314,0.99,0.99,0.01,0.01,0.0,0.0,78933.48,1776877473000
1776877475.442,275.442,0.99,0.99,0.01,0.01,0.0,0.0,78933.55,1776877474000
1776877476.242,276.242,0.99,0.99,0.01,0.01,0.0,0.0,78933.55,1776877474000
1776877476.984,276.984,0.99,0.99,0.01,0.01,0.0,0.0,78934.58,1776877476000
1776877478.078,278.078,0.99,0.99,0.01,0.01,0.0,0.0,78935.55,1776877477000
1776877479.124,279.124,0.99,0.99,0.01,0.01,0.0,0.0,78935.49,1776877478000
1776877479.748,279.748,0.99,0.99,0.01,0.01,0.0,0.0,78935.49,1776877478000
1776877480.199,280.199,0.99,0.99,0.01,0.01,0.0,0.0,78933.42,1776877479000
1776877480.829,280.829,0.99,0.99,0.01,0.01,0.0,0.0,78933.42,1776877479000
1776877481.328,281.328,0.99,0.99,0.01,0.01,0.0,0.0,78932.68,1776877480000
1776877482.304,282.304,0.99,0.99,0.01,0.01,0.0,0.0,78932.33,1776877481000
1776877483.554,283.554,0.99,0.99,0.01,0.01,0.0,0.0,78931.39,1776877482000
1776877484.03,284.03,0.99,0.99,0.01,0.01,0.0,0.0,78931.25,1776877483000
1776877485.4,285.4,0.99,0.99,0.01,0.01,0.0,0.0,78931.45,1776877484000
1776877485.941,285.941,0.99,0.99,0.01,0.01,0.0,0.0,78931.45,1776877485000
1776877486.634,286.634,0.99,0.99,0.01,0.01,0.0,0.0,78931.45,1776877485000
1776877487.085,287.085,0.99,0.99,0.01,0.01,0.0,0.0,78930.75,1776877486000
1776877488.203,288.203,0.99,0.99,0.01,0.01,0.0,0.0,78924.1,1776877487000
1776877488.876,288.876,0.99,0.99,0.01,0.01,0.0,0.0,78922.48,1776877488000
1776877490.27,290.27,0.99,0.99,0.01,0.01,0.0,0.0,78919.93,1776877489000
1776877491.368,291.368,0.99,0.99,0.01,0.01,0.0,0.0,78919.1,1776877490000
1776877491.705,291.705,0.99,0.99,0.01,0.01,0.0,0.0,78919.1,1776877490000
1776877492.261,292.261,0.99,0.99,0.01,0.01,0.0,0.0,78918.46,1776877491000
1776877493.267,293.267,0.99,0.99,0.01,0.01,0.0,0.0,78915.13,1776877492000
1776877494.281,294.281,0.99,0.99,0.01,0.01,0.0,0.0,78914.18,1776877493000
1776877495.074,295.074,0.99,0.99,0.01,0.01,0.0,0.0,78914.18,1776877493000
1776877495.985,295.985,0.99,0.99,0.01,0.01,0.0,0.0,78904.83,1776877495000
1776877496.943,296.943,0.99,0.99,0.01,0.01,0.0,0.0,78900.25,1776877496000
1776877498.002,298.002,0.99,0.99,0.01,0.01,0.0,0.0,78903.69,1776877497000
1776877498.837,298.837,0.99,0.99,0.01,0.01,0.0,0.0,78903.69,1776877497000
1776877499.187,299.187,0.99,0.99,0.01,0.01,0.0,0.0,78905.14,1776877498000
1776877500.04,300.04,0.99,0.99,0.01,0.01,0.0,0.0,78905.26,1776877499000
1776877500.373,300.373,0.99,0.99,0.01,0.01,0.0,0.0,78905.26,1776877499000
1776877500.802,300.802,0.99,0.99,0.01,0.01,0.0,0.0,78905.26,1776877499000

# RESULT,winner=Up,slug=btc-updown-5m-1776877200,ticks=621
