timestamp,elapsed_sec,up_bid,up_ask,down_bid,down_ask,up_spread,down_spread,btc_price,btc_oracle_ts
1776044100.629,0.629,0.45,0.46,0.54,0.55,0.01,0.01,71155.83,1776044099000
1776044101.006,1.006,0.48,0.49,0.51,0.52,0.01,0.01,71155.83,1776044099000
1776044101.473,1.473,0.45,0.46,0.54,0.55,0.01,0.01,71155.07,1776044100000
1776044101.852,1.852,0.46,0.47,0.53,0.54,0.01,0.01,71155.07,1776044100000
1776044102.198,2.198,0.46,0.47,0.53,0.54,0.01,0.01,71155.07,1776044100000
1776044102.543,2.543,0.47,0.48,0.52,0.53,0.01,0.01,71154.84,1776044101000
1776044102.903,2.903,0.47,0.48,0.52,0.53,0.01,0.01,71154.84,1776044101000
1776044103.25,3.25,0.47,0.48,0.52,0.53,0.01,0.01,71154.84,1776044101000
1776044103.646,3.646,0.48,0.49,0.51,0.53,0.01,0.02,71154.84,1776044101000
1776044104.117,4.117,0.48,0.5,0.5,0.52,0.02,0.02,71155.43,1776044102000
1776044104.504,4.504,0.49,0.5,0.5,0.51,0.01,0.01,71155.53,1776044103000
1776044104.846,4.846,0.48,0.49,0.51,0.52,0.01,0.01,71155.53,1776044103000
1776044105.312,5.312,0.48,0.49,0.51,0.52,0.01,0.01,71155.53,1776044103000
1776044105.692,5.692,0.48,0.49,0.51,0.52,0.01,0.01,71155.53,1776044103000
1776044106.111,6.111,0.48,0.49,0.51,0.52,0.01,0.01,71154.98,1776044104000
1776044106.482,6.482,0.48,0.49,0.51,0.52,0.01,0.01,71154.98,1776044104000
1776044106.839,6.839,0.48,0.49,0.51,0.52,0.01,0.01,71154.98,1776044104000
1776044107.233,7.233,0.48,0.49,0.51,0.52,0.01,0.01,71155.64,1776044106000
1776044107.934,7.934,0.48,0.49,0.51,0.52,0.01,0.01,71155.64,1776044106000
1776044108.377,8.377,0.48,0.49,0.51,0.52,0.01,0.01,71156.71,1776044107000
1776044109.005,9.005,0.48,0.49,0.51,0.52,0.01,0.01,71156.71,1776044107000
1776044109.76,9.76,0.48,0.5,0.51,0.52,0.02,0.01,71157.07,1776044108000
1776044110.137,10.137,0.49,0.5,0.5,0.51,0.01,0.01,71157.83,1776044109000
1776044110.867,10.867,0.49,0.5,0.5,0.51,0.01,0.01,71157.87,1776044110000
1776044111.277,11.277,0.49,0.5,0.5,0.51,0.01,0.01,71157.87,1776044110000
1776044111.655,11.655,0.49,0.5,0.5,0.51,0.01,0.01,71157.87,1776044110000
1776044112.049,12.049,0.49,0.5,0.5,0.51,0.01,0.01,71157.8,1776044111000
1776044112.536,12.536,0.49,0.5,0.5,0.51,0.01,0.01,71157.8,1776044111000
1776044112.897,12.897,0.49,0.5,0.5,0.51,0.01,0.01,71157.79,1776044112000
1776044113.304,13.304,0.49,0.5,0.5,0.51,0.01,0.01,71157.79,1776044112000
1776044113.702,13.702,0.49,0.5,0.5,0.51,0.01,0.01,71157.79,1776044112000
1776044114.091,14.091,0.48,0.51,0.51,0.52,0.03,0.01,71157.58,1776044113000
1776044114.74,14.74,0.5,0.51,0.49,0.52,0.01,0.03,71157.58,1776044113000
1776044115.098,15.098,0.5,0.51,0.49,0.5,0.01,0.01,71156.26,1776044114000
1776044115.72,15.72,0.5,0.51,0.49,0.5,0.01,0.01,71156.26,1776044114000
1776044116.089,16.089,0.5,0.51,0.49,0.5,0.01,0.01,71156.26,1776044114000
1776044116.438,16.438,0.5,0.51,0.49,0.5,0.01,0.01,71157.66,1776044115000
1776044116.897,16.897,0.5,0.51,0.49,0.5,0.01,0.01,71157.66,1776044115000
1776044117.243,17.243,0.5,0.51,0.49,0.5,0.01,0.01,71158.18,1776044116000
1776044117.591,17.591,0.5,0.51,0.49,0.5,0.01,0.01,71158.18,1776044116000
1776044117.925,17.925,0.55,0.56,0.44,0.45,0.01,0.01,71158.18,1776044116000
1776044118.268,18.268,0.6,0.62,0.38,0.4,0.02,0.02,71158.55,1776044117000
1776044118.606,18.606,0.61,0.62,0.38,0.39,0.01,0.01,71158.55,1776044117000
1776044118.942,18.942,0.62,0.63,0.37,0.38,0.01,0.01,71158.55,1776044117000
1776044119.276,19.276,0.62,0.63,0.37,0.38,0.01,0.01,71158.55,1776044117000
1776044119.62,19.62,0.62,0.63,0.37,0.38,0.01,0.01,71165.2,1776044118000
1776044120.036,20.036,0.62,0.63,0.37,0.38,0.01,0.01,71165.2,1776044118000
1776044120.37,20.37,0.62,0.63,0.37,0.38,0.01,0.01,71173.44,1776044119000
1776044120.715,20.715,0.62,0.63,0.37,0.38,0.01,0.01,71173.44,1776044119000
1776044121.068,21.068,0.61,0.62,0.38,0.39,0.01,0.01,71173.44,1776044119000
1776044121.451,21.451,0.62,0.63,0.29,0.39,0.01,0.1,71173.44,1776044119000
1776044121.85,21.85,0.62,0.63,0.37,0.38,0.01,0.01,71174.7,1776044120000
1776044122.316,22.316,0.63,0.64,0.37,0.38,0.01,0.01,71174.7,1776044120000
1776044122.712,22.712,0.63,0.64,0.36,0.37,0.01,0.01,71174.7,1776044120000
1776044123.145,23.145,0.63,0.64,0.36,0.37,0.01,0.01,71176.61,1776044121000
1776044123.744,23.744,0.63,0.64,0.36,0.37,0.01,0.01,71176.61,1776044121000
1776044124.106,24.106,0.63,0.64,0.36,0.37,0.01,0.01,71176.74,1776044122000
1776044124.454,24.454,0.63,0.64,0.36,0.37,0.01,0.01,71176.48,1776044123000
1776044124.998,24.998,0.63,0.64,0.36,0.37,0.01,0.01,71176.48,1776044123000
1776044125.489,25.489,0.63,0.64,0.36,0.37,0.01,0.01,71177.21,1776044124000
1776044125.868,25.868,0.63,0.64,0.36,0.37,0.01,0.01,71177.21,1776044124000
1776044126.213,26.213,0.63,0.7,0.18,0.37,0.07,0.19,71177.21,1776044124000
1776044126.585,26.585,0.72,0.73,0.27,0.3,0.01,0.03,71177.17,1776044125000
1776044126.924,26.924,0.72,0.73,0.27,0.28,0.01,0.01,71177.17,1776044125000
1776044127.283,27.283,0.72,0.73,0.27,0.28,0.01,0.01,71176.51,1776044126000
1776044127.699,27.699,0.72,0.73,0.27,0.28,0.01,0.01,71176.51,1776044126000
1776044128.058,28.058,0.72,0.73,0.27,0.28,0.01,0.01,71181.68,1776044127000
1776044128.47,28.47,0.71,0.72,0.28,0.29,0.01,0.01,71181.68,1776044127000
1776044128.808,28.808,0.71,0.72,0.28,0.29,0.01,0.01,71181.68,1776044127000
1776044129.22,29.22,0.71,0.72,0.28,0.29,0.01,0.01,71187.33,1776044128000
1776044129.762,29.762,0.71,0.72,0.28,0.29,0.01,0.01,71187.33,1776044128000
1776044130.097,30.097,0.71,0.72,0.28,0.29,0.01,0.01,71188.85,1776044129000
1776044130.435,30.435,0.7,0.73,0.27,0.3,0.03,0.03,71188.85,1776044129000
1776044130.856,30.856,0.71,0.82,0.28,0.29,0.11,0.01,71188.85,1776044129000
1776044131.21,31.21,0.75,0.76,0.24,0.25,0.01,0.01,71188.09,1776044130000
1776044131.615,31.615,0.74,0.75,0.25,0.26,0.01,0.01,71188.09,1776044130000
1776044131.993,31.993,0.73,0.74,0.26,0.27,0.01,0.01,71192.0,1776044131000
1776044132.346,32.346,0.72,0.73,0.27,0.29,0.01,0.02,71192.0,1776044131000
1776044132.702,32.702,0.71,0.73,0.27,0.28,0.02,0.01,71192.0,1776044131000
1776044133.187,33.187,0.73,0.74,0.27,0.28,0.01,0.01,71192.0,1776044131000
1776044133.532,33.532,0.75,0.76,0.25,0.26,0.01,0.01,71192.0,1776044131000
1776044133.873,33.873,0.77,0.78,0.22,0.23,0.01,0.01,71194.63,1776044132000
1776044134.238,34.238,0.79,0.8,0.2,0.21,0.01,0.01,71194.63,1776044132000
1776044134.623,34.623,0.79,0.8,0.2,0.21,0.01,0.01,71193.87,1776044133000
1776044134.956,34.956,0.79,0.8,0.2,0.21,0.01,0.01,71193.87,1776044133000
1776044135.327,35.327,0.75,0.77,0.23,0.24,0.02,0.01,71193.87,1776044133000
1776044135.897,35.897,0.75,0.76,0.23,0.25,0.01,0.02,71204.43,1776044134000
1776044136.255,36.255,0.75,0.76,0.24,0.25,0.01,0.01,71204.43,1776044134000
1776044136.687,36.687,0.74,0.76,0.24,0.26,0.02,0.02,71205.52,1776044135000
1776044137.025,37.025,0.74,0.75,0.25,0.26,0.01,0.01,71205.52,1776044135000
1776044137.443,37.443,0.73,0.74,0.26,0.27,0.01,0.01,71205.52,1776044135000
1776044137.785,37.785,0.71,0.73,0.27,0.29,0.02,0.02,71200.75,1776044136000
1776044138.142,38.142,0.7,0.72,0.28,0.3,0.02,0.02,71200.27,1776044137000
1776044138.513,38.513,0.7,0.71,0.29,0.3,0.01,0.01,71200.27,1776044137000
1776044138.89,38.89,0.7,0.71,0.29,0.3,0.01,0.01,71200.27,1776044137000
1776044139.266,39.266,0.69,0.7,0.3,0.31,0.01,0.01,71198.97,1776044138000
1776044139.745,39.745,0.69,0.7,0.3,0.31,0.01,0.01,71198.97,1776044138000
1776044140.145,40.145,0.69,0.7,0.3,0.31,0.01,0.01,71198.97,1776044138000
1776044140.585,40.585,0.69,0.7,0.3,0.31,0.01,0.01,71196.5,1776044139000
1776044141.31,41.31,0.69,0.7,0.3,0.31,0.01,0.01,71196.5,1776044139000
1776044142.004,42.004,0.69,0.7,0.3,0.31,0.01,0.01,71193.54,1776044140000
1776044142.405,42.405,0.69,0.7,0.3,0.31,0.01,0.01,71193.54,1776044140000
1776044142.871,42.871,0.68,0.69,0.31,0.32,0.01,0.01,71193.8,1776044142000
1776044143.245,43.245,0.67,0.68,0.32,0.33,0.01,0.01,71193.8,1776044142000
1776044143.59,43.59,0.65,0.66,0.34,0.35,0.01,0.01,71193.8,1776044142000
1776044143.937,43.937,0.65,0.66,0.34,0.35,0.01,0.01,71193.8,1776044142000
1776044144.59,44.59,0.65,0.66,0.34,0.35,0.01,0.01,71192.71,1776044143000
1776044144.933,44.933,0.67,0.7,0.3,0.35,0.03,0.05,71192.71,1776044143000
1776044145.274,45.274,0.69,0.7,0.3,0.31,0.01,0.01,71191.57,1776044144000
1776044145.609,45.609,0.71,0.72,0.28,0.29,0.01,0.01,71191.57,1776044144000
1776044145.963,45.963,0.71,0.72,0.28,0.29,0.01,0.01,71191.57,1776044144000
1776044146.454,46.454,0.72,0.73,0.27,0.28,0.01,0.01,71187.73,1776044145000
1776044146.822,46.822,0.72,0.73,0.27,0.28,0.01,0.01,71187.73,1776044145000
1776044147.163,47.163,0.74,0.75,0.25,0.26,0.01,0.01,71187.73,1776044145000
1776044147.509,47.509,0.74,0.75,0.25,0.26,0.01,0.01,71187.73,1776044145000
1776044147.874,47.874,0.74,0.75,0.24,0.26,0.01,0.02,71197.18,1776044146000
1776044148.216,48.216,0.74,0.75,0.25,0.26,0.01,0.01,71199.57,1776044147000
1776044148.58,48.58,0.73,0.74,0.26,0.27,0.01,0.01,71199.57,1776044147000
1776044149.039,49.039,0.72,0.73,0.27,0.28,0.01,0.01,71199.57,1776044147000
1776044149.43,49.43,0.72,0.73,0.27,0.28,0.01,0.01,71204.9,1776044148000
1776044149.785,49.785,0.72,0.73,0.27,0.28,0.01,0.01,71204.9,1776044148000
1776044150.144,50.144,0.72,0.74,0.27,0.28,0.02,0.01,71204.9,1776044148000
1776044150.519,50.519,0.73,0.74,0.26,0.27,0.01,0.01,71205.02,1776044149000
1776044150.925,50.925,0.73,0.74,0.26,0.27,0.01,0.01,71205.02,1776044149000
1776044151.266,51.266,0.73,0.74,0.26,0.27,0.01,0.01,71205.02,1776044149000
1776044151.715,51.715,0.73,0.74,0.26,0.27,0.01,0.01,71205.75,1776044150000
1776044152.132,52.132,0.71,0.74,0.26,0.27,0.03,0.01,71205.75,1776044150000
1776044152.559,52.559,0.71,0.74,0.26,0.27,0.03,0.01,71205.76,1776044151000
1776044152.973,52.973,0.71,0.72,0.28,0.29,0.01,0.01,71205.76,1776044151000
1776044153.535,53.535,0.71,0.72,0.28,0.29,0.01,0.01,71204.78,1776044152000
1776044153.889,53.889,0.72,0.73,0.27,0.28,0.01,0.01,71204.78,1776044152000
1776044154.223,54.223,0.72,0.73,0.27,0.28,0.01,0.01,71205.31,1776044153000
1776044154.582,54.582,0.72,0.73,0.27,0.28,0.01,0.01,71205.31,1776044153000
1776044154.928,54.928,0.72,0.73,0.27,0.28,0.01,0.01,71205.31,1776044153000
1776044155.265,55.265,0.72,0.73,0.27,0.28,0.01,0.01,71204.49,1776044154000
1776044155.657,55.657,0.72,0.73,0.27,0.28,0.01,0.01,71204.49,1776044154000
1776044156.016,56.016,0.68,0.69,0.31,0.32,0.01,0.01,71204.49,1776044154000
1776044156.354,56.354,0.68,0.69,0.31,0.32,0.01,0.01,71203.42,1776044155000
1776044156.822,56.822,0.71,0.72,0.23,0.32,0.01,0.09,71203.42,1776044155000
1776044157.236,57.236,0.71,0.72,0.27,0.29,0.01,0.02,71203.56,1776044156000
1776044157.589,57.589,0.71,0.72,0.28,0.29,0.01,0.01,71203.56,1776044156000
1776044157.941,57.941,0.71,0.72,0.28,0.29,0.01,0.01,71203.56,1776044156000
1776044158.321,58.321,0.71,0.72,0.28,0.29,0.01,0.01,71203.31,1776044157000
1776044158.677,58.677,0.72,0.73,0.27,0.28,0.01,0.01,71203.31,1776044157000
1776044159.022,59.022,0.72,0.73,0.27,0.28,0.01,0.01,71203.59,1776044158000
1776044159.418,59.418,0.73,0.74,0.26,0.28,0.01,0.02,71203.59,1776044158000
1776044160.061,60.061,0.73,0.74,0.26,0.27,0.01,0.01,71204.23,1776044159000
1776044160.446,60.446,0.73,0.74,0.26,0.27,0.01,0.01,71204.23,1776044159000
1776044160.952,60.952,0.76,0.77,0.23,0.24,0.01,0.01,71204.23,1776044159000
1776044161.286,61.286,0.76,0.77,0.23,0.24,0.01,0.01,71204.55,1776044160000
1776044161.64,61.64,0.76,0.77,0.23,0.24,0.01,0.01,71204.55,1776044160000
1776044162.034,62.034,0.76,0.77,0.23,0.24,0.01,0.01,71204.55,1776044160000
1776044162.446,62.446,0.76,0.77,0.23,0.24,0.01,0.01,71204.55,1776044160000
1776044162.853,62.853,0.76,0.77,0.23,0.24,0.01,0.01,71209.54,1776044161000
1776044163.24,63.24,0.76,0.77,0.23,0.24,0.01,0.01,71209.54,1776044161000
1776044163.646,63.646,0.76,0.77,0.23,0.24,0.01,0.01,71210.33,1776044162000
1776044164.021,64.021,0.76,0.77,0.23,0.24,0.01,0.01,71210.33,1776044162000
1776044164.361,64.361,0.76,0.77,0.23,0.24,0.01,0.01,71210.19,1776044163000
1776044164.697,64.697,0.76,0.77,0.23,0.24,0.01,0.01,71210.19,1776044163000
1776044165.052,65.052,0.76,0.77,0.23,0.24,0.01,0.01,71210.19,1776044163000
1776044165.422,65.422,0.76,0.77,0.23,0.24,0.01,0.01,71209.55,1776044164000
1776044165.78,65.78,0.75,0.76,0.24,0.25,0.01,0.01,71209.55,1776044164000
1776044166.185,66.185,0.75,0.76,0.24,0.25,0.01,0.01,71209.55,1776044164000
1776044166.542,66.542,0.74,0.75,0.25,0.26,0.01,0.01,71209.55,1776044164000
1776044166.955,66.955,0.74,0.75,0.25,0.26,0.01,0.01,71211.18,1776044165000
1776044167.612,67.612,0.74,0.75,0.25,0.26,0.01,0.01,71210.14,1776044166000
1776044167.978,67.978,0.74,0.75,0.25,0.26,0.01,0.01,71210.14,1776044166000
1776044168.515,68.515,0.72,0.73,0.26,0.28,0.01,0.02,71204.28,1776044167000
1776044169.155,69.155,0.72,0.73,0.27,0.28,0.01,0.01,71204.28,1776044167000
1776044169.687,69.687,0.72,0.73,0.27,0.28,0.01,0.01,71203.21,1776044168000
1776044170.108,70.108,0.72,0.73,0.27,0.28,0.01,0.01,71203.35,1776044169000
1776044171.113,71.113,0.72,0.73,0.27,0.28,0.01,0.01,71201.27,1776044170000
1776044171.531,71.531,0.72,0.73,0.27,0.28,0.01,0.01,71201.27,1776044170000
1776044172.119,72.119,0.69,0.7,0.29,0.3,0.01,0.01,71201.27,1776044170000
1776044172.8,72.8,0.69,0.7,0.3,0.31,0.01,0.01,71199.67,1776044171000
1776044173.262,73.262,0.69,0.7,0.3,0.31,0.01,0.01,71199.67,1776044171000
1776044173.6,73.6,0.69,0.7,0.3,0.31,0.01,0.01,71199.67,1776044171000
1776044174.007,74.007,0.69,0.7,0.3,0.31,0.01,0.01,71199.67,1776044171000
1776044175.21,75.21,0.69,0.7,0.3,0.31,0.01,0.01,71199.67,1776044171000
1776044175.563,75.563,0.69,0.7,0.3,0.31,0.01,0.01,71199.67,1776044171000
1776044175.927,75.927,0.68,0.7,0.3,0.31,0.02,0.01,71199.67,1776044171000
1776044176.441,76.441,0.65,0.66,0.34,0.35,0.01,0.01,71199.67,1776044171000
1776044176.816,76.816,0.64,0.65,0.35,0.36,0.01,0.01,71199.67,1776044171000
1776044177.154,77.154,0.61,0.64,0.36,0.39,0.03,0.03,71199.67,1776044171000
1776044177.518,77.518,0.61,0.62,0.38,0.39,0.01,0.01,71199.67,1776044171000
1776044177.854,77.854,0.61,0.62,0.38,0.39,0.01,0.01,71199.67,1776044171000
1776044178.221,78.221,0.6,0.61,0.39,0.4,0.01,0.01,71199.67,1776044171000
1776044178.626,78.626,0.6,0.61,0.39,0.4,0.01,0.01,71199.67,1776044171000
1776044178.971,78.971,0.6,0.61,0.39,0.4,0.01,0.01,71199.67,1776044171000
1776044179.325,79.325,0.6,0.61,0.39,0.4,0.01,0.01,71199.67,1776044171000
1776044179.728,79.728,0.6,0.61,0.39,0.4,0.01,0.01,71185.09,1776044178000
1776044180.083,80.083,0.6,0.61,0.39,0.4,0.01,0.01,71182.45,1776044179000
1776044180.606,80.606,0.6,0.61,0.39,0.4,0.01,0.01,71182.45,1776044179000
1776044180.944,80.944,0.6,0.61,0.39,0.4,0.01,0.01,71182.45,1776044179000
1776044181.296,81.296,0.6,0.61,0.39,0.4,0.01,0.01,71182.44,1776044180000
1776044181.632,81.632,0.6,0.61,0.39,0.4,0.01,0.01,71182.44,1776044180000
1776044181.971,81.971,0.61,0.62,0.38,0.39,0.01,0.01,71182.44,1776044180000
1776044182.358,82.358,0.61,0.62,0.38,0.39,0.01,0.01,71183.13,1776044181000
1776044182.9,82.9,0.61,0.62,0.38,0.39,0.01,0.01,71183.13,1776044181000
1776044183.306,83.306,0.61,0.62,0.38,0.39,0.01,0.01,71181.07,1776044182000
1776044183.784,83.784,0.61,0.63,0.38,0.39,0.02,0.01,71181.07,1776044182000
1776044184.304,84.304,0.62,0.63,0.37,0.38,0.01,0.01,71181.56,1776044183000
1776044185.43,85.43,0.61,0.62,0.38,0.39,0.01,0.01,71180.67,1776044184000
1776044185.804,85.804,0.61,0.62,0.38,0.39,0.01,0.01,71180.67,1776044184000
1776044186.152,86.152,0.61,0.62,0.38,0.39,0.01,0.01,71180.52,1776044185000
1776044186.509,86.509,0.62,0.63,0.37,0.38,0.01,0.01,71180.52,1776044185000
1776044186.924,86.924,0.62,0.63,0.37,0.38,0.01,0.01,71180.52,1776044185000
1776044187.296,87.296,0.62,0.63,0.37,0.38,0.01,0.01,71178.99,1776044186000
1776044187.703,87.703,0.62,0.63,0.37,0.38,0.01,0.01,71178.99,1776044186000
1776044188.33,88.33,0.62,0.63,0.37,0.38,0.01,0.01,71177.53,1776044187000
1776044188.987,88.987,0.62,0.63,0.37,0.38,0.01,0.01,71177.53,1776044187000
1776044189.515,89.515,0.62,0.63,0.37,0.38,0.01,0.01,71180.01,1776044188000
1776044190.055,90.055,0.62,0.63,0.37,0.38,0.01,0.01,71179.53,1776044189000
1776044190.468,90.468,0.6,0.61,0.39,0.4,0.01,0.01,71179.53,1776044189000
1776044191.071,91.071,0.6,0.61,0.39,0.4,0.01,0.01,71179.53,1776044189000
1776044191.472,91.472,0.6,0.61,0.39,0.4,0.01,0.01,71179.97,1776044190000
1776044191.809,91.809,0.6,0.61,0.39,0.4,0.01,0.01,71179.97,1776044190000
1776044192.156,92.156,0.6,0.61,0.39,0.4,0.01,0.01,71179.97,1776044190000
1776044192.63,92.63,0.6,0.66,0.34,0.4,0.06,0.06,71178.64,1776044191000
1776044192.974,92.974,0.6,0.61,0.39,0.4,0.01,0.01,71178.64,1776044191000
1776044193.317,93.317,0.6,0.61,0.39,0.4,0.01,0.01,71178.64,1776044191000
1776044193.657,93.657,0.6,0.61,0.39,0.4,0.01,0.01,71176.99,1776044192000
1776044193.992,93.992,0.6,0.61,0.39,0.4,0.01,0.01,71176.99,1776044192000
1776044194.463,94.463,0.6,0.61,0.39,0.4,0.01,0.01,71176.91,1776044193000
1776044194.806,94.806,0.6,0.61,0.39,0.4,0.01,0.01,71176.91,1776044193000
1776044195.346,95.346,0.6,0.61,0.39,0.4,0.01,0.01,71176.91,1776044193000
1776044195.767,95.767,0.63,0.64,0.36,0.37,0.01,0.01,71175.78,1776044194000
1776044196.182,96.182,0.63,0.64,0.36,0.37,0.01,0.01,71174.66,1776044195000
1776044196.641,96.641,0.63,0.64,0.36,0.37,0.01,0.01,71174.66,1776044195000
1776044197.029,97.029,0.61,0.62,0.36,0.37,0.01,0.01,71174.66,1776044195000
1776044197.368,97.368,0.6,0.61,0.39,0.4,0.01,0.01,71174.66,1776044195000
1776044197.718,97.718,0.59,0.6,0.4,0.41,0.01,0.01,71174.5,1776044196000
1776044198.077,98.077,0.59,0.6,0.34,0.41,0.01,0.07,71174.5,1776044196000
1776044198.445,98.445,0.58,0.59,0.41,0.42,0.01,0.01,71174.5,1776044196000
1776044198.809,98.809,0.58,0.59,0.41,0.42,0.01,0.01,71174.24,1776044197000
1776044199.17,99.17,0.57,0.59,0.41,0.42,0.02,0.01,71174.24,1776044197000
1776044199.506,99.506,0.57,0.58,0.42,0.43,0.01,0.01,71170.48,1776044198000
1776044199.943,99.943,0.57,0.58,0.42,0.43,0.01,0.01,71170.48,1776044198000
1776044200.344,100.344,0.57,0.58,0.42,0.43,0.01,0.01,71168.59,1776044199000
1776044200.696,100.696,0.57,0.58,0.42,0.43,0.01,0.01,71168.59,1776044199000
1776044201.061,101.061,0.57,0.58,0.42,0.43,0.01,0.01,71168.59,1776044199000
1776044201.421,101.421,0.57,0.58,0.42,0.43,0.01,0.01,71168.59,1776044199000
1776044201.775,101.775,0.57,0.58,0.42,0.43,0.01,0.01,71166.84,1776044200000
1776044202.236,102.236,0.57,0.58,0.42,0.43,0.01,0.01,71166.84,1776044200000
1776044202.618,102.618,0.57,0.58,0.42,0.43,0.01,0.01,71166.84,1776044201000
1776044203.002,103.002,0.57,0.58,0.42,0.43,0.01,0.01,71166.84,1776044201000
1776044203.338,103.338,0.56,0.57,0.43,0.44,0.01,0.01,71166.84,1776044201000
1776044203.778,103.778,0.56,0.57,0.43,0.44,0.01,0.01,71166.77,1776044202000
1776044204.193,104.193,0.56,0.57,0.43,0.44,0.01,0.01,71166.77,1776044202000
1776044204.584,104.584,0.56,0.57,0.43,0.44,0.01,0.01,71166.51,1776044203000
1776044205.1,105.1,0.56,0.57,0.43,0.44,0.01,0.01,71166.51,1776044203000
1776044205.447,105.447,0.55,0.56,0.44,0.45,0.01,0.01,71166.21,1776044204000
1776044206.218,106.218,0.55,0.56,0.44,0.45,0.01,0.01,71164.31,1776044205000
1776044207.286,107.286,0.55,0.56,0.44,0.45,0.01,0.01,71164.31,1776044205000
1776044207.705,107.705,0.55,0.56,0.44,0.45,0.01,0.01,71164.03,1776044206000
1776044208.131,108.131,0.55,0.56,0.44,0.45,0.01,0.01,71162.56,1776044207000
1776044208.616,108.616,0.55,0.56,0.44,0.45,0.01,0.01,71162.56,1776044207000
1776044209.237,109.237,0.55,0.56,0.44,0.45,0.01,0.01,71162.56,1776044207000
1776044209.618,109.618,0.55,0.56,0.44,0.45,0.01,0.01,71162.56,1776044208000
1776044210.079,110.079,0.55,0.56,0.44,0.45,0.01,0.01,71162.56,1776044208000
1776044210.427,110.427,0.55,0.56,0.44,0.45,0.01,0.01,71162.1,1776044209000
1776044210.797,110.797,0.55,0.56,0.44,0.45,0.01,0.01,71162.1,1776044209000
1776044211.378,111.378,0.55,0.56,0.44,0.45,0.01,0.01,71161.96,1776044210000
1776044211.857,111.857,0.55,0.56,0.44,0.45,0.01,0.01,71161.96,1776044210000
1776044212.367,112.367,0.55,0.56,0.44,0.45,0.01,0.01,71161.96,1776044211000
1776044213.138,113.138,0.55,0.56,0.44,0.45,0.01,0.01,71161.96,1776044212000
1776044213.658,113.658,0.55,0.56,0.44,0.45,0.01,0.01,71161.96,1776044212000
1776044214.086,114.086,0.55,0.56,0.44,0.45,0.01,0.01,71163.19,1776044213000
1776044214.695,114.695,0.55,0.56,0.44,0.45,0.01,0.01,71163.19,1776044213000
1776044215.144,115.144,0.55,0.56,0.44,0.45,0.01,0.01,71163.19,1776044213000
1776044215.501,115.501,0.55,0.56,0.44,0.45,0.01,0.01,71161.96,1776044214000
1776044216.43,116.43,0.55,0.56,0.44,0.45,0.01,0.01,71161.96,1776044215000
1776044216.764,116.764,0.55,0.56,0.44,0.45,0.01,0.01,71161.96,1776044215000
1776044217.273,117.273,0.55,0.56,0.44,0.45,0.01,0.01,71162.06,1776044216000
1776044218.004,118.004,0.55,0.56,0.44,0.45,0.01,0.01,71162.06,1776044216000
1776044218.446,118.446,0.55,0.56,0.44,0.45,0.01,0.01,71162.05,1776044217000
1776044218.92,118.92,0.55,0.56,0.44,0.45,0.01,0.01,71162.05,1776044217000
1776044219.438,119.438,0.56,0.57,0.43,0.45,0.01,0.02,71162.33,1776044218000
1776044219.778,119.778,0.56,0.57,0.43,0.44,0.01,0.01,71162.33,1776044218000
1776044220.208,120.208,0.56,0.57,0.43,0.44,0.01,0.01,71162.33,1776044218000
1776044220.582,120.582,0.56,0.57,0.43,0.44,0.01,0.01,71162.34,1776044219000
1776044220.93,120.93,0.55,0.57,0.43,0.44,0.02,0.01,71162.34,1776044219000
1776044221.267,121.267,0.53,0.55,0.45,0.47,0.02,0.02,71162.88,1776044220000
1776044221.607,121.607,0.53,0.54,0.46,0.47,0.01,0.01,71162.88,1776044220000
1776044221.985,121.985,0.5,0.51,0.47,0.5,0.01,0.03,71162.88,1776044220000
1776044222.332,122.332,0.5,0.51,0.49,0.5,0.01,0.01,71162.71,1776044221000
1776044222.684,122.684,0.47,0.49,0.51,0.53,0.02,0.02,71162.71,1776044221000
1776044223.077,123.077,0.46,0.47,0.53,0.54,0.01,0.01,71162.71,1776044221000
1776044223.497,123.497,0.46,0.47,0.53,0.54,0.01,0.01,71159.75,1776044222000
1776044223.865,123.865,0.46,0.47,0.53,0.54,0.01,0.01,71159.75,1776044222000
1776044224.313,124.313,0.46,0.47,0.53,0.54,0.01,0.01,71159.75,1776044222000
1776044224.715,124.715,0.46,0.47,0.53,0.54,0.01,0.01,71159.75,1776044222000
1776044225.108,125.108,0.46,0.47,0.53,0.54,0.01,0.01,71159.75,1776044222000
1776044225.45,125.45,0.46,0.47,0.53,0.54,0.01,0.01,71149.42,1776044223000
1776044225.791,125.791,0.44,0.45,0.55,0.56,0.01,0.01,71147.82,1776044224000
1776044226.173,126.173,0.43,0.44,0.55,0.56,0.01,0.01,71147.82,1776044224000
1776044226.527,126.527,0.43,0.44,0.56,0.57,0.01,0.01,71146.99,1776044225000
1776044227.011,127.011,0.43,0.44,0.56,0.57,0.01,0.01,71146.99,1776044225000
1776044227.525,127.525,0.37,0.38,0.62,0.63,0.01,0.01,71146.99,1776044225000
1776044227.889,127.889,0.37,0.38,0.62,0.63,0.01,0.01,71147.53,1776044226000
1776044228.265,128.265,0.37,0.38,0.62,0.63,0.01,0.01,71147.53,1776044227000
1776044228.618,128.618,0.38,0.39,0.61,0.63,0.01,0.02,71147.53,1776044227000
1776044228.976,128.976,0.3,0.39,0.61,0.62,0.09,0.01,71147.53,1776044227000
1776044229.465,129.465,0.38,0.39,0.61,0.62,0.01,0.01,71147.53,1776044227000
1776044229.889,129.889,0.38,0.39,0.61,0.62,0.01,0.01,71147.53,1776044227000
1776044230.277,130.277,0.38,0.39,0.61,0.62,0.01,0.01,71147.51,1776044228000
1776044230.621,130.621,0.38,0.39,0.61,0.62,0.01,0.01,71146.94,1776044229000
1776044230.974,130.974,0.38,0.44,0.61,0.62,0.06,0.01,71146.94,1776044229000
1776044231.345,131.345,0.4,0.41,0.59,0.6,0.01,0.01,71147.79,1776044230000
1776044231.933,131.933,0.42,0.43,0.58,0.6,0.01,0.02,71147.79,1776044230000
1776044232.361,132.361,0.43,0.44,0.56,0.57,0.01,0.01,71147.79,1776044230000
1776044232.871,132.871,0.43,0.44,0.56,0.57,0.01,0.01,71147.32,1776044231000
1776044233.265,133.265,0.43,0.44,0.56,0.57,0.01,0.01,71147.32,1776044231000
1776044233.625,133.625,0.43,0.44,0.56,0.57,0.01,0.01,71147.32,1776044232000
1776044233.968,133.968,0.43,0.44,0.56,0.57,0.01,0.01,71147.32,1776044232000
1776044234.311,134.311,0.43,0.44,0.56,0.57,0.01,0.01,71147.32,1776044232000
1776044234.701,134.701,0.42,0.44,0.56,0.57,0.02,0.01,71147.32,1776044232000
1776044235.116,135.116,0.36,0.37,0.63,0.64,0.01,0.01,71148.32,1776044233000
1776044235.454,135.454,0.36,0.37,0.63,0.64,0.01,0.01,71148.32,1776044233000
1776044235.816,135.816,0.37,0.38,0.62,0.64,0.01,0.02,71148.51,1776044234000
1776044236.168,136.168,0.37,0.38,0.62,0.63,0.01,0.01,71148.51,1776044234000
1776044236.523,136.523,0.37,0.38,0.62,0.63,0.01,0.01,71148.51,1776044235000
1776044236.873,136.873,0.38,0.39,0.62,0.63,0.01,0.01,71148.51,1776044235000
1776044237.219,137.219,0.38,0.39,0.61,0.62,0.01,0.01,71148.36,1776044236000
1776044237.552,137.552,0.38,0.39,0.61,0.62,0.01,0.01,71148.36,1776044236000
1776044237.985,137.985,0.38,0.39,0.61,0.62,0.01,0.01,71148.36,1776044236000
1776044238.319,138.319,0.38,0.39,0.61,0.62,0.01,0.01,71148.36,1776044236000
1776044238.654,138.654,0.38,0.39,0.61,0.62,0.01,0.01,71147.18,1776044237000
1776044238.996,138.996,0.36,0.38,0.62,0.64,0.02,0.02,71147.18,1776044237000
1776044239.383,139.383,0.36,0.37,0.63,0.64,0.01,0.01,71147.18,1776044238000
1776044239.788,139.788,0.34,0.35,0.65,0.66,0.01,0.01,71147.18,1776044238000
1776044240.315,140.315,0.34,0.35,0.65,0.66,0.01,0.01,71147.18,1776044238000
1776044241.01,141.01,0.33,0.35,0.65,0.66,0.02,0.01,71144.34,1776044239000
1776044241.529,141.529,0.33,0.35,0.65,0.67,0.02,0.02,71144.07,1776044240000
1776044241.964,141.964,0.33,0.34,0.66,0.67,0.01,0.01,71144.07,1776044240000
1776044242.3,142.3,0.33,0.34,0.66,0.67,0.01,0.01,71144.07,1776044240000
1776044242.726,142.726,0.33,0.34,0.66,0.67,0.01,0.01,71144.07,1776044240000
1776044243.069,143.069,0.33,0.34,0.66,0.67,0.01,0.01,71136.85,1776044241000
1776044243.423,143.423,0.32,0.33,0.66,0.68,0.01,0.02,71136.33,1776044242000
1776044243.919,143.919,0.31,0.32,0.67,0.69,0.01,0.02,71136.33,1776044242000
1776044244.292,144.292,0.29,0.3,0.7,0.71,0.01,0.01,71135.49,1776044243000
1776044244.757,144.757,0.28,0.29,0.71,0.72,0.01,0.01,71135.49,1776044243000
1776044245.181,145.181,0.27,0.28,0.72,0.73,0.01,0.01,71135.49,1776044244000
1776044245.526,145.526,0.27,0.28,0.72,0.73,0.01,0.01,71135.49,1776044244000
1776044245.993,145.993,0.26,0.27,0.73,0.74,0.01,0.01,71135.49,1776044244000
1776044246.5,146.5,0.26,0.27,0.73,0.74,0.01,0.01,71133.28,1776044245000
1776044246.923,146.923,0.26,0.27,0.73,0.74,0.01,0.01,71133.28,1776044245000
1776044247.289,147.289,0.25,0.26,0.73,0.75,0.01,0.02,71129.35,1776044246000
1776044247.919,147.919,0.24,0.25,0.75,0.76,0.01,0.01,71129.35,1776044246000
1776044248.275,148.275,0.24,0.27,0.75,0.76,0.03,0.01,71129.19,1776044247000
1776044248.742,148.742,0.24,0.25,0.73,0.76,0.01,0.03,71129.19,1776044247000
1776044249.093,149.093,0.2,0.24,0.75,0.85,0.04,0.1,71129.19,1776044247000
1776044249.435,149.435,0.2,0.21,0.79,0.8,0.01,0.01,71129.08,1776044248000
1776044249.947,149.947,0.2,0.21,0.79,0.8,0.01,0.01,71129.08,1776044248000
1776044250.299,150.299,0.2,0.21,0.79,0.8,0.01,0.01,71129.08,1776044249000
1776044250.719,150.719,0.2,0.21,0.79,0.8,0.01,0.01,71129.08,1776044249000
1776044251.069,151.069,0.2,0.21,0.79,0.8,0.01,0.01,71125.9,1776044250000
1776044251.544,151.544,0.2,0.21,0.79,0.8,0.01,0.01,71125.9,1776044250000
1776044252.105,152.105,0.2,0.21,0.79,0.8,0.01,0.01,71125.48,1776044251000
1776044252.476,152.476,0.24,0.26,0.75,0.8,0.02,0.05,71125.48,1776044251000
1776044252.836,152.836,0.25,0.26,0.74,0.75,0.01,0.01,71125.48,1776044251000
1776044253.185,153.185,0.25,0.26,0.74,0.75,0.01,0.01,71123.61,1776044252000
1776044253.529,153.529,0.25,0.26,0.74,0.75,0.01,0.01,71123.61,1776044252000
1776044253.878,153.878,0.25,0.26,0.74,0.75,0.01,0.01,71123.61,1776044252000
1776044254.267,154.267,0.25,0.26,0.74,0.75,0.01,0.01,71127.96,1776044253000
1776044254.701,154.701,0.26,0.28,0.73,0.74,0.02,0.01,71127.96,1776044253000
1776044255.06,155.06,0.28,0.29,0.71,0.72,0.01,0.01,71127.96,1776044253000
1776044255.44,155.44,0.28,0.29,0.71,0.72,0.01,0.01,71127.96,1776044253000
1776044255.779,155.779,0.3,0.31,0.68,0.7,0.01,0.02,71130.8,1776044254000
1776044256.143,156.143,0.31,0.32,0.68,0.69,0.01,0.01,71130.8,1776044254000
1776044256.65,156.65,0.31,0.32,0.68,0.69,0.01,0.01,71130.8,1776044254000
1776044257.088,157.088,0.32,0.35,0.65,0.68,0.03,0.03,71137.03,1776044255000
1776044257.521,157.521,0.34,0.35,0.65,0.66,0.01,0.01,71137.03,1776044255000
1776044257.937,157.937,0.34,0.35,0.65,0.66,0.01,0.01,71140.75,1776044256000
1776044258.274,158.274,0.34,0.35,0.65,0.66,0.01,0.01,71140.75,1776044256000
1776044258.663,158.663,0.34,0.35,0.65,0.66,0.01,0.01,71141.08,1776044257000
1776044259.009,159.009,0.34,0.35,0.65,0.66,0.01,0.01,71141.08,1776044257000
1776044259.356,159.356,0.34,0.35,0.65,0.66,0.01,0.01,71141.06,1776044258000
1776044259.724,159.724,0.34,0.36,0.65,0.66,0.02,0.01,71141.06,1776044258000
1776044260.135,160.135,0.35,0.36,0.64,0.65,0.01,0.01,71141.06,1776044258000
1776044260.658,160.658,0.35,0.36,0.63,0.65,0.01,0.02,71141.06,1776044258000
1776044260.997,160.997,0.31,0.32,0.68,0.69,0.01,0.01,71146.75,1776044259000
1776044261.361,161.361,0.31,0.33,0.67,0.69,0.02,0.02,71148.4,1776044260000
1776044261.716,161.716,0.33,0.35,0.66,0.68,0.02,0.02,71148.4,1776044260000
1776044262.114,162.114,0.34,0.35,0.64,0.66,0.01,0.02,71148.4,1776044260000
1776044262.57,162.57,0.34,0.35,0.63,0.66,0.01,0.03,71147.69,1776044261000
1776044262.919,162.919,0.35,0.36,0.64,0.65,0.01,0.01,71147.69,1776044261000
1776044263.294,163.294,0.3,0.32,0.68,0.69,0.02,0.01,71147.69,1776044261000
1776044263.637,163.637,0.31,0.32,0.68,0.69,0.01,0.01,71146.09,1776044262000
1776044263.971,163.971,0.3,0.32,0.68,0.7,0.02,0.02,71146.09,1776044262000
1776044264.583,164.583,0.3,0.31,0.69,0.7,0.01,0.01,71145.39,1776044263000
1776044265.026,165.026,0.3,0.31,0.69,0.7,0.01,0.01,71145.39,1776044263000
1776044265.454,165.454,0.3,0.31,0.69,0.7,0.01,0.01,71145.39,1776044263000
1776044265.806,165.806,0.3,0.31,0.69,0.7,0.01,0.01,71144.36,1776044264000
1776044266.167,166.167,0.3,0.31,0.69,0.7,0.01,0.01,71144.36,1776044264000
1776044266.591,166.591,0.3,0.31,0.69,0.7,0.01,0.01,71141.65,1776044265000
1776044267.183,167.183,0.28,0.29,0.71,0.72,0.01,0.01,71141.65,1776044265000
1776044267.518,167.518,0.28,0.29,0.71,0.72,0.01,0.01,71141.65,1776044265000
1776044268.299,168.299,0.28,0.29,0.71,0.72,0.01,0.01,71142.36,1776044266000
1776044268.632,168.632,0.28,0.29,0.71,0.72,0.01,0.01,71142.73,1776044267000
1776044269.138,169.138,0.29,0.31,0.7,0.71,0.02,0.01,71142.73,1776044267000
1776044269.77,169.77,0.3,0.31,0.69,0.71,0.01,0.02,71141.51,1776044268000
1776044270.179,170.179,0.31,0.33,0.68,0.69,0.02,0.01,71141.51,1776044268000
1776044270.555,170.555,0.32,0.33,0.67,0.68,0.01,0.01,71141.51,1776044268000
1776044271.026,171.026,0.32,0.33,0.67,0.68,0.01,0.01,71141.16,1776044269000
1776044271.427,171.427,0.31,0.32,0.68,0.69,0.01,0.01,71141.16,1776044269000
1776044271.82,171.82,0.31,0.32,0.68,0.69,0.01,0.01,71141.11,1776044270000
1776044272.165,172.165,0.31,0.32,0.68,0.69,0.01,0.01,71140.73,1776044271000
1776044272.547,172.547,0.31,0.32,0.68,0.69,0.01,0.01,71140.73,1776044271000
1776044272.905,172.905,0.31,0.32,0.68,0.69,0.01,0.01,71140.73,1776044271000
1776044273.516,173.516,0.31,0.32,0.68,0.69,0.01,0.01,71140.66,1776044272000
1776044274.159,174.159,0.31,0.32,0.68,0.69,0.01,0.01,71140.66,1776044272000
1776044274.576,174.576,0.32,0.33,0.67,0.68,0.01,0.01,71140.66,1776044272000
1776044274.976,174.976,0.31,0.32,0.67,0.69,0.01,0.02,71140.59,1776044273000
1776044275.42,175.42,0.32,0.33,0.67,0.68,0.01,0.01,71142.17,1776044274000
1776044276.02,176.02,0.32,0.34,0.67,0.68,0.02,0.01,71142.17,1776044274000
1776044276.487,176.487,0.36,0.37,0.63,0.65,0.01,0.02,71142.17,1776044275000
1776044276.825,176.825,0.36,0.37,0.62,0.64,0.01,0.02,71142.17,1776044275000
1776044277.224,177.224,0.39,0.4,0.59,0.61,0.01,0.02,71142.17,1776044275000
1776044277.667,177.667,0.39,0.4,0.6,0.61,0.01,0.01,71142.04,1776044276000
1776044278.015,178.015,0.4,0.41,0.59,0.6,0.01,0.01,71142.04,1776044276000
1776044278.371,178.371,0.4,0.41,0.59,0.6,0.01,0.01,71142.04,1776044276000
1776044278.951,178.951,0.4,0.41,0.59,0.6,0.01,0.01,71149.07,1776044278000
1776044279.546,179.546,0.4,0.41,0.59,0.6,0.01,0.01,71149.07,1776044278000
1776044280.256,180.256,0.4,0.41,0.59,0.6,0.01,0.01,71149.07,1776044278000
1776044280.828,180.828,0.39,0.42,0.58,0.6,0.03,0.02,71150.76,1776044279000
1776044281.196,181.196,0.39,0.42,0.58,0.61,0.03,0.03,71150.95,1776044280000
1776044281.604,181.604,0.41,0.42,0.58,0.59,0.01,0.01,71150.95,1776044280000
1776044282.106,182.106,0.41,0.42,0.58,0.59,0.01,0.01,71150.95,1776044280000
1776044282.501,182.501,0.38,0.42,0.58,0.64,0.04,0.06,71150.99,1776044281000
1776044282.926,182.926,0.41,0.42,0.58,0.59,0.01,0.01,71151.0,1776044282000
1776044283.432,183.432,0.41,0.42,0.58,0.59,0.01,0.01,71151.0,1776044282000
1776044283.911,183.911,0.41,0.42,0.58,0.59,0.01,0.01,71151.0,1776044282000
1776044284.326,184.326,0.41,0.42,0.58,0.59,0.01,0.01,71150.99,1776044283000
1776044285.102,185.102,0.41,0.42,0.58,0.59,0.01,0.01,71151.93,1776044284000
1776044285.594,185.594,0.41,0.42,0.58,0.59,0.01,0.01,71151.93,1776044284000
1776044285.979,185.979,0.41,0.42,0.58,0.59,0.01,0.01,71151.93,1776044284000
1776044286.374,186.374,0.41,0.42,0.58,0.59,0.01,0.01,71152.27,1776044285000
1776044286.731,186.731,0.41,0.43,0.58,0.59,0.02,0.01,71152.27,1776044285000
1776044287.118,187.118,0.43,0.44,0.57,0.59,0.01,0.02,71152.27,1776044285000
1776044287.559,187.559,0.43,0.44,0.56,0.57,0.01,0.01,71152.28,1776044286000
1776044287.965,187.965,0.43,0.45,0.56,0.57,0.02,0.01,71152.28,1776044286000
1776044288.491,188.491,0.44,0.46,0.54,0.56,0.02,0.02,71152.28,1776044286000
1776044288.893,188.893,0.46,0.47,0.53,0.54,0.01,0.01,71152.28,1776044286000
1776044289.301,189.301,0.46,0.47,0.53,0.54,0.01,0.01,71152.49,1776044288000
1776044290.025,190.025,0.46,0.47,0.53,0.54,0.01,0.01,71152.49,1776044288000
1776044290.382,190.382,0.48,0.53,0.47,0.53,0.05,0.06,71152.49,1776044288000
1776044290.774,190.774,0.55,0.56,0.43,0.45,0.01,0.02,71153.05,1776044289000
1776044291.193,191.193,0.58,0.59,0.41,0.42,0.01,0.01,71153.05,1776044289000
1776044291.653,191.653,0.58,0.59,0.41,0.42,0.01,0.01,71156.72,1776044290000
1776044292.128,192.128,0.58,0.59,0.41,0.42,0.01,0.01,71163.41,1776044291000
1776044292.462,192.462,0.58,0.59,0.41,0.42,0.01,0.01,71163.41,1776044291000
1776044292.919,192.919,0.58,0.59,0.41,0.42,0.01,0.01,71163.41,1776044291000
1776044293.473,193.473,0.58,0.59,0.41,0.42,0.01,0.01,71165.15,1776044292000
1776044293.888,193.888,0.58,0.59,0.41,0.42,0.01,0.01,71165.15,1776044292000
1776044294.236,194.236,0.58,0.59,0.41,0.42,0.01,0.01,71165.15,1776044292000
1776044294.63,194.63,0.58,0.59,0.41,0.42,0.01,0.01,71165.86,1776044293000
1776044295.015,195.015,0.58,0.59,0.41,0.42,0.01,0.01,71165.86,1776044293000
1776044295.401,195.401,0.58,0.59,0.41,0.42,0.01,0.01,71166.0,1776044294000
1776044295.813,195.813,0.58,0.59,0.41,0.42,0.01,0.01,71166.0,1776044294000
1776044296.193,196.193,0.58,0.59,0.41,0.42,0.01,0.01,71166.0,1776044294000
1776044296.612,196.612,0.58,0.59,0.41,0.42,0.01,0.01,71166.0,1776044295000
1776044297.101,197.101,0.58,0.59,0.41,0.42,0.01,0.01,71166.0,1776044295000
1776044297.672,197.672,0.58,0.6,0.41,0.42,0.02,0.01,71166.0,1776044296000
1776044298.053,198.053,0.66,0.68,0.33,0.34,0.02,0.01,71166.0,1776044296000
1776044298.432,198.432,0.67,0.68,0.32,0.33,0.01,0.01,71166.0,1776044296000
1776044298.809,198.809,0.68,0.69,0.31,0.33,0.01,0.02,71165.81,1776044297000
1776044299.234,199.234,0.68,0.69,0.31,0.32,0.01,0.01,71166.0,1776044298000
1776044299.592,199.592,0.68,0.69,0.31,0.32,0.01,0.01,71166.0,1776044298000
1776044299.938,199.938,0.68,0.69,0.31,0.32,0.01,0.01,71166.0,1776044298000
1776044300.343,200.343,0.68,0.69,0.31,0.32,0.01,0.01,71173.53,1776044299000
1776044301.122,201.122,0.68,0.69,0.31,0.32,0.01,0.01,71173.53,1776044299000
1776044301.576,201.576,0.66,0.67,0.33,0.34,0.01,0.01,71175.92,1776044300000
1776044302.142,202.142,0.66,0.67,0.33,0.34,0.01,0.01,71175.92,1776044300000
1776044302.479,202.479,0.66,0.67,0.33,0.34,0.01,0.01,71175.42,1776044301000
1776044302.843,202.843,0.66,0.67,0.33,0.34,0.01,0.01,71175.42,1776044301000
1776044303.312,203.312,0.66,0.67,0.33,0.34,0.01,0.01,71175.71,1776044302000
1776044303.65,203.65,0.66,0.67,0.33,0.34,0.01,0.01,71175.71,1776044302000
1776044304.079,204.079,0.66,0.67,0.33,0.34,0.01,0.01,71175.71,1776044302000
1776044304.422,204.422,0.66,0.67,0.33,0.34,0.01,0.01,71175.71,1776044302000
1776044304.765,204.765,0.66,0.67,0.33,0.34,0.01,0.01,71175.86,1776044303000
1776044305.223,205.223,0.66,0.67,0.33,0.34,0.01,0.01,71175.86,1776044303000
1776044305.595,205.595,0.65,0.66,0.34,0.35,0.01,0.01,71175.86,1776044303000
1776044305.955,205.955,0.63,0.66,0.34,0.37,0.03,0.03,71175.88,1776044304000
1776044306.345,206.345,0.63,0.64,0.36,0.37,0.01,0.01,71175.88,1776044304000
1776044306.785,206.785,0.63,0.64,0.36,0.37,0.01,0.01,71175.88,1776044304000
1776044307.205,207.205,0.63,0.64,0.36,0.37,0.01,0.01,71175.5,1776044305000
1776044307.784,207.784,0.61,0.62,0.38,0.39,0.01,0.01,71175.71,1776044306000
1776044308.154,208.154,0.61,0.62,0.38,0.39,0.01,0.01,71176.23,1776044307000
1776044308.638,208.638,0.61,0.62,0.38,0.39,0.01,0.01,71176.23,1776044307000
1776044309.065,209.065,0.61,0.62,0.38,0.39,0.01,0.01,71176.23,1776044307000
1776044309.593,209.593,0.6,0.61,0.39,0.4,0.01,0.01,71174.96,1776044308000
1776044310.113,210.113,0.6,0.61,0.39,0.4,0.01,0.01,71174.96,1776044308000
1776044310.449,210.449,0.6,0.61,0.39,0.4,0.01,0.01,71174.49,1776044309000
1776044310.808,210.808,0.6,0.62,0.39,0.4,0.02,0.01,71174.49,1776044309000
1776044311.484,211.484,0.61,0.62,0.38,0.4,0.01,0.02,71174.49,1776044309000
1776044312.119,212.119,0.61,0.62,0.38,0.39,0.01,0.01,71172.02,1776044310000
1776044312.818,212.818,0.62,0.63,0.38,0.39,0.01,0.01,71172.48,1776044311000
1776044313.306,213.306,0.62,0.63,0.37,0.38,0.01,0.01,71173.02,1776044312000
1776044313.678,213.678,0.62,0.63,0.37,0.38,0.01,0.01,71173.02,1776044312000
1776044314.229,214.229,0.62,0.63,0.37,0.38,0.01,0.01,71173.02,1776044312000
1776044314.568,214.568,0.61,0.62,0.38,0.39,0.01,0.01,71173.42,1776044313000
1776044314.916,214.916,0.61,0.62,0.38,0.39,0.01,0.01,71173.42,1776044313000
1776044315.338,215.338,0.61,0.62,0.38,0.39,0.01,0.01,71173.42,1776044314000
1776044315.925,215.925,0.61,0.62,0.38,0.39,0.01,0.01,71173.42,1776044314000
1776044316.416,216.416,0.59,0.62,0.38,0.39,0.03,0.01,71173.42,1776044314000
1776044316.859,216.859,0.56,0.57,0.42,0.44,0.01,0.02,71172.72,1776044315000
1776044317.245,217.245,0.57,0.58,0.43,0.44,0.01,0.01,71172.72,1776044316000
1776044317.666,217.666,0.59,0.61,0.4,0.41,0.02,0.01,71172.72,1776044316000
1776044318.005,218.005,0.61,0.62,0.38,0.39,0.01,0.01,71172.72,1776044316000
1776044318.415,218.415,0.59,0.6,0.38,0.39,0.01,0.01,71172.72,1776044316000
1776044318.789,218.789,0.58,0.6,0.4,0.41,0.02,0.01,71171.74,1776044317000
1776044319.15,219.15,0.58,0.59,0.41,0.42,0.01,0.01,71171.74,1776044317000
1776044319.569,219.569,0.58,0.59,0.41,0.42,0.01,0.01,71171.07,1776044318000
1776044319.926,219.926,0.58,0.59,0.41,0.42,0.01,0.01,71171.07,1776044318000
1776044320.516,220.516,0.5,0.51,0.48,0.49,0.01,0.01,71171.31,1776044319000
1776044320.851,220.851,0.43,0.45,0.54,0.57,0.02,0.03,71171.31,1776044319000
1776044321.338,221.338,0.43,0.44,0.56,0.57,0.01,0.01,71171.37,1776044320000
1776044321.708,221.708,0.4,0.41,0.59,0.6,0.01,0.01,71171.37,1776044320000
1776044322.041,222.041,0.4,0.41,0.59,0.6,0.01,0.01,71171.37,1776044320000
1776044322.414,222.414,0.4,0.41,0.59,0.6,0.01,0.01,71171.37,1776044320000
1776044322.777,222.777,0.4,0.41,0.59,0.6,0.01,0.01,71171.37,1776044320000
1776044323.311,223.311,0.37,0.38,0.6,0.61,0.01,0.01,71160.09,1776044322000
1776044323.689,223.689,0.37,0.38,0.61,0.63,0.01,0.02,71160.09,1776044322000
1776044324.133,224.133,0.35,0.36,0.64,0.65,0.01,0.01,71160.09,1776044322000
1776044324.596,224.596,0.31,0.32,0.68,0.69,0.01,0.01,71156.64,1776044323000
1776044324.95,224.95,0.28,0.29,0.71,0.72,0.01,0.01,71156.64,1776044323000
1776044325.302,225.302,0.21,0.25,0.75,0.76,0.04,0.01,71156.64,1776044323000
1776044325.646,225.646,0.2,0.24,0.79,0.8,0.04,0.01,71155.79,1776044324000
1776044326.148,226.148,0.23,0.26,0.76,0.78,0.03,0.02,71154.44,1776044325000
1776044326.56,226.56,0.26,0.27,0.73,0.74,0.01,0.01,71154.44,1776044325000
1776044326.931,226.931,0.27,0.28,0.72,0.73,0.01,0.01,71154.44,1776044325000
1776044327.422,227.422,0.27,0.29,0.72,0.73,0.02,0.01,71149.4,1776044326000
1776044327.767,227.767,0.28,0.29,0.71,0.72,0.01,0.01,71149.4,1776044326000
1776044328.207,228.207,0.29,0.3,0.69,0.72,0.01,0.03,71149.4,1776044326000
1776044328.552,228.552,0.3,0.31,0.69,0.7,0.01,0.01,71146.77,1776044327000
1776044329.243,229.243,0.3,0.31,0.69,0.89,0.01,0.2,71146.97,1776044328000
1776044329.855,229.855,0.28,0.29,0.7,0.81,0.01,0.11,71146.97,1776044328000
1776044330.628,230.628,0.26,0.27,0.71,0.74,0.01,0.03,71146.97,1776044329000
1776044331.11,231.11,0.26,0.32,0.73,0.74,0.06,0.01,71146.97,1776044329000
1776044331.49,231.49,0.27,0.28,0.72,0.73,0.01,0.01,71147.29,1776044330000
1776044331.87,231.87,0.27,0.28,0.67,0.73,0.01,0.06,71147.29,1776044330000
1776044332.254,232.254,0.25,0.26,0.74,0.75,0.01,0.01,71147.29,1776044330000
1776044333.018,233.018,0.26,0.27,0.73,0.74,0.01,0.01,71147.38,1776044331000
1776044333.416,233.416,0.26,0.27,0.73,0.74,0.01,0.01,71146.9,1776044332000
1776044333.913,233.913,0.23,0.27,0.73,0.74,0.04,0.01,71146.9,1776044332000
1776044334.318,234.318,0.08,0.26,0.74,0.75,0.18,0.01,71146.9,1776044332000
1776044334.842,234.842,0.25,0.26,0.74,0.75,0.01,0.01,71146.43,1776044333000
1776044335.183,235.183,0.25,0.27,0.74,0.75,0.02,0.01,71146.43,1776044334000
1776044335.62,235.62,0.31,0.32,0.68,0.69,0.01,0.01,71146.43,1776044334000
1776044336.028,236.028,0.3,0.31,0.68,0.7,0.01,0.02,71146.43,1776044334000
1776044336.399,236.399,0.3,0.31,0.69,0.7,0.01,0.01,71146.53,1776044335000
1776044336.791,236.791,0.29,0.31,0.68,0.7,0.02,0.02,71146.53,1776044335000
1776044337.141,237.141,0.3,0.31,0.69,0.7,0.01,0.01,71146.53,1776044335000
1776044337.591,237.591,0.32,0.33,0.67,0.68,0.01,0.01,71146.53,1776044335000
1776044338.029,238.029,0.28,0.29,0.68,0.73,0.01,0.05,71146.27,1776044336000
1776044338.509,238.509,0.26,0.29,0.73,0.74,0.03,0.01,71146.47,1776044337000
1776044338.944,238.944,0.28,0.29,0.71,0.72,0.01,0.01,71146.47,1776044337000
1776044339.516,239.516,0.28,0.29,0.7,0.72,0.01,0.02,71146.56,1776044338000
1776044339.891,239.891,0.28,0.29,0.71,0.72,0.01,0.01,71146.56,1776044338000
1776044340.286,240.286,0.28,0.29,0.71,0.72,0.01,0.01,71146.56,1776044338000
1776044340.62,240.62,0.29,0.3,0.7,0.71,0.01,0.01,71146.56,1776044339000
1776044341.036,241.036,0.29,0.3,0.7,0.71,0.01,0.01,71146.56,1776044339000
1776044341.461,241.461,0.29,0.3,0.7,0.71,0.01,0.01,71146.33,1776044340000
1776044341.794,241.794,0.28,0.3,0.7,0.72,0.02,0.02,71146.33,1776044340000
1776044342.209,242.209,0.3,0.31,0.69,0.7,0.01,0.01,71146.33,1776044341000
1776044342.551,242.551,0.3,0.31,0.69,0.7,0.01,0.01,71146.33,1776044341000
1776044343.012,243.012,0.3,0.31,0.69,0.7,0.01,0.01,71146.33,1776044341000
1776044343.444,243.444,0.31,0.32,0.68,0.69,0.01,0.01,71146.26,1776044342000
1776044343.8,243.8,0.32,0.33,0.67,0.68,0.01,0.01,71146.26,1776044342000
1776044344.371,244.371,0.31,0.32,0.68,0.69,0.01,0.01,71146.15,1776044343000
1776044344.818,244.818,0.06,0.31,0.69,0.7,0.25,0.01,71146.15,1776044343000
1776044345.154,245.154,0.28,0.31,0.69,0.7,0.03,0.01,71146.41,1776044344000
1776044345.536,245.536,0.29,0.3,0.7,0.71,0.01,0.01,71146.41,1776044344000
1776044345.952,245.952,0.3,0.31,0.69,0.7,0.01,0.01,71146.41,1776044344000
1776044346.346,246.346,0.3,0.31,0.69,0.7,0.01,0.01,71147.08,1776044345000
1776044346.843,246.843,0.3,0.31,0.69,0.7,0.01,0.01,71147.08,1776044345000
1776044347.364,247.364,0.29,0.3,0.69,0.7,0.01,0.01,71147.08,1776044345000
1776044347.728,247.728,0.29,0.3,0.7,0.71,0.01,0.01,71146.45,1776044346000
1776044348.091,248.091,0.29,0.3,0.7,0.71,0.01,0.01,71146.45,1776044346000
1776044348.494,248.494,0.28,0.29,0.71,0.72,0.01,0.01,71146.46,1776044347000
1776044348.832,248.832,0.28,0.29,0.71,0.72,0.01,0.01,71146.46,1776044347000
1776044349.167,249.167,0.27,0.28,0.72,0.73,0.01,0.01,71146.46,1776044348000
1776044349.556,249.556,0.27,0.28,0.72,0.73,0.01,0.01,71146.46,1776044348000
1776044349.923,249.923,0.27,0.28,0.72,0.73,0.01,0.01,71146.39,1776044349000
1776044350.353,250.353,0.27,0.28,0.72,0.73,0.01,0.01,71146.39,1776044349000
1776044350.759,250.759,0.28,0.29,0.71,0.72,0.01,0.01,71146.39,1776044349000
1776044351.197,251.197,0.07,0.29,0.71,0.72,0.22,0.01,71146.51,1776044350000
1776044351.543,251.543,0.28,0.29,0.71,0.72,0.01,0.01,71146.51,1776044350000
1776044351.878,251.878,0.26,0.27,0.73,0.74,0.01,0.01,71146.51,1776044350000
1776044352.22,252.22,0.26,0.27,0.73,0.74,0.01,0.01,71146.51,1776044350000
1776044352.592,252.592,0.24,0.25,0.73,0.76,0.01,0.03,71146.67,1776044351000
1776044353.022,253.022,0.27,0.28,0.72,0.73,0.01,0.01,71146.67,1776044351000
1776044353.471,253.471,0.27,0.28,0.72,0.73,0.01,0.01,71146.67,1776044352000
1776044353.834,253.834,0.27,0.28,0.72,0.73,0.01,0.01,71146.67,1776044352000
1776044354.182,254.182,0.27,0.28,0.72,0.73,0.01,0.01,71146.67,1776044352000
1776044354.523,254.523,0.27,0.28,0.72,0.73,0.01,0.01,71146.73,1776044353000
1776044355.082,255.082,0.28,0.29,0.71,0.72,0.01,0.01,71146.73,1776044353000
1776044355.435,255.435,0.28,0.29,0.71,0.72,0.01,0.01,71146.73,1776044354000
1776044356.004,256.004,0.28,0.29,0.71,0.72,0.01,0.01,71146.73,1776044354000
1776044356.587,256.587,0.27,0.28,0.71,0.72,0.01,0.01,71146.73,1776044354000
1776044357.171,257.171,0.26,0.27,0.72,0.73,0.01,0.01,71146.57,1776044355000
1776044357.624,257.624,0.27,0.28,0.72,0.74,0.01,0.02,71146.57,1776044356000
1776044358.044,258.044,0.27,0.28,0.72,0.73,0.01,0.01,71146.57,1776044356000
1776044358.437,258.437,0.27,0.28,0.72,0.73,0.01,0.01,71146.63,1776044357000
1776044358.8,258.8,0.27,0.28,0.72,0.73,0.01,0.01,71146.63,1776044357000
1776044359.183,259.183,0.24,0.25,0.75,0.76,0.01,0.01,71146.63,1776044357000
1776044359.622,259.622,0.24,0.25,0.75,0.76,0.01,0.01,71146.66,1776044358000
1776044360.014,260.014,0.25,0.26,0.74,0.75,0.01,0.01,71146.7,1776044359000
1776044360.406,260.406,0.25,0.26,0.74,0.75,0.01,0.01,71146.7,1776044359000
1776044360.771,260.771,0.21,0.22,0.76,0.79,0.01,0.03,71146.7,1776044359000
1776044361.344,261.344,0.21,0.22,0.78,0.79,0.01,0.01,71146.7,1776044359000
1776044362.295,262.295,0.21,0.22,0.78,0.79,0.01,0.01,71146.8,1776044360000
1776044362.669,262.669,0.21,0.22,0.78,0.79,0.01,0.01,71146.8,1776044360000
1776044363.046,263.046,0.21,0.22,0.78,0.79,0.01,0.01,71146.7,1776044361000
1776044363.518,263.518,0.21,0.23,0.77,0.79,0.02,0.02,71146.7,1776044362000
1776044363.903,263.903,0.2,0.21,0.79,0.8,0.01,0.01,71146.7,1776044362000
1776044364.404,264.404,0.24,0.25,0.75,0.76,0.01,0.01,71146.7,1776044363000
1776044365.242,265.242,0.24,0.25,0.75,0.76,0.01,0.01,71146.7,1776044363000
1776044365.625,265.625,0.24,0.25,0.75,0.76,0.01,0.01,71146.65,1776044364000
1776044365.989,265.989,0.24,0.27,0.75,0.76,0.03,0.01,71146.65,1776044364000
1776044366.65,266.65,0.26,0.27,0.73,0.74,0.01,0.01,71146.65,1776044365000
1776044367.057,267.057,0.04,0.28,0.72,0.73,0.24,0.01,71146.65,1776044365000
1776044367.43,267.43,0.24,0.25,0.75,0.76,0.01,0.01,71146.65,1776044366000
1776044367.776,267.776,0.24,0.25,0.75,0.76,0.01,0.01,71146.65,1776044366000
1776044368.187,268.187,0.24,0.25,0.75,0.76,0.01,0.01,71146.65,1776044366000
1776044368.52,268.52,0.25,0.26,0.74,0.75,0.01,0.01,71146.22,1776044367000
1776044368.94,268.94,0.25,0.26,0.74,0.75,0.01,0.01,71146.22,1776044367000
1776044369.274,269.274,0.29,0.3,0.7,0.71,0.01,0.01,71146.22,1776044367000
1776044369.678,269.678,0.29,0.3,0.7,0.71,0.01,0.01,71146.22,1776044367000
1776044370.072,270.072,0.32,0.33,0.67,0.71,0.01,0.04,71146.66,1776044368000
1776044370.406,270.406,0.3,0.32,0.68,0.69,0.02,0.01,71146.66,1776044368000
1776044370.761,270.761,0.29,0.3,0.7,0.71,0.01,0.01,71146.66,1776044369000
1776044371.161,271.161,0.25,0.26,0.73,0.74,0.01,0.01,71147.93,1776044370000
1776044371.522,271.522,0.24,0.25,0.74,0.77,0.01,0.03,71147.93,1776044370000
1776044371.855,271.855,0.24,0.25,0.75,0.76,0.01,0.01,71147.93,1776044370000
1776044372.241,272.241,0.26,0.28,0.72,0.73,0.02,0.01,71148.66,1776044371000
1776044372.668,272.668,0.27,0.28,0.72,0.73,0.01,0.01,71148.66,1776044371000
1776044373.073,273.073,0.26,0.27,0.73,0.74,0.01,0.01,71147.12,1776044372000
1776044373.449,273.449,0.26,0.27,0.73,0.74,0.01,0.01,71147.12,1776044372000
1776044373.793,273.793,0.37,0.38,0.62,0.67,0.01,0.05,71147.12,1776044372000
1776044374.171,274.171,0.55,0.56,0.42,0.45,0.01,0.03,71144.97,1776044373000
1776044374.525,274.525,0.55,0.56,0.44,0.45,0.01,0.01,71144.97,1776044373000
1776044374.902,274.902,0.58,0.59,0.4,0.45,0.01,0.05,71144.97,1776044373000
1776044375.25,275.25,0.57,0.58,0.41,0.43,0.01,0.02,71145.81,1776044374000
1776044375.607,275.607,0.57,0.58,0.42,0.43,0.01,0.01,71145.81,1776044374000
1776044375.979,275.979,0.56,0.57,0.43,0.44,0.01,0.01,71151.21,1776044375000
1776044376.379,276.379,0.54,0.55,0.44,0.45,0.01,0.01,71151.21,1776044375000
1776044376.749,276.749,0.5,0.52,0.46,0.53,0.02,0.07,71151.21,1776044375000
1776044377.163,277.163,0.48,0.51,0.49,0.5,0.03,0.01,71151.21,1776044375000
1776044377.501,277.501,0.48,0.49,0.51,0.52,0.01,0.01,71154.14,1776044376000
1776044377.837,277.837,0.48,0.49,0.51,0.52,0.01,0.01,71154.14,1776044376000
1776044378.315,278.315,0.47,0.48,0.52,0.53,0.01,0.01,71155.86,1776044377000
1776044378.736,278.736,0.44,0.46,0.54,0.55,0.02,0.01,71155.86,1776044377000
1776044379.092,279.092,0.44,0.45,0.55,0.56,0.01,0.01,71155.86,1776044377000
1776044379.489,279.489,0.48,0.49,0.51,0.52,0.01,0.01,71155.82,1776044378000
1776044379.869,279.869,0.49,0.5,0.5,0.51,0.01,0.01,71155.82,1776044378000
1776044380.323,280.323,0.49,0.5,0.5,0.51,0.01,0.01,71155.96,1776044379000
1776044380.758,280.758,0.5,0.51,0.49,0.5,0.01,0.01,71155.96,1776044379000
1776044381.154,281.154,0.5,0.51,0.49,0.5,0.01,0.01,71156.22,1776044380000
1776044381.512,281.512,0.51,0.52,0.48,0.49,0.01,0.01,71156.22,1776044380000
1776044381.922,281.922,0.51,0.52,0.48,0.49,0.01,0.01,71156.21,1776044381000
1776044382.284,282.284,0.52,0.53,0.47,0.49,0.01,0.02,71156.21,1776044381000
1776044382.632,282.632,0.52,0.53,0.47,0.48,0.01,0.01,71156.21,1776044381000
1776044383.041,283.041,0.52,0.53,0.47,0.48,0.01,0.01,71155.99,1776044382000
1776044383.39,283.39,0.53,0.54,0.46,0.47,0.01,0.01,71155.99,1776044382000
1776044383.726,283.726,0.53,0.54,0.46,0.47,0.01,0.01,71155.99,1776044382000
1776044384.073,284.073,0.53,0.54,0.46,0.47,0.01,0.01,71155.99,1776044382000
1776044384.453,284.453,0.53,0.54,0.46,0.47,0.01,0.01,71155.99,1776044383000
1776044384.803,284.803,0.44,0.49,0.51,0.56,0.05,0.05,71155.99,1776044383000
1776044385.174,285.174,0.43,0.44,0.56,0.58,0.01,0.02,71155.99,1776044383000
1776044385.521,285.521,0.51,0.52,0.48,0.49,0.01,0.01,71156.0,1776044384000
1776044385.94,285.94,0.62,0.63,0.38,0.39,0.01,0.01,71156.0,1776044384000
1776044386.316,286.316,0.66,0.67,0.33,0.34,0.01,0.01,71156.22,1776044385000
1776044386.66,286.66,0.68,0.69,0.31,0.32,0.01,0.01,71156.22,1776044385000
1776044387.003,287.003,0.68,0.69,0.31,0.32,0.01,0.01,71156.22,1776044385000
1776044387.413,287.413,0.68,0.69,0.31,0.32,0.01,0.01,71157.73,1776044386000
1776044387.78,287.78,0.5,0.51,0.49,0.5,0.01,0.01,71157.73,1776044386000
1776044388.159,288.159,0.5,0.51,0.49,0.5,0.01,0.01,71157.73,1776044386000
1776044388.544,288.544,0.5,0.51,0.49,0.5,0.01,0.01,71159.93,1776044387000
1776044388.911,288.911,0.48,0.49,0.49,0.55,0.01,0.06,71159.93,1776044387000
1776044389.306,289.306,0.51,0.52,0.51,0.52,0.01,0.01,71159.93,1776044387000
1776044389.679,289.679,0.51,0.52,0.48,0.49,0.01,0.01,71159.66,1776044388000
1776044390.641,290.641,0.35,0.48,0.48,0.67,0.13,0.19,71158.98,1776044389000
1776044391.002,291.002,0.4,0.41,0.59,0.6,0.01,0.01,71159.0,1776044390000
1776044391.398,291.398,0.5,0.51,0.51,0.52,0.01,0.01,71159.0,1776044390000
1776044391.882,291.882,0.5,0.51,0.49,0.5,0.01,0.01,71159.0,1776044390000
1776044392.364,292.364,0.5,0.51,0.49,0.5,0.01,0.01,71159.04,1776044391000
1776044393.049,293.049,0.5,0.51,0.49,0.5,0.01,0.01,71159.06,1776044392000
1776044393.515,293.515,0.56,0.57,0.43,0.44,0.01,0.01,71159.06,1776044392000
1776044393.849,293.849,0.56,0.57,0.43,0.44,0.01,0.01,71159.06,1776044392000
1776044394.231,294.231,0.34,0.35,0.59,0.7,0.01,0.11,71159.44,1776044393000
1776044394.581,294.581,0.57,0.68,0.28,0.44,0.11,0.16,71159.44,1776044393000
1776044394.919,294.919,0.75,0.77,0.22,0.24,0.02,0.02,71159.44,1776044393000
1776044395.259,295.259,0.75,0.76,0.24,0.25,0.01,0.01,71159.63,1776044394000
1776044395.594,295.594,0.63,0.65,0.35,0.36,0.02,0.01,71159.63,1776044394000
1776044395.93,295.93,0.59,0.62,0.38,0.41,0.03,0.03,71159.63,1776044394000
1776044396.292,296.292,0.63,0.64,0.36,0.37,0.01,0.01,71159.63,1776044394000
1776044396.704,296.704,0.69,0.75,0.25,0.31,0.06,0.06,71166.22,1776044395000
1776044397.038,297.038,0.74,0.75,0.25,0.28,0.01,0.03,71166.22,1776044395000
1776044397.377,297.377,0.8,0.81,0.19,0.2,0.01,0.01,71168.78,1776044396000
1776044397.719,297.719,0.8,0.81,0.19,0.2,0.01,0.01,71168.78,1776044396000
1776044398.053,298.053,0.11,0.23,0.77,0.89,0.12,0.12,71167.69,1776044397000
1776044398.39,298.39,0.08,0.09,0.88,0.92,0.01,0.04,71167.69,1776044397000
1776044398.737,298.737,0.01,0.03,0.97,0.99,0.02,0.02,71167.69,1776044397000
1776044399.169,299.169,0.01,0.02,0.98,0.99,0.01,0.01,71167.69,1776044397000
1776044399.515,299.515,0.01,0.29,0.98,0.99,0.28,0.01,71166.71,1776044398000
1776044399.865,299.865,0.01,0.26,0.99,0.99,0.25,0.0,71166.71,1776044398000
1776044400.223,300.223,0.01,0.01,0.99,0.99,0.0,0.0,71166.71,1776044398000
1776044400.559,300.559,0.01,0.01,0.99,0.99,0.0,0.0,71148.72,1776044399000
1776044400.912,300.912,0.01,0.01,0.99,0.99,0.0,0.0,71148.72,1776044399000
1776044401.932,301.932,0.01,0.01,0.99,0.99,0.0,0.0,71128.21,1776044400000

# RESULT,winner=Down,slug=btc-updown-5m-1776044100,ticks=712
