timestamp,elapsed_sec,up_bid,up_ask,down_bid,down_ask,up_spread,down_spread,btc_price,btc_oracle_ts
1776297900.551,0.551,0.5,0.51,0.49,0.5,0.01,0.01,74670.31,1776297899000
1776297900.945,0.945,0.5,0.51,0.49,0.5,0.01,0.01,74670.31,1776297899000
1776297901.299,1.299,0.51,0.52,0.48,0.49,0.01,0.01,74669.75,1776297900000
1776297901.713,1.713,0.51,0.52,0.48,0.49,0.01,0.01,74669.75,1776297900000
1776297902.277,2.277,0.51,0.52,0.48,0.49,0.01,0.01,74669.75,1776297900000
1776297902.732,2.732,0.51,0.52,0.48,0.49,0.01,0.01,74669.31,1776297901000
1776297903.189,3.189,0.51,0.52,0.48,0.49,0.01,0.01,74669.31,1776297902000
1776297903.596,3.596,0.52,0.53,0.48,0.49,0.01,0.01,74669.31,1776297902000
1776297903.989,3.989,0.52,0.53,0.47,0.48,0.01,0.01,74669.31,1776297902000
1776297904.38,4.38,0.52,0.53,0.47,0.48,0.01,0.01,74669.39,1776297903000
1776297904.77,4.77,0.52,0.53,0.47,0.48,0.01,0.01,74669.39,1776297903000
1776297905.238,5.238,0.52,0.53,0.47,0.48,0.01,0.01,74669.39,1776297903000
1776297905.636,5.636,0.52,0.53,0.47,0.48,0.01,0.01,74669.39,1776297903000
1776297906.025,6.025,0.52,0.53,0.47,0.48,0.01,0.01,74669.43,1776297904000
1776297906.359,6.359,0.52,0.53,0.47,0.48,0.01,0.01,74669.33,1776297905000
1776297906.925,6.925,0.52,0.53,0.47,0.48,0.01,0.01,74669.33,1776297905000
1776297907.371,7.371,0.52,0.53,0.47,0.48,0.01,0.01,74669.33,1776297905000
1776297907.856,7.856,0.52,0.53,0.47,0.48,0.01,0.01,74669.33,1776297905000
1776297908.253,8.253,0.52,0.53,0.47,0.48,0.01,0.01,74669.34,1776297907000
1776297908.98,8.98,0.52,0.53,0.47,0.48,0.01,0.01,74669.34,1776297907000
1776297909.37,9.37,0.52,0.53,0.47,0.48,0.01,0.01,74669.21,1776297908000
1776297909.715,9.715,0.52,0.53,0.47,0.48,0.01,0.01,74669.21,1776297908000
1776297910.09,10.09,0.51,0.52,0.47,0.49,0.01,0.02,74668.97,1776297909000
1776297910.46,10.46,0.51,0.52,0.48,0.49,0.01,0.01,74668.97,1776297909000
1776297910.861,10.861,0.5,0.51,0.48,0.5,0.01,0.02,74668.97,1776297909000
1776297911.211,11.211,0.5,0.51,0.49,0.5,0.01,0.01,74668.97,1776297909000
1776297911.601,11.601,0.5,0.51,0.49,0.5,0.01,0.01,74668.97,1776297910000
1776297911.981,11.981,0.5,0.51,0.49,0.5,0.01,0.01,74668.97,1776297910000
1776297912.338,12.338,0.45,0.47,0.53,0.55,0.02,0.02,74668.97,1776297910000
1776297912.739,12.739,0.44,0.45,0.54,0.56,0.01,0.02,74669.08,1776297911000
1776297913.122,13.122,0.45,0.46,0.54,0.55,0.01,0.01,74669.08,1776297911000
1776297913.513,13.513,0.48,0.49,0.51,0.54,0.01,0.03,74668.99,1776297912000
1776297913.92,13.92,0.49,0.5,0.5,0.51,0.01,0.01,74668.99,1776297912000
1776297914.389,14.389,0.49,0.5,0.5,0.51,0.01,0.01,74665.13,1776297913000
1776297914.86,14.86,0.49,0.5,0.5,0.51,0.01,0.01,74665.13,1776297913000
1776297915.353,15.353,0.49,0.5,0.5,0.51,0.01,0.01,74665.13,1776297913000
1776297915.849,15.849,0.49,0.5,0.5,0.51,0.01,0.01,74664.18,1776297914000
1776297916.207,16.207,0.49,0.5,0.5,0.51,0.01,0.01,74665.36,1776297915000
1776297916.731,16.731,0.5,0.51,0.49,0.51,0.01,0.02,74665.36,1776297915000
1776297917.204,17.204,0.51,0.52,0.48,0.5,0.01,0.02,74665.36,1776297915000
1776297917.582,17.582,0.51,0.52,0.48,0.49,0.01,0.01,74665.82,1776297916000
1776297917.949,17.949,0.51,0.52,0.48,0.49,0.01,0.01,74665.82,1776297916000
1776297918.282,18.282,0.5,0.52,0.48,0.5,0.02,0.02,74665.82,1776297917000
1776297918.646,18.646,0.5,0.51,0.49,0.5,0.01,0.01,74665.82,1776297917000
1776297918.996,18.996,0.5,0.51,0.49,0.51,0.01,0.02,74665.82,1776297917000
1776297919.633,19.633,0.47,0.48,0.52,0.53,0.01,0.01,74665.77,1776297918000
1776297919.993,19.993,0.47,0.48,0.52,0.53,0.01,0.01,74665.77,1776297918000
1776297920.381,20.381,0.47,0.48,0.52,0.53,0.01,0.01,74665.77,1776297918000
1776297920.725,20.725,0.49,0.52,0.5,0.53,0.03,0.03,74665.31,1776297919000
1776297921.135,21.135,0.49,0.51,0.49,0.51,0.02,0.02,74664.46,1776297920000
1776297921.493,21.493,0.51,0.52,0.48,0.49,0.01,0.01,74664.46,1776297920000
1776297921.846,21.846,0.52,0.53,0.47,0.48,0.01,0.01,74664.46,1776297920000
1776297922.202,22.202,0.52,0.53,0.47,0.48,0.01,0.01,74664.46,1776297920000
1776297922.619,22.619,0.52,0.53,0.47,0.48,0.01,0.01,74664.46,1776297920000
1776297923.071,23.071,0.53,0.54,0.46,0.47,0.01,0.01,74665.09,1776297921000
1776297923.462,23.462,0.53,0.54,0.46,0.47,0.01,0.01,74665.73,1776297922000
1776297924.126,24.126,0.53,0.54,0.46,0.47,0.01,0.01,74665.73,1776297922000
1776297924.714,24.714,0.53,0.54,0.46,0.47,0.01,0.01,74669.12,1776297923000
1776297925.443,25.443,0.53,0.54,0.46,0.47,0.01,0.01,74669.12,1776297924000
1776297926.039,26.039,0.53,0.54,0.46,0.47,0.01,0.01,74669.12,1776297924000
1776297926.493,26.493,0.53,0.54,0.46,0.47,0.01,0.01,74669.25,1776297925000
1776297927.285,27.285,0.53,0.54,0.46,0.47,0.01,0.01,74669.74,1776297926000
1776297928.011,28.011,0.53,0.54,0.46,0.47,0.01,0.01,74669.74,1776297926000
1776297928.98,28.98,0.53,0.54,0.46,0.47,0.01,0.01,74669.74,1776297927000
1776297929.341,29.341,0.53,0.54,0.46,0.47,0.01,0.01,74669.71,1776297928000
1776297930.469,30.469,0.53,0.54,0.46,0.47,0.01,0.01,74669.43,1776297929000
1776297930.898,30.898,0.53,0.54,0.46,0.47,0.01,0.01,74669.43,1776297929000
1776297931.396,31.396,0.52,0.54,0.46,0.47,0.02,0.01,74669.44,1776297930000
1776297931.942,31.942,0.52,0.54,0.46,0.48,0.02,0.02,74669.44,1776297930000
1776297932.334,32.334,0.53,0.54,0.46,0.47,0.01,0.01,74668.95,1776297931000
1776297932.752,32.752,0.53,0.54,0.46,0.47,0.01,0.01,74668.95,1776297931000
1776297933.206,33.206,0.53,0.54,0.46,0.47,0.01,0.01,74668.98,1776297932000
1776297933.715,33.715,0.53,0.54,0.46,0.47,0.01,0.01,74668.98,1776297932000
1776297934.05,34.05,0.53,0.54,0.46,0.47,0.01,0.01,74668.98,1776297932000
1776297934.402,34.402,0.53,0.54,0.46,0.47,0.01,0.01,74668.98,1776297933000
1776297934.911,34.911,0.52,0.53,0.47,0.48,0.01,0.01,74668.98,1776297933000
1776297935.344,35.344,0.52,0.53,0.47,0.48,0.01,0.01,74668.98,1776297933000
1776297935.71,35.71,0.53,0.54,0.46,0.47,0.01,0.01,74670.3,1776297934000
1776297936.173,36.173,0.53,0.54,0.46,0.47,0.01,0.01,74669.05,1776297935000
1776297936.557,36.557,0.53,0.54,0.46,0.47,0.01,0.01,74669.05,1776297935000
1776297937.039,37.039,0.53,0.54,0.46,0.47,0.01,0.01,74669.05,1776297935000
1776297937.375,37.375,0.54,0.55,0.45,0.47,0.01,0.02,74669.46,1776297936000
1776297937.771,37.771,0.54,0.55,0.45,0.46,0.01,0.01,74669.46,1776297936000
1776297938.198,38.198,0.54,0.55,0.45,0.46,0.01,0.01,74669.26,1776297937000
1776297938.549,38.549,0.53,0.54,0.46,0.47,0.01,0.01,74669.26,1776297937000
1776297938.969,38.969,0.52,0.53,0.46,0.48,0.01,0.02,74669.26,1776297937000
1776297939.338,39.338,0.51,0.52,0.48,0.51,0.01,0.03,74669.67,1776297938000
1776297939.706,39.706,0.5,0.51,0.49,0.5,0.01,0.01,74669.67,1776297938000
1776297940.27,40.27,0.48,0.49,0.5,0.52,0.01,0.02,74669.67,1776297938000
1776297940.612,40.612,0.48,0.49,0.51,0.52,0.01,0.01,74670.3,1776297939000
1776297940.948,40.948,0.48,0.49,0.51,0.52,0.01,0.01,74670.3,1776297939000
1776297941.297,41.297,0.48,0.49,0.51,0.52,0.01,0.01,74667.26,1776297940000
1776297941.66,41.66,0.48,0.49,0.51,0.52,0.01,0.01,74667.26,1776297940000
1776297942.002,42.002,0.48,0.49,0.51,0.52,0.01,0.01,74667.26,1776297940000
1776297942.353,42.353,0.48,0.49,0.51,0.52,0.01,0.01,74666.5,1776297941000
1776297942.689,42.689,0.48,0.49,0.51,0.52,0.01,0.01,74666.5,1776297941000
1776297943.119,43.119,0.48,0.49,0.51,0.52,0.01,0.01,74666.5,1776297941000
1776297943.502,43.502,0.48,0.49,0.51,0.52,0.01,0.01,74664.45,1776297942000
1776297943.871,43.871,0.49,0.5,0.5,0.51,0.01,0.01,74664.45,1776297942000
1776297944.222,44.222,0.49,0.5,0.5,0.51,0.01,0.01,74664.45,1776297942000
1776297944.639,44.639,0.49,0.5,0.5,0.51,0.01,0.01,74663.56,1776297943000
1776297944.987,44.987,0.49,0.5,0.5,0.51,0.01,0.01,74663.56,1776297943000
1776297945.346,45.346,0.49,0.5,0.5,0.51,0.01,0.01,74663.76,1776297944000
1776297945.688,45.688,0.53,0.54,0.46,0.47,0.01,0.01,74663.76,1776297944000
1776297946.068,46.068,0.53,0.54,0.46,0.47,0.01,0.01,74663.76,1776297944000
1776297946.692,46.692,0.53,0.54,0.46,0.47,0.01,0.01,74666.38,1776297945000
1776297947.18,47.18,0.53,0.54,0.46,0.47,0.01,0.01,74666.38,1776297945000
1776297947.591,47.591,0.53,0.54,0.46,0.47,0.01,0.01,74667.62,1776297946000
1776297947.981,47.981,0.53,0.54,0.46,0.47,0.01,0.01,74667.62,1776297947000
1776297948.369,48.369,0.53,0.54,0.46,0.47,0.01,0.01,74667.62,1776297947000
1776297948.908,48.908,0.53,0.54,0.46,0.47,0.01,0.01,74667.62,1776297947000
1776297949.947,49.947,0.53,0.54,0.46,0.47,0.01,0.01,74669.78,1776297948000
1776297950.315,50.315,0.53,0.54,0.46,0.47,0.01,0.01,74669.78,1776297948000
1776297950.677,50.677,0.52,0.54,0.46,0.47,0.02,0.01,74669.13,1776297949000
1776297951.059,51.059,0.52,0.53,0.47,0.48,0.01,0.01,74669.13,1776297949000
1776297951.43,51.43,0.52,0.53,0.47,0.48,0.01,0.01,74669.97,1776297950000
1776297951.822,51.822,0.52,0.53,0.47,0.48,0.01,0.01,74669.97,1776297950000
1776297952.498,52.498,0.51,0.52,0.47,0.49,0.01,0.02,74669.97,1776297951000
1776297952.923,52.923,0.51,0.52,0.48,0.49,0.01,0.01,74669.71,1776297952000
1776297953.725,53.725,0.51,0.52,0.48,0.49,0.01,0.01,74669.71,1776297952000
1776297954.119,54.119,0.51,0.52,0.48,0.49,0.01,0.01,74668.95,1776297953000
1776297954.473,54.473,0.51,0.52,0.48,0.49,0.01,0.01,74668.95,1776297953000
1776297954.875,54.875,0.51,0.52,0.48,0.49,0.01,0.01,74668.95,1776297953000
1776297955.422,55.422,0.51,0.52,0.48,0.49,0.01,0.01,74668.95,1776297954000
1776297955.952,55.952,0.51,0.52,0.48,0.49,0.01,0.01,74668.97,1776297955000
1776297956.507,56.507,0.51,0.52,0.48,0.49,0.01,0.01,74668.97,1776297955000
1776297956.918,56.918,0.51,0.52,0.48,0.49,0.01,0.01,74669.55,1776297956000
1776297957.483,57.483,0.51,0.52,0.48,0.49,0.01,0.01,74669.55,1776297956000
1776297957.956,57.956,0.52,0.53,0.47,0.48,0.01,0.01,74669.55,1776297957000
1776297958.372,58.372,0.52,0.53,0.47,0.48,0.01,0.01,74669.55,1776297957000
1776297958.877,58.877,0.52,0.53,0.47,0.48,0.01,0.01,74669.55,1776297957000
1776297959.337,59.337,0.52,0.53,0.47,0.48,0.01,0.01,74669.71,1776297958000
1776297959.967,59.967,0.52,0.53,0.47,0.48,0.01,0.01,74669.1,1776297959000
1776297960.854,60.854,0.52,0.53,0.47,0.48,0.01,0.01,74669.1,1776297959000
1776297961.368,61.368,0.53,0.54,0.46,0.48,0.01,0.02,74669.02,1776297960000
1776297961.709,61.709,0.53,0.54,0.46,0.47,0.01,0.01,74669.02,1776297960000
1776297962.202,62.202,0.53,0.54,0.46,0.47,0.01,0.01,74668.76,1776297961000
1776297962.579,62.579,0.53,0.54,0.46,0.47,0.01,0.01,74668.76,1776297961000
1776297962.945,62.945,0.53,0.54,0.46,0.47,0.01,0.01,74668.76,1776297961000
1776297963.291,63.291,0.53,0.54,0.46,0.47,0.01,0.01,74668.76,1776297961000
1776297963.648,63.648,0.53,0.54,0.46,0.47,0.01,0.01,74668.76,1776297961000
1776297963.995,63.995,0.53,0.54,0.46,0.47,0.01,0.01,74674.03,1776297962000
1776297964.487,64.487,0.53,0.54,0.46,0.47,0.01,0.01,74674.03,1776297963000
1776297964.988,64.988,0.54,0.55,0.45,0.46,0.01,0.01,74674.03,1776297963000
1776297965.557,65.557,0.54,0.55,0.45,0.46,0.01,0.01,74674.03,1776297964000
1776297965.892,65.892,0.53,0.54,0.46,0.47,0.01,0.01,74674.03,1776297964000
1776297966.277,66.277,0.52,0.53,0.47,0.48,0.01,0.01,74674.05,1776297965000
1776297966.729,66.729,0.53,0.54,0.46,0.47,0.01,0.01,74674.05,1776297965000
1776297967.157,67.157,0.56,0.58,0.42,0.46,0.02,0.04,74674.05,1776297965000
1776297967.505,67.505,0.58,0.6,0.4,0.42,0.02,0.02,74672.02,1776297966000
1776297967.859,67.859,0.59,0.6,0.4,0.41,0.01,0.01,74672.02,1776297966000
1776297968.241,68.241,0.59,0.6,0.4,0.41,0.01,0.01,74675.07,1776297967000
1776297968.689,68.689,0.61,0.62,0.38,0.4,0.01,0.02,74675.07,1776297967000
1776297969.024,69.024,0.61,0.63,0.37,0.39,0.02,0.02,74675.07,1776297967000
1776297969.459,69.459,0.63,0.64,0.36,0.39,0.01,0.03,74675.07,1776297967000
1776297969.815,69.815,0.63,0.65,0.35,0.37,0.02,0.02,74681.98,1776297968000
1776297970.17,70.17,0.69,0.72,0.29,0.31,0.03,0.02,74681.98,1776297968000
1776297970.504,70.504,0.7,0.73,0.27,0.3,0.03,0.03,74686.93,1776297969000
1776297970.858,70.858,0.71,0.74,0.26,0.29,0.03,0.03,74686.93,1776297969000
1776297971.267,71.267,0.72,0.73,0.27,0.28,0.01,0.01,74686.93,1776297969000
1776297971.665,71.665,0.72,0.73,0.27,0.28,0.01,0.01,74690.52,1776297970000
1776297972.007,72.007,0.72,0.73,0.27,0.28,0.01,0.01,74690.52,1776297970000
1776297972.452,72.452,0.73,0.74,0.26,0.27,0.01,0.01,74696.75,1776297971000
1776297972.812,72.812,0.74,0.75,0.25,0.26,0.01,0.01,74696.75,1776297971000
1776297973.276,73.276,0.74,0.75,0.25,0.26,0.01,0.01,74696.75,1776297971000
1776297973.612,73.612,0.74,0.76,0.25,0.26,0.02,0.01,74700.89,1776297972000
1776297974.111,74.111,0.77,0.78,0.22,0.23,0.01,0.01,74700.89,1776297972000
1776297974.453,74.453,0.77,0.78,0.22,0.23,0.01,0.01,74700.89,1776297972000
1776297974.921,74.921,0.78,0.79,0.21,0.22,0.01,0.01,74706.27,1776297973000
1776297975.287,75.287,0.78,0.79,0.21,0.22,0.01,0.01,74706.45,1776297974000
1776297975.64,75.64,0.78,0.79,0.21,0.22,0.01,0.01,74706.45,1776297974000
1776297975.989,75.989,0.78,0.79,0.21,0.22,0.01,0.01,74706.45,1776297974000
1776297976.386,76.386,0.77,0.78,0.22,0.23,0.01,0.01,74706.45,1776297974000
1776297976.721,76.721,0.78,0.79,0.21,0.22,0.01,0.01,74709.73,1776297975000
1776297977.069,77.069,0.78,0.79,0.21,0.22,0.01,0.01,74709.73,1776297975000
1776297977.439,77.439,0.78,0.79,0.21,0.22,0.01,0.01,74709.73,1776297976000
1776297977.828,77.828,0.78,0.79,0.21,0.22,0.01,0.01,74709.73,1776297976000
1776297978.214,78.214,0.78,0.79,0.21,0.22,0.01,0.01,74709.73,1776297976000
1776297978.566,78.566,0.78,0.79,0.21,0.22,0.01,0.01,74708.02,1776297977000
1776297978.902,78.902,0.78,0.79,0.21,0.22,0.01,0.01,74708.02,1776297977000
1776297979.288,79.288,0.78,0.79,0.21,0.22,0.01,0.01,74708.02,1776297977000
1776297979.665,79.665,0.79,0.8,0.2,0.22,0.01,0.02,74708.02,1776297977000
1776297980.036,80.036,0.79,0.8,0.2,0.21,0.01,0.01,74708.02,1776297977000
1776297980.388,80.388,0.8,0.82,0.18,0.2,0.02,0.02,74708.02,1776297977000
1776297980.75,80.75,0.81,0.82,0.18,0.19,0.01,0.01,74707.75,1776297979000
1776297981.104,81.104,0.81,0.82,0.18,0.19,0.01,0.01,74707.75,1776297979000
1776297981.444,81.444,0.81,0.82,0.18,0.2,0.01,0.02,74707.75,1776297979000
1776297981.823,81.823,0.8,0.82,0.18,0.19,0.02,0.01,74707.74,1776297980000
1776297982.156,82.156,0.8,0.81,0.19,0.2,0.01,0.01,74707.74,1776297980000
1776297982.494,82.494,0.8,0.81,0.19,0.2,0.01,0.01,74708.96,1776297981000
1776297982.832,82.832,0.8,0.81,0.19,0.2,0.01,0.01,74708.96,1776297981000
1776297983.19,83.19,0.8,0.81,0.19,0.2,0.01,0.01,74709.18,1776297982000
1776297983.524,83.524,0.8,0.81,0.19,0.2,0.01,0.01,74709.18,1776297982000
1776297983.893,83.893,0.8,0.81,0.19,0.2,0.01,0.01,74709.18,1776297982000
1776297984.264,84.264,0.8,0.81,0.19,0.2,0.01,0.01,74709.18,1776297982000
1776297984.604,84.604,0.8,0.81,0.19,0.2,0.01,0.01,74709.18,1776297982000
1776297984.952,84.952,0.8,0.81,0.19,0.2,0.01,0.01,74709.17,1776297983000
1776297985.316,85.316,0.8,0.81,0.19,0.2,0.01,0.01,74709.17,1776297983000
1776297985.649,85.649,0.8,0.81,0.19,0.2,0.01,0.01,74709.17,1776297984000
1776297985.988,85.988,0.8,0.81,0.19,0.2,0.01,0.01,74709.17,1776297984000
1776297986.38,86.38,0.8,0.81,0.19,0.2,0.01,0.01,74709.17,1776297984000
1776297986.724,86.724,0.8,0.81,0.19,0.2,0.01,0.01,74711.12,1776297985000
1776297987.1,87.1,0.8,0.81,0.19,0.2,0.01,0.01,74711.12,1776297985000
1776297987.443,87.443,0.8,0.81,0.19,0.2,0.01,0.01,74711.18,1776297986000
1776297987.807,87.807,0.8,0.81,0.19,0.2,0.01,0.01,74711.18,1776297986000
1776297988.152,88.152,0.8,0.81,0.19,0.2,0.01,0.01,74711.18,1776297986000
1776297988.499,88.499,0.81,0.83,0.18,0.2,0.02,0.02,74711.18,1776297986000
1776297988.936,88.936,0.81,0.82,0.18,0.19,0.01,0.01,74711.24,1776297987000
1776297989.27,89.27,0.81,0.82,0.18,0.19,0.01,0.01,74711.24,1776297987000
1776297989.628,89.628,0.81,0.82,0.18,0.19,0.01,0.01,74711.49,1776297988000
1776297990.09,90.09,0.82,0.83,0.17,0.19,0.01,0.02,74711.49,1776297988000
1776297990.458,90.458,0.82,0.83,0.17,0.18,0.01,0.01,74713.15,1776297989000
1776297990.913,90.913,0.82,0.84,0.17,0.18,0.02,0.01,74713.15,1776297989000
1776297991.325,91.325,0.84,0.85,0.15,0.16,0.01,0.01,74714.71,1776297990000
1776297991.749,91.749,0.84,0.86,0.15,0.16,0.02,0.01,74714.71,1776297990000
1776297992.098,92.098,0.85,0.86,0.14,0.16,0.01,0.02,74714.71,1776297990000
1776297992.643,92.643,0.86,0.87,0.14,0.15,0.01,0.01,74714.71,1776297990000
1776297993.033,93.033,0.86,0.87,0.13,0.14,0.01,0.01,74718.43,1776297991000
1776297993.405,93.405,0.86,0.88,0.12,0.14,0.02,0.02,74724.47,1776297992000
1776297993.889,93.889,0.87,0.88,0.12,0.13,0.01,0.01,74724.47,1776297992000
1776297994.302,94.302,0.87,0.88,0.12,0.13,0.01,0.01,74724.47,1776297992000
1776297994.641,94.641,0.87,0.88,0.12,0.13,0.01,0.01,74725.41,1776297993000
1776297994.984,94.984,0.87,0.88,0.12,0.13,0.01,0.01,74725.41,1776297993000
1776297995.612,95.612,0.87,0.88,0.12,0.13,0.01,0.01,74725.41,1776297993000
1776297996.061,96.061,0.88,0.89,0.11,0.12,0.01,0.01,74729.02,1776297994000
1776297996.442,96.442,0.88,0.89,0.11,0.12,0.01,0.01,74729.02,1776297994000
1776297996.84,96.84,0.88,0.89,0.11,0.12,0.01,0.01,74729.84,1776297995000
1776297997.263,97.263,0.89,0.9,0.1,0.12,0.01,0.02,74730.32,1776297996000
1776297997.783,97.783,0.89,0.9,0.1,0.11,0.01,0.01,74730.32,1776297996000
1776297998.131,98.131,0.9,0.91,0.09,0.11,0.01,0.02,74730.32,1776297996000
1776297998.468,98.468,0.9,0.91,0.09,0.1,0.01,0.01,74730.32,1776297996000
1776297998.823,98.823,0.9,0.91,0.09,0.1,0.01,0.01,74730.48,1776297997000
1776297999.192,99.192,0.9,0.91,0.09,0.1,0.01,0.01,74730.48,1776297997000
1776297999.529,99.529,0.9,0.91,0.09,0.1,0.01,0.01,74732.13,1776297998000
1776297999.868,99.868,0.88,0.89,0.11,0.12,0.01,0.01,74732.13,1776297998000
1776298000.279,100.279,0.85,0.86,0.14,0.15,0.01,0.01,74732.13,1776297998000
1776298000.62,100.62,0.83,0.84,0.16,0.17,0.01,0.01,74734.16,1776297999000
1776298001.041,101.041,0.82,0.83,0.17,0.18,0.01,0.01,74734.16,1776297999000
1776298001.396,101.396,0.82,0.83,0.17,0.18,0.01,0.01,74733.51,1776298000000
1776298001.789,101.789,0.82,0.83,0.17,0.18,0.01,0.01,74733.51,1776298000000
1776298002.153,102.153,0.82,0.83,0.17,0.18,0.01,0.01,74733.51,1776298000000
1776298002.829,102.829,0.82,0.83,0.17,0.18,0.01,0.01,74718.83,1776298001000
1776298003.171,103.171,0.82,0.83,0.17,0.18,0.01,0.01,74717.9,1776298002000
1776298003.523,103.523,0.82,0.83,0.17,0.18,0.01,0.01,74717.9,1776298002000
1776298003.866,103.866,0.81,0.83,0.17,0.18,0.02,0.01,74717.9,1776298002000
1776298004.267,104.267,0.8,0.81,0.19,0.2,0.01,0.01,74718.49,1776298003000
1776298004.637,104.637,0.8,0.81,0.19,0.2,0.01,0.01,74718.49,1776298003000
1776298005.12,105.12,0.8,0.81,0.19,0.2,0.01,0.01,74717.13,1776298004000
1776298005.636,105.636,0.79,0.8,0.19,0.21,0.01,0.02,74717.13,1776298004000
1776298006.005,106.005,0.79,0.8,0.2,0.21,0.01,0.01,74717.13,1776298004000
1776298006.411,106.411,0.79,0.8,0.2,0.21,0.01,0.01,74717.13,1776298005000
1776298006.749,106.749,0.79,0.8,0.2,0.21,0.01,0.01,74717.13,1776298005000
1776298007.1,107.1,0.79,0.8,0.2,0.21,0.01,0.01,74717.13,1776298005000
1776298007.762,107.762,0.79,0.8,0.2,0.21,0.01,0.01,74715.1,1776298006000
1776298008.134,108.134,0.79,0.8,0.2,0.21,0.01,0.01,74715.1,1776298006000
1776298008.658,108.658,0.79,0.8,0.2,0.21,0.01,0.01,74714.6,1776298007000
1776298009.208,109.208,0.79,0.8,0.2,0.21,0.01,0.01,74714.6,1776298007000
1776298009.542,109.542,0.79,0.8,0.2,0.21,0.01,0.01,74715.87,1776298008000
1776298009.877,109.877,0.79,0.8,0.2,0.21,0.01,0.01,74715.74,1776298009000
1776298010.429,110.429,0.79,0.8,0.2,0.21,0.01,0.01,74715.74,1776298009000
1776298010.788,110.788,0.8,0.81,0.19,0.21,0.01,0.02,74715.74,1776298009000
1776298011.134,111.134,0.8,0.81,0.19,0.2,0.01,0.01,74716.75,1776298010000
1776298011.536,111.536,0.8,0.81,0.19,0.2,0.01,0.01,74716.75,1776298010000
1776298011.906,111.906,0.8,0.81,0.19,0.2,0.01,0.01,74716.3,1776298011000
1776298012.336,112.336,0.8,0.81,0.19,0.2,0.01,0.01,74716.3,1776298011000
1776298012.749,112.749,0.8,0.81,0.19,0.2,0.01,0.01,74716.3,1776298011000
1776298013.282,113.282,0.8,0.81,0.19,0.2,0.01,0.01,74716.3,1776298012000
1776298013.638,113.638,0.8,0.81,0.19,0.2,0.01,0.01,74716.3,1776298012000
1776298014.009,114.009,0.8,0.81,0.19,0.2,0.01,0.01,74716.3,1776298012000
1776298014.539,114.539,0.8,0.82,0.19,0.2,0.02,0.01,74716.3,1776298012000
1776298014.995,114.995,0.81,0.82,0.18,0.19,0.01,0.01,74716.3,1776298012000
1776298015.436,115.436,0.81,0.82,0.18,0.19,0.01,0.01,74716.34,1776298013000
1776298015.781,115.781,0.81,0.83,0.17,0.19,0.02,0.02,74716.34,1776298013000
1776298016.34,116.34,0.82,0.83,0.17,0.18,0.01,0.01,74716.24,1776298015000
1776298016.88,116.88,0.82,0.83,0.17,0.18,0.01,0.01,74716.24,1776298015000
1776298017.228,117.228,0.82,0.83,0.17,0.18,0.01,0.01,74716.24,1776298015000
1776298017.594,117.594,0.82,0.83,0.17,0.18,0.01,0.01,74718.89,1776298016000
1776298018.094,118.094,0.82,0.83,0.17,0.18,0.01,0.01,74718.89,1776298016000
1776298018.441,118.441,0.82,0.83,0.17,0.18,0.01,0.01,74719.74,1776298017000
1776298018.852,118.852,0.82,0.83,0.17,0.18,0.01,0.01,74719.74,1776298017000
1776298019.227,119.227,0.82,0.83,0.17,0.18,0.01,0.01,74719.41,1776298018000
1776298019.586,119.586,0.8,0.83,0.17,0.18,0.03,0.01,74719.41,1776298018000
1776298020.108,120.108,0.81,0.82,0.18,0.19,0.01,0.01,74720.43,1776298019000
1776298020.537,120.537,0.8,0.82,0.18,0.19,0.02,0.01,74720.43,1776298019000
1776298020.88,120.88,0.78,0.79,0.21,0.22,0.01,0.01,74720.43,1776298019000
1776298021.225,121.225,0.78,0.79,0.21,0.22,0.01,0.01,74720.43,1776298019000
1776298021.765,121.765,0.76,0.78,0.21,0.24,0.02,0.03,74720.43,1776298020000
1776298022.13,122.13,0.75,0.77,0.23,0.25,0.02,0.02,74720.43,1776298020000
1776298022.483,122.483,0.74,0.75,0.25,0.26,0.01,0.01,74710.47,1776298021000
1776298022.856,122.856,0.74,0.75,0.25,0.26,0.01,0.01,74710.47,1776298021000
1776298023.24,123.24,0.74,0.75,0.25,0.26,0.01,0.01,74708.82,1776298022000
1776298023.63,123.63,0.74,0.75,0.25,0.26,0.01,0.01,74708.82,1776298022000
1776298024.015,124.015,0.74,0.75,0.25,0.26,0.01,0.01,74708.82,1776298022000
1776298024.435,124.435,0.74,0.75,0.25,0.26,0.01,0.01,74706.88,1776298023000
1776298024.79,124.79,0.74,0.75,0.25,0.26,0.01,0.01,74706.88,1776298023000
1776298025.178,125.178,0.74,0.75,0.25,0.26,0.01,0.01,74706.88,1776298023000
1776298025.523,125.523,0.74,0.75,0.25,0.26,0.01,0.01,74705.99,1776298024000
1776298025.866,125.866,0.74,0.75,0.25,0.26,0.01,0.01,74705.99,1776298024000
1776298026.267,126.267,0.74,0.75,0.25,0.26,0.01,0.01,74705.99,1776298024000
1776298027.056,127.056,0.74,0.75,0.25,0.26,0.01,0.01,74706.52,1776298026000
1776298027.652,127.652,0.74,0.75,0.25,0.26,0.01,0.01,74706.52,1776298026000
1776298028.192,128.192,0.74,0.75,0.25,0.26,0.01,0.01,74705.35,1776298027000
1776298028.767,128.767,0.74,0.75,0.25,0.27,0.01,0.02,74705.35,1776298027000
1776298029.388,129.388,0.74,0.75,0.25,0.26,0.01,0.01,74705.35,1776298027000
1776298030.123,130.123,0.74,0.75,0.25,0.26,0.01,0.01,74704.87,1776298028000
1776298030.467,130.467,0.74,0.75,0.25,0.26,0.01,0.01,74704.87,1776298028000
1776298030.953,130.953,0.74,0.75,0.25,0.26,0.01,0.01,74704.87,1776298028000
1776298031.31,131.31,0.74,0.75,0.25,0.26,0.01,0.01,74704.05,1776298029000
1776298031.689,131.689,0.74,0.75,0.25,0.26,0.01,0.01,74704.03,1776298030000
1776298032.282,132.282,0.74,0.75,0.25,0.26,0.01,0.01,74704.08,1776298031000
1776298032.661,132.661,0.74,0.75,0.25,0.26,0.01,0.01,74704.08,1776298031000
1776298033.088,133.088,0.74,0.75,0.25,0.26,0.01,0.01,74704.08,1776298031000
1776298033.424,133.424,0.74,0.75,0.25,0.26,0.01,0.01,74704.26,1776298032000
1776298033.773,133.773,0.74,0.75,0.25,0.26,0.01,0.01,74704.26,1776298032000
1776298034.128,134.128,0.74,0.75,0.25,0.26,0.01,0.01,74704.26,1776298033000
1776298035.03,135.03,0.74,0.75,0.25,0.26,0.01,0.01,74704.26,1776298033000
1776298035.365,135.365,0.74,0.75,0.25,0.26,0.01,0.01,74704.26,1776298033000
1776298036.068,136.068,0.74,0.75,0.25,0.26,0.01,0.01,74704.38,1776298034000
1776298036.404,136.404,0.74,0.76,0.25,0.26,0.02,0.01,74705.64,1776298035000
1776298036.89,136.89,0.75,0.76,0.24,0.26,0.01,0.02,74705.64,1776298035000
1776298037.383,137.383,0.75,0.76,0.24,0.25,0.01,0.01,74706.78,1776298036000
1776298037.825,137.825,0.75,0.76,0.24,0.25,0.01,0.01,74706.78,1776298036000
1776298038.493,138.493,0.75,0.76,0.24,0.25,0.01,0.01,74706.78,1776298037000
1776298038.852,138.852,0.75,0.76,0.24,0.25,0.01,0.01,74706.78,1776298037000
1776298039.381,139.381,0.7,0.72,0.27,0.29,0.02,0.02,74706.78,1776298037000
1776298039.767,139.767,0.7,0.71,0.29,0.3,0.01,0.01,74706.78,1776298038000
1776298040.16,140.16,0.7,0.71,0.29,0.3,0.01,0.01,74706.78,1776298038000
1776298040.553,140.553,0.7,0.71,0.29,0.3,0.01,0.01,74706.78,1776298039000
1776298040.92,140.92,0.7,0.71,0.29,0.3,0.01,0.01,74706.78,1776298039000
1776298041.256,141.256,0.7,0.71,0.29,0.3,0.01,0.01,74706.78,1776298039000
1776298041.921,141.921,0.7,0.71,0.29,0.3,0.01,0.01,74698.33,1776298040000
1776298042.4,142.4,0.7,0.71,0.29,0.3,0.01,0.01,74698.33,1776298040000
1776298042.754,142.754,0.7,0.71,0.29,0.3,0.01,0.01,74695.32,1776298041000
1776298043.19,143.19,0.7,0.71,0.29,0.3,0.01,0.01,74695.32,1776298041000
1776298043.674,143.674,0.7,0.71,0.29,0.3,0.01,0.01,74696.48,1776298042000
1776298044.122,144.122,0.7,0.71,0.29,0.3,0.01,0.01,74696.48,1776298042000
1776298044.479,144.479,0.7,0.71,0.29,0.3,0.01,0.01,74695.28,1776298043000
1776298044.963,144.963,0.7,0.71,0.29,0.3,0.01,0.01,74695.28,1776298043000
1776298045.316,145.316,0.7,0.71,0.29,0.3,0.01,0.01,74695.3,1776298044000
1776298045.715,145.715,0.7,0.71,0.29,0.3,0.01,0.01,74695.3,1776298044000
1776298046.061,146.061,0.71,0.72,0.28,0.29,0.01,0.01,74695.3,1776298044000
1776298046.673,146.673,0.71,0.72,0.28,0.29,0.01,0.01,74695.93,1776298045000
1776298047.428,147.428,0.73,0.74,0.26,0.28,0.01,0.02,74695.93,1776298045000
1776298047.796,147.796,0.73,0.74,0.26,0.27,0.01,0.01,74695.93,1776298045000
1776298048.275,148.275,0.73,0.74,0.26,0.27,0.01,0.01,74696.55,1776298046000
1776298048.691,148.691,0.73,0.74,0.26,0.27,0.01,0.01,74697.91,1776298047000
1776298049.044,149.044,0.73,0.74,0.26,0.27,0.01,0.01,74697.91,1776298047000
1776298049.488,149.488,0.73,0.74,0.26,0.27,0.01,0.01,74697.91,1776298047000
1776298050.365,150.365,0.73,0.74,0.26,0.27,0.01,0.01,74698.45,1776298049000
1776298050.706,150.706,0.73,0.74,0.26,0.27,0.01,0.01,74698.45,1776298049000
1776298051.11,151.11,0.73,0.74,0.26,0.27,0.01,0.01,74698.45,1776298050000
1776298051.786,151.786,0.73,0.74,0.26,0.27,0.01,0.01,74698.45,1776298050000
1776298052.415,152.415,0.73,0.74,0.26,0.27,0.01,0.01,74698.45,1776298050000
1776298052.848,152.848,0.73,0.74,0.26,0.27,0.01,0.01,74698.45,1776298051000
1776298053.187,153.187,0.73,0.74,0.26,0.27,0.01,0.01,74698.38,1776298052000
1776298054.223,154.223,0.73,0.74,0.26,0.27,0.01,0.01,74698.38,1776298052000
1776298054.88,154.88,0.73,0.74,0.26,0.27,0.01,0.01,74697.49,1776298054000
1776298055.325,155.325,0.73,0.74,0.26,0.27,0.01,0.01,74697.49,1776298054000
1776298055.908,155.908,0.73,0.74,0.26,0.27,0.01,0.01,74697.49,1776298054000
1776298056.733,156.733,0.73,0.74,0.26,0.27,0.01,0.01,74696.67,1776298055000
1776298057.309,157.309,0.73,0.74,0.26,0.27,0.01,0.01,74696.63,1776298056000
1776298057.939,157.939,0.73,0.74,0.26,0.27,0.01,0.01,74696.63,1776298056000
1776298058.304,158.304,0.73,0.74,0.26,0.27,0.01,0.01,74696.63,1776298056000
1776298058.654,158.654,0.73,0.74,0.26,0.27,0.01,0.01,74696.63,1776298057000
1776298059.323,159.323,0.72,0.74,0.26,0.27,0.02,0.01,74696.63,1776298058000
1776298059.939,159.939,0.67,0.68,0.29,0.31,0.01,0.02,74696.63,1776298058000
1776298060.331,160.331,0.64,0.65,0.34,0.35,0.01,0.01,74697.09,1776298059000
1776298060.762,160.762,0.64,0.65,0.35,0.36,0.01,0.01,74697.09,1776298059000
1776298061.132,161.132,0.64,0.65,0.35,0.38,0.01,0.03,74697.09,1776298059000
1776298061.903,161.903,0.62,0.65,0.35,0.37,0.03,0.02,74688.4,1776298060000
1776298062.236,162.236,0.62,0.64,0.36,0.37,0.02,0.01,74686.42,1776298061000
1776298062.601,162.601,0.62,0.63,0.37,0.39,0.01,0.02,74686.42,1776298061000
1776298062.959,162.959,0.61,0.63,0.37,0.39,0.02,0.02,74686.42,1776298061000
1776298063.438,163.438,0.61,0.62,0.38,0.39,0.01,0.01,74683.13,1776298062000
1776298063.887,163.887,0.61,0.62,0.38,0.39,0.01,0.01,74683.13,1776298062000
1776298064.24,164.24,0.61,0.62,0.38,0.39,0.01,0.01,74682.17,1776298063000
1776298064.679,164.679,0.61,0.62,0.38,0.39,0.01,0.01,74682.17,1776298063000
1776298065.048,165.048,0.61,0.62,0.38,0.39,0.01,0.01,74682.17,1776298063000
1776298065.466,165.466,0.61,0.62,0.38,0.39,0.01,0.01,74682.43,1776298064000
1776298066.306,166.306,0.61,0.62,0.38,0.39,0.01,0.01,74682.43,1776298064000
1776298066.897,166.897,0.61,0.62,0.38,0.39,0.01,0.01,74682.38,1776298066000
1776298067.277,167.277,0.62,0.63,0.37,0.38,0.01,0.01,74682.38,1776298066000
1776298067.619,167.619,0.62,0.63,0.37,0.38,0.01,0.01,74682.38,1776298066000
1776298068.085,168.085,0.62,0.63,0.37,0.38,0.01,0.01,74682.36,1776298067000
1776298068.756,168.756,0.62,0.63,0.37,0.38,0.01,0.01,74682.36,1776298067000
1776298069.095,169.095,0.62,0.63,0.37,0.38,0.01,0.01,74682.22,1776298068000
1776298069.533,169.533,0.62,0.63,0.37,0.38,0.01,0.01,74682.22,1776298068000
1776298070.024,170.024,0.62,0.63,0.37,0.38,0.01,0.01,74682.22,1776298068000
1776298070.534,170.534,0.62,0.63,0.37,0.38,0.01,0.01,74682.63,1776298069000
1776298071.014,171.014,0.62,0.64,0.37,0.38,0.02,0.01,74682.63,1776298069000
1776298071.452,171.452,0.63,0.64,0.36,0.37,0.01,0.01,74682.42,1776298070000
1776298072.128,172.128,0.63,0.64,0.36,0.37,0.01,0.01,74682.42,1776298070000
1776298072.579,172.579,0.63,0.64,0.36,0.37,0.01,0.01,74682.42,1776298070000
1776298073.081,173.081,0.63,0.64,0.36,0.37,0.01,0.01,74682.22,1776298072000
1776298074.03,174.03,0.63,0.64,0.36,0.37,0.01,0.01,74683.8,1776298073000
1776298074.486,174.486,0.62,0.63,0.36,0.37,0.01,0.01,74683.8,1776298073000
1776298075.035,175.035,0.62,0.63,0.37,0.38,0.01,0.01,74683.8,1776298073000
1776298075.39,175.39,0.63,0.64,0.36,0.37,0.01,0.01,74683.8,1776298074000
1776298076.101,176.101,0.63,0.64,0.36,0.37,0.01,0.01,74683.8,1776298074000
1776298076.59,176.59,0.63,0.64,0.36,0.37,0.01,0.01,74683.54,1776298075000
1776298076.96,176.96,0.63,0.64,0.36,0.37,0.01,0.01,74683.54,1776298075000
1776298077.358,177.358,0.63,0.64,0.36,0.37,0.01,0.01,74684.02,1776298076000
1776298077.777,177.777,0.63,0.64,0.36,0.37,0.01,0.01,74684.02,1776298076000
1776298078.185,178.185,0.63,0.64,0.36,0.37,0.01,0.01,74684.02,1776298076000
1776298078.569,178.569,0.64,0.65,0.35,0.36,0.01,0.01,74684.46,1776298077000
1776298078.971,178.971,0.64,0.65,0.35,0.36,0.01,0.01,74684.46,1776298077000
1776298079.549,179.549,0.64,0.65,0.35,0.36,0.01,0.01,74684.46,1776298078000
1776298079.902,179.902,0.64,0.65,0.35,0.36,0.01,0.01,74684.46,1776298078000
1776298080.343,180.343,0.64,0.66,0.35,0.36,0.02,0.01,74684.28,1776298079000
1776298080.908,180.908,0.65,0.66,0.34,0.35,0.01,0.01,74684.28,1776298079000
1776298081.243,181.243,0.66,0.67,0.33,0.35,0.01,0.02,74684.28,1776298079000
1776298081.736,181.736,0.66,0.67,0.33,0.34,0.01,0.01,74684.15,1776298080000
1776298082.089,182.089,0.66,0.67,0.33,0.34,0.01,0.01,74684.15,1776298081000
1776298082.489,182.489,0.66,0.67,0.33,0.34,0.01,0.01,74684.15,1776298081000
1776298082.855,182.855,0.66,0.67,0.33,0.34,0.01,0.01,74684.15,1776298081000
1776298083.427,183.427,0.66,0.67,0.33,0.34,0.01,0.01,74684.15,1776298082000
1776298083.891,183.891,0.66,0.67,0.33,0.34,0.01,0.01,74684.15,1776298082000
1776298084.285,184.285,0.66,0.67,0.33,0.34,0.01,0.01,74684.61,1776298083000
1776298084.882,184.882,0.68,0.69,0.31,0.33,0.01,0.02,74684.61,1776298083000
1776298085.266,185.266,0.68,0.69,0.31,0.32,0.01,0.01,74684.61,1776298084000
1776298085.817,185.817,0.68,0.69,0.31,0.32,0.01,0.01,74684.61,1776298084000
1776298086.167,186.167,0.72,0.73,0.27,0.28,0.01,0.01,74684.49,1776298085000
1776298086.512,186.512,0.72,0.73,0.27,0.28,0.01,0.01,74684.49,1776298085000
1776298086.885,186.885,0.73,0.75,0.26,0.27,0.02,0.01,74684.49,1776298085000
1776298087.272,187.272,0.74,0.75,0.25,0.26,0.01,0.01,74685.41,1776298086000
1776298087.659,187.659,0.74,0.75,0.25,0.26,0.01,0.01,74685.41,1776298086000
1776298087.994,187.994,0.74,0.76,0.25,0.26,0.02,0.01,74690.44,1776298087000
1776298088.527,188.527,0.75,0.76,0.24,0.25,0.01,0.01,74690.44,1776298087000
1776298088.87,188.87,0.75,0.76,0.24,0.25,0.01,0.01,74690.44,1776298087000
1776298089.351,189.351,0.75,0.76,0.24,0.25,0.01,0.01,74691.89,1776298088000
1776298089.71,189.71,0.75,0.76,0.24,0.25,0.01,0.01,74691.89,1776298088000
1776298090.061,190.061,0.75,0.76,0.24,0.25,0.01,0.01,74691.89,1776298089000
1776298090.411,190.411,0.75,0.76,0.24,0.25,0.01,0.01,74691.89,1776298089000
1776298090.995,190.995,0.75,0.76,0.24,0.25,0.01,0.01,74691.89,1776298089000
1776298091.477,191.477,0.75,0.76,0.24,0.25,0.01,0.01,74691.89,1776298089000
1776298091.81,191.81,0.75,0.76,0.24,0.25,0.01,0.01,74691.64,1776298090000
1776298092.186,192.186,0.75,0.76,0.24,0.25,0.01,0.01,74691.64,1776298091000
1776298092.643,192.643,0.75,0.76,0.24,0.25,0.01,0.01,74691.64,1776298091000
1776298092.993,192.993,0.75,0.76,0.24,0.25,0.01,0.01,74691.64,1776298091000
1776298093.465,193.465,0.75,0.76,0.24,0.25,0.01,0.01,74692.41,1776298092000
1776298093.799,193.799,0.75,0.76,0.24,0.25,0.01,0.01,74692.41,1776298092000
1776298094.144,194.144,0.75,0.76,0.24,0.25,0.01,0.01,74692.43,1776298093000
1776298094.496,194.496,0.75,0.76,0.24,0.25,0.01,0.01,74692.43,1776298093000
1776298095.018,195.018,0.75,0.76,0.24,0.25,0.01,0.01,74692.43,1776298093000
1776298095.498,195.498,0.76,0.77,0.23,0.24,0.01,0.01,74692.5,1776298094000
1776298095.85,195.85,0.76,0.77,0.23,0.24,0.01,0.01,74692.5,1776298094000
1776298096.183,196.183,0.76,0.77,0.23,0.24,0.01,0.01,74692.5,1776298094000
1776298096.568,196.568,0.76,0.77,0.23,0.24,0.01,0.01,74692.52,1776298095000
1776298097.035,197.035,0.76,0.77,0.23,0.24,0.01,0.01,74692.52,1776298095000
1776298097.425,197.425,0.76,0.77,0.23,0.24,0.01,0.01,74693.13,1776298096000
1776298097.775,197.775,0.76,0.77,0.23,0.24,0.01,0.01,74693.13,1776298096000
1776298098.24,198.24,0.77,0.78,0.22,0.23,0.01,0.01,74693.13,1776298097000
1776298098.767,198.767,0.77,0.79,0.22,0.23,0.02,0.01,74693.13,1776298097000
1776298099.311,199.311,0.78,0.79,0.21,0.22,0.01,0.01,74693.17,1776298098000
1776298099.644,199.644,0.78,0.79,0.21,0.22,0.01,0.01,74693.17,1776298098000
1776298100.417,200.417,0.78,0.79,0.21,0.22,0.01,0.01,74693.77,1776298099000
1776298100.757,200.757,0.78,0.79,0.21,0.22,0.01,0.01,74693.77,1776298099000
1776298101.096,201.096,0.78,0.79,0.21,0.22,0.01,0.01,74697.01,1776298100000
1776298101.505,201.505,0.78,0.79,0.21,0.22,0.01,0.01,74697.01,1776298100000
1776298101.855,201.855,0.78,0.79,0.21,0.22,0.01,0.01,74697.01,1776298100000
1776298102.196,202.196,0.78,0.79,0.21,0.22,0.01,0.01,74697.01,1776298100000
1776298102.577,202.577,0.78,0.79,0.21,0.22,0.01,0.01,74697.1,1776298101000
1776298102.926,202.926,0.78,0.79,0.21,0.22,0.01,0.01,74697.1,1776298101000
1776298103.267,203.267,0.78,0.79,0.21,0.22,0.01,0.01,74701.28,1776298102000
1776298103.62,203.62,0.78,0.79,0.21,0.22,0.01,0.01,74701.28,1776298102000
1776298103.964,203.964,0.78,0.79,0.21,0.22,0.01,0.01,74701.28,1776298102000
1776298104.299,204.299,0.78,0.79,0.21,0.22,0.01,0.01,74701.28,1776298102000
1776298104.657,204.657,0.79,0.8,0.21,0.22,0.01,0.01,74701.28,1776298102000
1776298105.016,205.016,0.79,0.8,0.2,0.21,0.01,0.01,74701.43,1776298103000
1776298105.357,205.357,0.79,0.8,0.2,0.21,0.01,0.01,74701.43,1776298103000
1776298105.699,205.699,0.79,0.8,0.2,0.21,0.01,0.01,74701.43,1776298104000
1776298106.036,206.036,0.79,0.8,0.2,0.21,0.01,0.01,74701.43,1776298104000
1776298106.39,206.39,0.79,0.8,0.2,0.21,0.01,0.01,74701.43,1776298104000
1776298106.739,206.739,0.75,0.78,0.22,0.25,0.03,0.03,74701.43,1776298104000
1776298107.087,207.087,0.77,0.78,0.22,0.23,0.01,0.01,74701.46,1776298105000
1776298107.457,207.457,0.77,0.78,0.22,0.23,0.01,0.01,74701.46,1776298105000
1776298107.822,207.822,0.76,0.78,0.22,0.23,0.02,0.01,74702.04,1776298106000
1776298108.163,208.163,0.77,0.78,0.22,0.24,0.01,0.02,74700.9,1776298107000
1776298108.504,208.504,0.77,0.78,0.22,0.24,0.01,0.02,74700.9,1776298107000
1776298108.928,208.928,0.76,0.77,0.23,0.24,0.01,0.01,74700.9,1776298107000
1776298109.276,209.276,0.77,0.78,0.22,0.23,0.01,0.01,74700.9,1776298107000
1776298109.664,209.664,0.77,0.78,0.22,0.23,0.01,0.01,74700.9,1776298107000
1776298110.021,210.021,0.77,0.78,0.22,0.23,0.01,0.01,74698.46,1776298108000
1776298110.363,210.363,0.77,0.78,0.22,0.23,0.01,0.01,74698.46,1776298108000
1776298110.749,210.749,0.77,0.78,0.22,0.23,0.01,0.01,74698.26,1776298109000
1776298111.22,211.22,0.76,0.77,0.23,0.24,0.01,0.01,74698.26,1776298109000
1776298111.561,211.561,0.72,0.74,0.26,0.28,0.02,0.02,74698.19,1776298110000
1776298111.901,211.901,0.73,0.74,0.26,0.29,0.01,0.03,74698.19,1776298110000
1776298112.29,212.29,0.72,0.73,0.27,0.28,0.01,0.01,74698.19,1776298110000
1776298112.69,212.69,0.69,0.7,0.29,0.3,0.01,0.01,74698.19,1776298110000
1776298113.459,213.459,0.69,0.7,0.3,0.31,0.01,0.01,74691.22,1776298112000
1776298114.073,214.073,0.69,0.7,0.3,0.31,0.01,0.01,74691.22,1776298112000
1776298114.409,214.409,0.63,0.64,0.33,0.36,0.01,0.03,74690.83,1776298113000
1776298114.753,214.753,0.63,0.67,0.33,0.37,0.04,0.04,74690.83,1776298113000
1776298115.109,215.109,0.65,0.66,0.34,0.38,0.01,0.04,74690.83,1776298113000
1776298115.46,215.46,0.64,0.65,0.34,0.36,0.01,0.02,74683.51,1776298114000
1776298115.839,215.839,0.62,0.64,0.35,0.4,0.02,0.05,74683.51,1776298114000
1776298116.198,216.198,0.62,0.63,0.37,0.38,0.01,0.01,74681.7,1776298115000
1776298116.704,216.704,0.6,0.61,0.39,0.4,0.01,0.01,74681.7,1776298115000
1776298117.105,217.105,0.6,0.61,0.39,0.4,0.01,0.01,74681.7,1776298115000
1776298117.634,217.634,0.6,0.61,0.39,0.4,0.01,0.01,74681.7,1776298115000
1776298118.035,218.035,0.6,0.61,0.39,0.4,0.01,0.01,74681.3,1776298116000
1776298118.485,218.485,0.6,0.61,0.39,0.4,0.01,0.01,74681.01,1776298117000
1776298118.837,218.837,0.6,0.61,0.39,0.4,0.01,0.01,74681.01,1776298117000
1776298119.196,219.196,0.6,0.61,0.39,0.4,0.01,0.01,74680.98,1776298118000
1776298119.598,219.598,0.6,0.61,0.39,0.4,0.01,0.01,74680.98,1776298118000
1776298120.022,220.022,0.59,0.6,0.39,0.41,0.01,0.02,74680.98,1776298118000
1776298120.531,220.531,0.59,0.6,0.4,0.41,0.01,0.01,74680.93,1776298119000
1776298121.365,221.365,0.59,0.6,0.4,0.41,0.01,0.01,74680.93,1776298119000
1776298121.821,221.821,0.59,0.6,0.39,0.41,0.01,0.02,74680.93,1776298120000
1776298122.171,222.171,0.59,0.6,0.4,0.41,0.01,0.01,74680.93,1776298120000
1776298122.558,222.558,0.58,0.6,0.4,0.41,0.02,0.01,74680.93,1776298120000
1776298123.163,223.163,0.58,0.59,0.41,0.42,0.01,0.01,74680.85,1776298121000
1776298123.498,223.498,0.58,0.59,0.41,0.42,0.01,0.01,74680.85,1776298121000
1776298123.853,223.853,0.58,0.59,0.41,0.42,0.01,0.01,74680.85,1776298121000
1776298124.319,224.319,0.58,0.59,0.41,0.42,0.01,0.01,74680.45,1776298122000
1776298124.666,224.666,0.58,0.59,0.41,0.42,0.01,0.01,74680.16,1776298123000
1776298125.007,225.007,0.58,0.59,0.41,0.42,0.01,0.01,74680.16,1776298123000
1776298125.37,225.37,0.57,0.59,0.41,0.42,0.02,0.01,74680.16,1776298123000
1776298125.713,225.713,0.57,0.58,0.42,0.43,0.01,0.01,74679.47,1776298124000
1776298126.088,226.088,0.56,0.57,0.42,0.43,0.01,0.01,74679.47,1776298124000
1776298126.556,226.556,0.56,0.57,0.43,0.44,0.01,0.01,74679.49,1776298125000
1776298126.93,226.93,0.54,0.55,0.43,0.46,0.01,0.03,74679.49,1776298125000
1776298127.299,227.299,0.54,0.55,0.45,0.46,0.01,0.01,74679.49,1776298125000
1776298127.656,227.656,0.54,0.55,0.45,0.46,0.01,0.01,74679.63,1776298126000
1776298128.003,228.003,0.54,0.55,0.45,0.46,0.01,0.01,74679.63,1776298126000
1776298128.34,228.34,0.53,0.54,0.46,0.47,0.01,0.01,74679.62,1776298127000
1776298129.393,229.393,0.52,0.53,0.47,0.48,0.01,0.01,74679.62,1776298127000
1776298129.743,229.743,0.5,0.51,0.48,0.5,0.01,0.02,74677.52,1776298128000
1776298130.384,230.384,0.47,0.5,0.5,0.53,0.03,0.03,74675.36,1776298129000
1776298130.943,230.943,0.45,0.48,0.52,0.54,0.03,0.02,74675.36,1776298129000
1776298131.343,231.343,0.43,0.45,0.53,0.57,0.02,0.04,74673.83,1776298130000
1776298131.742,231.742,0.43,0.44,0.56,0.57,0.01,0.01,74673.83,1776298130000
1776298132.075,232.075,0.4,0.44,0.56,0.6,0.04,0.04,74673.83,1776298130000
1776298132.444,232.444,0.38,0.41,0.59,0.62,0.03,0.03,74673.83,1776298130000
1776298132.797,232.797,0.31,0.36,0.64,0.69,0.05,0.05,74669.65,1776298131000
1776298133.158,233.158,0.32,0.35,0.65,0.66,0.03,0.01,74669.65,1776298131000
1776298133.522,233.522,0.34,0.35,0.65,0.66,0.01,0.01,74666.95,1776298132000
1776298133.938,233.938,0.33,0.34,0.65,0.67,0.01,0.02,74666.95,1776298132000
1776298134.326,234.326,0.32,0.34,0.66,0.68,0.02,0.02,74661.32,1776298133000
1776298134.754,234.754,0.32,0.33,0.67,0.68,0.01,0.01,74661.32,1776298133000
1776298135.088,235.088,0.25,0.29,0.71,0.75,0.04,0.04,74661.32,1776298133000
1776298135.425,235.425,0.25,0.27,0.73,0.75,0.02,0.02,74661.32,1776298133000
1776298135.766,235.766,0.23,0.25,0.75,0.77,0.02,0.02,74660.24,1776298134000
1776298136.103,236.103,0.21,0.24,0.76,0.77,0.03,0.01,74660.24,1776298134000
1776298136.548,236.548,0.22,0.23,0.77,0.79,0.01,0.02,74658.28,1776298135000
1776298136.956,236.956,0.21,0.22,0.78,0.79,0.01,0.01,74658.28,1776298135000
1776298137.333,237.333,0.21,0.22,0.78,0.79,0.01,0.01,74658.28,1776298135000
1776298137.71,237.71,0.21,0.22,0.78,0.79,0.01,0.01,74654.91,1776298136000
1776298138.219,238.219,0.21,0.22,0.78,0.79,0.01,0.01,74653.51,1776298137000
1776298138.565,238.565,0.21,0.22,0.78,0.79,0.01,0.01,74653.51,1776298137000
1776298138.901,238.901,0.21,0.22,0.78,0.79,0.01,0.01,74653.51,1776298137000
1776298139.237,239.237,0.21,0.22,0.78,0.79,0.01,0.01,74653.51,1776298137000
1776298139.571,239.571,0.21,0.22,0.78,0.79,0.01,0.01,74653.51,1776298137000
1776298139.993,239.993,0.21,0.22,0.78,0.79,0.01,0.01,74653.42,1776298138000
1776298140.474,240.474,0.21,0.22,0.78,0.79,0.01,0.01,74652.41,1776298139000
1776298140.822,240.822,0.21,0.22,0.78,0.79,0.01,0.01,74652.41,1776298139000
1776298141.23,241.23,0.21,0.22,0.78,0.79,0.01,0.01,74652.41,1776298140000
1776298141.83,241.83,0.21,0.22,0.78,0.79,0.01,0.01,74652.41,1776298140000
1776298142.196,242.196,0.24,0.26,0.74,0.76,0.02,0.02,74652.41,1776298141000
1776298142.578,242.578,0.25,0.26,0.75,0.76,0.01,0.01,74652.41,1776298141000
1776298142.927,242.927,0.25,0.26,0.74,0.75,0.01,0.01,74652.41,1776298141000
1776298143.331,243.331,0.26,0.27,0.73,0.74,0.01,0.01,74652.28,1776298142000
1776298143.683,243.683,0.26,0.27,0.73,0.74,0.01,0.01,74652.28,1776298142000
1776298144.047,244.047,0.26,0.27,0.73,0.74,0.01,0.01,74652.28,1776298142000
1776298144.388,244.388,0.26,0.27,0.73,0.74,0.01,0.01,74653.37,1776298143000
1776298144.727,244.727,0.25,0.27,0.73,0.75,0.02,0.02,74653.37,1776298143000
1776298145.16,245.16,0.25,0.26,0.74,0.75,0.01,0.01,74653.37,1776298143000
1776298145.618,245.618,0.25,0.26,0.74,0.75,0.01,0.01,74653.84,1776298144000
1776298145.951,245.951,0.21,0.22,0.75,0.78,0.01,0.03,74653.84,1776298144000
1776298146.305,246.305,0.2,0.22,0.78,0.79,0.02,0.01,74653.84,1776298145000
1776298146.652,246.652,0.18,0.21,0.79,0.82,0.03,0.03,74653.84,1776298145000
1776298147.007,247.007,0.19,0.2,0.8,0.83,0.01,0.03,74653.84,1776298145000
1776298147.394,247.394,0.15,0.17,0.83,0.85,0.02,0.02,74653.34,1776298146000
1776298147.77,247.77,0.14,0.15,0.85,0.86,0.01,0.01,74653.34,1776298146000
1776298148.108,248.108,0.12,0.15,0.85,0.88,0.03,0.03,74653.34,1776298146000
1776298148.444,248.444,0.12,0.14,0.87,0.88,0.02,0.01,74649.87,1776298147000
1776298148.847,248.847,0.13,0.14,0.86,0.88,0.01,0.02,74649.87,1776298147000
1776298149.261,249.261,0.13,0.14,0.86,0.87,0.01,0.01,74649.87,1776298147000
1776298149.611,249.611,0.1,0.13,0.87,0.9,0.03,0.03,74647.65,1776298148000
1776298149.956,249.956,0.11,0.12,0.88,0.89,0.01,0.01,74647.65,1776298148000
1776298150.302,250.302,0.11,0.12,0.88,0.89,0.01,0.01,74644.25,1776298149000
1776298150.638,250.638,0.11,0.12,0.88,0.89,0.01,0.01,74644.25,1776298149000
1776298151.043,251.043,0.1,0.11,0.88,0.9,0.01,0.02,74644.25,1776298149000
1776298151.385,251.385,0.1,0.11,0.89,0.9,0.01,0.01,74640.46,1776298150000
1776298151.719,251.719,0.1,0.11,0.89,0.9,0.01,0.01,74640.46,1776298150000
1776298152.105,252.105,0.1,0.12,0.88,0.89,0.02,0.01,74640.46,1776298150000
1776298152.462,252.462,0.12,0.13,0.87,0.88,0.01,0.01,74633.95,1776298151000
1776298152.824,252.824,0.12,0.13,0.87,0.88,0.01,0.01,74633.95,1776298151000
1776298153.18,253.18,0.12,0.13,0.87,0.88,0.01,0.01,74633.95,1776298151000
1776298153.6,253.6,0.11,0.12,0.87,0.88,0.01,0.01,74633.82,1776298152000
1776298154.033,254.033,0.11,0.12,0.88,0.89,0.01,0.01,74635.76,1776298153000
1776298154.491,254.491,0.1,0.11,0.88,0.91,0.01,0.03,74635.76,1776298153000
1776298154.854,254.854,0.1,0.11,0.89,0.9,0.01,0.01,74635.76,1776298153000
1776298155.225,255.225,0.09,0.1,0.9,0.91,0.01,0.01,74638.92,1776298154000
1776298155.588,255.588,0.09,0.1,0.9,0.91,0.01,0.01,74638.92,1776298154000
1776298155.97,255.97,0.1,0.11,0.89,0.9,0.01,0.01,74638.92,1776298154000
1776298156.328,256.328,0.09,0.1,0.89,0.91,0.01,0.02,74638.92,1776298154000
1776298156.673,256.673,0.09,0.1,0.9,0.91,0.01,0.01,74638.92,1776298154000
1776298157.058,257.058,0.12,0.13,0.87,0.88,0.01,0.01,74638.97,1776298155000
1776298157.432,257.432,0.11,0.12,0.87,0.89,0.01,0.02,74638.97,1776298155000
1776298157.794,257.794,0.11,0.12,0.88,0.89,0.01,0.01,74638.63,1776298156000
1776298158.149,258.149,0.11,0.12,0.88,0.89,0.01,0.01,74638.63,1776298156000
1776298158.489,258.489,0.1,0.11,0.89,0.9,0.01,0.01,74638.69,1776298157000
1776298158.829,258.829,0.1,0.11,0.89,0.9,0.01,0.01,74638.69,1776298157000
1776298159.327,259.327,0.09,0.1,0.9,0.91,0.01,0.01,74638.69,1776298157000
1776298159.901,259.901,0.08,0.1,0.9,0.91,0.02,0.01,74640.34,1776298158000
1776298160.302,260.302,0.09,0.1,0.9,0.91,0.01,0.01,74640.63,1776298159000
1776298160.715,260.715,0.09,0.1,0.9,0.91,0.01,0.01,74640.63,1776298159000
1776298161.079,261.079,0.1,0.12,0.88,0.9,0.02,0.02,74640.63,1776298159000
1776298161.484,261.484,0.1,0.12,0.88,0.9,0.02,0.02,74641.2,1776298160000
1776298161.827,261.827,0.14,0.15,0.86,0.89,0.01,0.03,74641.2,1776298160000
1776298162.165,262.165,0.14,0.16,0.85,0.86,0.02,0.01,74642.06,1776298161000
1776298162.512,262.512,0.16,0.17,0.84,0.85,0.01,0.01,74642.06,1776298161000
1776298163.036,263.036,0.18,0.19,0.83,0.84,0.01,0.01,74642.06,1776298161000
1776298163.406,263.406,0.18,0.19,0.81,0.82,0.01,0.01,74642.06,1776298161000
1776298163.833,263.833,0.18,0.19,0.81,0.82,0.01,0.01,74647.07,1776298162000
1776298164.222,264.222,0.18,0.19,0.81,0.82,0.01,0.01,74649.26,1776298163000
1776298164.664,264.664,0.18,0.19,0.81,0.82,0.01,0.01,74649.26,1776298163000
1776298165.218,265.218,0.18,0.19,0.81,0.82,0.01,0.01,74651.49,1776298164000
1776298165.735,265.735,0.18,0.19,0.81,0.82,0.01,0.01,74651.49,1776298164000
1776298166.112,266.112,0.18,0.19,0.81,0.82,0.01,0.01,74651.49,1776298164000
1776298166.477,266.477,0.19,0.2,0.8,0.81,0.01,0.01,74653.46,1776298165000
1776298167.243,267.243,0.19,0.2,0.8,0.81,0.01,0.01,74653.81,1776298166000
1776298167.742,267.742,0.19,0.2,0.8,0.81,0.01,0.01,74653.81,1776298166000
1776298168.215,268.215,0.2,0.21,0.79,0.81,0.01,0.02,74653.81,1776298166000
1776298168.571,268.571,0.2,0.21,0.79,0.8,0.01,0.01,74654.13,1776298167000
1776298168.934,268.934,0.2,0.21,0.79,0.8,0.01,0.01,74654.32,1776298168000
1776298169.397,269.397,0.2,0.21,0.79,0.8,0.01,0.01,74654.32,1776298168000
1776298170.062,270.062,0.2,0.21,0.79,0.8,0.01,0.01,74654.32,1776298168000
1776298170.48,270.48,0.2,0.21,0.79,0.8,0.01,0.01,74655.06,1776298169000
1776298170.844,270.844,0.2,0.21,0.79,0.8,0.01,0.01,74655.06,1776298169000
1776298171.293,271.293,0.19,0.21,0.79,0.81,0.02,0.02,74654.92,1776298170000
1776298171.674,271.674,0.19,0.2,0.8,0.81,0.01,0.01,74654.92,1776298170000
1776298172.148,272.148,0.19,0.2,0.8,0.81,0.01,0.01,74654.92,1776298170000
1776298172.618,272.618,0.19,0.2,0.8,0.81,0.01,0.01,74654.92,1776298170000
1776298173.1,273.1,0.19,0.2,0.8,0.81,0.01,0.01,74654.92,1776298170000
1776298173.535,273.535,0.17,0.19,0.8,0.81,0.02,0.01,74654.18,1776298171000
1776298173.88,273.88,0.16,0.17,0.82,0.84,0.01,0.02,74654.18,1776298171000
1776298174.354,274.354,0.13,0.16,0.83,0.85,0.03,0.02,74654.18,1776298171000
1776298174.777,274.777,0.14,0.15,0.85,0.86,0.01,0.01,74654.32,1776298172000
1776298175.25,275.25,0.14,0.15,0.85,0.86,0.01,0.01,74654.55,1776298174000
1776298175.584,275.584,0.14,0.15,0.85,0.86,0.01,0.01,74654.55,1776298174000
1776298176.114,276.114,0.11,0.12,0.88,0.89,0.01,0.01,74654.55,1776298174000
1776298176.474,276.474,0.08,0.09,0.91,0.92,0.01,0.01,74654.55,1776298174000
1776298176.896,276.896,0.08,0.09,0.91,0.92,0.01,0.01,74654.55,1776298174000
1776298177.249,277.249,0.07,0.09,0.91,0.92,0.02,0.01,74652.24,1776298176000
1776298177.608,277.608,0.07,0.08,0.92,0.93,0.01,0.01,74652.24,1776298176000
1776298178.051,278.051,0.07,0.09,0.92,0.93,0.02,0.01,74652.24,1776298176000
1776298178.436,278.436,0.07,0.08,0.92,0.93,0.01,0.01,74652.24,1776298176000
1776298178.771,278.771,0.07,0.08,0.92,0.93,0.01,0.01,74652.24,1776298176000
1776298179.283,279.283,0.07,0.08,0.92,0.93,0.01,0.01,74650.67,1776298177000
1776298179.815,279.815,0.08,0.09,0.92,0.93,0.01,0.01,74649.69,1776298178000
1776298180.153,280.153,0.08,0.09,0.91,0.92,0.01,0.01,74649.69,1776298178000
1776298180.495,280.495,0.11,0.12,0.88,0.89,0.01,0.01,74649.69,1776298178000
1776298180.832,280.832,0.11,0.12,0.88,0.89,0.01,0.01,74649.65,1776298179000
1776298181.276,281.276,0.11,0.12,0.88,0.89,0.01,0.01,74649.65,1776298179000
1776298181.71,281.71,0.11,0.12,0.88,0.89,0.01,0.01,74649.65,1776298180000
1776298182.115,282.115,0.11,0.12,0.88,0.89,0.01,0.01,74649.65,1776298180000
1776298182.451,282.451,0.11,0.12,0.88,0.9,0.01,0.02,74649.66,1776298181000
1776298183.225,283.225,0.12,0.13,0.87,0.88,0.01,0.01,74649.66,1776298181000
1776298183.565,283.565,0.12,0.13,0.87,0.88,0.01,0.01,74649.66,1776298181000
1776298183.967,283.967,0.12,0.13,0.87,0.88,0.01,0.01,74652.54,1776298182000
1776298184.302,284.302,0.15,0.21,0.79,0.85,0.06,0.06,74652.54,1776298182000
1776298184.837,284.837,0.16,0.17,0.83,0.84,0.01,0.01,74652.54,1776298183000
1776298185.174,285.174,0.17,0.18,0.81,0.83,0.01,0.02,74652.54,1776298183000
1776298185.586,285.586,0.15,0.16,0.83,0.84,0.01,0.01,74652.54,1776298184000
1776298185.957,285.957,0.12,0.16,0.84,0.85,0.04,0.01,74652.54,1776298184000
1776298186.299,286.299,0.12,0.13,0.85,0.87,0.01,0.02,74652.54,1776298184000
1776298186.639,286.639,0.1,0.11,0.87,0.9,0.01,0.03,74652.54,1776298184000
1776298186.99,286.99,0.1,0.11,0.89,0.9,0.01,0.01,74656.16,1776298185000
1776298187.343,287.343,0.1,0.11,0.89,0.9,0.01,0.01,74656.16,1776298185000
1776298187.985,287.985,0.08,0.09,0.9,0.92,0.01,0.02,74655.41,1776298186000
1776298188.396,288.396,0.07,0.12,0.92,0.93,0.05,0.01,74655.41,1776298186000
1776298188.744,288.744,0.06,0.1,0.9,0.94,0.04,0.04,74654.66,1776298187000
1776298189.077,289.077,0.06,0.07,0.93,0.94,0.01,0.01,74654.66,1776298187000
1776298189.443,289.443,0.05,0.07,0.93,0.94,0.02,0.01,74653.55,1776298188000
1776298189.796,289.796,0.06,0.07,0.93,0.94,0.01,0.01,74653.55,1776298188000
1776298190.324,290.324,0.06,0.07,0.93,0.94,0.01,0.01,74653.55,1776298188000
1776298190.687,290.687,0.06,0.07,0.93,0.94,0.01,0.01,74653.55,1776298188000
1776298191.184,291.184,0.06,0.07,0.93,0.94,0.01,0.01,74653.01,1776298189000
1776298191.584,291.584,0.06,0.07,0.93,0.94,0.01,0.01,74651.43,1776298190000
1776298192.119,292.119,0.06,0.07,0.93,0.94,0.01,0.01,74651.43,1776298190000
1776298192.489,292.489,0.06,0.07,0.93,0.94,0.01,0.01,74651.6,1776298191000
1776298193.056,293.056,0.06,0.07,0.93,0.94,0.01,0.01,74651.6,1776298191000
1776298193.408,293.408,0.06,0.07,0.93,0.94,0.01,0.01,74651.6,1776298192000
1776298193.76,293.76,0.09,0.1,0.9,0.94,0.01,0.04,74651.6,1776298192000
1776298194.101,294.101,0.07,0.08,0.92,0.94,0.01,0.02,74651.6,1776298192000
1776298194.555,294.555,0.07,0.08,0.92,0.93,0.01,0.01,74651.43,1776298193000
1776298194.908,294.908,0.07,0.08,0.92,0.94,0.01,0.02,74651.43,1776298193000
1776298195.255,295.255,0.06,0.07,0.93,0.94,0.01,0.01,74651.43,1776298193000
1776298195.692,295.692,0.06,0.07,0.93,0.94,0.01,0.01,74651.26,1776298194000
1776298196.057,296.057,0.06,0.07,0.93,0.94,0.01,0.01,74651.26,1776298194000
1776298196.465,296.465,0.06,0.07,0.93,0.94,0.01,0.01,74651.26,1776298195000
1776298196.818,296.818,0.06,0.07,0.93,0.94,0.01,0.01,74651.26,1776298195000
1776298197.194,297.194,0.05,0.06,0.94,0.95,0.01,0.01,74651.26,1776298195000
1776298197.598,297.598,0.04,0.06,0.94,0.95,0.02,0.01,74651.26,1776298195000
1776298197.958,297.958,0.04,0.05,0.95,0.96,0.01,0.01,74651.97,1776298196000
1776298198.293,298.293,0.03,0.05,0.95,0.97,0.02,0.02,74651.97,1776298196000
1776298198.643,298.643,0.02,0.03,0.97,0.98,0.01,0.01,74653.07,1776298197000
1776298198.983,298.983,0.01,0.03,0.97,0.98,0.02,0.01,74653.07,1776298197000
1776298199.365,299.365,0.01,0.01,0.99,0.99,0.0,0.0,74653.07,1776298197000
1776298199.754,299.754,0.01,0.01,0.99,0.99,0.0,0.0,74652.1,1776298198000
1776298200.31,300.31,0.01,0.01,0.99,0.99,0.0,0.0,74652.1,1776298198000
1776298200.653,300.653,0.01,0.01,0.99,0.99,0.0,0.0,74652.1,1776298199000

# RESULT,winner=Down,slug=btc-updown-5m-1776297900,ticks=705
