timestamp,elapsed_sec,up_bid,up_ask,down_bid,down_ask,up_spread,down_spread,btc_price,btc_oracle_ts
1775951400.561,0.561,0.5,0.51,0.5,0.52,0.01,0.02,73094.0,1775951398000
1775951400.988,0.988,0.59,0.6,0.4,0.41,0.01,0.01,73094.0,1775951399000
1775951401.496,1.496,0.59,0.6,0.4,0.41,0.01,0.01,73094.0,1775951399000
1775951401.913,1.913,0.59,0.6,0.4,0.41,0.01,0.01,73094.0,1775951399000
1775951402.301,2.301,0.59,0.6,0.4,0.41,0.01,0.01,73094.46,1775951400000
1775951402.663,2.663,0.59,0.6,0.4,0.41,0.01,0.01,73094.46,1775951400000
1775951403.012,3.012,0.59,0.61,0.4,0.41,0.02,0.01,73094.46,1775951400000
1775951403.478,3.478,0.59,0.6,0.4,0.41,0.01,0.01,73096.11,1775951401000
1775951403.828,3.828,0.59,0.6,0.4,0.41,0.01,0.01,73096.11,1775951401000
1775951404.184,4.184,0.59,0.6,0.4,0.41,0.01,0.01,73096.11,1775951401000
1775951404.518,4.518,0.59,0.6,0.4,0.41,0.01,0.01,73096.11,1775951401000
1775951404.873,4.873,0.59,0.6,0.4,0.41,0.01,0.01,73098.65,1775951402000
1775951405.22,5.22,0.59,0.6,0.4,0.41,0.01,0.01,73098.65,1775951402000
1775951405.598,5.598,0.59,0.6,0.4,0.41,0.01,0.01,73098.65,1775951403000
1775951405.932,5.932,0.48,0.57,0.46,0.52,0.09,0.06,73098.65,1775951403000
1775951406.27,6.27,0.47,0.52,0.49,0.53,0.05,0.04,73098.65,1775951403000
1775951406.611,6.611,0.47,0.48,0.52,0.53,0.01,0.01,73098.65,1775951403000
1775951406.965,6.965,0.47,0.48,0.5,0.53,0.01,0.03,73098.72,1775951404000
1775951407.299,7.299,0.48,0.49,0.51,0.52,0.01,0.01,73098.72,1775951404000
1775951407.642,7.642,0.47,0.48,0.52,0.53,0.01,0.01,73098.72,1775951404000
1775951407.988,7.988,0.49,0.51,0.5,0.51,0.02,0.01,73092.93,1775951405000
1775951408.321,8.321,0.5,0.51,0.49,0.5,0.01,0.01,73092.93,1775951405000
1775951408.697,8.697,0.51,0.53,0.47,0.49,0.02,0.02,73092.93,1775951405000
1775951409.04,9.04,0.49,0.52,0.46,0.5,0.03,0.04,73087.72,1775951406000
1775951409.394,9.394,0.5,0.51,0.49,0.5,0.01,0.01,73087.72,1775951406000
1775951409.901,9.901,0.52,0.53,0.47,0.48,0.01,0.01,73081.78,1775951407000
1775951410.311,10.311,0.56,0.57,0.39,0.45,0.01,0.06,73081.78,1775951407000
1775951410.757,10.757,0.58,0.6,0.4,0.44,0.02,0.04,73076.79,1775951408000
1775951411.11,11.11,0.61,0.62,0.38,0.39,0.01,0.01,73076.79,1775951408000
1775951411.495,11.495,0.61,0.62,0.38,0.39,0.01,0.01,73076.79,1775951408000
1775951411.832,11.832,0.61,0.62,0.38,0.39,0.01,0.01,73076.14,1775951409000
1775951412.217,12.217,0.61,0.63,0.38,0.39,0.02,0.01,73076.14,1775951409000
1775951412.565,12.565,0.59,0.6,0.38,0.39,0.01,0.01,73076.14,1775951409000
1775951412.923,12.923,0.56,0.58,0.42,0.43,0.02,0.01,73076.14,1775951409000
1775951413.261,13.261,0.54,0.55,0.44,0.46,0.01,0.02,73076.36,1775951410000
1775951413.903,13.903,0.53,0.55,0.45,0.47,0.02,0.02,73080.28,1775951411000
1775951414.254,14.254,0.53,0.55,0.45,0.46,0.02,0.01,73080.28,1775951411000
1775951414.677,14.677,0.53,0.54,0.46,0.47,0.01,0.01,73080.28,1775951411000
1775951415.058,15.058,0.51,0.52,0.47,0.49,0.01,0.02,73080.28,1775951411000
1775951415.395,15.395,0.51,0.52,0.48,0.49,0.01,0.01,73083.62,1775951412000
1775951415.761,15.761,0.5,0.51,0.49,0.5,0.01,0.01,73083.62,1775951412000
1775951416.099,16.099,0.5,0.51,0.49,0.5,0.01,0.01,73085.12,1775951413000
1775951416.497,16.497,0.5,0.51,0.49,0.5,0.01,0.01,73078.59,1775951414000
1775951416.84,16.84,0.51,0.54,0.46,0.49,0.03,0.03,73078.59,1775951414000
1775951417.236,17.236,0.54,0.55,0.45,0.46,0.01,0.01,73078.59,1775951414000
1775951417.59,17.59,0.55,0.56,0.44,0.45,0.01,0.01,73077.32,1775951415000
1775951417.978,17.978,0.55,0.56,0.44,0.45,0.01,0.01,73077.32,1775951415000
1775951418.316,18.316,0.55,0.56,0.44,0.46,0.01,0.02,73077.32,1775951415000
1775951418.694,18.694,0.55,0.56,0.44,0.45,0.01,0.01,73077.26,1775951416000
1775951419.189,19.189,0.55,0.56,0.44,0.45,0.01,0.01,73079.33,1775951417000
1775951419.541,19.541,0.48,0.51,0.48,0.5,0.03,0.02,73079.33,1775951417000
1775951420.065,20.065,0.49,0.5,0.5,0.51,0.01,0.01,73082.66,1775951418000
1775951420.508,20.508,0.49,0.5,0.5,0.51,0.01,0.01,73082.7,1775951419000
1775951420.841,20.841,0.48,0.49,0.51,0.52,0.01,0.01,73082.7,1775951419000
1775951421.185,21.185,0.48,0.49,0.51,0.52,0.01,0.01,73082.7,1775951419000
1775951421.522,21.522,0.47,0.48,0.51,0.52,0.01,0.01,73078.63,1775951420000
1775951422.247,22.247,0.47,0.48,0.52,0.53,0.01,0.01,73076.96,1775951421000
1775951422.756,22.756,0.47,0.48,0.52,0.53,0.01,0.01,73076.96,1775951421000
1775951423.103,23.103,0.47,0.48,0.52,0.53,0.01,0.01,73076.96,1775951421000
1775951423.468,23.468,0.45,0.46,0.54,0.55,0.01,0.01,73076.71,1775951422000
1775951423.859,23.859,0.45,0.46,0.54,0.55,0.01,0.01,73076.71,1775951422000
1775951424.23,24.23,0.45,0.46,0.54,0.55,0.01,0.01,73076.71,1775951423000
1775951424.699,24.699,0.44,0.45,0.55,0.56,0.01,0.01,73076.71,1775951423000
1775951425.14,25.14,0.4,0.42,0.58,0.6,0.02,0.02,73078.02,1775951424000
1775951425.473,25.473,0.41,0.43,0.57,0.59,0.02,0.02,73078.02,1775951424000
1775951425.818,25.818,0.41,0.42,0.57,0.59,0.01,0.02,73078.02,1775951424000
1775951426.225,26.225,0.45,0.46,0.53,0.55,0.01,0.02,73078.02,1775951424000
1775951426.719,26.719,0.45,0.46,0.54,0.55,0.01,0.01,73075.99,1775951425000
1775951427.122,27.122,0.45,0.46,0.54,0.55,0.01,0.01,73075.99,1775951425000
1775951427.522,27.522,0.46,0.47,0.53,0.54,0.01,0.01,73072.88,1775951426000
1775951427.858,27.858,0.44,0.45,0.55,0.56,0.01,0.01,73072.88,1775951426000
1775951428.201,28.201,0.39,0.4,0.6,0.61,0.01,0.01,73072.63,1775951427000
1775951428.652,28.652,0.39,0.4,0.6,0.61,0.01,0.01,73072.63,1775951427000
1775951429.171,29.171,0.41,0.43,0.57,0.6,0.02,0.03,73072.63,1775951427000
1775951429.522,29.522,0.42,0.43,0.57,0.58,0.01,0.01,73071.49,1775951428000
1775951430.173,30.173,0.42,0.43,0.57,0.58,0.01,0.01,73071.49,1775951428000
1775951430.545,30.545,0.42,0.43,0.57,0.58,0.01,0.01,73070.59,1775951429000
1775951430.895,30.895,0.43,0.44,0.56,0.57,0.01,0.01,73070.59,1775951429000
1775951431.304,31.304,0.44,0.45,0.55,0.56,0.01,0.01,73070.59,1775951430000
1775951431.637,31.637,0.44,0.45,0.55,0.56,0.01,0.01,73070.59,1775951430000
1775951432.203,32.203,0.44,0.45,0.55,0.56,0.01,0.01,73070.59,1775951430000
1775951432.541,32.541,0.38,0.41,0.59,0.62,0.03,0.03,73070.59,1775951430000
1775951432.909,32.909,0.31,0.34,0.65,0.68,0.03,0.03,73070.64,1775951431000
1775951433.319,33.319,0.31,0.32,0.68,0.69,0.01,0.01,73070.61,1775951432000
1775951433.66,33.66,0.3,0.31,0.69,0.7,0.01,0.01,73070.61,1775951432000
1775951434.015,34.015,0.3,0.31,0.69,0.7,0.01,0.01,73070.61,1775951432000
1775951434.356,34.356,0.3,0.31,0.69,0.7,0.01,0.01,73063.32,1775951433000
1775951434.971,34.971,0.3,0.31,0.69,0.71,0.01,0.02,73063.32,1775951433000
1775951435.569,35.569,0.31,0.32,0.68,0.69,0.01,0.01,73063.32,1775951433000
1775951435.951,35.951,0.31,0.32,0.68,0.69,0.01,0.01,73053.71,1775951434000
1775951436.33,36.33,0.31,0.32,0.68,0.69,0.01,0.01,73053.77,1775951435000
1775951436.798,36.798,0.32,0.33,0.68,0.69,0.01,0.01,73053.77,1775951435000
1775951437.196,37.196,0.31,0.33,0.67,0.68,0.02,0.01,73053.77,1775951435000
1775951437.644,37.644,0.32,0.33,0.67,0.69,0.01,0.02,73052.99,1775951436000
1775951437.983,37.983,0.29,0.31,0.68,0.7,0.02,0.02,73052.99,1775951436000
1775951438.32,38.32,0.28,0.3,0.7,0.72,0.02,0.02,73053.43,1775951437000
1775951438.725,38.725,0.28,0.29,0.71,0.72,0.01,0.01,73053.43,1775951437000
1775951439.064,39.064,0.27,0.28,0.72,0.73,0.01,0.01,73053.43,1775951437000
1775951439.512,39.512,0.26,0.27,0.73,0.74,0.01,0.01,73053.43,1775951438000
1775951440.068,40.068,0.26,0.27,0.73,0.74,0.01,0.01,73051.1,1775951439000
1775951440.531,40.531,0.26,0.27,0.73,0.74,0.01,0.01,73051.1,1775951439000
1775951440.875,40.875,0.27,0.28,0.73,0.74,0.01,0.01,73051.1,1775951439000
1775951441.231,41.231,0.27,0.28,0.72,0.73,0.01,0.01,73051.1,1775951439000
1775951441.59,41.59,0.27,0.28,0.72,0.73,0.01,0.01,73045.98,1775951440000
1775951441.927,41.927,0.27,0.28,0.72,0.73,0.01,0.01,73045.98,1775951440000
1775951442.297,42.297,0.26,0.27,0.72,0.74,0.01,0.02,73045.98,1775951440000
1775951442.737,42.737,0.26,0.27,0.73,0.74,0.01,0.01,73044.19,1775951441000
1775951443.236,43.236,0.26,0.27,0.73,0.74,0.01,0.01,73044.1,1775951442000
1775951443.675,43.675,0.26,0.28,0.73,0.74,0.02,0.01,73044.1,1775951442000
1775951444.119,44.119,0.27,0.28,0.72,0.74,0.01,0.02,73044.1,1775951442000
1775951444.582,44.582,0.26,0.27,0.73,0.74,0.01,0.01,73043.93,1775951443000
1775951445.121,45.121,0.26,0.27,0.73,0.74,0.01,0.01,73043.93,1775951443000
1775951445.545,45.545,0.26,0.27,0.73,0.74,0.01,0.01,73043.93,1775951444000
1775951446.063,46.063,0.26,0.27,0.73,0.74,0.01,0.01,73043.76,1775951445000
1775951446.433,46.433,0.26,0.27,0.73,0.74,0.01,0.01,73043.76,1775951445000
1775951446.857,46.857,0.26,0.28,0.73,0.74,0.02,0.01,73043.76,1775951445000
1775951447.19,47.19,0.27,0.3,0.7,0.73,0.03,0.03,73043.75,1775951446000
1775951447.652,47.652,0.25,0.29,0.72,0.73,0.04,0.01,73043.75,1775951446000
1775951448.013,48.013,0.26,0.27,0.73,0.74,0.01,0.01,73043.75,1775951446000
1775951448.511,48.511,0.26,0.27,0.72,0.74,0.01,0.02,73043.99,1775951447000
1775951448.969,48.969,0.24,0.27,0.75,0.76,0.03,0.01,73043.99,1775951447000
1775951449.407,49.407,0.26,0.27,0.71,0.75,0.01,0.04,73043.36,1775951448000
1775951449.838,49.838,0.26,0.28,0.72,0.73,0.02,0.01,73043.36,1775951448000
1775951450.188,50.188,0.28,0.3,0.7,0.71,0.02,0.01,73042.9,1775951449000
1775951450.727,50.727,0.27,0.28,0.7,0.72,0.01,0.02,73042.9,1775951449000
1775951451.101,51.101,0.27,0.28,0.72,0.73,0.01,0.01,73042.79,1775951450000
1775951451.629,51.629,0.24,0.26,0.72,0.75,0.02,0.03,73042.79,1775951450000
1775951451.982,51.982,0.24,0.25,0.75,0.76,0.01,0.01,73042.79,1775951450000
1775951452.321,52.321,0.24,0.25,0.75,0.76,0.01,0.01,73042.79,1775951450000
1775951452.666,52.666,0.24,0.25,0.75,0.76,0.01,0.01,73042.91,1775951451000
1775951453.025,53.025,0.23,0.26,0.74,0.75,0.03,0.01,73042.91,1775951451000
1775951453.94,53.94,0.24,0.25,0.75,0.76,0.01,0.01,73042.93,1775951452000
1775951454.334,54.334,0.24,0.25,0.75,0.76,0.01,0.01,73042.93,1775951452000
1775951455.473,55.473,0.24,0.25,0.75,0.76,0.01,0.01,73041.91,1775951454000
1775951455.97,55.97,0.23,0.24,0.76,0.77,0.01,0.01,73041.93,1775951455000
1775951456.357,56.357,0.24,0.25,0.75,0.76,0.01,0.01,73041.93,1775951455000
1775951456.824,56.824,0.25,0.26,0.73,0.77,0.01,0.04,73041.93,1775951455000
1775951457.205,57.205,0.14,0.26,0.74,0.75,0.12,0.01,73041.34,1775951456000
1775951457.643,57.643,0.23,0.24,0.74,0.86,0.01,0.12,73041.34,1775951456000
1775951458.0,58.0,0.21,0.22,0.77,0.79,0.01,0.02,73041.34,1775951456000
1775951458.609,58.609,0.21,0.22,0.78,0.79,0.01,0.01,73041.92,1775951457000
1775951458.991,58.991,0.28,0.3,0.72,0.73,0.02,0.01,73041.92,1775951457000
1775951459.399,59.399,0.28,0.29,0.71,0.72,0.01,0.01,73041.33,1775951458000
1775951459.757,59.757,0.29,0.3,0.7,0.72,0.01,0.02,73041.33,1775951458000
1775951460.105,60.105,0.29,0.3,0.7,0.71,0.01,0.01,73041.33,1775951458000
1775951460.448,60.448,0.32,0.33,0.67,0.69,0.01,0.02,73043.3,1775951459000
1775951460.787,60.787,0.32,0.33,0.67,0.68,0.01,0.01,73043.3,1775951459000
1775951461.236,61.236,0.33,0.34,0.66,0.68,0.01,0.02,73043.3,1775951459000
1775951461.573,61.573,0.33,0.34,0.65,0.67,0.01,0.02,73050.88,1775951460000
1775951462.043,62.043,0.32,0.33,0.67,0.68,0.01,0.01,73050.88,1775951460000
1775951462.522,62.522,0.32,0.33,0.67,0.68,0.01,0.01,73054.33,1775951461000
1775951462.873,62.873,0.32,0.33,0.67,0.68,0.01,0.01,73054.33,1775951461000
1775951463.259,63.259,0.32,0.33,0.67,0.68,0.01,0.01,73054.33,1775951461000
1775951464.11,64.11,0.32,0.33,0.67,0.68,0.01,0.01,73055.53,1775951462000
1775951464.451,64.451,0.32,0.34,0.67,0.68,0.02,0.01,73056.49,1775951463000
1775951464.792,64.792,0.33,0.34,0.66,0.67,0.01,0.01,73056.49,1775951463000
1775951465.155,65.155,0.33,0.34,0.66,0.67,0.01,0.01,73056.49,1775951463000
1775951465.58,65.58,0.33,0.34,0.66,0.67,0.01,0.01,73056.76,1775951464000
1775951465.994,65.994,0.33,0.34,0.66,0.67,0.01,0.01,73056.76,1775951464000
1775951466.387,66.387,0.33,0.34,0.66,0.67,0.01,0.01,73058.44,1775951465000
1775951467.067,67.067,0.34,0.35,0.65,0.67,0.01,0.02,73058.44,1775951465000
1775951467.412,67.412,0.34,0.35,0.65,0.66,0.01,0.01,73061.42,1775951466000
1775951468.046,68.046,0.34,0.35,0.65,0.66,0.01,0.01,73061.73,1775951467000
1775951468.67,68.67,0.34,0.35,0.65,0.66,0.01,0.01,73061.73,1775951467000
1775951469.064,69.064,0.34,0.35,0.65,0.66,0.01,0.01,73061.7,1775951468000
1775951469.528,69.528,0.34,0.35,0.65,0.66,0.01,0.01,73061.7,1775951468000
1775951469.938,69.938,0.34,0.35,0.65,0.66,0.01,0.01,73061.7,1775951468000
1775951470.276,70.276,0.34,0.35,0.65,0.66,0.01,0.01,73061.87,1775951469000
1775951470.651,70.651,0.35,0.36,0.64,0.65,0.01,0.01,73061.87,1775951469000
1775951471.134,71.134,0.37,0.38,0.62,0.63,0.01,0.01,73063.22,1775951470000
1775951471.553,71.553,0.37,0.38,0.62,0.63,0.01,0.01,73063.22,1775951470000
1775951471.891,71.891,0.37,0.38,0.62,0.63,0.01,0.01,73063.22,1775951471000
1775951472.31,72.31,0.37,0.38,0.62,0.63,0.01,0.01,73063.22,1775951471000
1775951472.667,72.667,0.37,0.38,0.62,0.63,0.01,0.01,73063.22,1775951471000
1775951473.004,73.004,0.37,0.38,0.62,0.63,0.01,0.01,73063.13,1775951472000
1775951473.397,73.397,0.37,0.38,0.62,0.63,0.01,0.01,73063.13,1775951472000
1775951473.788,73.788,0.37,0.38,0.62,0.63,0.01,0.01,73063.13,1775951472000
1775951474.296,74.296,0.37,0.38,0.62,0.63,0.01,0.01,73064.87,1775951473000
1775951474.644,74.644,0.37,0.38,0.62,0.63,0.01,0.01,73064.87,1775951473000
1775951475.104,75.104,0.37,0.38,0.62,0.63,0.01,0.01,73065.06,1775951474000
1775951475.437,75.437,0.28,0.34,0.66,0.72,0.06,0.06,73065.06,1775951474000
1775951475.789,75.789,0.31,0.32,0.68,0.69,0.01,0.01,73065.06,1775951474000
1775951476.167,76.167,0.28,0.29,0.71,0.72,0.01,0.01,73065.15,1775951475000
1775951476.501,76.501,0.26,0.29,0.71,0.72,0.03,0.01,73065.15,1775951475000
1775951476.981,76.981,0.25,0.26,0.73,0.78,0.01,0.05,73065.15,1775951475000
1775951477.338,77.338,0.25,0.26,0.74,0.75,0.01,0.01,73065.15,1775951475000
1775951477.745,77.745,0.25,0.26,0.74,0.75,0.01,0.01,73060.98,1775951476000
1775951478.121,78.121,0.25,0.26,0.74,0.75,0.01,0.01,73057.77,1775951477000
1775951478.463,78.463,0.25,0.26,0.74,0.75,0.01,0.01,73057.77,1775951477000
1775951478.801,78.801,0.25,0.26,0.74,0.75,0.01,0.01,73057.77,1775951477000
1775951479.242,79.242,0.25,0.26,0.74,0.75,0.01,0.01,73057.77,1775951477000
1775951479.596,79.596,0.25,0.26,0.74,0.75,0.01,0.01,73057.09,1775951478000
1775951480.002,80.002,0.25,0.26,0.74,0.75,0.01,0.01,73057.09,1775951478000
1775951480.404,80.404,0.25,0.27,0.73,0.75,0.02,0.02,73057.07,1775951479000
1775951480.762,80.762,0.26,0.27,0.73,0.74,0.01,0.01,73057.07,1775951479000
1775951481.129,81.129,0.23,0.24,0.76,0.77,0.01,0.01,73056.94,1775951480000
1775951481.708,81.708,0.25,0.26,0.76,0.77,0.01,0.01,73056.94,1775951480000
1775951482.125,82.125,0.25,0.26,0.74,0.75,0.01,0.01,73056.94,1775951481000
1775951482.547,82.547,0.25,0.26,0.74,0.75,0.01,0.01,73056.94,1775951481000
1775951482.982,82.982,0.24,0.26,0.74,0.75,0.02,0.01,73056.94,1775951481000
1775951483.565,83.565,0.28,0.29,0.71,0.72,0.01,0.01,73057.2,1775951482000
1775951483.915,83.915,0.28,0.29,0.71,0.72,0.01,0.01,73057.2,1775951483000
1775951484.358,84.358,0.26,0.27,0.71,0.74,0.01,0.03,73057.2,1775951483000
1775951484.846,84.846,0.25,0.26,0.73,0.74,0.01,0.01,73057.2,1775951483000
1775951485.884,85.884,0.25,0.26,0.74,0.75,0.01,0.01,73056.29,1775951484000
1775951486.506,86.506,0.23,0.24,0.74,0.79,0.01,0.05,73055.79,1775951485000
1775951487.282,87.282,0.23,0.24,0.76,0.77,0.01,0.01,73055.58,1775951486000
1775951487.755,87.755,0.25,0.27,0.73,0.76,0.02,0.03,73055.58,1775951486000
1775951488.29,88.29,0.26,0.27,0.73,0.74,0.01,0.01,73055.58,1775951486000
1775951488.709,88.709,0.28,0.29,0.71,0.74,0.01,0.03,73055.54,1775951487000
1775951489.113,89.113,0.28,0.29,0.71,0.72,0.01,0.01,73055.52,1775951488000
1775951489.497,89.497,0.29,0.3,0.71,0.72,0.01,0.01,73055.52,1775951488000
1775951489.887,89.887,0.31,0.32,0.68,0.69,0.01,0.01,73055.52,1775951488000
1775951490.26,90.26,0.33,0.34,0.66,0.67,0.01,0.01,73055.64,1775951489000
1775951490.743,90.743,0.33,0.34,0.66,0.67,0.01,0.01,73055.64,1775951489000
1775951491.082,91.082,0.33,0.34,0.66,0.67,0.01,0.01,73055.64,1775951489000
1775951491.415,91.415,0.33,0.34,0.66,0.67,0.01,0.01,73055.64,1775951489000
1775951491.779,91.779,0.33,0.34,0.66,0.67,0.01,0.01,73056.12,1775951490000
1775951492.114,92.114,0.33,0.34,0.66,0.67,0.01,0.01,73056.12,1775951490000
1775951492.528,92.528,0.33,0.34,0.66,0.67,0.01,0.01,73056.12,1775951490000
1775951492.867,92.867,0.33,0.34,0.66,0.67,0.01,0.01,73058.16,1775951491000
1775951493.221,93.221,0.33,0.34,0.66,0.67,0.01,0.01,73059.92,1775951492000
1775951493.734,93.734,0.32,0.33,0.66,0.68,0.01,0.02,73059.92,1775951492000
1775951494.154,94.154,0.32,0.33,0.67,0.68,0.01,0.01,73059.92,1775951492000
1775951494.489,94.489,0.32,0.33,0.67,0.68,0.01,0.01,73060.61,1775951493000
1775951495.033,95.033,0.36,0.37,0.63,0.65,0.01,0.02,73060.61,1775951493000
1775951495.461,95.461,0.37,0.38,0.62,0.63,0.01,0.01,73060.48,1775951494000
1775951496.13,96.13,0.37,0.38,0.62,0.63,0.01,0.01,73060.48,1775951494000
1775951496.561,96.561,0.37,0.4,0.62,0.63,0.03,0.01,73060.48,1775951494000
1775951496.931,96.931,0.39,0.4,0.6,0.61,0.01,0.01,73060.89,1775951495000
1775951497.392,97.392,0.39,0.4,0.6,0.61,0.01,0.01,73064.1,1775951496000
1775951497.991,97.991,0.39,0.4,0.6,0.61,0.01,0.01,73064.1,1775951496000
1775951498.534,98.534,0.39,0.41,0.6,0.61,0.02,0.01,73064.1,1775951496000
1775951499.145,99.145,0.4,0.41,0.59,0.6,0.01,0.01,73066.02,1775951498000
1775951499.562,99.562,0.4,0.41,0.59,0.6,0.01,0.01,73066.02,1775951498000
1775951500.001,100.001,0.4,0.41,0.59,0.6,0.01,0.01,73066.02,1775951498000
1775951500.386,100.386,0.4,0.41,0.59,0.6,0.01,0.01,73066.02,1775951498000
1775951500.725,100.725,0.4,0.41,0.59,0.6,0.01,0.01,73065.74,1775951499000
1775951501.064,101.064,0.4,0.42,0.58,0.6,0.02,0.02,73066.2,1775951500000
1775951501.684,101.684,0.41,0.42,0.58,0.6,0.01,0.02,73066.2,1775951500000
1775951502.252,102.252,0.42,0.46,0.54,0.58,0.04,0.04,73067.61,1775951501000
1775951502.732,102.732,0.45,0.46,0.55,0.56,0.01,0.01,73067.61,1775951501000
1775951503.079,103.079,0.45,0.46,0.54,0.55,0.01,0.01,73067.61,1775951501000
1775951503.544,103.544,0.47,0.48,0.52,0.53,0.01,0.01,73067.61,1775951501000
1775951504.211,104.211,0.48,0.49,0.51,0.52,0.01,0.01,73067.85,1775951502000
1775951504.548,104.548,0.48,0.49,0.51,0.52,0.01,0.01,73067.93,1775951503000
1775951505.025,105.025,0.48,0.49,0.51,0.52,0.01,0.01,73067.93,1775951503000
1775951505.595,105.595,0.48,0.49,0.51,0.52,0.01,0.01,73067.93,1775951503000
1775951506.011,106.011,0.48,0.49,0.51,0.52,0.01,0.01,73070.91,1775951504000
1775951506.379,106.379,0.49,0.5,0.5,0.51,0.01,0.01,73071.55,1775951505000
1775951506.735,106.735,0.49,0.51,0.5,0.51,0.02,0.01,73071.55,1775951505000
1775951507.092,107.092,0.5,0.51,0.49,0.5,0.01,0.01,73071.55,1775951505000
1775951507.429,107.429,0.5,0.51,0.49,0.5,0.01,0.01,73071.84,1775951506000
1775951507.948,107.948,0.5,0.51,0.49,0.5,0.01,0.01,73071.84,1775951506000
1775951508.531,108.531,0.5,0.51,0.49,0.5,0.01,0.01,73071.84,1775951507000
1775951508.869,108.869,0.5,0.51,0.49,0.5,0.01,0.01,73071.84,1775951507000
1775951509.483,109.483,0.5,0.52,0.49,0.5,0.02,0.01,73072.65,1775951508000
1775951509.858,109.858,0.51,0.52,0.48,0.49,0.01,0.01,73072.65,1775951508000
1775951510.25,110.25,0.51,0.52,0.48,0.49,0.01,0.01,73072.65,1775951508000
1775951510.754,110.754,0.5,0.51,0.49,0.5,0.01,0.01,73073.31,1775951509000
1775951511.234,111.234,0.5,0.51,0.49,0.5,0.01,0.01,73073.31,1775951509000
1775951511.828,111.828,0.51,0.52,0.48,0.49,0.01,0.01,73073.72,1775951510000
1775951512.397,112.397,0.51,0.52,0.48,0.49,0.01,0.01,73074.4,1775951511000
1775951512.812,112.812,0.51,0.89,0.48,0.49,0.38,0.01,73074.4,1775951511000
1775951513.226,113.226,0.53,0.54,0.46,0.47,0.01,0.01,73074.4,1775951511000
1775951513.594,113.594,0.61,0.62,0.38,0.39,0.01,0.01,73074.4,1775951511000
1775951513.936,113.936,0.6,0.61,0.39,0.4,0.01,0.01,73074.42,1775951512000
1775951514.278,114.278,0.6,0.61,0.39,0.4,0.01,0.01,73074.42,1775951512000
1775951514.612,114.612,0.6,0.61,0.39,0.4,0.01,0.01,73074.42,1775951513000
1775951514.953,114.953,0.59,0.6,0.4,0.41,0.01,0.01,73074.42,1775951513000
1775951515.298,115.298,0.59,0.6,0.4,0.41,0.01,0.01,73074.42,1775951513000
1775951515.731,115.731,0.58,0.59,0.41,0.42,0.01,0.01,73074.42,1775951514000
1775951516.358,116.358,0.57,0.58,0.42,0.43,0.01,0.01,73074.42,1775951514000
1775951516.716,116.716,0.61,0.62,0.38,0.39,0.01,0.01,73074.42,1775951515000
1775951517.238,117.238,0.61,0.62,0.38,0.39,0.01,0.01,73074.59,1775951516000
1775951517.631,117.631,0.61,0.62,0.38,0.39,0.01,0.01,73074.59,1775951516000
1775951518.003,118.003,0.58,0.59,0.4,0.41,0.01,0.01,73074.59,1775951516000
1775951518.538,118.538,0.58,0.59,0.41,0.42,0.01,0.01,73074.73,1775951517000
1775951519.134,119.134,0.57,0.58,0.42,0.43,0.01,0.01,73074.73,1775951517000
1775951519.488,119.488,0.57,0.58,0.42,0.43,0.01,0.01,73075.02,1775951518000
1775951520.023,120.023,0.53,0.57,0.45,0.47,0.04,0.02,73075.02,1775951518000
1775951520.423,120.423,0.53,0.55,0.45,0.46,0.02,0.01,73075.49,1775951519000
1775951520.912,120.912,0.53,0.54,0.46,0.47,0.01,0.01,73075.49,1775951519000
1775951521.253,121.253,0.53,0.55,0.45,0.46,0.02,0.01,73075.49,1775951519000
1775951521.667,121.667,0.53,0.54,0.46,0.47,0.01,0.01,73075.49,1775951519000
1775951522.004,122.004,0.52,0.94,0.46,0.47,0.42,0.01,73076.05,1775951520000
1775951522.41,122.41,0.53,0.54,0.46,0.48,0.01,0.02,73076.05,1775951520000
1775951522.754,122.754,0.61,0.62,0.38,0.39,0.01,0.01,73076.03,1775951521000
1775951523.218,123.218,0.6,0.61,0.39,0.4,0.01,0.01,73076.03,1775951522000
1775951523.584,123.584,0.58,0.59,0.4,0.43,0.01,0.03,73076.03,1775951522000
1775951523.918,123.918,0.57,0.58,0.42,0.43,0.01,0.01,73076.03,1775951522000
1775951524.583,124.583,0.56,0.57,0.42,0.44,0.01,0.02,73076.03,1775951522000
1775951525.015,125.015,0.55,0.56,0.44,0.45,0.01,0.01,73076.04,1775951523000
1775951525.358,125.358,0.55,0.56,0.44,0.45,0.01,0.01,73076.04,1775951523000
1775951526.081,126.081,0.53,0.54,0.45,0.46,0.01,0.01,73076.04,1775951524000
1775951526.566,126.566,0.52,0.53,0.46,0.48,0.01,0.02,73076.04,1775951524000
1775951526.952,126.952,0.51,0.52,0.48,0.49,0.01,0.01,73076.07,1775951525000
1775951527.489,127.489,0.51,0.52,0.48,0.49,0.01,0.01,73075.85,1775951526000
1775951528.05,128.05,0.5,0.51,0.49,0.5,0.01,0.01,73075.85,1775951526000
1775951528.476,128.476,0.5,0.51,0.49,0.5,0.01,0.01,73076.0,1775951527000
1775951528.866,128.866,0.49,0.5,0.5,0.51,0.01,0.01,73076.0,1775951527000
1775951529.216,129.216,0.49,0.5,0.5,0.51,0.01,0.01,73076.0,1775951527000
1775951529.569,129.569,0.49,0.5,0.5,0.51,0.01,0.01,73076.0,1775951527000
1775951529.99,129.99,0.49,0.5,0.5,0.51,0.01,0.01,73075.84,1775951528000
1775951530.339,130.339,0.49,0.5,0.5,0.51,0.01,0.01,73075.92,1775951529000
1775951531.167,131.167,0.49,0.5,0.5,0.51,0.01,0.01,73075.92,1775951529000
1775951531.588,131.588,0.49,0.5,0.5,0.51,0.01,0.01,73075.84,1775951530000
1775951531.921,131.921,0.49,0.5,0.5,0.51,0.01,0.01,73075.84,1775951530000
1775951532.293,132.293,0.49,0.5,0.5,0.51,0.01,0.01,73075.84,1775951531000
1775951532.639,132.639,0.48,0.49,0.5,0.52,0.01,0.02,73075.84,1775951531000
1775951533.2,133.2,0.47,0.49,0.51,0.53,0.02,0.02,73075.85,1775951532000
1775951533.557,133.557,0.47,0.48,0.52,0.53,0.01,0.01,73075.85,1775951532000
1775951533.98,133.98,0.46,0.47,0.52,0.53,0.01,0.01,73075.85,1775951532000
1775951534.406,134.406,0.46,0.47,0.53,0.54,0.01,0.01,73075.7,1775951533000
1775951535.276,135.276,0.46,0.47,0.53,0.54,0.01,0.01,73075.43,1775951534000
1775951535.683,135.683,0.45,0.46,0.54,0.55,0.01,0.01,73075.43,1775951534000
1775951536.036,136.036,0.44,0.45,0.55,0.56,0.01,0.01,73075.43,1775951534000
1775951536.567,136.567,0.44,0.45,0.55,0.56,0.01,0.01,73075.27,1775951535000
1775951537.055,137.055,0.44,0.45,0.55,0.56,0.01,0.01,73075.27,1775951535000
1775951537.447,137.447,0.44,0.45,0.55,0.56,0.01,0.01,73075.3,1775951536000
1775951538.288,138.288,0.44,0.45,0.55,0.56,0.01,0.01,73075.4,1775951537000
1775951538.835,138.835,0.44,0.45,0.55,0.56,0.01,0.01,73075.4,1775951538000
1775951539.29,139.29,0.44,0.45,0.55,0.56,0.01,0.01,73075.4,1775951538000
1775951539.713,139.713,0.43,0.44,0.55,0.56,0.01,0.01,73075.4,1775951538000
1775951540.119,140.119,0.43,0.44,0.56,0.57,0.01,0.01,73075.42,1775951539000
1775951540.476,140.476,0.43,0.44,0.56,0.57,0.01,0.01,73075.42,1775951539000
1775951540.882,140.882,0.43,0.44,0.56,0.57,0.01,0.01,73075.42,1775951539000
1775951541.257,141.257,0.43,0.44,0.56,0.57,0.01,0.01,73075.45,1775951540000
1775951541.655,141.655,0.42,0.44,0.55,0.56,0.02,0.01,73075.45,1775951540000
1775951542.173,142.173,0.37,0.38,0.6,0.63,0.01,0.03,73075.43,1775951541000
1775951542.53,142.53,0.34,0.35,0.65,0.66,0.01,0.01,73075.43,1775951541000
1775951542.909,142.909,0.34,0.35,0.65,0.66,0.01,0.01,73075.43,1775951542000
1775951543.28,143.28,0.35,0.36,0.64,0.65,0.01,0.01,73075.43,1775951542000
1775951543.752,143.752,0.36,0.37,0.63,0.64,0.01,0.01,73075.43,1775951542000
1775951544.157,144.157,0.4,0.41,0.58,0.64,0.01,0.06,73075.34,1775951543000
1775951544.551,144.551,0.39,0.41,0.59,0.6,0.02,0.01,73075.34,1775951543000
1775951545.171,145.171,0.39,0.4,0.6,0.61,0.01,0.01,73075.34,1775951543000
1775951545.719,145.719,0.39,0.4,0.6,0.61,0.01,0.01,73075.23,1775951544000
1775951546.081,146.081,0.39,0.4,0.6,0.61,0.01,0.01,73075.23,1775951544000
1775951546.661,146.661,0.4,0.41,0.59,0.6,0.01,0.01,73075.23,1775951545000
1775951547.085,147.085,0.4,0.41,0.59,0.6,0.01,0.01,73075.2,1775951546000
1775951547.433,147.433,0.4,0.41,0.59,0.6,0.01,0.01,73075.2,1775951546000
1775951547.786,147.786,0.4,0.41,0.59,0.6,0.01,0.01,73075.2,1775951546000
1775951548.224,148.224,0.39,0.4,0.59,0.61,0.01,0.02,73075.2,1775951547000
1775951548.639,148.639,0.32,0.4,0.6,0.61,0.08,0.01,73075.2,1775951547000
1775951548.991,148.991,0.33,0.34,0.66,0.67,0.01,0.01,73075.2,1775951548000
1775951549.406,149.406,0.33,0.34,0.66,0.67,0.01,0.01,73075.2,1775951548000
1775951549.986,149.986,0.33,0.43,0.57,0.67,0.1,0.1,73075.27,1775951549000
1775951550.362,150.362,0.37,0.38,0.57,0.67,0.01,0.1,73075.27,1775951549000
1775951550.871,150.871,0.37,0.38,0.62,0.63,0.01,0.01,73075.27,1775951550000
1775951551.205,151.205,0.37,0.38,0.62,0.63,0.01,0.01,73075.27,1775951550000
1775951551.764,151.764,0.05,0.39,0.61,0.62,0.34,0.01,73075.27,1775951550000
1775951552.216,152.216,0.3,0.31,0.64,0.67,0.01,0.03,73075.27,1775951550000
1775951552.575,152.575,0.28,0.29,0.71,0.72,0.01,0.01,73075.1,1775951551000
1775951553.025,153.025,0.28,0.31,0.71,0.72,0.03,0.01,73075.1,1775951551000
1775951553.366,153.366,0.3,0.31,0.69,0.71,0.01,0.02,73075.2,1775951552000
1775951553.889,153.889,0.29,0.3,0.69,0.7,0.01,0.01,73075.2,1775951552000
1775951554.338,154.338,0.26,0.28,0.73,0.74,0.02,0.01,73075.2,1775951553000
1775951554.775,154.775,0.26,0.27,0.73,0.74,0.01,0.01,73075.2,1775951553000
1775951555.158,155.158,0.26,0.27,0.73,0.74,0.01,0.01,73075.0,1775951554000
1775951555.51,155.51,0.3,0.32,0.67,0.74,0.02,0.07,73075.0,1775951554000
1775951555.909,155.909,0.28,0.29,0.71,0.72,0.01,0.01,73075.0,1775951554000
1775951556.286,156.286,0.3,0.31,0.7,0.71,0.01,0.01,73074.8,1775951555000
1775951556.619,156.619,0.28,0.29,0.71,0.72,0.01,0.01,73074.8,1775951555000
1775951557.143,157.143,0.29,0.3,0.7,0.72,0.01,0.02,73074.8,1775951555000
1775951557.52,157.52,0.27,0.28,0.69,0.76,0.01,0.07,73074.8,1775951556000
1775951557.957,157.957,0.28,0.3,0.71,0.72,0.02,0.01,73074.8,1775951556000
1775951558.355,158.355,0.29,0.3,0.7,0.71,0.01,0.01,73074.35,1775951557000
1775951558.747,158.747,0.27,0.28,0.71,0.72,0.01,0.01,73074.35,1775951557000
1775951559.229,159.229,0.21,0.26,0.74,0.75,0.05,0.01,73074.35,1775951557000
1775951559.574,159.574,0.19,0.2,0.8,0.81,0.01,0.01,73074.35,1775951558000
1775951559.98,159.98,0.19,0.2,0.8,0.81,0.01,0.01,73074.35,1775951558000
1775951560.396,160.396,0.2,0.21,0.79,0.8,0.01,0.01,73074.35,1775951558000
1775951560.966,160.966,0.22,0.23,0.78,0.79,0.01,0.01,73074.01,1775951559000
1775951561.327,161.327,0.21,0.23,0.77,0.79,0.02,0.02,73068.89,1775951560000
1775951561.718,161.718,0.23,0.25,0.76,0.78,0.02,0.02,73068.89,1775951560000
1775951562.308,162.308,0.24,0.25,0.75,0.76,0.01,0.01,73067.15,1775951561000
1775951562.751,162.751,0.24,0.25,0.75,0.76,0.01,0.01,73067.15,1775951561000
1775951563.097,163.097,0.24,0.25,0.75,0.76,0.01,0.01,73067.15,1775951561000
1775951563.512,163.512,0.24,0.25,0.74,0.76,0.01,0.02,73066.36,1775951562000
1775951563.857,163.857,0.13,0.16,0.82,0.85,0.03,0.03,73066.36,1775951562000
1775951564.325,164.325,0.12,0.13,0.87,0.88,0.01,0.01,73066.27,1775951563000
1775951564.696,164.696,0.11,0.12,0.87,0.88,0.01,0.01,73066.27,1775951563000
1775951565.083,165.083,0.09,0.1,0.9,0.91,0.01,0.01,73066.27,1775951563000
1775951565.454,165.454,0.09,0.1,0.9,0.91,0.01,0.01,73064.98,1775951564000
1775951565.956,165.956,0.08,0.1,0.9,0.91,0.02,0.01,73064.98,1775951564000
1775951566.431,166.431,0.07,0.09,0.92,0.93,0.02,0.01,73060.27,1775951565000
1775951566.768,166.768,0.09,0.1,0.9,0.91,0.01,0.01,73060.27,1775951565000
1775951567.145,167.145,0.09,0.14,0.86,0.91,0.05,0.05,73053.11,1775951566000
1775951567.777,167.777,0.13,0.14,0.86,0.87,0.01,0.01,73053.11,1775951566000
1775951568.194,168.194,0.13,0.14,0.86,0.87,0.01,0.01,73049.46,1775951567000
1775951568.545,168.545,0.13,0.14,0.85,0.87,0.01,0.02,73049.46,1775951567000
1775951568.935,168.935,0.15,0.16,0.85,0.87,0.01,0.02,73048.66,1775951568000
1775951569.286,169.286,0.15,0.16,0.84,0.85,0.01,0.01,73048.66,1775951568000
1775951569.627,169.627,0.15,0.16,0.84,0.85,0.01,0.01,73048.66,1775951568000
1775951569.967,169.967,0.15,0.16,0.84,0.85,0.01,0.01,73048.66,1775951568000
1775951570.339,170.339,0.15,0.16,0.84,0.85,0.01,0.01,73048.66,1775951568000
1775951570.725,170.725,0.15,0.16,0.84,0.88,0.01,0.04,73048.59,1775951569000
1775951571.083,171.083,0.15,0.16,0.84,0.85,0.01,0.01,73048.59,1775951569000
1775951571.443,171.443,0.15,0.16,0.84,0.85,0.01,0.01,73047.85,1775951570000
1775951571.929,171.929,0.11,0.12,0.88,0.91,0.01,0.03,73047.85,1775951570000
1775951572.509,172.509,0.11,0.12,0.88,0.89,0.01,0.01,73047.95,1775951571000
1775951572.909,172.909,0.12,0.13,0.88,0.89,0.01,0.01,73047.95,1775951571000
1775951573.391,173.391,0.12,0.13,0.87,0.88,0.01,0.01,73047.95,1775951572000
1775951574.171,174.171,0.12,0.13,0.87,0.88,0.01,0.01,73047.95,1775951572000
1775951574.548,174.548,0.12,0.13,0.87,0.88,0.01,0.01,73048.83,1775951573000
1775951574.953,174.953,0.12,0.13,0.87,0.88,0.01,0.01,73048.83,1775951573000
1775951575.325,175.325,0.11,0.12,0.87,0.9,0.01,0.03,73048.98,1775951574000
1775951576.269,176.269,0.12,0.13,0.87,0.88,0.01,0.01,73049.0,1775951575000
1775951576.775,176.775,0.08,0.1,0.84,0.92,0.02,0.08,73049.0,1775951575000
1775951577.163,177.163,0.15,0.16,0.84,0.85,0.01,0.01,73049.14,1775951576000
1775951577.695,177.695,0.15,0.16,0.84,0.85,0.01,0.01,73049.14,1775951576000
1775951578.197,178.197,0.15,0.18,0.84,0.85,0.03,0.01,73049.14,1775951576000
1775951578.579,178.579,0.15,0.16,0.81,0.85,0.01,0.04,73048.45,1775951577000
1775951578.965,178.965,0.15,0.16,0.84,0.85,0.01,0.01,73048.45,1775951577000
1775951579.4,179.4,0.16,0.17,0.82,0.85,0.01,0.03,73048.45,1775951577000
1775951579.826,179.826,0.16,0.17,0.83,0.84,0.01,0.01,73048.52,1775951578000
1775951580.195,180.195,0.16,0.17,0.84,0.85,0.01,0.01,73048.52,1775951578000
1775951580.567,180.567,0.15,0.16,0.84,0.85,0.01,0.01,73048.27,1775951579000
1775951580.942,180.942,0.16,0.17,0.83,0.84,0.01,0.01,73048.45,1775951580000
1775951581.322,181.322,0.17,0.18,0.82,0.84,0.01,0.02,73048.45,1775951580000
1775951581.658,181.658,0.16,0.17,0.83,0.84,0.01,0.01,73048.45,1775951580000
1775951582.042,182.042,0.17,0.18,0.82,0.83,0.01,0.01,73048.3,1775951581000
1775951582.452,182.452,0.16,0.17,0.82,0.84,0.01,0.02,73048.3,1775951581000
1775951582.844,182.844,0.16,0.17,0.83,0.84,0.01,0.01,73048.3,1775951581000
1775951583.207,183.207,0.16,0.18,0.82,0.83,0.02,0.01,73048.3,1775951581000
1775951583.803,183.803,0.16,0.17,0.82,0.85,0.01,0.03,73048.0,1775951582000
1775951584.149,184.149,0.2,0.21,0.79,0.8,0.01,0.01,73048.0,1775951582000
1775951584.548,184.548,0.19,0.2,0.81,0.82,0.01,0.01,73048.0,1775951582000
1775951585.072,185.072,0.18,0.2,0.81,0.82,0.02,0.01,73048.05,1775951583000
1775951585.618,185.618,0.17,0.18,0.82,0.83,0.01,0.01,73047.98,1775951584000
1775951586.091,186.091,0.2,0.21,0.78,0.82,0.01,0.04,73047.98,1775951584000
1775951586.601,186.601,0.2,0.21,0.79,0.8,0.01,0.01,73047.92,1775951585000
1775951586.949,186.949,0.2,0.21,0.79,0.8,0.01,0.01,73047.92,1775951585000
1775951587.342,187.342,0.28,0.3,0.7,0.73,0.02,0.03,73047.92,1775951586000
1775951587.677,187.677,0.3,0.31,0.69,0.7,0.01,0.01,73047.92,1775951586000
1775951588.014,188.014,0.3,0.32,0.69,0.7,0.02,0.01,73047.92,1775951586000
1775951588.351,188.351,0.3,0.31,0.69,0.7,0.01,0.01,73048.65,1775951587000
1775951588.875,188.875,0.31,0.32,0.68,0.69,0.01,0.01,73048.65,1775951587000
1775951589.232,189.232,0.31,0.32,0.68,0.69,0.01,0.01,73048.65,1775951587000
1775951589.613,189.613,0.31,0.32,0.68,0.69,0.01,0.01,73048.65,1775951587000
1775951590.316,190.316,0.31,0.32,0.68,0.69,0.01,0.01,73059.28,1775951589000
1775951590.659,190.659,0.31,0.32,0.68,0.69,0.01,0.01,73059.28,1775951589000
1775951591.05,191.05,0.31,0.32,0.68,0.69,0.01,0.01,73059.28,1775951589000
1775951591.444,191.444,0.32,0.33,0.67,0.68,0.01,0.01,73059.28,1775951589000
1775951591.796,191.796,0.32,0.33,0.67,0.68,0.01,0.01,73061.61,1775951590000
1775951592.147,192.147,0.32,0.33,0.67,0.68,0.01,0.01,73061.61,1775951590000
1775951592.505,192.505,0.32,0.33,0.67,0.68,0.01,0.01,73061.8,1775951591000
1775951592.923,192.923,0.33,0.34,0.66,0.68,0.01,0.02,73061.8,1775951591000
1775951593.275,193.275,0.33,0.34,0.66,0.68,0.01,0.02,73061.8,1775951591000
1775951593.68,193.68,0.32,0.33,0.67,0.68,0.01,0.01,73061.81,1775951592000
1775951594.045,194.045,0.33,0.34,0.66,0.67,0.01,0.01,73061.81,1775951592000
1775951594.424,194.424,0.36,0.37,0.63,0.65,0.01,0.02,73061.95,1775951593000
1775951594.764,194.764,0.33,0.34,0.66,0.67,0.01,0.01,73061.95,1775951593000
1775951595.102,195.102,0.33,0.34,0.66,0.67,0.01,0.01,73061.95,1775951593000
1775951595.485,195.485,0.33,0.34,0.66,0.67,0.01,0.01,73061.52,1775951594000
1775951595.862,195.862,0.33,0.34,0.66,0.67,0.01,0.01,73061.52,1775951594000
1775951596.491,196.491,0.33,0.34,0.66,0.67,0.01,0.01,73061.52,1775951594000
1775951596.885,196.885,0.36,0.37,0.63,0.64,0.01,0.01,73061.52,1775951594000
1775951597.22,197.22,0.34,0.36,0.63,0.65,0.02,0.02,73059.27,1775951595000
1775951597.595,197.595,0.33,0.35,0.64,0.66,0.02,0.02,73059.04,1775951596000
1775951597.997,197.997,0.34,0.35,0.65,0.66,0.01,0.01,73059.04,1775951596000
1775951598.353,198.353,0.34,0.35,0.65,0.66,0.01,0.01,73059.04,1775951596000
1775951598.733,198.733,0.33,0.34,0.66,0.67,0.01,0.01,73058.59,1775951597000
1775951599.114,199.114,0.33,0.34,0.66,0.67,0.01,0.01,73058.59,1775951597000
1775951599.524,199.524,0.33,0.34,0.66,0.67,0.01,0.01,73058.94,1775951598000
1775951600.046,200.046,0.33,0.34,0.66,0.67,0.01,0.01,73058.7,1775951599000
1775951600.59,200.59,0.33,0.34,0.66,0.67,0.01,0.01,73058.7,1775951599000
1775951600.98,200.98,0.33,0.34,0.66,0.67,0.01,0.01,73058.7,1775951599000
1775951601.855,201.855,0.33,0.34,0.66,0.67,0.01,0.01,73058.59,1775951600000
1775951602.48,202.48,0.33,0.34,0.66,0.67,0.01,0.01,73058.59,1775951600000
1775951603.3,203.3,0.32,0.34,0.66,0.67,0.02,0.01,73058.07,1775951601000
1775951603.686,203.686,0.32,0.33,0.67,0.68,0.01,0.01,73058.32,1775951602000
1775951604.037,204.037,0.32,0.33,0.67,0.68,0.01,0.01,73058.4,1775951603000
1775951604.378,204.378,0.32,0.34,0.67,0.68,0.02,0.01,73058.4,1775951603000
1775951605.028,205.028,0.32,0.34,0.66,0.68,0.02,0.02,73058.4,1775951603000
1775951605.397,205.397,0.31,0.32,0.68,0.69,0.01,0.01,73058.4,1775951603000
1775951605.883,205.883,0.28,0.29,0.68,0.7,0.01,0.02,73058.34,1775951604000
1775951606.237,206.237,0.28,0.29,0.71,0.72,0.01,0.01,73058.34,1775951604000
1775951606.77,206.77,0.27,0.28,0.72,0.73,0.01,0.01,73058.19,1775951605000
1775951607.156,207.156,0.27,0.28,0.72,0.73,0.01,0.01,73058.19,1775951605000
1775951607.513,207.513,0.26,0.27,0.71,0.74,0.01,0.03,73058.19,1775951606000
1775951607.967,207.967,0.27,0.28,0.73,0.74,0.01,0.01,73058.19,1775951606000
1775951608.429,208.429,0.25,0.27,0.73,0.74,0.02,0.01,73058.19,1775951606000
1775951608.767,208.767,0.24,0.25,0.75,0.76,0.01,0.01,73058.35,1775951607000
1775951609.189,209.189,0.26,0.28,0.74,0.76,0.02,0.02,73058.35,1775951607000
1775951609.721,209.721,0.25,0.27,0.73,0.74,0.02,0.01,73058.45,1775951608000
1775951610.092,210.092,0.23,0.24,0.74,0.75,0.01,0.01,73058.45,1775951608000
1775951610.471,210.471,0.23,0.24,0.76,0.77,0.01,0.01,73058.4,1775951609000
1775951610.983,210.983,0.23,0.24,0.76,0.77,0.01,0.01,73058.4,1775951609000
1775951611.403,211.403,0.21,0.23,0.77,0.78,0.02,0.01,73058.4,1775951609000
1775951611.785,211.785,0.18,0.19,0.8,0.82,0.01,0.02,73058.4,1775951609000
1775951612.17,212.17,0.18,0.19,0.81,0.82,0.01,0.01,73058.22,1775951610000
1775951612.559,212.559,0.2,0.21,0.79,0.8,0.01,0.01,73058.07,1775951611000
1775951613.01,213.01,0.16,0.18,0.82,0.83,0.02,0.01,73058.07,1775951611000
1775951613.582,213.582,0.15,0.16,0.84,0.85,0.01,0.01,73058.07,1775951612000
1775951614.208,214.208,0.15,0.16,0.84,0.85,0.01,0.01,73058.07,1775951612000
1775951614.542,214.542,0.15,0.16,0.84,0.85,0.01,0.01,73057.78,1775951613000
1775951615.01,215.01,0.16,0.17,0.83,0.85,0.01,0.02,73057.78,1775951613000
1775951615.376,215.376,0.16,0.17,0.83,0.84,0.01,0.01,73056.35,1775951614000
1775951615.897,215.897,0.15,0.16,0.83,0.85,0.01,0.02,73056.35,1775951614000
1775951616.238,216.238,0.15,0.16,0.84,0.85,0.01,0.01,73056.35,1775951614000
1775951616.709,216.709,0.16,0.17,0.83,0.84,0.01,0.01,73055.52,1775951615000
1775951617.241,217.241,0.16,0.18,0.83,0.84,0.02,0.01,73055.58,1775951616000
1775951617.655,217.655,0.17,0.18,0.82,0.83,0.01,0.01,73055.58,1775951616000
1775951618.075,218.075,0.17,0.18,0.82,0.83,0.01,0.01,73055.05,1775951617000
1775951618.529,218.529,0.16,0.17,0.82,0.83,0.01,0.01,73055.05,1775951617000
1775951618.953,218.953,0.16,0.17,0.83,0.84,0.01,0.01,73055.05,1775951618000
1775951619.327,219.327,0.17,0.18,0.83,0.84,0.01,0.01,73055.05,1775951618000
1775951619.824,219.824,0.17,0.18,0.82,0.83,0.01,0.01,73055.05,1775951618000
1775951620.246,220.246,0.15,0.18,0.82,0.83,0.03,0.01,73054.32,1775951619000
1775951620.613,220.613,0.17,0.18,0.83,0.84,0.01,0.01,73054.32,1775951619000
1775951620.951,220.951,0.19,0.2,0.8,0.81,0.01,0.01,73055.04,1775951620000
1775951621.468,221.468,0.19,0.2,0.8,0.81,0.01,0.01,73055.04,1775951620000
1775951621.838,221.838,0.2,0.21,0.79,0.81,0.01,0.02,73055.04,1775951620000
1775951622.379,222.379,0.2,0.21,0.79,0.8,0.01,0.01,73055.23,1775951621000
1775951622.943,222.943,0.2,0.21,0.79,0.8,0.01,0.01,73055.23,1775951621000
1775951623.61,223.61,0.2,0.21,0.79,0.8,0.01,0.01,73054.71,1775951622000
1775951624.133,224.133,0.2,0.21,0.79,0.8,0.01,0.01,73055.33,1775951623000
1775951624.479,224.479,0.2,0.21,0.79,0.8,0.01,0.01,73055.33,1775951623000
1775951625.132,225.132,0.2,0.21,0.79,0.8,0.01,0.01,73055.9,1775951624000
1775951625.537,225.537,0.2,0.21,0.79,0.8,0.01,0.01,73055.9,1775951624000
1775951626.135,226.135,0.16,0.21,0.79,0.8,0.05,0.01,73055.9,1775951624000
1775951626.729,226.729,0.18,0.19,0.81,0.82,0.01,0.01,73055.17,1775951625000
1775951627.16,227.16,0.18,0.19,0.81,0.82,0.01,0.01,73055.17,1775951625000
1775951627.559,227.559,0.16,0.17,0.83,0.84,0.01,0.01,73055.17,1775951625000
1775951628.058,228.058,0.16,0.18,0.83,0.84,0.02,0.01,73055.78,1775951626000
1775951628.547,228.547,0.17,0.18,0.82,0.83,0.01,0.01,73055.78,1775951627000
1775951628.949,228.949,0.2,0.21,0.79,0.8,0.01,0.01,73055.78,1775951627000
1775951629.46,229.46,0.2,0.21,0.79,0.8,0.01,0.01,73055.78,1775951627000
1775951630.022,230.022,0.21,0.22,0.78,0.79,0.01,0.01,73055.77,1775951628000
1775951630.378,230.378,0.21,0.23,0.78,0.79,0.02,0.01,73055.77,1775951629000
1775951630.734,230.734,0.22,0.24,0.76,0.77,0.02,0.01,73055.77,1775951629000
1775951631.112,231.112,0.22,0.23,0.77,0.78,0.01,0.01,73055.77,1775951629000
1775951631.55,231.55,0.23,0.24,0.76,0.77,0.01,0.01,73055.0,1775951630000
1775951632.369,232.369,0.23,0.24,0.76,0.77,0.01,0.01,73054.96,1775951631000
1775951632.948,232.948,0.23,0.24,0.76,0.77,0.01,0.01,73054.96,1775951631000
1775951633.544,233.544,0.23,0.25,0.75,0.77,0.02,0.02,73055.68,1775951632000
1775951633.981,233.981,0.23,0.24,0.76,0.77,0.01,0.01,73055.68,1775951632000
1775951634.466,234.466,0.23,0.24,0.76,0.77,0.01,0.01,73054.98,1775951633000
1775951634.809,234.809,0.26,0.27,0.73,0.74,0.01,0.01,73054.98,1775951633000
1775951635.172,235.172,0.26,0.27,0.73,0.74,0.01,0.01,73054.98,1775951633000
1775951635.574,235.574,0.26,0.28,0.75,0.76,0.02,0.01,73055.19,1775951634000
1775951635.961,235.961,0.27,0.28,0.72,0.73,0.01,0.01,73055.19,1775951634000
1775951636.362,236.362,0.27,0.28,0.72,0.73,0.01,0.01,73055.19,1775951635000
1775951637.136,237.136,0.26,0.27,0.72,0.73,0.01,0.01,73055.19,1775951635000
1775951637.488,237.488,0.26,0.27,0.73,0.74,0.01,0.01,73055.17,1775951636000
1775951637.834,237.834,0.25,0.27,0.74,0.75,0.02,0.01,73055.17,1775951636000
1775951638.315,238.315,0.26,0.27,0.73,0.74,0.01,0.01,73055.17,1775951636000
1775951638.72,238.72,0.26,0.27,0.73,0.74,0.01,0.01,73055.21,1775951637000
1775951639.113,239.113,0.26,0.27,0.73,0.74,0.01,0.01,73055.21,1775951638000
1775951639.724,239.724,0.26,0.27,0.73,0.74,0.01,0.01,73055.21,1775951638000
1775951640.311,240.311,0.26,0.27,0.73,0.74,0.01,0.01,73055.94,1775951639000
1775951640.692,240.692,0.25,0.26,0.74,0.75,0.01,0.01,73055.94,1775951639000
1775951641.265,241.265,0.24,0.25,0.75,0.76,0.01,0.01,73055.94,1775951639000
1775951641.704,241.704,0.22,0.25,0.75,0.76,0.03,0.01,73055.1,1775951640000
1775951642.119,242.119,0.22,0.25,0.75,0.78,0.03,0.03,73055.58,1775951641000
1775951642.519,242.519,0.22,0.23,0.77,0.78,0.01,0.01,73055.58,1775951641000
1775951642.995,242.995,0.22,0.23,0.77,0.78,0.01,0.01,73055.58,1775951641000
1775951643.433,243.433,0.17,0.18,0.77,0.83,0.01,0.06,73055.58,1775951641000
1775951643.964,243.964,0.14,0.15,0.82,0.85,0.01,0.03,73055.58,1775951641000
1775951644.406,244.406,0.14,0.15,0.85,0.86,0.01,0.01,73054.94,1775951642000
1775951644.8,244.8,0.13,0.14,0.86,0.87,0.01,0.01,73055.73,1775951643000
1775951645.241,245.241,0.12,0.13,0.86,0.88,0.01,0.02,73055.8,1775951644000
1775951645.859,245.859,0.12,0.13,0.87,0.88,0.01,0.01,73055.8,1775951644000
1775951646.214,246.214,0.14,0.15,0.85,0.87,0.01,0.02,73055.8,1775951644000
1775951646.587,246.587,0.15,0.16,0.84,0.85,0.01,0.01,73055.8,1775951645000
1775951646.974,246.974,0.15,0.16,0.84,0.85,0.01,0.01,73055.8,1775951645000
1775951647.472,247.472,0.15,0.16,0.84,0.85,0.01,0.01,73055.8,1775951646000
1775951647.806,247.806,0.17,0.18,0.81,0.82,0.01,0.01,73055.8,1775951646000
1775951648.177,248.177,0.17,0.18,0.82,0.83,0.01,0.01,73055.09,1775951647000
1775951648.713,248.713,0.16,0.17,0.83,0.84,0.01,0.01,73055.09,1775951647000
1775951649.135,249.135,0.16,0.17,0.83,0.84,0.01,0.01,73055.7,1775951648000
1775951649.729,249.729,0.14,0.15,0.85,0.86,0.01,0.01,73055.7,1775951648000
1775951650.084,250.084,0.14,0.16,0.85,0.86,0.02,0.01,73055.7,1775951648000
1775951650.5,250.5,0.14,0.15,0.84,0.86,0.01,0.02,73055.7,1775951648000
1775951650.97,250.97,0.12,0.15,0.85,0.88,0.03,0.03,73055.02,1775951650000
1775951651.439,251.439,0.13,0.14,0.85,0.88,0.01,0.03,73055.02,1775951650000
1775951652.094,252.094,0.12,0.13,0.87,0.88,0.01,0.01,73055.02,1775951650000
1775951652.49,252.49,0.12,0.24,0.87,0.88,0.12,0.01,73054.92,1775951651000
1775951652.895,252.895,0.13,0.18,0.86,0.87,0.05,0.01,73054.92,1775951651000
1775951653.336,253.336,0.15,0.16,0.84,0.85,0.01,0.01,73055.99,1775951652000
1775951653.764,253.764,0.16,0.17,0.81,0.82,0.01,0.01,73055.99,1775951652000
1775951654.308,254.308,0.16,0.17,0.83,0.84,0.01,0.01,73055.58,1775951653000
1775951654.748,254.748,0.16,0.17,0.83,0.84,0.01,0.01,73055.58,1775951653000
1775951655.095,255.095,0.16,0.17,0.83,0.84,0.01,0.01,73055.58,1775951654000
1775951655.476,255.476,0.15,0.17,0.83,0.85,0.02,0.02,73055.58,1775951654000
1775951656.014,256.014,0.16,0.17,0.83,0.84,0.01,0.01,73055.36,1775951655000
1775951656.391,256.391,0.16,0.17,0.83,0.84,0.01,0.01,73055.36,1775951655000
1775951656.912,256.912,0.16,0.25,0.83,0.84,0.09,0.01,73055.36,1775951655000
1775951657.272,257.272,0.19,0.21,0.82,0.85,0.02,0.03,73055.46,1775951656000
1775951657.671,257.671,0.15,0.16,0.79,0.85,0.01,0.06,73055.46,1775951656000
1775951658.109,258.109,0.2,0.21,0.79,0.8,0.01,0.01,73055.46,1775951656000
1775951658.868,258.868,0.16,0.17,0.79,0.8,0.01,0.01,73055.46,1775951656000
1775951659.695,259.695,0.16,0.17,0.83,0.85,0.01,0.02,73055.46,1775951657000
1775951660.038,260.038,0.16,0.17,0.83,0.84,0.01,0.01,73055.46,1775951657000
1775951660.509,260.509,0.16,0.17,0.83,0.84,0.01,0.01,73055.46,1775951657000
1775951661.041,261.041,0.18,0.19,0.74,0.82,0.01,0.08,73055.17,1775951658000
1775951661.488,261.488,0.17,0.18,0.82,0.83,0.01,0.01,73055.19,1775951660000
1775951661.829,261.829,0.16,0.17,0.82,0.84,0.01,0.02,73055.19,1775951660000
1775951662.168,262.168,0.18,0.19,0.81,0.82,0.01,0.01,73055.19,1775951661000
1775951662.513,262.513,0.18,0.19,0.81,0.82,0.01,0.01,73055.19,1775951661000
1775951662.852,262.852,0.18,0.19,0.81,0.82,0.01,0.01,73055.19,1775951661000
1775951663.264,263.264,0.21,0.22,0.78,0.79,0.01,0.01,73055.19,1775951661000
1775951663.619,263.619,0.21,0.22,0.78,0.79,0.01,0.01,73055.19,1775951661000
1775951664.135,264.135,0.2,0.22,0.79,0.8,0.02,0.01,73055.11,1775951662000
1775951664.541,264.541,0.18,0.19,0.78,0.79,0.01,0.01,73055.11,1775951663000
1775951664.884,264.884,0.18,0.22,0.81,0.82,0.04,0.01,73055.11,1775951663000
1775951665.275,265.275,0.18,0.22,0.78,0.82,0.04,0.04,73055.28,1775951664000
1775951665.677,265.677,0.19,0.2,0.8,0.81,0.01,0.01,73055.28,1775951664000
1775951666.014,266.014,0.18,0.2,0.8,0.81,0.02,0.01,73055.28,1775951664000
1775951666.445,266.445,0.21,0.22,0.78,0.79,0.01,0.01,73055.28,1775951664000
1775951666.883,266.883,0.21,0.22,0.78,0.79,0.01,0.01,73055.42,1775951665000
1775951667.248,267.248,0.18,0.21,0.8,0.81,0.03,0.01,73055.42,1775951665000
1775951667.647,267.647,0.19,0.2,0.8,0.81,0.01,0.01,73055.32,1775951666000
1775951668.203,268.203,0.18,0.19,0.8,0.81,0.01,0.01,73055.32,1775951666000
1775951668.554,268.554,0.18,0.2,0.8,0.82,0.02,0.02,73055.3,1775951667000
1775951669.095,269.095,0.18,0.19,0.8,0.82,0.01,0.02,73055.3,1775951667000
1775951669.466,269.466,0.18,0.19,0.81,0.82,0.01,0.01,73055.32,1775951668000
1775951669.825,269.825,0.15,0.16,0.84,0.85,0.01,0.01,73055.32,1775951668000
1775951670.199,270.199,0.18,0.19,0.81,0.82,0.01,0.01,73055.32,1775951668000
1775951670.546,270.546,0.18,0.19,0.81,0.82,0.01,0.01,73055.32,1775951668000
1775951670.879,270.879,0.18,0.19,0.81,0.82,0.01,0.01,73055.9,1775951669000
1775951671.217,271.217,0.19,0.2,0.8,0.81,0.01,0.01,73055.9,1775951669000
1775951671.726,271.726,0.19,0.2,0.8,0.81,0.01,0.01,73055.9,1775951670000
1775951672.2,272.2,0.19,0.2,0.8,0.81,0.01,0.01,73055.19,1775951671000
1775951672.863,272.863,0.2,0.21,0.82,0.84,0.01,0.02,73055.19,1775951671000
1775951673.203,273.203,0.16,0.24,0.8,0.83,0.08,0.03,73055.19,1775951671000
1775951673.551,273.551,0.21,0.22,0.78,0.79,0.01,0.01,73055.19,1775951671000
1775951673.942,273.942,0.15,0.16,0.8,0.84,0.01,0.04,73053.21,1775951672000
1775951674.487,274.487,0.22,0.23,0.76,0.81,0.01,0.05,73053.21,1775951672000
1775951674.954,274.954,0.17,0.25,0.77,0.85,0.08,0.08,73052.98,1775951673000
1775951675.595,275.595,0.19,0.2,0.75,0.83,0.01,0.08,73052.63,1775951674000
1775951675.949,275.949,0.21,0.22,0.78,0.8,0.01,0.02,73052.63,1775951674000
1775951676.299,276.299,0.17,0.19,0.79,0.88,0.02,0.09,73052.63,1775951674000
1775951676.689,276.689,0.13,0.17,0.8,0.81,0.04,0.01,73052.63,1775951674000
1775951677.027,277.027,0.12,0.13,0.86,0.88,0.01,0.02,73053.0,1775951675000
1775951677.383,277.383,0.13,0.14,0.87,0.88,0.01,0.01,73053.0,1775951675000
1775951677.723,277.723,0.15,0.16,0.84,0.85,0.01,0.01,73052.76,1775951676000
1775951678.148,278.148,0.13,0.15,0.85,0.86,0.02,0.01,73052.76,1775951676000
1775951678.558,278.558,0.11,0.14,0.86,0.87,0.03,0.01,73052.72,1775951677000
1775951678.95,278.95,0.11,0.12,0.88,0.89,0.01,0.01,73052.72,1775951677000
1775951679.348,279.348,0.11,0.12,0.87,0.89,0.01,0.02,73052.77,1775951678000
1775951679.698,279.698,0.12,0.13,0.86,0.89,0.01,0.03,73052.77,1775951678000
1775951680.063,280.063,0.11,0.12,0.89,0.9,0.01,0.01,73052.77,1775951678000
1775951680.619,280.619,0.16,0.19,0.88,0.9,0.03,0.02,73052.84,1775951679000
1775951680.991,280.991,0.11,0.14,0.88,0.89,0.03,0.01,73052.84,1775951679000
1775951681.4,281.4,0.12,0.13,0.86,0.87,0.01,0.01,73053.26,1775951680000
1775951681.796,281.796,0.12,0.14,0.87,0.88,0.02,0.01,73053.26,1775951680000
1775951682.166,282.166,0.13,0.14,0.87,0.88,0.01,0.01,73053.26,1775951680000
1775951682.76,282.76,0.09,0.1,0.9,0.91,0.01,0.01,73052.85,1775951681000
1775951683.131,283.131,0.09,0.1,0.9,0.91,0.01,0.01,73052.85,1775951681000
1775951683.47,283.47,0.09,0.1,0.9,0.91,0.01,0.01,73053.21,1775951682000
1775951683.83,283.83,0.08,0.09,0.9,0.92,0.01,0.02,73053.21,1775951682000
1775951684.173,284.173,0.07,0.08,0.92,0.93,0.01,0.01,73053.21,1775951682000
1775951684.512,284.512,0.07,0.08,0.92,0.93,0.01,0.01,73052.85,1775951683000
1775951684.847,284.847,0.05,0.06,0.94,0.95,0.01,0.01,73052.85,1775951683000
1775951685.186,285.186,0.05,0.06,0.93,0.95,0.01,0.02,73052.85,1775951683000
1775951685.578,285.578,0.04,0.05,0.95,0.96,0.01,0.01,73052.85,1775951684000
1775951685.927,285.927,0.03,0.04,0.96,0.97,0.01,0.01,73052.85,1775951684000
1775951686.297,286.297,0.04,0.06,0.93,0.96,0.02,0.03,73052.85,1775951684000
1775951686.641,286.641,0.05,0.07,0.93,0.95,0.02,0.02,73052.85,1775951685000
1775951687.007,287.007,0.03,0.05,0.95,0.97,0.02,0.02,73052.85,1775951685000
1775951687.438,287.438,0.03,0.05,0.95,0.97,0.02,0.02,73052.85,1775951686000
1775951688.056,288.056,0.03,0.05,0.95,0.96,0.02,0.01,73052.85,1775951686000
1775951688.472,288.472,0.03,0.04,0.95,0.97,0.01,0.02,73052.91,1775951687000
1775951688.83,288.83,0.03,0.05,0.95,0.96,0.02,0.01,73052.91,1775951687000
1775951689.179,289.179,0.03,0.04,0.95,0.97,0.01,0.02,73052.91,1775951687000
1775951689.565,289.565,0.03,0.04,0.95,0.98,0.01,0.03,73052.91,1775951687000
1775951689.935,289.935,0.03,0.04,0.96,0.98,0.01,0.02,73052.65,1775951688000
1775951690.295,290.295,0.02,0.04,0.96,0.97,0.02,0.01,73052.65,1775951688000
1775951690.632,290.632,0.02,0.05,0.97,0.98,0.03,0.01,73052.03,1775951689000
1775951690.985,290.985,0.02,0.09,0.91,0.98,0.07,0.07,73052.03,1775951689000
1775951691.323,291.323,0.01,0.02,0.96,0.99,0.01,0.03,73052.03,1775951689000
1775951691.665,291.665,0.01,0.02,0.98,0.99,0.01,0.01,73052.03,1775951689000
1775951692.009,292.009,0.02,0.03,0.97,0.99,0.01,0.02,73052.5,1775951690000
1775951692.369,292.369,0.02,0.03,0.97,0.99,0.01,0.02,73052.5,1775951690000
1775951692.733,292.733,0.02,0.03,0.97,0.98,0.01,0.01,73052.5,1775951690000
1775951693.41,293.41,0.02,0.03,0.97,0.98,0.01,0.01,73052.62,1775951692000
1775951693.748,293.748,0.01,0.09,0.91,0.99,0.08,0.08,73052.62,1775951692000
1775951694.098,294.098,0.06,0.07,0.93,0.94,0.01,0.01,73052.62,1775951692000
1775951694.449,294.449,0.06,0.07,0.93,0.94,0.01,0.01,73052.62,1775951693000
1775951694.786,294.786,0.05,0.06,0.94,0.95,0.01,0.01,73052.62,1775951693000
1775951695.14,295.14,0.04,0.08,0.91,0.96,0.04,0.05,73052.63,1775951694000
1775951695.481,295.481,0.01,0.02,0.97,0.99,0.01,0.02,73052.63,1775951694000
1775951695.83,295.83,0.01,0.02,0.98,0.99,0.01,0.01,73052.63,1775951694000
1775951696.186,296.186,0.01,0.02,0.98,0.99,0.01,0.01,73052.58,1775951695000
1775951696.541,296.541,0.01,0.02,0.98,0.99,0.01,0.01,73052.58,1775951695000
1775951696.916,296.916,0.01,0.01,0.99,0.99,0.0,0.0,73052.58,1775951695000
1775951697.346,297.346,0.01,0.01,0.99,0.99,0.0,0.0,73051.97,1775951696000
1775951697.827,297.827,0.01,0.01,0.99,0.99,0.0,0.0,73051.97,1775951696000
1775951698.271,298.271,0.01,0.01,0.99,0.99,0.0,0.0,73043.98,1775951697000
1775951698.64,298.64,0.01,0.01,0.99,0.99,0.0,0.0,73043.98,1775951697000
1775951699.02,299.02,0.01,0.01,0.99,0.99,0.0,0.0,73039.42,1775951698000
1775951699.378,299.378,0.01,0.01,0.99,0.99,0.0,0.0,73039.42,1775951698000
1775951699.73,299.73,0.01,0.01,0.99,0.99,0.0,0.0,73039.42,1775951698000
1775951700.075,300.075,0.01,0.01,0.99,0.99,0.0,0.0,73039.42,1775951698000
1775951700.43,300.43,0.01,0.01,0.99,0.99,0.0,0.0,73038.31,1775951699000
1775951701.218,301.218,0.01,0.01,0.99,0.99,0.0,0.0,73038.3,1775951700000
1775951702.101,302.101,0.01,0.01,0.99,0.99,0.0,0.0,73038.29,1775951701000

# RESULT,winner=Down,slug=btc-updown-5m-1775951400,ticks=700
