timestamp,elapsed_sec,up_bid,up_ask,down_bid,down_ask,up_spread,down_spread,btc_price,btc_oracle_ts
1776313500.521,0.521,0.48,0.49,0.51,0.52,0.01,0.01,74902.78,1776313499000
1776313501.089,1.089,0.48,0.49,0.51,0.52,0.01,0.01,74902.78,1776313499000
1776313501.792,1.792,0.48,0.49,0.51,0.52,0.01,0.01,74902.78,1776313500000
1776313502.726,2.726,0.48,0.49,0.51,0.52,0.01,0.01,74901.97,1776313501000
1776313503.148,3.148,0.46,0.48,0.51,0.53,0.02,0.02,74901.97,1776313501000
1776313503.569,3.569,0.47,0.48,0.52,0.53,0.01,0.01,74901.97,1776313501000
1776313504.18,4.18,0.46,0.48,0.53,0.54,0.02,0.01,74901.71,1776313502000
1776313504.666,4.666,0.47,0.48,0.52,0.53,0.01,0.01,74901.24,1776313503000
1776313505.005,5.005,0.47,0.48,0.52,0.53,0.01,0.01,74901.24,1776313503000
1776313505.36,5.36,0.47,0.48,0.52,0.53,0.01,0.01,74898.02,1776313504000
1776313505.727,5.727,0.48,0.49,0.51,0.52,0.01,0.01,74898.02,1776313504000
1776313506.251,6.251,0.48,0.49,0.51,0.52,0.01,0.01,74898.57,1776313505000
1776313506.584,6.584,0.48,0.49,0.51,0.52,0.01,0.01,74898.57,1776313505000
1776313506.92,6.92,0.48,0.49,0.51,0.52,0.01,0.01,74898.57,1776313505000
1776313507.289,7.289,0.49,0.5,0.5,0.52,0.01,0.02,74899.52,1776313506000
1776313507.672,7.672,0.49,0.5,0.5,0.51,0.01,0.01,74899.52,1776313506000
1776313508.038,8.038,0.49,0.5,0.5,0.51,0.01,0.01,74902.05,1776313507000
1776313508.454,8.454,0.49,0.5,0.5,0.51,0.01,0.01,74902.05,1776313507000
1776313508.794,8.794,0.49,0.5,0.5,0.51,0.01,0.01,74902.05,1776313507000
1776313509.155,9.155,0.49,0.5,0.5,0.51,0.01,0.01,74903.21,1776313508000
1776313509.493,9.493,0.49,0.5,0.5,0.51,0.01,0.01,74903.21,1776313508000
1776313510.089,10.089,0.5,0.51,0.49,0.5,0.01,0.01,74903.21,1776313509000
1776313510.463,10.463,0.5,0.51,0.49,0.5,0.01,0.01,74903.21,1776313509000
1776313510.946,10.946,0.5,0.52,0.48,0.5,0.02,0.02,74903.22,1776313510000
1776313511.292,11.292,0.51,0.52,0.48,0.49,0.01,0.01,74903.22,1776313510000
1776313511.939,11.939,0.51,0.52,0.48,0.49,0.01,0.01,74903.22,1776313510000
1776313512.567,12.567,0.52,0.53,0.47,0.49,0.01,0.02,74903.81,1776313511000
1776313513.05,13.05,0.52,0.53,0.47,0.48,0.01,0.01,74904.45,1776313512000
1776313513.72,13.72,0.52,0.53,0.47,0.48,0.01,0.01,74904.45,1776313512000
1776313514.19,14.19,0.52,0.53,0.47,0.48,0.01,0.01,74904.45,1776313512000
1776313514.61,14.61,0.52,0.53,0.47,0.48,0.01,0.01,74904.52,1776313513000
1776313515.13,15.13,0.52,0.53,0.47,0.48,0.01,0.01,74904.52,1776313513000
1776313515.628,15.628,0.52,0.53,0.47,0.48,0.01,0.01,74903.58,1776313514000
1776313516.296,16.296,0.52,0.53,0.47,0.48,0.01,0.01,74903.58,1776313515000
1776313516.716,16.716,0.52,0.53,0.47,0.48,0.01,0.01,74903.58,1776313515000
1776313517.509,17.509,0.52,0.53,0.47,0.48,0.01,0.01,74903.58,1776313516000
1776313518.065,18.065,0.52,0.53,0.47,0.48,0.01,0.01,74903.58,1776313516000
1776313518.44,18.44,0.52,0.53,0.47,0.48,0.01,0.01,74903.78,1776313517000
1776313518.775,18.775,0.53,0.55,0.45,0.48,0.02,0.03,74903.78,1776313517000
1776313519.189,19.189,0.54,0.55,0.45,0.46,0.01,0.01,74904.33,1776313518000
1776313519.606,19.606,0.54,0.55,0.45,0.46,0.01,0.01,74904.33,1776313518000
1776313519.959,19.959,0.54,0.55,0.45,0.46,0.01,0.01,74906.02,1776313519000
1776313520.494,20.494,0.54,0.55,0.45,0.46,0.01,0.01,74906.02,1776313519000
1776313520.883,20.883,0.54,0.55,0.45,0.46,0.01,0.01,74906.02,1776313519000
1776313521.265,21.265,0.54,0.55,0.45,0.46,0.01,0.01,74907.63,1776313520000
1776313521.601,21.601,0.54,0.55,0.45,0.46,0.01,0.01,74907.63,1776313520000
1776313521.948,21.948,0.54,0.55,0.45,0.46,0.01,0.01,74907.63,1776313520000
1776313522.97,22.97,0.54,0.55,0.45,0.46,0.01,0.01,74907.63,1776313521000
1776313524.132,24.132,0.54,0.55,0.45,0.46,0.01,0.01,74907.64,1776313523000
1776313524.635,24.635,0.54,0.55,0.45,0.46,0.01,0.01,74907.64,1776313523000
1776313525.11,25.11,0.54,0.55,0.45,0.46,0.01,0.01,74907.64,1776313524000
1776313525.771,25.771,0.54,0.55,0.45,0.46,0.01,0.01,74907.64,1776313524000
1776313526.264,26.264,0.54,0.55,0.45,0.46,0.01,0.01,74907.79,1776313525000
1776313526.659,26.659,0.54,0.55,0.45,0.46,0.01,0.01,74907.79,1776313525000
1776313527.253,27.253,0.54,0.56,0.45,0.46,0.02,0.01,74907.79,1776313525000
1776313527.614,27.614,0.65,0.67,0.34,0.4,0.02,0.06,74908.32,1776313526000
1776313527.954,27.954,0.66,0.68,0.32,0.34,0.02,0.02,74908.32,1776313526000
1776313528.292,28.292,0.66,0.68,0.33,0.34,0.02,0.01,74907.86,1776313527000
1776313528.634,28.634,0.67,0.68,0.32,0.33,0.01,0.01,74907.86,1776313527000
1776313528.973,28.973,0.67,0.68,0.32,0.33,0.01,0.01,74907.86,1776313527000
1776313529.487,29.487,0.67,0.68,0.32,0.33,0.01,0.01,74915.38,1776313528000
1776313530.053,30.053,0.67,0.68,0.32,0.33,0.01,0.01,74915.38,1776313528000
1776313530.443,30.443,0.66,0.68,0.32,0.34,0.02,0.02,74923.35,1776313529000
1776313530.778,30.778,0.63,0.64,0.33,0.37,0.01,0.04,74923.35,1776313529000
1776313531.122,31.122,0.6,0.62,0.36,0.4,0.02,0.04,74923.35,1776313529000
1776313531.466,31.466,0.59,0.61,0.39,0.4,0.02,0.01,74923.97,1776313530000
1776313531.823,31.823,0.58,0.6,0.4,0.42,0.02,0.02,74923.97,1776313530000
1776313532.214,32.214,0.58,0.59,0.41,0.42,0.01,0.01,74923.97,1776313530000
1776313532.633,32.633,0.58,0.59,0.41,0.42,0.01,0.01,74918.74,1776313531000
1776313532.977,32.977,0.58,0.59,0.41,0.42,0.01,0.01,74915.78,1776313532000
1776313533.314,33.314,0.58,0.59,0.41,0.42,0.01,0.01,74915.78,1776313532000
1776313533.671,33.671,0.58,0.59,0.41,0.42,0.01,0.01,74915.78,1776313532000
1776313534.039,34.039,0.58,0.59,0.41,0.42,0.01,0.01,74913.97,1776313533000
1776313534.661,34.661,0.57,0.59,0.41,0.42,0.02,0.01,74913.97,1776313533000
1776313534.998,34.998,0.57,0.58,0.42,0.43,0.01,0.01,74913.97,1776313533000
1776313535.766,35.766,0.57,0.58,0.42,0.43,0.01,0.01,74913.93,1776313534000
1776313536.4,36.4,0.57,0.58,0.42,0.43,0.01,0.01,74913.93,1776313534000
1776313536.925,36.925,0.57,0.58,0.42,0.43,0.01,0.01,74913.46,1776313536000
1776313537.263,37.263,0.57,0.58,0.42,0.43,0.01,0.01,74913.46,1776313536000
1776313537.681,37.681,0.57,0.58,0.42,0.43,0.01,0.01,74913.46,1776313536000
1776313538.034,38.034,0.57,0.58,0.42,0.43,0.01,0.01,74913.46,1776313536000
1776313538.38,38.38,0.57,0.58,0.42,0.43,0.01,0.01,74913.24,1776313537000
1776313539.387,39.387,0.57,0.58,0.42,0.43,0.01,0.01,74912.73,1776313538000
1776313540.387,40.387,0.57,0.58,0.42,0.43,0.01,0.01,74912.99,1776313539000
1776313540.85,40.85,0.57,0.58,0.42,0.43,0.01,0.01,74912.99,1776313539000
1776313541.721,41.721,0.57,0.58,0.42,0.43,0.01,0.01,74913.08,1776313540000
1776313542.215,42.215,0.57,0.58,0.42,0.43,0.01,0.01,74913.08,1776313541000
1776313542.675,42.675,0.57,0.58,0.42,0.43,0.01,0.01,74913.08,1776313541000
1776313543.263,43.263,0.57,0.59,0.42,0.43,0.02,0.01,74913.08,1776313541000
1776313543.992,43.992,0.58,0.59,0.41,0.42,0.01,0.01,74912.42,1776313543000
1776313544.328,44.328,0.58,0.59,0.41,0.42,0.01,0.01,74912.42,1776313543000
1776313545.072,45.072,0.58,0.59,0.41,0.42,0.01,0.01,74912.49,1776313544000
1776313545.495,45.495,0.58,0.59,0.41,0.42,0.01,0.01,74912.49,1776313544000
1776313546.191,46.191,0.58,0.59,0.41,0.42,0.01,0.01,74912.51,1776313545000
1776313546.803,46.803,0.58,0.59,0.41,0.42,0.01,0.01,74912.51,1776313545000
1776313547.352,47.352,0.58,0.59,0.41,0.42,0.01,0.01,74912.51,1776313545000
1776313547.7,47.7,0.58,0.59,0.41,0.42,0.01,0.01,74913.49,1776313546000
1776313548.099,48.099,0.57,0.59,0.41,0.43,0.02,0.02,74912.34,1776313547000
1776313548.613,48.613,0.59,0.6,0.4,0.41,0.01,0.01,74912.34,1776313547000
1776313548.948,48.948,0.59,0.6,0.4,0.41,0.01,0.01,74912.34,1776313547000
1776313549.482,49.482,0.59,0.6,0.4,0.41,0.01,0.01,74912.34,1776313547000
1776313550.083,50.083,0.59,0.6,0.4,0.41,0.01,0.01,74912.99,1776313548000
1776313550.472,50.472,0.59,0.6,0.4,0.41,0.01,0.01,74913.0,1776313549000
1776313551.122,51.122,0.59,0.6,0.4,0.41,0.01,0.01,74913.0,1776313549000
1776313551.499,51.499,0.59,0.6,0.4,0.41,0.01,0.01,74913.0,1776313549000
1776313551.856,51.856,0.59,0.6,0.4,0.41,0.01,0.01,74913.77,1776313550000
1776313552.237,52.237,0.59,0.6,0.4,0.41,0.01,0.01,74913.76,1776313551000
1776313552.624,52.624,0.59,0.6,0.4,0.41,0.01,0.01,74913.76,1776313551000
1776313553.595,53.595,0.59,0.6,0.4,0.41,0.01,0.01,74913.76,1776313551000
1776313554.103,54.103,0.59,0.6,0.4,0.41,0.01,0.01,74913.11,1776313552000
1776313554.682,54.682,0.59,0.6,0.4,0.41,0.01,0.01,74913.11,1776313553000
1776313555.072,55.072,0.59,0.6,0.4,0.41,0.01,0.01,74913.11,1776313553000
1776313555.409,55.409,0.59,0.6,0.4,0.41,0.01,0.01,74912.8,1776313554000
1776313555.785,55.785,0.59,0.6,0.4,0.41,0.01,0.01,74912.8,1776313554000
1776313556.361,56.361,0.59,0.6,0.4,0.41,0.01,0.01,74912.8,1776313554000
1776313556.856,56.856,0.59,0.6,0.4,0.41,0.01,0.01,74912.85,1776313555000
1776313557.351,57.351,0.59,0.6,0.4,0.41,0.01,0.01,74913.06,1776313556000
1776313558.44,58.44,0.59,0.6,0.4,0.41,0.01,0.01,74913.21,1776313557000
1776313558.815,58.815,0.59,0.6,0.4,0.41,0.01,0.01,74913.21,1776313557000
1776313559.225,59.225,0.59,0.6,0.4,0.41,0.01,0.01,74913.29,1776313558000
1776313560.142,60.142,0.59,0.6,0.4,0.41,0.01,0.01,74913.29,1776313558000
1776313560.505,60.505,0.6,0.62,0.4,0.41,0.02,0.01,74914.6,1776313559000
1776313560.839,60.839,0.66,0.67,0.33,0.34,0.01,0.01,74914.6,1776313559000
1776313561.211,61.211,0.67,0.7,0.26,0.33,0.03,0.07,74914.6,1776313559000
1776313561.595,61.595,0.72,0.73,0.26,0.28,0.01,0.02,74914.6,1776313560000
1776313561.939,61.939,0.72,0.73,0.27,0.28,0.01,0.01,74914.6,1776313560000
1776313562.36,62.36,0.72,0.73,0.27,0.28,0.01,0.01,74914.6,1776313560000
1776313562.707,62.707,0.73,0.74,0.27,0.28,0.01,0.01,74923.35,1776313561000
1776313563.063,63.063,0.72,0.74,0.26,0.27,0.02,0.01,74923.35,1776313561000
1776313563.572,63.572,0.73,0.74,0.26,0.27,0.01,0.01,74930.5,1776313562000
1776313563.908,63.908,0.73,0.74,0.26,0.27,0.01,0.01,74930.5,1776313562000
1776313564.295,64.295,0.72,0.73,0.26,0.28,0.01,0.02,74930.5,1776313562000
1776313565.003,65.003,0.72,0.73,0.27,0.29,0.01,0.02,74930.5,1776313563000
1776313565.419,65.419,0.72,0.73,0.27,0.28,0.01,0.01,74932.04,1776313564000
1776313565.804,65.804,0.71,0.72,0.28,0.29,0.01,0.01,74932.04,1776313564000
1776313566.153,66.153,0.71,0.72,0.28,0.29,0.01,0.01,74932.04,1776313564000
1776313566.503,66.503,0.7,0.71,0.29,0.3,0.01,0.01,74932.04,1776313565000
1776313566.86,66.86,0.7,0.71,0.29,0.3,0.01,0.01,74932.04,1776313565000
1776313567.215,67.215,0.7,0.71,0.29,0.3,0.01,0.01,74932.04,1776313565000
1776313567.645,67.645,0.7,0.71,0.29,0.3,0.01,0.01,74931.9,1776313566000
1776313568.04,68.04,0.7,0.71,0.29,0.3,0.01,0.01,74931.9,1776313567000
1776313568.376,68.376,0.7,0.71,0.29,0.3,0.01,0.01,74931.9,1776313567000
1776313568.735,68.735,0.7,0.71,0.29,0.3,0.01,0.01,74931.9,1776313567000
1776313569.134,69.134,0.7,0.71,0.29,0.3,0.01,0.01,74932.29,1776313568000
1776313569.486,69.486,0.7,0.71,0.29,0.3,0.01,0.01,74932.29,1776313568000
1776313570.531,70.531,0.71,0.74,0.29,0.3,0.03,0.01,74932.29,1776313568000
1776313570.866,70.866,0.73,0.74,0.26,0.27,0.01,0.01,74932.11,1776313569000
1776313571.252,71.252,0.73,0.74,0.26,0.27,0.01,0.01,74932.11,1776313569000
1776313571.671,71.671,0.73,0.74,0.26,0.27,0.01,0.01,74932.11,1776313570000
1776313572.007,72.007,0.74,0.75,0.25,0.26,0.01,0.01,74932.11,1776313570000
1776313572.355,72.355,0.76,0.77,0.24,0.25,0.01,0.01,74932.14,1776313571000
1776313572.729,72.729,0.77,0.78,0.22,0.23,0.01,0.01,74932.14,1776313571000
1776313573.084,73.084,0.77,0.78,0.22,0.23,0.01,0.01,74932.95,1776313572000
1776313573.476,73.476,0.77,0.78,0.22,0.23,0.01,0.01,74932.95,1776313572000
1776313573.973,73.973,0.72,0.73,0.26,0.29,0.01,0.03,74932.95,1776313572000
1776313574.407,74.407,0.72,0.73,0.27,0.28,0.01,0.01,74938.82,1776313573000
1776313574.836,74.836,0.72,0.73,0.27,0.28,0.01,0.01,74938.82,1776313573000
1776313575.186,75.186,0.72,0.73,0.27,0.28,0.01,0.01,74936.76,1776313574000
1776313575.787,75.787,0.72,0.73,0.27,0.28,0.01,0.01,74936.76,1776313574000
1776313576.245,76.245,0.72,0.73,0.27,0.28,0.01,0.01,74936.76,1776313574000
1776313576.775,76.775,0.72,0.73,0.27,0.28,0.01,0.01,74936.2,1776313575000
1776313577.845,77.845,0.74,0.75,0.25,0.27,0.01,0.02,74936.04,1776313576000
1776313578.235,78.235,0.75,0.76,0.24,0.25,0.01,0.01,74935.06,1776313577000
1776313578.596,78.596,0.78,0.79,0.21,0.22,0.01,0.01,74935.06,1776313577000
1776313578.931,78.931,0.78,0.79,0.2,0.22,0.01,0.02,74935.06,1776313577000
1776313579.433,79.433,0.79,0.8,0.2,0.21,0.01,0.01,74936.59,1776313578000
1776313579.807,79.807,0.79,0.8,0.2,0.21,0.01,0.01,74936.59,1776313578000
1776313580.209,80.209,0.79,0.8,0.2,0.21,0.01,0.01,74940.74,1776313579000
1776313580.717,80.717,0.79,0.8,0.2,0.21,0.01,0.01,74940.74,1776313579000
1776313581.16,81.16,0.79,0.8,0.2,0.21,0.01,0.01,74940.74,1776313579000
1776313581.824,81.824,0.79,0.8,0.2,0.21,0.01,0.01,74945.08,1776313580000
1776313582.201,82.201,0.79,0.8,0.2,0.21,0.01,0.01,74945.08,1776313580000
1776313582.578,82.578,0.79,0.8,0.2,0.21,0.01,0.01,74945.86,1776313581000
1776313583.432,83.432,0.79,0.8,0.2,0.21,0.01,0.01,74945.82,1776313582000
1776313583.954,83.954,0.79,0.8,0.2,0.21,0.01,0.01,74945.82,1776313582000
1776313584.307,84.307,0.79,0.8,0.2,0.21,0.01,0.01,74945.82,1776313583000
1776313584.647,84.647,0.79,0.8,0.2,0.21,0.01,0.01,74945.82,1776313583000
1776313584.98,84.98,0.78,0.8,0.2,0.22,0.02,0.02,74945.82,1776313584000
1776313585.395,85.395,0.76,0.79,0.21,0.22,0.03,0.01,74945.82,1776313584000
1776313585.78,85.78,0.73,0.74,0.26,0.27,0.01,0.01,74945.82,1776313584000
1776313586.139,86.139,0.73,0.74,0.26,0.27,0.01,0.01,74945.82,1776313584000
1776313586.498,86.498,0.72,0.73,0.27,0.28,0.01,0.01,74945.71,1776313585000
1776313586.879,86.879,0.72,0.73,0.27,0.28,0.01,0.01,74945.71,1776313585000
1776313587.313,87.313,0.72,0.73,0.27,0.28,0.01,0.01,74945.71,1776313585000
1776313587.857,87.857,0.72,0.73,0.27,0.28,0.01,0.01,74940.63,1776313586000
1776313588.355,88.355,0.72,0.73,0.27,0.28,0.01,0.01,74938.51,1776313587000
1776313588.697,88.697,0.72,0.73,0.27,0.28,0.01,0.01,74938.51,1776313587000
1776313589.197,89.197,0.72,0.74,0.27,0.28,0.02,0.01,74938.51,1776313587000
1776313589.621,89.621,0.73,0.74,0.26,0.27,0.01,0.01,74936.57,1776313588000
1776313589.965,89.965,0.73,0.74,0.26,0.27,0.01,0.01,74936.57,1776313588000
1776313590.327,90.327,0.73,0.75,0.26,0.27,0.02,0.01,74936.57,1776313588000
1776313590.784,90.784,0.73,0.74,0.26,0.27,0.01,0.01,74936.57,1776313589000
1776313591.137,91.137,0.73,0.74,0.26,0.27,0.01,0.01,74936.57,1776313590000
1776313591.499,91.499,0.74,0.75,0.25,0.27,0.01,0.02,74936.57,1776313590000
1776313591.985,91.985,0.73,0.74,0.26,0.27,0.01,0.01,74936.57,1776313590000
1776313592.347,92.347,0.73,0.74,0.26,0.27,0.01,0.01,74936.57,1776313590000
1776313592.696,92.696,0.72,0.73,0.27,0.28,0.01,0.01,74936.66,1776313591000
1776313593.033,93.033,0.7,0.71,0.28,0.3,0.01,0.02,74936.66,1776313592000
1776313593.374,93.374,0.7,0.71,0.29,0.3,0.01,0.01,74936.66,1776313592000
1776313593.741,93.741,0.7,0.71,0.29,0.3,0.01,0.01,74936.66,1776313592000
1776313594.134,94.134,0.7,0.71,0.29,0.3,0.01,0.01,74934.84,1776313593000
1776313594.587,94.587,0.7,0.71,0.29,0.3,0.01,0.01,74934.84,1776313593000
1776313595.171,95.171,0.7,0.71,0.29,0.3,0.01,0.01,74934.84,1776313593000
1776313595.553,95.553,0.72,0.74,0.25,0.28,0.02,0.03,74931.89,1776313594000
1776313595.965,95.965,0.73,0.74,0.25,0.27,0.01,0.02,74931.89,1776313594000
1776313596.323,96.323,0.73,0.74,0.26,0.27,0.01,0.01,74931.49,1776313595000
1776313596.751,96.751,0.73,0.74,0.26,0.27,0.01,0.01,74931.49,1776313595000
1776313597.13,97.13,0.73,0.74,0.26,0.27,0.01,0.01,74931.49,1776313595000
1776313597.559,97.559,0.73,0.74,0.26,0.27,0.01,0.01,74930.52,1776313596000
1776313598.127,98.127,0.73,0.74,0.26,0.27,0.01,0.01,74930.52,1776313596000
1776313598.666,98.666,0.73,0.74,0.26,0.27,0.01,0.01,74933.09,1776313597000
1776313599.049,99.049,0.73,0.74,0.26,0.27,0.01,0.01,74933.09,1776313598000
1776313599.489,99.489,0.7,0.71,0.28,0.31,0.01,0.03,74933.09,1776313598000
1776313599.931,99.931,0.7,0.71,0.29,0.3,0.01,0.01,74933.09,1776313598000
1776313600.285,100.285,0.69,0.7,0.3,0.31,0.01,0.01,74933.75,1776313599000
1776313600.681,100.681,0.69,0.7,0.3,0.31,0.01,0.01,74933.75,1776313599000
1776313601.04,101.04,0.69,0.7,0.3,0.31,0.01,0.01,74931.89,1776313600000
1776313601.543,101.543,0.69,0.7,0.3,0.31,0.01,0.01,74931.89,1776313600000
1776313601.977,101.977,0.69,0.7,0.3,0.31,0.01,0.01,74931.89,1776313600000
1776313602.438,102.438,0.69,0.7,0.3,0.31,0.01,0.01,74929.83,1776313601000
1776313603.123,103.123,0.69,0.7,0.3,0.31,0.01,0.01,74929.83,1776313601000
1776313603.529,103.529,0.69,0.7,0.3,0.31,0.01,0.01,74929.84,1776313602000
1776313603.945,103.945,0.69,0.7,0.3,0.31,0.01,0.01,74929.84,1776313602000
1776313604.322,104.322,0.69,0.7,0.3,0.31,0.01,0.01,74929.78,1776313603000
1776313604.786,104.786,0.69,0.7,0.3,0.31,0.01,0.01,74929.78,1776313603000
1776313605.13,105.13,0.69,0.7,0.3,0.31,0.01,0.01,74929.78,1776313603000
1776313606.006,106.006,0.69,0.7,0.3,0.31,0.01,0.01,74929.78,1776313604000
1776313606.355,106.355,0.69,0.7,0.3,0.31,0.01,0.01,74929.78,1776313604000
1776313606.831,106.831,0.69,0.7,0.3,0.31,0.01,0.01,74929.78,1776313605000
1776313607.539,107.539,0.69,0.7,0.3,0.31,0.01,0.01,74930.68,1776313606000
1776313607.881,107.881,0.69,0.7,0.3,0.31,0.01,0.01,74930.68,1776313606000
1776313608.265,108.265,0.69,0.7,0.3,0.31,0.01,0.01,74930.13,1776313607000
1776313608.659,108.659,0.69,0.7,0.3,0.31,0.01,0.01,74930.13,1776313607000
1776313609.063,109.063,0.69,0.7,0.3,0.31,0.01,0.01,74930.1,1776313608000
1776313609.573,109.573,0.69,0.7,0.3,0.31,0.01,0.01,74930.1,1776313608000
1776313609.917,109.917,0.69,0.7,0.3,0.31,0.01,0.01,74930.1,1776313608000
1776313610.597,110.597,0.69,0.7,0.3,0.31,0.01,0.01,74929.86,1776313609000
1776313610.945,110.945,0.69,0.7,0.3,0.31,0.01,0.01,74928.84,1776313610000
1776313611.487,111.487,0.69,0.7,0.3,0.31,0.01,0.01,74928.84,1776313610000
1776313611.865,111.865,0.69,0.7,0.3,0.31,0.01,0.01,74928.84,1776313611000
1776313612.24,112.24,0.69,0.72,0.28,0.31,0.03,0.03,74928.84,1776313611000
1776313612.629,112.629,0.69,0.7,0.3,0.31,0.01,0.01,74928.84,1776313611000
1776313613.184,113.184,0.69,0.7,0.3,0.31,0.01,0.01,74929.01,1776313612000
1776313613.704,113.704,0.69,0.7,0.3,0.31,0.01,0.01,74929.01,1776313612000
1776313614.392,114.392,0.69,0.7,0.3,0.31,0.01,0.01,74929.0,1776313613000
1776313614.804,114.804,0.69,0.7,0.3,0.31,0.01,0.01,74928.85,1776313614000
1776313615.215,115.215,0.69,0.7,0.3,0.31,0.01,0.01,74928.85,1776313614000
1776313615.994,115.994,0.69,0.7,0.3,0.31,0.01,0.01,74928.85,1776313614000
1776313616.522,116.522,0.69,0.72,0.3,0.31,0.03,0.01,74927.9,1776313615000
1776313617.058,117.058,0.7,0.71,0.29,0.3,0.01,0.01,74927.9,1776313615000
1776313617.412,117.412,0.7,0.71,0.29,0.3,0.01,0.01,74927.3,1776313616000
1776313617.747,117.747,0.7,0.71,0.29,0.3,0.01,0.01,74927.3,1776313616000
1776313618.228,118.228,0.7,0.71,0.29,0.3,0.01,0.01,74926.91,1776313617000
1776313618.685,118.685,0.7,0.71,0.29,0.3,0.01,0.01,74926.91,1776313617000
1776313619.247,119.247,0.69,0.7,0.3,0.31,0.01,0.01,74926.91,1776313617000
1776313619.669,119.669,0.7,0.71,0.29,0.3,0.01,0.01,74927.15,1776313618000
1776313620.122,120.122,0.7,0.71,0.29,0.3,0.01,0.01,74927.15,1776313618000
1776313620.472,120.472,0.7,0.72,0.29,0.3,0.02,0.01,74927.32,1776313619000
1776313620.81,120.81,0.71,0.72,0.28,0.29,0.01,0.01,74927.32,1776313619000
1776313621.206,121.206,0.7,0.71,0.29,0.3,0.01,0.01,74927.32,1776313619000
1776313621.676,121.676,0.68,0.69,0.31,0.32,0.01,0.01,74927.96,1776313620000
1776313622.094,122.094,0.68,0.69,0.31,0.32,0.01,0.01,74927.96,1776313621000
1776313622.703,122.703,0.69,0.7,0.31,0.32,0.01,0.01,74927.96,1776313621000
1776313623.077,123.077,0.69,0.7,0.3,0.31,0.01,0.01,74926.15,1776313622000
1776313623.489,123.489,0.7,0.71,0.29,0.3,0.01,0.01,74926.15,1776313622000
1776313623.997,123.997,0.7,0.71,0.29,0.3,0.01,0.01,74924.7,1776313623000
1776313624.357,124.357,0.7,0.71,0.29,0.3,0.01,0.01,74924.7,1776313623000
1776313624.71,124.71,0.7,0.71,0.29,0.3,0.01,0.01,74924.7,1776313623000
1776313625.048,125.048,0.7,0.71,0.29,0.3,0.01,0.01,74924.7,1776313624000
1776313625.56,125.56,0.71,0.72,0.29,0.3,0.01,0.01,74924.7,1776313624000
1776313625.94,125.94,0.72,0.73,0.27,0.28,0.01,0.01,74923.8,1776313625000
1776313626.43,126.43,0.72,0.73,0.27,0.28,0.01,0.01,74923.8,1776313625000
1776313627.121,127.121,0.72,0.73,0.27,0.28,0.01,0.01,74923.8,1776313625000
1776313627.566,127.566,0.72,0.73,0.27,0.28,0.01,0.01,74924.62,1776313626000
1776313628.001,128.001,0.72,0.73,0.27,0.28,0.01,0.01,74924.62,1776313626000
1776313628.417,128.417,0.74,0.75,0.26,0.28,0.01,0.02,74925.07,1776313627000
1776313628.956,128.956,0.74,0.75,0.25,0.26,0.01,0.01,74925.07,1776313627000
1776313629.397,129.397,0.74,0.75,0.25,0.26,0.01,0.01,74927.19,1776313628000
1776313629.853,129.853,0.74,0.75,0.25,0.26,0.01,0.01,74927.19,1776313629000
1776313630.355,130.355,0.74,0.75,0.25,0.26,0.01,0.01,74927.19,1776313629000
1776313630.698,130.698,0.73,0.74,0.25,0.27,0.01,0.02,74927.19,1776313629000
1776313631.046,131.046,0.73,0.74,0.26,0.27,0.01,0.01,74928.48,1776313630000
1776313631.744,131.744,0.73,0.74,0.26,0.27,0.01,0.01,74928.48,1776313630000
1776313632.242,132.242,0.72,0.74,0.26,0.27,0.02,0.01,74929.96,1776313631000
1776313632.646,132.646,0.72,0.73,0.27,0.28,0.01,0.01,74929.96,1776313631000
1776313633.026,133.026,0.72,0.73,0.27,0.28,0.01,0.01,74929.96,1776313631000
1776313633.662,133.662,0.72,0.73,0.27,0.28,0.01,0.01,74930.0,1776313632000
1776313634.215,134.215,0.72,0.73,0.27,0.28,0.01,0.01,74930.0,1776313632000
1776313634.924,134.924,0.72,0.73,0.27,0.28,0.01,0.01,74930.0,1776313634000
1776313635.65,135.65,0.72,0.74,0.27,0.28,0.02,0.01,74930.0,1776313634000
1776313636.02,136.02,0.75,0.76,0.24,0.26,0.01,0.02,74930.0,1776313634000
1776313636.542,136.542,0.76,0.77,0.23,0.25,0.01,0.02,74930.0,1776313635000
1776313637.088,137.088,0.77,0.78,0.22,0.23,0.01,0.01,74930.0,1776313635000
1776313637.598,137.598,0.77,0.78,0.22,0.23,0.01,0.01,74930.0,1776313636000
1776313638.082,138.082,0.77,0.78,0.22,0.23,0.01,0.01,74930.0,1776313636000
1776313638.645,138.645,0.77,0.78,0.22,0.23,0.01,0.01,74932.63,1776313637000
1776313638.99,138.99,0.79,0.8,0.2,0.21,0.01,0.01,74933.55,1776313638000
1776313639.341,139.341,0.79,0.8,0.2,0.21,0.01,0.01,74933.55,1776313638000
1776313639.702,139.702,0.79,0.8,0.2,0.21,0.01,0.01,74933.55,1776313638000
1776313640.096,140.096,0.79,0.8,0.2,0.21,0.01,0.01,74933.83,1776313639000
1776313640.635,140.635,0.77,0.78,0.22,0.23,0.01,0.01,74933.83,1776313639000
1776313641.004,141.004,0.77,0.78,0.22,0.23,0.01,0.01,74933.83,1776313639000
1776313641.644,141.644,0.76,0.77,0.23,0.24,0.01,0.01,74939.99,1776313640000
1776313642.07,142.07,0.76,0.77,0.23,0.24,0.01,0.01,74939.99,1776313640000
1776313642.492,142.492,0.76,0.77,0.23,0.24,0.01,0.01,74938.75,1776313641000
1776313642.865,142.865,0.76,0.77,0.23,0.24,0.01,0.01,74938.75,1776313641000
1776313643.218,143.218,0.76,0.77,0.23,0.24,0.01,0.01,74938.75,1776313641000
1776313643.738,143.738,0.75,0.76,0.23,0.25,0.01,0.02,74938.14,1776313642000
1776313644.23,144.23,0.75,0.76,0.24,0.25,0.01,0.01,74938.14,1776313642000
1776313644.785,144.785,0.75,0.76,0.24,0.25,0.01,0.01,74937.92,1776313643000
1776313645.121,145.121,0.75,0.76,0.24,0.25,0.01,0.01,74937.92,1776313643000
1776313645.674,145.674,0.75,0.76,0.24,0.25,0.01,0.01,74937.92,1776313644000
1776313646.115,146.115,0.75,0.76,0.24,0.25,0.01,0.01,74937.92,1776313644000
1776313646.529,146.529,0.75,0.76,0.24,0.25,0.01,0.01,74937.2,1776313645000
1776313646.871,146.871,0.75,0.76,0.24,0.25,0.01,0.01,74937.2,1776313645000
1776313647.6,147.6,0.75,0.76,0.24,0.25,0.01,0.01,74937.2,1776313645000
1776313647.957,147.957,0.75,0.76,0.24,0.25,0.01,0.01,74937.2,1776313645000
1776313648.376,148.376,0.75,0.76,0.24,0.25,0.01,0.01,74937.01,1776313646000
1776313648.712,148.712,0.75,0.76,0.24,0.25,0.01,0.01,74937.01,1776313646000
1776313649.389,149.389,0.75,0.76,0.24,0.25,0.01,0.01,74936.98,1776313647000
1776313650.102,150.102,0.75,0.76,0.24,0.25,0.01,0.01,74937.89,1776313649000
1776313650.452,150.452,0.75,0.76,0.24,0.25,0.01,0.01,74937.89,1776313649000
1776313650.953,150.953,0.76,0.77,0.23,0.24,0.01,0.01,74937.89,1776313649000
1776313651.534,151.534,0.76,0.77,0.23,0.24,0.01,0.01,74937.58,1776313650000
1776313651.868,151.868,0.75,0.77,0.23,0.24,0.02,0.01,74937.58,1776313650000
1776313652.248,152.248,0.73,0.74,0.25,0.27,0.01,0.02,74937.58,1776313650000
1776313652.593,152.593,0.73,0.74,0.26,0.27,0.01,0.01,74937.58,1776313650000
1776313653.059,153.059,0.73,0.74,0.26,0.27,0.01,0.01,74938.46,1776313651000
1776313653.412,153.412,0.74,0.75,0.25,0.26,0.01,0.01,74938.46,1776313651000
1776313653.781,153.781,0.75,0.78,0.24,0.26,0.03,0.02,74938.46,1776313652000
1776313654.18,154.18,0.77,0.78,0.21,0.25,0.01,0.04,74938.46,1776313652000
1776313654.584,154.584,0.78,0.79,0.21,0.23,0.01,0.02,74934.57,1776313653000
1776313654.939,154.939,0.78,0.79,0.21,0.22,0.01,0.01,74934.57,1776313653000
1776313655.438,155.438,0.78,0.79,0.21,0.22,0.01,0.01,74934.7,1776313654000
1776313655.793,155.793,0.78,0.79,0.21,0.22,0.01,0.01,74934.7,1776313654000
1776313656.35,156.35,0.78,0.79,0.21,0.22,0.01,0.01,74935.9,1776313655000
1776313656.946,156.946,0.78,0.79,0.21,0.22,0.01,0.01,74938.62,1776313656000
1776313657.685,157.685,0.77,0.79,0.21,0.22,0.02,0.01,74938.62,1776313656000
1776313658.197,158.197,0.77,0.78,0.22,0.23,0.01,0.01,74938.62,1776313656000
1776313658.543,158.543,0.77,0.78,0.22,0.23,0.01,0.01,74936.84,1776313657000
1776313658.88,158.88,0.77,0.78,0.22,0.23,0.01,0.01,74936.84,1776313657000
1776313659.226,159.226,0.77,0.78,0.22,0.23,0.01,0.01,74936.84,1776313657000
1776313659.643,159.643,0.77,0.78,0.22,0.23,0.01,0.01,74936.23,1776313658000
1776313660.249,160.249,0.77,0.78,0.22,0.23,0.01,0.01,74936.23,1776313658000
1776313661.542,161.542,0.77,0.78,0.22,0.23,0.01,0.01,74936.23,1776313659000
1776313661.917,161.917,0.77,0.78,0.22,0.23,0.01,0.01,74934.93,1776313660000
1776313662.269,162.269,0.77,0.78,0.22,0.23,0.01,0.01,74934.93,1776313660000
1776313662.635,162.635,0.77,0.78,0.22,0.23,0.01,0.01,74934.93,1776313660000
1776313663.028,163.028,0.77,0.78,0.22,0.23,0.01,0.01,74934.93,1776313661000
1776313663.372,163.372,0.77,0.78,0.22,0.23,0.01,0.01,74934.93,1776313661000
1776313664.224,164.224,0.77,0.78,0.22,0.23,0.01,0.01,74936.62,1776313663000
1776313665.054,165.054,0.77,0.78,0.22,0.23,0.01,0.01,74936.64,1776313664000
1776313665.769,165.769,0.77,0.78,0.22,0.23,0.01,0.01,74936.64,1776313664000
1776313666.221,166.221,0.72,0.74,0.26,0.28,0.02,0.02,74936.77,1776313665000
1776313666.656,166.656,0.72,0.73,0.27,0.28,0.01,0.01,74936.77,1776313665000
1776313667.075,167.075,0.72,0.73,0.27,0.28,0.01,0.01,74936.77,1776313665000
1776313667.449,167.449,0.72,0.73,0.27,0.28,0.01,0.01,74930.11,1776313666000
1776313667.906,167.906,0.72,0.73,0.27,0.28,0.01,0.01,74929.52,1776313667000
1776313668.245,168.245,0.75,0.77,0.24,0.26,0.02,0.02,74929.52,1776313667000
1776313668.613,168.613,0.76,0.8,0.2,0.24,0.04,0.04,74929.52,1776313667000
1776313669.027,169.027,0.77,0.78,0.22,0.23,0.01,0.01,74929.81,1776313668000
1776313669.441,169.441,0.77,0.78,0.22,0.23,0.01,0.01,74929.81,1776313668000
1776313669.817,169.817,0.77,0.78,0.22,0.23,0.01,0.01,74929.81,1776313668000
1776313670.294,170.294,0.77,0.78,0.22,0.23,0.01,0.01,74934.42,1776313669000
1776313670.744,170.744,0.77,0.78,0.22,0.23,0.01,0.01,74934.42,1776313669000
1776313671.12,171.12,0.77,0.78,0.22,0.23,0.01,0.01,74934.44,1776313670000
1776313671.551,171.551,0.77,0.78,0.22,0.23,0.01,0.01,74934.44,1776313670000
1776313672.193,172.193,0.77,0.78,0.22,0.23,0.01,0.01,74935.36,1776313671000
1776313672.658,172.658,0.77,0.78,0.22,0.23,0.01,0.01,74935.36,1776313671000
1776313673.039,173.039,0.77,0.78,0.22,0.23,0.01,0.01,74935.36,1776313671000
1776313673.426,173.426,0.77,0.78,0.22,0.23,0.01,0.01,74935.81,1776313672000
1776313674.202,174.202,0.77,0.78,0.22,0.23,0.01,0.01,74935.81,1776313672000
1776313674.586,174.586,0.77,0.78,0.22,0.23,0.01,0.01,74935.81,1776313673000
1776313674.932,174.932,0.77,0.78,0.22,0.23,0.01,0.01,74935.4,1776313674000
1776313675.712,175.712,0.77,0.78,0.22,0.23,0.01,0.01,74935.4,1776313674000
1776313676.195,176.195,0.77,0.78,0.22,0.23,0.01,0.01,74935.03,1776313675000
1776313676.709,176.709,0.78,0.79,0.21,0.23,0.01,0.02,74935.03,1776313675000
1776313677.284,177.284,0.78,0.79,0.21,0.22,0.01,0.01,74935.53,1776313676000
1776313677.66,177.66,0.78,0.79,0.21,0.22,0.01,0.01,74935.53,1776313676000
1776313678.056,178.056,0.78,0.79,0.21,0.22,0.01,0.01,74935.53,1776313677000
1776313679.025,179.025,0.78,0.79,0.21,0.22,0.01,0.01,74935.53,1776313677000
1776313679.377,179.377,0.78,0.79,0.21,0.22,0.01,0.01,74935.75,1776313678000
1776313680.395,180.395,0.78,0.79,0.21,0.22,0.01,0.01,74935.75,1776313678000
1776313680.853,180.853,0.78,0.79,0.21,0.22,0.01,0.01,74935.79,1776313679000
1776313681.208,181.208,0.78,0.79,0.21,0.22,0.01,0.01,74935.05,1776313680000
1776313681.738,181.738,0.78,0.79,0.21,0.22,0.01,0.01,74935.05,1776313680000
1776313682.099,182.099,0.78,0.79,0.21,0.22,0.01,0.01,74935.05,1776313680000
1776313682.439,182.439,0.78,0.79,0.21,0.22,0.01,0.01,74934.78,1776313681000
1776313682.804,182.804,0.78,0.79,0.21,0.22,0.01,0.01,74934.78,1776313681000
1776313683.345,183.345,0.78,0.79,0.21,0.22,0.01,0.01,74935.05,1776313682000
1776313684.028,184.028,0.78,0.79,0.21,0.22,0.01,0.01,74934.01,1776313683000
1776313684.965,184.965,0.78,0.79,0.21,0.22,0.01,0.01,74933.84,1776313684000
1776313685.818,185.818,0.78,0.79,0.21,0.22,0.01,0.01,74933.84,1776313684000
1776313686.553,186.553,0.79,0.8,0.21,0.22,0.01,0.01,74934.35,1776313685000
1776313687.272,187.272,0.79,0.8,0.2,0.21,0.01,0.01,74934.37,1776313686000
1776313687.966,187.966,0.8,0.81,0.19,0.2,0.01,0.01,74934.8,1776313687000
1776313688.471,188.471,0.8,0.81,0.19,0.2,0.01,0.01,74934.8,1776313687000
1776313689.14,189.14,0.8,0.81,0.19,0.2,0.01,0.01,74936.84,1776313688000
1776313689.686,189.686,0.8,0.81,0.19,0.2,0.01,0.01,74936.84,1776313688000
1776313690.054,190.054,0.79,0.81,0.19,0.2,0.02,0.01,74936.84,1776313688000
1776313690.825,190.825,0.79,0.8,0.2,0.21,0.01,0.01,74936.62,1776313689000
1776313691.167,191.167,0.79,0.8,0.2,0.21,0.01,0.01,74936.62,1776313689000
1776313691.979,191.979,0.79,0.8,0.2,0.21,0.01,0.01,74936.46,1776313691000
1776313692.516,192.516,0.79,0.8,0.2,0.21,0.01,0.01,74936.46,1776313691000
1776313693.013,193.013,0.79,0.8,0.2,0.21,0.01,0.01,74936.46,1776313691000
1776313694.266,194.266,0.79,0.8,0.2,0.21,0.01,0.01,74934.74,1776313692000
1776313694.634,194.634,0.79,0.8,0.2,0.21,0.01,0.01,74934.74,1776313693000
1776313694.975,194.975,0.79,0.8,0.2,0.21,0.01,0.01,74934.74,1776313693000
1776313695.604,195.604,0.79,0.8,0.2,0.21,0.01,0.01,74935.32,1776313694000
1776313695.949,195.949,0.79,0.8,0.2,0.21,0.01,0.01,74935.32,1776313694000
1776313696.316,196.316,0.79,0.8,0.2,0.21,0.01,0.01,74935.07,1776313695000
1776313696.877,196.877,0.79,0.8,0.2,0.21,0.01,0.01,74935.07,1776313695000
1776313697.348,197.348,0.75,0.78,0.22,0.23,0.03,0.01,74934.78,1776313696000
1776313697.88,197.88,0.75,0.76,0.22,0.25,0.01,0.03,74934.78,1776313696000
1776313698.228,198.228,0.75,0.76,0.24,0.25,0.01,0.01,74934.57,1776313697000
1776313698.589,198.589,0.75,0.76,0.24,0.25,0.01,0.01,74934.57,1776313697000
1776313699.215,199.215,0.75,0.76,0.24,0.25,0.01,0.01,74932.09,1776313698000
1776313699.771,199.771,0.75,0.76,0.24,0.25,0.01,0.01,74932.09,1776313698000
1776313700.23,200.23,0.75,0.76,0.24,0.25,0.01,0.01,74931.37,1776313699000
1776313700.846,200.846,0.75,0.76,0.24,0.25,0.01,0.01,74931.37,1776313699000
1776313701.222,201.222,0.75,0.76,0.24,0.25,0.01,0.01,74930.85,1776313700000
1776313701.873,201.873,0.75,0.76,0.24,0.25,0.01,0.01,74930.85,1776313700000
1776313702.622,202.622,0.75,0.76,0.24,0.25,0.01,0.01,74930.84,1776313701000
1776313702.969,202.969,0.75,0.76,0.24,0.25,0.01,0.01,74930.84,1776313701000
1776313703.615,203.615,0.74,0.75,0.25,0.27,0.01,0.02,74928.55,1776313702000
1776313704.021,204.021,0.74,0.75,0.25,0.26,0.01,0.01,74928.55,1776313702000
1776313704.649,204.649,0.74,0.75,0.25,0.26,0.01,0.01,74928.53,1776313703000
1776313705.32,205.32,0.74,0.75,0.25,0.26,0.01,0.01,74925.96,1776313704000
1776313706.268,206.268,0.74,0.75,0.25,0.26,0.01,0.01,74925.96,1776313704000
1776313706.621,206.621,0.74,0.75,0.25,0.26,0.01,0.01,74924.98,1776313705000
1776313707.283,207.283,0.74,0.75,0.25,0.26,0.01,0.01,74924.98,1776313705000
1776313707.621,207.621,0.74,0.75,0.25,0.26,0.01,0.01,74925.8,1776313706000
1776313708.326,208.326,0.74,0.75,0.25,0.26,0.01,0.01,74925.26,1776313707000
1776313708.672,208.672,0.74,0.75,0.25,0.26,0.01,0.01,74925.26,1776313707000
1776313709.269,209.269,0.74,0.75,0.25,0.26,0.01,0.01,74925.65,1776313708000
1776313709.808,209.808,0.74,0.75,0.25,0.26,0.01,0.01,74925.65,1776313708000
1776313710.16,210.16,0.74,0.75,0.25,0.26,0.01,0.01,74925.65,1776313708000
1776313711.013,211.013,0.71,0.73,0.25,0.26,0.02,0.01,74924.41,1776313709000
1776313711.377,211.377,0.71,0.72,0.28,0.29,0.01,0.01,74923.83,1776313710000
1776313711.841,211.841,0.71,0.72,0.28,0.29,0.01,0.01,74923.83,1776313710000
1776313712.304,212.304,0.71,0.72,0.28,0.29,0.01,0.01,74920.74,1776313711000
1776313712.88,212.88,0.72,0.73,0.27,0.29,0.01,0.02,74920.74,1776313711000
1776313713.259,213.259,0.7,0.71,0.27,0.3,0.01,0.03,74920.74,1776313711000
1776313713.785,213.785,0.7,0.71,0.29,0.3,0.01,0.01,74921.23,1776313712000
1776313714.327,214.327,0.69,0.7,0.3,0.31,0.01,0.01,74920.97,1776313713000
1776313715.221,215.221,0.69,0.7,0.3,0.31,0.01,0.01,74920.97,1776313713000
1776313715.968,215.968,0.7,0.71,0.28,0.31,0.01,0.03,74918.97,1776313714000
1776313716.318,216.318,0.7,0.71,0.29,0.3,0.01,0.01,74918.76,1776313715000
1776313716.979,216.979,0.7,0.71,0.29,0.3,0.01,0.01,74918.82,1776313716000
1776313717.37,217.37,0.71,0.72,0.28,0.3,0.01,0.02,74918.82,1776313716000
1776313717.737,217.737,0.73,0.74,0.26,0.27,0.01,0.01,74918.82,1776313716000
1776313718.297,218.297,0.74,0.76,0.25,0.26,0.02,0.01,74917.94,1776313717000
1776313718.682,218.682,0.75,0.76,0.24,0.26,0.01,0.02,74917.94,1776313717000
1776313719.064,219.064,0.76,0.77,0.23,0.24,0.01,0.01,74917.94,1776313717000
1776313719.449,219.449,0.76,0.77,0.23,0.24,0.01,0.01,74919.44,1776313718000
1776313719.791,219.791,0.76,0.77,0.23,0.24,0.01,0.01,74919.44,1776313718000
1776313720.407,220.407,0.76,0.77,0.23,0.24,0.01,0.01,74920.17,1776313719000
1776313720.751,220.751,0.74,0.75,0.24,0.27,0.01,0.03,74920.17,1776313719000
1776313721.302,221.302,0.73,0.74,0.25,0.27,0.01,0.02,74920.65,1776313720000
1776313721.64,221.64,0.7,0.72,0.28,0.3,0.02,0.02,74920.65,1776313720000
1776313722.432,222.432,0.69,0.72,0.28,0.31,0.03,0.03,74919.97,1776313721000
1776313722.847,222.847,0.69,0.7,0.3,0.31,0.01,0.01,74919.97,1776313721000
1776313723.184,223.184,0.69,0.7,0.3,0.31,0.01,0.01,74919.54,1776313722000
1776313723.52,223.52,0.69,0.7,0.3,0.31,0.01,0.01,74919.54,1776313722000
1776313723.928,223.928,0.69,0.7,0.3,0.31,0.01,0.01,74919.54,1776313722000
1776313724.379,224.379,0.69,0.7,0.3,0.31,0.01,0.01,74917.3,1776313723000
1776313724.791,224.791,0.69,0.7,0.3,0.31,0.01,0.01,74917.3,1776313723000
1776313725.603,225.603,0.69,0.7,0.3,0.31,0.01,0.01,74917.25,1776313724000
1776313725.94,225.94,0.69,0.7,0.3,0.31,0.01,0.01,74916.62,1776313725000
1776313726.451,226.451,0.69,0.7,0.3,0.31,0.01,0.01,74916.62,1776313725000
1776313726.919,226.919,0.69,0.7,0.3,0.31,0.01,0.01,74916.62,1776313725000
1776313727.297,227.297,0.69,0.7,0.3,0.31,0.01,0.01,74916.73,1776313726000
1776313727.645,227.645,0.7,0.73,0.29,0.31,0.03,0.02,74916.73,1776313726000
1776313728.182,228.182,0.71,0.75,0.28,0.29,0.04,0.01,74916.47,1776313727000
1776313728.674,228.674,0.73,0.74,0.25,0.29,0.01,0.04,74916.47,1776313727000
1776313729.252,229.252,0.73,0.74,0.26,0.27,0.01,0.01,74916.46,1776313728000
1776313730.21,230.21,0.72,0.73,0.27,0.3,0.01,0.03,74916.46,1776313728000
1776313730.722,230.722,0.71,0.72,0.28,0.3,0.01,0.02,74915.41,1776313729000
1776313731.218,231.218,0.71,0.72,0.28,0.29,0.01,0.01,74915.41,1776313729000
1776313731.652,231.652,0.74,0.75,0.25,0.26,0.01,0.01,74914.58,1776313730000
1776313731.992,231.992,0.74,0.75,0.25,0.26,0.01,0.01,74914.58,1776313730000
1776313732.357,232.357,0.74,0.76,0.24,0.26,0.02,0.02,74913.84,1776313731000
1776313732.808,232.808,0.75,0.76,0.24,0.25,0.01,0.01,74913.84,1776313731000
1776313733.214,233.214,0.73,0.76,0.24,0.27,0.03,0.03,74916.37,1776313732000
1776313733.669,233.669,0.73,0.75,0.24,0.27,0.02,0.03,74916.37,1776313732000
1776313734.04,234.04,0.73,0.74,0.26,0.27,0.01,0.01,74916.37,1776313732000
1776313734.458,234.458,0.71,0.72,0.26,0.29,0.01,0.03,74916.37,1776313732000
1776313734.909,234.909,0.69,0.7,0.3,0.31,0.01,0.01,74916.37,1776313732000
1776313735.443,235.443,0.69,0.7,0.3,0.31,0.01,0.01,74916.8,1776313733000
1776313735.808,235.808,0.69,0.7,0.3,0.31,0.01,0.01,74916.8,1776313733000
1776313736.299,236.299,0.69,0.72,0.3,0.31,0.03,0.01,74916.93,1776313734000
1776313736.999,236.999,0.71,0.73,0.27,0.29,0.02,0.02,74917.05,1776313735000
1776313737.602,237.602,0.73,0.74,0.27,0.29,0.01,0.02,74917.05,1776313735000
1776313738.255,238.255,0.75,0.76,0.24,0.27,0.01,0.03,74918.36,1776313736000
1776313738.666,238.666,0.75,0.76,0.24,0.25,0.01,0.01,74918.74,1776313737000
1776313739.018,239.018,0.75,0.76,0.24,0.25,0.01,0.01,74918.74,1776313737000
1776313739.519,239.519,0.75,0.76,0.24,0.25,0.01,0.01,74918.74,1776313738000
1776313739.875,239.875,0.75,0.76,0.24,0.25,0.01,0.01,74918.74,1776313738000
1776313740.528,240.528,0.75,0.76,0.24,0.25,0.01,0.01,74918.74,1776313738000
1776313740.874,240.874,0.75,0.77,0.23,0.25,0.02,0.02,74919.04,1776313739000
1776313741.296,241.296,0.75,0.77,0.23,0.25,0.02,0.02,74919.83,1776313740000
1776313741.736,241.736,0.76,0.77,0.23,0.24,0.01,0.01,74919.83,1776313740000
1776313742.081,242.081,0.8,0.9,0.12,0.2,0.1,0.08,74919.83,1776313740000
1776313742.443,242.443,0.88,0.89,0.11,0.12,0.01,0.01,74919.83,1776313741000
1776313742.785,242.785,0.83,0.84,0.16,0.17,0.01,0.01,74919.83,1776313741000
1776313743.155,243.155,0.83,0.84,0.16,0.17,0.01,0.01,74919.83,1776313741000
1776313743.541,243.541,0.81,0.82,0.18,0.19,0.01,0.01,74919.83,1776313741000
1776313743.992,243.992,0.81,0.82,0.18,0.19,0.01,0.01,74924.71,1776313742000
1776313744.383,244.383,0.8,0.81,0.19,0.2,0.01,0.01,74924.71,1776313742000
1776313745.129,245.129,0.8,0.81,0.19,0.2,0.01,0.01,74927.28,1776313744000
1776313745.72,245.72,0.8,0.81,0.19,0.2,0.01,0.01,74927.28,1776313744000
1776313746.273,246.273,0.8,0.81,0.19,0.2,0.01,0.01,74927.28,1776313744000
1776313746.687,246.687,0.8,0.81,0.19,0.2,0.01,0.01,74926.71,1776313745000
1776313747.097,247.097,0.8,0.81,0.19,0.2,0.01,0.01,74926.71,1776313745000
1776313747.495,247.495,0.8,0.81,0.19,0.2,0.01,0.01,74926.73,1776313746000
1776313747.888,247.888,0.8,0.81,0.19,0.2,0.01,0.01,74926.73,1776313746000
1776313748.281,248.281,0.8,0.81,0.19,0.2,0.01,0.01,74926.42,1776313747000
1776313748.69,248.69,0.8,0.81,0.19,0.2,0.01,0.01,74926.42,1776313747000
1776313749.426,249.426,0.81,0.82,0.17,0.2,0.01,0.03,74926.42,1776313747000
1776313749.776,249.776,0.81,0.82,0.18,0.19,0.01,0.01,74926.53,1776313748000
1776313750.307,250.307,0.81,0.82,0.18,0.19,0.01,0.01,74926.53,1776313748000
1776313750.685,250.685,0.81,0.82,0.18,0.19,0.01,0.01,74925.62,1776313749000
1776313751.313,251.313,0.81,0.82,0.18,0.19,0.01,0.01,74925.14,1776313750000
1776313751.646,251.646,0.81,0.82,0.18,0.19,0.01,0.01,74925.14,1776313750000
1776313752.03,252.03,0.81,0.82,0.18,0.19,0.01,0.01,74925.14,1776313750000
1776313752.522,252.522,0.81,0.82,0.18,0.19,0.01,0.01,74925.14,1776313751000
1776313752.87,252.87,0.81,0.83,0.18,0.19,0.02,0.01,74925.14,1776313751000
1776313753.428,253.428,0.82,0.83,0.17,0.18,0.01,0.01,74925.14,1776313751000
1776313754.03,254.03,0.82,0.83,0.17,0.18,0.01,0.01,74925.14,1776313752000
1776313754.455,254.455,0.82,0.83,0.17,0.18,0.01,0.01,74925.14,1776313752000
1776313754.811,254.811,0.82,0.83,0.17,0.18,0.01,0.01,74925.59,1776313753000
1776313755.179,255.179,0.82,0.83,0.17,0.18,0.01,0.01,74925.59,1776313753000
1776313755.515,255.515,0.82,0.83,0.17,0.18,0.01,0.01,74925.59,1776313754000
1776313755.891,255.891,0.82,0.83,0.17,0.18,0.01,0.01,74925.59,1776313754000
1776313756.28,256.28,0.82,0.83,0.17,0.18,0.01,0.01,74925.57,1776313755000
1776313756.686,256.686,0.85,0.86,0.17,0.18,0.01,0.01,74925.57,1776313755000
1776313757.068,257.068,0.85,0.86,0.14,0.15,0.01,0.01,74925.57,1776313755000
1776313757.407,257.407,0.85,0.86,0.14,0.15,0.01,0.01,74925.57,1776313756000
1776313757.923,257.923,0.85,0.86,0.14,0.15,0.01,0.01,74925.57,1776313756000
1776313758.355,258.355,0.89,0.9,0.11,0.12,0.01,0.01,74925.57,1776313756000
1776313758.784,258.784,0.89,0.9,0.1,0.11,0.01,0.01,74925.56,1776313757000
1776313759.125,259.125,0.9,0.91,0.09,0.1,0.01,0.01,74926.34,1776313758000
1776313759.53,259.53,0.89,0.9,0.1,0.11,0.01,0.01,74926.34,1776313758000
1776313759.99,259.99,0.9,0.91,0.09,0.1,0.01,0.01,74926.34,1776313758000
1776313760.331,260.331,0.9,0.91,0.09,0.1,0.01,0.01,74927.82,1776313759000
1776313760.7,260.7,0.88,0.89,0.1,0.11,0.01,0.01,74927.82,1776313759000
1776313761.109,261.109,0.88,0.89,0.11,0.12,0.01,0.01,74927.82,1776313759000
1776313761.49,261.49,0.9,0.91,0.09,0.12,0.01,0.03,74928.51,1776313760000
1776313761.942,261.942,0.89,0.9,0.1,0.11,0.01,0.01,74928.51,1776313760000
1776313762.309,262.309,0.89,0.9,0.1,0.11,0.01,0.01,74928.11,1776313761000
1776313762.717,262.717,0.89,0.92,0.1,0.11,0.03,0.01,74928.11,1776313761000
1776313763.148,263.148,0.91,0.92,0.08,0.11,0.01,0.03,74928.11,1776313762000
1776313763.483,263.483,0.88,0.89,0.11,0.12,0.01,0.01,74928.11,1776313762000
1776313763.954,263.954,0.89,0.92,0.08,0.11,0.03,0.03,74927.78,1776313763000
1776313764.378,264.378,0.89,0.91,0.07,0.09,0.02,0.02,74927.78,1776313763000
1776313764.723,264.723,0.88,0.89,0.1,0.12,0.01,0.02,74927.78,1776313763000
1776313765.06,265.06,0.88,0.89,0.11,0.12,0.01,0.01,74927.78,1776313763000
1776313765.489,265.489,0.88,0.89,0.11,0.12,0.01,0.01,74928.27,1776313764000
1776313765.829,265.829,0.88,0.89,0.11,0.12,0.01,0.01,74928.27,1776313764000
1776313766.203,266.203,0.9,0.91,0.09,0.1,0.01,0.01,74928.71,1776313765000
1776313766.733,266.733,0.91,0.92,0.08,0.09,0.01,0.01,74928.71,1776313765000
1776313767.231,267.231,0.9,0.92,0.08,0.1,0.02,0.02,74928.34,1776313766000
1776313767.59,267.59,0.89,0.9,0.09,0.11,0.01,0.02,74928.34,1776313766000
1776313768.063,268.063,0.89,0.9,0.1,0.11,0.01,0.01,74928.34,1776313766000
1776313768.41,268.41,0.87,0.89,0.11,0.12,0.02,0.01,74928.34,1776313766000
1776313768.755,268.755,0.88,0.89,0.11,0.12,0.01,0.01,74927.84,1776313767000
1776313769.362,269.362,0.87,0.88,0.11,0.13,0.01,0.02,74927.84,1776313767000
1776313769.761,269.761,0.87,0.94,0.12,0.13,0.07,0.01,74927.58,1776313768000
1776313770.185,270.185,0.92,0.93,0.07,0.08,0.01,0.01,74927.58,1776313769000
1776313770.703,270.703,0.9,0.91,0.08,0.09,0.01,0.01,74927.58,1776313769000
1776313771.057,271.057,0.9,0.91,0.09,0.1,0.01,0.01,74926.83,1776313770000
1776313771.423,271.423,0.88,0.89,0.11,0.12,0.01,0.01,74926.83,1776313770000
1776313771.812,271.812,0.88,0.89,0.11,0.12,0.01,0.01,74926.83,1776313770000
1776313772.149,272.149,0.88,0.89,0.11,0.12,0.01,0.01,74927.53,1776313771000
1776313772.516,272.516,0.88,0.89,0.11,0.12,0.01,0.01,74927.53,1776313771000
1776313772.895,272.895,0.88,0.89,0.11,0.12,0.01,0.01,74927.53,1776313771000
1776313773.394,273.394,0.91,0.92,0.11,0.12,0.01,0.01,74927.21,1776313772000
1776313773.884,273.884,0.9,0.91,0.08,0.1,0.01,0.02,74927.21,1776313772000
1776313774.337,274.337,0.9,0.91,0.09,0.1,0.01,0.01,74927.16,1776313773000
1776313774.909,274.909,0.91,0.92,0.08,0.09,0.01,0.01,74927.16,1776313773000
1776313775.333,275.333,0.91,0.92,0.08,0.09,0.01,0.01,74927.17,1776313774000
1776313775.679,275.679,0.88,0.89,0.11,0.12,0.01,0.01,74927.17,1776313774000
1776313776.015,276.015,0.87,0.88,0.12,0.14,0.01,0.02,74927.17,1776313774000
1776313776.376,276.376,0.86,0.87,0.13,0.14,0.01,0.01,74927.17,1776313775000
1776313776.726,276.726,0.86,0.87,0.13,0.14,0.01,0.01,74927.17,1776313775000
1776313777.28,277.28,0.86,0.87,0.13,0.14,0.01,0.01,74926.95,1776313776000
1776313777.622,277.622,0.84,0.85,0.15,0.16,0.01,0.01,74926.95,1776313776000
1776313777.971,277.971,0.85,0.86,0.14,0.15,0.01,0.01,74926.95,1776313776000
1776313778.329,278.329,0.84,0.85,0.14,0.16,0.01,0.02,74924.72,1776313777000
1776313778.699,278.699,0.84,0.85,0.15,0.16,0.01,0.01,74924.72,1776313777000
1776313779.037,279.037,0.84,0.85,0.15,0.16,0.01,0.01,74924.42,1776313778000
1776313779.376,279.376,0.84,0.85,0.15,0.16,0.01,0.01,74924.42,1776313778000
1776313779.731,279.731,0.85,0.86,0.14,0.15,0.01,0.01,74924.42,1776313778000
1776313780.151,280.151,0.85,0.86,0.14,0.15,0.01,0.01,74923.57,1776313779000
1776313780.609,280.609,0.85,0.86,0.14,0.15,0.01,0.01,74923.57,1776313779000
1776313780.95,280.95,0.87,0.88,0.12,0.13,0.01,0.01,74923.57,1776313779000
1776313781.284,281.284,0.87,0.88,0.12,0.13,0.01,0.01,74923.44,1776313780000
1776313781.799,281.799,0.84,0.85,0.15,0.16,0.01,0.01,74923.44,1776313780000
1776313782.211,282.211,0.84,0.85,0.15,0.16,0.01,0.01,74923.44,1776313780000
1776313782.614,282.614,0.84,0.85,0.15,0.16,0.01,0.01,74923.44,1776313780000
1776313783.097,283.097,0.84,0.86,0.14,0.16,0.02,0.02,74923.11,1776313782000
1776313783.623,283.623,0.9,0.91,0.08,0.15,0.01,0.07,74923.11,1776313782000
1776313784.184,284.184,0.9,0.92,0.08,0.1,0.02,0.02,74922.18,1776313783000
1776313784.573,284.573,0.93,0.94,0.06,0.08,0.01,0.02,74922.18,1776313783000
1776313784.946,284.946,0.91,0.92,0.08,0.09,0.01,0.01,74922.18,1776313783000
1776313785.311,285.311,0.93,0.94,0.06,0.09,0.01,0.03,74921.52,1776313784000
1776313785.647,285.647,0.93,0.94,0.06,0.07,0.01,0.01,74921.52,1776313784000
1776313786.05,286.05,0.93,0.94,0.06,0.07,0.01,0.01,74921.52,1776313784000
1776313786.402,286.402,0.92,0.93,0.07,0.08,0.01,0.01,74921.92,1776313785000
1776313786.737,286.737,0.92,0.93,0.07,0.08,0.01,0.01,74921.92,1776313785000
1776313787.161,287.161,0.92,0.93,0.07,0.08,0.01,0.01,74921.93,1776313786000
1776313787.663,287.663,0.92,0.93,0.07,0.08,0.01,0.01,74921.93,1776313786000
1776313788.005,288.005,0.92,0.93,0.07,0.08,0.01,0.01,74921.93,1776313787000
1776313788.355,288.355,0.92,0.93,0.07,0.08,0.01,0.01,74921.93,1776313787000
1776313788.761,288.761,0.94,0.95,0.05,0.06,0.01,0.01,74921.93,1776313787000
1776313789.176,289.176,0.96,0.97,0.03,0.04,0.01,0.01,74924.87,1776313788000
1776313789.51,289.51,0.96,0.97,0.03,0.04,0.01,0.01,74924.87,1776313788000
1776313789.844,289.844,0.95,0.97,0.03,0.05,0.02,0.02,74924.87,1776313788000
1776313790.279,290.279,0.96,0.97,0.03,0.04,0.01,0.01,74926.17,1776313789000
1776313790.733,290.733,0.96,0.97,0.03,0.04,0.01,0.01,74926.17,1776313789000
1776313791.17,291.17,0.96,0.97,0.03,0.04,0.01,0.01,74930.06,1776313790000
1776313791.564,291.564,0.96,0.97,0.03,0.04,0.01,0.01,74930.06,1776313790000
1776313791.954,291.954,0.96,0.97,0.03,0.04,0.01,0.01,74931.57,1776313791000
1776313792.377,292.377,0.96,0.97,0.03,0.04,0.01,0.01,74931.57,1776313791000
1776313792.839,292.839,0.96,0.97,0.03,0.04,0.01,0.01,74931.57,1776313791000
1776313793.2,293.2,0.96,0.97,0.03,0.05,0.01,0.02,74932.42,1776313792000
1776313793.695,293.695,0.97,0.98,0.02,0.03,0.01,0.01,74932.42,1776313792000
1776313794.152,294.152,0.97,0.98,0.02,0.03,0.01,0.01,74932.23,1776313793000
1776313794.523,294.523,0.98,0.99,0.01,0.03,0.01,0.02,74932.23,1776313793000
1776313794.887,294.887,0.98,0.99,0.01,0.02,0.01,0.01,74932.23,1776313793000
1776313795.248,295.248,0.98,0.99,0.01,0.02,0.01,0.01,74932.23,1776313793000
1776313795.582,295.582,0.98,0.99,0.01,0.02,0.01,0.01,74932.23,1776313794000
1776313795.959,295.959,0.98,0.99,0.01,0.02,0.01,0.01,74932.23,1776313794000
1776313796.308,296.308,0.99,0.99,0.01,0.01,0.0,0.0,74932.6,1776313795000
1776313796.718,296.718,0.99,0.99,0.01,0.01,0.0,0.0,74932.6,1776313795000
1776313797.065,297.065,0.99,0.99,0.01,0.01,0.0,0.0,74933.39,1776313796000
1776313797.419,297.419,0.99,0.99,0.01,0.01,0.0,0.0,74933.39,1776313796000
1776313797.873,297.873,0.99,0.99,0.01,0.01,0.0,0.0,74933.39,1776313796000
1776313798.281,298.281,0.99,0.99,0.01,0.01,0.0,0.0,74934.93,1776313797000
1776313798.866,298.866,0.99,0.99,0.01,0.01,0.0,0.0,74934.93,1776313797000
1776313799.621,299.621,0.99,0.99,0.01,0.01,0.0,0.0,74937.73,1776313798000
1776313799.986,299.986,0.99,0.99,0.01,0.01,0.0,0.0,74938.34,1776313799000
1776313800.408,300.408,0.99,0.99,0.01,0.01,0.0,0.0,74938.34,1776313799000
1776313800.897,300.897,0.99,0.99,0.01,0.01,0.0,0.0,74938.34,1776313799000
1776313801.939,301.939,0.99,0.99,0.01,0.01,0.0,0.0,74938.63,1776313801000
1776313802.998,302.998,0.99,0.99,0.01,0.01,0.0,0.0,74939.04,1776313802000

# RESULT,winner=Up,slug=btc-updown-5m-1776313500,ticks=646
