timestamp,elapsed_sec,up_bid,up_ask,down_bid,down_ask,up_spread,down_spread,btc_price,btc_oracle_ts
1777323000.527,0.527,0.47,0.48,0.52,0.53,0.01,0.01,76959.9,1777322999000
1777323000.905,0.905,0.47,0.48,0.52,0.53,0.01,0.01,76959.9,1777322999000
1777323001.473,1.473,0.47,0.49,0.51,0.53,0.02,0.02,76959.4,1777323000000
1777323001.83,1.83,0.47,0.48,0.51,0.53,0.01,0.02,76959.4,1777323000000
1777323002.714,2.714,0.47,0.48,0.52,0.53,0.01,0.01,76959.74,1777323001000
1777323003.464,3.464,0.47,0.48,0.52,0.53,0.01,0.01,76959.78,1777323002000
1777323003.856,3.856,0.47,0.48,0.52,0.53,0.01,0.01,76959.78,1777323002000
1777323004.434,4.434,0.47,0.48,0.51,0.53,0.01,0.02,76960.05,1777323003000
1777323004.769,4.769,0.48,0.49,0.51,0.52,0.01,0.01,76960.05,1777323003000
1777323005.241,5.241,0.48,0.49,0.51,0.52,0.01,0.01,76960.05,1777323003000
1777323005.588,5.588,0.48,0.49,0.51,0.52,0.01,0.01,76960.09,1777323004000
1777323006.179,6.179,0.48,0.49,0.51,0.52,0.01,0.01,76960.87,1777323005000
1777323006.622,6.622,0.48,0.49,0.51,0.52,0.01,0.01,76960.87,1777323005000
1777323007.149,7.149,0.48,0.49,0.51,0.52,0.01,0.01,76960.87,1777323005000
1777323007.522,7.522,0.48,0.49,0.51,0.52,0.01,0.01,76960.87,1777323005000
1777323007.928,7.928,0.48,0.49,0.51,0.52,0.01,0.01,76960.87,1777323005000
1777323008.271,8.271,0.48,0.49,0.51,0.52,0.01,0.01,76960.94,1777323006000
1777323008.681,8.681,0.48,0.49,0.51,0.52,0.01,0.01,76960.92,1777323007000
1777323009.122,9.122,0.48,0.49,0.51,0.52,0.01,0.01,76960.92,1777323007000
1777323009.482,9.482,0.48,0.49,0.51,0.52,0.01,0.01,76960.76,1777323008000
1777323009.858,9.858,0.47,0.48,0.52,0.53,0.01,0.01,76960.76,1777323008000
1777323010.382,10.382,0.47,0.48,0.52,0.53,0.01,0.01,76960.76,1777323008000
1777323011.348,11.348,0.47,0.48,0.52,0.53,0.01,0.01,76960.74,1777323009000
1777323012.191,12.191,0.47,0.48,0.52,0.53,0.01,0.01,76960.73,1777323010000
1777323012.823,12.823,0.47,0.48,0.52,0.53,0.01,0.01,76959.83,1777323011000
1777323013.346,13.346,0.47,0.48,0.52,0.53,0.01,0.01,76959.83,1777323011000
1777323013.725,13.725,0.47,0.48,0.52,0.53,0.01,0.01,76959.12,1777323012000
1777323014.151,14.151,0.47,0.48,0.52,0.53,0.01,0.01,76959.12,1777323012000
1777323014.891,14.891,0.47,0.48,0.52,0.53,0.01,0.01,76959.24,1777323013000
1777323015.32,15.32,0.47,0.48,0.52,0.53,0.01,0.01,76959.24,1777323013000
1777323015.739,15.739,0.47,0.48,0.52,0.53,0.01,0.01,76960.69,1777323014000
1777323016.181,16.181,0.47,0.48,0.52,0.53,0.01,0.01,76960.3,1777323015000
1777323016.732,16.732,0.47,0.48,0.52,0.53,0.01,0.01,76960.3,1777323015000
1777323017.177,17.177,0.47,0.48,0.52,0.53,0.01,0.01,76960.3,1777323015000
1777323017.682,17.682,0.47,0.48,0.52,0.53,0.01,0.01,76959.22,1777323016000
1777323018.191,18.191,0.47,0.48,0.52,0.53,0.01,0.01,76959.22,1777323016000
1777323018.682,18.682,0.47,0.48,0.52,0.53,0.01,0.01,76959.17,1777323017000
1777323019.204,19.204,0.47,0.48,0.52,0.53,0.01,0.01,76959.17,1777323017000
1777323019.581,19.581,0.47,0.48,0.52,0.53,0.01,0.01,76959.23,1777323018000
1777323019.984,19.984,0.47,0.48,0.52,0.53,0.01,0.01,76959.23,1777323018000
1777323020.415,20.415,0.47,0.48,0.52,0.53,0.01,0.01,76959.23,1777323019000
1777323021.25,21.25,0.47,0.48,0.52,0.53,0.01,0.01,76959.28,1777323020000
1777323021.713,21.713,0.47,0.48,0.52,0.53,0.01,0.01,76959.28,1777323020000
1777323022.31,22.31,0.47,0.48,0.52,0.53,0.01,0.01,76959.27,1777323021000
1777323022.699,22.699,0.47,0.48,0.52,0.53,0.01,0.01,76959.27,1777323021000
1777323023.04,23.04,0.47,0.48,0.52,0.53,0.01,0.01,76959.27,1777323021000
1777323023.449,23.449,0.47,0.48,0.52,0.53,0.01,0.01,76959.22,1777323022000
1777323023.947,23.947,0.47,0.48,0.52,0.53,0.01,0.01,76959.26,1777323023000
1777323024.668,24.668,0.47,0.48,0.52,0.53,0.01,0.01,76959.26,1777323023000
1777323025.132,25.132,0.47,0.48,0.52,0.53,0.01,0.01,76959.34,1777323024000
1777323025.729,25.729,0.47,0.48,0.52,0.53,0.01,0.01,76959.34,1777323024000
1777323026.188,26.188,0.47,0.48,0.52,0.53,0.01,0.01,76959.34,1777323024000
1777323026.593,26.593,0.47,0.48,0.52,0.53,0.01,0.01,76959.31,1777323025000
1777323027.045,27.045,0.46,0.47,0.52,0.54,0.01,0.02,76959.31,1777323025000
1777323027.417,27.417,0.46,0.47,0.53,0.54,0.01,0.01,76959.38,1777323026000
1777323027.805,27.805,0.46,0.47,0.53,0.54,0.01,0.01,76959.38,1777323026000
1777323028.343,28.343,0.46,0.47,0.53,0.54,0.01,0.01,76959.38,1777323026000
1777323028.852,28.852,0.46,0.47,0.53,0.54,0.01,0.01,76959.3,1777323027000
1777323029.209,29.209,0.46,0.47,0.53,0.54,0.01,0.01,76959.25,1777323028000
1777323030.144,30.144,0.46,0.47,0.53,0.54,0.01,0.01,76959.25,1777323028000
1777323030.566,30.566,0.46,0.47,0.53,0.54,0.01,0.01,76958.84,1777323029000
1777323031.473,31.473,0.46,0.47,0.53,0.54,0.01,0.01,76958.84,1777323029000
1777323032.128,32.128,0.46,0.47,0.53,0.54,0.01,0.01,76958.76,1777323030000
1777323032.634,32.634,0.46,0.47,0.53,0.54,0.01,0.01,76958.86,1777323031000
1777323033.144,33.144,0.46,0.47,0.53,0.54,0.01,0.01,76958.86,1777323031000
1777323033.969,33.969,0.46,0.47,0.53,0.54,0.01,0.01,76958.8,1777323032000
1777323034.653,34.653,0.46,0.47,0.53,0.54,0.01,0.01,76960.12,1777323033000
1777323035.418,35.418,0.46,0.47,0.53,0.54,0.01,0.01,76960.12,1777323034000
1777323035.945,35.945,0.46,0.47,0.53,0.54,0.01,0.01,76960.12,1777323034000
1777323036.359,36.359,0.46,0.47,0.53,0.54,0.01,0.01,76958.7,1777323035000
1777323036.714,36.714,0.46,0.47,0.53,0.54,0.01,0.01,76958.7,1777323035000
1777323037.244,37.244,0.46,0.47,0.53,0.54,0.01,0.01,76958.7,1777323035000
1777323037.88,37.88,0.46,0.47,0.53,0.54,0.01,0.01,76958.7,1777323035000
1777323038.343,38.343,0.46,0.47,0.53,0.54,0.01,0.01,76960.11,1777323036000
1777323038.698,38.698,0.46,0.47,0.53,0.54,0.01,0.01,76960.8,1777323037000
1777323039.193,39.193,0.45,0.46,0.53,0.55,0.01,0.02,76960.8,1777323037000
1777323039.572,39.572,0.45,0.46,0.54,0.55,0.01,0.01,76960.78,1777323038000
1777323040.041,40.041,0.45,0.46,0.54,0.55,0.01,0.01,76960.78,1777323038000
1777323040.399,40.399,0.45,0.46,0.54,0.55,0.01,0.01,76960.78,1777323039000
1777323040.907,40.907,0.45,0.46,0.54,0.55,0.01,0.01,76960.78,1777323039000
1777323041.565,41.565,0.45,0.46,0.54,0.55,0.01,0.01,76958.72,1777323040000
1777323041.925,41.925,0.45,0.46,0.54,0.55,0.01,0.01,76958.72,1777323040000
1777323042.29,42.29,0.45,0.47,0.54,0.55,0.02,0.01,76958.72,1777323040000
1777323042.685,42.685,0.45,0.46,0.53,0.55,0.01,0.02,76958.71,1777323041000
1777323043.256,43.256,0.45,0.46,0.54,0.55,0.01,0.01,76958.71,1777323041000
1777323043.628,43.628,0.45,0.46,0.54,0.55,0.01,0.01,76958.73,1777323042000
1777323044.125,44.125,0.45,0.46,0.54,0.55,0.01,0.01,76958.73,1777323042000
1777323044.504,44.504,0.45,0.46,0.54,0.55,0.01,0.01,76960.05,1777323043000
1777323044.968,44.968,0.45,0.47,0.54,0.55,0.02,0.01,76960.05,1777323043000
1777323045.469,45.469,0.46,0.47,0.53,0.55,0.01,0.02,76960.05,1777323043000
1777323046.064,46.064,0.46,0.47,0.53,0.54,0.01,0.01,76958.73,1777323044000
1777323046.413,46.413,0.46,0.47,0.53,0.54,0.01,0.01,76958.73,1777323045000
1777323047.206,47.206,0.46,0.47,0.53,0.54,0.01,0.01,76958.59,1777323046000
1777323047.934,47.934,0.46,0.47,0.53,0.54,0.01,0.01,76958.59,1777323046000
1777323048.332,48.332,0.46,0.47,0.53,0.54,0.01,0.01,76958.59,1777323046000
1777323048.747,48.747,0.47,0.48,0.52,0.54,0.01,0.02,76958.5,1777323047000
1777323049.662,49.662,0.47,0.48,0.52,0.53,0.01,0.01,76958.51,1777323048000
1777323050.193,50.193,0.47,0.48,0.52,0.53,0.01,0.01,76958.56,1777323049000
1777323050.77,50.77,0.47,0.48,0.52,0.53,0.01,0.01,76958.56,1777323049000
1777323051.338,51.338,0.47,0.48,0.52,0.53,0.01,0.01,76958.56,1777323049000
1777323051.796,51.796,0.47,0.48,0.52,0.53,0.01,0.01,76958.56,1777323050000
1777323052.575,52.575,0.47,0.48,0.52,0.53,0.01,0.01,76958.53,1777323051000
1777323053.352,53.352,0.47,0.49,0.52,0.53,0.02,0.01,76958.53,1777323051000
1777323053.82,53.82,0.48,0.49,0.51,0.52,0.01,0.01,76960.05,1777323052000
1777323054.281,54.281,0.48,0.49,0.51,0.52,0.01,0.01,76958.45,1777323053000
1777323055.472,55.472,0.48,0.49,0.51,0.52,0.01,0.01,76958.42,1777323054000
1777323055.881,55.881,0.52,0.54,0.46,0.51,0.02,0.05,76958.42,1777323054000
1777323056.23,56.23,0.53,0.54,0.46,0.47,0.01,0.01,76958.47,1777323055000
1777323056.784,56.784,0.53,0.54,0.46,0.47,0.01,0.01,76958.47,1777323055000
1777323057.134,57.134,0.53,0.54,0.46,0.47,0.01,0.01,76958.47,1777323055000
1777323057.524,57.524,0.53,0.54,0.46,0.47,0.01,0.01,76958.47,1777323055000
1777323057.922,57.922,0.53,0.54,0.46,0.47,0.01,0.01,76963.19,1777323056000
1777323058.261,58.261,0.53,0.54,0.46,0.47,0.01,0.01,76963.8,1777323057000
1777323058.88,58.88,0.53,0.54,0.46,0.47,0.01,0.01,76963.8,1777323057000
1777323059.489,59.489,0.53,0.54,0.46,0.47,0.01,0.01,76964.68,1777323058000
1777323060.307,60.307,0.53,0.54,0.46,0.47,0.01,0.01,76964.68,1777323059000
1777323060.683,60.683,0.54,0.55,0.45,0.46,0.01,0.01,76964.68,1777323059000
1777323061.12,61.12,0.54,0.55,0.45,0.46,0.01,0.01,76964.68,1777323059000
1777323061.569,61.569,0.54,0.55,0.45,0.46,0.01,0.01,76964.68,1777323059000
1777323061.937,61.937,0.54,0.55,0.45,0.46,0.01,0.01,76964.29,1777323060000
1777323062.325,62.325,0.54,0.55,0.45,0.46,0.01,0.01,76964.7,1777323061000
1777323062.92,62.92,0.54,0.55,0.45,0.46,0.01,0.01,76964.7,1777323061000
1777323063.359,63.359,0.54,0.55,0.45,0.46,0.01,0.01,76964.7,1777323061000
1777323063.693,63.693,0.54,0.55,0.45,0.46,0.01,0.01,76965.13,1777323062000
1777323064.161,64.161,0.54,0.55,0.45,0.46,0.01,0.01,76965.13,1777323062000
1777323064.589,64.589,0.54,0.55,0.45,0.46,0.01,0.01,76965.12,1777323063000
1777323064.953,64.953,0.54,0.55,0.45,0.46,0.01,0.01,76965.87,1777323064000
1777323065.621,65.621,0.54,0.55,0.45,0.46,0.01,0.01,76965.87,1777323064000
1777323065.962,65.962,0.54,0.55,0.45,0.46,0.01,0.01,76965.87,1777323064000
1777323066.373,66.373,0.54,0.55,0.45,0.46,0.01,0.01,76965.85,1777323065000
1777323066.774,66.774,0.53,0.54,0.46,0.47,0.01,0.01,76965.85,1777323065000
1777323067.131,67.131,0.53,0.54,0.46,0.47,0.01,0.01,76965.85,1777323065000
1777323067.473,67.473,0.52,0.53,0.46,0.48,0.01,0.02,76964.3,1777323066000
1777323067.973,67.973,0.47,0.48,0.52,0.53,0.01,0.01,76964.3,1777323066000
1777323068.369,68.369,0.44,0.48,0.52,0.56,0.04,0.04,76964.3,1777323067000
1777323068.856,68.856,0.47,0.48,0.52,0.53,0.01,0.01,76964.3,1777323067000
1777323069.26,69.26,0.49,0.5,0.5,0.51,0.01,0.01,76964.3,1777323068000
1777323069.766,69.766,0.49,0.5,0.5,0.51,0.01,0.01,76964.3,1777323068000
1777323070.125,70.125,0.49,0.5,0.5,0.51,0.01,0.01,76965.28,1777323069000
1777323070.612,70.612,0.49,0.5,0.5,0.51,0.01,0.01,76965.28,1777323069000
1777323070.994,70.994,0.45,0.48,0.52,0.53,0.03,0.01,76965.23,1777323070000
1777323071.331,71.331,0.45,0.46,0.54,0.55,0.01,0.01,76965.23,1777323070000
1777323071.806,71.806,0.45,0.46,0.54,0.55,0.01,0.01,76965.23,1777323070000
1777323072.23,72.23,0.45,0.46,0.54,0.55,0.01,0.01,76965.21,1777323071000
1777323072.609,72.609,0.43,0.44,0.54,0.61,0.01,0.07,76965.21,1777323071000
1777323072.972,72.972,0.43,0.44,0.56,0.57,0.01,0.01,76965.21,1777323071000
1777323073.418,73.418,0.43,0.46,0.54,0.57,0.03,0.03,76965.21,1777323071000
1777323073.754,73.754,0.45,0.46,0.54,0.55,0.01,0.01,76964.85,1777323072000
1777323074.274,74.274,0.45,0.46,0.54,0.55,0.01,0.01,76963.88,1777323073000
1777323074.723,74.723,0.45,0.46,0.54,0.55,0.01,0.01,76963.88,1777323073000
1777323075.056,75.056,0.45,0.46,0.54,0.55,0.01,0.01,76963.88,1777323073000
1777323075.395,75.395,0.45,0.46,0.54,0.55,0.01,0.01,76963.55,1777323074000
1777323075.975,75.975,0.46,0.47,0.54,0.55,0.01,0.01,76963.55,1777323074000
1777323076.616,76.616,0.46,0.47,0.53,0.54,0.01,0.01,76963.55,1777323075000
1777323077.11,77.11,0.46,0.47,0.53,0.54,0.01,0.01,76964.4,1777323076000
1777323077.482,77.482,0.46,0.47,0.53,0.54,0.01,0.01,76964.4,1777323076000
1777323077.893,77.893,0.46,0.47,0.53,0.54,0.01,0.01,76964.4,1777323076000
1777323078.358,78.358,0.46,0.47,0.53,0.54,0.01,0.01,76964.41,1777323077000
1777323078.699,78.699,0.46,0.47,0.53,0.54,0.01,0.01,76964.41,1777323077000
1777323079.111,79.111,0.46,0.47,0.53,0.54,0.01,0.01,76964.41,1777323078000
1777323079.475,79.475,0.46,0.47,0.53,0.54,0.01,0.01,76964.41,1777323078000
1777323079.821,79.821,0.46,0.47,0.53,0.54,0.01,0.01,76964.41,1777323078000
1777323080.188,80.188,0.46,0.47,0.53,0.54,0.01,0.01,76964.26,1777323079000
1777323080.689,80.689,0.44,0.47,0.53,0.56,0.03,0.03,76964.26,1777323079000
1777323081.025,81.025,0.44,0.45,0.55,0.56,0.01,0.01,76964.29,1777323080000
1777323081.405,81.405,0.44,0.45,0.55,0.56,0.01,0.01,76964.29,1777323080000
1777323081.802,81.802,0.44,0.45,0.55,0.56,0.01,0.01,76964.29,1777323080000
1777323082.281,82.281,0.44,0.45,0.55,0.56,0.01,0.01,76964.42,1777323081000
1777323082.704,82.704,0.44,0.45,0.55,0.56,0.01,0.01,76964.42,1777323081000
1777323083.096,83.096,0.44,0.45,0.55,0.56,0.01,0.01,76964.43,1777323082000
1777323083.595,83.595,0.44,0.47,0.55,0.56,0.03,0.01,76964.43,1777323082000
1777323084.003,84.003,0.46,0.47,0.53,0.54,0.01,0.01,76964.43,1777323083000
1777323084.476,84.476,0.45,0.47,0.53,0.54,0.02,0.01,76964.43,1777323083000
1777323084.982,84.982,0.45,0.47,0.53,0.55,0.02,0.02,76964.43,1777323084000
1777323085.361,85.361,0.45,0.46,0.53,0.55,0.01,0.02,76964.43,1777323084000
1777323085.719,85.719,0.45,0.46,0.54,0.55,0.01,0.01,76964.43,1777323084000
1777323086.266,86.266,0.44,0.45,0.55,0.56,0.01,0.01,76964.47,1777323085000
1777323086.615,86.615,0.43,0.44,0.55,0.57,0.01,0.02,76964.47,1777323085000
1777323087.035,87.035,0.43,0.44,0.56,0.57,0.01,0.01,76964.56,1777323086000
1777323087.385,87.385,0.43,0.44,0.56,0.57,0.01,0.01,76964.56,1777323086000
1777323087.744,87.744,0.44,0.45,0.55,0.57,0.01,0.02,76964.56,1777323086000
1777323088.092,88.092,0.44,0.45,0.55,0.56,0.01,0.01,76964.53,1777323087000
1777323088.889,88.889,0.44,0.45,0.55,0.56,0.01,0.01,76964.53,1777323087000
1777323089.234,89.234,0.44,0.45,0.55,0.56,0.01,0.01,76964.53,1777323088000
1777323089.576,89.576,0.44,0.45,0.55,0.56,0.01,0.01,76964.53,1777323088000
1777323089.911,89.911,0.44,0.45,0.55,0.56,0.01,0.01,76964.53,1777323088000
1777323090.254,90.254,0.44,0.45,0.55,0.56,0.01,0.01,76964.63,1777323089000
1777323090.803,90.803,0.44,0.45,0.55,0.56,0.01,0.01,76964.63,1777323089000
1777323091.297,91.297,0.44,0.45,0.55,0.56,0.01,0.01,76964.63,1777323089000
1777323092.025,92.025,0.44,0.45,0.55,0.56,0.01,0.01,76965.03,1777323091000
1777323092.705,92.705,0.44,0.45,0.55,0.56,0.01,0.01,76965.03,1777323091000
1777323093.217,93.217,0.44,0.46,0.55,0.56,0.02,0.01,76965.16,1777323092000
1777323093.712,93.712,0.45,0.46,0.54,0.56,0.01,0.02,76965.16,1777323092000
1777323094.158,94.158,0.45,0.46,0.54,0.55,0.01,0.01,76965.14,1777323093000
1777323094.967,94.967,0.46,0.5,0.5,0.54,0.04,0.04,76964.62,1777323094000
1777323095.34,95.34,0.46,0.47,0.53,0.54,0.01,0.01,76964.62,1777323094000
1777323095.762,95.762,0.46,0.47,0.53,0.54,0.01,0.01,76964.62,1777323094000
1777323096.322,96.322,0.47,0.48,0.52,0.53,0.01,0.01,76963.61,1777323095000
1777323097.075,97.075,0.47,0.48,0.52,0.53,0.01,0.01,76965.04,1777323096000
1777323097.439,97.439,0.47,0.48,0.52,0.53,0.01,0.01,76965.04,1777323096000
1777323097.834,97.834,0.47,0.48,0.52,0.53,0.01,0.01,76965.04,1777323096000
1777323098.197,98.197,0.47,0.5,0.52,0.53,0.03,0.01,76965.17,1777323097000
1777323098.957,98.957,0.49,0.5,0.5,0.51,0.01,0.01,76965.17,1777323097000
1777323099.656,99.656,0.49,0.5,0.5,0.51,0.01,0.01,76965.68,1777323098000
1777323100.034,100.034,0.49,0.5,0.5,0.51,0.01,0.01,76965.68,1777323098000
1777323100.371,100.371,0.48,0.5,0.5,0.51,0.02,0.01,76965.69,1777323099000
1777323100.838,100.838,0.49,0.5,0.5,0.52,0.01,0.02,76965.69,1777323099000
1777323101.188,101.188,0.49,0.5,0.5,0.51,0.01,0.01,76965.69,1777323099000
1777323101.547,101.547,0.48,0.49,0.51,0.52,0.01,0.01,76965.68,1777323100000
1777323102.133,102.133,0.48,0.49,0.51,0.52,0.01,0.01,76965.68,1777323100000
1777323102.907,102.907,0.48,0.49,0.51,0.52,0.01,0.01,76965.68,1777323101000
1777323103.26,103.26,0.48,0.49,0.51,0.52,0.01,0.01,76965.73,1777323102000
1777323103.79,103.79,0.48,0.49,0.51,0.52,0.01,0.01,76965.73,1777323102000
1777323104.205,104.205,0.48,0.49,0.51,0.52,0.01,0.01,76965.73,1777323103000
1777323104.656,104.656,0.48,0.49,0.51,0.52,0.01,0.01,76965.73,1777323103000
1777323105.245,105.245,0.48,0.49,0.51,0.52,0.01,0.01,76963.95,1777323104000
1777323105.908,105.908,0.47,0.48,0.51,0.53,0.01,0.02,76963.95,1777323104000
1777323107.291,107.291,0.47,0.48,0.52,0.53,0.01,0.01,76965.44,1777323105000
1777323107.675,107.675,0.47,0.48,0.52,0.53,0.01,0.01,76964.34,1777323106000
1777323108.272,108.272,0.47,0.48,0.52,0.53,0.01,0.01,76964.34,1777323106000
1777323108.628,108.628,0.47,0.48,0.52,0.53,0.01,0.01,76964.19,1777323107000
1777323109.125,109.125,0.48,0.49,0.51,0.53,0.01,0.02,76964.19,1777323108000
1777323110.111,110.111,0.48,0.49,0.51,0.52,0.01,0.01,76964.51,1777323109000
1777323110.477,110.477,0.47,0.49,0.51,0.52,0.02,0.01,76964.51,1777323109000
1777323110.968,110.968,0.47,0.48,0.51,0.53,0.01,0.02,76964.51,1777323109000
1777323111.46,111.46,0.47,0.48,0.52,0.53,0.01,0.01,76964.97,1777323110000
1777323112.074,112.074,0.47,0.48,0.52,0.53,0.01,0.01,76964.97,1777323110000
1777323112.411,112.411,0.47,0.48,0.52,0.53,0.01,0.01,76964.99,1777323111000
1777323113.395,113.395,0.47,0.48,0.52,0.53,0.01,0.01,76964.97,1777323112000
1777323113.967,113.967,0.47,0.48,0.52,0.53,0.01,0.01,76964.97,1777323113000
1777323115.177,115.177,0.47,0.48,0.52,0.53,0.01,0.01,76964.97,1777323113000
1777323115.533,115.533,0.49,0.5,0.5,0.51,0.01,0.01,76965.8,1777323114000
1777323116.143,116.143,0.49,0.5,0.5,0.51,0.01,0.01,76963.99,1777323115000
1777323116.541,116.541,0.49,0.5,0.5,0.51,0.01,0.01,76963.99,1777323115000
1777323117.709,117.709,0.49,0.5,0.5,0.51,0.01,0.01,76963.99,1777323115000
1777323118.192,118.192,0.49,0.5,0.5,0.51,0.01,0.01,76966,1777323116000
1777323119.135,119.135,0.47,0.48,0.52,0.53,0.01,0.01,76965.63,1777323117000
1777323119.527,119.527,0.47,0.48,0.52,0.53,0.01,0.01,76965.62,1777323118000
1777323119.87,119.87,0.46,0.48,0.52,0.53,0.02,0.01,76965.62,1777323118000
1777323120.366,120.366,0.46,0.47,0.52,0.54,0.01,0.02,76965.63,1777323119000
1777323120.742,120.742,0.48,0.5,0.5,0.52,0.02,0.02,76965.63,1777323119000
1777323121.137,121.137,0.54,0.55,0.45,0.46,0.01,0.01,76965.63,1777323119000
1777323121.48,121.48,0.55,0.56,0.44,0.45,0.01,0.01,76965.62,1777323120000
1777323121.828,121.828,0.55,0.56,0.44,0.45,0.01,0.01,76965.62,1777323120000
1777323122.222,122.222,0.55,0.56,0.44,0.45,0.01,0.01,76965.62,1777323120000
1777323122.61,122.61,0.55,0.56,0.44,0.45,0.01,0.01,76968.69,1777323121000
1777323123.19,123.19,0.55,0.56,0.44,0.45,0.01,0.01,76968.69,1777323121000
1777323123.544,123.544,0.55,0.56,0.44,0.45,0.01,0.01,76968.7,1777323122000
1777323123.99,123.99,0.56,0.57,0.43,0.44,0.01,0.01,76968.7,1777323122000
1777323124.359,124.359,0.56,0.57,0.43,0.44,0.01,0.01,76968.7,1777323122000
1777323124.706,124.706,0.56,0.57,0.43,0.44,0.01,0.01,76969.04,1777323123000
1777323125.219,125.219,0.57,0.58,0.42,0.44,0.01,0.02,76969.04,1777323123000
1777323125.572,125.572,0.57,0.58,0.42,0.43,0.01,0.01,76969.04,1777323123000
1777323125.938,125.938,0.57,0.58,0.42,0.43,0.01,0.01,76968.81,1777323124000
1777323126.534,126.534,0.57,0.58,0.42,0.43,0.01,0.01,76969.03,1777323125000
1777323127.118,127.118,0.57,0.58,0.42,0.43,0.01,0.01,76969.03,1777323125000
1777323127.677,127.677,0.57,0.58,0.42,0.43,0.01,0.01,76969.82,1777323126000
1777323128.107,128.107,0.59,0.6,0.4,0.43,0.01,0.03,76969.82,1777323126000
1777323128.568,128.568,0.59,0.6,0.4,0.41,0.01,0.01,76969.98,1777323127000
1777323128.925,128.925,0.59,0.6,0.4,0.41,0.01,0.01,76969.98,1777323127000
1777323129.352,129.352,0.59,0.6,0.4,0.41,0.01,0.01,76970.23,1777323128000
1777323129.85,129.85,0.59,0.6,0.4,0.41,0.01,0.01,76970.23,1777323128000
1777323130.401,130.401,0.59,0.6,0.4,0.41,0.01,0.01,76970.23,1777323128000
1777323130.757,130.757,0.51,0.6,0.4,0.41,0.09,0.01,76970.43,1777323129000
1777323131.119,131.119,0.58,0.59,0.41,0.42,0.01,0.01,76970.43,1777323129000
1777323131.497,131.497,0.61,0.62,0.38,0.39,0.01,0.01,76970.49,1777323130000
1777323131.834,131.834,0.61,0.62,0.38,0.39,0.01,0.01,76970.49,1777323130000
1777323132.186,132.186,0.61,0.62,0.38,0.39,0.01,0.01,76970.49,1777323130000
1777323132.527,132.527,0.6,0.61,0.39,0.4,0.01,0.01,76970.49,1777323130000
1777323132.861,132.861,0.6,0.61,0.39,0.4,0.01,0.01,76970.58,1777323131000
1777323133.259,133.259,0.6,0.61,0.39,0.4,0.01,0.01,76972.37,1777323132000
1777323133.614,133.614,0.6,0.61,0.39,0.4,0.01,0.01,76972.37,1777323132000
1777323133.977,133.977,0.6,0.61,0.39,0.4,0.01,0.01,76972.37,1777323132000
1777323134.761,134.761,0.6,0.61,0.39,0.4,0.01,0.01,76974.21,1777323133000
1777323135.162,135.162,0.6,0.61,0.39,0.4,0.01,0.01,76974.21,1777323133000
1777323135.549,135.549,0.6,0.61,0.39,0.4,0.01,0.01,76972.55,1777323134000
1777323135.929,135.929,0.6,0.61,0.39,0.4,0.01,0.01,76972.55,1777323134000
1777323136.417,136.417,0.6,0.61,0.39,0.4,0.01,0.01,76972.55,1777323134000
1777323136.841,136.841,0.6,0.61,0.39,0.4,0.01,0.01,76973.06,1777323135000
1777323137.222,137.222,0.6,0.61,0.39,0.4,0.01,0.01,76973.06,1777323135000
1777323137.56,137.56,0.6,0.65,0.39,0.4,0.05,0.01,76975.05,1777323136000
1777323138.008,138.008,0.64,0.65,0.35,0.37,0.01,0.02,76975.05,1777323136000
1777323138.376,138.376,0.64,0.65,0.35,0.36,0.01,0.01,76975.05,1777323136000
1777323138.739,138.739,0.64,0.65,0.35,0.36,0.01,0.01,76975.05,1777323136000
1777323139.136,139.136,0.64,0.65,0.35,0.36,0.01,0.01,76975.05,1777323136000
1777323139.544,139.544,0.53,0.65,0.35,0.47,0.12,0.12,76975.15,1777323138000
1777323139.894,139.894,0.63,0.64,0.36,0.37,0.01,0.01,76975.15,1777323138000
1777323140.314,140.314,0.63,0.64,0.36,0.37,0.01,0.01,76975.15,1777323138000
1777323140.68,140.68,0.6,0.62,0.39,0.4,0.02,0.01,76975.15,1777323138000
1777323141.048,141.048,0.61,0.62,0.38,0.39,0.01,0.01,76977.72,1777323139000
1777323141.507,141.507,0.61,0.62,0.38,0.39,0.01,0.01,76977.48,1777323140000
1777323141.899,141.899,0.61,0.62,0.38,0.39,0.01,0.01,76977.48,1777323140000
1777323142.333,142.333,0.61,0.62,0.38,0.39,0.01,0.01,76977.48,1777323140000
1777323142.697,142.697,0.61,0.62,0.38,0.39,0.01,0.01,76980.52,1777323141000
1777323143.166,143.166,0.61,0.62,0.38,0.39,0.01,0.01,76980.52,1777323141000
1777323143.669,143.669,0.61,0.62,0.38,0.39,0.01,0.01,76980.38,1777323142000
1777323144.043,144.043,0.61,0.63,0.38,0.39,0.02,0.01,76980.38,1777323142000
1777323144.451,144.451,0.58,0.59,0.41,0.43,0.01,0.02,76981.52,1777323143000
1777323144.848,144.848,0.58,0.59,0.41,0.42,0.01,0.01,76981.52,1777323143000
1777323145.185,145.185,0.57,0.59,0.42,0.43,0.02,0.01,76981.62,1777323144000
1777323145.609,145.609,0.58,0.59,0.41,0.42,0.01,0.01,76981.62,1777323144000
1777323146.04,146.04,0.58,0.59,0.41,0.42,0.01,0.01,76981.62,1777323144000
1777323146.603,146.603,0.58,0.65,0.36,0.42,0.07,0.06,76981.53,1777323145000
1777323146.967,146.967,0.64,0.65,0.35,0.37,0.01,0.02,76981.53,1777323145000
1777323147.349,147.349,0.64,0.65,0.35,0.36,0.01,0.01,76981.53,1777323145000
1777323147.693,147.693,0.62,0.64,0.36,0.38,0.02,0.02,76981.54,1777323146000
1777323148.223,148.223,0.63,0.64,0.36,0.37,0.01,0.01,76982.13,1777323147000
1777323148.609,148.609,0.63,0.64,0.36,0.37,0.01,0.01,76982.13,1777323147000
1777323148.974,148.974,0.61,0.63,0.38,0.39,0.02,0.01,76982.13,1777323147000
1777323149.325,149.325,0.62,0.63,0.37,0.38,0.01,0.01,76982.13,1777323147000
1777323149.797,149.797,0.62,0.63,0.37,0.38,0.01,0.01,76984.03,1777323148000
1777323150.17,150.17,0.62,0.67,0.37,0.38,0.05,0.01,76984.15,1777323149000
1777323150.572,150.572,0.65,0.66,0.34,0.35,0.01,0.01,76984.15,1777323149000
1777323150.914,150.914,0.65,0.66,0.33,0.35,0.01,0.02,76984.15,1777323149000
1777323151.546,151.546,0.67,0.68,0.33,0.34,0.01,0.01,76985.18,1777323150000
1777323152.105,152.105,0.68,0.69,0.31,0.33,0.01,0.02,76985.18,1777323150000
1777323152.442,152.442,0.69,0.7,0.3,0.31,0.01,0.01,76986.47,1777323151000
1777323152.851,152.851,0.69,0.7,0.3,0.31,0.01,0.01,76986.47,1777323151000
1777323153.285,153.285,0.7,0.71,0.29,0.31,0.01,0.02,76986.47,1777323151000
1777323153.682,153.682,0.7,0.71,0.29,0.3,0.01,0.01,76988.09,1777323152000
1777323154.03,154.03,0.7,0.71,0.29,0.3,0.01,0.01,76988.09,1777323152000
1777323154.534,154.534,0.7,0.71,0.29,0.3,0.01,0.01,76988.17,1777323153000
1777323154.91,154.91,0.71,0.72,0.28,0.3,0.01,0.02,76988.17,1777323153000
1777323155.293,155.293,0.7,0.71,0.29,0.3,0.01,0.01,76988.37,1777323154000
1777323155.727,155.727,0.7,0.71,0.29,0.3,0.01,0.01,76988.37,1777323154000
1777323156.122,156.122,0.7,0.71,0.29,0.3,0.01,0.01,76988.37,1777323154000
1777323156.463,156.463,0.7,0.71,0.29,0.3,0.01,0.01,76988.37,1777323154000
1777323156.818,156.818,0.7,0.72,0.29,0.3,0.02,0.01,76988.83,1777323155000
1777323157.174,157.174,0.7,0.71,0.29,0.3,0.01,0.01,76988.83,1777323155000
1777323157.705,157.705,0.7,0.72,0.29,0.3,0.02,0.01,76988.99,1777323156000
1777323158.168,158.168,0.71,0.72,0.28,0.29,0.01,0.01,76988.99,1777323156000
1777323158.512,158.512,0.7,0.71,0.29,0.3,0.01,0.01,76988.99,1777323156000
1777323158.9,158.9,0.7,0.71,0.29,0.3,0.01,0.01,76988.49,1777323157000
1777323159.253,159.253,0.69,0.7,0.29,0.31,0.01,0.02,76988.91,1777323158000
1777323159.765,159.765,0.69,0.7,0.3,0.31,0.01,0.01,76988.91,1777323158000
1777323160.139,160.139,0.63,0.64,0.36,0.37,0.01,0.01,76988.91,1777323158000
1777323160.505,160.505,0.63,0.64,0.36,0.37,0.01,0.01,76988.91,1777323158000
1777323161.007,161.007,0.63,0.64,0.36,0.37,0.01,0.01,76988.08,1777323159000
1777323161.593,161.593,0.63,0.64,0.36,0.37,0.01,0.01,76988.49,1777323160000
1777323161.998,161.998,0.63,0.64,0.36,0.37,0.01,0.01,76988.49,1777323160000
1777323162.521,162.521,0.62,0.63,0.37,0.38,0.01,0.01,76988.49,1777323160000
1777323162.89,162.89,0.62,0.63,0.37,0.38,0.01,0.01,76988.7,1777323161000
1777323163.227,163.227,0.62,0.63,0.37,0.38,0.01,0.01,76988.7,1777323161000
1777323163.775,163.775,0.62,0.63,0.37,0.38,0.01,0.01,76988.7,1777323162000
1777323164.369,164.369,0.62,0.63,0.37,0.38,0.01,0.01,76988.7,1777323162000
1777323164.708,164.708,0.62,0.63,0.37,0.38,0.01,0.01,76985.92,1777323163000
1777323165.223,165.223,0.62,0.63,0.37,0.38,0.01,0.01,76985.14,1777323164000
1777323165.583,165.583,0.55,0.56,0.44,0.45,0.01,0.01,76985.14,1777323164000
1777323165.94,165.94,0.53,0.54,0.46,0.47,0.01,0.01,76985.14,1777323164000
1777323166.294,166.294,0.52,0.54,0.46,0.48,0.02,0.02,76985.14,1777323164000
1777323166.771,166.771,0.52,0.53,0.47,0.48,0.01,0.01,76985.89,1777323165000
1777323167.139,167.139,0.43,0.53,0.47,0.48,0.1,0.01,76985.89,1777323165000
1777323167.473,167.473,0.52,0.53,0.47,0.48,0.01,0.01,76985.1,1777323166000
1777323167.965,167.965,0.52,0.53,0.47,0.48,0.01,0.01,76985.1,1777323166000
1777323168.309,168.309,0.53,0.54,0.46,0.47,0.01,0.01,76985.1,1777323166000
1777323168.646,168.646,0.53,0.54,0.46,0.47,0.01,0.01,76982.59,1777323167000
1777323169.084,169.084,0.53,0.54,0.46,0.47,0.01,0.01,76980.64,1777323168000
1777323169.578,169.578,0.53,0.54,0.46,0.47,0.01,0.01,76980.64,1777323168000
1777323169.918,169.918,0.54,0.55,0.45,0.46,0.01,0.01,76980.64,1777323168000
1777323170.308,170.308,0.54,0.55,0.45,0.46,0.01,0.01,76980.64,1777323169000
1777323170.749,170.749,0.54,0.55,0.45,0.46,0.01,0.01,76980.64,1777323169000
1777323171.251,171.251,0.54,0.55,0.45,0.46,0.01,0.01,76980.64,1777323169000
1777323171.611,171.611,0.46,0.51,0.48,0.49,0.05,0.01,76980.64,1777323169000
1777323171.95,171.95,0.48,0.49,0.51,0.52,0.01,0.01,76980.8,1777323170000
1777323172.42,172.42,0.48,0.49,0.51,0.52,0.01,0.01,76980.65,1777323171000
1777323172.815,172.815,0.48,0.49,0.51,0.52,0.01,0.01,76980.65,1777323171000
1777323173.186,173.186,0.35,0.36,0.6,0.65,0.01,0.05,76980.65,1777323172000
1777323173.549,173.549,0.35,0.36,0.64,0.65,0.01,0.01,76980.65,1777323172000
1777323173.887,173.887,0.35,0.36,0.64,0.65,0.01,0.01,76980.65,1777323172000
1777323174.364,174.364,0.35,0.36,0.64,0.65,0.01,0.01,76980.7,1777323173000
1777323174.735,174.735,0.35,0.36,0.64,0.65,0.01,0.01,76980.7,1777323173000
1777323175.092,175.092,0.35,0.36,0.64,0.65,0.01,0.01,76980.7,1777323173000
1777323175.538,175.538,0.35,0.36,0.64,0.65,0.01,0.01,76977.5,1777323174000
1777323175.931,175.931,0.35,0.36,0.64,0.65,0.01,0.01,76977.5,1777323174000
1777323176.374,176.374,0.35,0.36,0.64,0.65,0.01,0.01,76973.83,1777323175000
1777323176.725,176.725,0.35,0.36,0.64,0.65,0.01,0.01,76973.83,1777323175000
1777323177.065,177.065,0.35,0.36,0.64,0.65,0.01,0.01,76973.83,1777323175000
1777323177.483,177.483,0.35,0.36,0.64,0.65,0.01,0.01,76974.85,1777323176000
1777323177.892,177.892,0.35,0.36,0.64,0.65,0.01,0.01,76974.85,1777323176000
1777323178.37,178.37,0.35,0.36,0.64,0.65,0.01,0.01,76973.15,1777323177000
1777323178.704,178.704,0.31,0.32,0.68,0.69,0.01,0.01,76973.15,1777323177000
1777323179.113,179.113,0.31,0.32,0.68,0.69,0.01,0.01,76973.15,1777323177000
1777323179.505,179.505,0.31,0.32,0.68,0.69,0.01,0.01,76973.15,1777323178000
1777323179.865,179.865,0.36,0.37,0.68,0.69,0.01,0.01,76973.15,1777323178000
1777323180.213,180.213,0.36,0.37,0.63,0.64,0.01,0.01,76973.14,1777323179000
1777323180.63,180.63,0.36,0.37,0.63,0.64,0.01,0.01,76973.14,1777323179000
1777323181.004,181.004,0.36,0.37,0.63,0.64,0.01,0.01,76973.14,1777323179000
1777323181.449,181.449,0.36,0.37,0.63,0.64,0.01,0.01,76971.36,1777323180000
1777323181.907,181.907,0.36,0.37,0.63,0.64,0.01,0.01,76971.36,1777323180000
1777323182.254,182.254,0.36,0.37,0.63,0.64,0.01,0.01,76970.69,1777323181000
1777323182.606,182.606,0.38,0.39,0.61,0.62,0.01,0.01,76970.69,1777323181000
1777323182.955,182.955,0.49,0.51,0.5,0.54,0.02,0.04,76970.69,1777323181000
1777323183.304,183.304,0.5,0.52,0.49,0.5,0.02,0.01,76973.19,1777323182000
1777323183.832,183.832,0.53,0.54,0.46,0.47,0.01,0.01,76973.19,1777323182000
1777323184.286,184.286,0.54,0.55,0.45,0.46,0.01,0.01,76976.44,1777323183000
1777323184.644,184.644,0.54,0.55,0.45,0.46,0.01,0.01,76976.44,1777323183000
1777323185.109,185.109,0.54,0.55,0.45,0.46,0.01,0.01,76976.44,1777323183000
1777323185.563,185.563,0.55,0.56,0.44,0.45,0.01,0.01,76976.44,1777323183000
1777323185.948,185.948,0.55,0.56,0.44,0.45,0.01,0.01,76980.51,1777323184000
1777323186.37,186.37,0.55,0.56,0.44,0.45,0.01,0.01,76980.59,1777323185000
1777323186.829,186.829,0.55,0.58,0.44,0.45,0.03,0.01,76980.59,1777323185000
1777323187.273,187.273,0.57,0.58,0.42,0.43,0.01,0.01,76980.59,1777323185000
1777323187.666,187.666,0.58,0.59,0.41,0.43,0.01,0.02,76980.59,1777323186000
1777323188.099,188.099,0.58,0.59,0.41,0.42,0.01,0.01,76980.59,1777323186000
1777323188.646,188.646,0.58,0.59,0.41,0.42,0.01,0.01,76981.02,1777323187000
1777323189.087,189.087,0.58,0.59,0.41,0.42,0.01,0.01,76981.02,1777323187000
1777323189.706,189.706,0.59,0.6,0.4,0.42,0.01,0.02,76981.04,1777323188000
1777323190.131,190.131,0.59,0.6,0.4,0.41,0.01,0.01,76981.04,1777323188000
1777323190.512,190.512,0.59,0.6,0.4,0.41,0.01,0.01,76981.25,1777323189000
1777323190.999,190.999,0.6,0.61,0.39,0.4,0.01,0.01,76981.25,1777323190000
1777323191.454,191.454,0.61,0.62,0.38,0.39,0.01,0.01,76981.25,1777323190000
1777323191.791,191.791,0.61,0.62,0.38,0.39,0.01,0.01,76981.25,1777323190000
1777323192.137,192.137,0.61,0.62,0.38,0.39,0.01,0.01,76981.24,1777323191000
1777323192.531,192.531,0.61,0.62,0.38,0.39,0.01,0.01,76981.24,1777323191000
1777323192.896,192.896,0.61,0.62,0.38,0.39,0.01,0.01,76981.24,1777323191000
1777323193.424,193.424,0.61,0.62,0.38,0.39,0.01,0.01,76981.48,1777323192000
1777323193.855,193.855,0.61,0.62,0.38,0.39,0.01,0.01,76981.48,1777323192000
1777323194.189,194.189,0.62,0.64,0.32,0.39,0.02,0.07,76980.59,1777323193000
1777323194.57,194.57,0.65,0.66,0.34,0.36,0.01,0.02,76980.59,1777323193000
1777323194.995,194.995,0.65,0.66,0.34,0.35,0.01,0.01,76981.47,1777323194000
1777323195.369,195.369,0.65,0.66,0.34,0.35,0.01,0.01,76981.47,1777323194000
1777323195.753,195.753,0.68,0.69,0.31,0.32,0.01,0.01,76981.47,1777323194000
1777323196.325,196.325,0.68,0.71,0.31,0.32,0.03,0.01,76981.52,1777323195000
1777323196.68,196.68,0.68,0.7,0.3,0.31,0.02,0.01,76981.52,1777323195000
1777323197.135,197.135,0.68,0.7,0.31,0.32,0.02,0.01,76981.52,1777323195000
1777323197.509,197.509,0.7,0.71,0.28,0.31,0.01,0.03,76980.87,1777323196000
1777323197.89,197.89,0.7,0.71,0.29,0.3,0.01,0.01,76980.87,1777323196000
1777323198.532,198.532,0.7,0.71,0.29,0.3,0.01,0.01,76981.65,1777323197000
1777323198.936,198.936,0.7,0.71,0.29,0.3,0.01,0.01,76981.65,1777323197000
1777323199.291,199.291,0.71,0.72,0.28,0.29,0.01,0.01,76981.65,1777323197000
1777323199.657,199.657,0.71,0.72,0.28,0.29,0.01,0.01,76982.19,1777323198000
1777323200.029,200.029,0.7,0.72,0.28,0.29,0.02,0.01,76983.13,1777323199000
1777323200.399,200.399,0.67,0.68,0.32,0.37,0.01,0.05,76983.13,1777323199000
1777323200.815,200.815,0.67,0.68,0.32,0.33,0.01,0.01,76983.13,1777323199000
1777323201.314,201.314,0.64,0.65,0.35,0.36,0.01,0.01,76983.13,1777323199000
1777323201.661,201.661,0.66,0.73,0.33,0.36,0.07,0.03,76981.75,1777323200000
1777323202.225,202.225,0.67,0.68,0.27,0.33,0.01,0.06,76981.75,1777323200000
1777323202.633,202.633,0.67,0.68,0.32,0.33,0.01,0.01,76983.93,1777323201000
1777323203.135,203.135,0.67,0.68,0.32,0.33,0.01,0.01,76983.93,1777323201000
1777323203.625,203.625,0.65,0.67,0.32,0.34,0.02,0.02,76983.93,1777323202000
1777323204.042,204.042,0.64,0.65,0.36,0.37,0.01,0.01,76983.93,1777323202000
1777323204.458,204.458,0.62,0.64,0.36,0.38,0.02,0.02,76983.12,1777323203000
1777323204.838,204.838,0.44,0.63,0.36,0.38,0.19,0.02,76983.12,1777323203000
1777323205.197,205.197,0.59,0.61,0.39,0.4,0.02,0.01,76983.14,1777323204000
1777323205.547,205.547,0.48,0.59,0.41,0.42,0.11,0.01,76983.14,1777323204000
1777323205.899,205.899,0.49,0.5,0.5,0.51,0.01,0.01,76983.14,1777323204000
1777323206.297,206.297,0.49,0.5,0.5,0.51,0.01,0.01,76983.21,1777323205000
1777323206.632,206.632,0.49,0.5,0.5,0.51,0.01,0.01,76983.21,1777323205000
1777323207.04,207.04,0.5,0.52,0.49,0.5,0.02,0.01,76983.21,1777323205000
1777323207.406,207.406,0.51,0.52,0.48,0.5,0.01,0.02,76983.21,1777323205000
1777323207.765,207.765,0.51,0.52,0.48,0.49,0.01,0.01,76981.74,1777323206000
1777323208.23,208.23,0.51,0.52,0.48,0.49,0.01,0.01,76981.74,1777323206000
1777323208.586,208.586,0.51,0.52,0.48,0.49,0.01,0.01,76982.46,1777323207000
1777323208.973,208.973,0.51,0.52,0.48,0.49,0.01,0.01,76982.46,1777323207000
1777323209.441,209.441,0.51,0.52,0.48,0.49,0.01,0.01,76982.46,1777323207000
1777323209.844,209.844,0.51,0.52,0.48,0.49,0.01,0.01,76982.37,1777323208000
1777323210.177,210.177,0.51,0.52,0.48,0.49,0.01,0.01,76982.37,1777323209000
1777323210.617,210.617,0.51,0.52,0.48,0.49,0.01,0.01,76982.37,1777323209000
1777323210.962,210.962,0.42,0.58,0.42,0.58,0.16,0.16,76982.37,1777323209000
1777323211.33,211.33,0.48,0.49,0.51,0.52,0.01,0.01,76982.32,1777323210000
1777323211.801,211.801,0.51,0.53,0.48,0.49,0.02,0.01,76982.32,1777323210000
1777323212.153,212.153,0.53,0.54,0.46,0.47,0.01,0.01,76982.32,1777323210000
1777323212.563,212.563,0.53,0.55,0.46,0.47,0.02,0.01,76982.32,1777323211000
1777323212.98,212.98,0.53,0.55,0.46,0.47,0.02,0.01,76982.32,1777323211000
1777323213.359,213.359,0.56,0.57,0.43,0.44,0.01,0.01,76981.32,1777323212000
1777323213.715,213.715,0.56,0.57,0.43,0.44,0.01,0.01,76981.32,1777323212000
1777323214.348,214.348,0.57,0.58,0.43,0.44,0.01,0.01,76981.32,1777323212000
1777323214.834,214.834,0.57,0.58,0.42,0.43,0.01,0.01,76982.01,1777323213000
1777323215.354,215.354,0.52,0.58,0.42,0.43,0.06,0.01,76982.01,1777323213000
1777323215.802,215.802,0.54,0.55,0.45,0.46,0.01,0.01,76982.76,1777323214000
1777323216.375,216.375,0.54,0.55,0.45,0.46,0.01,0.01,76982.76,1777323215000
1777323216.87,216.87,0.54,0.55,0.45,0.46,0.01,0.01,76982.76,1777323215000
1777323217.242,217.242,0.54,0.55,0.45,0.46,0.01,0.01,76982.75,1777323216000
1777323217.617,217.617,0.54,0.55,0.45,0.46,0.01,0.01,76982.75,1777323216000
1777323218.082,218.082,0.54,0.55,0.45,0.46,0.01,0.01,76982.75,1777323216000
1777323218.492,218.492,0.54,0.55,0.45,0.46,0.01,0.01,76982.3,1777323217000
1777323219.234,219.234,0.42,0.57,0.41,0.46,0.15,0.05,76982.3,1777323217000
1777323220.013,220.013,0.55,0.57,0.43,0.45,0.02,0.02,76980.64,1777323218000
1777323220.442,220.442,0.56,0.57,0.44,0.45,0.01,0.01,76982.3,1777323219000
1777323220.806,220.806,0.56,0.57,0.43,0.44,0.01,0.01,76982.3,1777323219000
1777323221.384,221.384,0.56,0.6,0.4,0.44,0.04,0.04,76980.64,1777323220000
1777323221.906,221.906,0.58,0.59,0.41,0.43,0.01,0.02,76980.64,1777323220000
1777323222.275,222.275,0.59,0.6,0.4,0.42,0.01,0.02,76980.64,1777323220000
1777323222.611,222.611,0.59,0.6,0.4,0.41,0.01,0.01,76980.64,1777323221000
1777323223.774,223.774,0.58,0.59,0.4,0.42,0.01,0.02,76980.64,1777323222000
1777323224.994,224.994,0.59,0.6,0.4,0.42,0.01,0.02,76980.64,1777323223000
1777323225.576,225.576,0.6,0.62,0.4,0.41,0.02,0.01,76981.52,1777323224000
1777323225.961,225.961,0.62,0.63,0.37,0.38,0.01,0.01,76981.52,1777323224000
1777323226.303,226.303,0.64,0.65,0.36,0.37,0.01,0.01,76981.52,1777323224000
1777323226.653,226.653,0.65,0.67,0.33,0.35,0.02,0.02,76982.23,1777323225000
1777323227.503,227.503,0.65,0.67,0.33,0.35,0.02,0.02,76982.57,1777323226000
1777323227.923,227.923,0.66,0.68,0.33,0.35,0.02,0.02,76982.57,1777323226000
1777323228.375,228.375,0.72,0.73,0.27,0.28,0.01,0.01,76982.57,1777323226000
1777323228.731,228.731,0.73,0.74,0.26,0.27,0.01,0.01,76982.57,1777323227000
1777323229.077,229.077,0.73,0.74,0.26,0.27,0.01,0.01,76982.57,1777323227000
1777323229.582,229.582,0.74,0.75,0.25,0.27,0.01,0.02,76984.03,1777323228000
1777323229.93,229.93,0.74,0.75,0.25,0.26,0.01,0.01,76984.03,1777323228000
1777323230.389,230.389,0.74,0.75,0.25,0.26,0.01,0.01,76985.2,1777323229000
1777323230.748,230.748,0.74,0.75,0.25,0.26,0.01,0.01,76985.2,1777323229000
1777323231.088,231.088,0.73,0.75,0.25,0.26,0.02,0.01,76988.82,1777323230000
1777323231.742,231.742,0.73,0.74,0.26,0.27,0.01,0.01,76988.82,1777323230000
1777323232.084,232.084,0.73,0.75,0.26,0.27,0.02,0.01,76988.82,1777323230000
1777323232.452,232.452,0.73,0.75,0.25,0.27,0.02,0.02,76989.06,1777323231000
1777323232.939,232.939,0.74,0.75,0.25,0.26,0.01,0.01,76989.06,1777323231000
1777323233.415,233.415,0.67,0.68,0.25,0.57,0.01,0.32,76989.06,1777323232000
1777323233.798,233.798,0.61,0.62,0.38,0.39,0.01,0.01,76989.06,1777323232000
1777323234.25,234.25,0.67,0.68,0.32,0.33,0.01,0.01,76989.06,1777323232000
1777323234.683,234.683,0.68,0.69,0.31,0.32,0.01,0.01,76990.29,1777323233000
1777323235.129,235.129,0.68,0.69,0.31,0.32,0.01,0.01,76990.29,1777323233000
1777323235.552,235.552,0.69,0.7,0.3,0.32,0.01,0.02,76988.27,1777323234000
1777323235.987,235.987,0.69,0.7,0.3,0.31,0.01,0.01,76988.27,1777323234000
1777323236.339,236.339,0.67,0.7,0.3,0.31,0.03,0.01,76988.27,1777323234000
1777323236.702,236.702,0.67,0.68,0.32,0.33,0.01,0.01,76988.27,1777323235000
1777323237.122,237.122,0.68,0.7,0.3,0.32,0.02,0.02,76989.34,1777323236000
1777323237.609,237.609,0.67,0.68,0.32,0.33,0.01,0.01,76989.34,1777323236000
1777323238.012,238.012,0.67,0.69,0.32,0.33,0.02,0.01,76989.34,1777323236000
1777323238.353,238.353,0.69,0.71,0.29,0.31,0.02,0.02,76990.06,1777323237000
1777323238.71,238.71,0.69,0.7,0.3,0.31,0.01,0.01,76990.06,1777323237000
1777323239.23,239.23,0.7,0.71,0.28,0.3,0.01,0.02,76990.06,1777323237000
1777323239.565,239.565,0.7,0.71,0.29,0.3,0.01,0.01,76990.18,1777323238000
1777323239.924,239.924,0.68,0.69,0.31,0.32,0.01,0.01,76990.18,1777323238000
1777323240.341,240.341,0.68,0.69,0.3,0.32,0.01,0.02,76990.43,1777323239000
1777323240.68,240.68,0.69,0.7,0.3,0.32,0.01,0.02,76990.43,1777323239000
1777323241.095,241.095,0.7,0.71,0.29,0.3,0.01,0.01,76990.43,1777323239000
1777323241.465,241.465,0.72,0.73,0.27,0.28,0.01,0.01,76990.47,1777323240000
1777323241.902,241.902,0.72,0.74,0.27,0.28,0.02,0.01,76990.47,1777323240000
1777323242.286,242.286,0.73,0.74,0.26,0.27,0.01,0.01,76990.47,1777323240000
1777323242.663,242.663,0.73,0.74,0.26,0.27,0.01,0.01,76990.36,1777323241000
1777323243.201,243.201,0.74,0.75,0.25,0.27,0.01,0.02,76990.41,1777323242000
1777323243.635,243.635,0.74,0.75,0.25,0.26,0.01,0.01,76990.41,1777323242000
1777323244.082,244.082,0.73,0.75,0.26,0.27,0.02,0.01,76990.41,1777323242000
1777323244.626,244.626,0.74,0.75,0.25,0.27,0.01,0.02,76990.75,1777323243000
1777323244.971,244.971,0.74,0.75,0.25,0.26,0.01,0.01,76990.75,1777323243000
1777323245.453,245.453,0.73,0.74,0.25,0.26,0.01,0.01,76990.75,1777323243000
1777323245.795,245.795,0.73,0.74,0.26,0.27,0.01,0.01,76990.79,1777323244000
1777323246.221,246.221,0.73,0.74,0.26,0.27,0.01,0.01,76990.88,1777323245000
1777323246.598,246.598,0.72,0.73,0.25,0.28,0.01,0.03,76990.88,1777323245000
1777323246.94,246.94,0.43,0.49,0.51,0.56,0.06,0.05,76990.88,1777323245000
1777323247.293,247.293,0.4,0.41,0.59,0.6,0.01,0.01,76990.88,1777323245000
1777323247.652,247.652,0.36,0.37,0.62,0.64,0.01,0.02,76990.84,1777323246000
1777323248.137,248.137,0.41,0.43,0.56,0.6,0.02,0.04,76990.84,1777323246000
1777323248.567,248.567,0.36,0.64,0.61,0.66,0.28,0.05,76984.01,1777323247000
1777323248.964,248.964,0.36,0.37,0.63,0.64,0.01,0.01,76984.01,1777323247000
1777323249.327,249.327,0.38,0.39,0.62,0.63,0.01,0.01,76982.01,1777323248000
1777323249.66,249.66,0.4,0.46,0.59,0.6,0.06,0.01,76982.01,1777323248000
1777323250.117,250.117,0.37,0.38,0.62,0.63,0.01,0.01,76982.01,1777323248000
1777323250.47,250.47,0.36,0.37,0.63,0.64,0.01,0.01,76977.38,1777323249000
1777323250.829,250.829,0.28,0.3,0.69,0.72,0.02,0.03,76977.38,1777323249000
1777323251.21,251.21,0.24,0.25,0.75,0.76,0.01,0.01,76977.06,1777323250000
1777323251.61,251.61,0.23,0.25,0.75,0.77,0.02,0.02,76977.06,1777323250000
1777323252.143,252.143,0.2,0.22,0.78,0.8,0.02,0.02,76977.06,1777323250000
1777323252.6,252.6,0.2,0.21,0.79,0.8,0.01,0.01,76977.01,1777323251000
1777323252.943,252.943,0.25,0.26,0.74,0.75,0.01,0.01,76973.86,1777323252000
1777323253.307,253.307,0.25,0.26,0.74,0.75,0.01,0.01,76973.86,1777323252000
1777323253.705,253.705,0.27,0.28,0.69,0.75,0.01,0.06,76973.86,1777323252000
1777323254.084,254.084,0.24,0.25,0.74,0.77,0.01,0.03,76973.86,1777323252000
1777323254.472,254.472,0.24,0.25,0.76,0.77,0.01,0.01,76970.11,1777323253000
1777323254.938,254.938,0.24,0.25,0.75,0.76,0.01,0.01,76970.11,1777323253000
1777323255.289,255.289,0.22,0.26,0.74,0.78,0.04,0.04,76969.96,1777323254000
1777323255.623,255.623,0.25,0.26,0.74,0.75,0.01,0.01,76969.96,1777323254000
1777323255.978,255.978,0.25,0.26,0.74,0.75,0.01,0.01,76969.96,1777323254000
1777323256.376,256.376,0.24,0.25,0.75,0.76,0.01,0.01,76969.96,1777323254000
1777323256.756,256.756,0.25,0.26,0.74,0.75,0.01,0.01,76972.05,1777323255000
1777323257.147,257.147,0.25,0.26,0.74,0.75,0.01,0.01,76968.21,1777323256000
1777323257.49,257.49,0.27,0.31,0.62,0.75,0.04,0.13,76968.21,1777323256000
1777323257.885,257.885,0.26,0.28,0.72,0.73,0.02,0.01,76968.21,1777323256000
1777323258.314,258.314,0.26,0.27,0.72,0.74,0.01,0.02,76967.68,1777323257000
1777323258.91,258.91,0.26,0.27,0.73,0.74,0.01,0.01,76967.68,1777323257000
1777323259.337,259.337,0.25,0.26,0.74,0.75,0.01,0.01,76968.01,1777323258000
1777323259.964,259.964,0.25,0.26,0.74,0.76,0.01,0.02,76968.01,1777323258000
1777323260.308,260.308,0.23,0.24,0.76,0.77,0.01,0.01,76968.01,1777323258000
1777323260.81,260.81,0.24,0.25,0.75,0.76,0.01,0.01,76967.9,1777323259000
1777323261.336,261.336,0.24,0.25,0.75,0.76,0.01,0.01,76967.13,1777323260000
1777323261.817,261.817,0.23,0.24,0.76,0.77,0.01,0.01,76967.13,1777323260000
1777323262.291,262.291,0.21,0.22,0.76,0.77,0.01,0.01,76967.83,1777323261000
1777323262.833,262.833,0.18,0.22,0.78,0.79,0.04,0.01,76967.83,1777323261000
1777323263.26,263.26,0.19,0.2,0.8,0.81,0.01,0.01,76967.83,1777323261000
1777323263.625,263.625,0.2,0.21,0.79,0.8,0.01,0.01,76967.24,1777323262000
1777323264.092,264.092,0.2,0.21,0.79,0.8,0.01,0.01,76967.24,1777323262000
1777323264.545,264.545,0.2,0.21,0.79,0.8,0.01,0.01,76967.59,1777323263000
1777323264.901,264.901,0.21,0.22,0.78,0.79,0.01,0.01,76967.59,1777323263000
1777323265.545,265.545,0.19,0.2,0.8,0.81,0.01,0.01,76967.59,1777323263000
1777323265.908,265.908,0.19,0.2,0.8,0.81,0.01,0.01,76967.59,1777323263000
1777323266.335,266.335,0.23,0.25,0.78,0.79,0.02,0.01,76967.81,1777323264000
1777323266.669,266.669,0.24,0.25,0.75,0.76,0.01,0.01,76967.89,1777323265000
1777323267.012,267.012,0.25,0.26,0.74,0.75,0.01,0.01,76967.89,1777323265000
1777323267.415,267.415,0.25,0.26,0.74,0.75,0.01,0.01,76967.43,1777323266000
1777323267.869,267.869,0.31,0.32,0.58,0.75,0.01,0.17,76967.43,1777323266000
1777323268.271,268.271,0.31,0.32,0.68,0.69,0.01,0.01,76967.43,1777323266000
1777323268.636,268.636,0.31,0.32,0.68,0.69,0.01,0.01,76966.77,1777323267000
1777323269.009,269.009,0.25,0.26,0.73,0.77,0.01,0.04,76966.77,1777323267000
1777323269.417,269.417,0.22,0.23,0.77,0.78,0.01,0.01,76966.77,1777323267000
1777323269.798,269.798,0.2,0.23,0.8,0.81,0.03,0.01,76966.77,1777323267000
1777323270.154,270.154,0.24,0.25,0.77,0.8,0.01,0.03,76966.77,1777323268000
1777323270.532,270.532,0.28,0.29,0.68,0.72,0.01,0.04,76966.77,1777323268000
1777323270.874,270.874,0.28,0.29,0.71,0.72,0.01,0.01,76966.62,1777323269000
1777323271.284,271.284,0.32,0.33,0.67,0.68,0.01,0.01,76966.62,1777323269000
1777323271.757,271.757,0.28,0.29,0.71,0.72,0.01,0.01,76965.42,1777323270000
1777323272.295,272.295,0.28,0.29,0.71,0.72,0.01,0.01,76965.42,1777323270000
1777323272.682,272.682,0.2,0.21,0.77,0.79,0.01,0.02,76965.42,1777323270000
1777323273.053,273.053,0.2,0.21,0.79,0.8,0.01,0.01,76963.9,1777323271000
1777323273.412,273.412,0.2,0.21,0.79,0.8,0.01,0.01,76963.9,1777323271000
1777323273.748,273.748,0.13,0.14,0.86,0.87,0.01,0.01,76963.9,1777323271000
1777323274.221,274.221,0.12,0.13,0.87,0.88,0.01,0.01,76966.39,1777323272000
1777323274.563,274.563,0.12,0.13,0.87,0.88,0.01,0.01,76963.9,1777323273000
1777323274.962,274.962,0.1,0.11,0.87,0.9,0.01,0.03,76963.9,1777323273000
1777323275.35,275.35,0.1,0.11,0.89,0.9,0.01,0.01,76962.39,1777323274000
1777323275.936,275.936,0.1,0.11,0.89,0.9,0.01,0.01,76962.39,1777323274000
1777323276.451,276.451,0.13,0.14,0.86,0.89,0.01,0.03,76962.39,1777323274000
1777323276.818,276.818,0.14,0.2,0.8,0.86,0.06,0.06,76958.7,1777323275000
1777323277.243,277.243,0.18,0.19,0.81,0.82,0.01,0.01,76958.7,1777323275000
1777323277.593,277.593,0.2,0.22,0.77,0.81,0.02,0.04,76958.7,1777323275000
1777323278.061,278.061,0.22,0.23,0.78,0.79,0.01,0.01,76958.43,1777323276000
1777323278.506,278.506,0.24,0.25,0.74,0.76,0.01,0.02,76958.43,1777323276000
1777323278.865,278.865,0.24,0.25,0.75,0.76,0.01,0.01,76958.39,1777323277000
1777323279.198,279.198,0.24,0.25,0.75,0.76,0.01,0.01,76958.39,1777323277000
1777323279.561,279.561,0.24,0.25,0.75,0.76,0.01,0.01,76958.42,1777323278000
1777323279.962,279.962,0.19,0.3,0.79,0.82,0.11,0.03,76958.42,1777323278000
1777323280.418,280.418,0.21,0.22,0.78,0.79,0.01,0.01,76958.42,1777323278000
1777323280.801,280.801,0.2,0.21,0.78,0.8,0.01,0.02,76958.39,1777323279000
1777323281.236,281.236,0.23,0.24,0.76,0.8,0.01,0.04,76958.39,1777323279000
1777323281.58,281.58,0.23,0.24,0.76,0.77,0.01,0.01,76958.39,1777323279000
1777323281.976,281.976,0.23,0.24,0.76,0.77,0.01,0.01,76958.39,1777323280000
1777323282.344,282.344,0.23,0.24,0.76,0.77,0.01,0.01,76958.39,1777323280000
1777323282.754,282.754,0.24,0.25,0.75,0.76,0.01,0.01,76958.42,1777323281000
1777323283.207,283.207,0.24,0.25,0.75,0.76,0.01,0.01,76958.42,1777323281000
1777323283.606,283.606,0.24,0.25,0.75,0.76,0.01,0.01,76958.39,1777323282000
1777323284.015,284.015,0.24,0.25,0.75,0.76,0.01,0.01,76958.39,1777323282000
1777323284.456,284.456,0.22,0.23,0.77,0.78,0.01,0.01,76958.39,1777323282000
1777323284.832,284.832,0.22,0.23,0.77,0.78,0.01,0.01,76958.52,1777323283000
1777323285.303,285.303,0.14,0.16,0.79,0.9,0.02,0.11,76958.52,1777323283000
1777323285.707,285.707,0.16,0.21,0.76,0.86,0.05,0.1,76958.38,1777323284000
1777323286.059,286.059,0.24,0.28,0.73,0.77,0.04,0.04,76958.38,1777323284000
1777323286.394,286.394,0.2,0.21,0.74,0.75,0.01,0.01,76958.52,1777323285000
1777323286.742,286.742,0.1,0.16,0.88,0.9,0.06,0.02,76958.52,1777323285000
1777323287.082,287.082,0.1,0.11,0.89,0.9,0.01,0.01,76958.52,1777323285000
1777323287.509,287.509,0.09,0.1,0.9,0.91,0.01,0.01,76958.52,1777323285000
1777323287.864,287.864,0.09,0.12,0.88,0.91,0.03,0.03,76958.5,1777323286000
1777323288.248,288.248,0.1,0.11,0.89,0.9,0.01,0.01,76958.5,1777323286000
1777323288.775,288.775,0.1,0.11,0.89,0.9,0.01,0.01,76958.83,1777323287000
1777323289.112,289.112,0.05,0.08,0.92,0.95,0.03,0.03,76959.12,1777323288000
1777323289.472,289.472,0.03,0.04,0.96,0.97,0.01,0.01,76959.12,1777323288000
1777323289.881,289.881,0.05,0.06,0.94,0.95,0.01,0.01,76959.12,1777323288000
1777323290.338,290.338,0.05,0.06,0.94,0.95,0.01,0.01,76959.12,1777323288000
1777323290.761,290.761,0.03,0.19,0.96,0.97,0.16,0.01,76958.35,1777323289000
1777323291.099,291.099,0.03,0.04,0.96,0.97,0.01,0.01,76958.35,1777323289000
1777323291.524,291.524,0.03,0.04,0.96,0.97,0.01,0.01,76947.86,1777323290000
1777323291.862,291.862,0.03,0.04,0.96,0.97,0.01,0.01,76947.86,1777323290000
1777323292.288,292.288,0.02,0.03,0.96,0.98,0.01,0.02,76944.23,1777323291000
1777323292.715,292.715,0.02,0.01,0.77,0.98,-0.01,0.21,76944.23,1777323291000
1777323293.107,293.107,0.11,0.12,0.88,0.9,0.01,0.02,76944.23,1777323291000
1777323293.445,293.445,0.02,0.03,0.97,0.98,0.01,0.01,76944.23,1777323291000
1777323293.78,293.78,0.29,0.37,0.63,0.71,0.08,0.08,76944.32,1777323292000
1777323294.126,294.126,0.01,0.12,0.88,0.92,0.11,0.04,76944.32,1777323292000
1777323294.479,294.479,0.18,0.54,0.46,0.82,0.36,0.36,76944.09,1777323293000
1777323294.829,294.829,0.13,0.14,0.84,0.88,0.01,0.04,76944.09,1777323293000
1777323295.169,295.169,0.04,0.05,0.95,0.96,0.01,0.01,76944.09,1777323293000
1777323295.567,295.567,0.04,0.05,0.95,0.98,0.01,0.03,76944.09,1777323293000
1777323296.008,296.008,0.04,0.05,0.95,0.96,0.01,0.01,76946.9,1777323294000
1777323296.351,296.351,0.04,0.05,0.95,0.96,0.01,0.01,76946.9,1777323294000
1777323296.696,296.696,0.02,0.03,0.97,0.98,0.01,0.01,76949.23,1777323295000
1777323297.031,297.031,0.01,0.02,0.98,0.99,0.01,0.01,76949.23,1777323295000
1777323297.625,297.625,0.01,0.01,0.98,0.99,0.0,0.01,76949.62,1777323296000
1777323298.023,298.023,0.01,0.01,0.99,0.99,0.0,0.0,76949.62,1777323296000
1777323298.492,298.492,0.01,0.01,0.99,0.99,0.0,0.0,76949.61,1777323297000
1777323299.041,299.041,0.01,0.01,0.99,0.99,0.0,0.0,76949.61,1777323297000
1777323299.429,299.429,0.01,0.01,0.99,0.99,0.0,0.0,76949.61,1777323297000
1777323299.825,299.825,0.01,0.01,0.99,0.99,0.0,0.0,76949.61,1777323298000
1777323300.164,300.164,0.01,0.01,0.99,0.99,0.0,0.0,76949.61,1777323298000
1777323300.681,300.681,0.01,0.01,0.99,0.99,0.0,0.0,76949.92,1777323299000

# RESULT,winner=Down,slug=btc-updown-5m-1777323000,ticks=670
