timestamp,elapsed_sec,up_bid,up_ask,down_bid,down_ask,up_spread,down_spread,btc_price,btc_oracle_ts
1776638400.512,0.512,0.51,0.52,0.49,0.5,0.01,0.01,74124.36,1776638399000
1776638400.975,0.975,0.5,0.51,0.49,0.5,0.01,0.01,74124.36,1776638399000
1776638401.357,1.357,0.5,0.51,0.49,0.5,0.01,0.01,74131.94,1776638400000
1776638401.991,1.991,0.5,0.52,0.48,0.5,0.02,0.02,74131.94,1776638400000
1776638402.368,2.368,0.5,0.51,0.49,0.5,0.01,0.01,74133.46,1776638401000
1776638402.705,2.705,0.52,0.54,0.47,0.48,0.02,0.01,74133.46,1776638401000
1776638403.081,3.081,0.54,0.56,0.43,0.46,0.02,0.03,74133.46,1776638401000
1776638403.441,3.441,0.56,0.61,0.39,0.44,0.05,0.05,74133.46,1776638401000
1776638403.786,3.786,0.58,0.6,0.4,0.42,0.02,0.02,74133.96,1776638402000
1776638404.182,4.182,0.59,0.6,0.4,0.41,0.01,0.01,74133.96,1776638402000
1776638404.53,4.53,0.59,0.6,0.4,0.41,0.01,0.01,74133.96,1776638402000
1776638405.094,5.094,0.59,0.6,0.4,0.41,0.01,0.01,74139.03,1776638403000
1776638405.461,5.461,0.59,0.6,0.4,0.41,0.01,0.01,74148.69,1776638404000
1776638405.998,5.998,0.6,0.61,0.38,0.4,0.01,0.02,74148.69,1776638404000
1776638406.347,6.347,0.61,0.63,0.37,0.4,0.02,0.03,74148.69,1776638404000
1776638406.72,6.72,0.6,0.61,0.39,0.4,0.01,0.01,74153.44,1776638405000
1776638407.208,7.208,0.6,0.61,0.38,0.4,0.01,0.02,74153.44,1776638405000
1776638407.622,7.622,0.6,0.61,0.39,0.4,0.01,0.01,74153.82,1776638406000
1776638408.04,8.04,0.55,0.57,0.42,0.45,0.02,0.03,74153.82,1776638406000
1776638408.474,8.474,0.54,0.55,0.45,0.46,0.01,0.01,74153.82,1776638406000
1776638408.851,8.851,0.54,0.55,0.45,0.46,0.01,0.01,74156.37,1776638407000
1776638409.184,9.184,0.52,0.54,0.46,0.48,0.02,0.02,74156.37,1776638407000
1776638409.537,9.537,0.5,0.52,0.47,0.49,0.02,0.02,74153.65,1776638408000
1776638409.932,9.932,0.5,0.51,0.49,0.5,0.01,0.01,74153.65,1776638408000
1776638410.274,10.274,0.5,0.51,0.49,0.5,0.01,0.01,74153.65,1776638408000
1776638410.639,10.639,0.5,0.51,0.49,0.5,0.01,0.01,74153.65,1776638408000
1776638411.039,11.039,0.5,0.51,0.49,0.5,0.01,0.01,74142.65,1776638409000
1776638411.376,11.376,0.49,0.5,0.5,0.51,0.01,0.01,74142.65,1776638409000
1776638411.768,11.768,0.48,0.49,0.51,0.52,0.01,0.01,74134.33,1776638410000
1776638412.721,12.721,0.47,0.48,0.52,0.53,0.01,0.01,74132.67,1776638411000
1776638413.067,13.067,0.47,0.48,0.52,0.53,0.01,0.01,74132.67,1776638411000
1776638413.622,13.622,0.47,0.48,0.52,0.53,0.01,0.01,74132.67,1776638411000
1776638414.103,14.103,0.47,0.48,0.52,0.53,0.01,0.01,74131.64,1776638412000
1776638414.44,14.44,0.48,0.49,0.51,0.52,0.01,0.01,74130.45,1776638413000
1776638414.787,14.787,0.48,0.49,0.51,0.52,0.01,0.01,74130.45,1776638413000
1776638415.48,15.48,0.47,0.48,0.51,0.53,0.01,0.02,74130.45,1776638413000
1776638415.838,15.838,0.47,0.48,0.52,0.53,0.01,0.01,74129.59,1776638414000
1776638416.176,16.176,0.47,0.48,0.52,0.53,0.01,0.01,74129.59,1776638414000
1776638416.526,16.526,0.47,0.48,0.52,0.53,0.01,0.01,74129.59,1776638414000
1776638416.897,16.897,0.47,0.49,0.52,0.53,0.02,0.01,74128.35,1776638415000
1776638417.256,17.256,0.47,0.49,0.51,0.53,0.02,0.02,74129.06,1776638416000
1776638417.637,17.637,0.48,0.49,0.51,0.52,0.01,0.01,74129.06,1776638416000
1776638417.979,17.979,0.48,0.5,0.51,0.52,0.02,0.01,74129.06,1776638416000
1776638418.319,18.319,0.49,0.5,0.5,0.52,0.01,0.02,74128.61,1776638417000
1776638418.667,18.667,0.49,0.5,0.5,0.51,0.01,0.01,74128.61,1776638417000
1776638419.098,19.098,0.49,0.5,0.5,0.51,0.01,0.01,74128.61,1776638417000
1776638419.465,19.465,0.49,0.5,0.5,0.51,0.01,0.01,74128.61,1776638417000
1776638419.888,19.888,0.49,0.5,0.5,0.51,0.01,0.01,74128.61,1776638418000
1776638420.272,20.272,0.49,0.5,0.5,0.51,0.01,0.01,74128.57,1776638419000
1776638420.893,20.893,0.49,0.5,0.5,0.51,0.01,0.01,74128.57,1776638419000
1776638421.412,21.412,0.49,0.5,0.5,0.51,0.01,0.01,74128.57,1776638419000
1776638421.933,21.933,0.49,0.5,0.5,0.51,0.01,0.01,74128.89,1776638420000
1776638422.685,22.685,0.49,0.5,0.5,0.51,0.01,0.01,74129.33,1776638421000
1776638423.026,23.026,0.49,0.5,0.5,0.51,0.01,0.01,74129.33,1776638421000
1776638423.362,23.362,0.49,0.51,0.5,0.51,0.02,0.01,74129.33,1776638421000
1776638423.705,23.705,0.51,0.57,0.47,0.49,0.06,0.02,74129.35,1776638422000
1776638424.059,24.059,0.57,0.58,0.42,0.43,0.01,0.01,74141.34,1776638423000
1776638424.474,24.474,0.57,0.58,0.41,0.43,0.01,0.02,74141.34,1776638423000
1776638424.835,24.835,0.57,0.58,0.42,0.43,0.01,0.01,74141.34,1776638423000
1776638425.194,25.194,0.57,0.58,0.42,0.43,0.01,0.01,74141.34,1776638423000
1776638425.674,25.674,0.57,0.58,0.42,0.43,0.01,0.01,74149.01,1776638424000
1776638426.09,26.09,0.58,0.59,0.41,0.43,0.01,0.02,74149.01,1776638424000
1776638426.503,26.503,0.58,0.59,0.41,0.42,0.01,0.01,74150.06,1776638425000
1776638426.849,26.849,0.58,0.59,0.41,0.42,0.01,0.01,74150.06,1776638425000
1776638427.243,27.243,0.58,0.59,0.41,0.42,0.01,0.01,74150.06,1776638425000
1776638427.612,27.612,0.56,0.57,0.43,0.44,0.01,0.01,74150.06,1776638425000
1776638427.968,27.968,0.56,0.57,0.43,0.44,0.01,0.01,74151.16,1776638426000
1776638428.435,28.435,0.53,0.54,0.46,0.47,0.01,0.01,74151.73,1776638427000
1776638428.875,28.875,0.53,0.54,0.46,0.47,0.01,0.01,74151.73,1776638427000
1776638429.349,29.349,0.53,0.54,0.46,0.47,0.01,0.01,74146.25,1776638428000
1776638430.313,30.313,0.53,0.54,0.46,0.47,0.01,0.01,74141.71,1776638429000
1776638430.654,30.654,0.53,0.54,0.46,0.47,0.01,0.01,74141.71,1776638429000
1776638431.144,31.144,0.53,0.54,0.46,0.47,0.01,0.01,74141.71,1776638429000
1776638431.565,31.565,0.52,0.53,0.47,0.48,0.01,0.01,74141.7,1776638430000
1776638431.903,31.903,0.52,0.53,0.47,0.48,0.01,0.01,74141.7,1776638430000
1776638432.908,32.908,0.52,0.53,0.47,0.49,0.01,0.02,74140.82,1776638431000
1776638433.284,33.284,0.56,0.59,0.41,0.44,0.03,0.03,74139.13,1776638432000
1776638433.647,33.647,0.59,0.65,0.35,0.41,0.06,0.06,74139.13,1776638432000
1776638433.984,33.984,0.62,0.66,0.33,0.38,0.04,0.05,74139.13,1776638432000
1776638434.338,34.338,0.63,0.65,0.35,0.37,0.02,0.02,74136.29,1776638433000
1776638434.679,34.679,0.63,0.64,0.36,0.37,0.01,0.01,74136.29,1776638433000
1776638435.021,35.021,0.62,0.64,0.36,0.37,0.02,0.01,74136.29,1776638433000
1776638435.369,35.369,0.62,0.63,0.37,0.38,0.01,0.01,74157.99,1776638434000
1776638435.708,35.708,0.62,0.63,0.37,0.38,0.01,0.01,74157.99,1776638434000
1776638436.067,36.067,0.62,0.63,0.37,0.38,0.01,0.01,74157.99,1776638435000
1776638436.589,36.589,0.62,0.63,0.37,0.38,0.01,0.01,74157.99,1776638435000
1776638437.216,37.216,0.62,0.63,0.37,0.38,0.01,0.01,74157.99,1776638435000
1776638437.57,37.57,0.62,0.63,0.37,0.38,0.01,0.01,74156.71,1776638436000
1776638437.976,37.976,0.62,0.63,0.37,0.38,0.01,0.01,74156.71,1776638437000
1776638438.411,38.411,0.62,0.63,0.37,0.38,0.01,0.01,74156.71,1776638437000
1776638438.97,38.97,0.62,0.63,0.37,0.38,0.01,0.01,74156.71,1776638437000
1776638439.48,39.48,0.62,0.63,0.37,0.38,0.01,0.01,74157.18,1776638438000
1776638439.931,39.931,0.62,0.63,0.37,0.38,0.01,0.01,74157.18,1776638438000
1776638440.299,40.299,0.62,0.63,0.37,0.38,0.01,0.01,74157.67,1776638439000
1776638440.841,40.841,0.62,0.63,0.37,0.38,0.01,0.01,74157.67,1776638439000
1776638441.188,41.188,0.57,0.6,0.39,0.43,0.03,0.04,74157.67,1776638439000
1776638441.523,41.523,0.55,0.56,0.44,0.47,0.01,0.03,74156.33,1776638440000
1776638441.884,41.884,0.55,0.56,0.44,0.45,0.01,0.01,74156.33,1776638440000
1776638442.222,42.222,0.55,0.56,0.44,0.45,0.01,0.01,74156.33,1776638440000
1776638442.581,42.581,0.55,0.56,0.44,0.45,0.01,0.01,74155.48,1776638441000
1776638442.958,42.958,0.55,0.56,0.44,0.45,0.01,0.01,74146.67,1776638442000
1776638443.344,43.344,0.55,0.56,0.44,0.45,0.01,0.01,74146.67,1776638442000
1776638443.756,43.756,0.55,0.56,0.44,0.45,0.01,0.01,74146.67,1776638442000
1776638444.11,44.11,0.54,0.55,0.45,0.46,0.01,0.01,74145.82,1776638443000
1776638444.594,44.594,0.54,0.55,0.45,0.46,0.01,0.01,74145.82,1776638443000
1776638445.174,45.174,0.54,0.55,0.45,0.46,0.01,0.01,74145.82,1776638443000
1776638445.595,45.595,0.54,0.55,0.45,0.46,0.01,0.01,74144.6,1776638444000
1776638446.336,46.336,0.54,0.55,0.45,0.46,0.01,0.01,74143.87,1776638445000
1776638446.843,46.843,0.54,0.55,0.45,0.46,0.01,0.01,74143.87,1776638445000
1776638447.204,47.204,0.54,0.55,0.45,0.46,0.01,0.01,74143.62,1776638446000
1776638447.723,47.723,0.54,0.55,0.45,0.46,0.01,0.01,74143.62,1776638446000
1776638448.1,48.1,0.54,0.55,0.45,0.46,0.01,0.01,74144.74,1776638447000
1776638448.536,48.536,0.55,0.56,0.44,0.45,0.01,0.01,74144.74,1776638447000
1776638448.954,48.954,0.55,0.56,0.44,0.45,0.01,0.01,74144.74,1776638447000
1776638449.352,49.352,0.55,0.56,0.44,0.45,0.01,0.01,74145.18,1776638448000
1776638449.69,49.69,0.55,0.56,0.44,0.45,0.01,0.01,74145.18,1776638448000
1776638450.424,50.424,0.55,0.56,0.44,0.45,0.01,0.01,74145.18,1776638448000
1776638450.787,50.787,0.55,0.56,0.44,0.45,0.01,0.01,74144.74,1776638449000
1776638451.172,51.172,0.55,0.56,0.44,0.45,0.01,0.01,74144.74,1776638449000
1776638451.67,51.67,0.54,0.55,0.45,0.46,0.01,0.01,74144.74,1776638449000
1776638452.104,52.104,0.53,0.54,0.45,0.46,0.01,0.01,74144.75,1776638450000
1776638453.043,53.043,0.53,0.54,0.46,0.47,0.01,0.01,74143.76,1776638452000
1776638453.728,53.728,0.53,0.54,0.46,0.47,0.01,0.01,74143.76,1776638452000
1776638454.181,54.181,0.53,0.54,0.46,0.47,0.01,0.01,74143.51,1776638453000
1776638454.704,54.704,0.53,0.54,0.46,0.47,0.01,0.01,74143.51,1776638453000
1776638455.309,55.309,0.53,0.54,0.46,0.47,0.01,0.01,74143.51,1776638453000
1776638455.73,55.73,0.53,0.54,0.46,0.47,0.01,0.01,74142.59,1776638454000
1776638456.195,56.195,0.53,0.54,0.46,0.47,0.01,0.01,74142.59,1776638454000
1776638456.938,56.938,0.53,0.54,0.46,0.47,0.01,0.01,74141.53,1776638456000
1776638457.279,57.279,0.52,0.53,0.47,0.48,0.01,0.01,74141.53,1776638456000
1776638457.617,57.617,0.52,0.53,0.47,0.48,0.01,0.01,74141.53,1776638456000
1776638457.965,57.965,0.5,0.51,0.49,0.5,0.01,0.01,74141.53,1776638456000
1776638458.341,58.341,0.5,0.51,0.49,0.5,0.01,0.01,74140.6,1776638457000
1776638458.722,58.722,0.5,0.51,0.49,0.5,0.01,0.01,74140.6,1776638457000
1776638459.159,59.159,0.5,0.51,0.49,0.5,0.01,0.01,74140.6,1776638457000
1776638459.53,59.53,0.5,0.51,0.49,0.5,0.01,0.01,74134.58,1776638458000
1776638460.06,60.06,0.5,0.51,0.49,0.5,0.01,0.01,74134.58,1776638458000
1776638460.465,60.465,0.5,0.51,0.49,0.5,0.01,0.01,74130.8,1776638459000
1776638460.828,60.828,0.5,0.51,0.49,0.5,0.01,0.01,74130.8,1776638459000
1776638461.366,61.366,0.5,0.51,0.49,0.5,0.01,0.01,74130.8,1776638459000
1776638461.712,61.712,0.5,0.51,0.49,0.5,0.01,0.01,74128.76,1776638460000
1776638462.162,62.162,0.5,0.51,0.49,0.5,0.01,0.01,74128.76,1776638461000
1776638462.545,62.545,0.5,0.51,0.49,0.5,0.01,0.01,74128.76,1776638461000
1776638463.471,63.471,0.5,0.51,0.49,0.5,0.01,0.01,74129.53,1776638462000
1776638464.237,64.237,0.5,0.51,0.49,0.5,0.01,0.01,74129.53,1776638462000
1776638465.126,65.126,0.5,0.51,0.49,0.5,0.01,0.01,74128.87,1776638464000
1776638465.894,65.894,0.5,0.51,0.49,0.5,0.01,0.01,74128.87,1776638464000
1776638466.239,66.239,0.53,0.54,0.46,0.47,0.01,0.01,74128.87,1776638464000
1776638466.63,66.63,0.54,0.55,0.45,0.46,0.01,0.01,74128.78,1776638465000
1776638466.992,66.992,0.54,0.55,0.45,0.46,0.01,0.01,74128.78,1776638465000
1776638467.401,67.401,0.54,0.55,0.45,0.46,0.01,0.01,74128.78,1776638465000
1776638467.937,67.937,0.54,0.55,0.45,0.46,0.01,0.01,74128.78,1776638465000
1776638468.523,68.523,0.54,0.56,0.44,0.46,0.02,0.02,74133.91,1776638467000
1776638469.008,69.008,0.55,0.56,0.44,0.45,0.01,0.01,74133.91,1776638467000
1776638469.649,69.649,0.55,0.56,0.44,0.45,0.01,0.01,74134.54,1776638468000
1776638470.062,70.062,0.55,0.56,0.44,0.45,0.01,0.01,74135.67,1776638469000
1776638470.909,70.909,0.55,0.56,0.44,0.45,0.01,0.01,74135.67,1776638469000
1776638471.341,71.341,0.55,0.56,0.44,0.45,0.01,0.01,74136.75,1776638470000
1776638471.96,71.96,0.55,0.56,0.44,0.45,0.01,0.01,74136.75,1776638470000
1776638472.426,72.426,0.55,0.56,0.44,0.45,0.01,0.01,74137.95,1776638471000
1776638472.927,72.927,0.57,0.58,0.42,0.45,0.01,0.03,74137.95,1776638471000
1776638473.267,73.267,0.57,0.58,0.42,0.43,0.01,0.01,74137.12,1776638472000
1776638473.64,73.64,0.57,0.58,0.42,0.43,0.01,0.01,74137.12,1776638472000
1776638474.16,74.16,0.57,0.58,0.42,0.43,0.01,0.01,74136.76,1776638473000
1776638474.541,74.541,0.57,0.59,0.41,0.43,0.02,0.02,74136.76,1776638473000
1776638475.155,75.155,0.57,0.59,0.41,0.43,0.02,0.02,74140.52,1776638474000
1776638475.562,75.562,0.58,0.59,0.41,0.43,0.01,0.02,74140.52,1776638474000
1776638476.131,76.131,0.58,0.59,0.41,0.42,0.01,0.01,74140.52,1776638474000
1776638476.481,76.481,0.62,0.63,0.37,0.38,0.01,0.01,74142.55,1776638475000
1776638476.821,76.821,0.62,0.63,0.37,0.38,0.01,0.01,74142.55,1776638475000
1776638477.174,77.174,0.63,0.64,0.37,0.38,0.01,0.01,74142.55,1776638475000
1776638477.508,77.508,0.63,0.64,0.36,0.37,0.01,0.01,74144.67,1776638476000
1776638478.126,78.126,0.63,0.64,0.36,0.37,0.01,0.01,74144.67,1776638476000
1776638478.893,78.893,0.63,0.64,0.36,0.37,0.01,0.01,74151.15,1776638477000
1776638479.26,79.26,0.63,0.64,0.36,0.37,0.01,0.01,74151.15,1776638477000
1776638479.816,79.816,0.63,0.64,0.36,0.37,0.01,0.01,74152.3,1776638478000
1776638480.235,80.235,0.63,0.64,0.36,0.37,0.01,0.01,74151.71,1776638479000
1776638480.654,80.654,0.63,0.64,0.36,0.37,0.01,0.01,74151.71,1776638479000
1776638481.283,81.283,0.63,0.64,0.36,0.37,0.01,0.01,74151.96,1776638480000
1776638481.709,81.709,0.63,0.64,0.36,0.37,0.01,0.01,74151.96,1776638480000
1776638482.179,82.179,0.63,0.64,0.36,0.37,0.01,0.01,74151.96,1776638480000
1776638482.557,82.557,0.63,0.64,0.36,0.37,0.01,0.01,74151.96,1776638480000
1776638483.28,83.28,0.63,0.64,0.36,0.37,0.01,0.01,74153.12,1776638482000
1776638483.767,83.767,0.63,0.64,0.36,0.37,0.01,0.01,74153.12,1776638482000
1776638484.202,84.202,0.63,0.64,0.36,0.37,0.01,0.01,74153.12,1776638482000
1776638484.934,84.934,0.63,0.64,0.36,0.37,0.01,0.01,74153.14,1776638483000
1776638485.51,85.51,0.63,0.64,0.36,0.37,0.01,0.01,74153.14,1776638484000
1776638486.219,86.219,0.63,0.64,0.36,0.37,0.01,0.01,74153.14,1776638484000
1776638486.698,86.698,0.63,0.64,0.36,0.37,0.01,0.01,74153.14,1776638485000
1776638487.149,87.149,0.63,0.64,0.36,0.37,0.01,0.01,74151.99,1776638486000
1776638487.576,87.576,0.63,0.64,0.36,0.37,0.01,0.01,74151.99,1776638486000
1776638487.916,87.916,0.63,0.64,0.36,0.37,0.01,0.01,74151.99,1776638486000
1776638488.602,88.602,0.63,0.64,0.36,0.37,0.01,0.01,74152.0,1776638487000
1776638489.037,89.037,0.63,0.64,0.36,0.37,0.01,0.01,74152.0,1776638487000
1776638489.383,89.383,0.63,0.64,0.36,0.37,0.01,0.01,74153.18,1776638488000
1776638489.72,89.72,0.63,0.64,0.36,0.37,0.01,0.01,74153.18,1776638488000
1776638490.075,90.075,0.63,0.64,0.36,0.37,0.01,0.01,74153.18,1776638488000
1776638490.443,90.443,0.63,0.64,0.36,0.37,0.01,0.01,74152.02,1776638489000
1776638490.787,90.787,0.63,0.64,0.36,0.37,0.01,0.01,74152.02,1776638489000
1776638491.177,91.177,0.63,0.64,0.36,0.37,0.01,0.01,74152.02,1776638489000
1776638491.649,91.649,0.63,0.64,0.36,0.37,0.01,0.01,74151.88,1776638490000
1776638492.161,92.161,0.63,0.64,0.36,0.37,0.01,0.01,74151.88,1776638490000
1776638492.537,92.537,0.63,0.64,0.36,0.37,0.01,0.01,74151.9,1776638491000
1776638492.951,92.951,0.63,0.64,0.36,0.37,0.01,0.01,74151.9,1776638491000
1776638493.336,93.336,0.61,0.64,0.36,0.38,0.03,0.02,74151.9,1776638491000
1776638493.714,93.714,0.61,0.62,0.38,0.4,0.01,0.02,74152.13,1776638492000
1776638494.45,94.45,0.61,0.62,0.38,0.39,0.01,0.01,74150.58,1776638493000
1776638494.97,94.97,0.61,0.62,0.38,0.39,0.01,0.01,74150.58,1776638493000
1776638495.504,95.504,0.62,0.63,0.37,0.38,0.01,0.01,74151.87,1776638494000
1776638496.297,96.297,0.63,0.64,0.37,0.38,0.01,0.01,74151.87,1776638494000
1776638496.733,96.733,0.63,0.64,0.36,0.37,0.01,0.01,74151.16,1776638495000
1776638497.103,97.103,0.63,0.64,0.36,0.37,0.01,0.01,74152.34,1776638496000
1776638497.703,97.703,0.63,0.64,0.36,0.37,0.01,0.01,74152.34,1776638496000
1776638498.234,98.234,0.63,0.64,0.36,0.37,0.01,0.01,74152.93,1776638497000
1776638498.746,98.746,0.63,0.65,0.36,0.37,0.02,0.01,74152.93,1776638497000
1776638499.12,99.12,0.64,0.65,0.35,0.37,0.01,0.02,74152.93,1776638497000
1776638499.47,99.47,0.64,0.65,0.35,0.36,0.01,0.01,74152.93,1776638497000
1776638499.882,99.882,0.64,0.65,0.35,0.36,0.01,0.01,74154.97,1776638499000
1776638500.34,100.34,0.64,0.65,0.35,0.36,0.01,0.01,74154.97,1776638499000
1776638500.859,100.859,0.64,0.65,0.35,0.36,0.01,0.01,74154.97,1776638499000
1776638501.861,101.861,0.64,0.65,0.35,0.36,0.01,0.01,74154.05,1776638500000
1776638503.265,103.265,0.64,0.65,0.35,0.36,0.01,0.01,74154.37,1776638502000
1776638504.067,104.067,0.64,0.65,0.35,0.36,0.01,0.01,74154.37,1776638502000
1776638504.999,104.999,0.64,0.65,0.35,0.36,0.01,0.01,74155.6,1776638503000
1776638505.864,105.864,0.64,0.65,0.35,0.36,0.01,0.01,74155.6,1776638504000
1776638506.371,106.371,0.64,0.65,0.35,0.36,0.01,0.01,74155.6,1776638505000
1776638507.058,107.058,0.64,0.65,0.35,0.36,0.01,0.01,74154.35,1776638506000
1776638507.48,107.48,0.64,0.65,0.35,0.36,0.01,0.01,74154.35,1776638506000
1776638507.827,107.827,0.64,0.65,0.35,0.36,0.01,0.01,74154.35,1776638506000
1776638508.166,108.166,0.64,0.65,0.35,0.36,0.01,0.01,74154.35,1776638506000
1776638508.76,108.76,0.62,0.63,0.37,0.38,0.01,0.01,74155.61,1776638507000
1776638509.125,109.125,0.62,0.63,0.37,0.38,0.01,0.01,74155.61,1776638507000
1776638509.488,109.488,0.62,0.63,0.37,0.38,0.01,0.01,74155.62,1776638508000
1776638509.959,109.959,0.62,0.63,0.37,0.38,0.01,0.01,74155.62,1776638508000
1776638510.475,110.475,0.62,0.63,0.37,0.38,0.01,0.01,74155.62,1776638508000
1776638511.201,111.201,0.62,0.63,0.37,0.38,0.01,0.01,74154.41,1776638510000
1776638511.544,111.544,0.62,0.63,0.37,0.38,0.01,0.01,74154.41,1776638510000
1776638511.877,111.877,0.62,0.63,0.37,0.38,0.01,0.01,74154.41,1776638510000
1776638512.252,112.252,0.62,0.63,0.37,0.38,0.01,0.01,74152.71,1776638511000
1776638512.605,112.605,0.63,0.64,0.36,0.38,0.01,0.02,74152.71,1776638511000
1776638513.106,113.106,0.63,0.64,0.36,0.37,0.01,0.01,74152.71,1776638511000
1776638513.6,113.6,0.63,0.64,0.36,0.37,0.01,0.01,74154.4,1776638512000
1776638514.227,114.227,0.64,0.66,0.36,0.37,0.02,0.01,74154.4,1776638512000
1776638514.572,114.572,0.66,0.67,0.34,0.35,0.01,0.01,74154.44,1776638513000
1776638515.016,115.016,0.66,0.67,0.33,0.34,0.01,0.01,74154.44,1776638513000
1776638515.379,115.379,0.68,0.73,0.27,0.32,0.05,0.05,74155.61,1776638514000
1776638515.784,115.784,0.71,0.72,0.28,0.3,0.01,0.02,74155.61,1776638514000
1776638516.137,116.137,0.72,0.73,0.27,0.28,0.01,0.01,74155.61,1776638514000
1776638516.505,116.505,0.72,0.73,0.27,0.28,0.01,0.01,74160.17,1776638515000
1776638516.925,116.925,0.72,0.73,0.27,0.28,0.01,0.01,74160.17,1776638515000
1776638517.332,117.332,0.69,0.7,0.3,0.31,0.01,0.01,74169.12,1776638516000
1776638517.703,117.703,0.69,0.7,0.3,0.31,0.01,0.01,74169.12,1776638516000
1776638518.054,118.054,0.69,0.7,0.3,0.31,0.01,0.01,74170.71,1776638517000
1776638518.518,118.518,0.69,0.7,0.3,0.31,0.01,0.01,74170.71,1776638517000
1776638519.12,119.12,0.69,0.7,0.3,0.31,0.01,0.01,74166.38,1776638518000
1776638520.013,120.013,0.69,0.7,0.3,0.31,0.01,0.01,74166.38,1776638518000
1776638520.517,120.517,0.69,0.7,0.3,0.31,0.01,0.01,74165.42,1776638519000
1776638521.087,121.087,0.7,0.71,0.29,0.31,0.01,0.02,74165.42,1776638519000
1776638521.421,121.421,0.71,0.72,0.28,0.3,0.01,0.02,74166.51,1776638520000
1776638521.808,121.808,0.71,0.72,0.28,0.29,0.01,0.01,74166.51,1776638520000
1776638522.153,122.153,0.71,0.72,0.28,0.29,0.01,0.01,74166.51,1776638521000
1776638522.721,122.721,0.71,0.72,0.28,0.29,0.01,0.01,74166.51,1776638521000
1776638523.233,123.233,0.71,0.72,0.28,0.29,0.01,0.01,74166.51,1776638521000
1776638523.649,123.649,0.71,0.72,0.28,0.29,0.01,0.01,74166.51,1776638521000
1776638524.014,124.014,0.71,0.72,0.28,0.29,0.01,0.01,74167.74,1776638522000
1776638524.372,124.372,0.71,0.72,0.28,0.29,0.01,0.01,74167.74,1776638522000
1776638524.982,124.982,0.71,0.72,0.28,0.29,0.01,0.01,74167.78,1776638524000
1776638525.593,125.593,0.71,0.72,0.28,0.29,0.01,0.01,74167.78,1776638524000
1776638526.007,126.007,0.71,0.73,0.27,0.29,0.02,0.02,74168.05,1776638525000
1776638526.572,126.572,0.72,0.73,0.27,0.29,0.01,0.02,74168.05,1776638525000
1776638527.024,127.024,0.72,0.73,0.27,0.28,0.01,0.01,74168.05,1776638525000
1776638527.979,127.979,0.72,0.73,0.27,0.28,0.01,0.01,74166.5,1776638526000
1776638528.445,128.445,0.72,0.73,0.27,0.28,0.01,0.01,74168.55,1776638527000
1776638528.8,128.8,0.72,0.74,0.27,0.28,0.02,0.01,74168.55,1776638527000
1776638529.283,129.283,0.73,0.74,0.26,0.27,0.01,0.01,74168.54,1776638528000
1776638529.687,129.687,0.73,0.74,0.26,0.27,0.01,0.01,74168.54,1776638528000
1776638530.258,130.258,0.73,0.74,0.26,0.27,0.01,0.01,74168.5,1776638529000
1776638530.642,130.642,0.73,0.74,0.26,0.27,0.01,0.01,74168.5,1776638529000
1776638531.077,131.077,0.74,0.75,0.25,0.26,0.01,0.01,74168.5,1776638529000
1776638531.429,131.429,0.74,0.75,0.24,0.27,0.01,0.03,74168.5,1776638529000
1776638531.997,131.997,0.74,0.75,0.25,0.26,0.01,0.01,74168.54,1776638530000
1776638532.33,132.33,0.74,0.75,0.25,0.26,0.01,0.01,74172.64,1776638531000
1776638532.663,132.663,0.74,0.75,0.25,0.26,0.01,0.01,74172.64,1776638531000
1776638533.176,133.176,0.74,0.75,0.25,0.26,0.01,0.01,74172.42,1776638532000
1776638533.683,133.683,0.74,0.75,0.25,0.26,0.01,0.01,74172.42,1776638532000
1776638534.171,134.171,0.74,0.75,0.25,0.26,0.01,0.01,74172.42,1776638532000
1776638534.536,134.536,0.74,0.75,0.25,0.26,0.01,0.01,74173.89,1776638533000
1776638535.047,135.047,0.74,0.75,0.25,0.26,0.01,0.01,74173.89,1776638533000
1776638535.523,135.523,0.74,0.75,0.25,0.26,0.01,0.01,74173.89,1776638533000
1776638535.879,135.879,0.74,0.75,0.25,0.26,0.01,0.01,74173.06,1776638534000
1776638536.853,136.853,0.74,0.75,0.25,0.26,0.01,0.01,74171.45,1776638535000
1776638537.306,137.306,0.7,0.71,0.29,0.3,0.01,0.01,74171.02,1776638536000
1776638537.858,137.858,0.7,0.71,0.29,0.3,0.01,0.01,74171.02,1776638536000
1776638538.229,138.229,0.7,0.71,0.29,0.3,0.01,0.01,74171.02,1776638536000
1776638538.698,138.698,0.7,0.71,0.29,0.3,0.01,0.01,74169.87,1776638537000
1776638539.074,139.074,0.7,0.71,0.29,0.3,0.01,0.01,74168.8,1776638538000
1776638540.357,140.357,0.7,0.71,0.29,0.3,0.01,0.01,74168.8,1776638538000
1776638540.734,140.734,0.7,0.71,0.29,0.3,0.01,0.01,74167.24,1776638539000
1776638541.245,141.245,0.7,0.71,0.29,0.3,0.01,0.01,74166.63,1776638540000
1776638541.645,141.645,0.7,0.71,0.29,0.3,0.01,0.01,74166.63,1776638540000
1776638542.338,142.338,0.7,0.71,0.29,0.3,0.01,0.01,74166.63,1776638540000
1776638542.823,142.823,0.71,0.72,0.28,0.29,0.01,0.01,74166.63,1776638540000
1776638543.217,143.217,0.71,0.72,0.28,0.29,0.01,0.01,74165.16,1776638541000
1776638543.593,143.593,0.71,0.72,0.28,0.29,0.01,0.01,74165.16,1776638542000
1776638543.941,143.941,0.71,0.72,0.28,0.29,0.01,0.01,74165.16,1776638542000
1776638544.514,144.514,0.71,0.72,0.28,0.29,0.01,0.01,74166.14,1776638543000
1776638544.893,144.893,0.71,0.72,0.28,0.29,0.01,0.01,74166.14,1776638543000
1776638545.235,145.235,0.71,0.72,0.28,0.29,0.01,0.01,74166.14,1776638543000
1776638545.588,145.588,0.71,0.72,0.28,0.29,0.01,0.01,74166.83,1776638544000
1776638546.034,146.034,0.71,0.72,0.28,0.29,0.01,0.01,74166.83,1776638544000
1776638546.371,146.371,0.71,0.72,0.28,0.29,0.01,0.01,74166.85,1776638545000
1776638547.087,147.087,0.71,0.72,0.28,0.29,0.01,0.01,74166.82,1776638546000
1776638547.491,147.491,0.67,0.69,0.28,0.32,0.02,0.04,74166.82,1776638546000
1776638547.844,147.844,0.67,0.68,0.32,0.33,0.01,0.01,74166.82,1776638546000
1776638548.26,148.26,0.67,0.68,0.32,0.33,0.01,0.01,74166.82,1776638546000
1776638548.63,148.63,0.67,0.68,0.32,0.33,0.01,0.01,74166.7,1776638547000
1776638549.073,149.073,0.67,0.68,0.32,0.33,0.01,0.01,74166.7,1776638547000
1776638549.413,149.413,0.67,0.68,0.32,0.33,0.01,0.01,74162.41,1776638548000
1776638549.859,149.859,0.67,0.68,0.32,0.33,0.01,0.01,74162.41,1776638548000
1776638550.243,150.243,0.67,0.68,0.32,0.33,0.01,0.01,74158.58,1776638549000
1776638550.803,150.803,0.67,0.68,0.32,0.33,0.01,0.01,74158.58,1776638549000
1776638551.143,151.143,0.69,0.7,0.3,0.31,0.01,0.01,74158.58,1776638549000
1776638551.491,151.491,0.69,0.7,0.3,0.31,0.01,0.01,74158.58,1776638549000
1776638551.866,151.866,0.69,0.7,0.3,0.31,0.01,0.01,74158.58,1776638549000
1776638552.345,152.345,0.69,0.7,0.3,0.31,0.01,0.01,74157.96,1776638550000
1776638552.739,152.739,0.69,0.7,0.3,0.31,0.01,0.01,74157.63,1776638551000
1776638553.104,153.104,0.69,0.7,0.3,0.31,0.01,0.01,74157.63,1776638551000
1776638553.466,153.466,0.69,0.7,0.3,0.31,0.01,0.01,74158.51,1776638552000
1776638554.14,154.14,0.69,0.7,0.3,0.31,0.01,0.01,74158.62,1776638553000
1776638554.922,154.922,0.69,0.7,0.3,0.31,0.01,0.01,74158.62,1776638553000
1776638555.291,155.291,0.69,0.7,0.3,0.31,0.01,0.01,74158.62,1776638553000
1776638555.64,155.64,0.67,0.68,0.32,0.33,0.01,0.01,74158.62,1776638553000
1776638556.015,156.015,0.67,0.68,0.32,0.33,0.01,0.01,74158.28,1776638554000
1776638556.408,156.408,0.67,0.68,0.32,0.33,0.01,0.01,74158.28,1776638554000
1776638557.255,157.255,0.68,0.69,0.32,0.33,0.01,0.01,74158.48,1776638555000
1776638557.749,157.749,0.68,0.69,0.31,0.32,0.01,0.01,74158.71,1776638556000
1776638558.22,158.22,0.68,0.69,0.31,0.32,0.01,0.01,74158.43,1776638557000
1776638558.602,158.602,0.68,0.69,0.31,0.32,0.01,0.01,74158.43,1776638557000
1776638559.038,159.038,0.68,0.69,0.31,0.32,0.01,0.01,74158.43,1776638557000
1776638559.45,159.45,0.69,0.7,0.3,0.31,0.01,0.01,74158.36,1776638558000
1776638559.941,159.941,0.7,0.71,0.29,0.3,0.01,0.01,74158.36,1776638558000
1776638560.676,160.676,0.7,0.71,0.29,0.3,0.01,0.01,74159.19,1776638559000
1776638561.039,161.039,0.71,0.72,0.29,0.3,0.01,0.01,74159.19,1776638559000
1776638561.725,161.725,0.71,0.72,0.28,0.29,0.01,0.01,74158.98,1776638560000
1776638562.06,162.06,0.71,0.72,0.28,0.29,0.01,0.01,74159.74,1776638561000
1776638562.799,162.799,0.71,0.72,0.28,0.29,0.01,0.01,74159.74,1776638561000
1776638563.22,163.22,0.71,0.72,0.28,0.29,0.01,0.01,74160.04,1776638562000
1776638563.753,163.753,0.71,0.72,0.28,0.29,0.01,0.01,74160.04,1776638562000
1776638564.48,164.48,0.71,0.72,0.28,0.29,0.01,0.01,74160.04,1776638562000
1776638565.125,165.125,0.71,0.72,0.28,0.29,0.01,0.01,74161.1,1776638564000
1776638565.574,165.574,0.71,0.72,0.28,0.29,0.01,0.01,74161.1,1776638564000
1776638566.268,166.268,0.71,0.73,0.27,0.29,0.02,0.02,74161.09,1776638565000
1776638567.126,167.126,0.71,0.73,0.27,0.28,0.02,0.01,74161.09,1776638565000
1776638567.471,167.471,0.72,0.73,0.27,0.28,0.01,0.01,74161.12,1776638566000
1776638567.975,167.975,0.72,0.73,0.27,0.28,0.01,0.01,74161.12,1776638567000
1776638568.426,168.426,0.72,0.73,0.27,0.28,0.01,0.01,74161.12,1776638567000
1776638568.996,168.996,0.72,0.73,0.27,0.28,0.01,0.01,74161.12,1776638567000
1776638569.801,169.801,0.72,0.73,0.27,0.28,0.01,0.01,74161.01,1776638568000
1776638570.754,170.754,0.71,0.73,0.27,0.28,0.02,0.01,74161.03,1776638569000
1776638571.239,171.239,0.72,0.73,0.27,0.28,0.01,0.01,74161.03,1776638569000
1776638571.664,171.664,0.72,0.73,0.27,0.28,0.01,0.01,74161.0,1776638570000
1776638572.0,172.0,0.72,0.73,0.27,0.28,0.01,0.01,74161.0,1776638571000
1776638572.469,172.469,0.73,0.74,0.27,0.28,0.01,0.01,74161.0,1776638571000
1776638572.819,172.819,0.76,0.77,0.23,0.24,0.01,0.01,74161.0,1776638571000
1776638573.186,173.186,0.76,0.77,0.22,0.24,0.01,0.02,74161.0,1776638571000
1776638573.531,173.531,0.76,0.77,0.23,0.24,0.01,0.01,74161.73,1776638572000
1776638573.919,173.919,0.77,0.78,0.22,0.23,0.01,0.01,74161.81,1776638573000
1776638574.27,174.27,0.77,0.78,0.22,0.23,0.01,0.01,74161.81,1776638573000
1776638574.721,174.721,0.77,0.78,0.22,0.23,0.01,0.01,74161.81,1776638573000
1776638575.117,175.117,0.78,0.8,0.2,0.23,0.02,0.03,74167.16,1776638574000
1776638575.485,175.485,0.79,0.8,0.2,0.21,0.01,0.01,74167.16,1776638574000
1776638576.1,176.1,0.79,0.81,0.19,0.21,0.02,0.02,74167.82,1776638575000
1776638576.52,176.52,0.79,0.8,0.2,0.21,0.01,0.01,74167.82,1776638575000
1776638577.604,177.604,0.79,0.8,0.2,0.21,0.01,0.01,74171.19,1776638576000
1776638578.053,178.053,0.8,0.81,0.19,0.2,0.01,0.01,74171.2,1776638577000
1776638578.734,178.734,0.8,0.81,0.19,0.2,0.01,0.01,74171.2,1776638577000
1776638579.162,179.162,0.8,0.81,0.19,0.2,0.01,0.01,74171.2,1776638577000
1776638580.323,180.323,0.81,0.82,0.18,0.2,0.01,0.02,74172.79,1776638578000
1776638580.689,180.689,0.82,0.83,0.17,0.18,0.01,0.01,74173.42,1776638579000
1776638581.039,181.039,0.85,0.86,0.14,0.15,0.01,0.01,74173.45,1776638580000
1776638581.379,181.379,0.85,0.86,0.14,0.15,0.01,0.01,74173.45,1776638580000
1776638581.733,181.733,0.87,0.88,0.12,0.13,0.01,0.01,74173.45,1776638580000
1776638582.093,182.093,0.87,0.88,0.12,0.13,0.01,0.01,74179.39,1776638581000
1776638582.447,182.447,0.88,0.89,0.11,0.12,0.01,0.01,74179.39,1776638581000
1776638582.781,182.781,0.87,0.89,0.11,0.13,0.02,0.02,74179.39,1776638581000
1776638583.125,183.125,0.87,0.89,0.12,0.13,0.02,0.01,74179.39,1776638581000
1776638583.489,183.489,0.87,0.88,0.12,0.13,0.01,0.01,74184.09,1776638582000
1776638584.007,184.007,0.87,0.88,0.12,0.13,0.01,0.01,74184.09,1776638582000
1776638584.388,184.388,0.87,0.88,0.12,0.13,0.01,0.01,74189.39,1776638583000
1776638584.726,184.726,0.86,0.88,0.12,0.14,0.02,0.02,74189.39,1776638583000
1776638585.071,185.071,0.84,0.86,0.12,0.16,0.02,0.04,74190.19,1776638584000
1776638585.509,185.509,0.84,0.86,0.14,0.16,0.02,0.02,74190.19,1776638584000
1776638585.954,185.954,0.84,0.86,0.14,0.16,0.02,0.02,74190.19,1776638584000
1776638586.359,186.359,0.83,0.84,0.16,0.17,0.01,0.01,74190.19,1776638584000
1776638586.756,186.756,0.82,0.84,0.16,0.18,0.02,0.02,74190.19,1776638584000
1776638587.096,187.096,0.82,0.84,0.16,0.18,0.02,0.02,74166.56,1776638585000
1776638587.46,187.46,0.76,0.83,0.17,0.24,0.07,0.07,74164.08,1776638586000
1776638587.932,187.932,0.72,0.81,0.19,0.28,0.09,0.09,74164.06,1776638587000
1776638588.282,188.282,0.72,0.81,0.19,0.28,0.09,0.09,74164.06,1776638587000
1776638588.624,188.624,0.72,0.8,0.2,0.28,0.08,0.08,74164.06,1776638587000
1776638589.076,189.076,0.75,0.77,0.23,0.25,0.02,0.02,74163.27,1776638588000
1776638589.419,189.419,0.75,0.78,0.21,0.25,0.03,0.04,74163.27,1776638588000
1776638589.802,189.802,0.76,0.77,0.23,0.24,0.01,0.01,74163.27,1776638588000
1776638590.221,190.221,0.76,0.77,0.23,0.24,0.01,0.01,74161.62,1776638589000
1776638590.554,190.554,0.73,0.77,0.23,0.26,0.04,0.03,74161.62,1776638589000
1776638590.903,190.903,0.74,0.75,0.25,0.26,0.01,0.01,74161.62,1776638589000
1776638591.248,191.248,0.74,0.75,0.25,0.26,0.01,0.01,74161.68,1776638590000
1776638592.225,192.225,0.72,0.75,0.25,0.28,0.03,0.03,74159.62,1776638591000
1776638592.572,192.572,0.73,0.74,0.25,0.28,0.01,0.03,74159.62,1776638591000
1776638592.927,192.927,0.72,0.74,0.26,0.27,0.02,0.01,74159.62,1776638591000
1776638593.281,193.281,0.72,0.74,0.26,0.28,0.02,0.02,74157.87,1776638592000
1776638594.225,194.225,0.7,0.73,0.26,0.28,0.03,0.02,74157.87,1776638592000
1776638595.006,195.006,0.7,0.73,0.27,0.3,0.03,0.03,74154.7,1776638594000
1776638595.549,195.549,0.7,0.73,0.27,0.3,0.03,0.03,74154.7,1776638594000
1776638595.972,195.972,0.7,0.73,0.27,0.3,0.03,0.03,74154.7,1776638594000
1776638596.462,196.462,0.7,0.73,0.27,0.3,0.03,0.03,74151.48,1776638595000
1776638596.812,196.812,0.68,0.72,0.28,0.29,0.04,0.01,74151.48,1776638595000
1776638597.148,197.148,0.7,0.72,0.28,0.33,0.02,0.05,74153.37,1776638596000
1776638597.506,197.506,0.7,0.72,0.27,0.3,0.02,0.03,74153.37,1776638596000
1776638597.913,197.913,0.68,0.7,0.29,0.32,0.02,0.03,74153.37,1776638596000
1776638598.315,198.315,0.68,0.69,0.31,0.32,0.01,0.01,74153.34,1776638597000
1776638598.65,198.65,0.65,0.68,0.33,0.35,0.03,0.02,74153.34,1776638597000
1776638599.005,199.005,0.62,0.65,0.34,0.4,0.03,0.06,74153.34,1776638597000
1776638599.432,199.432,0.61,0.62,0.38,0.39,0.01,0.01,74153.34,1776638597000
1776638599.98,199.98,0.6,0.62,0.38,0.4,0.02,0.02,74144.95,1776638599000
1776638600.32,200.32,0.61,0.62,0.38,0.39,0.01,0.01,74144.95,1776638599000
1776638600.672,200.672,0.61,0.62,0.38,0.39,0.01,0.01,74144.95,1776638599000
1776638601.005,201.005,0.5,0.51,0.49,0.5,0.01,0.01,74144.95,1776638599000
1776638601.757,201.757,0.5,0.51,0.49,0.5,0.01,0.01,74139.54,1776638600000
1776638602.319,202.319,0.5,0.51,0.49,0.5,0.01,0.01,74139.54,1776638600000
1776638602.805,202.805,0.5,0.51,0.49,0.5,0.01,0.01,74136.18,1776638601000
1776638603.23,203.23,0.5,0.51,0.49,0.5,0.01,0.01,74134.97,1776638602000
1776638603.577,203.577,0.5,0.51,0.49,0.5,0.01,0.01,74134.97,1776638602000
1776638603.95,203.95,0.5,0.51,0.49,0.5,0.01,0.01,74134.97,1776638602000
1776638604.477,204.477,0.5,0.51,0.49,0.5,0.01,0.01,74132.22,1776638603000
1776638604.81,204.81,0.5,0.51,0.49,0.5,0.01,0.01,74132.22,1776638603000
1776638605.511,205.511,0.5,0.51,0.49,0.5,0.01,0.01,74132.25,1776638604000
1776638605.908,205.908,0.5,0.51,0.49,0.5,0.01,0.01,74132.25,1776638604000
1776638606.334,206.334,0.5,0.51,0.49,0.5,0.01,0.01,74132.62,1776638605000
1776638606.811,206.811,0.5,0.51,0.49,0.5,0.01,0.01,74132.62,1776638605000
1776638607.158,207.158,0.5,0.51,0.49,0.5,0.01,0.01,74132.24,1776638606000
1776638607.774,207.774,0.5,0.51,0.49,0.5,0.01,0.01,74132.24,1776638606000
1776638608.3,208.3,0.5,0.51,0.49,0.5,0.01,0.01,74132.24,1776638606000
1776638608.649,208.649,0.5,0.51,0.49,0.5,0.01,0.01,74132.37,1776638607000
1776638608.995,208.995,0.5,0.53,0.49,0.5,0.03,0.01,74132.69,1776638608000
1776638609.361,209.361,0.61,0.66,0.35,0.39,0.05,0.04,74132.69,1776638608000
1776638609.712,209.712,0.61,0.63,0.34,0.38,0.02,0.04,74132.69,1776638608000
1776638610.184,210.184,0.61,0.63,0.37,0.39,0.02,0.02,74132.69,1776638608000
1776638610.561,210.561,0.62,0.63,0.37,0.39,0.01,0.02,74135.14,1776638609000
1776638610.909,210.909,0.61,0.63,0.37,0.39,0.02,0.02,74135.14,1776638609000
1776638611.314,211.314,0.63,0.64,0.36,0.37,0.01,0.01,74135.14,1776638609000
1776638611.7,211.7,0.63,0.66,0.34,0.37,0.03,0.03,74142.62,1776638610000
1776638612.182,212.182,0.63,0.64,0.36,0.37,0.01,0.01,74143.11,1776638611000
1776638612.517,212.517,0.63,0.64,0.36,0.37,0.01,0.01,74143.11,1776638611000
1776638613.153,213.153,0.63,0.64,0.36,0.37,0.01,0.01,74143.11,1776638611000
1776638613.492,213.492,0.63,0.64,0.36,0.37,0.01,0.01,74142.8,1776638612000
1776638613.881,213.881,0.73,0.76,0.24,0.27,0.03,0.03,74142.8,1776638612000
1776638614.311,214.311,0.73,0.74,0.26,0.27,0.01,0.01,74142.8,1776638612000
1776638614.722,214.722,0.73,0.74,0.26,0.27,0.01,0.01,74144.34,1776638613000
1776638615.058,215.058,0.73,0.74,0.26,0.27,0.01,0.01,74145.96,1776638614000
1776638615.45,215.45,0.73,0.74,0.26,0.27,0.01,0.01,74145.96,1776638614000
1776638616.132,216.132,0.73,0.74,0.26,0.27,0.01,0.01,74145.96,1776638614000
1776638616.493,216.493,0.73,0.74,0.26,0.27,0.01,0.01,74145.96,1776638614000
1776638616.843,216.843,0.72,0.73,0.26,0.28,0.01,0.02,74145.96,1776638614000
1776638617.202,217.202,0.71,0.72,0.28,0.29,0.01,0.01,74153.87,1776638615000
1776638617.693,217.693,0.71,0.72,0.28,0.29,0.01,0.01,74154.01,1776638616000
1776638618.213,218.213,0.71,0.72,0.28,0.29,0.01,0.01,74154.01,1776638617000
1776638618.807,218.807,0.71,0.72,0.28,0.29,0.01,0.01,74154.01,1776638617000
1776638619.297,219.297,0.71,0.72,0.28,0.29,0.01,0.01,74154.01,1776638617000
1776638619.836,219.836,0.7,0.72,0.28,0.29,0.02,0.01,74152.14,1776638618000
1776638620.192,220.192,0.66,0.67,0.33,0.34,0.01,0.01,74152.14,1776638618000
1776638620.531,220.531,0.65,0.66,0.34,0.35,0.01,0.01,74152.62,1776638619000
1776638620.939,220.939,0.65,0.66,0.34,0.35,0.01,0.01,74152.51,1776638620000
1776638621.351,221.351,0.65,0.66,0.34,0.35,0.01,0.01,74152.51,1776638620000
1776638621.952,221.952,0.65,0.66,0.34,0.35,0.01,0.01,74148.36,1776638621000
1776638622.537,222.537,0.65,0.66,0.33,0.35,0.01,0.02,74148.36,1776638621000
1776638622.995,222.995,0.65,0.66,0.34,0.35,0.01,0.01,74148.36,1776638621000
1776638623.483,223.483,0.65,0.66,0.34,0.35,0.01,0.01,74146.38,1776638622000
1776638623.859,223.859,0.65,0.66,0.34,0.35,0.01,0.01,74146.38,1776638622000
1776638624.217,224.217,0.65,0.66,0.34,0.35,0.01,0.01,74145.28,1776638623000
1776638624.64,224.64,0.65,0.66,0.34,0.35,0.01,0.01,74145.28,1776638623000
1776638625.108,225.108,0.65,0.66,0.34,0.35,0.01,0.01,74145.28,1776638623000
1776638625.507,225.507,0.64,0.65,0.35,0.36,0.01,0.01,74145.28,1776638624000
1776638625.858,225.858,0.59,0.62,0.38,0.43,0.03,0.05,74145.28,1776638624000
1776638626.201,226.201,0.58,0.6,0.4,0.42,0.02,0.02,74144.4,1776638625000
1776638626.579,226.579,0.59,0.6,0.4,0.42,0.01,0.02,74144.4,1776638625000
1776638626.968,226.968,0.58,0.6,0.4,0.41,0.02,0.01,74144.4,1776638625000
1776638627.364,227.364,0.58,0.59,0.4,0.42,0.01,0.02,74140.34,1776638626000
1776638627.723,227.723,0.56,0.59,0.41,0.42,0.03,0.01,74140.34,1776638626000
1776638628.067,228.067,0.54,0.55,0.45,0.47,0.01,0.02,74140.34,1776638626000
1776638628.474,228.474,0.54,0.55,0.45,0.46,0.01,0.01,74138.37,1776638627000
1776638628.877,228.877,0.54,0.55,0.45,0.46,0.01,0.01,74138.37,1776638627000
1776638629.239,229.239,0.54,0.55,0.45,0.46,0.01,0.01,74138.37,1776638627000
1776638629.617,229.617,0.54,0.55,0.45,0.46,0.01,0.01,74137.43,1776638628000
1776638630.368,230.368,0.54,0.55,0.45,0.46,0.01,0.01,74137.43,1776638628000
1776638630.743,230.743,0.59,0.61,0.39,0.43,0.02,0.04,74137.42,1776638629000
1776638631.138,231.138,0.61,0.62,0.37,0.41,0.01,0.04,74137.42,1776638629000
1776638631.514,231.514,0.63,0.64,0.36,0.38,0.01,0.02,74137.42,1776638630000
1776638631.861,231.861,0.63,0.64,0.36,0.37,0.01,0.01,74137.42,1776638630000
1776638632.297,232.297,0.63,0.64,0.36,0.37,0.01,0.01,74137.98,1776638631000
1776638632.632,232.632,0.63,0.64,0.36,0.37,0.01,0.01,74137.98,1776638631000
1776638632.99,232.99,0.63,0.64,0.36,0.37,0.01,0.01,74137.98,1776638631000
1776638633.441,233.441,0.63,0.64,0.36,0.37,0.01,0.01,74139.72,1776638632000
1776638634.092,234.092,0.63,0.64,0.36,0.37,0.01,0.01,74140.44,1776638633000
1776638634.449,234.449,0.63,0.64,0.36,0.37,0.01,0.01,74140.44,1776638633000
1776638634.799,234.799,0.54,0.58,0.41,0.46,0.04,0.05,74140.44,1776638633000
1776638635.507,235.507,0.57,0.58,0.42,0.43,0.01,0.01,74141.9,1776638634000
1776638635.876,235.876,0.57,0.58,0.42,0.43,0.01,0.01,74141.9,1776638634000
1776638636.219,236.219,0.57,0.58,0.42,0.43,0.01,0.01,74139.36,1776638635000
1776638636.643,236.643,0.6,0.61,0.38,0.4,0.01,0.02,74139.36,1776638635000
1776638637.253,237.253,0.6,0.61,0.39,0.4,0.01,0.01,74139.36,1776638635000
1776638637.624,237.624,0.6,0.61,0.39,0.4,0.01,0.01,74137.85,1776638636000
1776638637.978,237.978,0.57,0.58,0.42,0.43,0.01,0.01,74137.85,1776638636000
1776638638.365,238.365,0.57,0.58,0.42,0.43,0.01,0.01,74137.85,1776638636000
1776638638.785,238.785,0.56,0.58,0.42,0.44,0.02,0.02,74137.5,1776638637000
1776638639.173,239.173,0.61,0.7,0.35,0.41,0.09,0.06,74137.44,1776638638000
1776638639.537,239.537,0.68,0.69,0.31,0.32,0.01,0.01,74137.44,1776638638000
1776638639.945,239.945,0.7,0.71,0.28,0.3,0.01,0.02,74137.44,1776638638000
1776638640.351,240.351,0.69,0.71,0.29,0.31,0.02,0.02,74137.93,1776638639000
1776638640.729,240.729,0.67,0.68,0.32,0.33,0.01,0.01,74137.93,1776638639000
1776638641.063,241.063,0.6,0.64,0.36,0.4,0.04,0.04,74137.93,1776638639000
1776638641.445,241.445,0.54,0.57,0.35,0.44,0.03,0.09,74137.93,1776638639000
1776638641.782,241.782,0.59,0.6,0.4,0.41,0.01,0.01,74147.24,1776638640000
1776638642.122,242.122,0.59,0.6,0.4,0.41,0.01,0.01,74147.24,1776638640000
1776638642.485,242.485,0.59,0.6,0.4,0.41,0.01,0.01,74147.24,1776638640000
1776638642.931,242.931,0.59,0.6,0.4,0.41,0.01,0.01,74145.15,1776638641000
1776638643.292,243.292,0.59,0.6,0.4,0.41,0.01,0.01,74139.53,1776638642000
1776638643.863,243.863,0.62,0.63,0.37,0.38,0.01,0.01,74139.53,1776638642000
1776638644.292,244.292,0.62,0.63,0.37,0.38,0.01,0.01,74139.53,1776638642000
1776638644.906,244.906,0.62,0.63,0.37,0.38,0.01,0.01,74141.03,1776638643000
1776638645.286,245.286,0.65,0.66,0.34,0.36,0.01,0.02,74141.93,1776638644000
1776638645.621,245.621,0.66,0.67,0.33,0.34,0.01,0.01,74141.93,1776638644000
1776638646.377,246.377,0.66,0.67,0.33,0.34,0.01,0.01,74141.93,1776638644000
1776638646.771,246.771,0.73,0.74,0.26,0.27,0.01,0.01,74141.87,1776638645000
1776638647.178,247.178,0.74,0.75,0.25,0.26,0.01,0.01,74141.88,1776638646000
1776638647.57,247.57,0.74,0.75,0.25,0.26,0.01,0.01,74141.88,1776638646000
1776638648.163,248.163,0.74,0.75,0.25,0.26,0.01,0.01,74141.88,1776638646000
1776638648.511,248.511,0.75,0.77,0.22,0.25,0.02,0.03,74141.88,1776638646000
1776638648.893,248.893,0.76,0.77,0.23,0.24,0.01,0.01,74141.88,1776638646000
1776638649.235,249.235,0.77,0.78,0.23,0.24,0.01,0.01,74141.88,1776638646000
1776638649.582,249.582,0.79,0.8,0.2,0.23,0.01,0.03,74145.57,1776638647000
1776638649.932,249.932,0.79,0.8,0.2,0.21,0.01,0.01,74147.48,1776638648000
1776638650.355,250.355,0.79,0.8,0.2,0.21,0.01,0.01,74148.65,1776638649000
1776638650.691,250.691,0.79,0.8,0.2,0.21,0.01,0.01,74148.65,1776638649000
1776638651.038,251.038,0.79,0.8,0.2,0.21,0.01,0.01,74150.13,1776638650000
1776638651.395,251.395,0.79,0.8,0.2,0.21,0.01,0.01,74150.13,1776638650000
1776638651.841,251.841,0.79,0.8,0.2,0.21,0.01,0.01,74150.13,1776638650000
1776638652.322,252.322,0.79,0.8,0.2,0.21,0.01,0.01,74149.67,1776638651000
1776638652.932,252.932,0.79,0.8,0.2,0.21,0.01,0.01,74150.25,1776638652000
1776638653.348,253.348,0.79,0.8,0.2,0.21,0.01,0.01,74150.25,1776638652000
1776638653.97,253.97,0.79,0.8,0.2,0.21,0.01,0.01,74150.25,1776638652000
1776638654.327,254.327,0.79,0.8,0.2,0.21,0.01,0.01,74150.27,1776638653000
1776638654.98,254.98,0.79,0.8,0.2,0.21,0.01,0.01,74150.27,1776638653000
1776638655.45,255.45,0.79,0.8,0.2,0.21,0.01,0.01,74150.27,1776638653000
1776638655.868,255.868,0.79,0.8,0.2,0.21,0.01,0.01,74150.28,1776638654000
1776638656.232,256.232,0.79,0.8,0.2,0.21,0.01,0.01,74150.29,1776638655000
1776638656.78,256.78,0.79,0.8,0.2,0.21,0.01,0.01,74150.29,1776638655000
1776638657.27,257.27,0.79,0.8,0.2,0.21,0.01,0.01,74150.29,1776638655000
1776638657.659,257.659,0.79,0.8,0.2,0.21,0.01,0.01,74150.34,1776638656000
1776638658.19,258.19,0.81,0.82,0.2,0.21,0.01,0.01,74150.34,1776638656000
1776638658.565,258.565,0.86,0.87,0.13,0.14,0.01,0.01,74149.76,1776638657000
1776638658.899,258.899,0.86,0.9,0.1,0.14,0.04,0.04,74149.76,1776638657000
1776638659.265,259.265,0.89,0.9,0.1,0.11,0.01,0.01,74150.27,1776638658000
1776638659.601,259.601,0.9,0.92,0.08,0.1,0.02,0.02,74150.27,1776638658000
1776638659.952,259.952,0.91,0.92,0.08,0.09,0.01,0.01,74150.27,1776638658000
1776638660.367,260.367,0.91,0.92,0.08,0.09,0.01,0.01,74165.82,1776638659000
1776638660.782,260.782,0.91,0.92,0.08,0.09,0.01,0.01,74165.82,1776638659000
1776638661.153,261.153,0.91,0.92,0.08,0.09,0.01,0.01,74166.78,1776638660000
1776638661.487,261.487,0.92,0.93,0.07,0.09,0.01,0.02,74166.78,1776638660000
1776638661.896,261.896,0.92,0.93,0.07,0.08,0.01,0.01,74166.78,1776638660000
1776638662.231,262.231,0.91,0.92,0.07,0.09,0.01,0.02,74166.78,1776638660000
1776638662.615,262.615,0.91,0.92,0.08,0.09,0.01,0.01,74170.37,1776638661000
1776638662.949,262.949,0.91,0.92,0.08,0.09,0.01,0.01,74170.37,1776638661000
1776638663.311,263.311,0.91,0.92,0.08,0.09,0.01,0.01,74170.37,1776638661000
1776638663.649,263.649,0.91,0.92,0.08,0.09,0.01,0.01,74170.29,1776638662000
1776638664.144,264.144,0.91,0.92,0.08,0.09,0.01,0.01,74170.29,1776638662000
1776638664.498,264.498,0.89,0.9,0.1,0.11,0.01,0.01,74170.29,1776638662000
1776638664.831,264.831,0.88,0.9,0.1,0.12,0.02,0.02,74170.3,1776638663000
1776638665.198,265.198,0.88,0.89,0.11,0.12,0.01,0.01,74170.3,1776638663000
1776638665.559,265.559,0.88,0.89,0.11,0.13,0.01,0.02,74169.39,1776638664000
1776638665.927,265.927,0.87,0.88,0.08,0.13,0.01,0.05,74169.39,1776638664000
1776638666.328,266.328,0.87,0.88,0.12,0.13,0.01,0.01,74169.39,1776638664000
1776638666.79,266.79,0.89,0.9,0.1,0.13,0.01,0.03,74164.46,1776638665000
1776638667.284,267.284,0.89,0.9,0.1,0.11,0.01,0.01,74163.34,1776638666000
1776638667.621,267.621,0.86,0.87,0.1,0.14,0.01,0.04,74163.34,1776638666000
1776638668.066,268.066,0.84,0.87,0.13,0.16,0.03,0.03,74164.43,1776638667000
1776638668.471,268.471,0.84,0.85,0.15,0.16,0.01,0.01,74164.43,1776638667000
1776638668.956,268.956,0.81,0.82,0.15,0.18,0.01,0.03,74164.43,1776638667000
1776638669.336,269.336,0.81,0.82,0.18,0.19,0.01,0.01,74164.43,1776638667000
1776638669.687,269.687,0.81,0.82,0.18,0.19,0.01,0.01,74158.04,1776638668000
1776638670.177,270.177,0.81,0.83,0.18,0.19,0.02,0.01,74158.04,1776638668000
1776638670.721,270.721,0.87,0.88,0.12,0.13,0.01,0.01,74160.97,1776638669000
1776638671.206,271.206,0.88,0.89,0.11,0.12,0.01,0.01,74161.07,1776638670000
1776638671.563,271.563,0.88,0.89,0.11,0.12,0.01,0.01,74161.07,1776638670000
1776638672.102,272.102,0.88,0.89,0.11,0.12,0.01,0.01,74161.07,1776638670000
1776638672.472,272.472,0.88,0.89,0.11,0.12,0.01,0.01,74159.92,1776638671000
1776638672.9,272.9,0.82,0.85,0.14,0.18,0.03,0.04,74159.92,1776638671000
1776638673.262,273.262,0.79,0.83,0.17,0.21,0.04,0.04,74156.02,1776638672000
1776638673.692,273.692,0.8,0.81,0.19,0.21,0.01,0.02,74156.02,1776638672000
1776638674.029,274.029,0.8,0.81,0.19,0.2,0.01,0.01,74156.02,1776638672000
1776638674.419,274.419,0.8,0.81,0.19,0.2,0.01,0.01,74155.38,1776638673000
1776638674.898,274.898,0.83,0.84,0.14,0.2,0.01,0.06,74155.38,1776638673000
1776638675.234,275.234,0.83,0.84,0.16,0.17,0.01,0.01,74155.38,1776638673000
1776638675.736,275.736,0.83,0.84,0.14,0.17,0.01,0.03,74153.8,1776638674000
1776638676.102,276.102,0.78,0.8,0.2,0.21,0.02,0.01,74153.8,1776638674000
1776638676.622,276.622,0.78,0.79,0.21,0.22,0.01,0.01,74150.03,1776638675000
1776638676.956,276.956,0.77,0.79,0.21,0.23,0.02,0.02,74150.03,1776638675000
1776638677.336,277.336,0.71,0.72,0.23,0.29,0.01,0.06,74149.53,1776638676000
1776638677.676,277.676,0.75,0.76,0.24,0.25,0.01,0.01,74149.53,1776638676000
1776638678.045,278.045,0.75,0.76,0.24,0.25,0.01,0.01,74149.53,1776638676000
1776638678.419,278.419,0.75,0.76,0.24,0.25,0.01,0.01,74149.57,1776638677000
1776638678.84,278.84,0.75,0.76,0.24,0.25,0.01,0.01,74149.57,1776638677000
1776638679.246,279.246,0.75,0.76,0.24,0.25,0.01,0.01,74149.64,1776638678000
1776638679.679,279.679,0.77,0.78,0.23,0.24,0.01,0.01,74149.64,1776638678000
1776638680.046,280.046,0.78,0.79,0.21,0.22,0.01,0.01,74149.64,1776638678000
1776638680.422,280.422,0.78,0.79,0.21,0.22,0.01,0.01,74149.66,1776638679000
1776638680.887,280.887,0.8,0.81,0.19,0.2,0.01,0.01,74149.66,1776638679000
1776638681.273,281.273,0.82,0.83,0.17,0.18,0.01,0.01,74149.66,1776638679000
1776638681.681,281.681,0.83,0.88,0.17,0.18,0.05,0.01,74149.58,1776638680000
1776638682.125,282.125,0.85,0.86,0.14,0.15,0.01,0.01,74149.58,1776638680000
1776638682.504,282.504,0.87,0.88,0.12,0.13,0.01,0.01,74151.05,1776638681000
1776638682.894,282.894,0.87,0.89,0.12,0.13,0.02,0.01,74151.05,1776638681000
1776638683.289,283.289,0.89,0.9,0.1,0.12,0.01,0.02,74151.05,1776638681000
1776638683.647,283.647,0.9,0.91,0.09,0.1,0.01,0.01,74151.06,1776638682000
1776638684.015,284.015,0.9,0.91,0.09,0.1,0.01,0.01,74151.06,1776638682000
1776638684.468,284.468,0.9,0.91,0.09,0.1,0.01,0.01,74151.88,1776638683000
1776638684.81,284.81,0.9,0.91,0.09,0.1,0.01,0.01,74151.88,1776638683000
1776638685.157,285.157,0.9,0.91,0.09,0.1,0.01,0.01,74151.88,1776638683000
1776638685.588,285.588,0.9,0.91,0.09,0.1,0.01,0.01,74153.16,1776638684000
1776638685.924,285.924,0.91,0.92,0.08,0.09,0.01,0.01,74153.16,1776638684000
1776638686.321,286.321,0.91,0.92,0.08,0.09,0.01,0.01,74153.26,1776638685000
1776638686.67,286.67,0.92,0.93,0.07,0.08,0.01,0.01,74153.26,1776638685000
1776638687.173,287.173,0.92,0.93,0.07,0.08,0.01,0.01,74153.26,1776638685000
1776638687.532,287.532,0.92,0.93,0.07,0.08,0.01,0.01,74153.26,1776638686000
1776638687.881,287.881,0.92,0.94,0.06,0.07,0.02,0.01,74153.26,1776638686000
1776638688.563,288.563,0.93,0.94,0.06,0.07,0.01,0.01,74153.26,1776638687000
1776638688.903,288.903,0.94,0.95,0.05,0.07,0.01,0.02,74153.26,1776638687000
1776638689.242,289.242,0.95,0.96,0.04,0.05,0.01,0.01,74153.23,1776638688000
1776638689.593,289.593,0.96,0.97,0.03,0.05,0.01,0.02,74153.23,1776638688000
1776638689.945,289.945,0.96,0.97,0.03,0.04,0.01,0.01,74153.23,1776638688000
1776638690.341,290.341,0.96,0.97,0.03,0.04,0.01,0.01,74153.26,1776638689000
1776638690.683,290.683,0.96,0.97,0.03,0.04,0.01,0.01,74153.26,1776638689000
1776638691.121,291.121,0.96,0.97,0.03,0.04,0.01,0.01,74153.26,1776638689000
1776638691.548,291.548,0.96,0.97,0.03,0.04,0.01,0.01,74157.88,1776638690000
1776638691.904,291.904,0.96,0.97,0.03,0.04,0.01,0.01,74157.88,1776638690000
1776638692.316,292.316,0.96,0.97,0.03,0.04,0.01,0.01,74157.88,1776638690000
1776638692.66,292.66,0.96,0.97,0.03,0.04,0.01,0.01,74157.87,1776638691000
1776638693.013,293.013,0.96,0.97,0.03,0.04,0.01,0.01,74157.87,1776638691000
1776638693.397,293.397,0.96,0.97,0.03,0.04,0.01,0.01,74157.87,1776638691000
1776638693.744,293.744,0.96,0.97,0.03,0.04,0.01,0.01,74157.9,1776638692000
1776638694.091,294.091,0.96,0.97,0.03,0.04,0.01,0.01,74157.9,1776638692000
1776638694.53,294.53,0.96,0.97,0.03,0.04,0.01,0.01,74158.49,1776638693000
1776638694.879,294.879,0.97,0.98,0.02,0.03,0.01,0.01,74158.49,1776638693000
1776638695.222,295.222,0.97,0.98,0.02,0.03,0.01,0.01,74158.49,1776638693000
1776638695.581,295.581,0.97,0.98,0.02,0.03,0.01,0.01,74158.49,1776638693000
1776638695.953,295.953,0.97,0.98,0.02,0.03,0.01,0.01,74160.9,1776638694000
1776638696.298,296.298,0.97,0.98,0.02,0.03,0.01,0.01,74160.9,1776638694000
1776638696.651,296.651,0.98,0.99,0.01,0.02,0.01,0.01,74160.9,1776638694000
1776638697.003,297.003,0.98,0.99,0.01,0.02,0.01,0.01,74161.28,1776638695000
1776638697.349,297.349,0.98,0.99,0.01,0.02,0.01,0.01,74161.28,1776638695000
1776638697.757,297.757,0.99,0.99,0.01,0.01,0.0,0.0,74161.32,1776638696000
1776638698.144,298.144,0.99,0.99,0.01,0.01,0.0,0.0,74161.32,1776638696000
1776638698.618,298.618,0.99,0.99,0.01,0.01,0.0,0.0,74162.57,1776638697000
1776638699.688,299.688,0.99,0.99,0.01,0.01,0.0,0.0,74162.37,1776638698000
1776638700.233,300.233,0.99,0.99,0.01,0.01,0.0,0.0,74162.37,1776638698000
1776638700.651,300.651,0.99,0.99,0.01,0.01,0.0,0.0,74161.11,1776638699000
1776638701.596,301.596,0.99,0.99,0.01,0.01,0.0,0.0,74161.54,1776638700000
1776638702.83,302.83,0.99,0.99,0.01,0.01,0.0,0.0,74166.12,1776638701000

# RESULT,winner=Up,slug=btc-updown-5m-1776638400,ticks=668
