timestamp,elapsed_sec,up_bid,up_ask,down_bid,down_ask,up_spread,down_spread,btc_price
1775894100.809,0.809,0.5,0.51,0.49,0.5,0.01,0.01,72713.83
1775894101.386,1.386,0.62,0.67,0.37,0.38,0.05,0.01,72722.06
1775894101.928,1.928,0.62,0.63,0.37,0.38,0.01,0.01,72722.06
1775894102.293,2.293,0.62,0.63,0.37,0.38,0.01,0.01,72722.06
1775894102.652,2.652,0.62,0.63,0.37,0.38,0.01,0.01,72723.95
1775894103.024,3.024,0.62,0.63,0.37,0.38,0.01,0.01,72723.95
1775894103.424,3.424,0.62,0.63,0.37,0.38,0.01,0.01,72723.95
1775894103.762,3.762,0.6,0.62,0.38,0.4,0.02,0.02,72723.95
1775894104.546,4.546,0.6,0.61,0.39,0.4,0.01,0.01,72728.14
1775894105.004,5.004,0.61,0.62,0.38,0.39,0.01,0.01,72729.16
1775894105.406,5.406,0.62,0.63,0.37,0.38,0.01,0.01,72729.16
1775894105.852,5.852,0.65,0.66,0.34,0.35,0.01,0.01,72729.16
1775894106.255,6.255,0.65,0.66,0.34,0.35,0.01,0.01,72729.77
1775894106.683,6.683,0.65,0.66,0.34,0.35,0.01,0.01,72729.77
1775894107.042,7.042,0.67,0.68,0.32,0.35,0.01,0.03,72729.77
1775894107.376,7.376,0.67,0.68,0.32,0.33,0.01,0.01,72729.77
1775894107.712,7.712,0.67,0.68,0.32,0.33,0.01,0.01,72729.95
1775894108.09,8.09,0.67,0.68,0.32,0.33,0.01,0.01,72729.95
1775894108.562,8.562,0.67,0.68,0.32,0.33,0.01,0.01,72729.95
1775894109.012,9.012,0.68,0.69,0.31,0.32,0.01,0.01,72730.25
1775894109.397,9.397,0.68,0.69,0.31,0.32,0.01,0.01,72730.25
1775894109.735,9.735,0.67,0.68,0.31,0.33,0.01,0.02,72730.25
1775894110.239,10.239,0.67,0.68,0.32,0.33,0.01,0.01,72730.25
1775894110.618,10.618,0.68,0.69,0.3,0.32,0.01,0.02,72731.23
1775894111.546,11.546,0.68,0.69,0.31,0.32,0.01,0.01,72733.18
1775894111.928,11.928,0.68,0.69,0.31,0.32,0.01,0.01,72733.18
1775894112.306,12.306,0.68,0.69,0.31,0.32,0.01,0.01,72733.72
1775894112.654,12.654,0.7,0.71,0.29,0.3,0.01,0.01,72733.72
1775894112.988,12.988,0.7,0.71,0.29,0.3,0.01,0.01,72733.72
1775894113.377,13.377,0.7,0.71,0.29,0.3,0.01,0.01,72733.69
1775894113.752,13.752,0.71,0.72,0.28,0.29,0.01,0.01,72733.69
1775894114.119,14.119,0.7,0.72,0.28,0.29,0.02,0.01,72733.69
1775894114.467,14.467,0.7,0.71,0.29,0.3,0.01,0.01,72733.73
1775894115.17,15.17,0.69,0.7,0.3,0.31,0.01,0.01,72733.73
1775894115.797,15.797,0.67,0.68,0.31,0.33,0.01,0.02,72734.69
1775894116.394,16.394,0.67,0.68,0.32,0.33,0.01,0.01,72735.28
1775894116.749,16.749,0.67,0.68,0.32,0.33,0.01,0.01,72735.28
1775894117.157,17.157,0.69,0.7,0.3,0.33,0.01,0.03,72735.08
1775894117.622,17.622,0.64,0.7,0.3,0.37,0.06,0.07,72735.08
1775894118.097,18.097,0.66,0.68,0.32,0.33,0.02,0.01,72734.92
1775894118.529,18.529,0.56,0.68,0.33,0.34,0.12,0.01,72734.92
1775894118.924,18.924,0.63,0.64,0.34,0.37,0.01,0.03,72734.92
1775894119.273,19.273,0.63,0.64,0.36,0.37,0.01,0.01,72734.97
1775894119.69,19.69,0.63,0.64,0.36,0.37,0.01,0.01,72734.97
1775894120.092,20.092,0.62,0.63,0.37,0.38,0.01,0.01,72734.97
1775894120.528,20.528,0.62,0.63,0.37,0.38,0.01,0.01,72734.97
1775894121.316,21.316,0.62,0.63,0.37,0.38,0.01,0.01,72735.08
1775894121.74,21.74,0.62,0.63,0.36,0.38,0.01,0.02,72735.08
1775894122.137,22.137,0.62,0.63,0.37,0.38,0.01,0.01,72735.08
1775894122.474,22.474,0.62,0.63,0.37,0.38,0.01,0.01,72735.08
1775894122.838,22.838,0.62,0.63,0.37,0.38,0.01,0.01,72735.08
1775894123.459,23.459,0.62,0.63,0.37,0.39,0.01,0.02,72735.08
1775894123.8,23.8,0.64,0.65,0.35,0.36,0.01,0.01,72735.08
1775894124.151,24.151,0.64,0.66,0.35,0.36,0.02,0.01,72735.08
1775894124.538,24.538,0.65,0.66,0.34,0.36,0.01,0.02,72735.08
1775894124.956,24.956,0.65,0.66,0.34,0.35,0.01,0.01,72735.38
1775894125.293,25.293,0.65,0.66,0.34,0.35,0.01,0.01,72735.38
1775894125.665,25.665,0.66,0.67,0.33,0.34,0.01,0.01,72735.38
1775894126.221,26.221,0.66,0.67,0.33,0.34,0.01,0.01,72736.19
1775894126.563,26.563,0.67,0.69,0.32,0.33,0.02,0.01,72736.19
1775894127.03,27.03,0.68,0.69,0.31,0.32,0.01,0.01,72736.19
1775894127.388,27.388,0.68,0.69,0.31,0.32,0.01,0.01,72736.8
1775894128.24,28.24,0.67,0.68,0.31,0.33,0.01,0.02,72736.87
1775894128.604,28.604,0.67,0.68,0.32,0.33,0.01,0.01,72736.87
1775894129.361,29.361,0.67,0.68,0.32,0.33,0.01,0.01,72737.87
1775894129.774,29.774,0.67,0.68,0.32,0.33,0.01,0.01,72737.87
1775894130.145,30.145,0.67,0.68,0.32,0.33,0.01,0.01,72737.85
1775894130.519,30.519,0.67,0.68,0.32,0.33,0.01,0.01,72737.85
1775894130.948,30.948,0.67,0.68,0.32,0.33,0.01,0.01,72737.85
1775894131.344,31.344,0.67,0.68,0.32,0.33,0.01,0.01,72737.68
1775894131.989,31.989,0.67,0.68,0.32,0.33,0.01,0.01,72737.61
1775894132.322,32.322,0.67,0.68,0.32,0.33,0.01,0.01,72737.61
1775894132.822,32.822,0.69,0.7,0.3,0.32,0.01,0.02,72737.61
1775894133.219,33.219,0.68,0.69,0.31,0.32,0.01,0.01,72737.7
1775894134.095,34.095,0.68,0.69,0.31,0.32,0.01,0.01,72737.7
1775894134.808,34.808,0.67,0.69,0.31,0.32,0.02,0.01,72737.7
1775894135.774,35.774,0.68,0.7,0.31,0.33,0.02,0.02,72737.71
1775894136.862,36.862,0.68,0.69,0.3,0.31,0.01,0.01,72737.54
1775894137.229,37.229,0.21,0.68,0.32,0.33,0.47,0.01,72737.54
1775894137.575,37.575,0.65,0.66,0.32,0.79,0.01,0.47,72737.54
1775894138.065,38.065,0.65,0.66,0.34,0.35,0.01,0.01,72737.72
1775894138.415,38.415,0.65,0.66,0.34,0.35,0.01,0.01,72737.77
1775894138.84,38.84,0.65,0.66,0.34,0.35,0.01,0.01,72737.77
1775894139.229,39.229,0.63,0.65,0.35,0.37,0.02,0.02,72737.77
1775894139.597,39.597,0.61,0.63,0.36,0.39,0.02,0.03,72737.76
1775894139.99,39.99,0.62,0.63,0.37,0.38,0.01,0.01,72737.76
1775894140.61,40.61,0.62,0.63,0.37,0.38,0.01,0.01,72737.76
1775894140.949,40.949,0.62,0.63,0.37,0.38,0.01,0.01,72737.72
1775894141.537,41.537,0.62,0.63,0.37,0.38,0.01,0.01,72737.72
1775894141.977,41.977,0.63,0.64,0.36,0.37,0.01,0.01,72737.72
1775894142.464,42.464,0.63,0.64,0.36,0.37,0.01,0.01,72737.72
1775894142.843,42.843,0.63,0.64,0.36,0.37,0.01,0.01,72737.78
1775894143.18,43.18,0.63,0.64,0.36,0.37,0.01,0.01,72738.18
1775894143.549,43.549,0.63,0.64,0.36,0.37,0.01,0.01,72738.18
1775894144.271,44.271,0.63,0.64,0.36,0.37,0.01,0.01,72738.18
1775894144.803,44.803,0.11,0.65,0.35,0.37,0.54,0.02,72738.64
1775894145.152,45.152,0.6,0.61,0.39,0.4,0.01,0.01,72738.64
1775894145.496,45.496,0.6,0.61,0.39,0.4,0.01,0.01,72738.64
1775894145.83,45.83,0.26,0.56,0.44,0.74,0.3,0.3,72738.64
1775894146.171,46.171,0.5,0.52,0.48,0.5,0.02,0.02,72738.64
1775894146.516,46.516,0.5,0.51,0.49,0.5,0.01,0.01,72738.64
1775894146.877,46.877,0.45,0.46,0.49,0.62,0.01,0.13,72738.79
1775894147.213,47.213,0.45,0.46,0.54,0.55,0.01,0.01,72738.79
1775894147.579,47.579,0.45,0.47,0.54,0.55,0.02,0.01,72738.8
1775894147.934,47.934,0.45,0.46,0.54,0.55,0.01,0.01,72738.8
1775894148.368,48.368,0.41,0.44,0.54,0.55,0.03,0.01,72738.8
1775894148.8,48.8,0.41,0.42,0.58,0.59,0.01,0.01,72738.84
1775894149.183,49.183,0.41,0.42,0.58,0.59,0.01,0.01,72738.84
1775894149.526,49.526,0.41,0.42,0.58,0.59,0.01,0.01,72738.81
1775894149.895,49.895,0.41,0.42,0.58,0.59,0.01,0.01,72738.81
1775894150.229,50.229,0.41,0.42,0.58,0.59,0.01,0.01,72738.79
1775894150.562,50.562,0.41,0.42,0.58,0.59,0.01,0.01,72738.79
1775894150.932,50.932,0.42,0.43,0.57,0.58,0.01,0.01,72738.79
1775894151.342,51.342,0.42,0.43,0.57,0.58,0.01,0.01,72738.79
1775894151.69,51.69,0.43,0.44,0.56,0.57,0.01,0.01,72738.85
1775894152.132,52.132,0.44,0.46,0.55,0.56,0.02,0.01,72738.85
1775894152.487,52.487,0.5,0.63,0.49,0.51,0.13,0.02,72738.85
1775894152.842,52.842,0.6,0.61,0.38,0.4,0.01,0.02,72738.85
1775894153.186,53.186,0.64,0.65,0.35,0.37,0.01,0.02,72738.85
1775894153.534,53.534,0.64,0.65,0.35,0.36,0.01,0.01,72738.85
1775894153.999,53.999,0.65,0.66,0.34,0.35,0.01,0.01,72739.24
1775894154.37,54.37,0.67,0.68,0.33,0.34,0.01,0.01,72739.2
1775894154.729,54.729,0.67,0.68,0.32,0.33,0.01,0.01,72739.2
1775894155.297,55.297,0.67,0.68,0.32,0.33,0.01,0.01,72739.2
1775894155.767,55.767,0.67,0.68,0.32,0.33,0.01,0.01,72739.2
1775894156.289,56.289,0.67,0.68,0.32,0.33,0.01,0.01,72739.16
1775894156.815,56.815,0.67,0.68,0.32,0.33,0.01,0.01,72739.16
1775894157.44,57.44,0.67,0.68,0.32,0.33,0.01,0.01,72739.16
1775894158.245,58.245,0.67,0.68,0.32,0.33,0.01,0.01,72739.16
1775894158.72,58.72,0.67,0.68,0.32,0.33,0.01,0.01,72739.28
1775894159.124,59.124,0.67,0.68,0.32,0.33,0.01,0.01,72739.28
1775894159.588,59.588,0.67,0.68,0.32,0.33,0.01,0.01,72739.25
1775894160.399,60.399,0.67,0.68,0.32,0.33,0.01,0.01,72740.17
1775894160.748,60.748,0.67,0.68,0.32,0.33,0.01,0.01,72740.17
1775894161.093,61.093,0.69,0.7,0.3,0.33,0.01,0.03,72740.31
1775894161.587,61.587,0.69,0.7,0.3,0.31,0.01,0.01,72740.31
1775894162.129,62.129,0.69,0.7,0.3,0.31,0.01,0.01,72740.31
1775894162.586,62.586,0.69,0.7,0.3,0.31,0.01,0.01,72740.12
1775894162.925,62.925,0.69,0.7,0.3,0.31,0.01,0.01,72740.12
1775894163.28,63.28,0.69,0.7,0.3,0.31,0.01,0.01,72740.12
1775894163.667,63.667,0.69,0.7,0.3,0.31,0.01,0.01,72740.1
1775894164.106,64.106,0.7,0.71,0.29,0.3,0.01,0.01,72740.1
1775894164.652,64.652,0.7,0.71,0.29,0.3,0.01,0.01,72740.09
1775894165.045,65.045,0.69,0.71,0.29,0.3,0.02,0.01,72740.09
1775894165.658,65.658,0.69,0.7,0.3,0.31,0.01,0.01,72740.14
1775894166.322,66.322,0.71,0.72,0.29,0.3,0.01,0.01,72740.11
1775894166.779,66.779,0.72,0.73,0.27,0.29,0.01,0.02,72740.11
1775894167.27,67.27,0.72,0.73,0.27,0.28,0.01,0.01,72740.0
1775894167.689,67.689,0.72,0.73,0.27,0.28,0.01,0.01,72740.0
1775894168.027,68.027,0.72,0.73,0.27,0.28,0.01,0.01,72740.0
1775894168.368,68.368,0.72,0.73,0.27,0.28,0.01,0.01,72740.0
1775894168.757,68.757,0.72,0.73,0.27,0.28,0.01,0.01,72740.04
1775894169.505,69.505,0.72,0.73,0.27,0.28,0.01,0.01,72740.04
1775894169.859,69.859,0.72,0.73,0.27,0.28,0.01,0.01,72740.04
1775894170.229,70.229,0.72,0.73,0.27,0.28,0.01,0.01,72740.04
1775894170.712,70.712,0.72,0.73,0.27,0.28,0.01,0.01,72740.04
1775894171.098,71.098,0.72,0.73,0.27,0.28,0.01,0.01,72740.04
1775894171.573,71.573,0.72,0.73,0.27,0.28,0.01,0.01,72740.1
1775894172.779,72.779,0.72,0.73,0.27,0.28,0.01,0.01,72740.09
1775894173.204,73.204,0.72,0.73,0.27,0.28,0.01,0.01,72740.09
1775894173.936,73.936,0.72,0.73,0.27,0.28,0.01,0.01,72740.09
1775894174.576,74.576,0.72,0.73,0.27,0.28,0.01,0.01,72740.09
1775894175.439,75.439,0.72,0.98,0.27,0.28,0.26,0.01,72740.04
1775894175.782,75.782,0.73,0.74,0.27,0.28,0.01,0.01,72740.04
1775894176.16,76.16,0.8,0.93,0.15,0.2,0.13,0.05,72740.04
1775894176.496,76.496,0.82,0.83,0.17,0.18,0.01,0.01,72740.04
1775894176.887,76.887,0.88,0.89,0.11,0.12,0.01,0.01,72740.03
1775894177.23,77.23,0.84,0.86,0.14,0.16,0.02,0.02,72740.03
1775894177.596,77.596,0.83,0.84,0.16,0.17,0.01,0.01,72740.08
1775894177.987,77.987,0.81,0.83,0.17,0.18,0.02,0.01,72740.13
1775894178.378,78.378,0.78,0.79,0.18,0.23,0.01,0.05,72740.13
1775894178.766,78.766,0.76,0.77,0.23,0.24,0.01,0.01,72740.13
1775894179.18,79.18,0.76,0.77,0.23,0.24,0.01,0.01,72740.13
1775894179.677,79.677,0.75,0.77,0.23,0.24,0.02,0.01,72740.18
1775894180.019,80.019,0.75,0.76,0.24,0.25,0.01,0.01,72740.18
1775894180.706,80.706,0.75,0.76,0.24,0.25,0.01,0.01,72740.18
1775894181.467,81.467,0.75,0.76,0.24,0.25,0.01,0.01,72740.28
1775894181.897,81.897,0.75,0.76,0.24,0.25,0.01,0.01,72740.28
1775894182.31,82.31,0.74,0.76,0.24,0.25,0.02,0.01,72740.37
1775894182.846,82.846,0.75,0.76,0.25,0.26,0.01,0.01,72740.37
1775894183.2,83.2,0.75,0.76,0.24,0.25,0.01,0.01,72740.37
1775894184.271,84.271,0.75,0.76,0.24,0.25,0.01,0.01,72740.26
1775894184.931,84.931,0.76,0.77,0.23,0.25,0.01,0.02,72740.26
1775894185.449,85.449,0.76,0.77,0.23,0.24,0.01,0.01,72740.26
1775894185.974,85.974,0.76,0.77,0.23,0.24,0.01,0.01,72740.31
1775894186.384,86.384,0.76,0.77,0.23,0.24,0.01,0.01,72740.26
1775894187.07,87.07,0.77,0.8,0.22,0.24,0.03,0.02,72740.26
1775894187.427,87.427,0.79,0.8,0.2,0.21,0.01,0.01,72740.26
1775894187.849,87.849,0.79,0.8,0.2,0.21,0.01,0.01,72740.26
1775894188.68,88.68,0.8,0.81,0.19,0.21,0.01,0.02,72740.31
1775894189.172,89.172,0.8,0.81,0.19,0.2,0.01,0.01,72740.31
1775894189.648,89.648,0.8,0.82,0.18,0.19,0.02,0.01,72740.86
1775894190.078,90.078,0.8,0.81,0.19,0.2,0.01,0.01,72740.86
1775894190.517,90.517,0.79,0.81,0.19,0.2,0.02,0.01,72742.24
1775894190.862,90.862,0.78,0.79,0.21,0.22,0.01,0.01,72742.24
1775894191.232,91.232,0.77,0.78,0.22,0.23,0.01,0.01,72742.19
1775894191.611,91.611,0.77,0.78,0.22,0.23,0.01,0.01,72742.19
1775894191.973,91.973,0.77,0.78,0.22,0.23,0.01,0.01,72742.19
1775894192.321,92.321,0.77,0.78,0.22,0.23,0.01,0.01,72742.19
1775894192.759,92.759,0.78,0.79,0.21,0.22,0.01,0.01,72742.28
1775894193.173,93.173,0.78,0.79,0.21,0.22,0.01,0.01,72742.28
1775894194.003,94.003,0.77,0.78,0.22,0.23,0.01,0.01,72742.29
1775894194.422,94.422,0.75,0.76,0.24,0.25,0.01,0.01,72742.29
1775894194.789,94.789,0.75,0.76,0.24,0.25,0.01,0.01,72742.29
1775894195.245,95.245,0.75,0.76,0.24,0.25,0.01,0.01,72742.3
1775894196.167,96.167,0.73,0.74,0.26,0.27,0.01,0.01,72741.93
1775894196.538,96.538,0.73,0.74,0.26,0.27,0.01,0.01,72741.93
1775894197.02,97.02,0.7,0.71,0.27,0.28,0.01,0.01,72741.93
1775894197.356,97.356,0.69,0.7,0.3,0.31,0.01,0.01,72741.66
1775894197.752,97.752,0.54,0.59,0.38,0.44,0.05,0.06,72741.66
1775894198.089,98.089,0.31,0.57,0.43,0.44,0.26,0.01,72741.66
1775894198.424,98.424,0.45,0.46,0.49,0.55,0.01,0.06,72741.66
1775894198.757,98.757,0.38,0.39,0.59,0.62,0.01,0.03,72741.66
1775894199.119,99.119,0.41,0.42,0.58,0.59,0.01,0.01,72741.61
1775894199.472,99.472,0.41,0.42,0.58,0.59,0.01,0.01,72741.61
1775894199.826,99.826,0.41,0.42,0.58,0.59,0.01,0.01,72741.61
1775894200.194,100.194,0.41,0.42,0.58,0.59,0.01,0.01,72741.61
1775894200.636,100.636,0.42,0.43,0.57,0.58,0.01,0.01,72741.61
1775894200.983,100.983,0.43,0.44,0.56,0.57,0.01,0.01,72741.61
1775894201.322,101.322,0.45,0.53,0.52,0.55,0.08,0.03,72741.61
1775894201.666,101.666,0.57,0.7,0.3,0.46,0.13,0.16,72741.61
1775894202.034,102.034,0.64,0.65,0.3,0.37,0.01,0.07,72741.61
1775894202.431,102.431,0.64,0.65,0.35,0.36,0.01,0.01,72741.61
1775894202.812,102.812,0.65,0.67,0.33,0.34,0.02,0.01,72741.69
1775894203.365,103.365,0.66,0.67,0.33,0.34,0.01,0.01,72741.69
1775894203.835,103.835,0.66,0.67,0.33,0.34,0.01,0.01,72741.69
1775894204.227,104.227,0.69,0.7,0.3,0.34,0.01,0.04,72741.69
1775894204.566,104.566,0.69,0.7,0.3,0.31,0.01,0.01,72741.69
1775894205.25,105.25,0.69,0.7,0.3,0.31,0.01,0.01,72741.69
1775894206.343,106.343,0.69,0.7,0.3,0.31,0.01,0.01,72741.71
1775894206.897,106.897,0.69,0.7,0.3,0.31,0.01,0.01,72741.71
1775894207.262,107.262,0.69,0.7,0.3,0.31,0.01,0.01,72741.73
1775894207.663,107.663,0.69,0.7,0.3,0.31,0.01,0.01,72741.73
1775894208.123,108.123,0.71,0.73,0.02,0.31,0.02,0.29,72741.84
1775894208.473,108.473,0.72,0.74,0.27,0.29,0.02,0.02,72741.84
1775894209.029,109.029,0.76,0.8,0.24,0.25,0.04,0.01,72741.84
1775894209.367,109.367,0.79,0.8,0.2,0.21,0.01,0.01,72741.84
1775894209.737,109.737,0.78,0.81,0.19,0.2,0.03,0.01,72741.84
1775894210.077,110.077,0.8,0.81,0.19,0.22,0.01,0.03,72741.84
1775894210.453,110.453,0.78,0.79,0.21,0.22,0.01,0.01,72741.84
1775894211.068,111.068,0.77,0.78,0.21,0.22,0.01,0.01,72741.8
1775894211.411,111.411,0.77,0.78,0.22,0.23,0.01,0.01,72741.8
1775894212.055,112.055,0.75,0.76,0.22,0.25,0.01,0.03,72741.8
1775894212.746,112.746,0.74,0.75,0.25,0.26,0.01,0.01,72742.11
1775894213.104,113.104,0.72,0.73,0.25,0.29,0.01,0.04,72742.11
1775894213.485,113.485,0.72,0.73,0.27,0.28,0.01,0.01,72742.11
1775894213.922,113.922,0.74,0.75,0.25,0.26,0.01,0.01,72742.11
1775894214.285,114.285,0.74,0.75,0.25,0.26,0.01,0.01,72742.11
1775894214.763,114.763,0.74,0.75,0.25,0.26,0.01,0.01,72742.11
1775894215.411,115.411,0.76,0.77,0.23,0.24,0.01,0.01,72742.11
1775894215.821,115.821,0.77,0.78,0.23,0.24,0.01,0.01,72742.11
1775894216.258,116.258,0.77,0.78,0.22,0.23,0.01,0.01,72742.11
1775894216.965,116.965,0.77,0.78,0.22,0.23,0.01,0.01,72742.11
1775894217.563,117.563,0.77,0.78,0.22,0.23,0.01,0.01,72742.11
1775894217.934,117.934,0.77,0.78,0.22,0.23,0.01,0.01,72742.11
1775894218.272,118.272,0.77,0.78,0.22,0.23,0.01,0.01,72742.11
1775894218.699,118.699,0.76,0.77,0.22,0.23,0.01,0.01,72742.11
1775894219.321,119.321,0.76,0.77,0.23,0.24,0.01,0.01,72742.11
1775894219.735,119.735,0.76,0.77,0.23,0.24,0.01,0.01,72742.11
1775894220.127,120.127,0.76,0.77,0.23,0.24,0.01,0.01,72742.11
1775894220.466,120.466,0.76,0.77,0.23,0.24,0.01,0.01,72742.11
1775894221.172,121.172,0.76,0.77,0.23,0.24,0.01,0.01,72742.41
1775894221.563,121.563,0.76,0.77,0.23,0.24,0.01,0.01,72742.41
1775894221.978,121.978,0.76,0.77,0.23,0.24,0.01,0.01,72742.41
1775894222.325,122.325,0.76,0.77,0.23,0.24,0.01,0.01,72742.33
1775894222.661,122.661,0.76,0.77,0.23,0.24,0.01,0.01,72742.33
1775894223.258,123.258,0.76,0.78,0.23,0.24,0.02,0.01,72742.33
1775894223.844,123.844,0.77,0.79,0.22,0.23,0.02,0.01,72742.23
1775894224.186,124.186,0.78,0.79,0.22,0.23,0.01,0.01,72742.23
1775894224.615,124.615,0.78,0.79,0.21,0.22,0.01,0.01,72742.23
1775894225.366,125.366,0.77,0.79,0.21,0.22,0.02,0.01,72742.13
1775894225.801,125.801,0.77,0.78,0.22,0.23,0.01,0.01,72742.13
1775894226.431,126.431,0.78,0.79,0.21,0.22,0.01,0.01,72742.13
1775894226.803,126.803,0.78,0.79,0.21,0.22,0.01,0.01,72742.13
1775894227.168,127.168,0.78,0.8,0.21,0.22,0.02,0.01,72742.13
1775894227.697,127.697,0.78,0.79,0.21,0.22,0.01,0.01,72742.29
1775894228.371,128.371,0.77,0.78,0.22,0.23,0.01,0.01,72742.29
1775894229.161,129.161,0.78,0.79,0.22,0.23,0.01,0.01,72742.19
1775894229.769,129.769,0.78,0.79,0.21,0.22,0.01,0.01,72742.19
1775894230.196,130.196,0.79,0.8,0.2,0.21,0.01,0.01,72742.19
1775894230.54,130.54,0.79,0.81,0.2,0.21,0.02,0.01,72742.19
1775894230.936,130.936,0.8,0.81,0.19,0.2,0.01,0.01,72742.12
1775894231.663,131.663,0.81,0.82,0.18,0.2,0.01,0.02,72742.19
1775894232.011,132.011,0.81,0.82,0.18,0.19,0.01,0.01,72742.19
1775894232.65,132.65,0.81,0.82,0.18,0.19,0.01,0.01,72742.19
1775894233.26,133.26,0.82,0.83,0.18,0.19,0.01,0.01,72743.52
1775894233.623,133.623,0.82,0.83,0.17,0.18,0.01,0.01,72743.52
1775894234.043,134.043,0.82,0.83,0.17,0.18,0.01,0.01,72743.52
1775894234.425,134.425,0.49,0.82,0.17,0.19,0.33,0.02,72743.52
1775894234.768,134.768,0.73,0.74,0.26,0.27,0.01,0.01,72743.52
1775894235.138,135.138,0.66,0.67,0.33,0.34,0.01,0.01,72743.52
1775894235.507,135.507,0.67,0.68,0.32,0.33,0.01,0.01,72743.52
1775894235.869,135.869,0.69,0.7,0.3,0.31,0.01,0.01,72743.52
1775894236.37,136.37,0.69,0.7,0.29,0.3,0.01,0.01,72743.63
1775894236.725,136.725,0.69,0.7,0.3,0.31,0.01,0.01,72743.63
1775894237.109,137.109,0.7,0.71,0.29,0.3,0.01,0.01,72743.63
1775894237.711,137.711,0.71,0.72,0.28,0.29,0.01,0.01,72743.71
1775894238.045,138.045,0.71,0.72,0.28,0.29,0.01,0.01,72743.71
1775894238.378,138.378,0.72,0.73,0.27,0.28,0.01,0.01,72743.71
1775894238.738,138.738,0.72,0.73,0.27,0.28,0.01,0.01,72743.72
1775894239.192,139.192,0.73,0.74,0.26,0.28,0.01,0.02,72743.72
1775894239.793,139.793,0.73,0.74,0.26,0.27,0.01,0.01,72743.64
1775894240.135,140.135,0.73,0.75,0.26,0.27,0.02,0.01,72743.64
1775894240.509,140.509,0.76,0.77,0.23,0.26,0.01,0.03,72743.59
1775894240.983,140.983,0.77,0.78,0.22,0.24,0.01,0.02,72743.59
1775894241.334,141.334,0.77,0.78,0.22,0.23,0.01,0.01,72743.61
1775894241.83,141.83,0.77,0.78,0.22,0.23,0.01,0.01,72743.61
1775894242.252,142.252,0.77,0.78,0.22,0.23,0.01,0.01,72743.65
1775894242.635,142.635,0.11,0.78,0.22,0.23,0.67,0.01,72743.65
1775894242.968,142.968,0.71,0.74,0.26,0.29,0.03,0.03,72743.65
1775894243.385,143.385,0.67,0.68,0.28,0.33,0.01,0.05,72743.65
1775894243.727,143.727,0.67,0.68,0.32,0.33,0.01,0.01,72743.65
1775894244.078,144.078,0.53,0.54,0.46,0.47,0.01,0.01,72743.65
1775894244.414,144.414,0.45,0.46,0.54,0.55,0.01,0.01,72743.53
1775894244.767,144.767,0.44,0.45,0.55,0.56,0.01,0.01,72743.53
1775894245.123,145.123,0.41,0.42,0.58,0.59,0.01,0.01,72743.53
1775894245.462,145.462,0.42,0.43,0.57,0.58,0.01,0.01,72743.39
1775894245.806,145.806,0.42,0.43,0.56,0.58,0.01,0.02,72743.39
1775894246.15,146.15,0.42,0.43,0.57,0.58,0.01,0.01,72743.36
1775894246.555,146.555,0.42,0.43,0.57,0.58,0.01,0.01,72743.36
1775894246.893,146.893,0.42,0.43,0.57,0.58,0.01,0.01,72743.36
1775894247.237,147.237,0.42,0.43,0.57,0.58,0.01,0.01,72743.37
1775894247.695,147.695,0.42,0.43,0.56,0.58,0.01,0.02,72743.37
1775894248.146,148.146,0.42,0.43,0.57,0.58,0.01,0.01,72743.42
1775894248.595,148.595,0.44,0.52,0.57,0.58,0.08,0.01,72743.42
1775894249.049,149.049,0.56,0.73,0.45,0.46,0.17,0.01,72743.47
1775894249.397,149.397,0.65,0.66,0.34,0.35,0.01,0.01,72743.47
1775894249.733,149.733,0.73,0.74,0.26,0.27,0.01,0.01,72743.47
1775894250.078,150.078,0.73,0.74,0.26,0.27,0.01,0.01,72743.4
1775894250.541,150.541,0.73,0.74,0.26,0.27,0.01,0.01,72743.4
1775894250.963,150.963,0.73,0.74,0.26,0.27,0.01,0.01,72743.4
1775894251.297,151.297,0.73,0.75,0.25,0.27,0.02,0.02,72742.84
1775894251.771,151.771,0.74,0.75,0.25,0.26,0.01,0.01,72742.84
1775894252.171,152.171,0.74,0.75,0.25,0.26,0.01,0.01,72742.84
1775894252.607,152.607,0.73,0.75,0.25,0.26,0.02,0.01,72742.54
1775894253.127,153.127,0.74,0.75,0.25,0.26,0.01,0.01,72742.54
1775894253.765,153.765,0.74,0.75,0.25,0.26,0.01,0.01,72742.54
1775894254.17,154.17,0.82,0.83,0.17,0.18,0.01,0.01,72742.54
1775894254.514,154.514,0.84,0.85,0.15,0.16,0.01,0.01,72742.81
1775894255.136,155.136,0.85,0.86,0.14,0.15,0.01,0.01,72742.81
1775894255.589,155.589,0.85,0.86,0.14,0.15,0.01,0.01,72742.87
1775894255.971,155.971,0.85,0.86,0.14,0.15,0.01,0.01,72742.87
1775894256.384,156.384,0.85,0.86,0.14,0.15,0.01,0.01,72742.93
1775894256.727,156.727,0.84,0.86,0.14,0.15,0.02,0.01,72742.93
1775894257.084,157.084,0.84,0.85,0.15,0.16,0.01,0.01,72742.93
1775894257.512,157.512,0.84,0.85,0.15,0.16,0.01,0.01,72742.7
1775894257.853,157.853,0.83,0.84,0.16,0.17,0.01,0.01,72742.7
1775894258.209,158.209,0.82,0.83,0.17,0.18,0.01,0.01,72742.86
1775894258.654,158.654,0.81,0.83,0.17,0.18,0.02,0.01,72742.86
1775894259.031,159.031,0.81,0.82,0.18,0.19,0.01,0.01,72742.86
1775894259.372,159.372,0.81,0.82,0.18,0.19,0.01,0.01,72742.93
1775894259.996,159.996,0.8,0.81,0.19,0.2,0.01,0.01,72742.93
1775894260.486,160.486,0.8,0.81,0.19,0.2,0.01,0.01,72742.87
1775894260.972,160.972,0.8,0.81,0.19,0.2,0.01,0.01,72742.87
1775894261.469,161.469,0.8,0.81,0.19,0.2,0.01,0.01,72742.87
1775894261.915,161.915,0.8,0.81,0.19,0.2,0.01,0.01,72742.87
1775894262.296,162.296,0.8,0.81,0.19,0.2,0.01,0.01,72742.87
1775894262.817,162.817,0.75,0.81,0.19,0.2,0.06,0.01,72742.87
1775894263.324,163.324,0.8,0.81,0.19,0.2,0.01,0.01,72742.64
1775894263.708,163.708,0.8,0.81,0.19,0.2,0.01,0.01,72742.64
1775894264.057,164.057,0.8,0.81,0.19,0.2,0.01,0.01,72742.64
1775894264.619,164.619,0.8,0.81,0.19,0.2,0.01,0.01,72742.59
1775894265.024,165.024,0.8,0.81,0.19,0.2,0.01,0.01,72742.59
1775894265.466,165.466,0.8,0.81,0.19,0.2,0.01,0.01,72742.67
1775894266.697,166.697,0.8,0.81,0.19,0.2,0.01,0.01,72742.68
1775894267.121,167.121,0.8,0.81,0.19,0.2,0.01,0.01,72742.7
1775894267.575,167.575,0.8,0.81,0.19,0.2,0.01,0.01,72742.7
1775894267.912,167.912,0.78,0.79,0.19,0.2,0.01,0.01,72742.7
1775894268.448,168.448,0.68,0.69,0.29,0.32,0.01,0.03,72742.64
1775894268.951,168.951,0.68,0.69,0.31,0.32,0.01,0.01,72742.64
1775894269.353,169.353,0.68,0.69,0.31,0.32,0.01,0.01,72742.64
1775894270.06,170.06,0.68,0.69,0.31,0.32,0.01,0.01,72740.13
1775894270.555,170.555,0.68,0.69,0.31,0.32,0.01,0.01,72740.13
1775894270.923,170.923,0.68,0.69,0.31,0.32,0.01,0.01,72740.13
1775894271.291,171.291,0.68,0.69,0.31,0.32,0.01,0.01,72736.51
1775894271.672,171.672,0.68,0.69,0.31,0.32,0.01,0.01,72736.51
1775894272.014,172.014,0.68,0.69,0.31,0.32,0.01,0.01,72736.51
1775894272.591,172.591,0.68,0.69,0.31,0.32,0.01,0.01,72736.51
1775894273.232,173.232,0.68,0.69,0.31,0.32,0.01,0.01,72736.54
1775894273.834,173.834,0.68,0.69,0.31,0.32,0.01,0.01,72736.54
1775894274.167,174.167,0.68,0.69,0.31,0.32,0.01,0.01,72736.54
1775894274.564,174.564,0.68,0.69,0.31,0.32,0.01,0.01,72736.68
1775894275.091,175.091,0.68,0.69,0.31,0.32,0.01,0.01,72736.68
1775894275.56,175.56,0.68,0.69,0.31,0.32,0.01,0.01,72736.63
1775894275.97,175.97,0.69,0.7,0.3,0.32,0.01,0.02,72736.65
1775894276.542,176.542,0.69,0.7,0.3,0.31,0.01,0.01,72736.65
1775894276.958,176.958,0.69,0.7,0.3,0.31,0.01,0.01,72736.65
1775894277.297,177.297,0.69,0.7,0.3,0.31,0.01,0.01,72736.65
1775894277.678,177.678,0.69,0.7,0.3,0.31,0.01,0.01,72736.65
1775894278.336,178.336,0.69,0.7,0.3,0.31,0.01,0.01,72736.65
1775894278.722,178.722,0.69,0.7,0.3,0.31,0.01,0.01,72736.67
1775894279.146,179.146,0.67,0.69,0.3,0.32,0.02,0.02,72736.62
1775894280.043,180.043,0.68,0.69,0.31,0.32,0.01,0.01,72736.62
1775894280.513,180.513,0.69,0.7,0.3,0.32,0.01,0.02,72736.79
1775894281.155,181.155,0.69,0.7,0.3,0.31,0.01,0.01,72736.74
1775894281.533,181.533,0.7,0.72,0.27,0.31,0.02,0.04,72736.74
1775894281.969,181.969,0.71,0.72,0.28,0.29,0.01,0.01,72736.74
1775894282.373,182.373,0.71,0.72,0.28,0.29,0.01,0.01,72736.68
1775894282.943,182.943,0.71,0.72,0.28,0.29,0.01,0.01,72736.68
1775894283.493,183.493,0.63,0.64,0.28,0.65,0.01,0.37,72736.69
1775894283.837,183.837,0.62,0.63,0.37,0.38,0.01,0.01,72736.69
1775894284.274,184.274,0.62,0.63,0.37,0.38,0.01,0.01,72736.7
1775894284.608,184.608,0.6,0.61,0.39,0.4,0.01,0.01,72736.7
1775894284.948,184.948,0.5,0.51,0.49,0.5,0.01,0.01,72736.65
1775894285.282,185.282,0.5,0.51,0.49,0.5,0.01,0.01,72736.65
1775894285.661,185.661,0.5,0.51,0.49,0.5,0.01,0.01,72736.65
1775894286.058,186.058,0.54,0.57,0.45,0.48,0.03,0.03,72736.65
1775894286.507,186.507,0.61,0.62,0.38,0.41,0.01,0.03,72736.68
1775894286.841,186.841,0.63,0.64,0.36,0.37,0.01,0.01,72736.68
1775894287.335,187.335,0.63,0.64,0.36,0.37,0.01,0.01,72736.67
1775894287.802,187.802,0.64,0.65,0.35,0.36,0.01,0.01,72736.67
1775894288.184,188.184,0.65,0.66,0.34,0.35,0.01,0.01,72736.67
1775894288.588,188.588,0.67,0.68,0.33,0.34,0.01,0.01,72736.67
1775894289.168,189.168,0.68,0.69,0.31,0.32,0.01,0.01,72736.67
1775894289.772,189.772,0.69,0.7,0.3,0.31,0.01,0.01,72736.67
1775894290.498,190.498,0.69,0.7,0.3,0.31,0.01,0.01,72736.67
1775894290.859,190.859,0.69,0.7,0.3,0.31,0.01,0.01,72736.72
1775894291.555,191.555,0.69,0.7,0.3,0.31,0.01,0.01,72736.68
1775894292.263,192.263,0.69,0.7,0.3,0.31,0.01,0.01,72736.62
1775894292.861,192.861,0.69,0.7,0.3,0.31,0.01,0.01,72736.62
1775894294.63,194.63,0.7,0.71,0.3,0.31,0.01,0.01,72736.66
1775894295.207,195.207,0.7,0.72,0.29,0.3,0.02,0.01,72736.66
1775894295.546,195.546,0.71,0.72,0.28,0.29,0.01,0.01,72736.66
1775894296.478,196.478,0.71,0.72,0.28,0.29,0.01,0.01,72736.67
1775894296.905,196.905,0.71,0.73,0.28,0.29,0.02,0.01,72736.67
1775894297.277,197.277,0.72,0.73,0.27,0.28,0.01,0.01,72736.67
1775894297.845,197.845,0.72,0.73,0.27,0.28,0.01,0.01,72736.67
1775894298.442,198.442,0.73,0.74,0.27,0.28,0.01,0.01,72736.67
1775894298.956,198.956,0.73,0.74,0.26,0.27,0.01,0.01,72736.66
1775894299.419,199.419,0.73,0.74,0.26,0.27,0.01,0.01,72736.66
1775894299.962,199.962,0.73,0.74,0.26,0.27,0.01,0.01,72736.66
1775894300.91,200.91,0.73,0.99,0.26,0.27,0.26,0.01,72736.66
1775894301.251,201.251,0.73,0.76,0.26,0.27,0.03,0.01,72736.67
1775894301.651,201.651,0.82,0.83,0.16,0.22,0.01,0.06,72736.67
1775894302.032,202.032,0.82,0.84,0.16,0.17,0.02,0.01,72736.67
1775894302.42,202.42,0.83,0.84,0.16,0.17,0.01,0.01,72736.67
1775894302.9,202.9,0.83,0.84,0.16,0.17,0.01,0.01,72736.67
1775894303.266,203.266,0.82,0.83,0.17,0.18,0.01,0.01,72736.62
1775894303.754,203.754,0.82,0.83,0.17,0.18,0.01,0.01,72736.62
1775894304.237,204.237,0.82,0.83,0.17,0.18,0.01,0.01,72736.62
1775894304.616,204.616,0.82,0.83,0.17,0.19,0.01,0.02,72736.62
1775894305.016,205.016,0.82,0.83,0.17,0.18,0.01,0.01,72736.67
1775894305.596,205.596,0.82,0.83,0.17,0.18,0.01,0.01,72736.71
1775894306.066,206.066,0.79,0.83,0.17,0.18,0.04,0.01,72736.71
1775894306.918,206.918,0.8,0.81,0.17,0.21,0.01,0.04,72736.67
1775894307.435,207.435,0.79,0.8,0.19,0.21,0.01,0.02,72736.67
1775894308.038,208.038,0.79,0.8,0.2,0.21,0.01,0.01,72736.67
1775894308.652,208.652,0.79,0.8,0.2,0.21,0.01,0.01,72736.67
1775894309.076,209.076,0.79,0.8,0.2,0.21,0.01,0.01,72736.67
1775894309.929,209.929,0.79,0.8,0.2,0.21,0.01,0.01,72736.68
1775894310.303,210.303,0.77,0.99,0.22,0.23,0.22,0.01,72736.68
1775894310.681,210.681,0.83,0.84,0.17,0.18,0.01,0.01,72736.68
1775894311.023,211.023,0.89,0.9,0.1,0.11,0.01,0.01,72736.68
1775894311.377,211.377,0.89,0.9,0.1,0.11,0.01,0.01,72736.67
1775894311.71,211.71,0.88,0.89,0.11,0.12,0.01,0.01,72736.67
1775894312.174,212.174,0.87,0.88,0.11,0.12,0.01,0.01,72736.65
1775894312.699,212.699,0.87,0.88,0.12,0.13,0.01,0.01,72736.65
1775894313.092,213.092,0.86,0.87,0.13,0.14,0.01,0.01,72736.65
1775894313.628,213.628,0.86,0.87,0.13,0.14,0.01,0.01,72736.61
1775894313.976,213.976,0.86,0.87,0.13,0.14,0.01,0.01,72736.61
1775894314.446,214.446,0.79,0.8,0.13,0.22,0.01,0.09,72736.61
1775894314.832,214.832,0.78,0.8,0.2,0.21,0.02,0.01,72736.61
1775894315.348,215.348,0.78,0.79,0.2,0.22,0.01,0.02,72736.63
1775894315.733,215.733,0.78,0.79,0.21,0.22,0.01,0.01,72736.63
1775894316.201,216.201,0.78,0.79,0.2,0.22,0.01,0.02,72736.63
1775894316.694,216.694,0.78,0.79,0.21,0.22,0.01,0.01,72736.63
1775894317.226,217.226,0.78,0.79,0.21,0.22,0.01,0.01,72736.63
1775894317.673,217.673,0.78,0.79,0.21,0.22,0.01,0.01,72736.54
1775894318.074,218.074,0.79,0.8,0.2,0.21,0.01,0.01,72736.54
1775894318.535,218.535,0.79,0.8,0.2,0.21,0.01,0.01,72736.54
1775894319.29,219.29,0.79,0.8,0.2,0.21,0.01,0.01,72736.54
1775894319.693,219.693,0.8,0.99,0.19,0.2,0.19,0.01,72736.54
1775894320.081,220.081,0.85,0.9,0.14,0.16,0.05,0.02,72736.54
1775894320.454,220.454,0.87,0.88,0.11,0.13,0.01,0.02,72736.53
1775894320.827,220.827,0.87,0.88,0.12,0.13,0.01,0.01,72736.53
1775894321.207,221.207,0.87,0.88,0.12,0.14,0.01,0.02,72736.49
1775894321.658,221.658,0.87,0.88,0.12,0.13,0.01,0.01,72736.49
1775894322.058,222.058,0.83,0.87,0.13,0.14,0.04,0.01,72736.49
1775894322.401,222.401,0.83,0.84,0.16,0.17,0.01,0.01,72736.54
1775894322.933,222.933,0.82,0.83,0.16,0.19,0.01,0.03,72736.54
1775894323.292,223.292,0.82,0.83,0.17,0.18,0.01,0.01,72736.57
1775894323.895,223.895,0.82,0.83,0.17,0.18,0.01,0.01,72736.57
1775894324.506,224.506,0.82,0.83,0.17,0.18,0.01,0.01,72736.55
1775894325.001,225.001,0.82,0.83,0.17,0.18,0.01,0.01,72736.55
1775894325.39,225.39,0.8,0.83,0.17,0.18,0.03,0.01,72736.5
1775894325.967,225.967,0.81,0.82,0.17,0.2,0.01,0.03,72736.5
1775894326.526,226.526,0.81,0.82,0.18,0.19,0.01,0.01,72736.5
1775894326.859,226.859,0.81,0.82,0.18,0.19,0.01,0.01,72736.5
1775894327.464,227.464,0.81,0.82,0.18,0.19,0.01,0.01,72736.55
1775894327.8,227.8,0.81,0.82,0.18,0.19,0.01,0.01,72736.55
1775894328.151,228.151,0.81,0.82,0.18,0.19,0.01,0.01,72736.55
1775894328.586,228.586,0.81,0.82,0.18,0.19,0.01,0.01,72736.55
1775894329.066,229.066,0.81,0.82,0.18,0.19,0.01,0.01,72736.55
1775894329.541,229.541,0.81,0.82,0.18,0.19,0.01,0.01,72736.52
1775894329.889,229.889,0.81,0.82,0.18,0.19,0.01,0.01,72736.52
1775894330.27,230.27,0.81,0.82,0.18,0.19,0.01,0.01,72736.52
1775894330.806,230.806,0.79,0.82,0.18,0.19,0.03,0.01,72736.52
1775894331.328,231.328,0.79,0.81,0.2,0.21,0.02,0.01,72736.52
1775894331.687,231.687,0.87,0.88,0.12,0.13,0.01,0.01,72736.52
1775894332.733,232.733,0.87,0.88,0.12,0.13,0.01,0.01,72736.56
1775894333.14,233.14,0.87,0.88,0.12,0.13,0.01,0.01,72736.56
1775894333.503,233.503,0.87,0.88,0.12,0.13,0.01,0.01,72736.53
1775894334.284,234.284,0.87,0.88,0.12,0.13,0.01,0.01,72736.56
1775894334.717,234.717,0.85,0.86,0.13,0.14,0.01,0.01,72736.56
1775894335.221,235.221,0.84,0.86,0.14,0.15,0.02,0.01,72736.51
1775894335.634,235.634,0.84,0.85,0.15,0.16,0.01,0.01,72736.51
1775894336.084,236.084,0.84,0.85,0.15,0.16,0.01,0.01,72736.51
1775894336.707,236.707,0.84,0.85,0.15,0.16,0.01,0.01,72736.52
1775894337.294,237.294,0.84,0.85,0.15,0.16,0.01,0.01,72736.63
1775894337.764,237.764,0.84,0.85,0.15,0.16,0.01,0.01,72736.63
1775894338.213,238.213,0.84,0.85,0.15,0.16,0.01,0.01,72736.63
1775894338.689,238.689,0.84,0.85,0.15,0.16,0.01,0.01,72736.63
1775894339.034,239.034,0.83,0.85,0.15,0.16,0.02,0.01,72736.63
1775894339.633,239.633,0.81,0.84,0.16,0.17,0.03,0.01,72736.63
1775894340.202,240.202,0.57,0.82,0.17,0.19,0.25,0.02,72736.6
1775894340.557,240.557,0.72,0.73,0.27,0.28,0.01,0.01,72736.6
1775894340.916,240.916,0.71,0.72,0.28,0.29,0.01,0.01,72736.6
1775894341.265,241.265,0.71,0.72,0.28,0.29,0.01,0.01,72736.67
1775894341.629,241.629,0.7,0.71,0.29,0.3,0.01,0.01,72736.67
1775894342.152,242.152,0.66,0.67,0.31,0.34,0.01,0.03,72736.64
1775894342.558,242.558,0.67,0.68,0.32,0.33,0.01,0.01,72736.64
1775894342.967,242.967,0.66,0.67,0.33,0.34,0.01,0.01,72736.64
1775894343.357,243.357,0.65,0.66,0.34,0.35,0.01,0.01,72736.76
1775894343.691,243.691,0.59,0.64,0.36,0.41,0.05,0.05,72736.76
1775894344.04,244.04,0.58,0.63,0.37,0.4,0.05,0.03,72736.76
1775894344.545,244.545,0.64,0.65,0.35,0.37,0.01,0.02,72736.76
1775894345.01,245.01,0.64,0.66,0.31,0.36,0.02,0.05,72736.74
1775894345.369,245.369,0.67,0.68,0.3,0.33,0.01,0.03,72736.64
1775894345.715,245.715,0.69,0.7,0.3,0.32,0.01,0.02,72736.64
1775894346.177,246.177,0.68,0.69,0.31,0.32,0.01,0.01,72736.55
1775894346.653,246.653,0.68,0.69,0.31,0.32,0.01,0.01,72736.55
1775894347.069,247.069,0.64,0.65,0.31,0.51,0.01,0.2,72736.55
1775894347.506,247.506,0.64,0.65,0.35,0.36,0.01,0.01,72736.56
1775894347.957,247.957,0.62,0.63,0.35,0.36,0.01,0.01,72736.56
1775894348.302,248.302,0.58,0.59,0.41,0.42,0.01,0.01,72736.62
1775894348.645,248.645,0.58,0.59,0.41,0.42,0.01,0.01,72736.62
1775894348.987,248.987,0.6,0.63,0.37,0.39,0.03,0.02,72736.62
1775894349.344,249.344,0.5,0.62,0.35,0.38,0.12,0.03,72736.64
1775894349.677,249.677,0.58,0.59,0.41,0.42,0.01,0.01,72736.64
1775894350.125,250.125,0.59,0.6,0.4,0.41,0.01,0.01,72736.64
1775894350.483,250.483,0.61,0.62,0.37,0.4,0.01,0.03,72736.57
1775894350.817,250.817,0.6,0.66,0.34,0.4,0.06,0.06,72736.57
1775894351.48,251.48,0.62,0.64,0.37,0.38,0.02,0.01,72736.56
1775894351.944,251.944,0.63,0.64,0.36,0.38,0.01,0.02,72736.56
1775894352.526,252.526,0.68,0.69,0.33,0.35,0.01,0.02,72736.56
1775894352.922,252.922,0.68,0.69,0.31,0.32,0.01,0.01,72736.56
1775894353.435,253.435,0.68,0.69,0.31,0.32,0.01,0.01,72736.38
1775894353.878,253.878,0.7,0.71,0.3,0.31,0.01,0.01,72736.38
1775894354.41,254.41,0.7,0.71,0.3,0.31,0.01,0.01,72736.38
1775894354.936,254.936,0.64,0.65,0.3,0.36,0.01,0.06,72736.38
1775894355.605,255.605,0.64,0.65,0.35,0.36,0.01,0.01,72736.43
1775894356.313,256.313,0.66,0.67,0.34,0.35,0.01,0.01,72736.41
1775894356.719,256.719,0.66,0.67,0.33,0.34,0.01,0.01,72736.41
1775894357.275,257.275,0.62,0.63,0.35,0.4,0.01,0.05,72736.41
1775894357.647,257.647,0.66,0.67,0.33,0.34,0.01,0.01,72736.41
1775894358.235,258.235,0.67,0.68,0.32,0.33,0.01,0.01,72736.41
1775894358.705,258.705,0.67,0.68,0.33,0.34,0.01,0.01,72736.42
1775894359.164,259.164,0.66,0.67,0.33,0.34,0.01,0.01,72736.42
1775894359.572,259.572,0.69,0.72,0.27,0.31,0.03,0.04,72736.42
1775894359.934,259.934,0.69,0.7,0.3,0.31,0.01,0.01,72736.39
1775894360.6,260.6,0.7,0.71,0.22,0.39,0.01,0.17,72736.39
1775894360.956,260.956,0.63,0.71,0.29,0.3,0.08,0.01,72736.39
1775894361.465,261.465,0.54,0.55,0.38,0.44,0.01,0.06,72736.39
1775894361.869,261.869,0.53,0.55,0.46,0.48,0.02,0.02,72736.38
1775894362.238,262.238,0.57,0.58,0.43,0.44,0.01,0.01,72736.38
1775894362.606,262.606,0.57,0.58,0.43,0.44,0.01,0.01,72736.39
1775894363.448,263.448,0.61,0.62,0.41,0.42,0.01,0.01,72736.39
1775894363.822,263.822,0.59,0.62,0.38,0.4,0.03,0.02,72736.39
1775894364.297,264.297,0.6,0.61,0.39,0.4,0.01,0.01,72736.39
1775894364.692,264.692,0.6,0.61,0.39,0.4,0.01,0.01,72736.44
1775894365.067,265.067,0.62,0.63,0.37,0.38,0.01,0.01,72736.44
1775894365.529,265.529,0.63,0.64,0.35,0.36,0.01,0.01,72736.44
1775894365.866,265.866,0.63,0.66,0.36,0.37,0.03,0.01,72736.44
1775894366.208,266.208,0.64,0.66,0.36,0.37,0.02,0.01,72736.44
1775894366.545,266.545,0.64,0.66,0.34,0.36,0.02,0.02,72736.4
1775894366.959,266.959,0.65,0.66,0.35,0.36,0.01,0.01,72736.4
1775894367.378,267.378,0.64,0.65,0.34,0.35,0.01,0.01,72736.4
1775894367.754,267.754,0.66,0.67,0.33,0.34,0.01,0.01,72736.4
1775894368.092,268.092,0.66,0.67,0.33,0.34,0.01,0.01,72736.4
1775894368.575,268.575,0.58,0.67,0.32,0.34,0.09,0.02,72736.39
1775894368.941,268.941,0.6,0.61,0.39,0.4,0.01,0.01,72736.39
1775894369.788,269.788,0.62,0.63,0.39,0.4,0.01,0.01,72736.4
1775894370.156,270.156,0.62,0.63,0.37,0.38,0.01,0.01,72736.4
1775894370.503,270.503,0.64,0.66,0.37,0.38,0.02,0.01,72736.4
1775894370.856,270.856,0.65,0.66,0.34,0.35,0.01,0.01,72736.39
1775894371.195,271.195,0.65,0.66,0.34,0.35,0.01,0.01,72736.39
1775894371.564,271.564,0.57,0.65,0.35,0.36,0.08,0.01,72736.44
1775894372.013,272.013,0.6,0.64,0.34,0.4,0.04,0.06,72736.44
1775894372.572,272.572,0.58,0.6,0.41,0.42,0.02,0.01,72736.4
1775894372.905,272.905,0.63,0.64,0.36,0.37,0.01,0.01,72736.4
1775894373.316,273.316,0.65,0.66,0.34,0.35,0.01,0.01,72736.4
1775894373.755,273.755,0.64,0.76,0.33,0.35,0.12,0.02,72736.4
1775894374.11,274.11,0.73,0.74,0.24,0.36,0.01,0.12,72736.4
1775894374.557,274.557,0.73,0.74,0.26,0.27,0.01,0.01,72736.4
1775894374.934,274.934,0.73,0.74,0.26,0.27,0.01,0.01,72736.4
1775894375.453,275.453,0.7,0.74,0.26,0.27,0.04,0.01,72736.4
1775894375.819,275.819,0.7,0.71,0.29,0.3,0.01,0.01,72736.4
1775894376.196,276.196,0.7,0.71,0.29,0.3,0.01,0.01,72736.43
1775894376.707,276.707,0.72,0.75,0.29,0.3,0.03,0.01,72736.43
1775894377.194,277.194,0.74,0.75,0.25,0.26,0.01,0.01,72736.43
1775894377.783,277.783,0.75,0.76,0.25,0.26,0.01,0.01,72736.43
1775894378.133,278.133,0.75,0.76,0.24,0.25,0.01,0.01,72736.47
1775894378.506,278.506,0.76,0.77,0.23,0.24,0.01,0.01,72736.47
1775894378.904,278.904,0.78,0.79,0.1,0.25,0.01,0.15,72736.47
1775894379.551,279.551,0.89,0.9,0.1,0.12,0.01,0.02,72736.45
1775894379.911,279.911,0.92,0.93,0.08,0.09,0.01,0.01,72736.45
1775894380.332,280.332,0.93,0.94,0.06,0.07,0.01,0.01,72736.45
1775894380.736,280.736,0.92,0.93,0.07,0.08,0.01,0.01,72736.42
1775894381.081,281.081,0.9,0.94,0.08,0.1,0.04,0.02,72736.42
1775894381.458,281.458,0.95,0.96,0.04,0.06,0.01,0.02,72736.42
1775894381.991,281.991,0.94,0.95,0.05,0.06,0.01,0.01,72736.42
1775894382.326,282.326,0.94,0.95,0.05,0.06,0.01,0.01,72736.42
1775894382.663,282.663,0.95,0.97,0.03,0.05,0.02,0.02,72736.42
1775894383.026,283.026,0.94,0.95,0.05,0.06,0.01,0.01,72736.42
1775894383.453,283.453,0.96,0.98,0.02,0.06,0.02,0.04,72736.42
1775894383.813,283.813,0.97,0.98,0.02,0.04,0.01,0.02,72736.42
1775894384.167,284.167,0.96,0.98,0.02,0.04,0.02,0.02,72736.48
1775894384.685,284.685,0.96,0.97,0.03,0.04,0.01,0.01,72736.48
1775894385.254,285.254,0.96,0.97,0.03,0.04,0.01,0.01,72736.46
1775894385.703,285.703,0.95,0.96,0.04,0.05,0.01,0.01,72736.46
1775894386.129,286.129,0.95,0.98,0.02,0.07,0.03,0.05,72736.46
1775894386.528,286.528,0.98,0.99,0.01,0.06,0.01,0.05,72736.43
1775894386.981,286.981,0.95,0.99,0.01,0.02,0.04,0.01,72736.43
1775894387.322,287.322,0.96,0.98,0.01,0.04,0.02,0.03,72736.43
1775894387.72,287.72,0.98,0.99,0.01,0.02,0.01,0.01,72736.43
1775894388.061,288.061,0.97,0.99,0.02,0.03,0.02,0.01,72736.43
1775894388.511,288.511,0.95,0.99,0.01,0.03,0.04,0.02,72736.43
1775894388.896,288.896,0.96,0.99,0.01,0.04,0.03,0.03,72736.43
1775894389.229,289.229,0.96,0.99,0.01,0.02,0.03,0.01,72736.43
1775894389.562,289.562,0.97,0.99,0.01,0.03,0.02,0.02,72736.43
1775894389.912,289.912,0.98,0.99,0.01,0.02,0.01,0.01,72736.43
1775894390.265,290.265,0.98,0.99,0.01,0.02,0.01,0.01,72736.43
1775894390.625,290.625,0.98,0.99,0.01,0.02,0.01,0.01,72739.97
1775894390.98,290.98,0.98,0.99,0.01,0.02,0.01,0.01,72739.97
1775894391.387,291.387,0.98,0.99,0.01,0.02,0.01,0.01,72739.97
1775894391.736,291.736,0.98,0.99,0.01,0.02,0.01,0.01,72749.98
1775894392.131,292.131,0.98,0.99,0.01,0.02,0.01,0.01,72749.98
1775894392.541,292.541,0.97,0.99,0.01,0.02,0.02,0.01,72752.11
1775894392.923,292.923,0.99,0.99,0.01,0.01,0.0,0.0,72752.11
1775894393.283,293.283,0.99,0.99,0.01,0.01,0.0,0.0,72756.18
1775894393.753,293.753,0.99,0.99,0.01,0.01,0.0,0.0,72756.18
1775894394.442,294.442,0.99,0.99,0.01,0.01,0.0,0.0,72756.18
1775894394.811,294.811,0.99,0.99,0.01,0.01,0.0,0.0,72756.18
1775894395.312,295.312,0.99,0.99,0.01,0.01,0.0,0.0,72756.29
1775894395.722,295.722,0.99,0.99,0.01,0.01,0.0,0.0,72756.29
1775894396.072,296.072,0.99,0.99,0.01,0.01,0.0,0.0,72756.3
1775894396.473,296.473,0.99,0.99,0.01,0.01,0.0,0.0,72756.3
1775894396.855,296.855,0.99,0.99,0.01,0.01,0.0,0.0,72756.3
1775894397.346,297.346,0.99,0.99,0.01,0.01,0.0,0.0,72756.29
1775894398.277,298.277,0.99,0.99,0.01,0.01,0.0,0.0,72758.22
1775894398.637,298.637,0.99,0.99,0.01,0.01,0.0,0.0,72758.22
1775894399.461,299.461,0.99,0.99,0.01,0.01,0.0,0.0,72765.51
1775894400.002,300.002,0.99,0.99,0.01,0.01,0.0,0.0,72765.51
1775894400.352,300.352,0.99,0.99,0.01,0.01,0.0,0.0,72769.18
1775894400.687,300.687,0.99,0.99,0.01,0.01,0.0,0.0,72769.18

# RESULT,winner=Up,slug=btc-updown-5m-1775894100,ticks=655
