timestamp,elapsed_sec,up_bid,up_ask,down_bid,down_ask,up_spread,down_spread,btc_price,btc_oracle_ts
1777205100.662,0.662,0.5,0.58,0.48,0.5,0.08,0.02,78078.34,1777205099000
1777205101.315,1.315,0.5,0.57,0.43,0.5,0.07,0.07,78076.77,1777205100000
1777205101.794,1.794,0.51,0.53,0.47,0.49,0.02,0.02,78076.77,1777205100000
1777205102.204,2.204,0.46,0.47,0.53,0.54,0.01,0.01,78076.77,1777205100000
1777205102.773,2.773,0.46,0.47,0.53,0.54,0.01,0.01,78076.77,1777205101000
1777205103.286,3.286,0.46,0.47,0.53,0.54,0.01,0.01,78076.75,1777205102000
1777205103.661,3.661,0.46,0.47,0.53,0.54,0.01,0.01,78076.75,1777205102000
1777205103.994,3.994,0.43,0.44,0.56,0.64,0.01,0.08,78076.75,1777205102000
1777205104.352,4.352,0.43,0.44,0.56,0.57,0.01,0.01,78077.56,1777205103000
1777205104.701,4.701,0.43,0.44,0.56,0.57,0.01,0.01,78077.56,1777205103000
1777205105.225,5.225,0.42,0.43,0.57,0.58,0.01,0.01,78075.72,1777205104000
1777205105.752,5.752,0.42,0.43,0.57,0.58,0.01,0.01,78075.72,1777205104000
1777205106.102,6.102,0.42,0.44,0.57,0.58,0.02,0.01,78075.32,1777205105000
1777205106.445,6.445,0.54,0.55,0.45,0.47,0.01,0.02,78075.32,1777205105000
1777205106.957,6.957,0.56,0.57,0.44,0.45,0.01,0.01,78075.32,1777205105000
1777205107.311,7.311,0.56,0.57,0.43,0.44,0.01,0.01,78075.32,1777205106000
1777205107.723,7.723,0.6,0.61,0.39,0.43,0.01,0.04,78075.32,1777205106000
1777205108.088,8.088,0.6,0.61,0.39,0.4,0.01,0.01,78075.32,1777205106000
1777205108.43,8.43,0.6,0.66,0.34,0.4,0.06,0.06,78075.62,1777205107000
1777205108.775,8.775,0.64,0.65,0.35,0.36,0.01,0.01,78075.62,1777205107000
1777205109.121,9.121,0.64,0.65,0.35,0.36,0.01,0.01,78079.2,1777205108000
1777205109.554,9.554,0.64,0.65,0.35,0.36,0.01,0.01,78079.2,1777205108000
1777205109.893,9.893,0.64,0.65,0.35,0.36,0.01,0.01,78079.2,1777205108000
1777205110.393,10.393,0.64,0.65,0.35,0.36,0.01,0.01,78079.2,1777205108000
1777205111.122,11.122,0.63,0.65,0.36,0.37,0.02,0.01,78083.81,1777205109000
1777205111.463,11.463,0.64,0.65,0.35,0.36,0.01,0.01,78094.09,1777205110000
1777205111.806,11.806,0.64,0.65,0.35,0.37,0.01,0.02,78094.09,1777205110000
1777205112.183,12.183,0.64,0.65,0.35,0.36,0.01,0.01,78094.09,1777205110000
1777205112.533,12.533,0.64,0.65,0.35,0.36,0.01,0.01,78085.29,1777205111000
1777205112.869,12.869,0.64,0.65,0.35,0.36,0.01,0.01,78085.29,1777205111000
1777205113.214,13.214,0.63,0.64,0.36,0.37,0.01,0.01,78085.3,1777205112000
1777205113.689,13.689,0.63,0.64,0.36,0.37,0.01,0.01,78085.3,1777205112000
1777205114.064,14.064,0.63,0.64,0.36,0.37,0.01,0.01,78085.3,1777205112000
1777205114.476,14.476,0.63,0.64,0.36,0.37,0.01,0.01,78085.3,1777205112000
1777205114.829,14.829,0.62,0.63,0.37,0.38,0.01,0.01,78085.3,1777205112000
1777205115.216,15.216,0.62,0.63,0.37,0.38,0.01,0.01,78085.3,1777205112000
1777205115.817,15.817,0.62,0.63,0.37,0.38,0.01,0.01,78084.88,1777205114000
1777205116.319,16.319,0.62,0.63,0.37,0.38,0.01,0.01,78084.88,1777205114000
1777205116.822,16.822,0.62,0.63,0.37,0.38,0.01,0.01,78084.88,1777205114000
1777205117.189,17.189,0.62,0.63,0.37,0.38,0.01,0.01,78088.51,1777205115000
1777205117.58,17.58,0.62,0.63,0.37,0.38,0.01,0.01,78088.51,1777205115000
1777205118.045,18.045,0.63,0.64,0.36,0.37,0.01,0.01,78088.42,1777205116000
1777205118.76,18.76,0.63,0.64,0.36,0.37,0.01,0.01,78085.37,1777205117000
1777205119.293,19.293,0.63,0.64,0.36,0.37,0.01,0.01,78085.37,1777205117000
1777205119.782,19.782,0.63,0.64,0.36,0.37,0.01,0.01,78085.37,1777205117000
1777205120.306,20.306,0.63,0.64,0.36,0.37,0.01,0.01,78085.37,1777205118000
1777205120.679,20.679,0.63,0.64,0.36,0.37,0.01,0.01,78084.85,1777205119000
1777205121.508,21.508,0.63,0.64,0.36,0.37,0.01,0.01,78084.85,1777205120000
1777205122.115,22.115,0.62,0.64,0.36,0.37,0.02,0.01,78084.85,1777205120000
1777205122.455,22.455,0.61,0.62,0.38,0.39,0.01,0.01,78084.85,1777205121000
1777205123.12,23.12,0.61,0.62,0.38,0.39,0.01,0.01,78084.85,1777205121000
1777205123.468,23.468,0.6,0.61,0.39,0.4,0.01,0.01,78084.85,1777205121000
1777205124.169,24.169,0.6,0.61,0.39,0.4,0.01,0.01,78085.15,1777205123000
1777205124.982,24.982,0.6,0.61,0.39,0.4,0.01,0.01,78085.15,1777205123000
1777205125.341,25.341,0.6,0.61,0.39,0.4,0.01,0.01,78085.15,1777205123000
1777205125.799,25.799,0.6,0.62,0.39,0.4,0.02,0.01,78085.15,1777205123000
1777205126.315,26.315,0.61,0.62,0.38,0.39,0.01,0.01,78085.89,1777205124000
1777205126.813,26.813,0.61,0.62,0.38,0.39,0.01,0.01,78086.02,1777205125000
1777205127.367,27.367,0.61,0.62,0.38,0.39,0.01,0.01,78086.01,1777205126000
1777205127.745,27.745,0.61,0.62,0.38,0.39,0.01,0.01,78086.01,1777205126000
1777205128.079,28.079,0.61,0.62,0.38,0.39,0.01,0.01,78085.62,1777205127000
1777205128.49,28.49,0.6,0.61,0.39,0.4,0.01,0.01,78085.62,1777205127000
1777205128.944,28.944,0.6,0.61,0.39,0.4,0.01,0.01,78085.62,1777205127000
1777205129.786,29.786,0.61,0.62,0.38,0.39,0.01,0.01,78085.62,1777205128000
1777205130.295,30.295,0.61,0.62,0.38,0.39,0.01,0.01,78085.33,1777205129000
1777205131.404,31.404,0.61,0.62,0.38,0.39,0.01,0.01,78085.33,1777205130000
1777205131.766,31.766,0.61,0.62,0.38,0.39,0.01,0.01,78085.33,1777205130000
1777205132.746,32.746,0.61,0.62,0.38,0.39,0.01,0.01,78085.33,1777205131000
1777205133.095,33.095,0.61,0.62,0.38,0.39,0.01,0.01,78085.61,1777205132000
1777205133.633,33.633,0.61,0.62,0.38,0.39,0.01,0.01,78085.61,1777205132000
1777205134.005,34.005,0.61,0.62,0.38,0.39,0.01,0.01,78085.61,1777205133000
1777205134.975,34.975,0.62,0.63,0.37,0.38,0.01,0.01,78085.61,1777205133000
1777205135.52,35.52,0.62,0.63,0.37,0.38,0.01,0.01,78084.35,1777205134000
1777205136.089,36.089,0.62,0.63,0.37,0.38,0.01,0.01,78084.35,1777205134000
1777205136.802,36.802,0.62,0.63,0.37,0.38,0.01,0.01,78084.35,1777205135000
1777205137.16,37.16,0.62,0.63,0.37,0.38,0.01,0.01,78084.35,1777205135000
1777205137.698,37.698,0.62,0.63,0.37,0.38,0.01,0.01,78084.12,1777205136000
1777205138.089,38.089,0.62,0.63,0.37,0.38,0.01,0.01,78084.12,1777205136000
1777205138.472,38.472,0.62,0.63,0.37,0.38,0.01,0.01,78084.12,1777205137000
1777205138.853,38.853,0.62,0.63,0.37,0.38,0.01,0.01,78084.12,1777205137000
1777205139.234,39.234,0.61,0.63,0.37,0.38,0.02,0.01,78084.12,1777205137000
1777205139.581,39.581,0.61,0.62,0.38,0.39,0.01,0.01,78084.12,1777205137000
1777205139.982,39.982,0.61,0.63,0.37,0.39,0.02,0.02,78084.06,1777205138000
1777205140.344,40.344,0.62,0.63,0.37,0.38,0.01,0.01,78084.06,1777205138000
1777205141.133,41.133,0.62,0.63,0.37,0.38,0.01,0.01,78090.24,1777205140000
1777205141.989,41.989,0.62,0.63,0.37,0.38,0.01,0.01,78090.24,1777205140000
1777205142.349,42.349,0.62,0.63,0.37,0.38,0.01,0.01,78090.24,1777205140000
1777205143.037,43.037,0.62,0.63,0.37,0.38,0.01,0.01,78084.11,1777205142000
1777205143.511,43.511,0.62,0.63,0.37,0.38,0.01,0.01,78084.11,1777205142000
1777205144.081,44.081,0.62,0.63,0.37,0.38,0.01,0.01,78084.11,1777205142000
1777205144.904,44.904,0.62,0.63,0.37,0.38,0.01,0.01,78090.04,1777205143000
1777205145.529,45.529,0.62,0.64,0.37,0.38,0.02,0.01,78090.04,1777205143000
1777205146.264,46.264,0.63,0.64,0.36,0.38,0.01,0.02,78084.06,1777205144000
1777205147.064,47.064,0.63,0.64,0.36,0.37,0.01,0.01,78084.24,1777205146000
1777205148.304,48.304,0.63,0.64,0.36,0.37,0.01,0.01,78084.11,1777205147000
1777205149.306,49.306,0.62,0.63,0.36,0.37,0.01,0.01,78084.11,1777205147000
1777205149.665,49.665,0.63,0.64,0.36,0.37,0.01,0.01,78084.1,1777205148000
1777205150.119,50.119,0.63,0.64,0.36,0.37,0.01,0.01,78084.1,1777205149000
1777205150.514,50.514,0.63,0.64,0.36,0.37,0.01,0.01,78084.1,1777205149000
1777205151.366,51.366,0.63,0.64,0.36,0.37,0.01,0.01,78084.17,1777205150000
1777205152.198,52.198,0.63,0.64,0.36,0.37,0.01,0.01,78084.17,1777205150000
1777205152.573,52.573,0.63,0.64,0.36,0.37,0.01,0.01,78084.42,1777205151000
1777205153.014,53.014,0.62,0.63,0.37,0.38,0.01,0.01,78084.42,1777205151000
1777205153.557,53.557,0.61,0.63,0.37,0.38,0.02,0.01,78084.42,1777205152000
1777205153.99,53.99,0.61,0.62,0.37,0.39,0.01,0.02,78084.42,1777205152000
1777205154.469,54.469,0.61,0.63,0.37,0.39,0.02,0.02,78084.17,1777205153000
1777205155.051,55.051,0.61,0.63,0.37,0.39,0.02,0.02,78084.17,1777205153000
1777205155.663,55.663,0.61,0.63,0.37,0.38,0.02,0.01,78084.17,1777205153000
1777205156.08,56.08,0.59,0.6,0.37,0.39,0.01,0.02,78084.17,1777205154000
1777205156.449,56.449,0.59,0.6,0.4,0.41,0.01,0.01,78083.88,1777205155000
1777205156.789,56.789,0.59,0.6,0.4,0.41,0.01,0.01,78083.88,1777205155000
1777205157.425,57.425,0.59,0.6,0.4,0.41,0.01,0.01,78083.86,1777205156000
1777205157.922,57.922,0.59,0.6,0.4,0.41,0.01,0.01,78083.86,1777205156000
1777205158.53,58.53,0.58,0.59,0.4,0.42,0.01,0.02,78082.47,1777205157000
1777205158.914,58.914,0.58,0.59,0.41,0.42,0.01,0.01,78082.47,1777205157000
1777205159.337,59.337,0.58,0.59,0.41,0.42,0.01,0.01,78082.46,1777205158000
1777205159.791,59.791,0.58,0.59,0.41,0.42,0.01,0.01,78082.46,1777205158000
1777205160.261,60.261,0.58,0.59,0.41,0.42,0.01,0.01,78083.26,1777205159000
1777205160.885,60.885,0.58,0.61,0.41,0.42,0.03,0.01,78083.26,1777205159000
1777205161.221,61.221,0.58,0.59,0.41,0.42,0.01,0.01,78083.23,1777205160000
1777205162.345,62.345,0.58,0.59,0.41,0.42,0.01,0.01,78083.23,1777205161000
1777205162.777,62.777,0.58,0.59,0.41,0.42,0.01,0.01,78083.23,1777205161000
1777205163.419,63.419,0.58,0.59,0.41,0.42,0.01,0.01,78082.96,1777205162000
1777205164.071,64.071,0.58,0.59,0.41,0.42,0.01,0.01,78082.96,1777205163000
1777205164.414,64.414,0.58,0.59,0.41,0.42,0.01,0.01,78082.96,1777205163000
1777205164.748,64.748,0.58,0.62,0.38,0.42,0.04,0.04,78082.96,1777205163000
1777205165.084,65.084,0.57,0.59,0.41,0.43,0.02,0.02,78082.24,1777205164000
1777205165.443,65.443,0.58,0.59,0.41,0.45,0.01,0.04,78082.24,1777205164000
1777205165.793,65.793,0.56,0.57,0.42,0.45,0.01,0.03,78082.24,1777205164000
1777205166.231,66.231,0.56,0.57,0.43,0.44,0.01,0.01,78082.19,1777205165000
1777205166.6,66.6,0.56,0.57,0.43,0.44,0.01,0.01,78082.19,1777205165000
1777205167.065,67.065,0.55,0.56,0.44,0.45,0.01,0.01,78082.19,1777205165000
1777205167.661,67.661,0.55,0.56,0.44,0.45,0.01,0.01,78081.14,1777205166000
1777205168.149,68.149,0.55,0.56,0.44,0.45,0.01,0.01,78081.26,1777205167000
1777205168.483,68.483,0.55,0.56,0.44,0.45,0.01,0.01,78081.26,1777205167000
1777205168.92,68.92,0.55,0.56,0.44,0.45,0.01,0.01,78081.26,1777205167000
1777205169.32,69.32,0.55,0.56,0.44,0.45,0.01,0.01,78081.26,1777205167000
1777205169.832,69.832,0.55,0.56,0.44,0.45,0.01,0.01,78081.94,1777205168000
1777205170.377,70.377,0.55,0.58,0.42,0.45,0.03,0.03,78081.94,1777205169000
1777205170.989,70.989,0.57,0.58,0.42,0.43,0.01,0.01,78081.94,1777205170000
1777205171.481,71.481,0.57,0.58,0.42,0.43,0.01,0.01,78081.94,1777205170000
1777205171.965,71.965,0.57,0.58,0.42,0.43,0.01,0.01,78081.94,1777205170000
1777205172.574,72.574,0.58,0.59,0.41,0.42,0.01,0.01,78081.63,1777205171000
1777205173.256,73.256,0.58,0.59,0.41,0.42,0.01,0.01,78081.55,1777205172000
1777205174.386,74.386,0.58,0.59,0.41,0.42,0.01,0.01,78081.55,1777205173000
1777205174.82,74.82,0.58,0.59,0.41,0.42,0.01,0.01,78081.55,1777205173000
1777205175.153,75.153,0.58,0.59,0.41,0.42,0.01,0.01,78081.55,1777205174000
1777205175.816,75.816,0.58,0.59,0.41,0.42,0.01,0.01,78081.55,1777205174000
1777205176.235,76.235,0.58,0.59,0.41,0.42,0.01,0.01,78081.55,1777205175000
1777205176.688,76.688,0.58,0.59,0.41,0.42,0.01,0.01,78081.55,1777205175000
1777205177.381,77.381,0.58,0.59,0.41,0.42,0.01,0.01,78081.56,1777205176000
1777205178.009,78.009,0.58,0.59,0.41,0.42,0.01,0.01,78081.56,1777205177000
1777205178.636,78.636,0.58,0.59,0.41,0.42,0.01,0.01,78081.56,1777205177000
1777205179.139,79.139,0.57,0.59,0.41,0.43,0.02,0.02,78081.56,1777205177000
1777205179.728,79.728,0.58,0.59,0.41,0.42,0.01,0.01,78082.05,1777205178000
1777205180.412,80.412,0.57,0.59,0.41,0.43,0.02,0.02,78082.05,1777205179000
1777205181.043,81.043,0.58,0.59,0.41,0.43,0.01,0.02,78082.05,1777205179000
1777205181.428,81.428,0.58,0.59,0.41,0.42,0.01,0.01,78082.05,1777205179000
1777205181.783,81.783,0.58,0.59,0.41,0.42,0.01,0.01,78082.18,1777205180000
1777205182.749,82.749,0.58,0.59,0.41,0.42,0.01,0.01,78082.18,1777205181000
1777205183.223,83.223,0.58,0.6,0.4,0.42,0.02,0.02,78082.22,1777205182000
1777205183.568,83.568,0.59,0.6,0.4,0.41,0.01,0.01,78082.22,1777205182000
1777205184.016,84.016,0.59,0.6,0.4,0.41,0.01,0.01,78082.22,1777205182000
1777205184.613,84.613,0.59,0.6,0.4,0.41,0.01,0.01,78082.22,1777205182000
1777205185.037,85.037,0.59,0.6,0.4,0.41,0.01,0.01,78082.22,1777205183000
1777205185.628,85.628,0.59,0.6,0.4,0.41,0.01,0.01,78082.22,1777205184000
1777205186.253,86.253,0.59,0.6,0.4,0.41,0.01,0.01,78081.88,1777205185000
1777205186.647,86.647,0.59,0.6,0.4,0.41,0.01,0.01,78081.88,1777205185000
1777205187.256,87.256,0.59,0.6,0.4,0.41,0.01,0.01,78081.88,1777205186000
1777205187.753,87.753,0.6,0.61,0.39,0.41,0.01,0.02,78081.88,1777205186000
1777205188.135,88.135,0.59,0.6,0.4,0.41,0.01,0.01,78081.88,1777205186000
1777205188.565,88.565,0.59,0.6,0.4,0.41,0.01,0.01,78081.88,1777205187000
1777205188.92,88.92,0.59,0.6,0.4,0.41,0.01,0.01,78081.88,1777205187000
1777205189.396,89.396,0.59,0.6,0.4,0.41,0.01,0.01,78081.63,1777205188000
1777205189.838,89.838,0.59,0.6,0.4,0.41,0.01,0.01,78081.63,1777205188000
1777205190.209,90.209,0.59,0.6,0.4,0.41,0.01,0.01,78081.39,1777205189000
1777205190.883,90.883,0.61,0.63,0.4,0.41,0.02,0.01,78081.39,1777205189000
1777205191.216,91.216,0.7,0.71,0.29,0.3,0.01,0.01,78080.92,1777205190000
1777205191.591,91.591,0.7,0.72,0.29,0.3,0.02,0.01,78080.92,1777205190000
1777205191.999,91.999,0.7,0.72,0.28,0.3,0.02,0.02,78080.92,1777205190000
1777205192.414,92.414,0.7,0.73,0.28,0.3,0.03,0.02,78080.64,1777205191000
1777205192.813,92.813,0.7,0.71,0.27,0.3,0.01,0.03,78080.64,1777205191000
1777205193.895,93.895,0.62,0.71,0.26,0.3,0.09,0.04,78082.08,1777205192000
1777205194.26,94.26,0.67,0.71,0.29,0.33,0.04,0.04,78084.29,1777205193000
1777205194.753,94.753,0.7,0.71,0.29,0.3,0.01,0.01,78084.29,1777205193000
1777205195.204,95.204,0.7,0.71,0.29,0.3,0.01,0.01,78084.47,1777205194000
1777205195.607,95.607,0.7,0.71,0.29,0.3,0.01,0.01,78084.47,1777205194000
1777205196.03,96.03,0.7,0.71,0.29,0.3,0.01,0.01,78084.47,1777205194000
1777205196.449,96.449,0.7,0.71,0.29,0.3,0.01,0.01,78084.59,1777205195000
1777205196.845,96.845,0.7,0.71,0.29,0.3,0.01,0.01,78084.59,1777205195000
1777205197.414,97.414,0.7,0.71,0.29,0.3,0.01,0.01,78084.59,1777205195000
1777205197.823,97.823,0.7,0.71,0.29,0.3,0.01,0.01,78084.59,1777205195000
1777205198.232,98.232,0.7,0.71,0.29,0.3,0.01,0.01,78084.59,1777205196000
1777205198.641,98.641,0.7,0.71,0.29,0.3,0.01,0.01,78084.86,1777205197000
1777205199.001,99.001,0.7,0.71,0.29,0.3,0.01,0.01,78084.86,1777205197000
1777205199.339,99.339,0.7,0.71,0.29,0.3,0.01,0.01,78084.86,1777205198000
1777205199.697,99.697,0.7,0.71,0.29,0.3,0.01,0.01,78084.86,1777205198000
1777205200.05,100.05,0.7,0.71,0.29,0.3,0.01,0.01,78084.86,1777205198000
1777205200.385,100.385,0.69,0.71,0.29,0.3,0.02,0.01,78084.86,1777205198000
1777205200.726,100.726,0.69,0.7,0.3,0.31,0.01,0.01,78085.48,1777205199000
1777205201.148,101.148,0.69,0.7,0.3,0.31,0.01,0.01,78085.48,1777205199000
1777205202.008,102.008,0.69,0.7,0.3,0.31,0.01,0.01,78085.51,1777205200000
1777205202.431,102.431,0.69,0.7,0.3,0.31,0.01,0.01,78085.51,1777205200000
1777205203.139,103.139,0.69,0.7,0.3,0.31,0.01,0.01,78085.1,1777205201000
1777205203.596,103.596,0.69,0.7,0.3,0.31,0.01,0.01,78085.11,1777205202000
1777205204.07,104.07,0.7,0.71,0.29,0.31,0.01,0.02,78085.11,1777205202000
1777205204.493,104.493,0.7,0.71,0.29,0.3,0.01,0.01,78085.11,1777205202000
1777205204.908,104.908,0.7,0.71,0.29,0.3,0.01,0.01,78085.14,1777205204000
1777205205.588,105.588,0.7,0.71,0.29,0.3,0.01,0.01,78085.14,1777205204000
1777205205.987,105.987,0.71,0.72,0.28,0.3,0.01,0.02,78085.14,1777205204000
1777205206.323,106.323,0.71,0.72,0.28,0.29,0.01,0.01,78086.7,1777205205000
1777205206.79,106.79,0.73,0.74,0.26,0.27,0.01,0.01,78086.7,1777205205000
1777205207.311,107.311,0.73,0.74,0.26,0.27,0.01,0.01,78086.81,1777205206000
1777205207.76,107.76,0.73,0.74,0.26,0.27,0.01,0.01,78086.81,1777205206000
1777205208.159,108.159,0.73,0.74,0.26,0.27,0.01,0.01,78086.81,1777205206000
1777205208.804,108.804,0.73,0.74,0.26,0.27,0.01,0.01,78086.81,1777205207000
1777205209.277,109.277,0.73,0.74,0.26,0.27,0.01,0.01,78086.81,1777205208000
1777205209.623,109.623,0.73,0.74,0.26,0.27,0.01,0.01,78086.81,1777205208000
1777205210.184,110.184,0.73,0.74,0.26,0.27,0.01,0.01,78086.92,1777205209000
1777205211.304,111.304,0.73,0.74,0.26,0.27,0.01,0.01,78086.92,1777205209000
1777205211.756,111.756,0.73,0.74,0.26,0.27,0.01,0.01,78087.54,1777205210000
1777205212.482,112.482,0.73,0.74,0.26,0.27,0.01,0.01,78087.54,1777205211000
1777205212.822,112.822,0.73,0.74,0.26,0.27,0.01,0.01,78087.54,1777205211000
1777205213.221,113.221,0.74,0.75,0.25,0.27,0.01,0.02,78087.54,1777205211000
1777205213.556,113.556,0.74,0.75,0.25,0.26,0.01,0.01,78087.54,1777205211000
1777205213.94,113.94,0.74,0.75,0.25,0.26,0.01,0.01,78087.54,1777205212000
1777205214.457,114.457,0.74,0.75,0.25,0.26,0.01,0.01,78087.38,1777205213000
1777205214.867,114.867,0.74,0.75,0.25,0.26,0.01,0.01,78087.38,1777205213000
1777205215.248,115.248,0.74,0.75,0.25,0.26,0.01,0.01,78087.38,1777205213000
1777205216.182,116.182,0.74,0.75,0.25,0.26,0.01,0.01,78086.71,1777205214000
1777205216.685,116.685,0.74,0.75,0.25,0.26,0.01,0.01,78087.12,1777205215000
1777205217.034,117.034,0.74,0.75,0.25,0.26,0.01,0.01,78087.33,1777205216000
1777205217.369,117.369,0.74,0.76,0.25,0.26,0.02,0.01,78087.33,1777205216000
1777205217.785,117.785,0.75,0.76,0.24,0.26,0.01,0.02,78087.33,1777205216000
1777205218.141,118.141,0.75,0.76,0.24,0.25,0.01,0.01,78087.41,1777205217000
1777205218.599,118.599,0.75,0.76,0.24,0.25,0.01,0.01,78087.41,1777205217000
1777205219.241,119.241,0.75,0.76,0.24,0.25,0.01,0.01,78087.41,1777205217000
1777205219.578,119.578,0.75,0.76,0.24,0.25,0.01,0.01,78094.15,1777205218000
1777205220.087,120.087,0.75,0.76,0.24,0.25,0.01,0.01,78094.15,1777205218000
1777205220.646,120.646,0.75,0.76,0.24,0.25,0.01,0.01,78087.89,1777205219000
1777205221.101,121.101,0.75,0.76,0.24,0.25,0.01,0.01,78087.89,1777205220000
1777205221.44,121.44,0.75,0.76,0.24,0.25,0.01,0.01,78087.89,1777205220000
1777205221.777,121.777,0.76,0.77,0.24,0.25,0.01,0.01,78087.89,1777205220000
1777205222.273,122.273,0.76,0.77,0.23,0.24,0.01,0.01,78087.88,1777205221000
1777205222.613,122.613,0.76,0.77,0.23,0.24,0.01,0.01,78087.88,1777205221000
1777205222.982,122.982,0.75,0.76,0.24,0.25,0.01,0.01,78087.88,1777205221000
1777205223.329,123.329,0.74,0.75,0.25,0.26,0.01,0.01,78087.36,1777205222000
1777205223.889,123.889,0.74,0.75,0.25,0.26,0.01,0.01,78087.36,1777205222000
1777205224.354,124.354,0.74,0.75,0.25,0.26,0.01,0.01,78087.35,1777205223000
1777205224.746,124.746,0.76,0.77,0.23,0.26,0.01,0.03,78087.35,1777205223000
1777205225.357,125.357,0.76,0.77,0.23,0.24,0.01,0.01,78087.35,1777205224000
1777205225.847,125.847,0.76,0.77,0.23,0.24,0.01,0.01,78087.35,1777205224000
1777205226.268,126.268,0.76,0.77,0.23,0.24,0.01,0.01,78087.87,1777205225000
1777205226.605,126.605,0.73,0.74,0.26,0.27,0.01,0.01,78087.87,1777205225000
1777205227.081,127.081,0.73,0.74,0.26,0.27,0.01,0.01,78087.87,1777205225000
1777205227.604,127.604,0.73,0.74,0.26,0.27,0.01,0.01,78087.88,1777205226000
1777205228.026,128.026,0.73,0.74,0.26,0.27,0.01,0.01,78087.88,1777205226000
1777205228.648,128.648,0.73,0.74,0.26,0.27,0.01,0.01,78088.42,1777205227000
1777205229.545,129.545,0.73,0.74,0.26,0.27,0.01,0.01,78088.42,1777205227000
1777205229.895,129.895,0.73,0.74,0.26,0.27,0.01,0.01,78088.32,1777205228000
1777205230.392,130.392,0.73,0.74,0.26,0.27,0.01,0.01,78088.32,1777205228000
1777205230.972,130.972,0.73,0.74,0.26,0.27,0.01,0.01,78088.32,1777205229000
1777205231.368,131.368,0.73,0.74,0.26,0.27,0.01,0.01,78088.32,1777205230000
1777205231.907,131.907,0.73,0.74,0.26,0.27,0.01,0.01,78088.32,1777205230000
1777205232.497,132.497,0.73,0.74,0.26,0.27,0.01,0.01,78088.32,1777205230000
1777205232.998,132.998,0.73,0.74,0.26,0.27,0.01,0.01,78088.0,1777205231000
1777205233.403,133.403,0.73,0.74,0.26,0.27,0.01,0.01,78088.0,1777205232000
1777205234.092,134.092,0.73,0.74,0.26,0.27,0.01,0.01,78088.0,1777205232000
1777205234.782,134.782,0.73,0.74,0.26,0.27,0.01,0.01,78088.47,1777205233000
1777205235.598,135.598,0.73,0.74,0.26,0.27,0.01,0.01,78088.47,1777205234000
1777205236.069,136.069,0.73,0.74,0.26,0.27,0.01,0.01,78088.47,1777205234000
1777205236.804,136.804,0.73,0.74,0.26,0.27,0.01,0.01,78088.45,1777205235000
1777205237.173,137.173,0.73,0.74,0.26,0.27,0.01,0.01,78088.45,1777205235000
1777205237.641,137.641,0.73,0.74,0.26,0.27,0.01,0.01,78088.45,1777205236000
1777205238.008,138.008,0.73,0.74,0.26,0.27,0.01,0.01,78088.45,1777205236000
1777205238.558,138.558,0.76,0.77,0.23,0.24,0.01,0.01,78088.45,1777205237000
1777205238.967,138.967,0.76,0.77,0.23,0.24,0.01,0.01,78088.45,1777205237000
1777205239.674,139.674,0.76,0.77,0.23,0.24,0.01,0.01,78088.45,1777205237000
1777205240.057,140.057,0.76,0.77,0.23,0.24,0.01,0.01,78088.39,1777205238000
1777205240.544,140.544,0.76,0.77,0.23,0.24,0.01,0.01,78088.39,1777205238000
1777205240.888,140.888,0.76,0.77,0.23,0.24,0.01,0.01,78088.39,1777205238000
1777205241.89,141.89,0.76,0.77,0.23,0.24,0.01,0.01,78088.7,1777205240000
1777205242.458,142.458,0.76,0.77,0.23,0.24,0.01,0.01,78088.7,1777205240000
1777205243.173,143.173,0.76,0.77,0.23,0.24,0.01,0.01,78088.64,1777205242000
1777205243.535,143.535,0.76,0.77,0.23,0.24,0.01,0.01,78088.64,1777205242000
1777205244.516,144.516,0.76,0.77,0.23,0.24,0.01,0.01,78088.11,1777205243000
1777205245.17,145.17,0.76,0.77,0.23,0.24,0.01,0.01,78088.11,1777205244000
1777205246.854,146.854,0.76,0.77,0.23,0.24,0.01,0.01,78088.11,1777205244000
1777205247.196,147.196,0.76,0.77,0.23,0.24,0.01,0.01,78088.11,1777205245000
1777205247.706,147.706,0.76,0.77,0.23,0.24,0.01,0.01,78088.08,1777205246000
1777205248.176,148.176,0.76,0.77,0.23,0.24,0.01,0.01,78088.08,1777205247000
1777205248.556,148.556,0.76,0.77,0.23,0.24,0.01,0.01,78088.08,1777205247000
1777205249.048,149.048,0.76,0.77,0.23,0.24,0.01,0.01,78088.08,1777205247000
1777205249.949,149.949,0.76,0.77,0.23,0.24,0.01,0.01,78088.88,1777205248000
1777205250.393,150.393,0.79,0.8,0.2,0.21,0.01,0.01,78088.88,1777205249000
1777205250.752,150.752,0.79,0.8,0.2,0.21,0.01,0.01,78088.88,1777205249000
1777205251.089,151.089,0.79,0.8,0.2,0.21,0.01,0.01,78088.88,1777205250000
1777205251.614,151.614,0.79,0.8,0.2,0.21,0.01,0.01,78088.88,1777205250000
1777205251.967,151.967,0.79,0.8,0.2,0.21,0.01,0.01,78088.99,1777205251000
1777205252.62,152.62,0.79,0.8,0.2,0.21,0.01,0.01,78088.99,1777205251000
1777205253.064,153.064,0.79,0.8,0.2,0.21,0.01,0.01,78088.99,1777205251000
1777205253.447,153.447,0.79,0.8,0.2,0.21,0.01,0.01,78088.92,1777205252000
1777205254.063,154.063,0.79,0.8,0.2,0.21,0.01,0.01,78087.3,1777205253000
1777205254.504,154.504,0.79,0.8,0.2,0.21,0.01,0.01,78087.3,1777205253000
1777205254.903,154.903,0.79,0.8,0.2,0.21,0.01,0.01,78087.3,1777205253000
1777205255.31,155.31,0.79,0.8,0.2,0.21,0.01,0.01,78087.3,1777205253000
1777205256.057,156.057,0.79,0.8,0.2,0.21,0.01,0.01,78092.99,1777205254000
1777205256.447,156.447,0.79,0.8,0.2,0.21,0.01,0.01,78087.39,1777205255000
1777205256.805,156.805,0.79,0.8,0.2,0.21,0.01,0.01,78087.39,1777205255000
1777205257.667,157.667,0.79,0.8,0.2,0.21,0.01,0.01,78087.39,1777205256000
1777205258.073,158.073,0.79,0.8,0.2,0.21,0.01,0.01,78086.98,1777205257000
1777205258.446,158.446,0.71,0.72,0.27,0.3,0.01,0.03,78086.98,1777205257000
1777205258.828,158.828,0.66,0.67,0.33,0.35,0.01,0.02,78086.98,1777205257000
1777205259.227,159.227,0.66,0.67,0.33,0.34,0.01,0.01,78087.01,1777205258000
1777205259.629,159.629,0.66,0.67,0.33,0.34,0.01,0.01,78087.01,1777205258000
1777205259.968,159.968,0.66,0.67,0.33,0.34,0.01,0.01,78087.01,1777205258000
1777205260.384,160.384,0.66,0.67,0.33,0.34,0.01,0.01,78087.03,1777205259000
1777205260.998,160.998,0.66,0.67,0.33,0.34,0.01,0.01,78087.03,1777205259000
1777205261.403,161.403,0.66,0.67,0.33,0.34,0.01,0.01,78086.08,1777205260000
1777205261.979,161.979,0.66,0.67,0.33,0.34,0.01,0.01,78086.08,1777205260000
1777205262.313,162.313,0.64,0.67,0.33,0.36,0.03,0.03,78086.08,1777205260000
1777205262.775,162.775,0.64,0.65,0.35,0.36,0.01,0.01,78085.66,1777205261000
1777205263.127,163.127,0.64,0.65,0.35,0.36,0.01,0.01,78085.66,1777205261000
1777205263.541,163.541,0.64,0.65,0.35,0.36,0.01,0.01,78085.46,1777205262000
1777205263.942,163.942,0.64,0.65,0.35,0.36,0.01,0.01,78085.46,1777205262000
1777205264.314,164.314,0.64,0.65,0.35,0.36,0.01,0.01,78084.33,1777205263000
1777205264.997,164.997,0.64,0.65,0.35,0.36,0.01,0.01,78084.33,1777205263000
1777205265.362,165.362,0.64,0.65,0.35,0.36,0.01,0.01,78083.67,1777205264000
1777205265.779,165.779,0.64,0.65,0.35,0.36,0.01,0.01,78083.67,1777205264000
1777205266.187,166.187,0.64,0.65,0.35,0.36,0.01,0.01,78083.67,1777205265000
1777205266.845,166.845,0.64,0.68,0.35,0.36,0.04,0.01,78083.67,1777205265000
1777205267.254,167.254,0.66,0.67,0.33,0.36,0.01,0.03,78083.67,1777205265000
1777205267.697,167.697,0.66,0.67,0.33,0.34,0.01,0.01,78083.66,1777205266000
1777205268.213,168.213,0.66,0.67,0.33,0.34,0.01,0.01,78083.61,1777205267000
1777205269.33,169.33,0.66,0.67,0.33,0.34,0.01,0.01,78083.61,1777205268000
1777205269.835,169.835,0.66,0.67,0.33,0.34,0.01,0.01,78083.61,1777205268000
1777205270.2,170.2,0.53,0.56,0.44,0.47,0.03,0.03,78083.61,1777205268000
1777205270.629,170.629,0.55,0.56,0.44,0.46,0.01,0.02,78082.35,1777205269000
1777205271.023,171.023,0.55,0.56,0.44,0.45,0.01,0.01,78082.35,1777205269000
1777205271.368,171.368,0.55,0.56,0.44,0.45,0.01,0.01,78082.35,1777205269000
1777205271.778,171.778,0.55,0.56,0.44,0.45,0.01,0.01,78080.66,1777205270000
1777205272.186,172.186,0.55,0.56,0.44,0.45,0.01,0.01,78080.26,1777205271000
1777205272.539,172.539,0.55,0.56,0.44,0.45,0.01,0.01,78080.26,1777205271000
1777205272.989,172.989,0.55,0.56,0.44,0.45,0.01,0.01,78080.26,1777205271000
1777205273.694,173.694,0.55,0.56,0.44,0.45,0.01,0.01,78079.72,1777205272000
1777205274.081,174.081,0.54,0.55,0.45,0.46,0.01,0.01,78079.34,1777205273000
1777205274.762,174.762,0.55,0.56,0.44,0.45,0.01,0.01,78079.34,1777205273000
1777205275.744,175.744,0.55,0.56,0.44,0.45,0.01,0.01,78079.34,1777205273000
1777205276.308,176.308,0.55,0.56,0.44,0.45,0.01,0.01,78078.79,1777205274000
1777205276.693,176.693,0.55,0.56,0.44,0.45,0.01,0.01,78078.88,1777205275000
1777205277.031,177.031,0.55,0.56,0.44,0.45,0.01,0.01,78078.88,1777205276000
1777205277.382,177.382,0.54,0.56,0.44,0.45,0.02,0.01,78078.88,1777205276000
1777205277.729,177.729,0.54,0.55,0.45,0.46,0.01,0.01,78078.88,1777205276000
1777205278.136,178.136,0.54,0.55,0.45,0.46,0.01,0.01,78078.88,1777205276000
1777205278.738,178.738,0.55,0.56,0.44,0.46,0.01,0.02,78079.18,1777205277000
1777205279.261,179.261,0.55,0.56,0.44,0.45,0.01,0.01,78079.18,1777205277000
1777205279.599,179.599,0.54,0.56,0.44,0.45,0.02,0.01,78079.09,1777205278000
1777205280.042,180.042,0.54,0.55,0.45,0.46,0.01,0.01,78079.09,1777205278000
1777205280.401,180.401,0.54,0.55,0.45,0.46,0.01,0.01,78079.09,1777205279000
1777205280.754,180.754,0.54,0.55,0.45,0.46,0.01,0.01,78079.09,1777205279000
1777205281.221,181.221,0.52,0.53,0.45,0.49,0.01,0.04,78079.09,1777205280000
1777205281.899,181.899,0.52,0.53,0.47,0.48,0.01,0.01,78079.09,1777205280000
1777205282.429,182.429,0.51,0.52,0.48,0.49,0.01,0.01,78079.16,1777205281000
1777205282.816,182.816,0.52,0.54,0.47,0.48,0.02,0.01,78079.16,1777205281000
1777205283.15,183.15,0.53,0.54,0.46,0.47,0.01,0.01,78079.16,1777205281000
1777205283.661,183.661,0.54,0.55,0.45,0.46,0.01,0.01,78078.83,1777205282000
1777205284.046,184.046,0.54,0.55,0.45,0.46,0.01,0.01,78078.84,1777205283000
1777205284.706,184.706,0.54,0.55,0.45,0.46,0.01,0.01,78078.84,1777205283000
1777205285.284,185.284,0.54,0.55,0.45,0.46,0.01,0.01,78078.85,1777205284000
1777205285.885,185.885,0.54,0.55,0.45,0.46,0.01,0.01,78078.85,1777205284000
1777205286.319,186.319,0.54,0.55,0.45,0.46,0.01,0.01,78078.77,1777205285000
1777205287.148,187.148,0.54,0.55,0.45,0.46,0.01,0.01,78078.77,1777205285000
1777205287.54,187.54,0.54,0.56,0.44,0.46,0.02,0.02,78079.52,1777205286000
1777205287.912,187.912,0.55,0.56,0.44,0.46,0.01,0.02,78079.52,1777205286000
1777205288.263,188.263,0.55,0.56,0.44,0.45,0.01,0.01,78079.52,1777205287000
1777205289.167,189.167,0.52,0.56,0.44,0.45,0.04,0.01,78079.52,1777205287000
1777205289.915,189.915,0.52,0.54,0.45,0.46,0.02,0.01,78079.56,1777205288000
1777205290.411,190.411,0.53,0.54,0.46,0.47,0.01,0.01,78079.56,1777205288000
1777205290.758,190.758,0.53,0.54,0.46,0.47,0.01,0.01,78079.09,1777205289000
1777205291.117,191.117,0.53,0.54,0.46,0.47,0.01,0.01,78079.09,1777205289000
1777205291.62,191.62,0.53,0.54,0.46,0.47,0.01,0.01,78079.09,1777205290000
1777205292.18,192.18,0.53,0.55,0.46,0.47,0.02,0.01,78079.09,1777205290000
1777205293.106,193.106,0.54,0.55,0.45,0.47,0.01,0.02,78079.09,1777205291000
1777205293.5,193.5,0.54,0.55,0.45,0.46,0.01,0.01,78079.09,1777205292000
1777205294.001,194.001,0.53,0.54,0.46,0.47,0.01,0.01,78079.09,1777205292000
1777205294.644,194.644,0.53,0.54,0.46,0.47,0.01,0.01,78079.09,1777205293000
1777205295.014,195.014,0.54,0.55,0.46,0.47,0.01,0.01,78079.09,1777205293000
1777205295.376,195.376,0.54,0.55,0.45,0.46,0.01,0.01,78079.53,1777205294000
1777205295.714,195.714,0.53,0.55,0.45,0.47,0.02,0.02,78079.53,1777205294000
1777205296.154,196.154,0.52,0.55,0.45,0.46,0.03,0.01,78079.58,1777205295000
1777205297.287,197.287,0.53,0.54,0.46,0.47,0.01,0.01,78079.58,1777205296000
1777205298.076,198.076,0.53,0.54,0.46,0.47,0.01,0.01,78079.58,1777205296000
1777205298.653,198.653,0.55,0.56,0.44,0.45,0.01,0.01,78079.58,1777205296000
1777205299.183,199.183,0.55,0.56,0.44,0.45,0.01,0.01,78079.38,1777205298000
1777205299.607,199.607,0.55,0.56,0.44,0.45,0.01,0.01,78079.38,1777205298000
1777205300.011,200.011,0.55,0.57,0.43,0.45,0.02,0.02,78079.38,1777205298000
1777205300.453,200.453,0.56,0.57,0.43,0.44,0.01,0.01,78079.38,1777205298000
1777205301.023,201.023,0.56,0.57,0.43,0.44,0.01,0.01,78079.38,1777205299000
1777205301.394,201.394,0.56,0.57,0.43,0.44,0.01,0.01,78079.38,1777205300000
1777205302.525,202.525,0.56,0.57,0.43,0.44,0.01,0.01,78079.38,1777205301000
1777205302.88,202.88,0.58,0.59,0.4,0.44,0.01,0.04,78079.38,1777205301000
1777205303.616,203.616,0.58,0.59,0.41,0.42,0.01,0.01,78079.38,1777205302000
1777205303.965,203.965,0.58,0.59,0.41,0.42,0.01,0.01,78079.38,1777205302000
1777205304.372,204.372,0.58,0.59,0.41,0.42,0.01,0.01,78079.23,1777205303000
1777205304.769,204.769,0.58,0.59,0.41,0.42,0.01,0.01,78079.23,1777205303000
1777205305.103,205.103,0.58,0.59,0.41,0.42,0.01,0.01,78079.23,1777205303000
1777205305.553,205.553,0.58,0.59,0.41,0.42,0.01,0.01,78079.19,1777205304000
1777205306.169,206.169,0.58,0.59,0.41,0.42,0.01,0.01,78079.19,1777205304000
1777205307.1,207.1,0.58,0.59,0.41,0.42,0.01,0.01,78079.19,1777205305000
1777205307.783,207.783,0.58,0.59,0.41,0.42,0.01,0.01,78079.19,1777205306000
1777205308.359,208.359,0.58,0.59,0.41,0.42,0.01,0.01,78079.22,1777205307000
1777205309.159,209.159,0.58,0.59,0.41,0.42,0.01,0.01,78079.22,1777205307000
1777205309.586,209.586,0.57,0.59,0.41,0.42,0.02,0.01,78079.22,1777205308000
1777205310.089,210.089,0.57,0.58,0.41,0.43,0.01,0.02,78079.22,1777205308000
1777205310.54,210.54,0.57,0.58,0.42,0.43,0.01,0.01,78079.22,1777205309000
1777205311.159,211.159,0.57,0.58,0.42,0.43,0.01,0.01,78079.22,1777205309000
1777205311.719,211.719,0.57,0.58,0.42,0.43,0.01,0.01,78080.19,1777205310000
1777205312.199,212.199,0.57,0.58,0.42,0.43,0.01,0.01,78080.23,1777205311000
1777205312.703,212.703,0.57,0.58,0.42,0.43,0.01,0.01,78080.23,1777205311000
1777205313.305,213.305,0.57,0.58,0.42,0.43,0.01,0.01,78080.22,1777205312000
1777205313.745,213.745,0.57,0.58,0.42,0.43,0.01,0.01,78080.22,1777205312000
1777205314.548,214.548,0.57,0.58,0.42,0.43,0.01,0.01,78080.22,1777205313000
1777205315.325,215.325,0.56,0.57,0.42,0.44,0.01,0.02,78080.22,1777205314000
1777205315.99,215.99,0.56,0.57,0.43,0.44,0.01,0.01,78080.12,1777205315000
1777205316.426,216.426,0.56,0.57,0.43,0.44,0.01,0.01,78080.12,1777205315000
1777205316.773,216.773,0.55,0.57,0.43,0.44,0.02,0.01,78080.12,1777205315000
1777205317.107,217.107,0.55,0.56,0.44,0.45,0.01,0.01,78080.12,1777205316000
1777205317.598,217.598,0.55,0.56,0.44,0.45,0.01,0.01,78080.12,1777205316000
1777205318.385,218.385,0.49,0.55,0.44,0.45,0.06,0.01,78080.14,1777205317000
1777205318.749,218.749,0.42,0.44,0.56,0.57,0.02,0.01,78080.14,1777205317000
1777205319.344,219.344,0.42,0.43,0.57,0.58,0.01,0.01,78080.14,1777205318000
1777205319.733,219.733,0.42,0.43,0.57,0.58,0.01,0.01,78080.14,1777205318000
1777205320.124,220.124,0.42,0.43,0.57,0.58,0.01,0.01,78080.14,1777205318000
1777205320.477,220.477,0.42,0.43,0.57,0.58,0.01,0.01,78078.89,1777205319000
1777205320.868,220.868,0.42,0.43,0.57,0.58,0.01,0.01,78078.89,1777205319000
1777205321.468,221.468,0.42,0.43,0.57,0.58,0.01,0.01,78078.4,1777205320000
1777205322.066,222.066,0.42,0.43,0.57,0.58,0.01,0.01,78078.4,1777205320000
1777205322.457,222.457,0.42,0.43,0.57,0.58,0.01,0.01,78078.22,1777205321000
1777205322.958,222.958,0.42,0.45,0.57,0.58,0.03,0.01,78078.22,1777205321000
1777205323.296,223.296,0.42,0.44,0.57,0.58,0.02,0.01,78078.22,1777205321000
1777205323.637,223.637,0.44,0.45,0.55,0.56,0.01,0.01,78078.41,1777205322000
1777205324.021,224.021,0.44,0.45,0.55,0.56,0.01,0.01,78078.41,1777205323000
1777205324.439,224.439,0.43,0.44,0.55,0.56,0.01,0.01,78078.41,1777205323000
1777205324.787,224.787,0.33,0.34,0.66,0.67,0.01,0.01,78078.41,1777205323000
1777205325.172,225.172,0.31,0.32,0.68,0.69,0.01,0.01,78078.41,1777205323000
1777205325.511,225.511,0.31,0.32,0.68,0.69,0.01,0.01,78078.24,1777205324000
1777205325.845,225.845,0.31,0.32,0.68,0.69,0.01,0.01,78078.24,1777205324000
1777205326.187,226.187,0.28,0.29,0.71,0.72,0.01,0.01,78078.24,1777205324000
1777205326.583,226.583,0.24,0.25,0.75,0.76,0.01,0.01,78076.45,1777205325000
1777205326.933,226.933,0.24,0.25,0.75,0.76,0.01,0.01,78076.45,1777205325000
1777205327.287,227.287,0.24,0.25,0.75,0.76,0.01,0.01,78074.57,1777205326000
1777205327.667,227.667,0.24,0.25,0.75,0.76,0.01,0.01,78074.57,1777205326000
1777205328.047,228.047,0.24,0.25,0.75,0.76,0.01,0.01,78074.57,1777205326000
1777205328.384,228.384,0.24,0.25,0.75,0.76,0.01,0.01,78074.57,1777205326000
1777205328.853,228.853,0.24,0.25,0.75,0.76,0.01,0.01,78073.11,1777205327000
1777205329.617,229.617,0.24,0.25,0.75,0.76,0.01,0.01,78071.37,1777205328000
1777205330.077,230.077,0.21,0.23,0.75,0.79,0.02,0.04,78071.37,1777205328000
1777205330.42,230.42,0.22,0.23,0.77,0.78,0.01,0.01,78070.27,1777205329000
1777205330.779,230.779,0.22,0.23,0.77,0.78,0.01,0.01,78070.27,1777205329000
1777205331.332,231.332,0.22,0.23,0.77,0.79,0.01,0.02,78070.27,1777205330000
1777205331.68,231.68,0.23,0.24,0.76,0.77,0.01,0.01,78070.27,1777205330000
1777205332.066,232.066,0.23,0.24,0.76,0.77,0.01,0.01,78070.27,1777205330000
1777205332.591,232.591,0.23,0.24,0.76,0.77,0.01,0.01,78069.92,1777205331000
1777205332.956,232.956,0.22,0.23,0.76,0.78,0.01,0.02,78069.92,1777205331000
1777205333.333,233.333,0.22,0.23,0.77,0.78,0.01,0.01,78069.92,1777205331000
1777205333.699,233.699,0.22,0.23,0.77,0.78,0.01,0.01,78069.68,1777205332000
1777205334.065,234.065,0.23,0.24,0.76,0.77,0.01,0.01,78069.68,1777205333000
1777205334.488,234.488,0.23,0.24,0.76,0.77,0.01,0.01,78069.68,1777205333000
1777205334.86,234.86,0.23,0.24,0.76,0.77,0.01,0.01,78069.68,1777205333000
1777205335.196,235.196,0.23,0.24,0.76,0.77,0.01,0.01,78068.97,1777205334000
1777205335.53,235.53,0.23,0.24,0.76,0.77,0.01,0.01,78068.97,1777205334000
1777205336.318,236.318,0.23,0.24,0.76,0.77,0.01,0.01,78068.97,1777205335000
1777205337.349,237.349,0.23,0.24,0.76,0.77,0.01,0.01,78069.37,1777205336000
1777205337.719,237.719,0.23,0.24,0.76,0.77,0.01,0.01,78069.37,1777205336000
1777205338.063,238.063,0.22,0.23,0.77,0.78,0.01,0.01,78069.37,1777205336000
1777205338.457,238.457,0.2,0.23,0.77,0.78,0.03,0.01,78069.23,1777205337000
1777205338.79,238.79,0.2,0.21,0.79,0.8,0.01,0.01,78069.23,1777205337000
1777205339.41,239.41,0.18,0.21,0.79,0.8,0.03,0.01,78069.23,1777205338000
1777205339.785,239.785,0.16,0.17,0.81,0.84,0.01,0.03,78069.23,1777205338000
1777205340.17,240.17,0.12,0.15,0.85,0.86,0.03,0.01,78067.99,1777205339000
1777205340.505,240.505,0.14,0.15,0.85,0.86,0.01,0.01,78067.99,1777205339000
1777205340.84,240.84,0.11,0.15,0.85,0.86,0.04,0.01,78067.99,1777205339000
1777205341.208,241.208,0.17,0.18,0.82,0.83,0.01,0.01,78065.84,1777205340000
1777205341.544,241.544,0.13,0.16,0.82,0.85,0.03,0.03,78065.84,1777205340000
1777205341.894,241.894,0.11,0.14,0.86,0.87,0.03,0.01,78065.84,1777205340000
1777205342.273,242.273,0.11,0.12,0.88,0.89,0.01,0.01,78060.57,1777205341000
1777205342.719,242.719,0.11,0.12,0.88,0.89,0.01,0.01,78060.57,1777205341000
1777205343.115,243.115,0.11,0.12,0.88,0.89,0.01,0.01,78060.49,1777205342000
1777205343.499,243.499,0.11,0.12,0.88,0.89,0.01,0.01,78060.49,1777205342000
1777205343.859,243.859,0.1,0.11,0.89,0.9,0.01,0.01,78060.49,1777205342000
1777205344.242,244.242,0.1,0.11,0.89,0.9,0.01,0.01,78060.95,1777205343000
1777205344.583,244.583,0.1,0.11,0.89,0.9,0.01,0.01,78060.95,1777205343000
1777205344.921,244.921,0.1,0.11,0.89,0.9,0.01,0.01,78060.95,1777205343000
1777205345.333,245.333,0.1,0.11,0.89,0.9,0.01,0.01,78061.47,1777205344000
1777205345.672,245.672,0.1,0.11,0.89,0.9,0.01,0.01,78061.47,1777205344000
1777205346.045,246.045,0.1,0.11,0.9,0.91,0.01,0.01,78061.32,1777205345000
1777205346.537,246.537,0.09,0.1,0.9,0.91,0.01,0.01,78061.32,1777205345000
1777205346.957,246.957,0.08,0.09,0.91,0.92,0.01,0.01,78061.38,1777205346000
1777205347.308,247.308,0.07,0.08,0.91,0.93,0.01,0.02,78061.38,1777205346000
1777205347.706,247.706,0.07,0.08,0.92,0.93,0.01,0.01,78061.38,1777205346000
1777205348.049,248.049,0.07,0.08,0.92,0.93,0.01,0.01,78061.38,1777205346000
1777205348.782,248.782,0.07,0.08,0.92,0.93,0.01,0.01,78061.38,1777205347000
1777205349.167,249.167,0.07,0.08,0.92,0.93,0.01,0.01,78061.38,1777205347000
1777205349.525,249.525,0.07,0.08,0.92,0.93,0.01,0.01,78061.38,1777205347000
1777205349.859,249.859,0.07,0.08,0.92,0.93,0.01,0.01,78061.17,1777205348000
1777205350.219,250.219,0.07,0.08,0.92,0.93,0.01,0.01,78061.17,1777205348000
1777205350.559,250.559,0.07,0.09,0.91,0.93,0.02,0.02,78061.36,1777205349000
1777205350.898,250.898,0.1,0.11,0.9,0.91,0.01,0.01,78061.36,1777205349000
1777205351.305,251.305,0.1,0.12,0.88,0.89,0.02,0.01,78061.36,1777205350000
1777205351.66,251.66,0.1,0.12,0.88,0.9,0.02,0.02,78061.36,1777205350000
1777205352.013,252.013,0.1,0.11,0.88,0.9,0.01,0.02,78061.36,1777205350000
1777205352.581,252.581,0.1,0.11,0.89,0.9,0.01,0.01,78061.49,1777205351000
1777205353.096,253.096,0.11,0.12,0.88,0.9,0.01,0.02,78061.49,1777205351000
1777205353.586,253.586,0.11,0.12,0.88,0.89,0.01,0.01,78062.08,1777205352000
1777205354.11,254.11,0.07,0.08,0.92,0.93,0.01,0.01,78062.71,1777205353000
1777205354.623,254.623,0.07,0.08,0.92,0.93,0.01,0.01,78062.71,1777205353000
1777205354.985,254.985,0.07,0.08,0.92,0.93,0.01,0.01,78062.71,1777205353000
1777205355.356,255.356,0.07,0.08,0.92,0.93,0.01,0.01,78062.76,1777205354000
1777205355.91,255.91,0.06,0.07,0.93,0.94,0.01,0.01,78062.76,1777205354000
1777205356.266,256.266,0.04,0.05,0.94,0.97,0.01,0.03,78062.76,1777205355000
1777205356.652,256.652,0.04,0.05,0.95,0.96,0.01,0.01,78062.76,1777205355000
1777205356.989,256.989,0.05,0.06,0.94,0.95,0.01,0.01,78062.76,1777205355000
1777205357.407,257.407,0.04,0.05,0.95,0.96,0.01,0.01,78063.12,1777205356000
1777205357.787,257.787,0.05,0.06,0.94,0.95,0.01,0.01,78063.12,1777205356000
1777205358.266,258.266,0.05,0.06,0.94,0.95,0.01,0.01,78063.12,1777205357000
1777205358.605,258.605,0.05,0.06,0.94,0.95,0.01,0.01,78063.12,1777205357000
1777205358.938,258.938,0.04,0.05,0.94,0.95,0.01,0.01,78063.12,1777205357000
1777205359.348,259.348,0.04,0.05,0.95,0.96,0.01,0.01,78063.1,1777205358000
1777205359.936,259.936,0.03,0.05,0.95,0.96,0.02,0.01,78063.1,1777205358000
1777205360.314,260.314,0.04,0.05,0.95,0.96,0.01,0.01,78063.1,1777205358000
1777205360.706,260.706,0.03,0.04,0.95,0.96,0.01,0.01,78063.1,1777205359000
1777205361.041,261.041,0.03,0.05,0.96,0.97,0.02,0.01,78063.1,1777205360000
1777205361.411,261.411,0.04,0.05,0.95,0.96,0.01,0.01,78063.1,1777205360000
1777205361.78,261.78,0.04,0.05,0.95,0.96,0.01,0.01,78063.1,1777205360000
1777205362.383,262.383,0.03,0.04,0.95,0.97,0.01,0.02,78063.1,1777205361000
1777205362.766,262.766,0.04,0.05,0.95,0.97,0.01,0.02,78063.1,1777205361000
1777205363.109,263.109,0.04,0.05,0.94,0.96,0.01,0.02,78063.1,1777205361000
1777205363.637,263.637,0.04,0.05,0.94,0.97,0.01,0.03,78063.1,1777205362000
1777205364.165,264.165,0.03,0.04,0.96,0.97,0.01,0.01,78063.1,1777205362000
1777205364.576,264.576,0.03,0.04,0.96,0.97,0.01,0.01,78063.1,1777205362000
1777205365.178,265.178,0.04,0.05,0.95,0.96,0.01,0.01,78063.13,1777205363000
1777205365.551,265.551,0.03,0.05,0.95,0.96,0.02,0.01,78063.13,1777205364000
1777205366.102,266.102,0.05,0.06,0.94,0.97,0.01,0.03,78063.13,1777205364000
1777205366.57,266.57,0.05,0.06,0.94,0.95,0.01,0.01,78062.9,1777205365000
1777205367.399,267.399,0.05,0.06,0.94,0.95,0.01,0.01,78062.82,1777205366000
1777205367.804,267.804,0.04,0.05,0.94,0.95,0.01,0.01,78062.82,1777205366000
1777205368.228,268.228,0.04,0.05,0.95,0.96,0.01,0.01,78062.82,1777205367000
1777205368.853,268.853,0.04,0.05,0.95,0.96,0.01,0.01,78062.82,1777205367000
1777205369.228,269.228,0.04,0.05,0.95,0.96,0.01,0.01,78075.8,1777205368000
1777205369.619,269.619,0.04,0.05,0.95,0.96,0.01,0.01,78075.8,1777205368000
1777205370.033,270.033,0.06,0.07,0.91,0.94,0.01,0.03,78075.8,1777205368000
1777205370.431,270.431,0.08,0.09,0.9,0.93,0.01,0.03,78076.29,1777205369000
1777205370.879,270.879,0.09,0.1,0.89,0.91,0.01,0.02,78076.29,1777205369000
1777205371.263,271.263,0.07,0.08,0.9,0.94,0.01,0.04,78076.29,1777205369000
1777205371.791,271.791,0.04,0.05,0.95,0.96,0.01,0.01,78063.37,1777205370000
1777205372.143,272.143,0.04,0.05,0.95,0.96,0.01,0.01,78063.37,1777205371000
1777205372.659,272.659,0.02,0.05,0.95,0.96,0.03,0.01,78063.37,1777205371000
1777205373.145,273.145,0.02,0.03,0.97,0.98,0.01,0.01,78063.44,1777205372000
1777205373.532,273.532,0.02,0.03,0.97,0.98,0.01,0.01,78063.44,1777205372000
1777205373.955,273.955,0.02,0.03,0.97,0.98,0.01,0.01,78063.44,1777205372000
1777205374.41,274.41,0.02,0.03,0.97,0.98,0.01,0.01,78062.86,1777205373000
1777205374.851,274.851,0.02,0.03,0.97,0.98,0.01,0.01,78062.86,1777205373000
1777205375.324,275.324,0.02,0.03,0.97,0.98,0.01,0.01,78062.86,1777205373000
1777205375.69,275.69,0.02,0.03,0.97,0.98,0.01,0.01,78062.86,1777205374000
1777205376.029,276.029,0.02,0.03,0.97,0.98,0.01,0.01,78062.86,1777205375000
1777205376.471,276.471,0.02,0.03,0.97,0.98,0.01,0.01,78062.86,1777205375000
1777205376.853,276.853,0.04,0.05,0.95,0.96,0.01,0.01,78062.86,1777205375000
1777205377.329,277.329,0.04,0.05,0.95,0.96,0.01,0.01,78062.31,1777205376000
1777205377.752,277.752,0.04,0.05,0.95,0.96,0.01,0.01,78062.31,1777205376000
1777205378.1,278.1,0.02,0.03,0.95,0.98,0.01,0.03,78062.31,1777205376000
1777205378.44,278.44,0.02,0.03,0.97,0.98,0.01,0.01,78061.21,1777205377000
1777205378.833,278.833,0.02,0.05,0.95,0.96,0.03,0.01,78061.21,1777205377000
1777205379.58,279.58,0.02,0.03,0.97,0.98,0.01,0.01,78061.28,1777205378000
1777205380.011,280.011,0.02,0.03,0.97,0.98,0.01,0.01,78061.29,1777205379000
1777205380.347,280.347,0.02,0.03,0.97,0.98,0.01,0.01,78061.29,1777205379000
1777205380.715,280.715,0.02,0.03,0.97,0.98,0.01,0.01,78061.29,1777205379000
1777205381.129,281.129,0.02,0.03,0.97,0.98,0.01,0.01,78061.29,1777205380000
1777205381.538,281.538,0.02,0.03,0.97,0.98,0.01,0.01,78061.29,1777205380000
1777205381.897,281.897,0.02,0.03,0.97,0.98,0.01,0.01,78061.39,1777205381000
1777205382.272,282.272,0.02,0.03,0.97,0.98,0.01,0.01,78061.39,1777205381000
1777205382.825,282.825,0.01,0.02,0.97,0.98,0.01,0.01,78061.39,1777205381000
1777205383.167,283.167,0.01,0.02,0.98,0.99,0.01,0.01,78060.56,1777205382000
1777205383.532,283.532,0.01,0.02,0.98,0.99,0.01,0.01,78060.56,1777205382000
1777205383.871,283.871,0.01,0.02,0.98,0.99,0.01,0.01,78060.56,1777205383000
1777205384.285,284.285,0.01,0.02,0.98,0.99,0.01,0.01,78060.56,1777205383000
1777205384.777,284.777,0.01,0.02,0.98,0.99,0.01,0.01,78060.56,1777205383000
1777205385.162,285.162,0.01,0.02,0.98,0.99,0.01,0.01,78060.56,1777205383000
1777205385.555,285.555,0.01,0.02,0.98,0.99,0.01,0.01,78060.56,1777205384000
1777205385.958,285.958,0.01,0.02,0.97,0.99,0.01,0.02,78060.56,1777205384000
1777205386.3,286.3,0.01,0.02,0.98,0.99,0.01,0.01,78060.66,1777205385000
1777205386.784,286.784,0.01,0.02,0.98,0.99,0.01,0.01,78060.66,1777205385000
1777205387.199,287.199,0.01,0.02,0.98,0.99,0.01,0.01,78061.0,1777205386000
1777205387.7,287.7,0.01,0.02,0.98,0.99,0.01,0.01,78061.0,1777205386000
1777205388.088,288.088,0.01,0.02,0.97,0.99,0.01,0.02,78061.87,1777205387000
1777205388.518,288.518,0.01,0.02,0.98,0.99,0.01,0.01,78061.87,1777205387000
1777205388.875,288.875,0.01,0.02,0.98,0.99,0.01,0.01,78061.87,1777205387000
1777205389.355,289.355,0.01,0.02,0.98,0.99,0.01,0.01,78061.84,1777205388000
1777205389.769,289.769,0.01,0.02,0.98,0.99,0.01,0.01,78061.84,1777205388000
1777205390.208,290.208,0.01,0.02,0.98,0.99,0.01,0.01,78061.83,1777205389000
1777205390.619,290.619,0.01,0.02,0.98,0.99,0.01,0.01,78061.83,1777205389000
1777205391.139,291.139,0.01,0.02,0.98,0.99,0.01,0.01,78061.83,1777205389000
1777205391.501,291.501,0.01,0.02,0.98,0.99,0.01,0.01,78060.59,1777205390000
1777205391.968,291.968,0.01,0.02,0.98,0.99,0.01,0.01,78060.59,1777205390000
1777205392.479,292.479,0.01,0.02,0.98,0.99,0.01,0.01,78060.59,1777205391000
1777205392.875,292.875,0.01,0.02,0.98,0.99,0.01,0.01,78060.59,1777205391000
1777205393.353,293.353,0.01,0.02,0.98,0.99,0.01,0.01,78060.6,1777205392000
1777205394.139,294.139,0.01,0.01,0.99,0.99,0.0,0.0,78060.6,1777205392000
1777205394.746,294.746,0.01,0.01,0.99,0.99,0.0,0.0,78060.68,1777205393000
1777205395.536,295.536,0.01,0.01,0.99,0.99,0.0,0.0,78060.8,1777205394000
1777205396.211,296.211,0.01,0.01,0.99,0.99,0.0,0.0,78061.42,1777205395000
1777205397.419,297.419,0.01,0.01,0.99,0.99,0.0,0.0,78061.43,1777205396000
1777205397.882,297.882,0.01,0.01,0.99,0.99,0.0,0.0,78061.43,1777205396000
1777205399.303,299.303,0.01,0.01,0.99,0.99,0.0,0.0,78061.3,1777205398000
1777205400.041,300.041,0.01,0.01,0.99,0.99,0.0,0.0,78061.3,1777205398000
1777205400.39,300.39,0.01,0.01,0.99,0.99,0.0,0.0,78061.3,1777205398000
1777205400.778,300.778,0.01,0.01,0.99,0.99,0.0,0.0,78061.3,1777205399000
1777205401.133,301.133,0.01,0.01,0.99,0.99,0.0,0.0,78061.3,1777205400000
1777205402.528,302.528,0.01,0.01,0.99,0.99,0.0,0.0,78061.3,1777205401000

# RESULT,winner=Down,slug=btc-updown-5m-1777205100,ticks=618
