timestamp,elapsed_sec,up_bid,up_ask,down_bid,down_ask,up_spread,down_spread,btc_price,btc_oracle_ts
1776539700.514,0.514,0.47,0.48,0.52,0.53,0.01,0.01,75773.13,1776539699000
1776539701.257,1.257,0.49,0.5,0.5,0.51,0.01,0.01,75773.13,1776539699000
1776539701.773,1.773,0.49,0.5,0.5,0.51,0.01,0.01,75773.53,1776539700000
1776539702.539,2.539,0.49,0.5,0.5,0.51,0.01,0.01,75773.53,1776539700000
1776539702.884,2.884,0.49,0.5,0.5,0.51,0.01,0.01,75773.52,1776539701000
1776539703.259,3.259,0.49,0.5,0.5,0.51,0.01,0.01,75773.52,1776539701000
1776539703.636,3.636,0.49,0.5,0.5,0.51,0.01,0.01,75773.51,1776539702000
1776539704.138,4.138,0.49,0.5,0.5,0.51,0.01,0.01,75773.51,1776539703000
1776539704.635,4.635,0.49,0.5,0.5,0.51,0.01,0.01,75773.51,1776539703000
1776539704.969,4.969,0.49,0.5,0.5,0.51,0.01,0.01,75773.51,1776539703000
1776539705.497,5.497,0.49,0.5,0.5,0.51,0.01,0.01,75773.51,1776539703000
1776539705.982,5.982,0.49,0.5,0.5,0.51,0.01,0.01,75770.01,1776539704000
1776539706.427,6.427,0.49,0.5,0.5,0.51,0.01,0.01,75773.61,1776539705000
1776539706.801,6.801,0.49,0.5,0.5,0.51,0.01,0.01,75773.61,1776539705000
1776539707.155,7.155,0.49,0.5,0.5,0.51,0.01,0.01,75773.61,1776539705000
1776539708.281,8.281,0.5,0.51,0.49,0.5,0.01,0.01,75773.61,1776539706000
1776539709.172,9.172,0.5,0.51,0.49,0.5,0.01,0.01,75773.64,1776539707000
1776539709.62,9.62,0.5,0.51,0.49,0.5,0.01,0.01,75773.65,1776539708000
1776539709.994,9.994,0.5,0.51,0.49,0.5,0.01,0.01,75773.65,1776539708000
1776539710.481,10.481,0.5,0.52,0.49,0.5,0.02,0.01,75773.65,1776539708000
1776539710.86,10.86,0.5,0.52,0.48,0.5,0.02,0.02,75773.65,1776539709000
1776539711.428,11.428,0.51,0.52,0.48,0.5,0.01,0.02,75773.65,1776539709000
1776539711.761,11.761,0.51,0.52,0.48,0.49,0.01,0.01,75773.65,1776539710000
1776539712.276,12.276,0.51,0.52,0.48,0.49,0.01,0.01,75773.65,1776539710000
1776539712.71,12.71,0.51,0.52,0.48,0.49,0.01,0.01,75775.16,1776539711000
1776539713.122,13.122,0.51,0.52,0.48,0.49,0.01,0.01,75775.16,1776539711000
1776539713.633,13.633,0.51,0.52,0.48,0.49,0.01,0.01,75772.51,1776539712000
1776539714.321,14.321,0.52,0.53,0.47,0.49,0.01,0.02,75772.51,1776539712000
1776539714.806,14.806,0.52,0.53,0.47,0.48,0.01,0.01,75772.51,1776539712000
1776539715.17,15.17,0.52,0.53,0.47,0.48,0.01,0.01,75772.51,1776539712000
1776539715.991,15.991,0.52,0.53,0.47,0.48,0.01,0.01,75775.16,1776539714000
1776539716.385,16.385,0.51,0.52,0.48,0.49,0.01,0.01,75775.16,1776539714000
1776539717.078,17.078,0.51,0.52,0.48,0.49,0.01,0.01,75775.16,1776539715000
1776539717.755,17.755,0.51,0.52,0.48,0.49,0.01,0.01,75775.16,1776539716000
1776539718.155,18.155,0.5,0.51,0.49,0.5,0.01,0.01,75775.16,1776539716000
1776539718.713,18.713,0.5,0.51,0.49,0.5,0.01,0.01,75775.16,1776539717000
1776539719.165,19.165,0.5,0.51,0.49,0.5,0.01,0.01,75775.16,1776539717000
1776539719.731,19.731,0.5,0.51,0.49,0.5,0.01,0.01,75775.14,1776539718000
1776539720.077,20.077,0.5,0.51,0.49,0.5,0.01,0.01,75775.16,1776539719000
1776539721.031,21.031,0.5,0.51,0.49,0.5,0.01,0.01,75775.16,1776539719000
1776539721.416,21.416,0.5,0.51,0.49,0.5,0.01,0.01,75775.17,1776539720000
1776539721.777,21.777,0.5,0.51,0.49,0.5,0.01,0.01,75775.17,1776539720000
1776539722.356,22.356,0.5,0.51,0.49,0.5,0.01,0.01,75775.17,1776539720000
1776539722.73,22.73,0.5,0.51,0.49,0.5,0.01,0.01,75775.17,1776539721000
1776539723.134,23.134,0.5,0.51,0.49,0.5,0.01,0.01,75775.18,1776539722000
1776539723.575,23.575,0.5,0.51,0.49,0.5,0.01,0.01,75775.18,1776539722000
1776539724.068,24.068,0.5,0.51,0.49,0.5,0.01,0.01,75775.18,1776539722000
1776539724.522,24.522,0.5,0.51,0.49,0.5,0.01,0.01,75775.18,1776539723000
1776539725.209,25.209,0.5,0.51,0.49,0.5,0.01,0.01,75775.18,1776539723000
1776539725.696,25.696,0.5,0.51,0.49,0.5,0.01,0.01,75775.21,1776539724000
1776539726.121,26.121,0.5,0.51,0.49,0.5,0.01,0.01,75772.39,1776539725000
1776539726.824,26.824,0.5,0.51,0.49,0.5,0.01,0.01,75772.39,1776539725000
1776539727.386,27.386,0.5,0.51,0.49,0.5,0.01,0.01,75772.39,1776539725000
1776539727.737,27.737,0.5,0.51,0.49,0.5,0.01,0.01,75774.91,1776539726000
1776539728.105,28.105,0.5,0.51,0.49,0.5,0.01,0.01,75774.91,1776539727000
1776539728.585,28.585,0.51,0.52,0.48,0.49,0.01,0.01,75774.91,1776539727000
1776539729.076,29.076,0.51,0.52,0.48,0.49,0.01,0.01,75774.91,1776539727000
1776539729.431,29.431,0.51,0.52,0.48,0.49,0.01,0.01,75775.39,1776539728000
1776539730.191,30.191,0.51,0.52,0.48,0.49,0.01,0.01,75775.39,1776539728000
1776539730.639,30.639,0.51,0.52,0.48,0.49,0.01,0.01,75775.39,1776539728000
1776539731.391,31.391,0.51,0.52,0.48,0.49,0.01,0.01,75775.58,1776539729000
1776539732.164,32.164,0.51,0.53,0.47,0.49,0.02,0.02,75775.55,1776539731000
1776539732.547,32.547,0.58,0.59,0.41,0.45,0.01,0.04,75775.55,1776539731000
1776539732.91,32.91,0.58,0.59,0.4,0.42,0.01,0.02,75775.55,1776539731000
1776539733.286,33.286,0.58,0.59,0.41,0.42,0.01,0.01,75775.55,1776539731000
1776539733.692,33.692,0.58,0.59,0.41,0.42,0.01,0.01,75775.55,1776539732000
1776539734.068,34.068,0.58,0.59,0.41,0.42,0.01,0.01,75775.55,1776539733000
1776539734.427,34.427,0.58,0.59,0.41,0.42,0.01,0.01,75775.55,1776539733000
1776539734.956,34.956,0.58,0.59,0.41,0.42,0.01,0.01,75775.55,1776539733000
1776539735.329,35.329,0.58,0.59,0.41,0.42,0.01,0.01,75783.86,1776539734000
1776539735.663,35.663,0.58,0.59,0.41,0.42,0.01,0.01,75783.86,1776539734000
1776539736.009,36.009,0.58,0.59,0.41,0.42,0.01,0.01,75783.86,1776539734000
1776539736.519,36.519,0.58,0.59,0.41,0.42,0.01,0.01,75783.59,1776539735000
1776539737.11,37.11,0.58,0.59,0.41,0.42,0.01,0.01,75783.59,1776539735000
1776539737.446,37.446,0.58,0.59,0.41,0.42,0.01,0.01,75783.59,1776539735000
1776539738.062,38.062,0.58,0.59,0.41,0.42,0.01,0.01,75783.87,1776539737000
1776539738.499,38.499,0.58,0.59,0.41,0.42,0.01,0.01,75783.87,1776539737000
1776539738.929,38.929,0.58,0.59,0.41,0.42,0.01,0.01,75783.87,1776539737000
1776539739.314,39.314,0.58,0.59,0.41,0.42,0.01,0.01,75784.76,1776539738000
1776539740.037,40.037,0.58,0.59,0.41,0.42,0.01,0.01,75784.76,1776539738000
1776539740.559,40.559,0.58,0.59,0.41,0.42,0.01,0.01,75785.07,1776539739000
1776539740.912,40.912,0.6,0.62,0.38,0.4,0.02,0.02,75785.07,1776539739000
1776539741.251,41.251,0.61,0.62,0.38,0.39,0.01,0.01,75785.07,1776539739000
1776539741.592,41.592,0.61,0.62,0.38,0.39,0.01,0.01,75785.07,1776539740000
1776539741.949,41.949,0.62,0.63,0.37,0.39,0.01,0.02,75785.07,1776539740000
1776539742.292,42.292,0.62,0.63,0.37,0.38,0.01,0.01,75785.09,1776539741000
1776539742.632,42.632,0.62,0.63,0.37,0.38,0.01,0.01,75785.09,1776539741000
1776539743.14,43.14,0.62,0.63,0.37,0.38,0.01,0.01,75788.83,1776539742000
1776539743.514,43.514,0.62,0.63,0.37,0.38,0.01,0.01,75788.83,1776539742000
1776539744.025,44.025,0.62,0.63,0.37,0.38,0.01,0.01,75788.83,1776539742000
1776539744.407,44.407,0.62,0.63,0.37,0.38,0.01,0.01,75788.05,1776539743000
1776539744.893,44.893,0.62,0.63,0.37,0.38,0.01,0.01,75788.05,1776539743000
1776539745.309,45.309,0.62,0.63,0.37,0.38,0.01,0.01,75788.05,1776539743000
1776539745.716,45.716,0.62,0.63,0.37,0.38,0.01,0.01,75788.05,1776539743000
1776539746.175,46.175,0.62,0.63,0.37,0.38,0.01,0.01,75789.08,1776539745000
1776539746.539,46.539,0.63,0.66,0.34,0.37,0.03,0.03,75789.08,1776539745000
1776539746.877,46.877,0.65,0.66,0.33,0.35,0.01,0.02,75789.08,1776539745000
1776539747.469,47.469,0.65,0.68,0.32,0.35,0.03,0.03,75792.72,1776539746000
1776539747.822,47.822,0.67,0.68,0.32,0.33,0.01,0.01,75792.72,1776539746000
1776539748.322,48.322,0.68,0.69,0.32,0.33,0.01,0.01,75792.72,1776539746000
1776539748.68,48.68,0.7,0.71,0.28,0.3,0.01,0.02,75793.54,1776539747000
1776539749.017,49.017,0.7,0.71,0.29,0.3,0.01,0.01,75795.66,1776539748000
1776539749.711,49.711,0.7,0.72,0.28,0.3,0.02,0.02,75795.66,1776539748000
1776539750.094,50.094,0.71,0.72,0.27,0.29,0.01,0.02,75795.66,1776539748000
1776539750.428,50.428,0.69,0.72,0.28,0.29,0.03,0.01,75801.23,1776539749000
1776539750.823,50.823,0.64,0.66,0.33,0.35,0.02,0.02,75801.23,1776539749000
1776539751.168,51.168,0.65,0.66,0.34,0.35,0.01,0.01,75799.42,1776539750000
1776539751.503,51.503,0.64,0.65,0.35,0.36,0.01,0.01,75799.42,1776539750000
1776539751.886,51.886,0.64,0.65,0.35,0.36,0.01,0.01,75799.42,1776539750000
1776539752.343,52.343,0.63,0.64,0.35,0.37,0.01,0.02,75796.42,1776539751000
1776539752.703,52.703,0.63,0.64,0.36,0.37,0.01,0.01,75796.42,1776539751000
1776539753.082,53.082,0.63,0.64,0.36,0.37,0.01,0.01,75796.42,1776539751000
1776539753.555,53.555,0.63,0.64,0.36,0.37,0.01,0.01,75792.5,1776539752000
1776539754.077,54.077,0.63,0.64,0.36,0.37,0.01,0.01,75792.5,1776539752000
1776539754.664,54.664,0.63,0.64,0.36,0.37,0.01,0.01,75793.07,1776539753000
1776539755.269,55.269,0.63,0.64,0.36,0.37,0.01,0.01,75793.08,1776539754000
1776539755.845,55.845,0.63,0.64,0.36,0.37,0.01,0.01,75793.08,1776539754000
1776539756.432,56.432,0.63,0.64,0.36,0.37,0.01,0.01,75793.1,1776539755000
1776539756.865,56.865,0.63,0.64,0.36,0.37,0.01,0.01,75793.1,1776539755000
1776539757.248,57.248,0.63,0.64,0.36,0.37,0.01,0.01,75793.1,1776539755000
1776539758.436,58.436,0.63,0.64,0.36,0.37,0.01,0.01,75793.43,1776539756000
1776539758.824,58.824,0.63,0.64,0.36,0.37,0.01,0.01,75793.44,1776539757000
1776539759.378,59.378,0.63,0.64,0.36,0.37,0.01,0.01,75793.44,1776539758000
1776539759.743,59.743,0.63,0.64,0.36,0.37,0.01,0.01,75793.44,1776539758000
1776539760.102,60.102,0.64,0.65,0.35,0.37,0.01,0.02,75793.44,1776539758000
1776539760.454,60.454,0.64,0.66,0.34,0.36,0.02,0.02,75793.53,1776539759000
1776539760.788,60.788,0.65,0.66,0.34,0.35,0.01,0.01,75793.53,1776539759000
1776539761.128,61.128,0.65,0.66,0.34,0.35,0.01,0.01,75793.53,1776539759000
1776539761.534,61.534,0.65,0.66,0.34,0.35,0.01,0.01,75793.5,1776539760000
1776539761.992,61.992,0.65,0.66,0.34,0.35,0.01,0.01,75793.5,1776539760000
1776539762.679,62.679,0.65,0.66,0.34,0.35,0.01,0.01,75794.06,1776539761000
1776539763.342,63.342,0.65,0.66,0.34,0.35,0.01,0.01,75794.39,1776539762000
1776539763.814,63.814,0.66,0.67,0.33,0.34,0.01,0.01,75794.39,1776539762000
1776539764.195,64.195,0.67,0.68,0.32,0.34,0.01,0.02,75794.39,1776539762000
1776539764.702,64.702,0.67,0.68,0.32,0.33,0.01,0.01,75794.53,1776539763000
1776539765.378,65.378,0.67,0.68,0.32,0.33,0.01,0.01,75794.53,1776539763000
1776539765.918,65.918,0.67,0.68,0.32,0.33,0.01,0.01,75795.59,1776539765000
1776539766.501,66.501,0.67,0.68,0.32,0.33,0.01,0.01,75795.59,1776539765000
1776539767.088,67.088,0.67,0.68,0.32,0.33,0.01,0.01,75795.45,1776539766000
1776539767.57,67.57,0.67,0.68,0.32,0.33,0.01,0.01,75795.45,1776539766000
1776539768.002,68.002,0.67,0.68,0.32,0.33,0.01,0.01,75795.45,1776539766000
1776539768.724,68.724,0.67,0.68,0.32,0.33,0.01,0.01,75794.45,1776539767000
1776539769.124,69.124,0.65,0.67,0.33,0.35,0.02,0.02,75794.63,1776539768000
1776539770.008,70.008,0.65,0.66,0.34,0.35,0.01,0.01,75794.63,1776539768000
1776539770.746,70.746,0.65,0.66,0.34,0.35,0.01,0.01,75793.73,1776539769000
1776539771.462,71.462,0.65,0.66,0.34,0.35,0.01,0.01,75793.73,1776539770000
1776539771.807,71.807,0.65,0.66,0.34,0.35,0.01,0.01,75793.73,1776539770000
1776539772.189,72.189,0.66,0.67,0.33,0.35,0.01,0.02,75795.87,1776539771000
1776539772.532,72.532,0.66,0.67,0.33,0.34,0.01,0.01,75795.87,1776539771000
1776539773.134,73.134,0.66,0.67,0.33,0.34,0.01,0.01,75795.89,1776539772000
1776539773.68,73.68,0.67,0.68,0.32,0.34,0.01,0.02,75795.89,1776539772000
1776539774.087,74.087,0.69,0.7,0.3,0.31,0.01,0.01,75794.77,1776539773000
1776539774.426,74.426,0.69,0.7,0.3,0.31,0.01,0.01,75794.77,1776539773000
1776539774.785,74.785,0.69,0.7,0.3,0.31,0.01,0.01,75794.77,1776539773000
1776539775.219,75.219,0.69,0.7,0.3,0.31,0.01,0.01,75794.77,1776539773000
1776539775.561,75.561,0.69,0.7,0.3,0.31,0.01,0.01,75796.12,1776539774000
1776539776.001,76.001,0.69,0.7,0.3,0.31,0.01,0.01,75796.12,1776539774000
1776539776.48,76.48,0.69,0.71,0.3,0.31,0.02,0.01,75796.15,1776539775000
1776539776.835,76.835,0.74,0.75,0.25,0.26,0.01,0.01,75796.15,1776539775000
1776539777.185,77.185,0.77,0.8,0.2,0.24,0.03,0.04,75796.15,1776539775000
1776539777.523,77.523,0.77,0.79,0.21,0.23,0.02,0.02,75796.56,1776539776000
1776539777.884,77.884,0.77,0.78,0.22,0.23,0.01,0.01,75796.56,1776539776000
1776539778.231,78.231,0.77,0.78,0.22,0.23,0.01,0.01,75798.01,1776539777000
1776539778.675,78.675,0.77,0.78,0.22,0.23,0.01,0.01,75798.01,1776539777000
1776539779.012,79.012,0.76,0.77,0.23,0.24,0.01,0.01,75798.01,1776539777000
1776539779.349,79.349,0.76,0.77,0.23,0.24,0.01,0.01,75798.01,1776539777000
1776539779.748,79.748,0.76,0.77,0.23,0.24,0.01,0.01,75808.57,1776539778000
1776539780.126,80.126,0.76,0.77,0.23,0.24,0.01,0.01,75808.57,1776539778000
1776539780.582,80.582,0.76,0.77,0.23,0.24,0.01,0.01,75808.73,1776539779000
1776539780.922,80.922,0.76,0.77,0.23,0.25,0.01,0.02,75808.73,1776539779000
1776539781.258,81.258,0.76,0.77,0.23,0.24,0.01,0.01,75808.73,1776539779000
1776539781.61,81.61,0.76,0.77,0.23,0.24,0.01,0.01,75810.56,1776539780000
1776539781.991,81.991,0.76,0.77,0.23,0.24,0.01,0.01,75810.56,1776539780000
1776539782.46,82.46,0.76,0.77,0.23,0.24,0.01,0.01,75810.56,1776539780000
1776539782.809,82.809,0.76,0.77,0.23,0.24,0.01,0.01,75810.93,1776539781000
1776539783.351,83.351,0.76,0.77,0.23,0.24,0.01,0.01,75810.93,1776539781000
1776539783.752,83.752,0.74,0.77,0.23,0.24,0.03,0.01,75811.52,1776539782000
1776539784.355,84.355,0.76,0.77,0.23,0.24,0.01,0.01,75811.52,1776539782000
1776539784.78,84.78,0.75,0.77,0.23,0.24,0.02,0.01,75812.55,1776539783000
1776539785.246,85.246,0.75,0.77,0.23,0.25,0.02,0.02,75809.6,1776539784000
1776539785.593,85.593,0.76,0.77,0.23,0.24,0.01,0.01,75809.6,1776539784000
1776539786.347,86.347,0.76,0.78,0.23,0.24,0.02,0.01,75809.6,1776539784000
1776539787.375,87.375,0.76,0.77,0.23,0.24,0.01,0.01,75811.85,1776539786000
1776539788.465,88.465,0.76,0.77,0.23,0.24,0.01,0.01,75811.89,1776539787000
1776539788.893,88.893,0.75,0.77,0.23,0.24,0.02,0.01,75811.89,1776539787000
1776539789.252,89.252,0.77,0.78,0.22,0.24,0.01,0.02,75814.59,1776539788000
1776539789.822,89.822,0.78,0.79,0.21,0.22,0.01,0.01,75814.59,1776539788000
1776539790.227,90.227,0.78,0.79,0.21,0.22,0.01,0.01,75814.59,1776539788000
1776539790.606,90.606,0.78,0.8,0.21,0.22,0.02,0.01,75815.02,1776539789000
1776539790.994,90.994,0.79,0.8,0.2,0.21,0.01,0.01,75815.02,1776539789000
1776539791.35,91.35,0.79,0.8,0.2,0.21,0.01,0.01,75815.71,1776539790000
1776539791.695,91.695,0.79,0.8,0.2,0.21,0.01,0.01,75815.71,1776539790000
1776539792.058,92.058,0.79,0.8,0.2,0.21,0.01,0.01,75815.71,1776539790000
1776539792.4,92.4,0.79,0.8,0.2,0.21,0.01,0.01,75816.73,1776539791000
1776539792.775,92.775,0.79,0.8,0.2,0.21,0.01,0.01,75816.73,1776539791000
1776539793.15,93.15,0.79,0.8,0.2,0.21,0.01,0.01,75816.73,1776539791000
1776539793.559,93.559,0.79,0.8,0.2,0.21,0.01,0.01,75816.73,1776539791000
1776539794.374,94.374,0.8,0.81,0.19,0.21,0.01,0.02,75821.6,1776539792000
1776539794.848,94.848,0.8,0.81,0.19,0.2,0.01,0.01,75822.07,1776539793000
1776539795.233,95.233,0.8,0.81,0.19,0.2,0.01,0.01,75821.44,1776539794000
1776539795.587,95.587,0.8,0.81,0.19,0.2,0.01,0.01,75821.44,1776539794000
1776539796.038,96.038,0.79,0.8,0.2,0.21,0.01,0.01,75821.44,1776539794000
1776539796.459,96.459,0.79,0.81,0.2,0.21,0.02,0.01,75821.44,1776539794000
1776539797.03,97.03,0.79,0.8,0.2,0.21,0.01,0.01,75822.18,1776539795000
1776539797.461,97.461,0.79,0.8,0.2,0.21,0.01,0.01,75822.18,1776539796000
1776539797.807,97.807,0.79,0.8,0.2,0.21,0.01,0.01,75822.18,1776539796000
1776539798.208,98.208,0.79,0.8,0.2,0.21,0.01,0.01,75822.18,1776539796000
1776539798.587,98.587,0.79,0.8,0.2,0.21,0.01,0.01,75822.18,1776539796000
1776539799.117,99.117,0.78,0.8,0.2,0.21,0.02,0.01,75821.31,1776539797000
1776539799.486,99.486,0.78,0.79,0.2,0.22,0.01,0.02,75821.31,1776539797000
1776539799.82,99.82,0.78,0.79,0.21,0.22,0.01,0.01,75821.31,1776539798000
1776539800.212,100.212,0.78,0.79,0.21,0.22,0.01,0.01,75817.52,1776539799000
1776539800.716,100.716,0.78,0.79,0.21,0.22,0.01,0.01,75817.52,1776539799000
1776539801.062,101.062,0.78,0.79,0.21,0.22,0.01,0.01,75817.52,1776539799000
1776539801.45,101.45,0.78,0.79,0.21,0.22,0.01,0.01,75817.52,1776539799000
1776539801.934,101.934,0.78,0.79,0.21,0.22,0.01,0.01,75820.1,1776539800000
1776539802.308,102.308,0.78,0.79,0.21,0.22,0.01,0.01,75820.01,1776539801000
1776539802.88,102.88,0.78,0.79,0.21,0.22,0.01,0.01,75820.01,1776539801000
1776539803.44,103.44,0.78,0.79,0.21,0.22,0.01,0.01,75820.01,1776539801000
1776539803.831,103.831,0.78,0.79,0.21,0.22,0.01,0.01,75821.02,1776539802000
1776539804.407,104.407,0.78,0.79,0.21,0.22,0.01,0.01,75821.02,1776539802000
1776539804.901,104.901,0.78,0.79,0.21,0.22,0.01,0.01,75819.19,1776539803000
1776539805.253,105.253,0.78,0.79,0.21,0.22,0.01,0.01,75819.18,1776539804000
1776539805.752,105.752,0.78,0.79,0.21,0.22,0.01,0.01,75819.18,1776539804000
1776539806.534,106.534,0.78,0.79,0.21,0.22,0.01,0.01,75818.9,1776539805000
1776539807.137,107.137,0.78,0.79,0.21,0.22,0.01,0.01,75818.9,1776539806000
1776539807.487,107.487,0.79,0.8,0.2,0.22,0.01,0.02,75818.9,1776539806000
1776539807.845,107.845,0.79,0.8,0.2,0.21,0.01,0.01,75818.9,1776539806000
1776539808.273,108.273,0.79,0.8,0.2,0.21,0.01,0.01,75818.9,1776539806000
1776539808.734,108.734,0.78,0.8,0.2,0.21,0.02,0.01,75816.46,1776539807000
1776539809.193,109.193,0.79,0.8,0.2,0.21,0.01,0.01,75816.75,1776539808000
1776539809.537,109.537,0.73,0.75,0.25,0.26,0.02,0.01,75816.75,1776539808000
1776539809.919,109.919,0.72,0.74,0.26,0.28,0.02,0.02,75816.75,1776539808000
1776539810.379,110.379,0.71,0.73,0.27,0.28,0.02,0.01,75818.83,1776539809000
1776539810.719,110.719,0.71,0.72,0.27,0.29,0.01,0.02,75818.83,1776539809000
1776539811.109,111.109,0.7,0.72,0.28,0.3,0.02,0.02,75818.83,1776539809000
1776539811.449,111.449,0.7,0.71,0.29,0.3,0.01,0.01,75810.0,1776539810000
1776539811.844,111.844,0.7,0.71,0.29,0.3,0.01,0.01,75810.0,1776539810000
1776539812.4,112.4,0.7,0.71,0.29,0.3,0.01,0.01,75810.0,1776539810000
1776539812.749,112.749,0.69,0.71,0.29,0.3,0.02,0.01,75810.0,1776539810000
1776539813.147,113.147,0.69,0.7,0.29,0.31,0.01,0.02,75810.0,1776539810000
1776539813.506,113.506,0.69,0.7,0.3,0.31,0.01,0.01,75810.0,1776539810000
1776539813.87,113.87,0.69,0.7,0.3,0.31,0.01,0.01,75810.0,1776539810000
1776539814.39,114.39,0.68,0.7,0.3,0.31,0.02,0.01,75810.0,1776539810000
1776539814.759,114.759,0.68,0.69,0.31,0.32,0.01,0.01,75810.0,1776539810000
1776539815.111,115.111,0.68,0.72,0.31,0.32,0.04,0.01,75810.0,1776539810000
1776539815.456,115.456,0.68,0.69,0.31,0.32,0.01,0.01,75810.0,1776539810000
1776539815.793,115.793,0.68,0.69,0.31,0.32,0.01,0.01,75810.0,1776539810000
1776539816.214,116.214,0.68,0.69,0.31,0.32,0.01,0.01,75810.0,1776539810000
1776539816.602,116.602,0.68,0.69,0.31,0.32,0.01,0.01,75810.0,1776539810000
1776539817.003,117.003,0.68,0.69,0.31,0.32,0.01,0.01,75806.81,1776539811000
1776539817.435,117.435,0.68,0.69,0.31,0.32,0.01,0.01,75805.02,1776539814000
1776539817.871,117.871,0.68,0.7,0.31,0.32,0.02,0.01,75804.77,1776539816000
1776539818.445,118.445,0.69,0.71,0.3,0.31,0.02,0.01,75804.77,1776539816000
1776539818.919,118.919,0.7,0.72,0.29,0.3,0.02,0.01,75804.76,1776539817000
1776539819.28,119.28,0.71,0.72,0.28,0.29,0.01,0.01,75804.84,1776539818000
1776539819.689,119.689,0.71,0.72,0.28,0.29,0.01,0.01,75804.84,1776539818000
1776539820.448,120.448,0.71,0.72,0.28,0.29,0.01,0.01,75804.84,1776539818000
1776539820.816,120.816,0.71,0.72,0.28,0.29,0.01,0.01,75806.67,1776539819000
1776539821.214,121.214,0.72,0.73,0.27,0.28,0.01,0.01,75806.67,1776539819000
1776539821.601,121.601,0.72,0.73,0.27,0.28,0.01,0.01,75806.53,1776539820000
1776539822.128,122.128,0.72,0.73,0.27,0.28,0.01,0.01,75807.27,1776539821000
1776539822.644,122.644,0.72,0.73,0.27,0.28,0.01,0.01,75807.27,1776539821000
1776539823.096,123.096,0.73,0.74,0.26,0.27,0.01,0.01,75807.27,1776539821000
1776539823.5,123.5,0.73,0.74,0.26,0.27,0.01,0.01,75807.44,1776539822000
1776539823.875,123.875,0.73,0.74,0.26,0.27,0.01,0.01,75807.44,1776539822000
1776539824.344,124.344,0.73,0.74,0.26,0.27,0.01,0.01,75807.44,1776539822000
1776539824.721,124.721,0.73,0.74,0.26,0.27,0.01,0.01,75807.44,1776539822000
1776539825.314,125.314,0.73,0.74,0.26,0.27,0.01,0.01,75807.44,1776539822000
1776539825.677,125.677,0.73,0.74,0.26,0.27,0.01,0.01,75807.4,1776539823000
1776539826.208,126.208,0.73,0.74,0.26,0.27,0.01,0.01,75807.23,1776539825000
1776539826.628,126.628,0.73,0.74,0.26,0.27,0.01,0.01,75807.23,1776539825000
1776539827.042,127.042,0.73,0.74,0.26,0.27,0.01,0.01,75807.23,1776539825000
1776539827.637,127.637,0.73,0.74,0.26,0.27,0.01,0.01,75807.23,1776539825000
1776539828.099,128.099,0.69,0.71,0.29,0.31,0.02,0.02,75807.24,1776539826000
1776539828.546,128.546,0.68,0.71,0.29,0.31,0.03,0.02,75807.24,1776539826000
1776539829.493,129.493,0.66,0.71,0.29,0.34,0.05,0.05,75807.21,1776539828000
1776539830.453,130.453,0.66,0.71,0.29,0.34,0.05,0.05,75796.98,1776539829000
1776539830.975,130.975,0.66,0.7,0.29,0.34,0.04,0.05,75796.98,1776539829000
1776539831.378,131.378,0.68,0.69,0.31,0.37,0.01,0.06,75789.97,1776539830000
1776539831.775,131.775,0.67,0.69,0.31,0.33,0.02,0.02,75789.97,1776539830000
1776539832.109,132.109,0.6,0.67,0.33,0.34,0.07,0.01,75789.97,1776539830000
1776539832.487,132.487,0.61,0.65,0.35,0.36,0.04,0.01,75786.35,1776539831000
1776539832.83,132.83,0.55,0.62,0.38,0.45,0.07,0.07,75786.35,1776539831000
1776539833.181,133.181,0.56,0.6,0.43,0.45,0.04,0.02,75786.35,1776539831000
1776539833.547,133.547,0.55,0.57,0.43,0.45,0.02,0.02,75786.35,1776539831000
1776539834.083,134.083,0.55,0.56,0.44,0.45,0.01,0.01,75780.7,1776539832000
1776539834.42,134.42,0.55,0.56,0.44,0.45,0.01,0.01,75781.71,1776539833000
1776539834.996,134.996,0.55,0.56,0.44,0.45,0.01,0.01,75781.71,1776539833000
1776539835.345,135.345,0.55,0.56,0.44,0.45,0.01,0.01,75781.64,1776539834000
1776539835.68,135.68,0.55,0.56,0.44,0.45,0.01,0.01,75781.64,1776539834000
1776539836.254,136.254,0.55,0.56,0.44,0.45,0.01,0.01,75781.64,1776539834000
1776539836.59,136.59,0.55,0.57,0.43,0.45,0.02,0.02,75783.52,1776539835000
1776539836.938,136.938,0.56,0.57,0.43,0.44,0.01,0.01,75783.52,1776539835000
1776539838.128,138.128,0.56,0.57,0.43,0.44,0.01,0.01,75781.5,1776539837000
1776539838.591,138.591,0.56,0.57,0.43,0.44,0.01,0.01,75781.5,1776539837000
1776539838.934,138.934,0.56,0.57,0.43,0.44,0.01,0.01,75781.5,1776539837000
1776539839.308,139.308,0.56,0.57,0.43,0.44,0.01,0.01,75783.91,1776539838000
1776539839.69,139.69,0.56,0.57,0.43,0.44,0.01,0.01,75783.91,1776539838000
1776539840.026,140.026,0.56,0.57,0.43,0.44,0.01,0.01,75783.91,1776539838000
1776539840.424,140.424,0.56,0.57,0.43,0.44,0.01,0.01,75783.91,1776539838000
1776539840.775,140.775,0.56,0.57,0.43,0.44,0.01,0.01,75783.91,1776539839000
1776539841.149,141.149,0.56,0.57,0.43,0.44,0.01,0.01,75783.91,1776539840000
1776539841.549,141.549,0.56,0.57,0.43,0.44,0.01,0.01,75783.91,1776539840000
1776539842.135,142.135,0.56,0.57,0.43,0.44,0.01,0.01,75783.91,1776539840000
1776539842.676,142.676,0.56,0.57,0.43,0.44,0.01,0.01,75783.91,1776539841000
1776539843.357,143.357,0.56,0.6,0.4,0.44,0.04,0.04,75783.91,1776539842000
1776539844.066,144.066,0.56,0.58,0.42,0.43,0.02,0.01,75783.91,1776539842000
1776539844.578,144.578,0.56,0.58,0.42,0.44,0.02,0.02,75783.92,1776539843000
1776539845.7,145.7,0.57,0.6,0.42,0.43,0.03,0.01,75783.92,1776539843000
1776539846.324,146.324,0.58,0.59,0.4,0.43,0.01,0.03,75783.92,1776539844000
1776539847.012,147.012,0.58,0.59,0.41,0.42,0.01,0.01,75783.92,1776539845000
1776539847.643,147.643,0.58,0.59,0.41,0.42,0.01,0.01,75783.92,1776539846000
1776539848.011,148.011,0.58,0.59,0.41,0.42,0.01,0.01,75783.92,1776539846000
1776539848.831,148.831,0.59,0.6,0.4,0.42,0.01,0.02,75783.92,1776539847000
1776539849.2,149.2,0.59,0.6,0.4,0.41,0.01,0.01,75783.92,1776539847000
1776539849.645,149.645,0.59,0.6,0.4,0.41,0.01,0.01,75783.92,1776539848000
1776539850.023,150.023,0.59,0.6,0.4,0.41,0.01,0.01,75783.92,1776539848000
1776539850.357,150.357,0.59,0.6,0.4,0.41,0.01,0.01,75783.92,1776539849000
1776539850.791,150.791,0.59,0.6,0.4,0.41,0.01,0.01,75783.92,1776539849000
1776539851.197,151.197,0.59,0.6,0.4,0.41,0.01,0.01,75783.92,1776539849000
1776539851.634,151.634,0.59,0.6,0.4,0.41,0.01,0.01,75783.7,1776539850000
1776539852.267,152.267,0.59,0.6,0.4,0.41,0.01,0.01,75783.7,1776539851000
1776539852.769,152.769,0.59,0.6,0.4,0.41,0.01,0.01,75783.7,1776539851000
1776539853.554,153.554,0.59,0.6,0.4,0.41,0.01,0.01,75783.7,1776539852000
1776539854.204,154.204,0.59,0.6,0.4,0.41,0.01,0.01,75784.14,1776539853000
1776539854.594,154.594,0.59,0.61,0.38,0.41,0.02,0.03,75784.14,1776539853000
1776539855.116,155.116,0.61,0.62,0.38,0.39,0.01,0.01,75784.14,1776539853000
1776539856.458,156.458,0.61,0.62,0.38,0.39,0.01,0.01,75782.5,1776539854000
1776539856.999,156.999,0.59,0.6,0.38,0.39,0.01,0.01,75783.62,1776539855000
1776539857.379,157.379,0.58,0.59,0.41,0.42,0.01,0.01,75783.6,1776539856000
1776539857.893,157.893,0.56,0.57,0.42,0.44,0.01,0.02,75783.6,1776539856000
1776539858.285,158.285,0.56,0.57,0.43,0.44,0.01,0.01,75783.76,1776539857000
1776539858.681,158.681,0.58,0.59,0.41,0.44,0.01,0.03,75783.76,1776539857000
1776539859.057,159.057,0.58,0.59,0.41,0.42,0.01,0.01,75783.76,1776539857000
1776539859.399,159.399,0.58,0.59,0.41,0.42,0.01,0.01,75780.12,1776539858000
1776539859.747,159.747,0.58,0.59,0.41,0.42,0.01,0.01,75780.12,1776539858000
1776539860.182,160.182,0.58,0.59,0.41,0.42,0.01,0.01,75780.12,1776539859000
1776539860.522,160.522,0.58,0.59,0.41,0.42,0.01,0.01,75780.12,1776539859000
1776539860.963,160.963,0.58,0.59,0.41,0.42,0.01,0.01,75780.12,1776539859000
1776539861.409,161.409,0.58,0.59,0.41,0.42,0.01,0.01,75782.02,1776539860000
1776539861.974,161.974,0.58,0.59,0.41,0.42,0.01,0.01,75782.02,1776539860000
1776539862.479,162.479,0.58,0.59,0.41,0.42,0.01,0.01,75782.02,1776539860000
1776539862.973,162.973,0.58,0.59,0.41,0.42,0.01,0.01,75782.25,1776539862000
1776539863.433,163.433,0.58,0.59,0.41,0.42,0.01,0.01,75782.25,1776539862000
1776539863.945,163.945,0.58,0.59,0.41,0.42,0.01,0.01,75782.25,1776539862000
1776539864.309,164.309,0.58,0.59,0.41,0.42,0.01,0.01,75782.04,1776539863000
1776539864.702,164.702,0.58,0.59,0.41,0.42,0.01,0.01,75782.04,1776539863000
1776539865.049,165.049,0.58,0.59,0.41,0.42,0.01,0.01,75782.06,1776539864000
1776539865.543,165.543,0.58,0.59,0.41,0.42,0.01,0.01,75782.06,1776539864000
1776539865.944,165.944,0.58,0.59,0.41,0.42,0.01,0.01,75782.06,1776539864000
1776539866.29,166.29,0.58,0.59,0.41,0.42,0.01,0.01,75782.06,1776539865000
1776539866.68,166.68,0.58,0.59,0.41,0.42,0.01,0.01,75782.06,1776539865000
1776539867.03,167.03,0.58,0.59,0.41,0.42,0.01,0.01,75782.06,1776539866000
1776539867.557,167.557,0.58,0.59,0.41,0.42,0.01,0.01,75782.06,1776539866000
1776539867.958,167.958,0.57,0.59,0.41,0.42,0.02,0.01,75782.06,1776539866000
1776539868.396,168.396,0.57,0.58,0.42,0.43,0.01,0.01,75782.05,1776539867000
1776539868.984,168.984,0.57,0.58,0.42,0.43,0.01,0.01,75782.05,1776539867000
1776539869.519,169.519,0.57,0.58,0.42,0.43,0.01,0.01,75782.05,1776539868000
1776539870.106,170.106,0.57,0.58,0.42,0.43,0.01,0.01,75782.05,1776539868000
1776539871.348,171.348,0.57,0.58,0.42,0.43,0.01,0.01,75781.93,1776539869000
1776539872.268,172.268,0.57,0.58,0.42,0.43,0.01,0.01,75781.94,1776539871000
1776539873.728,173.728,0.57,0.58,0.42,0.43,0.01,0.01,75782.03,1776539872000
1776539874.249,174.249,0.57,0.58,0.42,0.43,0.01,0.01,75782.03,1776539872000
1776539874.672,174.672,0.57,0.58,0.42,0.43,0.01,0.01,75782.03,1776539873000
1776539875.236,175.236,0.57,0.58,0.42,0.43,0.01,0.01,75781.78,1776539874000
1776539875.913,175.913,0.57,0.58,0.42,0.43,0.01,0.01,75781.78,1776539874000
1776539876.246,176.246,0.57,0.6,0.42,0.43,0.03,0.01,75782.08,1776539875000
1776539876.711,176.711,0.59,0.6,0.4,0.41,0.01,0.01,75782.08,1776539875000
1776539877.324,177.324,0.59,0.6,0.4,0.41,0.01,0.01,75782.08,1776539876000
1776539877.838,177.838,0.59,0.6,0.4,0.41,0.01,0.01,75782.08,1776539876000
1776539878.297,178.297,0.59,0.6,0.4,0.41,0.01,0.01,75782.19,1776539877000
1776539879.01,179.01,0.6,0.61,0.4,0.41,0.01,0.01,75782.19,1776539877000
1776539879.669,179.669,0.6,0.61,0.39,0.4,0.01,0.01,75782.19,1776539878000
1776539880.313,180.313,0.6,0.61,0.39,0.4,0.01,0.01,75782.19,1776539879000
1776539880.739,180.739,0.6,0.61,0.39,0.4,0.01,0.01,75782.19,1776539879000
1776539881.076,181.076,0.6,0.61,0.39,0.4,0.01,0.01,75782.19,1776539879000
1776539881.931,181.931,0.6,0.61,0.39,0.4,0.01,0.01,75782.18,1776539880000
1776539882.323,182.323,0.63,0.65,0.35,0.36,0.02,0.01,75782.18,1776539880000
1776539882.822,182.822,0.64,0.65,0.35,0.36,0.01,0.01,75782.18,1776539881000
1776539883.28,183.28,0.64,0.65,0.35,0.36,0.01,0.01,75782.18,1776539881000
1776539883.832,183.832,0.64,0.65,0.35,0.36,0.01,0.01,75782.18,1776539882000
1776539884.784,184.784,0.64,0.65,0.35,0.36,0.01,0.01,75782.43,1776539883000
1776539886.145,186.145,0.64,0.65,0.35,0.36,0.01,0.01,75781.44,1776539885000
1776539886.883,186.883,0.64,0.65,0.35,0.36,0.01,0.01,75781.44,1776539885000
1776539887.218,187.218,0.64,0.65,0.35,0.36,0.01,0.01,75783.21,1776539886000
1776539887.627,187.627,0.65,0.67,0.33,0.36,0.02,0.03,75783.21,1776539886000
1776539888.138,188.138,0.65,0.67,0.33,0.35,0.02,0.02,75787.04,1776539887000
1776539888.496,188.496,0.72,0.73,0.27,0.28,0.01,0.01,75787.04,1776539887000
1776539888.836,188.836,0.72,0.76,0.26,0.28,0.04,0.02,75787.04,1776539887000
1776539889.234,189.234,0.76,0.77,0.22,0.24,0.01,0.02,75791.59,1776539888000
1776539889.726,189.726,0.76,0.77,0.22,0.24,0.01,0.02,75791.59,1776539888000
1776539890.071,190.071,0.76,0.79,0.21,0.24,0.03,0.03,75796.65,1776539889000
1776539890.497,190.497,0.78,0.79,0.21,0.24,0.01,0.03,75796.65,1776539889000
1776539891.058,191.058,0.78,0.8,0.2,0.22,0.02,0.02,75797.23,1776539890000
1776539891.409,191.409,0.81,0.83,0.17,0.19,0.02,0.02,75797.23,1776539890000
1776539891.774,191.774,0.83,0.85,0.15,0.17,0.02,0.02,75797.23,1776539890000
1776539892.512,192.512,0.84,0.85,0.15,0.16,0.01,0.01,75798.69,1776539891000
1776539892.854,192.854,0.84,0.85,0.15,0.16,0.01,0.01,75798.69,1776539891000
1776539894.148,194.148,0.84,0.85,0.15,0.16,0.01,0.01,75813.71,1776539893000
1776539895.128,195.128,0.84,0.85,0.15,0.16,0.01,0.01,75814.52,1776539894000
1776539895.577,195.577,0.84,0.85,0.15,0.16,0.01,0.01,75814.52,1776539894000
1776539895.958,195.958,0.84,0.85,0.15,0.16,0.01,0.01,75814.52,1776539894000
1776539896.35,196.35,0.84,0.85,0.15,0.16,0.01,0.01,75814.53,1776539895000
1776539896.696,196.696,0.84,0.85,0.15,0.16,0.01,0.01,75814.53,1776539895000
1776539897.085,197.085,0.84,0.85,0.15,0.16,0.01,0.01,75812.76,1776539896000
1776539897.789,197.789,0.85,0.86,0.14,0.16,0.01,0.02,75812.76,1776539896000
1776539898.139,198.139,0.84,0.85,0.15,0.16,0.01,0.01,75812.17,1776539897000
1776539898.482,198.482,0.84,0.85,0.15,0.16,0.01,0.01,75812.17,1776539897000
1776539898.827,198.827,0.84,0.85,0.15,0.16,0.01,0.01,75812.17,1776539897000
1776539899.176,199.176,0.84,0.85,0.15,0.16,0.01,0.01,75812.17,1776539898000
1776539899.605,199.605,0.83,0.84,0.15,0.16,0.01,0.01,75812.17,1776539898000
1776539899.964,199.964,0.82,0.83,0.17,0.18,0.01,0.01,75812.17,1776539898000
1776539900.303,200.303,0.82,0.83,0.17,0.18,0.01,0.01,75811.6,1776539899000
1776539900.763,200.763,0.82,0.83,0.17,0.18,0.01,0.01,75811.6,1776539899000
1776539901.112,201.112,0.82,0.83,0.17,0.18,0.01,0.01,75811.6,1776539899000
1776539901.456,201.456,0.82,0.83,0.17,0.18,0.01,0.01,75808.37,1776539900000
1776539901.884,201.884,0.82,0.83,0.17,0.18,0.01,0.01,75808.37,1776539900000
1776539902.238,202.238,0.82,0.83,0.17,0.18,0.01,0.01,75808.37,1776539900000
1776539902.576,202.576,0.82,0.83,0.17,0.18,0.01,0.01,75808.09,1776539901000
1776539902.939,202.939,0.82,0.83,0.17,0.18,0.01,0.01,75808.09,1776539901000
1776539903.286,203.286,0.82,0.83,0.17,0.18,0.01,0.01,75806.35,1776539902000
1776539903.733,203.733,0.82,0.83,0.17,0.18,0.01,0.01,75806.35,1776539902000
1776539904.188,204.188,0.82,0.83,0.17,0.19,0.01,0.02,75806.35,1776539902000
1776539904.843,204.843,0.82,0.83,0.17,0.18,0.01,0.01,75806.15,1776539903000
1776539905.277,205.277,0.82,0.83,0.17,0.18,0.01,0.01,75807.14,1776539904000
1776539905.617,205.617,0.82,0.83,0.17,0.18,0.01,0.01,75807.14,1776539904000
1776539905.978,205.978,0.82,0.83,0.17,0.18,0.01,0.01,75807.14,1776539904000
1776539906.458,206.458,0.82,0.83,0.17,0.18,0.01,0.01,75807,1776539905000
1776539906.847,206.847,0.82,0.83,0.17,0.18,0.01,0.01,75807,1776539905000
1776539907.245,207.245,0.82,0.83,0.17,0.18,0.01,0.01,75807,1776539906000
1776539907.6,207.6,0.82,0.83,0.17,0.18,0.01,0.01,75807,1776539906000
1776539908.102,208.102,0.82,0.84,0.17,0.18,0.02,0.01,75807,1776539906000
1776539908.501,208.501,0.83,0.84,0.16,0.18,0.01,0.02,75806.96,1776539907000
1776539908.863,208.863,0.83,0.84,0.16,0.17,0.01,0.01,75806.96,1776539907000
1776539909.329,209.329,0.83,0.84,0.16,0.17,0.01,0.01,75806.96,1776539907000
1776539910.089,210.089,0.82,0.84,0.16,0.18,0.02,0.02,75806.96,1776539909000
1776539910.677,210.677,0.82,0.83,0.17,0.18,0.01,0.01,75806.96,1776539909000
1776539911.108,211.108,0.82,0.83,0.17,0.18,0.01,0.01,75806.96,1776539910000
1776539911.896,211.896,0.82,0.83,0.17,0.18,0.01,0.01,75806.96,1776539910000
1776539912.32,212.32,0.82,0.83,0.17,0.18,0.01,0.01,75806.97,1776539911000
1776539912.666,212.666,0.84,0.86,0.15,0.16,0.02,0.01,75806.97,1776539911000
1776539913.013,213.013,0.84,0.85,0.13,0.16,0.01,0.03,75806.97,1776539911000
1776539913.394,213.394,0.84,0.85,0.15,0.16,0.01,0.01,75806.99,1776539912000
1776539914.009,214.009,0.84,0.85,0.15,0.16,0.01,0.01,75806.99,1776539912000
1776539914.364,214.364,0.84,0.85,0.15,0.16,0.01,0.01,75806.99,1776539912000
1776539914.794,214.794,0.84,0.85,0.15,0.16,0.01,0.01,75806.99,1776539912000
1776539915.148,215.148,0.84,0.85,0.15,0.16,0.01,0.01,75807.49,1776539914000
1776539915.485,215.485,0.84,0.85,0.15,0.16,0.01,0.01,75807.49,1776539914000
1776539915.875,215.875,0.83,0.84,0.16,0.17,0.01,0.01,75807.49,1776539914000
1776539916.28,216.28,0.83,0.84,0.16,0.17,0.01,0.01,75807.49,1776539914000
1776539916.725,216.725,0.83,0.84,0.16,0.17,0.01,0.01,75807.31,1776539915000
1776539917.091,217.091,0.83,0.86,0.16,0.17,0.03,0.01,75807.31,1776539915000
1776539917.427,217.427,0.84,0.86,0.14,0.16,0.02,0.02,75807.31,1776539916000
1776539917.95,217.95,0.85,0.86,0.14,0.15,0.01,0.01,75807.31,1776539916000
1776539918.459,218.459,0.85,0.86,0.14,0.15,0.01,0.01,75807.3,1776539917000
1776539918.846,218.846,0.86,0.87,0.13,0.14,0.01,0.01,75807.3,1776539917000
1776539919.412,219.412,0.86,0.87,0.13,0.14,0.01,0.01,75807.32,1776539918000
1776539920.075,220.075,0.86,0.87,0.13,0.14,0.01,0.01,75807.32,1776539918000
1776539920.454,220.454,0.86,0.87,0.13,0.14,0.01,0.01,75807.32,1776539918000
1776539920.893,220.893,0.86,0.87,0.13,0.14,0.01,0.01,75807.32,1776539919000
1776539921.232,221.232,0.84,0.86,0.14,0.15,0.02,0.01,75807.33,1776539920000
1776539921.633,221.633,0.84,0.85,0.15,0.16,0.01,0.01,75807.33,1776539920000
1776539921.98,221.98,0.84,0.85,0.15,0.16,0.01,0.01,75807.33,1776539920000
1776539922.599,222.599,0.83,0.85,0.15,0.16,0.02,0.01,75807.32,1776539921000
1776539923.313,223.313,0.83,0.84,0.16,0.17,0.01,0.01,75807.32,1776539921000
1776539923.766,223.766,0.83,0.84,0.16,0.17,0.01,0.01,75807.3,1776539922000
1776539924.505,224.505,0.83,0.84,0.16,0.17,0.01,0.01,75805.27,1776539923000
1776539925.323,225.323,0.83,0.84,0.16,0.17,0.01,0.01,75807.21,1776539924000
1776539925.735,225.735,0.83,0.84,0.16,0.17,0.01,0.01,75807.21,1776539924000
1776539926.152,226.152,0.83,0.84,0.16,0.17,0.01,0.01,75807.21,1776539924000
1776539926.756,226.756,0.83,0.85,0.16,0.17,0.02,0.01,75807.34,1776539925000
1776539927.412,227.412,0.85,0.86,0.15,0.16,0.01,0.01,75807.29,1776539926000
1776539927.869,227.869,0.85,0.86,0.14,0.15,0.01,0.01,75807.29,1776539926000
1776539928.268,228.268,0.85,0.86,0.14,0.15,0.01,0.01,75807.2,1776539927000
1776539928.705,228.705,0.85,0.86,0.14,0.15,0.01,0.01,75807.2,1776539927000
1776539929.167,229.167,0.85,0.86,0.14,0.15,0.01,0.01,75807.2,1776539927000
1776539929.999,229.999,0.85,0.86,0.14,0.15,0.01,0.01,75807.21,1776539928000
1776539930.428,230.428,0.85,0.86,0.14,0.15,0.01,0.01,75807.21,1776539929000
1776539930.824,230.824,0.85,0.86,0.14,0.15,0.01,0.01,75807.21,1776539929000
1776539931.264,231.264,0.85,0.86,0.14,0.15,0.01,0.01,75807.21,1776539930000
1776539932.071,232.071,0.85,0.86,0.14,0.15,0.01,0.01,75807.21,1776539930000
1776539932.419,232.419,0.85,0.86,0.14,0.15,0.01,0.01,75807.2,1776539931000
1776539932.755,232.755,0.85,0.86,0.14,0.15,0.01,0.01,75807.2,1776539931000
1776539933.566,233.566,0.84,0.86,0.14,0.15,0.02,0.01,75807.2,1776539932000
1776539934.033,234.033,0.84,0.85,0.15,0.16,0.01,0.01,75805.11,1776539933000
1776539934.548,234.548,0.84,0.85,0.15,0.16,0.01,0.01,75805.11,1776539933000
1776539935.137,235.137,0.84,0.85,0.15,0.16,0.01,0.01,75805.11,1776539933000
1776539935.536,235.536,0.84,0.85,0.15,0.16,0.01,0.01,75806.37,1776539934000
1776539936.039,236.039,0.84,0.85,0.15,0.16,0.01,0.01,75805.95,1776539935000
1776539936.433,236.433,0.85,0.86,0.14,0.16,0.01,0.02,75805.95,1776539935000
1776539936.985,236.985,0.85,0.86,0.14,0.15,0.01,0.01,75804.92,1776539936000
1776539937.654,237.654,0.86,0.87,0.13,0.14,0.01,0.01,75804.92,1776539936000
1776539938.051,238.051,0.86,0.87,0.13,0.14,0.01,0.01,75804.92,1776539936000
1776539938.385,238.385,0.86,0.87,0.13,0.14,0.01,0.01,75803.99,1776539937000
1776539939.09,239.09,0.86,0.87,0.13,0.14,0.01,0.01,75803.99,1776539937000
1776539939.462,239.462,0.87,0.88,0.12,0.14,0.01,0.02,75803.99,1776539937000
1776539939.96,239.96,0.87,0.88,0.12,0.13,0.01,0.01,75805.91,1776539938000
1776539940.426,240.426,0.87,0.88,0.12,0.13,0.01,0.01,75805.91,1776539939000
1776539941.032,241.032,0.88,0.89,0.12,0.13,0.01,0.01,75805.91,1776539939000
1776539941.413,241.413,0.88,0.89,0.11,0.12,0.01,0.01,75806.0,1776539940000
1776539941.811,241.811,0.89,0.9,0.1,0.11,0.01,0.01,75806.0,1776539940000
1776539942.144,242.144,0.89,0.9,0.1,0.11,0.01,0.01,75806.0,1776539940000
1776539942.512,242.512,0.89,0.9,0.1,0.11,0.01,0.01,75805.14,1776539941000
1776539942.855,242.855,0.89,0.91,0.1,0.11,0.02,0.01,75805.14,1776539941000
1776539943.231,243.231,0.9,0.91,0.09,0.1,0.01,0.01,75805.14,1776539941000
1776539943.607,243.607,0.9,0.91,0.09,0.1,0.01,0.01,75805.99,1776539942000
1776539943.956,243.956,0.9,0.91,0.09,0.1,0.01,0.01,75805.99,1776539942000
1776539944.35,244.35,0.9,0.91,0.09,0.1,0.01,0.01,75806.0,1776539943000
1776539944.69,244.69,0.91,0.92,0.08,0.1,0.01,0.02,75806.0,1776539943000
1776539945.046,245.046,0.91,0.92,0.08,0.09,0.01,0.01,75806.0,1776539943000
1776539945.525,245.525,0.91,0.92,0.08,0.09,0.01,0.01,75806.0,1776539944000
1776539946.139,246.139,0.91,0.92,0.08,0.09,0.01,0.01,75806.0,1776539944000
1776539946.51,246.51,0.91,0.92,0.08,0.09,0.01,0.01,75805.98,1776539945000
1776539946.845,246.845,0.91,0.92,0.08,0.09,0.01,0.01,75805.98,1776539945000
1776539947.335,247.335,0.91,0.92,0.08,0.09,0.01,0.01,75805.98,1776539945000
1776539947.752,247.752,0.91,0.92,0.08,0.09,0.01,0.01,75805.98,1776539946000
1776539948.155,248.155,0.91,0.92,0.08,0.09,0.01,0.01,75805.98,1776539947000
1776539948.624,248.624,0.91,0.92,0.08,0.09,0.01,0.01,75805.98,1776539947000
1776539949.26,249.26,0.91,0.92,0.08,0.09,0.01,0.01,75805.98,1776539947000
1776539949.857,249.857,0.92,0.93,0.07,0.08,0.01,0.01,75805.98,1776539948000
1776539950.4,250.4,0.92,0.93,0.07,0.08,0.01,0.01,75805.98,1776539948000
1776539950.797,250.797,0.92,0.93,0.07,0.08,0.01,0.01,75805.99,1776539949000
1776539951.397,251.397,0.92,0.93,0.07,0.08,0.01,0.01,75805.99,1776539950000
1776539951.785,251.785,0.92,0.93,0.07,0.08,0.01,0.01,75805.99,1776539950000
1776539952.163,252.163,0.92,0.93,0.07,0.08,0.01,0.01,75806.0,1776539951000
1776539952.514,252.514,0.92,0.93,0.07,0.08,0.01,0.01,75806.0,1776539951000
1776539952.926,252.926,0.93,0.94,0.06,0.07,0.01,0.01,75806.0,1776539951000
1776539953.267,253.267,0.93,0.94,0.06,0.07,0.01,0.01,75806.0,1776539951000
1776539953.66,253.66,0.93,0.94,0.06,0.07,0.01,0.01,75806.0,1776539951000
1776539953.993,253.993,0.93,0.94,0.06,0.07,0.01,0.01,75806.05,1776539952000
1776539954.384,254.384,0.93,0.94,0.06,0.07,0.01,0.01,75806.05,1776539952000
1776539954.999,254.999,0.94,0.95,0.05,0.06,0.01,0.01,75806.05,1776539953000
1776539955.338,255.338,0.94,0.95,0.05,0.06,0.01,0.01,75806.05,1776539953000
1776539955.709,255.709,0.94,0.95,0.05,0.06,0.01,0.01,75806.05,1776539954000
1776539956.055,256.055,0.94,0.95,0.05,0.06,0.01,0.01,75806.05,1776539954000
1776539956.518,256.518,0.94,0.95,0.05,0.06,0.01,0.01,75806.34,1776539955000
1776539956.859,256.859,0.94,0.95,0.05,0.06,0.01,0.01,75806.34,1776539955000
1776539957.217,257.217,0.94,0.95,0.05,0.06,0.01,0.01,75806.34,1776539955000
1776539957.691,257.691,0.94,0.95,0.05,0.06,0.01,0.01,75806.35,1776539956000
1776539958.196,258.196,0.94,0.95,0.05,0.06,0.01,0.01,75806.35,1776539956000
1776539958.579,258.579,0.94,0.95,0.05,0.06,0.01,0.01,75806.64,1776539957000
1776539959.005,259.005,0.94,0.95,0.05,0.06,0.01,0.01,75806.64,1776539957000
1776539959.501,259.501,0.94,0.95,0.05,0.06,0.01,0.01,75806.34,1776539958000
1776539959.844,259.844,0.94,0.95,0.05,0.06,0.01,0.01,75806.34,1776539958000
1776539960.243,260.243,0.94,0.95,0.05,0.06,0.01,0.01,75806.34,1776539958000
1776539960.643,260.643,0.94,0.95,0.05,0.06,0.01,0.01,75806.34,1776539958000
1776539961.056,261.056,0.94,0.95,0.05,0.06,0.01,0.01,75806.34,1776539959000
1776539961.458,261.458,0.94,0.95,0.05,0.06,0.01,0.01,75806.34,1776539959000
1776539961.861,261.861,0.92,0.95,0.05,0.06,0.03,0.01,75805.59,1776539960000
1776539962.282,262.282,0.92,0.93,0.07,0.09,0.01,0.02,75805.39,1776539961000
1776539962.659,262.659,0.91,0.92,0.08,0.09,0.01,0.01,75805.39,1776539961000
1776539963.138,263.138,0.91,0.92,0.08,0.09,0.01,0.01,75805.39,1776539961000
1776539963.789,263.789,0.91,0.92,0.08,0.09,0.01,0.01,75805.39,1776539961000
1776539964.218,264.218,0.91,0.92,0.08,0.09,0.01,0.01,75802.59,1776539963000
1776539964.591,264.591,0.91,0.92,0.08,0.09,0.01,0.01,75802.59,1776539963000
1776539964.96,264.96,0.91,0.92,0.08,0.09,0.01,0.01,75802.59,1776539963000
1776539965.353,265.353,0.91,0.92,0.08,0.09,0.01,0.01,75802.59,1776539963000
1776539965.963,265.963,0.92,0.93,0.08,0.09,0.01,0.01,75802.04,1776539964000
1776539966.403,266.403,0.92,0.93,0.07,0.08,0.01,0.01,75802.04,1776539964000
1776539966.836,266.836,0.92,0.93,0.07,0.08,0.01,0.01,75801.62,1776539965000
1776539967.246,267.246,0.92,0.93,0.07,0.08,0.01,0.01,75801.62,1776539966000
1776539967.64,267.64,0.92,0.93,0.07,0.08,0.01,0.01,75801.62,1776539966000
1776539967.989,267.989,0.86,0.87,0.13,0.15,0.01,0.02,75801.62,1776539966000
1776539968.358,268.358,0.86,0.87,0.13,0.14,0.01,0.01,75801.62,1776539966000
1776539968.755,268.755,0.88,0.89,0.11,0.12,0.01,0.01,75802.02,1776539967000
1776539969.098,269.098,0.88,0.89,0.11,0.12,0.01,0.01,75802.02,1776539967000
1776539969.536,269.536,0.88,0.89,0.11,0.12,0.01,0.01,75800.73,1776539968000
1776539970.028,270.028,0.9,0.91,0.09,0.1,0.01,0.01,75800.73,1776539968000
1776539970.375,270.375,0.9,0.91,0.09,0.1,0.01,0.01,75797.84,1776539969000
1776539970.775,270.775,0.88,0.89,0.11,0.12,0.01,0.01,75797.84,1776539969000
1776539971.244,271.244,0.88,0.89,0.11,0.12,0.01,0.01,75797.31,1776539970000
1776539971.76,271.76,0.88,0.89,0.11,0.12,0.01,0.01,75797.31,1776539970000
1776539972.147,272.147,0.85,0.86,0.13,0.15,0.01,0.02,75797.31,1776539970000
1776539972.553,272.553,0.79,0.81,0.18,0.2,0.02,0.02,75796.67,1776539971000
1776539972.997,272.997,0.77,0.78,0.2,0.21,0.01,0.01,75796.67,1776539971000
1776539973.363,273.363,0.74,0.75,0.25,0.26,0.01,0.01,75796.67,1776539971000
1776539973.705,273.705,0.73,0.74,0.26,0.27,0.01,0.01,75796.36,1776539972000
1776539974.072,274.072,0.71,0.72,0.27,0.29,0.01,0.02,75796.36,1776539972000
1776539974.473,274.473,0.71,0.72,0.28,0.29,0.01,0.01,75796.36,1776539972000
1776539974.832,274.832,0.6,0.65,0.34,0.36,0.05,0.02,75786.1,1776539973000
1776539975.265,275.265,0.61,0.62,0.38,0.4,0.01,0.02,75786.1,1776539973000
1776539975.6,275.6,0.53,0.54,0.46,0.48,0.01,0.02,75785.19,1776539974000
1776539975.933,275.933,0.53,0.54,0.46,0.47,0.01,0.01,75785.19,1776539974000
1776539976.28,276.28,0.54,0.55,0.45,0.46,0.01,0.01,75785.19,1776539974000
1776539976.621,276.621,0.54,0.55,0.45,0.46,0.01,0.01,75782.15,1776539975000
1776539976.986,276.986,0.55,0.56,0.44,0.45,0.01,0.01,75782.15,1776539975000
1776539977.337,277.337,0.55,0.56,0.44,0.45,0.01,0.01,75777.86,1776539976000
1776539977.689,277.689,0.57,0.58,0.42,0.43,0.01,0.01,75777.86,1776539976000
1776539978.105,278.105,0.57,0.58,0.42,0.43,0.01,0.01,75777.86,1776539976000
1776539978.439,278.439,0.57,0.58,0.42,0.43,0.01,0.01,75777.86,1776539976000
1776539978.905,278.905,0.57,0.58,0.42,0.43,0.01,0.01,75776.03,1776539977000
1776539979.284,279.284,0.57,0.58,0.42,0.43,0.01,0.01,75776.03,1776539977000
1776539979.685,279.685,0.58,0.59,0.4,0.43,0.01,0.03,75776.03,1776539977000
1776539980.067,280.067,0.59,0.6,0.41,0.42,0.01,0.01,75776.03,1776539977000
1776539980.494,280.494,0.59,0.6,0.4,0.41,0.01,0.01,75775.98,1776539978000
1776539980.829,280.829,0.59,0.6,0.4,0.41,0.01,0.01,75776.51,1776539979000
1776539981.163,281.163,0.59,0.6,0.4,0.41,0.01,0.01,75776.51,1776539979000
1776539981.546,281.546,0.57,0.59,0.4,0.43,0.02,0.03,75776.51,1776539979000
1776539982.192,282.192,0.58,0.59,0.41,0.42,0.01,0.01,75776.51,1776539980000
1776539982.592,282.592,0.58,0.59,0.41,0.42,0.01,0.01,75776.8,1776539981000
1776539982.957,282.957,0.55,0.59,0.41,0.42,0.04,0.01,75776.8,1776539981000
1776539983.408,283.408,0.57,0.58,0.42,0.43,0.01,0.01,75776.69,1776539982000
1776539983.835,283.835,0.58,0.59,0.41,0.43,0.01,0.02,75776.69,1776539982000
1776539984.275,284.275,0.58,0.6,0.4,0.42,0.02,0.02,75776.49,1776539983000
1776539984.64,284.64,0.59,0.6,0.4,0.41,0.01,0.01,75776.49,1776539983000
1776539985.161,285.161,0.59,0.6,0.4,0.41,0.01,0.01,75776.49,1776539983000
1776539985.495,285.495,0.67,0.7,0.3,0.33,0.03,0.03,75776.49,1776539983000
1776539985.835,285.835,0.71,0.72,0.27,0.29,0.01,0.02,75776.0,1776539984000
1776539986.194,286.194,0.7,0.71,0.29,0.3,0.01,0.01,75776.0,1776539984000
1776539986.562,286.562,0.71,0.72,0.28,0.3,0.01,0.02,75776.0,1776539985000
1776539986.953,286.953,0.72,0.75,0.24,0.28,0.03,0.04,75776.0,1776539985000
1776539987.307,287.307,0.73,0.74,0.26,0.27,0.01,0.01,75776.0,1776539985000
1776539987.651,287.651,0.73,0.74,0.25,0.26,0.01,0.01,75776.0,1776539985000
1776539988.187,288.187,0.72,0.73,0.26,0.27,0.01,0.01,75776.44,1776539986000
1776539988.528,288.528,0.58,0.62,0.38,0.39,0.04,0.01,75776.58,1776539987000
1776539988.921,288.921,0.58,0.59,0.41,0.42,0.01,0.01,75776.58,1776539987000
1776539989.391,289.391,0.58,0.59,0.41,0.42,0.01,0.01,75778.51,1776539988000
1776539989.75,289.75,0.58,0.59,0.41,0.42,0.01,0.01,75778.51,1776539988000
1776539990.209,290.209,0.58,0.59,0.41,0.42,0.01,0.01,75778.51,1776539988000
1776539990.567,290.567,0.58,0.59,0.41,0.42,0.01,0.01,75778.51,1776539988000
1776539990.915,290.915,0.58,0.59,0.41,0.42,0.01,0.01,75777.95,1776539989000
1776539991.269,291.269,0.58,0.59,0.41,0.42,0.01,0.01,75777.95,1776539989000
1776539991.618,291.618,0.58,0.59,0.41,0.42,0.01,0.01,75777.08,1776539990000
1776539992.025,292.025,0.59,0.6,0.4,0.41,0.01,0.01,75777.08,1776539990000
1776539992.386,292.386,0.59,0.6,0.39,0.41,0.01,0.02,75776.74,1776539991000
1776539992.768,292.768,0.6,0.61,0.39,0.4,0.01,0.01,75776.74,1776539991000
1776539993.25,293.25,0.6,0.61,0.39,0.4,0.01,0.01,75776.74,1776539991000
1776539993.697,293.697,0.6,0.61,0.39,0.4,0.01,0.01,75776.64,1776539992000
1776539994.054,294.054,0.6,0.61,0.39,0.4,0.01,0.01,75776.64,1776539992000
1776539994.418,294.418,0.61,0.62,0.38,0.39,0.01,0.01,75776.57,1776539993000
1776539994.784,294.784,0.61,0.62,0.38,0.39,0.01,0.01,75776.57,1776539993000
1776539995.247,295.247,0.62,0.63,0.38,0.39,0.01,0.01,75776.57,1776539993000
1776539995.652,295.652,0.64,0.65,0.35,0.36,0.01,0.01,75776.57,1776539993000
1776539996.096,296.096,0.67,0.68,0.29,0.35,0.01,0.06,75776.53,1776539994000
1776539996.472,296.472,0.71,0.72,0.28,0.29,0.01,0.01,75776.53,1776539994000
1776539996.811,296.811,0.83,0.84,0.16,0.17,0.01,0.01,75773.77,1776539995000
1776539997.287,297.287,0.83,0.84,0.16,0.17,0.01,0.01,75773.77,1776539995000
1776539997.632,297.632,0.83,0.84,0.16,0.17,0.01,0.01,75774.7,1776539996000
1776539998.006,298.006,0.86,0.87,0.13,0.14,0.01,0.01,75774.7,1776539996000
1776539998.353,298.353,0.89,0.9,0.1,0.11,0.01,0.01,75774.7,1776539996000
1776539998.689,298.689,0.91,0.97,0.03,0.09,0.06,0.06,75774.8,1776539997000
1776539999.05,299.05,0.78,0.83,0.16,0.23,0.05,0.07,75774.8,1776539997000
1776539999.432,299.432,0.88,0.89,0.1,0.13,0.01,0.03,75774.83,1776539998000
1776539999.778,299.778,0.66,0.8,0.2,0.34,0.14,0.14,75774.83,1776539998000
1776540000.129,300.129,0.67,0.72,0.28,0.33,0.05,0.05,75774.83,1776539998000
1776540000.463,300.463,0.45,0.54,0.31,0.5,0.09,0.19,75774.86,1776539999000
1776540000.849,300.849,0.52,0.53,0.24,0.53,0.01,0.29,75774.86,1776539999000
1776540001.358,301.358,0.53,0.91,0.09,0.47,0.38,0.38,75775.37,1776540000000
1776540002.648,302.648,0.53,0.91,0.09,0.47,0.38,0.38,75769.46,1776540001000

# RESULT,winner=Up,slug=btc-updown-5m-1776539700,ticks=650
