timestamp,elapsed_sec,up_bid,up_ask,down_bid,down_ask,up_spread,down_spread,btc_price,btc_oracle_ts
1777260300.525,0.525,0.44,0.49,0.51,0.53,0.05,0.02,79262.69,1777260299000
1777260300.928,0.928,0.44,0.45,0.55,0.56,0.01,0.01,79262.69,1777260299000
1777260301.354,1.354,0.44,0.45,0.55,0.56,0.01,0.01,79262.69,1777260299000
1777260301.895,1.895,0.37,0.45,0.55,0.57,0.08,0.02,79262.7,1777260300000
1777260302.279,2.279,0.42,0.43,0.55,0.58,0.01,0.03,79262.7,1777260301000
1777260302.687,2.687,0.42,0.43,0.57,0.58,0.01,0.01,79262.7,1777260301000
1777260303.224,3.224,0.42,0.43,0.57,0.58,0.01,0.01,79262.64,1777260302000
1777260303.679,3.679,0.42,0.43,0.57,0.58,0.01,0.01,79262.64,1777260302000
1777260304.033,4.033,0.42,0.43,0.57,0.58,0.01,0.01,79261.95,1777260303000
1777260304.391,4.391,0.42,0.43,0.57,0.58,0.01,0.01,79261.95,1777260303000
1777260304.803,4.803,0.42,0.43,0.57,0.58,0.01,0.01,79261.95,1777260303000
1777260305.174,5.174,0.45,0.46,0.54,0.55,0.01,0.01,79261.95,1777260303000
1777260305.694,5.694,0.45,0.46,0.54,0.55,0.01,0.01,79262.31,1777260304000
1777260306.212,6.212,0.45,0.46,0.54,0.55,0.01,0.01,79262.32,1777260305000
1777260306.877,6.877,0.46,0.47,0.53,0.55,0.01,0.02,79262.32,1777260305000
1777260307.286,7.286,0.47,0.48,0.52,0.53,0.01,0.01,79262.95,1777260306000
1777260307.962,7.962,0.47,0.48,0.52,0.53,0.01,0.01,79262.95,1777260306000
1777260308.305,8.305,0.49,0.5,0.5,0.53,0.01,0.03,79262.95,1777260306000
1777260308.71,8.71,0.49,0.5,0.5,0.51,0.01,0.01,79265.19,1777260307000
1777260309.158,9.158,0.49,0.5,0.5,0.51,0.01,0.01,79265.19,1777260307000
1777260309.542,9.542,0.49,0.5,0.5,0.51,0.01,0.01,79266.06,1777260308000
1777260309.923,9.923,0.49,0.5,0.5,0.51,0.01,0.01,79266.06,1777260308000
1777260310.353,10.353,0.49,0.5,0.5,0.51,0.01,0.01,79266.06,1777260308000
1777260310.879,10.879,0.49,0.5,0.5,0.51,0.01,0.01,79266.06,1777260308000
1777260311.667,11.667,0.49,0.5,0.5,0.51,0.01,0.01,79266.62,1777260309000
1777260312.107,12.107,0.49,0.5,0.5,0.51,0.01,0.01,79266.8,1777260310000
1777260312.78,12.78,0.49,0.5,0.5,0.51,0.01,0.01,79266.8,1777260311000
1777260313.268,13.268,0.49,0.5,0.5,0.51,0.01,0.01,79266.89,1777260312000
1777260314.278,14.278,0.48,0.5,0.5,0.51,0.02,0.01,79266.89,1777260312000
1777260314.752,14.752,0.47,0.48,0.52,0.53,0.01,0.01,79266.92,1777260313000
1777260315.12,15.12,0.45,0.48,0.52,0.53,0.03,0.01,79266.92,1777260313000
1777260315.521,15.521,0.45,0.46,0.54,0.55,0.01,0.01,79268.01,1777260314000
1777260315.869,15.869,0.44,0.45,0.55,0.56,0.01,0.01,79268.01,1777260314000
1777260316.204,16.204,0.44,0.45,0.55,0.56,0.01,0.01,79268.01,1777260314000
1777260316.633,16.633,0.44,0.45,0.55,0.56,0.01,0.01,79267.8,1777260315000
1777260317.078,17.078,0.47,0.48,0.5,0.56,0.01,0.06,79267.8,1777260315000
1777260317.497,17.497,0.47,0.48,0.52,0.53,0.01,0.01,79265.73,1777260316000
1777260318.158,18.158,0.47,0.48,0.52,0.53,0.01,0.01,79265.73,1777260316000
1777260318.636,18.636,0.47,0.48,0.52,0.53,0.01,0.01,79263.24,1777260317000
1777260319.013,19.013,0.47,0.48,0.52,0.53,0.01,0.01,79263.24,1777260317000
1777260320.096,20.096,0.47,0.48,0.52,0.53,0.01,0.01,79263.6,1777260318000
1777260320.513,20.513,0.47,0.48,0.52,0.53,0.01,0.01,79263.96,1777260319000
1777260320.893,20.893,0.47,0.48,0.52,0.53,0.01,0.01,79263.96,1777260319000
1777260321.239,21.239,0.41,0.42,0.58,0.59,0.01,0.01,79263.96,1777260319000
1777260321.739,21.739,0.37,0.38,0.61,0.62,0.01,0.01,79263.7,1777260320000
1777260322.186,22.186,0.37,0.38,0.62,0.63,0.01,0.01,79262.97,1777260321000
1777260322.535,22.535,0.37,0.38,0.62,0.63,0.01,0.01,79262.97,1777260321000
1777260322.873,22.873,0.36,0.37,0.63,0.64,0.01,0.01,79262.97,1777260321000
1777260323.312,23.312,0.36,0.37,0.63,0.64,0.01,0.01,79262.97,1777260321000
1777260323.669,23.669,0.36,0.37,0.63,0.64,0.01,0.01,79255.93,1777260322000
1777260324.04,24.04,0.33,0.34,0.66,0.67,0.01,0.01,79255.93,1777260322000
1777260324.387,24.387,0.33,0.34,0.66,0.67,0.01,0.01,79255.93,1777260322000
1777260324.882,24.882,0.33,0.34,0.66,0.67,0.01,0.01,79252.73,1777260323000
1777260325.234,25.234,0.33,0.34,0.66,0.67,0.01,0.01,79251.19,1777260324000
1777260325.653,25.653,0.33,0.34,0.66,0.67,0.01,0.01,79251.19,1777260324000
1777260326.223,26.223,0.35,0.36,0.64,0.65,0.01,0.01,79251.19,1777260324000
1777260326.605,26.605,0.35,0.36,0.64,0.65,0.01,0.01,79245.57,1777260325000
1777260327.018,27.018,0.35,0.36,0.64,0.65,0.01,0.01,79245.57,1777260325000
1777260327.56,27.56,0.35,0.36,0.64,0.65,0.01,0.01,79243.85,1777260326000
1777260327.987,27.987,0.35,0.36,0.64,0.65,0.01,0.01,79243.85,1777260326000
1777260328.472,28.472,0.35,0.36,0.64,0.65,0.01,0.01,79243.85,1777260327000
1777260328.864,28.864,0.35,0.36,0.64,0.65,0.01,0.01,79243.85,1777260327000
1777260329.545,29.545,0.35,0.36,0.64,0.65,0.01,0.01,79243.85,1777260327000
1777260330.243,30.243,0.35,0.36,0.64,0.65,0.01,0.01,79243.33,1777260329000
1777260330.693,30.693,0.35,0.36,0.64,0.65,0.01,0.01,79243.33,1777260329000
1777260331.36,31.36,0.35,0.36,0.64,0.65,0.01,0.01,79243.33,1777260329000
1777260331.706,31.706,0.35,0.36,0.64,0.65,0.01,0.01,79243.14,1777260330000
1777260332.07,32.07,0.37,0.38,0.61,0.65,0.01,0.04,79243.14,1777260330000
1777260332.975,32.975,0.37,0.38,0.62,0.63,0.01,0.01,79243.14,1777260331000
1777260333.395,33.395,0.37,0.38,0.62,0.63,0.01,0.01,79243.77,1777260332000
1777260333.781,33.781,0.37,0.38,0.62,0.63,0.01,0.01,79243.77,1777260332000
1777260334.604,34.604,0.37,0.38,0.62,0.63,0.01,0.01,79243.77,1777260333000
1777260335.264,35.264,0.36,0.38,0.62,0.64,0.02,0.02,79242.88,1777260334000
1777260335.6,35.6,0.36,0.37,0.62,0.64,0.01,0.02,79242.88,1777260334000
1777260336.015,36.015,0.36,0.37,0.63,0.64,0.01,0.01,79242.88,1777260334000
1777260336.357,36.357,0.36,0.37,0.63,0.64,0.01,0.01,79242.88,1777260335000
1777260337.003,37.003,0.36,0.37,0.63,0.64,0.01,0.01,79242.88,1777260335000
1777260337.59,37.59,0.35,0.36,0.64,0.65,0.01,0.01,79242.88,1777260336000
1777260337.985,37.985,0.35,0.37,0.64,0.65,0.02,0.01,79242.88,1777260336000
1777260338.319,38.319,0.36,0.37,0.63,0.65,0.01,0.02,79242.88,1777260337000
1777260338.735,38.735,0.36,0.37,0.63,0.64,0.01,0.01,79242.88,1777260337000
1777260339.127,39.127,0.36,0.37,0.63,0.64,0.01,0.01,79242.88,1777260337000
1777260340.236,40.236,0.36,0.37,0.63,0.64,0.01,0.01,79242.88,1777260338000
1777260340.969,40.969,0.36,0.37,0.63,0.64,0.01,0.01,79244.02,1777260339000
1777260341.342,41.342,0.36,0.38,0.62,0.64,0.02,0.02,79243.27,1777260340000
1777260341.691,41.691,0.37,0.38,0.62,0.63,0.01,0.01,79243.27,1777260340000
1777260342.331,42.331,0.37,0.38,0.62,0.63,0.01,0.01,79243.97,1777260341000
1777260343.152,43.152,0.37,0.38,0.62,0.63,0.01,0.01,79243.97,1777260341000
1777260343.503,43.503,0.37,0.38,0.62,0.63,0.01,0.01,79243.77,1777260342000
1777260343.882,43.882,0.37,0.38,0.62,0.63,0.01,0.01,79243.77,1777260342000
1777260344.846,44.846,0.37,0.38,0.62,0.63,0.01,0.01,79243.77,1777260343000
1777260345.186,45.186,0.37,0.38,0.62,0.63,0.01,0.01,79245.16,1777260344000
1777260345.948,45.948,0.37,0.39,0.62,0.63,0.02,0.01,79245.16,1777260344000
1777260346.765,46.765,0.38,0.39,0.61,0.63,0.01,0.02,79245.64,1777260345000
1777260347.391,47.391,0.38,0.39,0.61,0.62,0.01,0.01,79245.64,1777260345000
1777260347.738,47.738,0.38,0.39,0.61,0.62,0.01,0.01,79246.12,1777260346000
1777260348.146,48.146,0.38,0.39,0.61,0.62,0.01,0.01,79246.12,1777260346000
1777260348.499,48.499,0.38,0.39,0.61,0.62,0.01,0.01,79246.27,1777260347000
1777260349.133,49.133,0.4,0.41,0.59,0.62,0.01,0.03,79246.27,1777260347000
1777260349.881,49.881,0.39,0.4,0.6,0.61,0.01,0.01,79245.98,1777260348000
1777260350.707,50.707,0.39,0.4,0.6,0.61,0.01,0.01,79245.92,1777260349000
1777260351.1,51.1,0.32,0.33,0.67,0.7,0.01,0.03,79245.92,1777260349000
1777260351.475,51.475,0.32,0.33,0.67,0.68,0.01,0.01,79245.92,1777260350000
1777260351.907,51.907,0.32,0.33,0.67,0.68,0.01,0.01,79245.92,1777260350000
1777260352.486,52.486,0.31,0.32,0.68,0.69,0.01,0.01,79245.92,1777260350000
1777260353.128,53.128,0.31,0.32,0.68,0.69,0.01,0.01,79237.63,1777260352000
1777260353.761,53.761,0.31,0.32,0.68,0.69,0.01,0.01,79237.63,1777260352000
1777260354.239,54.239,0.31,0.32,0.68,0.69,0.01,0.01,79236.18,1777260353000
1777260355.154,55.154,0.31,0.32,0.68,0.69,0.01,0.01,79236.18,1777260353000
1777260355.823,55.823,0.31,0.32,0.68,0.69,0.01,0.01,79236.23,1777260354000
1777260357.135,57.135,0.31,0.32,0.68,0.69,0.01,0.01,79236.31,1777260355000
1777260357.491,57.491,0.32,0.33,0.67,0.68,0.01,0.01,79236.07,1777260356000
1777260358.126,58.126,0.32,0.33,0.67,0.68,0.01,0.01,79236.07,1777260356000
1777260358.549,58.549,0.32,0.33,0.67,0.68,0.01,0.01,79236.1,1777260357000
1777260359.027,59.027,0.31,0.33,0.67,0.68,0.02,0.01,79236.1,1777260357000
1777260359.376,59.376,0.31,0.32,0.68,0.69,0.01,0.01,79236.1,1777260357000
1777260359.714,59.714,0.31,0.32,0.68,0.69,0.01,0.01,79236.1,1777260357000
1777260360.093,60.093,0.31,0.32,0.68,0.69,0.01,0.01,79236.33,1777260358000
1777260360.456,60.456,0.31,0.32,0.68,0.69,0.01,0.01,79236.33,1777260358000
1777260360.79,60.79,0.3,0.32,0.68,0.69,0.02,0.01,79236.33,1777260359000
1777260361.251,61.251,0.3,0.31,0.69,0.7,0.01,0.01,79236.33,1777260359000
1777260361.71,61.71,0.3,0.31,0.69,0.7,0.01,0.01,79235.68,1777260360000
1777260362.053,62.053,0.3,0.31,0.69,0.7,0.01,0.01,79235.68,1777260360000
1777260362.528,62.528,0.3,0.31,0.69,0.7,0.01,0.01,79235.68,1777260360000
1777260363.035,63.035,0.3,0.31,0.69,0.7,0.01,0.01,79235.04,1777260361000
1777260363.439,63.439,0.3,0.31,0.69,0.7,0.01,0.01,79235.04,1777260361000
1777260363.974,63.974,0.32,0.33,0.67,0.68,0.01,0.01,79234.85,1777260363000
1777260364.319,64.319,0.32,0.33,0.67,0.68,0.01,0.01,79234.85,1777260363000
1777260364.757,64.757,0.32,0.33,0.67,0.68,0.01,0.01,79234.85,1777260363000
1777260365.22,65.22,0.32,0.33,0.67,0.68,0.01,0.01,79234.85,1777260363000
1777260365.72,65.72,0.32,0.33,0.67,0.68,0.01,0.01,79235.08,1777260364000
1777260366.193,66.193,0.31,0.33,0.67,0.68,0.02,0.01,79235.08,1777260364000
1777260366.671,66.671,0.3,0.31,0.68,0.69,0.01,0.01,79235.08,1777260364000
1777260367.179,67.179,0.3,0.31,0.69,0.7,0.01,0.01,79234.17,1777260365000
1777260367.538,67.538,0.3,0.31,0.69,0.7,0.01,0.01,79234.17,1777260365000
1777260367.886,67.886,0.3,0.31,0.69,0.7,0.01,0.01,79235.11,1777260366000
1777260368.335,68.335,0.3,0.31,0.69,0.7,0.01,0.01,79234.17,1777260367000
1777260369.498,69.498,0.3,0.31,0.69,0.7,0.01,0.01,79234.17,1777260367000
1777260369.84,69.84,0.37,0.38,0.62,0.65,0.01,0.03,79234.17,1777260368000
1777260370.175,70.175,0.37,0.38,0.62,0.63,0.01,0.01,79234.17,1777260368000
1777260370.632,70.632,0.37,0.38,0.62,0.63,0.01,0.01,79234.17,1777260369000
1777260371.042,71.042,0.37,0.38,0.62,0.63,0.01,0.01,79234.17,1777260369000
1777260371.674,71.674,0.37,0.38,0.62,0.63,0.01,0.01,79236.14,1777260370000
1777260372.182,72.182,0.37,0.38,0.62,0.63,0.01,0.01,79236.14,1777260370000
1777260372.578,72.578,0.37,0.38,0.62,0.63,0.01,0.01,79241.34,1777260371000
1777260372.961,72.961,0.38,0.39,0.61,0.62,0.01,0.01,79241.34,1777260371000
1777260373.297,73.297,0.39,0.41,0.59,0.62,0.02,0.03,79241.89,1777260372000
1777260373.634,73.634,0.38,0.39,0.61,0.62,0.01,0.01,79241.89,1777260372000
1777260374.097,74.097,0.37,0.38,0.61,0.63,0.01,0.02,79241.89,1777260372000
1777260374.448,74.448,0.37,0.38,0.62,0.63,0.01,0.01,79241.89,1777260372000
1777260374.878,74.878,0.37,0.38,0.62,0.63,0.01,0.01,79242.46,1777260373000
1777260375.356,75.356,0.37,0.38,0.62,0.63,0.01,0.01,79242.78,1777260374000
1777260375.786,75.786,0.37,0.38,0.62,0.63,0.01,0.01,79242.78,1777260374000
1777260376.325,76.325,0.38,0.39,0.61,0.62,0.01,0.01,79242.81,1777260375000
1777260376.672,76.672,0.4,0.41,0.59,0.63,0.01,0.04,79242.81,1777260375000
1777260377.012,77.012,0.4,0.42,0.59,0.6,0.02,0.01,79242.81,1777260375000
1777260377.425,77.425,0.41,0.42,0.58,0.59,0.01,0.01,79242.81,1777260375000
1777260377.869,77.869,0.41,0.42,0.58,0.59,0.01,0.01,79244.06,1777260376000
1777260378.229,78.229,0.41,0.42,0.58,0.59,0.01,0.01,79244.06,1777260376000
1777260378.685,78.685,0.41,0.42,0.58,0.59,0.01,0.01,79244.43,1777260377000
1777260379.514,79.514,0.41,0.42,0.58,0.59,0.01,0.01,79244.43,1777260377000
1777260380.089,80.089,0.4,0.41,0.59,0.6,0.01,0.01,79245.37,1777260379000
1777260380.489,80.489,0.4,0.41,0.59,0.6,0.01,0.01,79245.37,1777260379000
1777260381.533,81.533,0.4,0.41,0.59,0.6,0.01,0.01,79244.88,1777260380000
1777260382.117,82.117,0.4,0.41,0.59,0.6,0.01,0.01,79244.86,1777260381000
1777260382.705,82.705,0.4,0.41,0.59,0.6,0.01,0.01,79244.86,1777260381000
1777260383.32,83.32,0.4,0.41,0.59,0.6,0.01,0.01,79245.39,1777260382000
1777260383.699,83.699,0.45,0.46,0.53,0.55,0.01,0.02,79245.39,1777260382000
1777260384.115,84.115,0.47,0.48,0.53,0.55,0.01,0.02,79245.39,1777260382000
1777260384.452,84.452,0.47,0.48,0.52,0.53,0.01,0.01,79245.39,1777260382000
1777260384.869,84.869,0.47,0.48,0.52,0.53,0.01,0.01,79246.45,1777260383000
1777260385.281,85.281,0.47,0.48,0.52,0.53,0.01,0.01,79246.45,1777260383000
1777260385.735,85.735,0.47,0.48,0.52,0.53,0.01,0.01,79247.96,1777260384000
1777260386.138,86.138,0.47,0.48,0.52,0.53,0.01,0.01,79247.96,1777260384000
1777260386.606,86.606,0.46,0.48,0.52,0.54,0.02,0.02,79250.83,1777260385000
1777260387.209,87.209,0.46,0.47,0.53,0.54,0.01,0.01,79251.08,1777260386000
1777260387.997,87.997,0.46,0.47,0.53,0.54,0.01,0.01,79251.08,1777260386000
1777260388.378,88.378,0.46,0.47,0.53,0.54,0.01,0.01,79251.39,1777260387000
1777260388.822,88.822,0.46,0.47,0.53,0.54,0.01,0.01,79251.39,1777260387000
1777260389.207,89.207,0.53,0.54,0.45,0.49,0.01,0.04,79251.41,1777260388000
1777260389.554,89.554,0.53,0.54,0.46,0.47,0.01,0.01,79251.41,1777260388000
1777260389.907,89.907,0.53,0.54,0.46,0.47,0.01,0.01,79251.41,1777260388000
1777260390.247,90.247,0.53,0.54,0.46,0.47,0.01,0.01,79252.43,1777260389000
1777260390.596,90.596,0.5,0.51,0.49,0.5,0.01,0.01,79252.43,1777260389000
1777260390.966,90.966,0.52,0.53,0.47,0.48,0.01,0.01,79252.43,1777260389000
1777260391.525,91.525,0.5,0.52,0.48,0.49,0.02,0.01,79252.43,1777260389000
1777260391.971,91.971,0.5,0.51,0.49,0.5,0.01,0.01,79258.57,1777260390000
1777260392.439,92.439,0.5,0.51,0.49,0.5,0.01,0.01,79259.15,1777260391000
1777260393.235,93.235,0.5,0.51,0.49,0.5,0.01,0.01,79259.15,1777260391000
1777260393.693,93.693,0.49,0.5,0.49,0.53,0.01,0.04,79260.96,1777260392000
1777260394.038,94.038,0.48,0.49,0.51,0.52,0.01,0.01,79261.16,1777260393000
1777260394.744,94.744,0.48,0.49,0.51,0.52,0.01,0.01,79261.16,1777260393000
1777260395.144,95.144,0.48,0.49,0.51,0.52,0.01,0.01,79261.21,1777260394000
1777260395.513,95.513,0.48,0.49,0.51,0.52,0.01,0.01,79261.21,1777260394000
1777260395.955,95.955,0.48,0.49,0.51,0.52,0.01,0.01,79261.21,1777260394000
1777260396.369,96.369,0.48,0.49,0.51,0.52,0.01,0.01,79261.21,1777260394000
1777260396.724,96.724,0.48,0.49,0.51,0.52,0.01,0.01,79260.34,1777260395000
1777260397.065,97.065,0.48,0.49,0.51,0.52,0.01,0.01,79260.34,1777260395000
1777260397.494,97.494,0.47,0.48,0.51,0.53,0.01,0.02,79260.34,1777260395000
1777260397.994,97.994,0.47,0.48,0.52,0.53,0.01,0.01,79260.3,1777260396000
1777260398.608,98.608,0.47,0.48,0.52,0.53,0.01,0.01,79259.96,1777260397000
1777260398.952,98.952,0.47,0.48,0.52,0.53,0.01,0.01,79259.96,1777260397000
1777260399.327,99.327,0.48,0.49,0.51,0.53,0.01,0.02,79259.96,1777260397000
1777260399.762,99.762,0.47,0.48,0.51,0.53,0.01,0.02,79260.29,1777260398000
1777260400.105,100.105,0.47,0.48,0.52,0.53,0.01,0.01,79260.29,1777260398000
1777260400.516,100.516,0.47,0.48,0.52,0.53,0.01,0.01,79259.86,1777260399000
1777260400.863,100.863,0.48,0.49,0.51,0.53,0.01,0.02,79259.86,1777260399000
1777260401.248,101.248,0.47,0.48,0.51,0.52,0.01,0.01,79259.86,1777260399000
1777260401.932,101.932,0.49,0.5,0.5,0.51,0.01,0.01,79260.09,1777260400000
1777260402.648,102.648,0.49,0.5,0.5,0.51,0.01,0.01,79260.08,1777260401000
1777260403.067,103.067,0.49,0.5,0.5,0.51,0.01,0.01,79260.08,1777260401000
1777260403.773,103.773,0.5,0.51,0.5,0.51,0.01,0.01,79260.08,1777260402000
1777260405.003,105.003,0.5,0.51,0.49,0.5,0.01,0.01,79260.37,1777260403000
1777260405.607,105.607,0.5,0.51,0.49,0.5,0.01,0.01,79260.37,1777260403000
1777260406.114,106.114,0.5,0.51,0.49,0.5,0.01,0.01,79260.38,1777260404000
1777260406.618,106.618,0.5,0.51,0.49,0.5,0.01,0.01,79260.63,1777260405000
1777260407.214,107.214,0.47,0.51,0.49,0.5,0.04,0.01,79260.63,1777260405000
1777260407.981,107.981,0.48,0.49,0.5,0.53,0.01,0.03,79260.82,1777260406000
1777260408.469,108.469,0.47,0.48,0.51,0.52,0.01,0.01,79260.82,1777260406000
1777260408.825,108.825,0.47,0.48,0.52,0.53,0.01,0.01,79260.82,1777260407000
1777260409.656,109.656,0.47,0.48,0.52,0.53,0.01,0.01,79260.82,1777260408000
1777260410.157,110.157,0.47,0.48,0.52,0.53,0.01,0.01,79260.82,1777260408000
1777260410.519,110.519,0.47,0.48,0.52,0.53,0.01,0.01,79260.46,1777260409000
1777260410.864,110.864,0.47,0.48,0.52,0.53,0.01,0.01,79260.46,1777260409000
1777260411.469,111.469,0.47,0.48,0.52,0.53,0.01,0.01,79260.46,1777260409000
1777260411.937,111.937,0.47,0.48,0.52,0.53,0.01,0.01,79260.46,1777260409000
1777260412.291,112.291,0.47,0.48,0.52,0.53,0.01,0.01,79260.54,1777260410000
1777260412.692,112.692,0.59,0.6,0.4,0.41,0.01,0.01,79260.74,1777260411000
1777260413.028,113.028,0.6,0.61,0.39,0.4,0.01,0.01,79260.74,1777260411000
1777260413.656,113.656,0.6,0.61,0.39,0.4,0.01,0.01,79261.01,1777260412000
1777260414.129,114.129,0.6,0.61,0.39,0.4,0.01,0.01,79261.01,1777260412000
1777260414.494,114.494,0.61,0.62,0.38,0.4,0.01,0.02,79266.57,1777260413000
1777260414.83,114.83,0.61,0.62,0.38,0.39,0.01,0.01,79266.57,1777260413000
1777260415.468,115.468,0.61,0.62,0.38,0.39,0.01,0.01,79272.6,1777260414000
1777260415.934,115.934,0.61,0.62,0.38,0.39,0.01,0.01,79272.6,1777260414000
1777260416.867,116.867,0.61,0.62,0.38,0.39,0.01,0.01,79272.7,1777260415000
1777260418.253,118.253,0.61,0.62,0.38,0.39,0.01,0.01,79273.66,1777260417000
1777260418.614,118.614,0.6,0.62,0.39,0.4,0.02,0.01,79273.66,1777260417000
1777260419.021,119.021,0.59,0.6,0.39,0.41,0.01,0.02,79273.66,1777260417000
1777260419.356,119.356,0.6,0.61,0.4,0.41,0.01,0.01,79273.66,1777260417000
1777260419.745,119.745,0.58,0.59,0.39,0.42,0.01,0.03,79273.18,1777260418000
1777260420.224,120.224,0.57,0.59,0.41,0.42,0.02,0.01,79273.18,1777260418000
1777260420.574,120.574,0.53,0.58,0.42,0.45,0.05,0.03,79273.19,1777260419000
1777260420.925,120.925,0.53,0.54,0.46,0.47,0.01,0.01,79273.19,1777260419000
1777260421.557,121.557,0.53,0.54,0.46,0.47,0.01,0.01,79272.9,1777260420000
1777260422.007,122.007,0.53,0.54,0.46,0.47,0.01,0.01,79272.9,1777260420000
1777260422.399,122.399,0.53,0.54,0.46,0.47,0.01,0.01,79272.15,1777260421000
1777260422.802,122.802,0.53,0.54,0.46,0.47,0.01,0.01,79272.15,1777260421000
1777260423.183,123.183,0.53,0.54,0.46,0.47,0.01,0.01,79269.97,1777260422000
1777260423.772,123.772,0.53,0.54,0.46,0.47,0.01,0.01,79269.97,1777260422000
1777260424.138,124.138,0.53,0.54,0.46,0.47,0.01,0.01,79269.97,1777260422000
1777260424.602,124.602,0.53,0.54,0.46,0.47,0.01,0.01,79270.45,1777260423000
1777260424.996,124.996,0.53,0.54,0.46,0.47,0.01,0.01,79270.45,1777260423000
1777260425.481,125.481,0.53,0.54,0.46,0.47,0.01,0.01,79270.5,1777260424000
1777260425.965,125.965,0.53,0.54,0.46,0.47,0.01,0.01,79270.5,1777260424000
1777260426.406,126.406,0.53,0.54,0.46,0.47,0.01,0.01,79270.57,1777260425000
1777260426.758,126.758,0.48,0.5,0.5,0.52,0.02,0.02,79270.57,1777260425000
1777260427.148,127.148,0.48,0.49,0.51,0.52,0.01,0.01,79270.57,1777260426000
1777260427.571,127.571,0.48,0.49,0.51,0.52,0.01,0.01,79270.57,1777260426000
1777260427.948,127.948,0.48,0.49,0.51,0.52,0.01,0.01,79270.57,1777260426000
1777260428.638,128.638,0.48,0.49,0.51,0.52,0.01,0.01,79269.99,1777260427000
1777260429.0,129.0,0.48,0.49,0.51,0.52,0.01,0.01,79269.99,1777260427000
1777260429.464,129.464,0.6,0.61,0.39,0.4,0.01,0.01,79269.19,1777260428000
1777260429.808,129.808,0.6,0.61,0.39,0.4,0.01,0.01,79269.19,1777260428000
1777260430.272,130.272,0.6,0.61,0.39,0.4,0.01,0.01,79269.19,1777260428000
1777260430.725,130.725,0.6,0.61,0.39,0.4,0.01,0.01,79268.79,1777260429000
1777260431.077,131.077,0.6,0.61,0.39,0.4,0.01,0.01,79268.79,1777260429000
1777260431.467,131.467,0.6,0.61,0.39,0.4,0.01,0.01,79270.11,1777260430000
1777260432.049,132.049,0.6,0.61,0.39,0.4,0.01,0.01,79270.11,1777260430000
1777260432.427,132.427,0.6,0.61,0.39,0.4,0.01,0.01,79270.88,1777260431000
1777260432.997,132.997,0.6,0.61,0.39,0.4,0.01,0.01,79270.88,1777260432000
1777260433.491,133.491,0.6,0.61,0.39,0.4,0.01,0.01,79270.88,1777260432000
1777260433.839,133.839,0.58,0.61,0.39,0.4,0.03,0.01,79270.88,1777260432000
1777260434.23,134.23,0.55,0.56,0.41,0.48,0.01,0.07,79270.88,1777260433000
1777260434.67,134.67,0.55,0.56,0.44,0.45,0.01,0.01,79270.88,1777260433000
1777260435.039,135.039,0.55,0.56,0.44,0.45,0.01,0.01,79270.88,1777260433000
1777260435.584,135.584,0.52,0.56,0.44,0.45,0.04,0.01,79271.1,1777260434000
1777260435.958,135.958,0.55,0.56,0.44,0.45,0.01,0.01,79271.1,1777260434000
1777260436.396,136.396,0.55,0.56,0.44,0.45,0.01,0.01,79270.79,1777260435000
1777260436.821,136.821,0.51,0.56,0.44,0.49,0.05,0.05,79270.79,1777260435000
1777260437.35,137.35,0.51,0.52,0.48,0.49,0.01,0.01,79271.18,1777260436000
1777260437.723,137.723,0.51,0.52,0.48,0.49,0.01,0.01,79271.18,1777260436000
1777260438.275,138.275,0.51,0.52,0.48,0.49,0.01,0.01,79271.19,1777260437000
1777260438.818,138.818,0.46,0.47,0.5,0.52,0.01,0.02,79271.19,1777260437000
1777260439.187,139.187,0.45,0.46,0.54,0.55,0.01,0.01,79270.55,1777260438000
1777260439.559,139.559,0.45,0.46,0.54,0.55,0.01,0.01,79270.55,1777260438000
1777260439.913,139.913,0.45,0.46,0.54,0.55,0.01,0.01,79270.55,1777260438000
1777260440.374,140.374,0.45,0.46,0.54,0.55,0.01,0.01,79270.54,1777260439000
1777260440.879,140.879,0.45,0.46,0.54,0.55,0.01,0.01,79270.54,1777260439000
1777260441.271,141.271,0.52,0.53,0.47,0.48,0.01,0.01,79270.28,1777260440000
1777260441.63,141.63,0.52,0.53,0.47,0.48,0.01,0.01,79270.28,1777260440000
1777260442.241,142.241,0.52,0.54,0.47,0.48,0.02,0.01,79270.28,1777260440000
1777260442.663,142.663,0.53,0.54,0.46,0.47,0.01,0.01,79270.15,1777260441000
1777260443.01,143.01,0.59,0.62,0.4,0.47,0.03,0.07,79270.45,1777260442000
1777260443.435,143.435,0.6,0.61,0.39,0.4,0.01,0.01,79270.45,1777260442000
1777260443.865,143.865,0.6,0.61,0.39,0.4,0.01,0.01,79270.45,1777260442000
1777260444.389,144.389,0.6,0.61,0.39,0.4,0.01,0.01,79270.79,1777260443000
1777260445.016,145.016,0.6,0.61,0.39,0.4,0.01,0.01,79271.01,1777260444000
1777260445.477,145.477,0.6,0.61,0.39,0.4,0.01,0.01,79271.01,1777260444000
1777260446.154,146.154,0.6,0.61,0.39,0.4,0.01,0.01,79271.44,1777260445000
1777260446.567,146.567,0.6,0.61,0.39,0.4,0.01,0.01,79271.44,1777260445000
1777260446.936,146.936,0.56,0.58,0.39,0.43,0.02,0.04,79271.44,1777260445000
1777260447.621,147.621,0.55,0.57,0.43,0.44,0.02,0.01,79271.45,1777260446000
1777260448.102,148.102,0.55,0.56,0.44,0.45,0.01,0.01,79271.45,1777260446000
1777260448.83,148.83,0.55,0.56,0.44,0.45,0.01,0.01,79271.05,1777260448000
1777260449.365,149.365,0.55,0.56,0.44,0.45,0.01,0.01,79271.05,1777260448000
1777260449.853,149.853,0.56,0.57,0.43,0.44,0.01,0.01,79271.05,1777260448000
1777260450.501,150.501,0.54,0.57,0.43,0.44,0.03,0.01,79271.01,1777260449000
1777260450.842,150.842,0.47,0.49,0.51,0.53,0.02,0.02,79271.01,1777260449000
1777260451.231,151.231,0.52,0.53,0.47,0.52,0.01,0.05,79271.01,1777260450000
1777260451.65,151.65,0.55,0.56,0.44,0.47,0.01,0.03,79271.01,1777260450000
1777260452.002,152.002,0.57,0.6,0.42,0.43,0.03,0.01,79271.01,1777260451000
1777260452.829,152.829,0.59,0.6,0.4,0.43,0.01,0.03,79271.01,1777260451000
1777260453.165,153.165,0.59,0.6,0.4,0.41,0.01,0.01,79270.78,1777260452000
1777260453.536,153.536,0.59,0.6,0.4,0.41,0.01,0.01,79270.78,1777260452000
1777260453.951,153.951,0.53,0.54,0.46,0.47,0.01,0.01,79270.78,1777260452000
1777260454.409,154.409,0.54,0.55,0.45,0.46,0.01,0.01,79271.09,1777260453000
1777260455.019,155.019,0.55,0.56,0.44,0.45,0.01,0.01,79271.08,1777260454000
1777260455.448,155.448,0.55,0.56,0.44,0.45,0.01,0.01,79271.08,1777260454000
1777260456.071,156.071,0.55,0.56,0.44,0.45,0.01,0.01,79271.08,1777260455000
1777260456.449,156.449,0.55,0.56,0.44,0.45,0.01,0.01,79271.08,1777260455000
1777260457.191,157.191,0.54,0.56,0.44,0.47,0.02,0.03,79271.08,1777260455000
1777260458.365,158.365,0.56,0.6,0.44,0.46,0.04,0.02,79269.84,1777260456000
1777260458.847,158.847,0.62,0.63,0.37,0.39,0.01,0.02,79270.27,1777260457000
1777260459.181,159.181,0.62,0.65,0.37,0.38,0.03,0.01,79270.27,1777260458000
1777260459.591,159.591,0.64,0.65,0.35,0.36,0.01,0.01,79270.27,1777260458000
1777260459.959,159.959,0.63,0.64,0.36,0.37,0.01,0.01,79270.27,1777260458000
1777260460.478,160.478,0.63,0.64,0.36,0.37,0.01,0.01,79270.6,1777260459000
1777260460.813,160.813,0.63,0.65,0.35,0.37,0.02,0.02,79270.6,1777260459000
1777260461.165,161.165,0.66,0.67,0.33,0.34,0.01,0.01,79270.6,1777260459000
1777260461.565,161.565,0.66,0.67,0.31,0.34,0.01,0.03,79270.6,1777260459000
1777260461.931,161.931,0.66,0.67,0.33,0.34,0.01,0.01,79277.68,1777260460000
1777260462.287,162.287,0.65,0.66,0.34,0.35,0.01,0.01,79277.99,1777260461000
1777260462.623,162.623,0.65,0.66,0.34,0.35,0.01,0.01,79277.99,1777260461000
1777260463.046,163.046,0.65,0.66,0.34,0.35,0.01,0.01,79277.99,1777260461000
1777260463.41,163.41,0.65,0.66,0.34,0.35,0.01,0.01,79284.24,1777260462000
1777260463.766,163.766,0.65,0.66,0.34,0.35,0.01,0.01,79284.24,1777260462000
1777260464.106,164.106,0.65,0.66,0.34,0.35,0.01,0.01,79284.24,1777260462000
1777260464.451,164.451,0.65,0.66,0.34,0.35,0.01,0.01,79284.24,1777260462000
1777260464.796,164.796,0.65,0.66,0.34,0.35,0.01,0.01,79284.11,1777260463000
1777260465.132,165.132,0.65,0.66,0.34,0.35,0.01,0.01,79284.11,1777260463000
1777260465.478,165.478,0.64,0.65,0.35,0.36,0.01,0.01,79284.11,1777260464000
1777260465.84,165.84,0.63,0.65,0.35,0.37,0.02,0.02,79284.11,1777260464000
1777260466.173,166.173,0.57,0.58,0.42,0.44,0.01,0.02,79284.11,1777260464000
1777260466.528,166.528,0.56,0.57,0.43,0.44,0.01,0.01,79283.53,1777260465000
1777260466.929,166.929,0.56,0.57,0.43,0.44,0.01,0.01,79283.53,1777260465000
1777260467.297,167.297,0.54,0.57,0.43,0.44,0.03,0.01,79283.53,1777260465000
1777260467.698,167.698,0.45,0.46,0.5,0.53,0.01,0.03,79282.59,1777260466000
1777260468.101,168.101,0.45,0.46,0.54,0.55,0.01,0.01,79282.59,1777260466000
1777260468.533,168.533,0.45,0.46,0.54,0.55,0.01,0.01,79280.47,1777260467000
1777260468.935,168.935,0.45,0.46,0.54,0.55,0.01,0.01,79280.47,1777260467000
1777260469.285,169.285,0.45,0.46,0.54,0.55,0.01,0.01,79280.47,1777260467000
1777260469.651,169.651,0.46,0.48,0.53,0.54,0.02,0.01,79270.77,1777260468000
1777260470.024,170.024,0.46,0.48,0.52,0.54,0.02,0.02,79269.56,1777260469000
1777260470.438,170.438,0.48,0.5,0.51,0.52,0.02,0.01,79269.56,1777260469000
1777260470.848,170.848,0.49,0.5,0.5,0.51,0.01,0.01,79269.56,1777260469000
1777260471.414,171.414,0.49,0.51,0.5,0.51,0.02,0.01,79269.56,1777260469000
1777260471.861,171.861,0.5,0.51,0.49,0.5,0.01,0.01,79267.65,1777260470000
1777260472.217,172.217,0.5,0.51,0.49,0.5,0.01,0.01,79267.65,1777260470000
1777260472.773,172.773,0.5,0.51,0.49,0.5,0.01,0.01,79267.65,1777260471000
1777260473.158,173.158,0.51,0.52,0.47,0.5,0.01,0.03,79267.65,1777260471000
1777260473.915,173.915,0.51,0.52,0.48,0.49,0.01,0.01,79267.6,1777260472000
1777260474.285,174.285,0.51,0.52,0.48,0.49,0.01,0.01,79267.6,1777260472000
1777260475.014,175.014,0.52,0.53,0.47,0.48,0.01,0.01,79268.46,1777260473000
1777260475.36,175.36,0.52,0.53,0.47,0.48,0.01,0.01,79268.46,1777260474000
1777260476.022,176.022,0.52,0.53,0.47,0.48,0.01,0.01,79268.46,1777260474000
1777260476.577,176.577,0.52,0.53,0.47,0.48,0.01,0.01,79268.47,1777260475000
1777260476.955,176.955,0.52,0.53,0.47,0.48,0.01,0.01,79268.47,1777260475000
1777260477.31,177.31,0.54,0.61,0.39,0.46,0.07,0.07,79268.4,1777260476000
1777260477.665,177.665,0.58,0.59,0.41,0.42,0.01,0.01,79268.4,1777260476000
1777260478.11,178.11,0.6,0.61,0.39,0.41,0.01,0.02,79268.4,1777260476000
1777260478.558,178.558,0.6,0.61,0.39,0.4,0.01,0.01,79268.49,1777260477000
1777260479.09,179.09,0.6,0.61,0.39,0.4,0.01,0.01,79269.45,1777260478000
1777260479.496,179.496,0.6,0.61,0.39,0.4,0.01,0.01,79269.45,1777260478000
1777260479.835,179.835,0.6,0.61,0.39,0.4,0.01,0.01,79269.45,1777260478000
1777260480.195,180.195,0.59,0.61,0.39,0.41,0.02,0.02,79270.83,1777260479000
1777260480.579,180.579,0.58,0.59,0.41,0.42,0.01,0.01,79270.83,1777260479000
1777260480.917,180.917,0.58,0.59,0.41,0.42,0.01,0.01,79270.83,1777260479000
1777260481.376,181.376,0.57,0.58,0.42,0.43,0.01,0.01,79270.83,1777260479000
1777260481.863,181.863,0.57,0.58,0.42,0.43,0.01,0.01,79270.69,1777260480000
1777260482.197,182.197,0.56,0.57,0.43,0.44,0.01,0.01,79270.69,1777260480000
1777260482.531,182.531,0.56,0.57,0.43,0.44,0.01,0.01,79270.52,1777260481000
1777260482.911,182.911,0.56,0.57,0.43,0.44,0.01,0.01,79270.52,1777260481000
1777260483.26,183.26,0.56,0.57,0.43,0.44,0.01,0.01,79270.52,1777260482000
1777260483.77,183.77,0.58,0.59,0.44,0.45,0.01,0.01,79270.52,1777260482000
1777260484.144,184.144,0.59,0.6,0.4,0.41,0.01,0.01,79270.41,1777260483000
1777260484.68,184.68,0.6,0.61,0.39,0.4,0.01,0.01,79270.41,1777260483000
1777260485.296,185.296,0.6,0.61,0.39,0.4,0.01,0.01,79270.63,1777260484000
1777260485.736,185.736,0.6,0.61,0.39,0.4,0.01,0.01,79270.63,1777260484000
1777260486.13,186.13,0.6,0.61,0.39,0.4,0.01,0.01,79270.63,1777260484000
1777260486.648,186.648,0.6,0.61,0.39,0.4,0.01,0.01,79272.0,1777260485000
1777260487.026,187.026,0.6,0.61,0.39,0.4,0.01,0.01,79272.0,1777260485000
1777260487.377,187.377,0.6,0.61,0.39,0.4,0.01,0.01,79272.0,1777260486000
1777260487.903,187.903,0.6,0.61,0.39,0.4,0.01,0.01,79272.0,1777260486000
1777260488.501,188.501,0.6,0.61,0.39,0.4,0.01,0.01,79271.96,1777260487000
1777260488.841,188.841,0.6,0.61,0.39,0.4,0.01,0.01,79271.96,1777260487000
1777260489.251,189.251,0.59,0.6,0.39,0.41,0.01,0.02,79271.96,1777260487000
1777260489.688,189.688,0.59,0.6,0.4,0.41,0.01,0.01,79271.97,1777260488000
1777260490.098,190.098,0.59,0.6,0.4,0.41,0.01,0.01,79271.97,1777260488000
1777260490.526,190.526,0.59,0.6,0.4,0.41,0.01,0.01,79271.79,1777260489000
1777260490.958,190.958,0.59,0.6,0.4,0.41,0.01,0.01,79271.79,1777260489000
1777260491.312,191.312,0.59,0.6,0.4,0.41,0.01,0.01,79271.79,1777260490000
1777260491.759,191.759,0.59,0.6,0.4,0.41,0.01,0.01,79271.79,1777260490000
1777260492.15,192.15,0.59,0.61,0.39,0.41,0.02,0.02,79271.24,1777260491000
1777260492.539,192.539,0.56,0.58,0.4,0.45,0.02,0.05,79271.24,1777260491000
1777260492.872,192.872,0.56,0.57,0.43,0.44,0.01,0.01,79271.24,1777260491000
1777260493.332,193.332,0.56,0.57,0.43,0.44,0.01,0.01,79271.63,1777260492000
1777260494.311,194.311,0.56,0.57,0.43,0.44,0.01,0.01,79271.82,1777260493000
1777260494.702,194.702,0.45,0.46,0.54,0.55,0.01,0.01,79271.82,1777260493000
1777260495.045,195.045,0.45,0.46,0.54,0.55,0.01,0.01,79271.94,1777260494000
1777260495.406,195.406,0.45,0.46,0.54,0.55,0.01,0.01,79271.94,1777260494000
1777260495.802,195.802,0.45,0.46,0.54,0.55,0.01,0.01,79271.94,1777260494000
1777260496.149,196.149,0.45,0.46,0.54,0.55,0.01,0.01,79271.8,1777260495000
1777260496.681,196.681,0.45,0.46,0.54,0.55,0.01,0.01,79271.8,1777260495000
1777260497.076,197.076,0.45,0.46,0.54,0.55,0.01,0.01,79264.62,1777260496000
1777260497.53,197.53,0.45,0.46,0.54,0.55,0.01,0.01,79264.62,1777260496000
1777260497.918,197.918,0.45,0.46,0.54,0.55,0.01,0.01,79264.62,1777260496000
1777260498.983,198.983,0.45,0.46,0.54,0.55,0.01,0.01,79263.8,1777260497000
1777260499.34,199.34,0.45,0.46,0.54,0.55,0.01,0.01,79263.27,1777260498000
1777260499.809,199.809,0.45,0.46,0.54,0.55,0.01,0.01,79263.27,1777260498000
1777260500.663,200.663,0.45,0.46,0.54,0.55,0.01,0.01,79263.27,1777260498000
1777260501.517,201.517,0.45,0.46,0.54,0.55,0.01,0.01,79263.88,1777260499000
1777260501.921,201.921,0.45,0.46,0.54,0.55,0.01,0.01,79263.89,1777260500000
1777260502.629,202.629,0.45,0.46,0.54,0.55,0.01,0.01,79263.89,1777260501000
1777260503.382,203.382,0.45,0.46,0.54,0.55,0.01,0.01,79262.57,1777260502000
1777260504.177,204.177,0.45,0.46,0.54,0.55,0.01,0.01,79262.57,1777260502000
1777260504.947,204.947,0.45,0.46,0.54,0.55,0.01,0.01,79262.57,1777260504000
1777260505.352,205.352,0.45,0.46,0.54,0.55,0.01,0.01,79262.57,1777260504000
1777260505.78,205.78,0.45,0.46,0.54,0.55,0.01,0.01,79262.57,1777260504000
1777260507.075,207.075,0.45,0.46,0.54,0.55,0.01,0.01,79262.37,1777260506000
1777260508.34,208.34,0.45,0.46,0.54,0.55,0.01,0.01,79262.33,1777260507000
1777260508.692,208.692,0.45,0.46,0.54,0.55,0.01,0.01,79262.33,1777260507000
1777260509.253,209.253,0.45,0.46,0.54,0.55,0.01,0.01,79262.33,1777260508000
1777260509.599,209.599,0.45,0.46,0.54,0.55,0.01,0.01,79262.33,1777260508000
1777260510.007,210.007,0.45,0.46,0.54,0.55,0.01,0.01,79262.33,1777260508000
1777260510.965,210.965,0.44,0.46,0.54,0.55,0.02,0.01,79262.06,1777260509000
1777260511.302,211.302,0.42,0.43,0.57,0.58,0.01,0.01,79262.06,1777260510000
1777260511.707,211.707,0.41,0.42,0.58,0.59,0.01,0.01,79262.06,1777260510000
1777260512.129,212.129,0.41,0.42,0.58,0.59,0.01,0.01,79262.06,1777260510000
1777260512.466,212.466,0.41,0.42,0.58,0.59,0.01,0.01,79262.12,1777260511000
1777260512.809,212.809,0.38,0.39,0.59,0.62,0.01,0.03,79262.12,1777260511000
1777260513.147,213.147,0.38,0.39,0.61,0.62,0.01,0.01,79262.12,1777260512000
1777260513.493,213.493,0.38,0.39,0.61,0.62,0.01,0.01,79262.12,1777260512000
1777260513.843,213.843,0.38,0.39,0.61,0.62,0.01,0.01,79262.12,1777260512000
1777260514.248,214.248,0.38,0.39,0.61,0.62,0.01,0.01,79262.3,1777260513000
1777260514.587,214.587,0.38,0.39,0.61,0.62,0.01,0.01,79262.3,1777260513000
1777260514.94,214.94,0.38,0.39,0.61,0.62,0.01,0.01,79262.3,1777260513000
1777260515.342,215.342,0.38,0.4,0.61,0.62,0.02,0.01,79262.3,1777260513000
1777260515.699,215.699,0.39,0.4,0.6,0.61,0.01,0.01,79262.7,1777260514000
1777260516.058,216.058,0.41,0.43,0.57,0.59,0.02,0.02,79262.61,1777260515000
1777260516.391,216.391,0.47,0.48,0.52,0.53,0.01,0.01,79262.61,1777260515000
1777260517.121,217.121,0.47,0.48,0.52,0.53,0.01,0.01,79262.53,1777260516000
1777260517.47,217.47,0.47,0.48,0.52,0.53,0.01,0.01,79262.53,1777260516000
1777260517.811,217.811,0.47,0.48,0.52,0.53,0.01,0.01,79262.53,1777260516000
1777260518.198,218.198,0.48,0.49,0.51,0.52,0.01,0.01,79262.53,1777260517000
1777260518.795,218.795,0.5,0.51,0.49,0.52,0.01,0.03,79262.53,1777260517000
1777260519.135,219.135,0.5,0.51,0.49,0.5,0.01,0.01,79263.57,1777260518000
1777260519.513,219.513,0.5,0.51,0.49,0.5,0.01,0.01,79263.57,1777260518000
1777260519.909,219.909,0.5,0.51,0.49,0.5,0.01,0.01,79263.57,1777260518000
1777260520.396,220.396,0.5,0.51,0.49,0.5,0.01,0.01,79263.45,1777260519000
1777260520.949,220.949,0.5,0.51,0.49,0.5,0.01,0.01,79263.45,1777260519000
1777260521.494,221.494,0.5,0.51,0.49,0.5,0.01,0.01,79263.44,1777260520000
1777260522.096,222.096,0.5,0.51,0.49,0.5,0.01,0.01,79263.15,1777260521000
1777260522.487,222.487,0.5,0.51,0.49,0.5,0.01,0.01,79263.15,1777260521000
1777260522.984,222.984,0.5,0.54,0.49,0.5,0.04,0.01,79263.15,1777260521000
1777260523.317,223.317,0.61,0.62,0.38,0.39,0.01,0.01,79262.98,1777260522000
1777260523.685,223.685,0.61,0.63,0.37,0.38,0.02,0.01,79262.98,1777260522000
1777260524.085,224.085,0.61,0.62,0.38,0.39,0.01,0.01,79262.98,1777260523000
1777260524.494,224.494,0.6,0.61,0.39,0.4,0.01,0.01,79262.98,1777260523000
1777260525.057,225.057,0.58,0.61,0.39,0.42,0.03,0.03,79267.74,1777260524000
1777260525.537,225.537,0.58,0.59,0.39,0.42,0.01,0.03,79267.74,1777260524000
1777260525.878,225.878,0.57,0.58,0.42,0.43,0.01,0.01,79267.74,1777260524000
1777260526.478,226.478,0.56,0.57,0.43,0.44,0.01,0.01,79268.69,1777260525000
1777260526.838,226.838,0.56,0.57,0.43,0.44,0.01,0.01,79268.69,1777260525000
1777260527.265,227.265,0.56,0.57,0.43,0.44,0.01,0.01,79269.33,1777260526000
1777260527.805,227.805,0.56,0.57,0.43,0.44,0.01,0.01,79269.33,1777260526000
1777260528.139,228.139,0.55,0.56,0.43,0.45,0.01,0.02,79269.33,1777260526000
1777260528.502,228.502,0.47,0.51,0.49,0.52,0.04,0.03,79269.33,1777260526000
1777260528.858,228.858,0.47,0.48,0.52,0.53,0.01,0.01,79269.5,1777260527000
1777260529.269,229.269,0.47,0.48,0.52,0.53,0.01,0.01,79269.5,1777260528000
1777260529.735,229.735,0.47,0.48,0.52,0.53,0.01,0.01,79269.5,1777260528000
1777260530.16,230.16,0.47,0.48,0.52,0.53,0.01,0.01,79269.2,1777260529000
1777260530.498,230.498,0.47,0.48,0.52,0.53,0.01,0.01,79269.2,1777260529000
1777260530.877,230.877,0.47,0.48,0.52,0.53,0.01,0.01,79269.2,1777260529000
1777260531.643,231.643,0.47,0.48,0.52,0.53,0.01,0.01,79266.41,1777260530000
1777260531.999,231.999,0.47,0.48,0.52,0.53,0.01,0.01,79266.41,1777260530000
1777260533.007,233.007,0.47,0.48,0.52,0.53,0.01,0.01,79266.63,1777260532000
1777260533.703,233.703,0.47,0.48,0.52,0.53,0.01,0.01,79266.63,1777260532000
1777260534.167,234.167,0.47,0.48,0.52,0.53,0.01,0.01,79266.36,1777260533000
1777260534.636,234.636,0.47,0.48,0.52,0.53,0.01,0.01,79266.36,1777260533000
1777260535.076,235.076,0.47,0.48,0.52,0.53,0.01,0.01,79266.2,1777260534000
1777260535.591,235.591,0.47,0.48,0.52,0.53,0.01,0.01,79266.2,1777260534000
1777260535.974,235.974,0.47,0.48,0.52,0.53,0.01,0.01,79266.2,1777260535000
1777260536.679,236.679,0.48,0.49,0.52,0.53,0.01,0.01,79266.2,1777260535000
1777260537.625,237.625,0.49,0.5,0.5,0.52,0.01,0.02,79266.43,1777260536000
1777260537.966,237.966,0.49,0.5,0.5,0.51,0.01,0.01,79266.45,1777260537000
1777260538.495,238.495,0.52,0.54,0.48,0.49,0.02,0.01,79266.45,1777260537000
1777260538.905,238.905,0.6,0.61,0.39,0.4,0.01,0.01,79266.45,1777260537000
1777260539.357,239.357,0.61,0.62,0.38,0.39,0.01,0.01,79266.57,1777260538000
1777260539.836,239.836,0.62,0.63,0.37,0.38,0.01,0.01,79266.57,1777260538000
1777260540.251,240.251,0.62,0.63,0.37,0.38,0.01,0.01,79267.44,1777260539000
1777260540.599,240.599,0.62,0.63,0.37,0.38,0.01,0.01,79267.44,1777260539000
1777260540.938,240.938,0.63,0.64,0.37,0.38,0.01,0.01,79267.44,1777260539000
1777260541.31,241.31,0.63,0.67,0.36,0.37,0.04,0.01,79267.44,1777260539000
1777260541.696,241.696,0.66,0.67,0.33,0.34,0.01,0.01,79269.07,1777260540000
1777260542.291,242.291,0.67,0.68,0.33,0.34,0.01,0.01,79269.91,1777260541000
1777260542.648,242.648,0.67,0.68,0.32,0.33,0.01,0.01,79269.91,1777260541000
1777260543.103,243.103,0.66,0.67,0.33,0.34,0.01,0.01,79270.77,1777260542000
1777260543.459,243.459,0.66,0.67,0.33,0.34,0.01,0.01,79270.77,1777260542000
1777260543.836,243.836,0.66,0.67,0.33,0.34,0.01,0.01,79270.77,1777260542000
1777260544.201,244.201,0.66,0.67,0.33,0.34,0.01,0.01,79270.77,1777260542000
1777260544.656,244.656,0.71,0.72,0.28,0.29,0.01,0.01,79272.03,1777260543000
1777260545.053,245.053,0.71,0.72,0.28,0.29,0.01,0.01,79272.03,1777260543000
1777260545.501,245.501,0.69,0.7,0.3,0.31,0.01,0.01,79272.41,1777260544000
1777260545.96,245.96,0.69,0.7,0.3,0.31,0.01,0.01,79272.41,1777260544000
1777260546.388,246.388,0.63,0.64,0.36,0.37,0.01,0.01,79275.31,1777260545000
1777260546.736,246.736,0.63,0.66,0.36,0.37,0.03,0.01,79275.31,1777260545000
1777260547.165,247.165,0.64,0.66,0.34,0.36,0.02,0.02,79276.19,1777260546000
1777260547.581,247.581,0.61,0.62,0.38,0.39,0.01,0.01,79276.19,1777260546000
1777260547.92,247.92,0.61,0.62,0.38,0.39,0.01,0.01,79276.19,1777260546000
1777260548.262,248.262,0.6,0.61,0.39,0.4,0.01,0.01,79276.12,1777260547000
1777260548.727,248.727,0.61,0.62,0.38,0.4,0.01,0.02,79276.12,1777260547000
1777260549.084,249.084,0.64,0.65,0.35,0.36,0.01,0.01,79276.12,1777260547000
1777260549.474,249.474,0.64,0.65,0.35,0.36,0.01,0.01,79276.13,1777260548000
1777260549.834,249.834,0.62,0.63,0.35,0.41,0.01,0.06,79276.13,1777260548000
1777260550.314,250.314,0.62,0.63,0.37,0.38,0.01,0.01,79275.38,1777260549000
1777260550.655,250.655,0.63,0.64,0.34,0.37,0.01,0.03,79275.38,1777260549000
1777260551.026,251.026,0.62,0.64,0.37,0.38,0.02,0.01,79275.38,1777260549000
1777260551.384,251.384,0.61,0.62,0.36,0.41,0.01,0.05,79275.43,1777260550000
1777260551.856,251.856,0.63,0.64,0.37,0.39,0.01,0.02,79275.43,1777260550000
1777260552.193,252.193,0.63,0.68,0.36,0.37,0.05,0.01,79275.44,1777260551000
1777260552.592,252.592,0.64,0.65,0.32,0.37,0.01,0.05,79275.44,1777260551000
1777260553.04,253.04,0.64,0.65,0.35,0.36,0.01,0.01,79275.44,1777260551000
1777260553.557,253.557,0.63,0.64,0.35,0.37,0.01,0.02,79275.43,1777260552000
1777260553.902,253.902,0.63,0.64,0.36,0.37,0.01,0.01,79275.43,1777260552000
1777260554.312,254.312,0.63,0.64,0.36,0.37,0.01,0.01,79275.43,1777260552000
1777260554.857,254.857,0.67,0.68,0.3,0.31,0.01,0.01,79275.44,1777260553000
1777260555.213,255.213,0.65,0.66,0.34,0.35,0.01,0.01,79275.56,1777260554000
1777260555.614,255.614,0.65,0.66,0.34,0.35,0.01,0.01,79275.56,1777260554000
1777260556.09,256.09,0.7,0.72,0.29,0.3,0.02,0.01,79275.56,1777260554000
1777260556.477,256.477,0.72,0.73,0.27,0.28,0.01,0.01,79275.67,1777260555000
1777260556.876,256.876,0.69,0.7,0.3,0.31,0.01,0.01,79275.67,1777260555000
1777260557.228,257.228,0.69,0.7,0.3,0.31,0.01,0.01,79275.67,1777260556000
1777260557.643,257.643,0.69,0.7,0.3,0.31,0.01,0.01,79275.67,1777260556000
1777260558.026,258.026,0.69,0.7,0.3,0.32,0.01,0.02,79275.67,1777260556000
1777260558.392,258.392,0.69,0.7,0.3,0.31,0.01,0.01,79275.67,1777260556000
1777260558.806,258.806,0.68,0.7,0.3,0.32,0.02,0.02,79275.63,1777260557000
1777260559.189,259.189,0.67,0.68,0.3,0.32,0.01,0.02,79275.63,1777260558000
1777260559.597,259.597,0.67,0.7,0.32,0.33,0.03,0.01,79275.63,1777260558000
1777260560.041,260.041,0.67,0.69,0.31,0.33,0.02,0.02,79275.62,1777260559000
1777260560.542,260.542,0.68,0.69,0.31,0.32,0.01,0.01,79275.62,1777260559000
1777260560.951,260.951,0.67,0.68,0.3,0.34,0.01,0.04,79275.62,1777260559000
1777260561.308,261.308,0.67,0.68,0.32,0.33,0.01,0.01,79275.66,1777260560000
1777260562.069,262.069,0.69,0.7,0.3,0.31,0.01,0.01,79275.66,1777260560000
1777260562.445,262.445,0.66,0.67,0.33,0.35,0.01,0.02,79275.69,1777260561000
1777260562.798,262.798,0.67,0.69,0.31,0.33,0.02,0.02,79275.69,1777260561000
1777260563.143,263.143,0.69,0.7,0.3,0.32,0.01,0.02,79275.65,1777260562000
1777260563.53,263.53,0.69,0.7,0.3,0.31,0.01,0.01,79275.65,1777260562000
1777260564.026,264.026,0.69,0.74,0.3,0.31,0.05,0.01,79275.65,1777260562000
1777260564.36,264.36,0.72,0.73,0.26,0.31,0.01,0.05,79275.68,1777260563000
1777260564.739,264.739,0.74,0.75,0.25,0.26,0.01,0.01,79275.68,1777260563000
1777260565.077,265.077,0.74,0.75,0.25,0.26,0.01,0.01,79275.78,1777260564000
1777260565.516,265.516,0.74,0.75,0.25,0.26,0.01,0.01,79275.78,1777260564000
1777260565.854,265.854,0.72,0.73,0.27,0.28,0.01,0.01,79275.78,1777260564000
1777260566.238,266.238,0.72,0.73,0.27,0.28,0.01,0.01,79275.92,1777260565000
1777260566.584,266.584,0.72,0.73,0.27,0.28,0.01,0.01,79275.92,1777260565000
1777260567.102,267.102,0.73,0.74,0.26,0.27,0.01,0.01,79275.92,1777260565000
1777260567.507,267.507,0.73,0.74,0.22,0.28,0.01,0.06,79276.51,1777260566000
1777260567.939,267.939,0.79,0.8,0.22,0.25,0.01,0.03,79276.51,1777260566000
1777260568.394,268.394,0.71,0.72,0.26,0.27,0.01,0.01,79276.51,1777260566000
1777260569.063,269.063,0.71,0.72,0.28,0.29,0.01,0.01,79275.86,1777260567000
1777260569.711,269.711,0.71,0.72,0.28,0.29,0.01,0.01,79275.85,1777260568000
1777260570.188,270.188,0.75,0.76,0.23,0.27,0.01,0.04,79275.85,1777260568000
1777260570.554,270.554,0.77,0.78,0.22,0.23,0.01,0.01,79275.81,1777260569000
1777260571.002,271.002,0.78,0.79,0.21,0.22,0.01,0.01,79275.81,1777260569000
1777260571.367,271.367,0.75,0.76,0.22,0.23,0.01,0.01,79275.81,1777260569000
1777260571.704,271.704,0.71,0.73,0.27,0.28,0.02,0.01,79276.32,1777260570000
1777260572.165,272.165,0.7,0.71,0.28,0.3,0.01,0.02,79276.32,1777260570000
1777260572.534,272.534,0.72,0.73,0.28,0.29,0.01,0.01,79275.63,1777260571000
1777260572.886,272.886,0.73,0.74,0.26,0.27,0.01,0.01,79275.63,1777260571000
1777260573.339,273.339,0.73,0.74,0.26,0.27,0.01,0.01,79275.66,1777260572000
1777260573.711,273.711,0.73,0.74,0.26,0.27,0.01,0.01,79275.66,1777260572000
1777260574.098,274.098,0.73,0.75,0.26,0.27,0.02,0.01,79274.56,1777260573000
1777260574.493,274.493,0.73,0.74,0.25,0.26,0.01,0.01,79274.56,1777260573000
1777260574.896,274.896,0.77,0.78,0.17,0.27,0.01,0.1,79274.56,1777260573000
1777260575.432,275.432,0.73,0.74,0.25,0.31,0.01,0.06,79274.37,1777260574000
1777260575.78,275.78,0.73,0.74,0.26,0.27,0.01,0.01,79274.37,1777260574000
1777260576.228,276.228,0.73,0.74,0.26,0.27,0.01,0.01,79274.35,1777260575000
1777260576.597,276.597,0.74,0.75,0.25,0.26,0.01,0.01,79274.35,1777260575000
1777260577.136,277.136,0.76,0.77,0.23,0.24,0.01,0.01,79273.96,1777260576000
1777260577.513,277.513,0.77,0.78,0.22,0.23,0.01,0.01,79273.96,1777260576000
1777260577.887,277.887,0.74,0.75,0.22,0.23,0.01,0.01,79273.96,1777260576000
1777260578.243,278.243,0.56,0.62,0.38,0.44,0.06,0.06,79273.61,1777260577000
1777260578.621,278.621,0.36,0.37,0.63,0.64,0.01,0.01,79273.61,1777260577000
1777260578.988,278.988,0.34,0.35,0.65,0.66,0.01,0.01,79273.61,1777260577000
1777260579.337,279.337,0.43,0.44,0.54,0.6,0.01,0.06,79273.61,1777260577000
1777260579.728,279.728,0.53,0.54,0.46,0.48,0.01,0.02,79273.47,1777260578000
1777260580.076,280.076,0.59,0.61,0.39,0.41,0.02,0.02,79272.46,1777260579000
1777260580.411,280.411,0.59,0.6,0.4,0.41,0.01,0.01,79272.46,1777260579000
1777260580.769,280.769,0.58,0.59,0.39,0.41,0.01,0.02,79272.46,1777260579000
1777260581.241,281.241,0.58,0.6,0.39,0.42,0.02,0.03,79268.1,1777260580000
1777260581.735,281.735,0.5,0.52,0.41,0.51,0.02,0.1,79268.1,1777260580000
1777260582.105,282.105,0.51,0.52,0.48,0.49,0.01,0.01,79268.1,1777260580000
1777260582.585,282.585,0.55,0.6,0.41,0.42,0.05,0.01,79268.1,1777260580000
1777260582.925,282.925,0.48,0.51,0.48,0.51,0.03,0.03,79268.2,1777260581000
1777260583.268,283.268,0.38,0.39,0.61,0.62,0.01,0.01,79268.07,1777260582000
1777260584.164,284.164,0.35,0.37,0.63,0.65,0.02,0.02,79268.18,1777260583000
1777260584.578,284.578,0.36,0.37,0.64,0.66,0.01,0.02,79268.18,1777260583000
1777260585.032,285.032,0.36,0.38,0.63,0.64,0.02,0.01,79268.18,1777260583000
1777260585.374,285.374,0.39,0.4,0.6,0.61,0.01,0.01,79267.29,1777260584000
1777260585.717,285.717,0.38,0.39,0.6,0.62,0.01,0.02,79267.29,1777260584000
1777260586.072,286.072,0.39,0.4,0.6,0.61,0.01,0.01,79267.29,1777260584000
1777260586.424,286.424,0.41,0.53,0.46,0.6,0.12,0.14,79266.7,1777260585000
1777260586.954,286.954,0.4,0.41,0.59,0.61,0.01,0.02,79266.7,1777260585000
1777260587.342,287.342,0.43,0.49,0.47,0.58,0.06,0.11,79266.24,1777260586000
1777260587.685,287.685,0.44,0.45,0.55,0.56,0.01,0.01,79266.24,1777260586000
1777260588.092,288.092,0.44,0.45,0.55,0.56,0.01,0.01,79266.07,1777260587000
1777260588.457,288.457,0.52,0.53,0.47,0.48,0.01,0.01,79266.07,1777260587000
1777260588.795,288.795,0.61,0.64,0.36,0.39,0.03,0.03,79266.07,1777260587000
1777260589.189,289.189,0.64,0.7,0.3,0.36,0.06,0.06,79265.85,1777260588000
1777260589.539,289.539,0.69,0.7,0.3,0.31,0.01,0.01,79265.85,1777260588000
1777260590.209,290.209,0.69,0.7,0.3,0.31,0.01,0.01,79265.85,1777260588000
1777260590.585,290.585,0.69,0.7,0.3,0.31,0.01,0.01,79266.89,1777260589000
1777260591.02,291.02,0.69,0.7,0.3,0.31,0.01,0.01,79266.89,1777260589000
1777260591.372,291.372,0.69,0.7,0.3,0.31,0.01,0.01,79267.24,1777260590000
1777260591.738,291.738,0.99,0.71,0.29,0.01,-0.28,-0.28,79267.24,1777260590000
1777260592.102,292.102,0.95,0.96,0.01,0.05,0.01,0.04,79267.25,1777260591000
1777260592.51,292.51,0.89,0.91,0.09,0.12,0.02,0.03,79267.25,1777260591000
1777260592.844,292.844,0.89,0.9,0.1,0.11,0.01,0.01,79267.25,1777260591000
1777260593.231,293.231,0.89,0.9,0.1,0.11,0.01,0.01,79267.25,1777260592000
1777260593.582,293.582,0.9,0.94,0.06,0.1,0.04,0.04,79267.25,1777260592000
1777260593.935,293.935,0.9,0.95,0.05,0.09,0.05,0.04,79267.25,1777260592000
1777260594.363,294.363,0.88,0.89,0.11,0.12,0.01,0.01,79267.01,1777260593000
1777260594.898,294.898,0.85,0.86,0.14,0.15,0.01,0.01,79267.01,1777260593000
1777260595.32,295.32,0.88,0.89,0.11,0.15,0.01,0.04,79267.01,1777260593000
1777260595.662,295.662,0.88,0.89,0.11,0.12,0.01,0.01,79267.01,1777260593000
1777260596.022,296.022,0.88,0.89,0.11,0.12,0.01,0.01,79267.1,1777260594000
1777260596.366,296.366,0.88,0.89,0.11,0.12,0.01,0.01,79267.1,1777260594000
1777260596.73,296.73,0.88,0.89,0.11,0.12,0.01,0.01,79267.1,1777260595000
1777260597.098,297.098,0.88,0.89,0.11,0.12,0.01,0.01,79267.1,1777260595000
1777260597.54,297.54,0.97,0.99,0.01,0.01,0.02,0.0,79267.1,1777260596000
1777260597.893,297.893,0.93,0.95,0.05,0.07,0.02,0.02,79267.1,1777260596000
1777260598.231,298.231,0.97,0.99,0.01,0.08,0.02,0.07,79267.1,1777260596000
1777260598.582,298.582,0.99,0.99,0.01,0.01,0.0,0.0,79267.1,1777260597000
1777260599.062,299.062,0.99,0.99,0.01,0.01,0.0,0.0,79267.29,1777260598000
1777260599.399,299.399,0.99,0.99,0.01,0.01,0.0,0.0,79267.29,1777260598000
1777260600.008,300.008,0.99,0.99,0.01,0.01,0.0,0.0,79267.29,1777260598000
1777260600.343,300.343,0.99,0.99,0.01,0.01,0.0,0.0,79267.3,1777260599000
1777260600.688,300.688,0.99,0.99,0.01,0.01,0.0,0.0,79267.3,1777260599000

# RESULT,winner=Up,slug=btc-updown-5m-1777260300,ticks=649
