timestamp,elapsed_sec,up_bid,up_ask,down_bid,down_ask,up_spread,down_spread,btc_price,btc_oracle_ts
1776231900.551,0.551,0.53,0.54,0.46,0.47,0.01,0.01,73974.49,1776231899000
1776231900.927,0.927,0.53,0.54,0.46,0.47,0.01,0.01,73974.49,1776231899000
1776231901.277,1.277,0.53,0.54,0.46,0.47,0.01,0.01,73974.49,1776231899000
1776231901.877,1.877,0.53,0.54,0.46,0.47,0.01,0.01,73975.25,1776231900000
1776231902.365,2.365,0.53,0.54,0.46,0.47,0.01,0.01,73975.26,1776231901000
1776231902.834,2.834,0.53,0.54,0.46,0.47,0.01,0.01,73975.26,1776231901000
1776231903.271,3.271,0.53,0.54,0.46,0.47,0.01,0.01,73977.37,1776231902000
1776231903.723,3.723,0.53,0.54,0.46,0.47,0.01,0.01,73977.37,1776231902000
1776231904.104,4.104,0.53,0.54,0.46,0.47,0.01,0.01,73977.37,1776231902000
1776231904.46,4.46,0.53,0.54,0.46,0.47,0.01,0.01,73977.86,1776231903000
1776231904.914,4.914,0.53,0.54,0.46,0.47,0.01,0.01,73977.86,1776231903000
1776231905.275,5.275,0.53,0.54,0.46,0.47,0.01,0.01,73977.86,1776231903000
1776231905.69,5.69,0.53,0.54,0.46,0.47,0.01,0.01,73976.72,1776231904000
1776231906.045,6.045,0.53,0.54,0.46,0.47,0.01,0.01,73976.72,1776231905000
1776231906.58,6.58,0.53,0.54,0.46,0.47,0.01,0.01,73976.72,1776231905000
1776231906.992,6.992,0.53,0.54,0.46,0.47,0.01,0.01,73976.73,1776231906000
1776231908.116,8.116,0.53,0.54,0.46,0.47,0.01,0.01,73976.52,1776231907000
1776231908.535,8.535,0.53,0.54,0.46,0.47,0.01,0.01,73976.52,1776231907000
1776231909.004,9.004,0.53,0.54,0.46,0.47,0.01,0.01,73977.7,1776231908000
1776231909.69,9.69,0.53,0.54,0.46,0.47,0.01,0.01,73977.7,1776231908000
1776231910.14,10.14,0.53,0.55,0.46,0.47,0.02,0.01,73977.7,1776231908000
1776231910.618,10.618,0.53,0.54,0.46,0.47,0.01,0.01,73977.7,1776231909000
1776231911.195,11.195,0.52,0.54,0.46,0.48,0.02,0.02,73977.74,1776231910000
1776231911.605,11.605,0.52,0.53,0.47,0.48,0.01,0.01,73977.74,1776231910000
1776231911.986,11.986,0.52,0.53,0.47,0.48,0.01,0.01,73977.74,1776231910000
1776231912.326,12.326,0.52,0.53,0.47,0.48,0.01,0.01,73976.82,1776231911000
1776231912.743,12.743,0.5,0.52,0.48,0.5,0.02,0.02,73976.82,1776231911000
1776231913.09,13.09,0.42,0.45,0.55,0.58,0.03,0.03,73976.58,1776231912000
1776231913.434,13.434,0.42,0.43,0.57,0.58,0.01,0.01,73976.58,1776231912000
1776231913.803,13.803,0.42,0.43,0.57,0.58,0.01,0.01,73976.58,1776231912000
1776231914.15,14.15,0.39,0.41,0.59,0.6,0.02,0.01,73976.58,1776231912000
1776231914.512,14.512,0.38,0.39,0.61,0.62,0.01,0.01,73959.63,1776231913000
1776231914.914,14.914,0.38,0.39,0.61,0.62,0.01,0.01,73959.63,1776231913000
1776231915.259,15.259,0.38,0.39,0.61,0.62,0.01,0.01,73956.97,1776231914000
1776231915.707,15.707,0.38,0.39,0.61,0.62,0.01,0.01,73956.97,1776231914000
1776231916.175,16.175,0.38,0.39,0.61,0.62,0.01,0.01,73956.72,1776231915000
1776231916.907,16.907,0.38,0.39,0.61,0.62,0.01,0.01,73956.72,1776231915000
1776231917.252,17.252,0.38,0.39,0.61,0.62,0.01,0.01,73956.56,1776231916000
1776231917.654,17.654,0.38,0.39,0.61,0.62,0.01,0.01,73956.56,1776231916000
1776231918.044,18.044,0.38,0.39,0.61,0.62,0.01,0.01,73956.56,1776231916000
1776231918.401,18.401,0.38,0.39,0.61,0.62,0.01,0.01,73956.37,1776231917000
1776231918.837,18.837,0.37,0.38,0.61,0.63,0.01,0.02,73956.37,1776231917000
1776231919.205,19.205,0.37,0.38,0.62,0.63,0.01,0.01,73956.53,1776231918000
1776231919.693,19.693,0.37,0.38,0.62,0.63,0.01,0.01,73956.53,1776231918000
1776231920.132,20.132,0.37,0.38,0.62,0.63,0.01,0.01,73954.43,1776231919000
1776231920.858,20.858,0.37,0.38,0.62,0.63,0.01,0.01,73954.43,1776231919000
1776231921.197,21.197,0.37,0.38,0.62,0.63,0.01,0.01,73955.18,1776231920000
1776231921.742,21.742,0.36,0.37,0.63,0.64,0.01,0.01,73955.18,1776231920000
1776231922.105,22.105,0.36,0.37,0.63,0.64,0.01,0.01,73955.18,1776231920000
1776231922.693,22.693,0.36,0.37,0.63,0.64,0.01,0.01,73955.18,1776231921000
1776231923.231,23.231,0.36,0.37,0.63,0.64,0.01,0.01,73954.15,1776231922000
1776231923.698,23.698,0.36,0.37,0.63,0.64,0.01,0.01,73954.15,1776231922000
1776231924.386,24.386,0.36,0.37,0.63,0.64,0.01,0.01,73953.67,1776231923000
1776231924.76,24.76,0.36,0.37,0.63,0.64,0.01,0.01,73953.67,1776231923000
1776231925.187,25.187,0.35,0.37,0.63,0.64,0.02,0.01,73953.67,1776231923000
1776231925.561,25.561,0.35,0.36,0.63,0.65,0.01,0.02,73953.67,1776231923000
1776231925.96,25.96,0.35,0.36,0.64,0.65,0.01,0.01,73953.87,1776231924000
1776231926.469,26.469,0.35,0.36,0.64,0.65,0.01,0.01,73953.44,1776231925000
1776231926.857,26.857,0.35,0.36,0.64,0.65,0.01,0.01,73953.44,1776231925000
1776231927.25,27.25,0.35,0.36,0.64,0.65,0.01,0.01,73953.44,1776231925000
1776231927.664,27.664,0.35,0.36,0.64,0.65,0.01,0.01,73953.52,1776231926000
1776231928.051,28.051,0.35,0.36,0.64,0.65,0.01,0.01,73953.52,1776231926000
1776231928.441,28.441,0.35,0.36,0.64,0.65,0.01,0.01,73953.45,1776231927000
1776231929.66,29.66,0.35,0.36,0.64,0.65,0.01,0.01,73953.98,1776231928000
1776231930.317,30.317,0.35,0.36,0.64,0.65,0.01,0.01,73954.65,1776231929000
1776231930.698,30.698,0.4,0.42,0.6,0.61,0.02,0.01,73954.65,1776231929000
1776231931.158,31.158,0.42,0.43,0.56,0.58,0.01,0.02,73954.65,1776231929000
1776231931.542,31.542,0.42,0.43,0.57,0.58,0.01,0.01,73954.65,1776231929000
1776231931.88,31.88,0.43,0.44,0.56,0.57,0.01,0.01,73957.63,1776231930000
1776231932.412,32.412,0.43,0.44,0.56,0.57,0.01,0.01,73963.15,1776231931000
1776231932.858,32.858,0.44,0.45,0.56,0.57,0.01,0.01,73963.15,1776231931000
1776231933.333,33.333,0.45,0.46,0.54,0.55,0.01,0.01,73963.15,1776231931000
1776231933.729,33.729,0.46,0.47,0.54,0.55,0.01,0.01,73966.69,1776231932000
1776231934.063,34.063,0.46,0.49,0.53,0.54,0.03,0.01,73966.69,1776231932000
1776231934.497,34.497,0.46,0.48,0.52,0.54,0.02,0.02,73966.69,1776231933000
1776231934.891,34.891,0.47,0.48,0.52,0.53,0.01,0.01,73966.69,1776231933000
1776231935.229,35.229,0.5,0.51,0.5,0.51,0.01,0.01,73966.69,1776231933000
1776231936.154,36.154,0.5,0.51,0.49,0.5,0.01,0.01,73967.65,1776231935000
1776231936.845,36.845,0.5,0.51,0.49,0.5,0.01,0.01,73967.65,1776231935000
1776231937.229,37.229,0.5,0.51,0.49,0.5,0.01,0.01,73967.65,1776231935000
1776231937.618,37.618,0.5,0.51,0.48,0.5,0.01,0.02,73969.35,1776231936000
1776231938.011,38.011,0.51,0.52,0.48,0.49,0.01,0.01,73969.35,1776231936000
1776231938.398,38.398,0.51,0.53,0.48,0.49,0.02,0.01,73969.35,1776231936000
1776231938.767,38.767,0.51,0.54,0.46,0.49,0.03,0.03,73972.41,1776231937000
1776231939.254,39.254,0.52,0.53,0.46,0.49,0.01,0.03,73972.41,1776231937000
1776231939.631,39.631,0.52,0.53,0.47,0.48,0.01,0.01,73972.63,1776231938000
1776231939.97,39.97,0.52,0.53,0.47,0.48,0.01,0.01,73972.63,1776231938000
1776231940.363,40.363,0.52,0.53,0.47,0.48,0.01,0.01,73972.65,1776231939000
1776231940.755,40.755,0.51,0.52,0.47,0.49,0.01,0.02,73972.65,1776231939000
1776231941.207,41.207,0.51,0.52,0.48,0.49,0.01,0.01,73971.85,1776231940000
1776231941.68,41.68,0.51,0.52,0.48,0.49,0.01,0.01,73971.85,1776231940000
1776231942.029,42.029,0.51,0.52,0.48,0.49,0.01,0.01,73971.85,1776231940000
1776231942.378,42.378,0.51,0.52,0.48,0.49,0.01,0.01,73971.84,1776231941000
1776231943.119,43.119,0.51,0.53,0.48,0.49,0.02,0.01,73971.84,1776231941000
1776231944.271,44.271,0.52,0.53,0.47,0.48,0.01,0.01,73971.84,1776231942000
1776231944.836,44.836,0.52,0.53,0.47,0.48,0.01,0.01,73971.88,1776231943000
1776231945.289,45.289,0.52,0.53,0.47,0.48,0.01,0.01,73971.95,1776231944000
1776231945.847,45.847,0.52,0.53,0.47,0.48,0.01,0.01,73971.95,1776231944000
1776231946.257,46.257,0.52,0.53,0.47,0.48,0.01,0.01,73971.86,1776231945000
1776231946.772,46.772,0.52,0.53,0.47,0.48,0.01,0.01,73971.86,1776231945000
1776231947.315,47.315,0.52,0.53,0.47,0.48,0.01,0.01,73969.74,1776231946000
1776231947.733,47.733,0.52,0.53,0.47,0.48,0.01,0.01,73969.74,1776231946000
1776231948.093,48.093,0.46,0.5,0.49,0.51,0.04,0.02,73969.74,1776231946000
1776231948.447,48.447,0.46,0.47,0.53,0.54,0.01,0.01,73971.69,1776231947000
1776231948.818,48.818,0.46,0.47,0.53,0.54,0.01,0.01,73971.69,1776231947000
1776231949.177,49.177,0.46,0.47,0.53,0.54,0.01,0.01,73971.69,1776231947000
1776231949.626,49.626,0.46,0.48,0.53,0.54,0.02,0.01,73966.23,1776231948000
1776231949.998,49.998,0.48,0.49,0.51,0.52,0.01,0.01,73966.23,1776231948000
1776231950.345,50.345,0.48,0.49,0.51,0.52,0.01,0.01,73966.23,1776231948000
1776231950.878,50.878,0.48,0.49,0.51,0.52,0.01,0.01,73966.71,1776231949000
1776231951.696,51.696,0.48,0.49,0.51,0.52,0.01,0.01,73967.24,1776231950000
1776231952.031,52.031,0.48,0.49,0.51,0.52,0.01,0.01,73967.24,1776231950000
1776231952.425,52.425,0.5,0.51,0.49,0.5,0.01,0.01,73967.24,1776231951000
1776231952.958,52.958,0.5,0.51,0.49,0.5,0.01,0.01,73967.24,1776231951000
1776231953.318,53.318,0.5,0.51,0.49,0.5,0.01,0.01,73967.24,1776231951000
1776231953.818,53.818,0.47,0.48,0.52,0.53,0.01,0.01,73970.7,1776231952000
1776231954.419,54.419,0.47,0.48,0.52,0.53,0.01,0.01,73970.7,1776231953000
1776231954.852,54.852,0.46,0.47,0.53,0.54,0.01,0.01,73970.7,1776231953000
1776231955.401,55.401,0.45,0.46,0.53,0.55,0.01,0.02,73970.7,1776231953000
1776231955.946,55.946,0.45,0.46,0.54,0.55,0.01,0.01,73969.42,1776231955000
1776231956.51,56.51,0.44,0.46,0.54,0.55,0.02,0.01,73969.42,1776231955000
1776231956.844,56.844,0.4,0.43,0.57,0.6,0.03,0.03,73969.42,1776231955000
1776231957.385,57.385,0.41,0.42,0.58,0.59,0.01,0.01,73963.98,1776231956000
1776231957.734,57.734,0.37,0.42,0.58,0.59,0.05,0.01,73963.98,1776231956000
1776231958.079,58.079,0.38,0.42,0.58,0.63,0.04,0.05,73952.37,1776231957000
1776231958.465,58.465,0.38,0.41,0.59,0.62,0.03,0.03,73952.37,1776231957000
1776231958.85,58.85,0.39,0.4,0.6,0.61,0.01,0.01,73952.37,1776231957000
1776231959.369,59.369,0.38,0.4,0.6,0.62,0.02,0.02,73952.62,1776231958000
1776231959.706,59.706,0.37,0.38,0.62,0.63,0.01,0.01,73952.62,1776231958000
1776231960.065,60.065,0.37,0.38,0.62,0.63,0.01,0.01,73952.57,1776231959000
1776231960.419,60.419,0.37,0.38,0.62,0.63,0.01,0.01,73952.57,1776231959000
1776231960.754,60.754,0.37,0.38,0.62,0.63,0.01,0.01,73952.57,1776231959000
1776231961.091,61.091,0.37,0.38,0.62,0.63,0.01,0.01,73952.57,1776231959000
1776231961.504,61.504,0.37,0.38,0.62,0.63,0.01,0.01,73943.11,1776231960000
1776231961.897,61.897,0.36,0.37,0.62,0.63,0.01,0.01,73943.11,1776231960000
1776231962.3,62.3,0.35,0.36,0.63,0.65,0.01,0.02,73940.1,1776231961000
1776231962.806,62.806,0.35,0.36,0.64,0.65,0.01,0.01,73940.1,1776231961000
1776231963.292,63.292,0.34,0.36,0.64,0.66,0.02,0.02,73940.72,1776231962000
1776231963.66,63.66,0.34,0.35,0.65,0.66,0.01,0.01,73940.72,1776231962000
1776231964.124,64.124,0.33,0.34,0.66,0.67,0.01,0.01,73940.72,1776231962000
1776231964.489,64.489,0.33,0.34,0.66,0.67,0.01,0.01,73940.68,1776231963000
1776231964.824,64.824,0.33,0.34,0.66,0.67,0.01,0.01,73940.68,1776231963000
1776231965.306,65.306,0.31,0.33,0.67,0.69,0.02,0.02,73939.77,1776231964000
1776231965.641,65.641,0.31,0.32,0.68,0.69,0.01,0.01,73939.77,1776231964000
1776231966.001,66.001,0.3,0.31,0.69,0.7,0.01,0.01,73939.77,1776231964000
1776231966.338,66.338,0.3,0.31,0.69,0.7,0.01,0.01,73939.77,1776231964000
1776231966.734,66.734,0.29,0.3,0.69,0.71,0.01,0.02,73939.29,1776231965000
1776231967.089,67.089,0.28,0.29,0.71,0.72,0.01,0.01,73939.29,1776231965000
1776231967.485,67.485,0.26,0.27,0.73,0.74,0.01,0.01,73939.29,1776231966000
1776231967.822,67.822,0.26,0.27,0.73,0.74,0.01,0.01,73939.29,1776231966000
1776231968.195,68.195,0.25,0.26,0.73,0.75,0.01,0.02,73939.29,1776231966000
1776231968.533,68.533,0.24,0.25,0.75,0.76,0.01,0.01,73939.29,1776231966000
1776231968.891,68.891,0.24,0.25,0.75,0.76,0.01,0.01,73936.84,1776231967000
1776231969.251,69.251,0.24,0.25,0.75,0.76,0.01,0.01,73936.82,1776231968000
1776231969.727,69.727,0.25,0.26,0.74,0.76,0.01,0.02,73936.82,1776231968000
1776231970.158,70.158,0.25,0.26,0.74,0.75,0.01,0.01,73936.82,1776231968000
1776231970.513,70.513,0.25,0.26,0.74,0.75,0.01,0.01,73934.69,1776231969000
1776231970.858,70.858,0.25,0.26,0.74,0.75,0.01,0.01,73934.69,1776231969000
1776231971.198,71.198,0.25,0.26,0.74,0.75,0.01,0.01,73934.69,1776231970000
1776231971.653,71.653,0.25,0.26,0.74,0.75,0.01,0.01,73934.69,1776231970000
1776231972.076,72.076,0.26,0.27,0.73,0.75,0.01,0.02,73934.69,1776231970000
1776231972.525,72.525,0.26,0.27,0.73,0.74,0.01,0.01,73934.69,1776231970000
1776231972.87,72.87,0.26,0.27,0.73,0.74,0.01,0.01,73936.62,1776231971000
1776231973.522,73.522,0.26,0.27,0.73,0.74,0.01,0.01,73938.03,1776231972000
1776231974.012,74.012,0.26,0.27,0.73,0.74,0.01,0.01,73938.03,1776231972000
1776231974.447,74.447,0.26,0.27,0.73,0.74,0.01,0.01,73938.13,1776231973000
1776231974.925,74.925,0.26,0.27,0.73,0.74,0.01,0.01,73938.13,1776231973000
1776231975.35,75.35,0.28,0.29,0.71,0.73,0.01,0.02,73938.18,1776231974000
1776231975.855,75.855,0.29,0.3,0.7,0.72,0.01,0.02,73938.18,1776231974000
1776231976.226,76.226,0.29,0.3,0.7,0.71,0.01,0.01,73938.18,1776231974000
1776231976.601,76.601,0.29,0.3,0.7,0.71,0.01,0.01,73938.37,1776231975000
1776231977.067,77.067,0.29,0.3,0.7,0.71,0.01,0.01,73938.38,1776231976000
1776231977.465,77.465,0.29,0.3,0.7,0.71,0.01,0.01,73938.38,1776231976000
1776231978.263,78.263,0.29,0.3,0.7,0.71,0.01,0.01,73938.38,1776231976000
1776231978.803,78.803,0.29,0.3,0.7,0.71,0.01,0.01,73940.48,1776231977000
1776231979.391,79.391,0.32,0.34,0.66,0.68,0.02,0.02,73940.48,1776231977000
1776231979.841,79.841,0.33,0.34,0.66,0.68,0.01,0.02,73940.45,1776231978000
1776231980.339,80.339,0.34,0.35,0.65,0.66,0.01,0.01,73940.45,1776231979000
1776231980.676,80.676,0.34,0.35,0.65,0.66,0.01,0.01,73940.45,1776231979000
1776231981.011,81.011,0.34,0.35,0.65,0.66,0.01,0.01,73940.45,1776231979000
1776231981.397,81.397,0.34,0.35,0.65,0.66,0.01,0.01,73940.45,1776231979000
1776231981.796,81.796,0.35,0.36,0.64,0.65,0.01,0.01,73940.45,1776231979000
1776231982.143,82.143,0.35,0.36,0.64,0.65,0.01,0.01,73946.66,1776231980000
1776231982.552,82.552,0.35,0.36,0.64,0.65,0.01,0.01,73947.3,1776231981000
1776231982.912,82.912,0.35,0.36,0.64,0.65,0.01,0.01,73947.3,1776231981000
1776231983.263,83.263,0.35,0.36,0.64,0.65,0.01,0.01,73947.3,1776231981000
1776231983.653,83.653,0.35,0.36,0.64,0.65,0.01,0.01,73947.35,1776231982000
1776231984.13,84.13,0.35,0.36,0.64,0.65,0.01,0.01,73947.35,1776231982000
1776231984.687,84.687,0.35,0.36,0.64,0.65,0.01,0.01,73947.35,1776231983000
1776231985.336,85.336,0.35,0.38,0.64,0.65,0.03,0.01,73947.35,1776231983000
1776231985.898,85.898,0.37,0.38,0.62,0.64,0.01,0.02,73948.15,1776231984000
1776231986.271,86.271,0.37,0.38,0.62,0.63,0.01,0.01,73948.15,1776231984000
1776231986.705,86.705,0.37,0.38,0.62,0.63,0.01,0.01,73948.41,1776231985000
1776231987.115,87.115,0.37,0.38,0.62,0.63,0.01,0.01,73948.41,1776231985000
1776231987.452,87.452,0.37,0.38,0.62,0.63,0.01,0.01,73950.41,1776231986000
1776231987.928,87.928,0.37,0.38,0.62,0.63,0.01,0.01,73950.41,1776231986000
1776231989.0,89.0,0.37,0.39,0.62,0.63,0.02,0.01,73954.99,1776231987000
1776231989.342,89.342,0.38,0.41,0.59,0.62,0.03,0.03,73955.16,1776231988000
1776231989.764,89.764,0.4,0.41,0.59,0.6,0.01,0.01,73955.16,1776231988000
1776231990.109,90.109,0.4,0.41,0.59,0.6,0.01,0.01,73955.16,1776231988000
1776231990.649,90.649,0.4,0.41,0.59,0.6,0.01,0.01,73955.28,1776231989000
1776231990.983,90.983,0.36,0.39,0.61,0.64,0.03,0.03,73955.28,1776231989000
1776231991.381,91.381,0.36,0.37,0.63,0.64,0.01,0.01,73958.38,1776231990000
1776231991.718,91.718,0.36,0.37,0.63,0.64,0.01,0.01,73958.38,1776231990000
1776231992.214,92.214,0.36,0.37,0.63,0.64,0.01,0.01,73958.38,1776231990000
1776231992.666,92.666,0.36,0.37,0.63,0.64,0.01,0.01,73958.24,1776231991000
1776231993.272,93.272,0.36,0.37,0.63,0.64,0.01,0.01,73956.56,1776231992000
1776231994.242,94.242,0.36,0.37,0.63,0.64,0.01,0.01,73956.56,1776231992000
1776231994.591,94.591,0.36,0.37,0.63,0.64,0.01,0.01,73956.56,1776231992000
1776231994.94,94.94,0.35,0.36,0.64,0.65,0.01,0.01,73956.56,1776231993000
1776231995.276,95.276,0.35,0.36,0.64,0.65,0.01,0.01,73954.74,1776231994000
1776231995.625,95.625,0.35,0.36,0.64,0.65,0.01,0.01,73954.74,1776231994000
1776231996.022,96.022,0.35,0.36,0.64,0.65,0.01,0.01,73954.74,1776231994000
1776231996.413,96.413,0.35,0.36,0.64,0.65,0.01,0.01,73953.46,1776231995000
1776231996.779,96.779,0.36,0.37,0.63,0.64,0.01,0.01,73953.46,1776231995000
1776231997.127,97.127,0.35,0.37,0.63,0.65,0.02,0.02,73952.03,1776231996000
1776231997.838,97.838,0.35,0.36,0.63,0.65,0.01,0.02,73952.03,1776231996000
1776231998.266,98.266,0.35,0.36,0.64,0.65,0.01,0.01,73952.18,1776231997000
1776231998.706,98.706,0.35,0.36,0.64,0.65,0.01,0.01,73952.18,1776231997000
1776231999.041,99.041,0.35,0.36,0.64,0.65,0.01,0.01,73952.29,1776231998000
1776231999.741,99.741,0.35,0.37,0.64,0.65,0.02,0.01,73952.29,1776231998000
1776232000.202,100.202,0.38,0.39,0.6,0.63,0.01,0.03,73952.28,1776231999000
1776232000.579,100.579,0.38,0.39,0.61,0.62,0.01,0.01,73952.28,1776231999000
1776232000.925,100.925,0.38,0.39,0.61,0.62,0.01,0.01,73952.28,1776231999000
1776232001.688,101.688,0.39,0.4,0.6,0.61,0.01,0.01,73952.3,1776232000000
1776232002.037,102.037,0.39,0.4,0.6,0.61,0.01,0.01,73953.81,1776232001000
1776232002.667,102.667,0.42,0.43,0.57,0.61,0.01,0.04,73953.81,1776232001000
1776232003.376,103.376,0.42,0.43,0.57,0.58,0.01,0.01,73956.5,1776232002000
1776232003.729,103.729,0.42,0.45,0.55,0.58,0.03,0.03,73956.5,1776232002000
1776232004.262,104.262,0.45,0.48,0.54,0.56,0.03,0.02,73958.33,1776232003000
1776232004.637,104.637,0.46,0.47,0.53,0.54,0.01,0.01,73958.33,1776232003000
1776232005.04,105.04,0.47,0.48,0.52,0.53,0.01,0.01,73958.55,1776232004000
1776232005.538,105.538,0.48,0.49,0.51,0.53,0.01,0.02,73958.55,1776232004000
1776232005.891,105.891,0.48,0.5,0.5,0.52,0.02,0.02,73965.28,1776232005000
1776232006.381,106.381,0.48,0.49,0.51,0.52,0.01,0.01,73965.28,1776232005000
1776232006.723,106.723,0.48,0.49,0.51,0.52,0.01,0.01,73965.28,1776232005000
1776232007.137,107.137,0.49,0.5,0.5,0.51,0.01,0.01,73965.28,1776232005000
1776232007.692,107.692,0.49,0.5,0.5,0.51,0.01,0.01,73969.37,1776232006000
1776232008.175,108.175,0.48,0.49,0.51,0.52,0.01,0.01,73969.37,1776232007000
1776232008.547,108.547,0.48,0.49,0.51,0.52,0.01,0.01,73969.37,1776232007000
1776232009.031,109.031,0.46,0.48,0.52,0.54,0.02,0.02,73967.1,1776232008000
1776232009.377,109.377,0.47,0.48,0.52,0.53,0.01,0.01,73967.1,1776232008000
1776232009.779,109.779,0.47,0.48,0.52,0.53,0.01,0.01,73967.1,1776232008000
1776232010.115,110.115,0.47,0.48,0.52,0.53,0.01,0.01,73967.2,1776232009000
1776232010.577,110.577,0.46,0.48,0.52,0.53,0.02,0.01,73967.2,1776232009000
1776232011.073,111.073,0.46,0.48,0.52,0.54,0.02,0.02,73967.27,1776232010000
1776232011.469,111.469,0.46,0.47,0.53,0.54,0.01,0.01,73967.27,1776232010000
1776232011.883,111.883,0.45,0.46,0.54,0.55,0.01,0.01,73967.27,1776232010000
1776232012.588,112.588,0.45,0.46,0.54,0.55,0.01,0.01,73967.29,1776232011000
1776232013.077,113.077,0.45,0.46,0.54,0.55,0.01,0.01,73967.27,1776232012000
1776232013.648,113.648,0.45,0.46,0.54,0.55,0.01,0.01,73967.27,1776232012000
1776232014.185,114.185,0.45,0.46,0.54,0.55,0.01,0.01,73967.27,1776232012000
1776232014.616,114.616,0.46,0.47,0.53,0.54,0.01,0.01,73967.36,1776232013000
1776232014.972,114.972,0.46,0.47,0.53,0.54,0.01,0.01,73967.36,1776232013000
1776232016.266,116.266,0.46,0.47,0.53,0.54,0.01,0.01,73968.63,1776232015000
1776232016.731,116.731,0.46,0.47,0.53,0.54,0.01,0.01,73968.63,1776232015000
1776232017.07,117.07,0.46,0.47,0.53,0.54,0.01,0.01,73968.63,1776232015000
1776232017.424,117.424,0.46,0.48,0.52,0.54,0.02,0.02,73968.96,1776232016000
1776232018.249,118.249,0.47,0.49,0.51,0.53,0.02,0.02,73969.16,1776232017000
1776232019.156,119.156,0.48,0.49,0.51,0.53,0.01,0.02,73969.16,1776232017000
1776232019.59,119.59,0.48,0.5,0.5,0.52,0.02,0.02,73969.6,1776232018000
1776232020.015,120.015,0.48,0.5,0.5,0.52,0.02,0.02,73969.62,1776232019000
1776232020.375,120.375,0.49,0.5,0.5,0.51,0.01,0.01,73969.62,1776232019000
1776232020.73,120.73,0.49,0.51,0.5,0.51,0.02,0.01,73969.62,1776232019000
1776232021.109,121.109,0.49,0.51,0.49,0.51,0.02,0.02,73969.59,1776232020000
1776232021.722,121.722,0.5,0.51,0.49,0.5,0.01,0.01,73969.59,1776232020000
1776232022.068,122.068,0.54,0.57,0.44,0.46,0.03,0.02,73969.59,1776232020000
1776232022.402,122.402,0.57,0.59,0.41,0.43,0.02,0.02,73969.61,1776232021000
1776232022.744,122.744,0.6,0.62,0.39,0.4,0.02,0.01,73969.61,1776232021000
1776232023.162,123.162,0.62,0.63,0.37,0.38,0.01,0.01,73969.61,1776232021000
1776232023.5,123.5,0.62,0.63,0.35,0.38,0.01,0.03,73969.61,1776232021000
1776232023.918,123.918,0.62,0.63,0.37,0.38,0.01,0.01,73981.22,1776232022000
1776232024.43,124.43,0.62,0.63,0.37,0.38,0.01,0.01,73983.33,1776232023000
1776232024.767,124.767,0.62,0.63,0.37,0.38,0.01,0.01,73983.33,1776232023000
1776232025.196,125.196,0.63,0.64,0.36,0.37,0.01,0.01,73987.86,1776232024000
1776232025.541,125.541,0.63,0.64,0.36,0.37,0.01,0.01,73987.86,1776232024000
1776232025.942,125.942,0.63,0.64,0.36,0.37,0.01,0.01,73987.86,1776232024000
1776232026.282,126.282,0.63,0.64,0.36,0.37,0.01,0.01,73987.85,1776232025000
1776232027.226,127.226,0.65,0.66,0.36,0.37,0.01,0.01,73987.85,1776232025000
1776232027.617,127.617,0.65,0.66,0.34,0.35,0.01,0.01,73987.85,1776232026000
1776232027.961,127.961,0.66,0.67,0.33,0.34,0.01,0.01,73987.85,1776232026000
1776232028.369,128.369,0.66,0.67,0.33,0.34,0.01,0.01,73988.33,1776232027000
1776232028.766,128.766,0.66,0.67,0.33,0.34,0.01,0.01,73988.33,1776232027000
1776232029.125,129.125,0.66,0.67,0.33,0.34,0.01,0.01,73988.33,1776232027000
1776232029.471,129.471,0.66,0.67,0.33,0.34,0.01,0.01,73988.3,1776232028000
1776232029.811,129.811,0.67,0.68,0.32,0.33,0.01,0.01,73988.3,1776232028000
1776232030.22,130.22,0.67,0.68,0.32,0.33,0.01,0.01,73988.3,1776232028000
1776232030.719,130.719,0.67,0.68,0.32,0.33,0.01,0.01,73990.4,1776232029000
1776232031.116,131.116,0.68,0.69,0.31,0.32,0.01,0.01,73990.4,1776232029000
1776232031.466,131.466,0.68,0.69,0.31,0.32,0.01,0.01,73990.4,1776232030000
1776232031.809,131.809,0.68,0.7,0.3,0.32,0.02,0.02,73990.4,1776232030000
1776232032.245,132.245,0.71,0.73,0.27,0.3,0.02,0.03,73991.33,1776232031000
1776232032.651,132.651,0.71,0.73,0.28,0.29,0.02,0.01,73991.33,1776232031000
1776232033.08,133.08,0.72,0.73,0.27,0.28,0.01,0.01,73991.33,1776232031000
1776232033.442,133.442,0.72,0.73,0.27,0.28,0.01,0.01,73992.29,1776232032000
1776232033.871,133.871,0.72,0.73,0.27,0.28,0.01,0.01,73992.29,1776232032000
1776232034.258,134.258,0.72,0.73,0.27,0.28,0.01,0.01,73992.29,1776232032000
1776232034.613,134.613,0.72,0.73,0.27,0.28,0.01,0.01,73996.73,1776232033000
1776232034.956,134.956,0.72,0.73,0.27,0.28,0.01,0.01,73996.73,1776232033000
1776232035.303,135.303,0.72,0.73,0.27,0.28,0.01,0.01,73996.73,1776232033000
1776232035.654,135.654,0.72,0.73,0.27,0.28,0.01,0.01,73998.27,1776232034000
1776232036.061,136.061,0.72,0.73,0.27,0.28,0.01,0.01,73998.27,1776232034000
1776232036.435,136.435,0.72,0.73,0.27,0.28,0.01,0.01,73998.27,1776232034000
1776232036.777,136.777,0.72,0.73,0.27,0.28,0.01,0.01,73998.27,1776232034000
1776232037.11,137.11,0.72,0.73,0.27,0.28,0.01,0.01,73998.27,1776232035000
1776232037.48,137.48,0.72,0.73,0.27,0.28,0.01,0.01,73998.33,1776232036000
1776232037.839,137.839,0.72,0.73,0.27,0.28,0.01,0.01,73998.33,1776232036000
1776232038.173,138.173,0.73,0.75,0.26,0.27,0.02,0.01,73998.31,1776232037000
1776232038.525,138.525,0.74,0.75,0.25,0.26,0.01,0.01,73998.31,1776232037000
1776232038.89,138.89,0.76,0.77,0.23,0.24,0.01,0.01,73998.31,1776232037000
1776232039.313,139.313,0.76,0.77,0.23,0.24,0.01,0.01,73998.31,1776232037000
1776232039.665,139.665,0.75,0.77,0.23,0.24,0.02,0.01,73998.48,1776232038000
1776232040.004,140.004,0.75,0.76,0.24,0.25,0.01,0.01,73998.48,1776232038000
1776232040.433,140.433,0.75,0.76,0.24,0.25,0.01,0.01,73998.48,1776232038000
1776232040.789,140.789,0.75,0.76,0.24,0.25,0.01,0.01,74003.92,1776232039000
1776232041.155,141.155,0.74,0.76,0.24,0.25,0.02,0.01,74003.92,1776232039000
1776232041.491,141.491,0.73,0.74,0.26,0.27,0.01,0.01,74003.59,1776232040000
1776232041.83,141.83,0.73,0.74,0.26,0.27,0.01,0.01,74003.59,1776232040000
1776232042.189,142.189,0.72,0.73,0.27,0.28,0.01,0.01,74003.59,1776232040000
1776232042.584,142.584,0.72,0.73,0.27,0.28,0.01,0.01,74005.33,1776232041000
1776232042.918,142.918,0.68,0.71,0.28,0.3,0.03,0.02,74005.33,1776232041000
1776232043.253,143.253,0.68,0.71,0.29,0.32,0.03,0.03,74005.33,1776232041000
1776232043.591,143.591,0.68,0.69,0.31,0.32,0.01,0.01,74003.52,1776232042000
1776232043.989,143.989,0.68,0.69,0.31,0.32,0.01,0.01,73999.48,1776232043000
1776232044.452,144.452,0.68,0.71,0.31,0.32,0.03,0.01,73999.48,1776232043000
1776232044.803,144.803,0.73,0.74,0.26,0.27,0.01,0.01,73999.48,1776232043000
1776232045.226,145.226,0.73,0.74,0.26,0.27,0.01,0.01,73999.48,1776232043000
1776232045.674,145.674,0.73,0.74,0.26,0.27,0.01,0.01,73997.7,1776232044000
1776232046.059,146.059,0.73,0.74,0.26,0.27,0.01,0.01,73997.7,1776232044000
1776232046.432,146.432,0.73,0.74,0.25,0.27,0.01,0.02,73999.81,1776232045000
1776232046.835,146.835,0.74,0.75,0.23,0.26,0.01,0.03,73999.81,1776232045000
1776232047.174,147.174,0.74,0.75,0.25,0.26,0.01,0.01,74003.82,1776232046000
1776232047.539,147.539,0.74,0.75,0.25,0.26,0.01,0.01,74003.82,1776232046000
1776232047.979,147.979,0.74,0.75,0.25,0.26,0.01,0.01,74003.82,1776232046000
1776232048.316,148.316,0.74,0.75,0.25,0.26,0.01,0.01,74003.84,1776232047000
1776232048.651,148.651,0.74,0.75,0.25,0.26,0.01,0.01,74003.84,1776232047000
1776232049.003,149.003,0.71,0.73,0.27,0.29,0.02,0.02,74003.84,1776232047000
1776232049.349,149.349,0.7,0.71,0.28,0.3,0.01,0.02,74004.48,1776232048000
1776232049.721,149.721,0.69,0.7,0.3,0.31,0.01,0.01,74004.48,1776232048000
1776232050.06,150.06,0.68,0.69,0.31,0.32,0.01,0.01,74004.48,1776232049000
1776232050.487,150.487,0.68,0.69,0.31,0.32,0.01,0.01,74004.48,1776232049000
1776232050.918,150.918,0.68,0.69,0.31,0.32,0.01,0.01,74004.48,1776232049000
1776232051.264,151.264,0.68,0.69,0.31,0.32,0.01,0.01,74002.55,1776232050000
1776232051.607,151.607,0.68,0.69,0.31,0.32,0.01,0.01,74002.55,1776232050000
1776232051.958,151.958,0.7,0.71,0.29,0.31,0.01,0.02,74002.55,1776232050000
1776232052.306,152.306,0.7,0.71,0.29,0.3,0.01,0.01,74002.55,1776232050000
1776232052.646,152.646,0.71,0.72,0.28,0.29,0.01,0.01,74002.55,1776232050000
1776232053.036,153.036,0.7,0.71,0.29,0.3,0.01,0.01,74002.52,1776232051000
1776232053.509,153.509,0.7,0.71,0.29,0.3,0.01,0.01,74002.52,1776232051000
1776232053.853,153.853,0.7,0.71,0.29,0.3,0.01,0.01,74002.46,1776232052000
1776232054.202,154.202,0.7,0.71,0.29,0.3,0.01,0.01,74002.46,1776232052000
1776232054.54,154.54,0.72,0.73,0.27,0.28,0.01,0.01,74002.46,1776232052000
1776232054.877,154.877,0.71,0.72,0.28,0.29,0.01,0.01,74002.46,1776232052000
1776232055.221,155.221,0.71,0.72,0.28,0.29,0.01,0.01,74002.84,1776232053000
1776232055.611,155.611,0.71,0.72,0.28,0.29,0.01,0.01,74003.03,1776232054000
1776232055.982,155.982,0.71,0.72,0.28,0.29,0.01,0.01,74003.03,1776232054000
1776232056.376,156.376,0.7,0.71,0.28,0.3,0.01,0.02,74003.03,1776232054000
1776232056.811,156.811,0.69,0.7,0.3,0.31,0.01,0.01,74003.03,1776232055000
1776232057.174,157.174,0.69,0.7,0.3,0.31,0.01,0.01,74003.03,1776232055000
1776232057.556,157.556,0.69,0.7,0.3,0.31,0.01,0.01,74003.03,1776232056000
1776232057.923,157.923,0.69,0.7,0.3,0.31,0.01,0.01,74003.03,1776232056000
1776232058.278,158.278,0.69,0.7,0.3,0.31,0.01,0.01,74003.03,1776232056000
1776232058.614,158.614,0.69,0.7,0.3,0.31,0.01,0.01,74003.38,1776232057000
1776232059.088,159.088,0.69,0.7,0.3,0.31,0.01,0.01,74003.38,1776232057000
1776232059.482,159.482,0.7,0.71,0.3,0.31,0.01,0.01,74003.38,1776232058000
1776232059.825,159.825,0.7,0.71,0.29,0.3,0.01,0.01,74003.38,1776232058000
1776232060.812,160.812,0.7,0.71,0.29,0.3,0.01,0.01,74003.38,1776232059000
1776232061.469,161.469,0.71,0.72,0.28,0.29,0.01,0.01,74003.38,1776232060000
1776232062.207,162.207,0.71,0.72,0.28,0.29,0.01,0.01,74003.72,1776232061000
1776232062.835,162.835,0.71,0.72,0.28,0.29,0.01,0.01,74003.72,1776232061000
1776232063.44,163.44,0.71,0.72,0.28,0.29,0.01,0.01,74003.72,1776232061000
1776232064.15,164.15,0.71,0.72,0.28,0.29,0.01,0.01,74003.73,1776232062000
1776232064.899,164.899,0.71,0.72,0.28,0.29,0.01,0.01,74003.73,1776232063000
1776232065.266,165.266,0.71,0.72,0.28,0.29,0.01,0.01,74003.78,1776232064000
1776232065.895,165.895,0.71,0.72,0.28,0.29,0.01,0.01,74003.78,1776232064000
1776232066.291,166.291,0.71,0.73,0.28,0.29,0.02,0.01,74003.78,1776232064000
1776232066.8,166.8,0.72,0.73,0.27,0.29,0.01,0.02,74003.81,1776232065000
1776232067.163,167.163,0.72,0.73,0.27,0.28,0.01,0.01,74003.79,1776232066000
1776232067.516,167.516,0.72,0.73,0.27,0.28,0.01,0.01,74003.79,1776232066000
1776232067.892,167.892,0.72,0.73,0.27,0.28,0.01,0.01,74003.79,1776232066000
1776232068.28,168.28,0.72,0.73,0.27,0.28,0.01,0.01,74003.79,1776232066000
1776232068.627,168.627,0.72,0.73,0.27,0.28,0.01,0.01,74003.81,1776232067000
1776232069.317,169.317,0.72,0.73,0.27,0.28,0.01,0.01,74003.83,1776232068000
1776232070.062,170.062,0.72,0.73,0.27,0.28,0.01,0.01,74003.47,1776232069000
1776232070.463,170.463,0.72,0.73,0.27,0.28,0.01,0.01,74003.47,1776232069000
1776232070.873,170.873,0.72,0.73,0.27,0.28,0.01,0.01,74003.47,1776232069000
1776232071.255,171.255,0.72,0.73,0.27,0.28,0.01,0.01,74003.47,1776232069000
1776232071.625,171.625,0.7,0.71,0.29,0.3,0.01,0.01,74003.47,1776232069000
1776232071.966,171.966,0.66,0.67,0.33,0.34,0.01,0.01,74000.01,1776232070000
1776232072.315,172.315,0.66,0.68,0.32,0.34,0.02,0.02,74000.01,1776232070000
1776232072.682,172.682,0.68,0.69,0.31,0.33,0.01,0.02,73997.15,1776232071000
1776232073.166,173.166,0.68,0.69,0.31,0.32,0.01,0.01,73997.15,1776232071000
1776232073.668,173.668,0.68,0.69,0.31,0.32,0.01,0.01,73997.15,1776232071000
1776232074.054,174.054,0.68,0.69,0.31,0.32,0.01,0.01,73997.15,1776232071000
1776232074.515,174.515,0.68,0.69,0.31,0.32,0.01,0.01,73995.66,1776232072000
1776232075.238,175.238,0.68,0.69,0.31,0.32,0.01,0.01,73999.28,1776232073000
1776232075.907,175.907,0.68,0.69,0.31,0.32,0.01,0.01,74000.03,1776232074000
1776232076.614,176.614,0.68,0.69,0.31,0.32,0.01,0.01,73999.99,1776232075000
1776232077.111,177.111,0.68,0.69,0.31,0.32,0.01,0.01,73999.99,1776232075000
1776232077.552,177.552,0.68,0.69,0.31,0.32,0.01,0.01,73999.99,1776232075000
1776232078.23,178.23,0.68,0.69,0.31,0.32,0.01,0.01,73997.9,1776232077000
1776232079.474,179.474,0.68,0.69,0.31,0.32,0.01,0.01,74000.08,1776232078000
1776232079.811,179.811,0.65,0.69,0.31,0.35,0.04,0.04,74000.08,1776232078000
1776232080.191,180.191,0.64,0.66,0.34,0.35,0.02,0.01,74000.08,1776232078000
1776232080.587,180.587,0.64,0.65,0.35,0.36,0.01,0.01,73995.43,1776232079000
1776232080.949,180.949,0.62,0.65,0.35,0.36,0.03,0.01,73995.43,1776232079000
1776232081.327,181.327,0.64,0.65,0.35,0.36,0.01,0.01,73995.43,1776232079000
1776232081.704,181.704,0.63,0.64,0.36,0.38,0.01,0.02,73991.21,1776232080000
1776232082.055,182.055,0.63,0.64,0.36,0.37,0.01,0.01,73991.21,1776232080000
1776232082.507,182.507,0.62,0.64,0.36,0.38,0.02,0.02,73989.45,1776232081000
1776232083.462,183.462,0.61,0.62,0.38,0.39,0.01,0.01,73989.21,1776232082000
1776232083.918,183.918,0.61,0.62,0.38,0.39,0.01,0.01,73989.21,1776232082000
1776232084.3,184.3,0.61,0.62,0.38,0.39,0.01,0.01,73989.21,1776232083000
1776232084.855,184.855,0.61,0.62,0.38,0.39,0.01,0.01,73989.21,1776232083000
1776232085.31,185.31,0.62,0.63,0.36,0.38,0.01,0.02,73989.21,1776232083000
1776232085.665,185.665,0.61,0.63,0.38,0.39,0.02,0.01,73988.74,1776232084000
1776232086.012,186.012,0.62,0.63,0.37,0.38,0.01,0.01,73988.74,1776232084000
1776232086.529,186.529,0.62,0.63,0.37,0.38,0.01,0.01,73988.74,1776232085000
1776232086.941,186.941,0.61,0.62,0.37,0.39,0.01,0.02,73988.74,1776232085000
1776232087.578,187.578,0.61,0.62,0.38,0.39,0.01,0.01,73988.29,1776232086000
1776232087.972,187.972,0.59,0.62,0.38,0.39,0.03,0.01,73988.29,1776232086000
1776232088.345,188.345,0.59,0.6,0.38,0.41,0.01,0.03,73988.29,1776232087000
1776232088.925,188.925,0.59,0.6,0.4,0.41,0.01,0.01,73988.29,1776232087000
1776232089.671,189.671,0.59,0.6,0.4,0.41,0.01,0.01,73988.29,1776232087000
1776232090.007,190.007,0.6,0.63,0.37,0.4,0.03,0.03,73988.37,1776232088000
1776232090.525,190.525,0.6,0.63,0.37,0.4,0.03,0.03,73990.32,1776232089000
1776232090.87,190.87,0.6,0.61,0.39,0.4,0.01,0.01,73990.32,1776232089000
1776232091.388,191.388,0.6,0.61,0.39,0.4,0.01,0.01,73990.32,1776232089000
1776232091.856,191.856,0.61,0.62,0.38,0.4,0.01,0.02,73990.41,1776232090000
1776232093.025,193.025,0.61,0.63,0.38,0.39,0.02,0.01,73991.91,1776232091000
1776232093.654,193.654,0.61,0.64,0.36,0.39,0.03,0.03,73991.99,1776232092000
1776232093.993,193.993,0.62,0.63,0.34,0.37,0.01,0.03,73991.99,1776232092000
1776232094.395,194.395,0.63,0.65,0.34,0.36,0.02,0.02,73991.99,1776232092000
1776232094.734,194.734,0.64,0.65,0.35,0.36,0.01,0.01,73997.4,1776232093000
1776232095.16,195.16,0.64,0.66,0.34,0.36,0.02,0.02,73997.4,1776232093000
1776232095.906,195.906,0.66,0.67,0.34,0.35,0.01,0.01,73999.41,1776232094000
1776232096.343,196.343,0.66,0.67,0.33,0.34,0.01,0.01,73998.75,1776232095000
1776232096.731,196.731,0.66,0.67,0.33,0.34,0.01,0.01,73998.75,1776232095000
1776232097.485,197.485,0.66,0.67,0.33,0.34,0.01,0.01,73998.74,1776232096000
1776232097.923,197.923,0.66,0.67,0.33,0.34,0.01,0.01,73998.74,1776232096000
1776232098.283,198.283,0.66,0.67,0.33,0.34,0.01,0.01,73998.42,1776232097000
1776232098.638,198.638,0.66,0.67,0.33,0.34,0.01,0.01,73998.42,1776232097000
1776232099.201,199.201,0.66,0.67,0.33,0.34,0.01,0.01,73997.89,1776232098000
1776232099.581,199.581,0.66,0.67,0.33,0.34,0.01,0.01,73997.89,1776232098000
1776232100.478,200.478,0.66,0.67,0.33,0.34,0.01,0.01,73997.89,1776232098000
1776232100.918,200.918,0.66,0.67,0.33,0.34,0.01,0.01,73997.89,1776232099000
1776232102.258,202.258,0.66,0.67,0.33,0.34,0.01,0.01,73998.07,1776232101000
1776232103.404,203.404,0.66,0.67,0.33,0.34,0.01,0.01,73998.15,1776232102000
1776232103.968,203.968,0.67,0.68,0.32,0.33,0.01,0.01,73998.15,1776232103000
1776232104.676,204.676,0.67,0.68,0.32,0.33,0.01,0.01,73998.15,1776232103000
1776232105.085,205.085,0.67,0.68,0.32,0.33,0.01,0.01,73998.15,1776232103000
1776232105.469,205.469,0.67,0.68,0.32,0.33,0.01,0.01,73998.15,1776232103000
1776232106.056,206.056,0.67,0.69,0.31,0.33,0.02,0.02,73999.6,1776232105000
1776232106.975,206.975,0.68,0.69,0.31,0.33,0.01,0.02,73999.6,1776232105000
1776232107.46,207.46,0.68,0.69,0.31,0.32,0.01,0.01,73999.6,1776232106000
1776232107.864,207.864,0.68,0.69,0.3,0.32,0.01,0.02,73999.6,1776232106000
1776232108.261,208.261,0.68,0.69,0.31,0.32,0.01,0.01,73999.6,1776232107000
1776232108.604,208.604,0.67,0.68,0.31,0.33,0.01,0.02,73999.6,1776232107000
1776232109.034,209.034,0.67,0.68,0.32,0.33,0.01,0.01,73999.6,1776232107000
1776232109.458,209.458,0.67,0.68,0.32,0.33,0.01,0.01,73999.5,1776232108000
1776232110.159,210.159,0.67,0.68,0.32,0.33,0.01,0.01,73999.5,1776232108000
1776232110.776,210.776,0.67,0.68,0.32,0.33,0.01,0.01,73996.78,1776232109000
1776232111.582,211.582,0.67,0.69,0.31,0.33,0.02,0.02,73995.07,1776232110000
1776232112.117,212.117,0.67,0.69,0.31,0.33,0.02,0.02,73995.07,1776232111000
1776232112.642,212.642,0.68,0.7,0.31,0.33,0.02,0.02,73995.07,1776232111000
1776232113.182,213.182,0.69,0.71,0.29,0.31,0.02,0.02,73996.76,1776232112000
1776232113.517,213.517,0.7,0.71,0.29,0.3,0.01,0.01,73996.76,1776232112000
1776232114.062,214.062,0.71,0.72,0.28,0.3,0.01,0.02,73996.76,1776232112000
1776232114.415,214.415,0.71,0.72,0.28,0.29,0.01,0.01,73998.1,1776232113000
1776232114.806,214.806,0.71,0.72,0.28,0.29,0.01,0.01,73998.1,1776232113000
1776232115.174,215.174,0.71,0.72,0.28,0.29,0.01,0.01,73998.1,1776232113000
1776232115.513,215.513,0.69,0.71,0.29,0.31,0.02,0.02,74000.3,1776232114000
1776232115.892,215.892,0.69,0.7,0.3,0.31,0.01,0.01,74000.3,1776232114000
1776232116.238,216.238,0.69,0.7,0.3,0.31,0.01,0.01,74000.3,1776232114000
1776232116.741,216.741,0.69,0.7,0.3,0.31,0.01,0.01,73998.89,1776232115000
1776232117.158,217.158,0.69,0.7,0.3,0.31,0.01,0.01,73998.89,1776232115000
1776232117.517,217.517,0.68,0.7,0.3,0.31,0.02,0.01,73997.79,1776232116000
1776232118.482,218.482,0.68,0.7,0.3,0.32,0.02,0.02,73997.79,1776232116000
1776232118.87,218.87,0.68,0.69,0.3,0.32,0.01,0.02,73997.79,1776232116000
1776232119.245,219.245,0.67,0.69,0.31,0.33,0.02,0.02,73996.41,1776232117000
1776232119.651,219.651,0.65,0.67,0.33,0.36,0.02,0.03,73990.94,1776232118000
1776232120.1,220.1,0.65,0.67,0.33,0.35,0.02,0.02,73990.94,1776232118000
1776232120.55,220.55,0.65,0.66,0.33,0.35,0.01,0.02,73990.42,1776232119000
1776232120.918,220.918,0.64,0.65,0.35,0.36,0.01,0.01,73990.34,1776232120000
1776232121.27,221.27,0.64,0.66,0.35,0.36,0.02,0.01,73990.34,1776232120000
1776232121.633,221.633,0.65,0.66,0.34,0.35,0.01,0.01,73990.34,1776232120000
1776232121.974,221.974,0.64,0.65,0.35,0.36,0.01,0.01,73990.34,1776232120000
1776232122.313,222.313,0.64,0.65,0.35,0.36,0.01,0.01,73989.74,1776232121000
1776232122.651,222.651,0.64,0.65,0.35,0.36,0.01,0.01,73989.74,1776232121000
1776232123.006,223.006,0.64,0.65,0.35,0.36,0.01,0.01,73989.74,1776232121000
1776232123.343,223.343,0.64,0.65,0.35,0.36,0.01,0.01,73990.36,1776232122000
1776232123.685,223.685,0.64,0.65,0.35,0.36,0.01,0.01,73990.36,1776232122000
1776232124.175,224.175,0.64,0.65,0.35,0.36,0.01,0.01,73991.15,1776232123000
1776232124.915,224.915,0.64,0.65,0.35,0.36,0.01,0.01,73991.15,1776232123000
1776232125.286,225.286,0.64,0.65,0.35,0.36,0.01,0.01,73991.43,1776232124000
1776232125.678,225.678,0.64,0.65,0.35,0.36,0.01,0.01,73991.43,1776232124000
1776232126.308,226.308,0.64,0.65,0.35,0.36,0.01,0.01,73991.49,1776232125000
1776232126.736,226.736,0.64,0.65,0.35,0.36,0.01,0.01,73991.49,1776232125000
1776232127.145,227.145,0.62,0.65,0.35,0.38,0.03,0.03,73991.49,1776232125000
1776232127.494,227.494,0.61,0.63,0.37,0.39,0.02,0.02,73989.05,1776232126000
1776232127.992,227.992,0.62,0.63,0.37,0.38,0.01,0.01,73989.05,1776232126000
1776232128.417,228.417,0.62,0.63,0.37,0.38,0.01,0.01,73985.26,1776232127000
1776232128.754,228.754,0.62,0.63,0.37,0.38,0.01,0.01,73985.26,1776232127000
1776232129.105,229.105,0.62,0.63,0.37,0.38,0.01,0.01,73985.26,1776232127000
1776232129.509,229.509,0.62,0.63,0.37,0.38,0.01,0.01,73983,1776232128000
1776232129.899,229.899,0.62,0.63,0.37,0.38,0.01,0.01,73983,1776232129000
1776232130.316,230.316,0.62,0.63,0.37,0.38,0.01,0.01,73983,1776232129000
1776232130.653,230.653,0.62,0.63,0.37,0.38,0.01,0.01,73983,1776232129000
1776232130.992,230.992,0.62,0.63,0.37,0.38,0.01,0.01,73988.41,1776232130000
1776232131.446,231.446,0.62,0.63,0.37,0.38,0.01,0.01,73988.41,1776232130000
1776232132.598,232.598,0.62,0.67,0.33,0.38,0.05,0.05,73988.41,1776232130000
1776232132.969,232.969,0.62,0.63,0.37,0.38,0.01,0.01,73976.45,1776232131000
1776232133.333,233.333,0.61,0.62,0.38,0.39,0.01,0.01,73975.1,1776232132000
1776232133.667,233.667,0.59,0.6,0.4,0.41,0.01,0.01,73975.1,1776232132000
1776232134.034,234.034,0.58,0.59,0.39,0.42,0.01,0.03,73975.1,1776232132000
1776232134.441,234.441,0.57,0.59,0.41,0.42,0.02,0.01,73975.1,1776232132000
1776232134.83,234.83,0.57,0.58,0.42,0.45,0.01,0.03,73973.79,1776232133000
1776232135.293,235.293,0.54,0.57,0.43,0.46,0.03,0.03,73972.83,1776232134000
1776232135.663,235.663,0.55,0.56,0.44,0.45,0.01,0.01,73972.83,1776232134000
1776232136.011,236.011,0.53,0.54,0.45,0.47,0.01,0.02,73972.83,1776232134000
1776232136.382,236.382,0.53,0.54,0.46,0.47,0.01,0.01,73972.82,1776232135000
1776232136.731,236.731,0.52,0.53,0.47,0.48,0.01,0.01,73972.82,1776232135000
1776232137.111,237.111,0.51,0.52,0.47,0.49,0.01,0.02,73972.82,1776232135000
1776232137.503,237.503,0.5,0.52,0.48,0.49,0.02,0.01,73972.82,1776232136000
1776232137.997,237.997,0.48,0.5,0.49,0.51,0.02,0.02,73972.82,1776232136000
1776232138.334,238.334,0.47,0.49,0.5,0.52,0.02,0.02,73972.82,1776232136000
1776232138.752,238.752,0.47,0.48,0.52,0.53,0.01,0.01,73971.37,1776232137000
1776232139.287,239.287,0.45,0.46,0.54,0.55,0.01,0.01,73971.37,1776232138000
1776232139.636,239.636,0.44,0.46,0.54,0.55,0.02,0.01,73971.37,1776232138000
1776232140.186,240.186,0.44,0.46,0.54,0.56,0.02,0.02,73963.34,1776232139000
1776232140.564,240.564,0.42,0.46,0.54,0.58,0.04,0.04,73963.34,1776232139000
1776232140.95,240.95,0.34,0.39,0.61,0.66,0.05,0.05,73963.34,1776232139000
1776232141.316,241.316,0.37,0.39,0.61,0.66,0.02,0.05,73960.66,1776232140000
1776232141.675,241.675,0.37,0.38,0.62,0.63,0.01,0.01,73960.66,1776232140000
1776232142.013,242.013,0.37,0.38,0.62,0.64,0.01,0.02,73960.66,1776232140000
1776232142.52,242.52,0.35,0.36,0.64,0.66,0.01,0.02,73949.73,1776232141000
1776232142.877,242.877,0.35,0.36,0.64,0.65,0.01,0.01,73949.73,1776232141000
1776232143.242,243.242,0.34,0.35,0.65,0.66,0.01,0.01,73949.73,1776232141000
1776232143.591,243.591,0.34,0.35,0.65,0.66,0.01,0.01,73948.3,1776232142000
1776232143.93,243.93,0.35,0.36,0.64,0.65,0.01,0.01,73948.3,1776232142000
1776232144.276,244.276,0.34,0.36,0.64,0.66,0.02,0.02,73948.3,1776232143000
1776232144.62,244.62,0.34,0.35,0.65,0.67,0.01,0.02,73948.3,1776232143000
1776232145.051,245.051,0.31,0.32,0.68,0.69,0.01,0.01,73948.3,1776232143000
1776232145.399,245.399,0.31,0.32,0.68,0.71,0.01,0.03,73948.95,1776232144000
1776232145.754,245.754,0.3,0.32,0.68,0.71,0.02,0.03,73948.95,1776232144000
1776232146.255,246.255,0.3,0.31,0.69,0.7,0.01,0.01,73954.12,1776232145000
1776232146.676,246.676,0.29,0.3,0.69,0.71,0.01,0.02,73954.12,1776232145000
1776232147.098,247.098,0.29,0.3,0.7,0.71,0.01,0.01,73955.08,1776232146000
1776232147.759,247.759,0.28,0.29,0.7,0.72,0.01,0.02,73955.08,1776232146000
1776232148.108,248.108,0.28,0.29,0.71,0.72,0.01,0.01,73955.08,1776232146000
1776232148.52,248.52,0.28,0.29,0.71,0.72,0.01,0.01,73955.08,1776232146000
1776232149.086,249.086,0.26,0.28,0.72,0.74,0.02,0.02,73955.1,1776232148000
1776232149.464,249.464,0.23,0.25,0.73,0.77,0.02,0.04,73955.1,1776232148000
1776232149.849,249.849,0.21,0.23,0.77,0.78,0.02,0.01,73955.1,1776232148000
1776232150.198,250.198,0.21,0.22,0.78,0.79,0.01,0.01,73955.1,1776232148000
1776232150.644,250.644,0.19,0.2,0.8,0.81,0.01,0.01,73955.07,1776232149000
1776232151.012,251.012,0.18,0.19,0.81,0.83,0.01,0.02,73955.07,1776232149000
1776232151.396,251.396,0.17,0.18,0.82,0.83,0.01,0.01,73955.04,1776232150000
1776232151.843,251.843,0.16,0.17,0.83,0.84,0.01,0.01,73955.04,1776232150000
1776232152.212,252.212,0.15,0.16,0.84,0.85,0.01,0.01,73955.04,1776232150000
1776232152.548,252.548,0.14,0.15,0.85,0.86,0.01,0.01,73950.32,1776232151000
1776232152.915,252.915,0.13,0.14,0.85,0.87,0.01,0.02,73950.32,1776232151000
1776232153.258,253.258,0.12,0.13,0.87,0.88,0.01,0.01,73950.32,1776232151000
1776232153.626,253.626,0.11,0.12,0.88,0.89,0.01,0.01,73949.41,1776232152000
1776232153.968,253.968,0.1,0.11,0.89,0.9,0.01,0.01,73949.41,1776232153000
1776232154.352,254.352,0.09,0.1,0.9,0.91,0.01,0.01,73949.41,1776232153000
1776232154.749,254.749,0.09,0.1,0.9,0.91,0.01,0.01,73949.41,1776232153000
1776232155.101,255.101,0.09,0.1,0.9,0.91,0.01,0.01,73949.41,1776232153000
1776232155.466,255.466,0.09,0.1,0.9,0.91,0.01,0.01,73945.67,1776232154000
1776232155.852,255.852,0.08,0.09,0.91,0.92,0.01,0.01,73945.67,1776232154000
1776232156.287,256.287,0.07,0.08,0.92,0.93,0.01,0.01,73945.67,1776232154000
1776232156.723,256.723,0.08,0.09,0.91,0.92,0.01,0.01,73944.96,1776232155000
1776232157.199,257.199,0.07,0.08,0.92,0.93,0.01,0.01,73944.96,1776232155000
1776232157.583,257.583,0.07,0.09,0.91,0.93,0.02,0.02,73945.32,1776232156000
1776232157.954,257.954,0.08,0.09,0.91,0.92,0.01,0.01,73945.32,1776232156000
1776232158.345,258.345,0.08,0.09,0.91,0.92,0.01,0.01,73945.32,1776232157000
1776232158.782,258.782,0.08,0.09,0.91,0.92,0.01,0.01,73945.32,1776232157000
1776232159.181,259.181,0.08,0.09,0.91,0.92,0.01,0.01,73945.32,1776232157000
1776232159.561,259.561,0.08,0.09,0.91,0.92,0.01,0.01,73945.72,1776232158000
1776232159.915,259.915,0.08,0.09,0.91,0.92,0.01,0.01,73945.72,1776232158000
1776232160.257,260.257,0.08,0.09,0.91,0.92,0.01,0.01,73945.72,1776232158000
1776232160.607,260.607,0.08,0.09,0.91,0.92,0.01,0.01,73946.11,1776232159000
1776232161.038,261.038,0.08,0.09,0.91,0.92,0.01,0.01,73946.11,1776232159000
1776232161.498,261.498,0.08,0.09,0.91,0.92,0.01,0.01,73946.11,1776232159000
1776232161.988,261.988,0.08,0.09,0.9,0.92,0.01,0.02,73946.85,1776232160000
1776232162.482,262.482,0.08,0.09,0.91,0.92,0.01,0.01,73946.85,1776232160000
1776232162.88,262.88,0.08,0.09,0.91,0.92,0.01,0.01,73947.44,1776232161000
1776232163.387,263.387,0.08,0.09,0.89,0.92,0.01,0.03,73947.68,1776232162000
1776232164.101,264.101,0.08,0.09,0.91,0.92,0.01,0.01,73947.68,1776232162000
1776232164.45,264.45,0.08,0.09,0.91,0.92,0.01,0.01,73947.93,1776232163000
1776232164.81,264.81,0.08,0.09,0.89,0.92,0.01,0.03,73947.93,1776232163000
1776232165.171,265.171,0.08,0.14,0.91,0.92,0.06,0.01,73947.93,1776232163000
1776232165.534,265.534,0.16,0.17,0.83,0.84,0.01,0.01,73949.58,1776232164000
1776232165.873,265.873,0.16,0.17,0.83,0.84,0.01,0.01,73949.58,1776232164000
1776232166.232,266.232,0.16,0.17,0.83,0.84,0.01,0.01,73949.58,1776232165000
1776232166.626,266.626,0.15,0.16,0.84,0.85,0.01,0.01,73949.58,1776232165000
1776232167.15,267.15,0.15,0.16,0.84,0.85,0.01,0.01,73949.58,1776232165000
1776232167.526,267.526,0.14,0.15,0.85,0.86,0.01,0.01,73949.69,1776232166000
1776232167.919,267.919,0.18,0.19,0.81,0.82,0.01,0.01,73949.69,1776232166000
1776232168.317,268.317,0.19,0.2,0.8,0.81,0.01,0.01,73952.75,1776232167000
1776232168.651,268.651,0.25,0.26,0.74,0.75,0.01,0.01,73952.75,1776232167000
1776232168.991,268.991,0.25,0.26,0.74,0.75,0.01,0.01,73952.75,1776232167000
1776232169.337,269.337,0.24,0.25,0.74,0.78,0.01,0.04,73952.75,1776232167000
1776232169.724,269.724,0.24,0.25,0.75,0.76,0.01,0.01,73952.75,1776232168000
1776232170.073,270.073,0.24,0.26,0.75,0.76,0.02,0.01,73952.75,1776232168000
1776232170.448,270.448,0.27,0.28,0.72,0.73,0.01,0.01,73955.81,1776232169000
1776232170.784,270.784,0.3,0.31,0.69,0.7,0.01,0.01,73955.81,1776232169000
1776232171.131,271.131,0.29,0.3,0.7,0.71,0.01,0.01,73959.57,1776232170000
1776232171.472,271.472,0.29,0.3,0.7,0.71,0.01,0.01,73959.57,1776232170000
1776232171.822,271.822,0.24,0.25,0.75,0.76,0.01,0.01,73959.57,1776232170000
1776232172.314,272.314,0.21,0.23,0.76,0.81,0.02,0.05,73962.18,1776232171000
1776232172.677,272.677,0.19,0.2,0.79,0.81,0.01,0.02,73962.18,1776232171000
1776232173.043,273.043,0.19,0.2,0.8,0.81,0.01,0.01,73966.13,1776232172000
1776232173.435,273.435,0.18,0.19,0.81,0.82,0.01,0.01,73966.13,1776232172000
1776232173.822,273.822,0.18,0.19,0.81,0.82,0.01,0.01,73966.13,1776232172000
1776232174.242,274.242,0.18,0.19,0.81,0.82,0.01,0.01,73963.68,1776232173000
1776232174.672,274.672,0.18,0.19,0.81,0.82,0.01,0.01,73963.68,1776232173000
1776232175.018,275.018,0.18,0.19,0.81,0.82,0.01,0.01,73963.68,1776232173000
1776232175.397,275.397,0.17,0.18,0.81,0.82,0.01,0.01,73963.55,1776232174000
1776232175.743,275.743,0.16,0.17,0.82,0.84,0.01,0.02,73963.55,1776232174000
1776232176.123,276.123,0.16,0.17,0.83,0.84,0.01,0.01,73963.55,1776232174000
1776232176.519,276.519,0.16,0.17,0.83,0.84,0.01,0.01,73963.47,1776232175000
1776232176.878,276.878,0.15,0.16,0.84,0.85,0.01,0.01,73963.47,1776232175000
1776232177.212,277.212,0.15,0.16,0.84,0.85,0.01,0.01,73963.47,1776232175000
1776232177.861,277.861,0.14,0.15,0.84,0.85,0.01,0.01,73963.43,1776232176000
1776232178.257,278.257,0.14,0.15,0.85,0.86,0.01,0.01,73963.39,1776232177000
1776232178.61,278.61,0.13,0.14,0.85,0.86,0.01,0.01,73963.39,1776232177000
1776232179.218,279.218,0.12,0.13,0.86,0.88,0.01,0.02,73963.39,1776232177000
1776232179.57,279.57,0.12,0.13,0.87,0.88,0.01,0.01,73963.1,1776232178000
1776232180.054,280.054,0.12,0.13,0.87,0.88,0.01,0.01,73963.1,1776232178000
1776232180.47,280.47,0.11,0.12,0.88,0.89,0.01,0.01,73963.1,1776232178000
1776232180.86,280.86,0.11,0.12,0.88,0.89,0.01,0.01,73963.1,1776232179000
1776232181.235,281.235,0.1,0.12,0.88,0.9,0.02,0.02,73963.3,1776232180000
1776232181.622,281.622,0.09,0.1,0.89,0.91,0.01,0.02,73963.3,1776232180000
1776232181.97,281.97,0.07,0.08,0.92,0.93,0.01,0.01,73963.3,1776232180000
1776232182.323,282.323,0.07,0.08,0.92,0.93,0.01,0.01,73963.3,1776232180000
1776232182.693,282.693,0.06,0.07,0.93,0.94,0.01,0.01,73961.4,1776232181000
1776232183.088,283.088,0.06,0.07,0.93,0.94,0.01,0.01,73961.4,1776232181000
1776232183.527,283.527,0.06,0.07,0.93,0.94,0.01,0.01,73961.23,1776232182000
1776232183.914,283.914,0.06,0.07,0.93,0.94,0.01,0.01,73961.23,1776232182000
1776232184.49,284.49,0.06,0.07,0.93,0.95,0.01,0.02,73961.23,1776232182000
1776232184.831,284.831,0.06,0.07,0.93,0.94,0.01,0.01,73958.07,1776232183000
1776232185.191,285.191,0.06,0.07,0.93,0.94,0.01,0.01,73958.07,1776232183000
1776232185.54,285.54,0.05,0.07,0.93,0.94,0.02,0.01,73958.07,1776232184000
1776232185.965,285.965,0.05,0.06,0.94,0.95,0.01,0.01,73958.07,1776232184000
1776232186.388,286.388,0.05,0.06,0.94,0.95,0.01,0.01,73958.07,1776232184000
1776232186.768,286.768,0.05,0.06,0.94,0.95,0.01,0.01,73958.07,1776232185000
1776232187.143,287.143,0.05,0.06,0.94,0.95,0.01,0.01,73956.86,1776232186000
1776232187.528,287.528,0.05,0.06,0.94,0.95,0.01,0.01,73956.86,1776232186000
1776232187.864,287.864,0.05,0.06,0.94,0.95,0.01,0.01,73956.86,1776232186000
1776232188.273,288.273,0.05,0.06,0.94,0.95,0.01,0.01,73956.86,1776232186000
1776232188.618,288.618,0.05,0.06,0.94,0.95,0.01,0.01,73957.96,1776232187000
1776232189.045,289.045,0.05,0.06,0.94,0.95,0.01,0.01,73957.1,1776232188000
1776232189.437,289.437,0.05,0.06,0.94,0.95,0.01,0.01,73957.1,1776232188000
1776232189.87,289.87,0.05,0.06,0.94,0.95,0.01,0.01,73957.1,1776232188000
1776232190.352,290.352,0.04,0.06,0.94,0.96,0.02,0.02,73955.37,1776232189000
1776232190.689,290.689,0.04,0.05,0.95,0.96,0.01,0.01,73955.37,1776232189000
1776232191.099,291.099,0.05,0.06,0.94,0.95,0.01,0.01,73955.37,1776232189000
1776232191.556,291.556,0.05,0.06,0.94,0.95,0.01,0.01,73955.22,1776232190000
1776232191.933,291.933,0.05,0.06,0.94,0.95,0.01,0.01,73955.22,1776232190000
1776232192.274,292.274,0.05,0.06,0.94,0.95,0.01,0.01,73955.22,1776232190000
1776232192.668,292.668,0.04,0.06,0.94,0.95,0.02,0.01,73955.22,1776232190000
1776232193.027,293.027,0.04,0.05,0.95,0.96,0.01,0.01,73954.11,1776232191000
1776232193.415,293.415,0.04,0.05,0.95,0.96,0.01,0.01,73953.58,1776232192000
1776232193.759,293.759,0.04,0.05,0.95,0.96,0.01,0.01,73953.58,1776232192000
1776232194.152,294.152,0.13,0.14,0.94,0.95,0.01,0.01,73953.58,1776232192000
1776232194.489,294.489,0.13,0.14,0.86,0.87,0.01,0.01,73955.37,1776232193000
1776232194.874,294.874,0.05,0.14,0.86,0.87,0.09,0.01,73955.37,1776232193000
1776232195.217,295.217,0.09,0.1,0.9,0.91,0.01,0.01,73955.37,1776232193000
1776232195.601,295.601,0.04,0.1,0.9,0.91,0.06,0.01,73955.37,1776232193000
1776232196.169,296.169,0.05,0.06,0.94,0.95,0.01,0.01,73961.33,1776232195000
1776232196.52,296.52,0.04,0.05,0.95,0.96,0.01,0.01,73961.33,1776232195000
1776232196.958,296.958,0.03,0.04,0.96,0.97,0.01,0.01,73961.33,1776232195000
1776232197.352,297.352,0.03,0.04,0.96,0.97,0.01,0.01,73964.75,1776232196000
1776232197.754,297.754,0.02,0.03,0.97,0.98,0.01,0.01,73964.75,1776232196000
1776232198.093,298.093,0.02,0.03,0.97,0.98,0.01,0.01,73964.75,1776232196000
1776232198.434,298.434,0.01,0.05,0.98,0.99,0.04,0.01,73964.75,1776232196000
1776232199.103,299.103,0.01,0.01,0.99,0.99,0.0,0.0,73966.28,1776232197000
1776232199.504,299.504,0.01,0.01,0.99,0.99,0.0,0.0,73966.14,1776232198000
1776232199.839,299.839,0.01,0.01,0.99,0.99,0.0,0.0,73960.16,1776232199000
1776232200.33,300.33,0.01,0.01,0.99,0.99,0.0,0.0,73960.16,1776232199000
1776232200.694,300.694,0.01,0.01,0.99,0.99,0.0,0.0,73960.16,1776232199000
1776232201.151,301.151,0.01,0.01,0.99,0.99,0.0,0.0,73955.69,1776232200000
1776232202.165,302.165,0.01,0.01,0.99,0.99,0.0,0.0,73955.12,1776232201000

# RESULT,winner=Down,slug=btc-updown-5m-1776231900,ticks=684
