timestamp,elapsed_sec,up_bid,up_ask,down_bid,down_ask,up_spread,down_spread,btc_price,btc_oracle_ts
1776269100.541,0.541,0.48,0.49,0.49,0.52,0.01,0.03,73965.9,1776269099000
1776269100.879,0.879,0.48,0.49,0.51,0.52,0.01,0.01,73965.9,1776269099000
1776269101.275,1.275,0.48,0.49,0.51,0.52,0.01,0.01,73969.44,1776269100000
1776269101.726,1.726,0.48,0.49,0.51,0.52,0.01,0.01,73969.44,1776269100000
1776269102.238,2.238,0.48,0.5,0.5,0.52,0.02,0.02,73966.65,1776269101000
1776269102.706,2.706,0.47,0.48,0.52,0.53,0.01,0.01,73966.65,1776269101000
1776269103.189,3.189,0.47,0.48,0.52,0.53,0.01,0.01,73966.65,1776269101000
1776269103.759,3.759,0.46,0.48,0.52,0.54,0.02,0.02,73966.41,1776269102000
1776269104.217,4.217,0.46,0.48,0.52,0.54,0.02,0.02,73966.41,1776269102000
1776269104.553,4.553,0.46,0.48,0.52,0.54,0.02,0.02,73965.85,1776269103000
1776269104.898,4.898,0.47,0.48,0.52,0.53,0.01,0.01,73965.85,1776269103000
1776269105.232,5.232,0.47,0.48,0.52,0.53,0.01,0.01,73963.65,1776269104000
1776269105.675,5.675,0.48,0.49,0.52,0.53,0.01,0.01,73963.65,1776269104000
1776269106.055,6.055,0.48,0.49,0.51,0.52,0.01,0.01,73963.65,1776269104000
1776269106.407,6.407,0.48,0.49,0.51,0.52,0.01,0.01,73966.36,1776269105000
1776269106.79,6.79,0.48,0.49,0.51,0.52,0.01,0.01,73966.36,1776269105000
1776269107.154,7.154,0.48,0.49,0.51,0.52,0.01,0.01,73966.36,1776269105000
1776269107.499,7.499,0.48,0.49,0.51,0.52,0.01,0.01,73970.04,1776269106000
1776269107.892,7.892,0.49,0.51,0.5,0.51,0.02,0.01,73970.04,1776269106000
1776269108.247,8.247,0.49,0.5,0.49,0.51,0.01,0.02,73970.04,1776269107000
1776269108.594,8.594,0.49,0.5,0.5,0.51,0.01,0.01,73970.04,1776269107000
1776269109.158,9.158,0.49,0.5,0.5,0.51,0.01,0.01,73970.07,1776269108000
1776269109.632,9.632,0.49,0.5,0.5,0.51,0.01,0.01,73970.07,1776269108000
1776269110.033,10.033,0.49,0.5,0.5,0.51,0.01,0.01,73969.29,1776269109000
1776269110.405,10.405,0.49,0.5,0.5,0.51,0.01,0.01,73969.29,1776269109000
1776269110.79,10.79,0.49,0.5,0.5,0.51,0.01,0.01,73969.29,1776269109000
1776269111.132,11.132,0.49,0.5,0.5,0.51,0.01,0.01,73969.99,1776269110000
1776269111.518,11.518,0.49,0.5,0.5,0.51,0.01,0.01,73969.99,1776269110000
1776269111.973,11.973,0.49,0.5,0.5,0.51,0.01,0.01,73969.99,1776269110000
1776269112.328,12.328,0.48,0.49,0.5,0.51,0.01,0.01,73969.99,1776269110000
1776269113.012,13.012,0.48,0.49,0.51,0.52,0.01,0.01,73965.78,1776269111000
1776269113.376,13.376,0.48,0.49,0.51,0.52,0.01,0.01,73965.78,1776269112000
1776269113.723,13.723,0.48,0.49,0.51,0.52,0.01,0.01,73965.78,1776269112000
1776269114.175,14.175,0.48,0.49,0.51,0.52,0.01,0.01,73965.78,1776269113000
1776269114.768,14.768,0.47,0.48,0.52,0.53,0.01,0.01,73965.78,1776269113000
1776269115.105,15.105,0.47,0.48,0.52,0.53,0.01,0.01,73965.78,1776269114000
1776269115.518,15.518,0.46,0.47,0.53,0.54,0.01,0.01,73965.78,1776269114000
1776269115.926,15.926,0.46,0.47,0.53,0.54,0.01,0.01,73965.78,1776269114000
1776269116.329,16.329,0.46,0.47,0.53,0.54,0.01,0.01,73965.78,1776269114000
1776269116.722,16.722,0.46,0.47,0.53,0.54,0.01,0.01,73965.78,1776269114000
1776269117.074,17.074,0.43,0.46,0.54,0.55,0.03,0.01,73960.65,1776269115000
1776269117.416,17.416,0.41,0.42,0.58,0.59,0.01,0.01,73960.65,1776269115000
1776269117.785,17.785,0.41,0.42,0.58,0.59,0.01,0.01,73958.14,1776269116000
1776269118.143,18.143,0.38,0.42,0.58,0.62,0.04,0.04,73958.14,1776269116000
1776269118.5,18.5,0.4,0.41,0.59,0.6,0.01,0.01,73957.56,1776269117000
1776269118.904,18.904,0.38,0.4,0.59,0.61,0.02,0.02,73957.56,1776269117000
1776269119.397,19.397,0.38,0.39,0.61,0.62,0.01,0.01,73957.56,1776269117000
1776269119.739,19.739,0.37,0.39,0.61,0.63,0.02,0.02,73943.27,1776269118000
1776269120.08,20.08,0.37,0.38,0.62,0.63,0.01,0.01,73943.12,1776269119000
1776269120.441,20.441,0.36,0.37,0.63,0.64,0.01,0.01,73943.12,1776269119000
1776269120.81,20.81,0.35,0.36,0.64,0.65,0.01,0.01,73943.12,1776269119000
1776269121.155,21.155,0.34,0.36,0.64,0.66,0.02,0.02,73932.53,1776269120000
1776269121.563,21.563,0.34,0.35,0.65,0.67,0.01,0.02,73932.53,1776269120000
1776269121.899,21.899,0.33,0.34,0.66,0.67,0.01,0.01,73932.53,1776269120000
1776269122.259,22.259,0.33,0.34,0.66,0.67,0.01,0.01,73932.53,1776269120000
1776269122.717,22.717,0.33,0.34,0.66,0.67,0.01,0.01,73929.84,1776269121000
1776269123.083,23.083,0.33,0.34,0.66,0.67,0.01,0.01,73929.49,1776269122000
1776269123.424,23.424,0.33,0.34,0.66,0.67,0.01,0.01,73929.49,1776269122000
1776269123.765,23.765,0.33,0.34,0.66,0.67,0.01,0.01,73929.49,1776269122000
1776269124.138,24.138,0.32,0.33,0.67,0.68,0.01,0.01,73928.77,1776269123000
1776269124.493,24.493,0.32,0.33,0.67,0.68,0.01,0.01,73928.77,1776269123000
1776269124.986,24.986,0.32,0.33,0.67,0.68,0.01,0.01,73928.77,1776269123000
1776269125.351,25.351,0.31,0.33,0.67,0.68,0.02,0.01,73928.77,1776269123000
1776269125.853,25.853,0.31,0.32,0.68,0.69,0.01,0.01,73927.16,1776269124000
1776269126.23,26.23,0.31,0.32,0.68,0.69,0.01,0.01,73928.39,1776269125000
1776269126.636,26.636,0.31,0.32,0.68,0.69,0.01,0.01,73928.39,1776269125000
1776269126.986,26.986,0.31,0.32,0.68,0.69,0.01,0.01,73928.39,1776269125000
1776269127.329,27.329,0.31,0.32,0.68,0.69,0.01,0.01,73927.13,1776269126000
1776269127.691,27.691,0.31,0.32,0.68,0.69,0.01,0.01,73927.13,1776269126000
1776269128.072,28.072,0.31,0.32,0.68,0.69,0.01,0.01,73927.69,1776269127000
1776269128.413,28.413,0.31,0.32,0.68,0.69,0.01,0.01,73927.69,1776269127000
1776269128.775,28.775,0.31,0.32,0.68,0.69,0.01,0.01,73927.69,1776269127000
1776269129.125,29.125,0.31,0.32,0.68,0.69,0.01,0.01,73927.69,1776269127000
1776269129.543,29.543,0.31,0.32,0.68,0.69,0.01,0.01,73926.96,1776269128000
1776269129.891,29.891,0.31,0.32,0.68,0.69,0.01,0.01,73926.96,1776269128000
1776269130.23,30.23,0.31,0.32,0.68,0.69,0.01,0.01,73927.66,1776269129000
1776269130.568,30.568,0.3,0.31,0.69,0.7,0.01,0.01,73927.66,1776269129000
1776269130.934,30.934,0.3,0.31,0.69,0.7,0.01,0.01,73927.66,1776269129000
1776269131.315,31.315,0.29,0.3,0.7,0.71,0.01,0.01,73927.66,1776269129000
1776269131.743,31.743,0.29,0.3,0.7,0.71,0.01,0.01,73926.11,1776269130000
1776269132.162,32.162,0.29,0.3,0.7,0.71,0.01,0.01,73926.11,1776269130000
1776269132.503,32.503,0.29,0.3,0.7,0.71,0.01,0.01,73925.88,1776269131000
1776269132.88,32.88,0.28,0.29,0.71,0.72,0.01,0.01,73925.59,1776269132000
1776269133.237,33.237,0.28,0.29,0.71,0.72,0.01,0.01,73925.59,1776269132000
1776269133.646,33.646,0.28,0.29,0.71,0.72,0.01,0.01,73925.59,1776269132000
1776269133.987,33.987,0.28,0.29,0.71,0.72,0.01,0.01,73925.6,1776269133000
1776269134.551,34.551,0.28,0.29,0.71,0.72,0.01,0.01,73925.6,1776269133000
1776269134.92,34.92,0.29,0.3,0.7,0.71,0.01,0.01,73925.6,1776269133000
1776269135.35,35.35,0.29,0.3,0.7,0.71,0.01,0.01,73925.24,1776269134000
1776269135.776,35.776,0.29,0.3,0.7,0.71,0.01,0.01,73925.24,1776269134000
1776269136.145,36.145,0.29,0.3,0.7,0.71,0.01,0.01,73924.7,1776269135000
1776269136.688,36.688,0.29,0.32,0.7,0.71,0.03,0.01,73924.7,1776269135000
1776269137.354,37.354,0.31,0.32,0.68,0.69,0.01,0.01,73926.56,1776269136000
1776269137.688,37.688,0.31,0.32,0.68,0.69,0.01,0.01,73926.56,1776269136000
1776269138.129,38.129,0.31,0.32,0.68,0.69,0.01,0.01,73927.48,1776269137000
1776269138.549,38.549,0.31,0.32,0.68,0.69,0.01,0.01,73927.48,1776269137000
1776269139.02,39.02,0.31,0.32,0.68,0.69,0.01,0.01,73927.48,1776269137000
1776269139.625,39.625,0.31,0.32,0.68,0.69,0.01,0.01,73927.73,1776269138000
1776269140.033,40.033,0.31,0.32,0.68,0.69,0.01,0.01,73927.73,1776269138000
1776269140.39,40.39,0.31,0.32,0.68,0.69,0.01,0.01,73928.5,1776269139000
1776269140.812,40.812,0.31,0.32,0.68,0.69,0.01,0.01,73928.5,1776269139000
1776269141.228,41.228,0.32,0.33,0.67,0.68,0.01,0.01,73928.5,1776269139000
1776269141.947,41.947,0.32,0.33,0.67,0.68,0.01,0.01,73928.51,1776269140000
1776269142.502,42.502,0.32,0.33,0.67,0.68,0.01,0.01,73929.35,1776269141000
1776269142.845,42.845,0.35,0.36,0.65,0.68,0.01,0.03,73929.35,1776269141000
1776269143.188,43.188,0.36,0.37,0.64,0.66,0.01,0.02,73929.35,1776269141000
1776269143.522,43.522,0.36,0.38,0.63,0.64,0.02,0.01,73932.16,1776269142000
1776269143.944,43.944,0.37,0.38,0.62,0.63,0.01,0.01,73932.16,1776269142000
1776269144.291,44.291,0.37,0.38,0.62,0.63,0.01,0.01,73941.25,1776269143000
1776269144.837,44.837,0.38,0.39,0.61,0.63,0.01,0.02,73941.25,1776269143000
1776269145.306,45.306,0.38,0.39,0.61,0.62,0.01,0.01,73944.31,1776269144000
1776269145.774,45.774,0.39,0.4,0.6,0.61,0.01,0.01,73944.31,1776269144000
1776269146.755,46.755,0.4,0.41,0.6,0.61,0.01,0.01,73944.31,1776269144000
1776269147.31,47.31,0.41,0.42,0.58,0.6,0.01,0.02,73953.61,1776269145000
1776269147.864,47.864,0.41,0.43,0.58,0.59,0.02,0.01,73953.67,1776269146000
1776269148.444,48.444,0.42,0.43,0.57,0.58,0.01,0.01,73953.7,1776269147000
1776269149.384,49.384,0.42,0.43,0.57,0.58,0.01,0.01,73953.7,1776269147000
1776269150.127,50.127,0.42,0.43,0.57,0.58,0.01,0.01,73956.68,1776269149000
1776269150.975,50.975,0.42,0.43,0.57,0.58,0.01,0.01,73956.68,1776269149000
1776269151.326,51.326,0.42,0.43,0.57,0.58,0.01,0.01,73957.46,1776269150000
1776269151.7,51.7,0.42,0.43,0.57,0.58,0.01,0.01,73957.46,1776269150000
1776269152.071,52.071,0.42,0.44,0.56,0.58,0.02,0.02,73957.46,1776269150000
1776269152.426,52.426,0.42,0.45,0.55,0.58,0.03,0.03,73957.46,1776269150000
1776269152.819,52.819,0.43,0.44,0.53,0.57,0.01,0.04,73962.93,1776269151000
1776269153.178,53.178,0.44,0.46,0.54,0.56,0.02,0.02,73964.26,1776269152000
1776269153.568,53.568,0.45,0.47,0.53,0.56,0.02,0.03,73964.26,1776269152000
1776269153.955,53.955,0.46,0.47,0.53,0.54,0.01,0.01,73964.26,1776269152000
1776269154.394,54.394,0.46,0.47,0.53,0.54,0.01,0.01,73964.29,1776269153000
1776269154.872,54.872,0.47,0.48,0.52,0.53,0.01,0.01,73964.29,1776269153000
1776269155.226,55.226,0.47,0.48,0.52,0.53,0.01,0.01,73964.29,1776269153000
1776269155.704,55.704,0.47,0.48,0.52,0.53,0.01,0.01,73964.29,1776269154000
1776269156.679,56.679,0.47,0.48,0.52,0.53,0.01,0.01,73964.29,1776269155000
1776269157.081,57.081,0.47,0.48,0.52,0.53,0.01,0.01,73966.56,1776269156000
1776269157.506,57.506,0.47,0.48,0.52,0.53,0.01,0.01,73966.56,1776269156000
1776269157.855,57.855,0.47,0.48,0.52,0.53,0.01,0.01,73966.56,1776269156000
1776269158.207,58.207,0.48,0.49,0.51,0.52,0.01,0.01,73966.56,1776269156000
1776269158.581,58.581,0.48,0.49,0.51,0.52,0.01,0.01,73966.53,1776269157000
1776269158.967,58.967,0.48,0.49,0.51,0.52,0.01,0.01,73966.53,1776269157000
1776269159.357,59.357,0.48,0.5,0.5,0.52,0.02,0.02,73969.05,1776269158000
1776269159.742,59.742,0.49,0.5,0.5,0.51,0.01,0.01,73969.05,1776269158000
1776269160.298,60.298,0.49,0.5,0.5,0.51,0.01,0.01,73969.05,1776269158000
1776269160.689,60.689,0.49,0.5,0.5,0.51,0.01,0.01,73969.05,1776269158000
1776269161.041,61.041,0.49,0.5,0.5,0.51,0.01,0.01,73970.01,1776269159000
1776269161.41,61.41,0.49,0.5,0.5,0.51,0.01,0.01,73970.01,1776269159000
1776269161.75,61.75,0.5,0.52,0.48,0.5,0.02,0.02,73970.01,1776269160000
1776269162.101,62.101,0.51,0.52,0.48,0.49,0.01,0.01,73970.09,1776269161000
1776269162.654,62.654,0.51,0.52,0.48,0.49,0.01,0.01,73970.09,1776269161000
1776269163.001,63.001,0.51,0.52,0.48,0.49,0.01,0.01,73970.09,1776269161000
1776269163.561,63.561,0.51,0.52,0.48,0.49,0.01,0.01,73970.47,1776269162000
1776269163.982,63.982,0.51,0.52,0.48,0.49,0.01,0.01,73970.47,1776269162000
1776269164.405,64.405,0.5,0.52,0.48,0.49,0.02,0.01,73973.96,1776269163000
1776269164.747,64.747,0.51,0.52,0.48,0.5,0.01,0.02,73973.96,1776269163000
1776269165.081,65.081,0.51,0.52,0.48,0.49,0.01,0.01,73968.67,1776269164000
1776269165.593,65.593,0.51,0.52,0.46,0.49,0.01,0.03,73968.67,1776269164000
1776269165.94,65.94,0.52,0.54,0.46,0.48,0.02,0.02,73968.67,1776269164000
1776269166.295,66.295,0.54,0.55,0.45,0.46,0.01,0.01,73972.15,1776269165000
1776269166.648,66.648,0.55,0.57,0.43,0.45,0.02,0.02,73972.15,1776269165000
1776269167.025,67.025,0.55,0.56,0.44,0.45,0.01,0.01,73972.15,1776269165000
1776269167.388,67.388,0.56,0.57,0.43,0.44,0.01,0.01,73980.93,1776269166000
1776269167.725,67.725,0.56,0.57,0.43,0.44,0.01,0.01,73980.93,1776269166000
1776269168.063,68.063,0.59,0.6,0.4,0.41,0.01,0.01,73985.05,1776269167000
1776269168.463,68.463,0.59,0.6,0.4,0.41,0.01,0.01,73985.05,1776269167000
1776269168.818,68.818,0.59,0.6,0.4,0.41,0.01,0.01,73985.05,1776269167000
1776269169.156,69.156,0.59,0.6,0.4,0.41,0.01,0.01,73985.05,1776269167000
1776269169.563,69.563,0.59,0.6,0.4,0.41,0.01,0.01,73985.08,1776269168000
1776269170.085,70.085,0.59,0.6,0.4,0.41,0.01,0.01,73985.08,1776269168000
1776269170.493,70.493,0.58,0.59,0.41,0.42,0.01,0.01,73989.82,1776269169000
1776269170.889,70.889,0.58,0.59,0.41,0.42,0.01,0.01,73989.82,1776269169000
1776269171.271,71.271,0.57,0.58,0.41,0.43,0.01,0.02,73989.5,1776269170000
1776269171.73,71.73,0.57,0.58,0.42,0.43,0.01,0.01,73989.5,1776269170000
1776269172.169,72.169,0.57,0.58,0.42,0.43,0.01,0.01,73989.5,1776269170000
1776269172.521,72.521,0.57,0.58,0.42,0.43,0.01,0.01,73986.07,1776269171000
1776269172.987,72.987,0.57,0.58,0.42,0.43,0.01,0.01,73986.07,1776269171000
1776269173.368,73.368,0.56,0.57,0.43,0.44,0.01,0.01,73983.86,1776269172000
1776269173.705,73.705,0.55,0.56,0.44,0.45,0.01,0.01,73983.86,1776269172000
1776269174.114,74.114,0.54,0.55,0.45,0.46,0.01,0.01,73983.86,1776269172000
1776269174.484,74.484,0.53,0.54,0.46,0.47,0.01,0.01,73984.16,1776269173000
1776269174.931,74.931,0.52,0.53,0.47,0.48,0.01,0.01,73984.16,1776269173000
1776269175.265,75.265,0.52,0.53,0.47,0.48,0.01,0.01,73984.16,1776269173000
1776269175.855,75.855,0.51,0.52,0.48,0.49,0.01,0.01,73974.84,1776269174000
1776269176.188,76.188,0.51,0.52,0.48,0.49,0.01,0.01,73974.84,1776269174000
1776269176.525,76.525,0.5,0.52,0.48,0.5,0.02,0.02,73974.86,1776269175000
1776269176.876,76.876,0.5,0.51,0.49,0.5,0.01,0.01,73974.86,1776269175000
1776269177.354,77.354,0.5,0.51,0.49,0.5,0.01,0.01,73974.86,1776269175000
1776269177.787,77.787,0.49,0.5,0.5,0.51,0.01,0.01,73974.37,1776269176000
1776269178.485,78.485,0.49,0.5,0.5,0.51,0.01,0.01,73971.49,1776269177000
1776269178.868,78.868,0.49,0.5,0.5,0.51,0.01,0.01,73971.49,1776269177000
1776269179.491,79.491,0.49,0.5,0.5,0.51,0.01,0.01,73970.42,1776269178000
1776269179.915,79.915,0.49,0.5,0.5,0.51,0.01,0.01,73970.42,1776269178000
1776269180.423,80.423,0.49,0.5,0.5,0.51,0.01,0.01,73968.67,1776269179000
1776269181.012,81.012,0.49,0.5,0.5,0.51,0.01,0.01,73968.67,1776269179000
1776269181.397,81.397,0.49,0.5,0.5,0.51,0.01,0.01,73968.89,1776269180000
1776269182.066,82.066,0.49,0.5,0.5,0.51,0.01,0.01,73968.89,1776269180000
1776269182.542,82.542,0.49,0.5,0.5,0.51,0.01,0.01,73970.36,1776269181000
1776269182.909,82.909,0.49,0.5,0.5,0.51,0.01,0.01,73970.36,1776269181000
1776269183.29,83.29,0.48,0.5,0.5,0.51,0.02,0.01,73970.36,1776269181000
1776269183.632,83.632,0.48,0.49,0.51,0.52,0.01,0.01,73970.57,1776269182000
1776269184.001,84.001,0.48,0.49,0.51,0.52,0.01,0.01,73970.08,1776269183000
1776269184.463,84.463,0.48,0.49,0.51,0.52,0.01,0.01,73970.08,1776269183000
1776269184.826,84.826,0.48,0.49,0.51,0.52,0.01,0.01,73970.08,1776269183000
1776269185.293,85.293,0.48,0.49,0.51,0.52,0.01,0.01,73970.08,1776269184000
1776269186.08,86.08,0.48,0.49,0.51,0.52,0.01,0.01,73970.08,1776269184000
1776269186.505,86.505,0.48,0.49,0.51,0.52,0.01,0.01,73970.41,1776269185000
1776269186.967,86.967,0.48,0.49,0.51,0.52,0.01,0.01,73970.41,1776269185000
1776269187.346,87.346,0.48,0.49,0.51,0.52,0.01,0.01,73970.49,1776269186000
1776269188.066,88.066,0.48,0.49,0.51,0.52,0.01,0.01,73970.49,1776269186000
1776269188.405,88.405,0.45,0.46,0.54,0.55,0.01,0.01,73973.53,1776269187000
1776269188.744,88.744,0.45,0.46,0.54,0.55,0.01,0.01,73973.53,1776269187000
1776269189.122,89.122,0.46,0.47,0.53,0.54,0.01,0.01,73973.53,1776269187000
1776269189.474,89.474,0.46,0.47,0.53,0.54,0.01,0.01,73971.81,1776269188000
1776269189.851,89.851,0.46,0.47,0.53,0.54,0.01,0.01,73971.81,1776269188000
1776269190.185,90.185,0.46,0.47,0.53,0.54,0.01,0.01,73961.83,1776269189000
1776269190.534,90.534,0.46,0.47,0.53,0.54,0.01,0.01,73961.83,1776269189000
1776269190.875,90.875,0.46,0.47,0.53,0.54,0.01,0.01,73961.83,1776269189000
1776269191.209,91.209,0.46,0.47,0.53,0.54,0.01,0.01,73961.83,1776269189000
1776269191.738,91.738,0.46,0.47,0.53,0.54,0.01,0.01,73967.38,1776269190000
1776269192.095,92.095,0.46,0.47,0.53,0.54,0.01,0.01,73967.38,1776269190000
1776269192.492,92.492,0.46,0.47,0.53,0.54,0.01,0.01,73966.03,1776269191000
1776269193.038,93.038,0.46,0.47,0.53,0.54,0.01,0.01,73966.03,1776269191000
1776269193.407,93.407,0.46,0.47,0.53,0.54,0.01,0.01,73966.03,1776269191000
1776269193.837,93.837,0.46,0.48,0.52,0.54,0.02,0.02,73965.94,1776269192000
1776269194.258,94.258,0.47,0.48,0.52,0.53,0.01,0.01,73965.94,1776269192000
1776269194.61,94.61,0.47,0.48,0.52,0.53,0.01,0.01,73968.36,1776269193000
1776269195.19,95.19,0.47,0.48,0.52,0.53,0.01,0.01,73968.36,1776269193000
1776269195.559,95.559,0.47,0.48,0.52,0.53,0.01,0.01,73966.65,1776269194000
1776269196.021,96.021,0.47,0.48,0.52,0.53,0.01,0.01,73966.65,1776269194000
1776269196.404,96.404,0.5,0.53,0.48,0.5,0.03,0.02,73966.65,1776269194000
1776269196.806,96.806,0.52,0.53,0.47,0.49,0.01,0.02,73966.91,1776269195000
1776269197.154,97.154,0.52,0.53,0.47,0.48,0.01,0.01,73966.91,1776269195000
1776269197.518,97.518,0.52,0.55,0.45,0.48,0.03,0.03,73966.91,1776269196000
1776269197.857,97.857,0.54,0.56,0.45,0.46,0.02,0.01,73966.91,1776269196000
1776269198.222,98.222,0.55,0.56,0.44,0.45,0.01,0.01,73972.04,1776269197000
1776269198.602,98.602,0.55,0.56,0.44,0.45,0.01,0.01,73972.04,1776269197000
1776269199.021,99.021,0.55,0.56,0.44,0.45,0.01,0.01,73972.04,1776269197000
1776269199.401,99.401,0.55,0.56,0.44,0.45,0.01,0.01,73972.04,1776269197000
1776269199.778,99.778,0.55,0.56,0.44,0.45,0.01,0.01,73972.04,1776269197000
1776269200.184,100.184,0.55,0.56,0.44,0.45,0.01,0.01,73977.62,1776269198000
1776269200.635,100.635,0.55,0.56,0.44,0.45,0.01,0.01,73980.34,1776269199000
1776269201.016,101.016,0.55,0.57,0.44,0.45,0.02,0.01,73980.34,1776269199000
1776269201.433,101.433,0.56,0.57,0.43,0.44,0.01,0.01,73980.34,1776269199000
1776269201.791,101.791,0.56,0.57,0.43,0.44,0.01,0.01,73980.34,1776269200000
1776269202.188,102.188,0.56,0.57,0.43,0.44,0.01,0.01,73980.34,1776269200000
1776269202.605,102.605,0.56,0.57,0.43,0.44,0.01,0.01,73980.42,1776269201000
1776269202.978,102.978,0.56,0.57,0.43,0.44,0.01,0.01,73980.42,1776269201000
1776269203.613,103.613,0.56,0.57,0.43,0.44,0.01,0.01,73980.42,1776269202000
1776269203.963,103.963,0.56,0.57,0.43,0.44,0.01,0.01,73980.42,1776269202000
1776269204.381,104.381,0.56,0.57,0.43,0.44,0.01,0.01,73980.42,1776269202000
1776269204.719,104.719,0.56,0.57,0.43,0.44,0.01,0.01,73980.4,1776269203000
1776269205.15,105.15,0.56,0.57,0.43,0.44,0.01,0.01,73980.4,1776269203000
1776269205.516,105.516,0.56,0.57,0.43,0.44,0.01,0.01,73980.41,1776269204000
1776269205.924,105.924,0.56,0.57,0.43,0.44,0.01,0.01,73980.41,1776269204000
1776269206.315,106.315,0.56,0.57,0.43,0.44,0.01,0.01,73980.41,1776269204000
1776269206.688,106.688,0.56,0.57,0.43,0.44,0.01,0.01,73980.63,1776269205000
1776269207.175,107.175,0.56,0.57,0.43,0.44,0.01,0.01,73980.63,1776269206000
1776269207.759,107.759,0.55,0.56,0.43,0.45,0.01,0.02,73980.63,1776269206000
1776269208.956,108.956,0.55,0.56,0.44,0.45,0.01,0.01,73980.63,1776269207000
1776269209.967,109.967,0.55,0.56,0.44,0.45,0.01,0.01,73977.06,1776269208000
1776269210.679,110.679,0.55,0.56,0.44,0.45,0.01,0.01,73972.42,1776269209000
1776269211.04,111.04,0.46,0.48,0.52,0.54,0.02,0.02,73972.42,1776269209000
1776269211.506,111.506,0.44,0.46,0.54,0.56,0.02,0.02,73960.21,1776269210000
1776269211.921,111.921,0.44,0.45,0.55,0.56,0.01,0.01,73960.21,1776269210000
1776269212.26,112.26,0.44,0.45,0.55,0.56,0.01,0.01,73954.13,1776269211000
1776269212.637,112.637,0.44,0.45,0.55,0.56,0.01,0.01,73954.13,1776269211000
1776269213.067,113.067,0.44,0.45,0.55,0.58,0.01,0.03,73954.13,1776269211000
1776269213.439,113.439,0.4,0.41,0.59,0.6,0.01,0.01,73954.13,1776269211000
1776269213.821,113.821,0.38,0.41,0.59,0.61,0.03,0.02,73954.07,1776269212000
1776269214.169,114.169,0.36,0.39,0.61,0.62,0.03,0.01,73954.07,1776269212000
1776269214.599,114.599,0.37,0.39,0.61,0.63,0.02,0.02,73945.21,1776269213000
1776269214.972,114.972,0.37,0.38,0.61,0.63,0.01,0.02,73945.21,1776269213000
1776269215.388,115.388,0.35,0.37,0.63,0.65,0.02,0.02,73945.21,1776269214000
1776269215.738,115.738,0.37,0.38,0.62,0.63,0.01,0.01,73945.21,1776269214000
1776269216.089,116.089,0.33,0.37,0.65,0.67,0.04,0.02,73939.72,1776269215000
1776269216.433,116.433,0.34,0.35,0.65,0.66,0.01,0.01,73939.72,1776269215000
1776269216.845,116.845,0.34,0.35,0.65,0.66,0.01,0.01,73939.72,1776269215000
1776269217.204,117.204,0.34,0.35,0.65,0.66,0.01,0.01,73937.66,1776269216000
1776269217.59,117.59,0.34,0.35,0.65,0.66,0.01,0.01,73937.66,1776269216000
1776269217.996,117.996,0.34,0.35,0.65,0.66,0.01,0.01,73937.66,1776269216000
1776269218.347,118.347,0.34,0.35,0.65,0.66,0.01,0.01,73937.66,1776269217000
1776269218.861,118.861,0.34,0.35,0.65,0.66,0.01,0.01,73937.66,1776269217000
1776269219.195,119.195,0.33,0.34,0.65,0.66,0.01,0.01,73937.66,1776269218000
1776269220.098,120.098,0.33,0.34,0.66,0.67,0.01,0.01,73937.74,1776269219000
1776269220.471,120.471,0.33,0.34,0.66,0.67,0.01,0.01,73937.74,1776269219000
1776269220.837,120.837,0.33,0.34,0.66,0.67,0.01,0.01,73937.74,1776269219000
1776269221.249,121.249,0.33,0.34,0.66,0.67,0.01,0.01,73937.74,1776269219000
1776269221.601,121.601,0.33,0.34,0.66,0.67,0.01,0.01,73939.09,1776269220000
1776269222.366,122.366,0.33,0.34,0.66,0.67,0.01,0.01,73939.09,1776269221000
1776269222.982,122.982,0.33,0.34,0.66,0.67,0.01,0.01,73939.09,1776269222000
1776269223.425,123.425,0.33,0.34,0.66,0.67,0.01,0.01,73939.09,1776269222000
1776269223.763,123.763,0.33,0.34,0.64,0.67,0.01,0.03,73939.09,1776269222000
1776269224.144,124.144,0.34,0.35,0.65,0.66,0.01,0.01,73939.67,1776269223000
1776269224.529,124.529,0.35,0.36,0.63,0.65,0.01,0.02,73939.67,1776269223000
1776269224.901,124.901,0.35,0.36,0.64,0.65,0.01,0.01,73939.67,1776269223000
1776269225.242,125.242,0.36,0.37,0.63,0.64,0.01,0.01,73942.76,1776269224000
1776269225.59,125.59,0.36,0.37,0.63,0.64,0.01,0.01,73942.76,1776269224000
1776269225.997,125.997,0.36,0.37,0.63,0.64,0.01,0.01,73942.76,1776269224000
1776269226.436,126.436,0.36,0.37,0.63,0.64,0.01,0.01,73948.28,1776269225000
1776269226.77,126.77,0.37,0.38,0.62,0.63,0.01,0.01,73948.28,1776269225000
1776269227.433,127.433,0.37,0.38,0.62,0.63,0.01,0.01,73947.83,1776269226000
1776269227.841,127.841,0.37,0.38,0.62,0.63,0.01,0.01,73947.83,1776269226000
1776269228.206,128.206,0.38,0.39,0.61,0.62,0.01,0.01,73947.82,1776269227000
1776269229.005,129.005,0.38,0.39,0.61,0.62,0.01,0.01,73950.43,1776269228000
1776269229.357,129.357,0.38,0.39,0.61,0.62,0.01,0.01,73950.43,1776269228000
1776269230.128,130.128,0.38,0.39,0.61,0.62,0.01,0.01,73952.33,1776269229000
1776269230.502,130.502,0.38,0.39,0.61,0.62,0.01,0.01,73952.33,1776269229000
1776269230.874,130.874,0.38,0.39,0.61,0.62,0.01,0.01,73952.33,1776269229000
1776269231.234,131.234,0.38,0.39,0.61,0.62,0.01,0.01,73953.57,1776269230000
1776269231.59,131.59,0.39,0.4,0.6,0.61,0.01,0.01,73953.57,1776269230000
1776269231.929,131.929,0.4,0.41,0.6,0.61,0.01,0.01,73953.57,1776269230000
1776269232.367,132.367,0.4,0.41,0.59,0.6,0.01,0.01,73954.48,1776269231000
1776269232.743,132.743,0.4,0.41,0.59,0.6,0.01,0.01,73954.48,1776269231000
1776269233.099,133.099,0.4,0.41,0.59,0.6,0.01,0.01,73954.48,1776269231000
1776269233.514,133.514,0.4,0.41,0.59,0.6,0.01,0.01,73954.48,1776269231000
1776269233.877,133.877,0.4,0.41,0.59,0.6,0.01,0.01,73956.04,1776269232000
1776269234.228,134.228,0.4,0.41,0.59,0.6,0.01,0.01,73956.04,1776269232000
1776269234.613,134.613,0.4,0.41,0.59,0.6,0.01,0.01,73954.84,1776269233000
1776269234.955,134.955,0.4,0.41,0.59,0.6,0.01,0.01,73954.84,1776269233000
1776269235.314,135.314,0.4,0.41,0.59,0.6,0.01,0.01,73954.84,1776269233000
1776269235.678,135.678,0.4,0.41,0.59,0.6,0.01,0.01,73955.18,1776269234000
1776269236.179,136.179,0.4,0.41,0.59,0.6,0.01,0.01,73954.73,1776269235000
1776269237.056,137.056,0.34,0.38,0.62,0.66,0.04,0.04,73954.73,1776269236000
1776269237.786,137.786,0.33,0.36,0.62,0.66,0.03,0.04,73954.73,1776269236000
1776269238.137,138.137,0.33,0.36,0.64,0.67,0.03,0.03,73944.24,1776269237000
1776269238.494,138.494,0.35,0.36,0.64,0.65,0.01,0.01,73944.24,1776269237000
1776269238.912,138.912,0.34,0.36,0.64,0.65,0.02,0.01,73944.24,1776269237000
1776269239.289,139.289,0.35,0.36,0.64,0.65,0.01,0.01,73937.69,1776269238000
1776269239.633,139.633,0.35,0.36,0.64,0.65,0.01,0.01,73937.69,1776269238000
1776269240.106,140.106,0.34,0.36,0.64,0.66,0.02,0.02,73937.69,1776269238000
1776269240.464,140.464,0.35,0.36,0.64,0.65,0.01,0.01,73937.69,1776269239000
1776269240.809,140.809,0.35,0.36,0.64,0.67,0.01,0.03,73937.69,1776269239000
1776269241.156,141.156,0.35,0.36,0.64,0.65,0.01,0.01,73937.69,1776269240000
1776269241.606,141.606,0.35,0.36,0.64,0.65,0.01,0.01,73937.69,1776269240000
1776269241.965,141.965,0.35,0.36,0.64,0.65,0.01,0.01,73937.69,1776269240000
1776269242.334,142.334,0.35,0.36,0.64,0.65,0.01,0.01,73937.69,1776269241000
1776269242.67,142.67,0.35,0.36,0.64,0.65,0.01,0.01,73937.69,1776269241000
1776269243.117,143.117,0.35,0.36,0.64,0.65,0.01,0.01,73942.75,1776269242000
1776269243.481,143.481,0.35,0.36,0.64,0.65,0.01,0.01,73942.75,1776269242000
1776269244.213,144.213,0.35,0.36,0.64,0.65,0.01,0.01,73941.83,1776269243000
1776269245.322,145.322,0.35,0.36,0.64,0.65,0.01,0.01,73944.13,1776269244000
1776269245.723,145.723,0.35,0.37,0.64,0.65,0.02,0.01,73944.13,1776269244000
1776269246.211,146.211,0.38,0.39,0.61,0.62,0.01,0.01,73944.13,1776269244000
1776269246.556,146.556,0.39,0.4,0.6,0.61,0.01,0.01,73948.9,1776269245000
1776269247.355,147.355,0.39,0.4,0.6,0.61,0.01,0.01,73948.9,1776269245000
1776269247.743,147.743,0.39,0.4,0.6,0.61,0.01,0.01,73948.9,1776269245000
1776269248.195,148.195,0.39,0.4,0.6,0.61,0.01,0.01,73952.13,1776269246000
1776269248.743,148.743,0.39,0.4,0.6,0.61,0.01,0.01,73952.16,1776269247000
1776269249.2,149.2,0.41,0.42,0.58,0.6,0.01,0.02,73952.19,1776269248000
1776269250.094,150.094,0.41,0.42,0.58,0.59,0.01,0.01,73950.76,1776269249000
1776269251.191,151.191,0.41,0.42,0.58,0.59,0.01,0.01,73951.95,1776269250000
1776269251.968,151.968,0.42,0.43,0.58,0.59,0.01,0.01,73951.95,1776269250000
1776269252.354,152.354,0.42,0.43,0.57,0.58,0.01,0.01,73958.28,1776269251000
1776269252.703,152.703,0.42,0.43,0.57,0.58,0.01,0.01,73958.28,1776269251000
1776269253.072,153.072,0.42,0.44,0.56,0.58,0.02,0.02,73960.83,1776269252000
1776269253.88,153.88,0.42,0.44,0.56,0.58,0.02,0.02,73960.83,1776269252000
1776269254.613,154.613,0.43,0.44,0.56,0.57,0.01,0.01,73959.4,1776269253000
1776269254.961,154.961,0.42,0.43,0.57,0.58,0.01,0.01,73959.4,1776269253000
1776269255.324,155.324,0.42,0.43,0.57,0.58,0.01,0.01,73951.96,1776269254000
1776269255.684,155.684,0.42,0.43,0.57,0.58,0.01,0.01,73951.96,1776269254000
1776269256.035,156.035,0.42,0.43,0.57,0.58,0.01,0.01,73951.96,1776269254000
1776269256.525,156.525,0.42,0.43,0.57,0.58,0.01,0.01,73951.96,1776269255000
1776269256.861,156.861,0.42,0.43,0.57,0.58,0.01,0.01,73951.96,1776269255000
1776269257.233,157.233,0.42,0.43,0.57,0.58,0.01,0.01,73951.96,1776269255000
1776269257.743,157.743,0.42,0.43,0.57,0.58,0.01,0.01,73955.89,1776269256000
1776269258.774,158.774,0.42,0.43,0.57,0.58,0.01,0.01,73956.63,1776269257000
1776269259.114,159.114,0.42,0.43,0.57,0.58,0.01,0.01,73953.26,1776269258000
1776269259.58,159.58,0.42,0.43,0.57,0.58,0.01,0.01,73953.26,1776269258000
1776269259.919,159.919,0.42,0.43,0.57,0.58,0.01,0.01,73953.26,1776269258000
1776269260.904,160.904,0.42,0.43,0.57,0.58,0.01,0.01,73949.14,1776269259000
1776269261.266,161.266,0.42,0.43,0.57,0.58,0.01,0.01,73949.14,1776269259000
1776269261.725,161.725,0.42,0.43,0.57,0.58,0.01,0.01,73943.86,1776269260000
1776269262.071,162.071,0.41,0.43,0.57,0.59,0.02,0.02,73943.86,1776269260000
1776269262.432,162.432,0.4,0.43,0.57,0.6,0.03,0.03,73943.86,1776269260000
1776269262.775,162.775,0.34,0.36,0.64,0.68,0.02,0.04,73929.16,1776269261000
1776269263.108,163.108,0.35,0.36,0.64,0.66,0.01,0.02,73929.16,1776269261000
1776269263.442,163.442,0.32,0.33,0.67,0.68,0.01,0.01,73927.72,1776269262000
1776269263.791,163.791,0.32,0.33,0.67,0.68,0.01,0.01,73927.72,1776269262000
1776269264.127,164.127,0.32,0.33,0.67,0.68,0.01,0.01,73927.72,1776269262000
1776269264.481,164.481,0.32,0.33,0.67,0.68,0.01,0.01,73929.06,1776269263000
1776269264.927,164.927,0.31,0.32,0.68,0.69,0.01,0.01,73929.06,1776269263000
1776269265.908,165.908,0.31,0.32,0.68,0.69,0.01,0.01,73927.88,1776269264000
1776269266.44,166.44,0.31,0.32,0.68,0.69,0.01,0.01,73927.49,1776269265000
1776269266.867,166.867,0.31,0.32,0.68,0.69,0.01,0.01,73927.49,1776269265000
1776269267.23,167.23,0.31,0.32,0.68,0.69,0.01,0.01,73930.6,1776269266000
1776269267.686,167.686,0.3,0.32,0.68,0.7,0.02,0.02,73930.6,1776269266000
1776269268.216,168.216,0.31,0.32,0.68,0.7,0.01,0.02,73930.6,1776269266000
1776269268.66,168.66,0.31,0.32,0.68,0.69,0.01,0.01,73940.27,1776269267000
1776269269.079,169.079,0.31,0.32,0.68,0.69,0.01,0.01,73940.27,1776269267000
1776269269.453,169.453,0.31,0.32,0.68,0.69,0.01,0.01,73940.27,1776269267000
1776269269.844,169.844,0.31,0.32,0.67,0.69,0.01,0.02,73940.73,1776269268000
1776269270.198,170.198,0.3,0.31,0.69,0.7,0.01,0.01,73940.73,1776269268000
1776269270.534,170.534,0.3,0.32,0.68,0.7,0.02,0.02,73940.73,1776269268000
1776269270.871,170.871,0.3,0.32,0.68,0.7,0.02,0.02,73940.56,1776269269000
1776269271.209,171.209,0.31,0.32,0.68,0.69,0.01,0.01,73940.56,1776269269000
1776269271.556,171.556,0.32,0.33,0.67,0.68,0.01,0.01,73941.81,1776269270000
1776269271.929,171.929,0.32,0.34,0.66,0.68,0.02,0.02,73941.81,1776269270000
1776269272.311,172.311,0.33,0.34,0.66,0.67,0.01,0.01,73941.81,1776269270000
1776269272.673,172.673,0.33,0.34,0.66,0.67,0.01,0.01,73941.81,1776269270000
1776269273.049,173.049,0.33,0.35,0.66,0.67,0.02,0.01,73946.65,1776269271000
1776269273.532,173.532,0.33,0.35,0.65,0.67,0.02,0.02,73948.76,1776269272000
1776269274.141,174.141,0.33,0.35,0.65,0.67,0.02,0.02,73948.76,1776269272000
1776269274.894,174.894,0.34,0.35,0.65,0.67,0.01,0.02,73946.4,1776269273000
1776269275.266,175.266,0.34,0.35,0.65,0.66,0.01,0.01,73946.8,1776269274000
1776269275.614,175.614,0.33,0.35,0.65,0.67,0.02,0.02,73946.8,1776269274000
1776269275.96,175.96,0.34,0.35,0.65,0.66,0.01,0.01,73946.8,1776269274000
1776269276.321,176.321,0.33,0.35,0.65,0.66,0.02,0.01,73946.8,1776269274000
1776269276.669,176.669,0.33,0.35,0.65,0.67,0.02,0.02,73946.84,1776269275000
1776269277.022,177.022,0.34,0.35,0.65,0.66,0.01,0.01,73946.84,1776269275000
1776269277.375,177.375,0.34,0.35,0.65,0.66,0.01,0.01,73946.82,1776269276000
1776269277.717,177.717,0.34,0.35,0.64,0.66,0.01,0.02,73946.82,1776269276000
1776269278.075,178.075,0.35,0.36,0.64,0.65,0.01,0.01,73946.82,1776269276000
1776269278.501,178.501,0.36,0.38,0.62,0.64,0.02,0.02,73946.82,1776269277000
1776269278.931,178.931,0.36,0.38,0.62,0.64,0.02,0.02,73946.82,1776269277000
1776269279.519,179.519,0.36,0.39,0.61,0.64,0.03,0.03,73952.52,1776269278000
1776269280.035,180.035,0.36,0.39,0.61,0.64,0.03,0.03,73952.52,1776269278000
1776269280.376,180.376,0.36,0.39,0.61,0.63,0.03,0.02,73954.46,1776269279000
1776269280.922,180.922,0.37,0.4,0.6,0.63,0.03,0.03,73954.46,1776269279000
1776269281.441,181.441,0.37,0.39,0.61,0.63,0.02,0.02,73954.46,1776269279000
1776269281.846,181.846,0.37,0.39,0.61,0.63,0.02,0.02,73954.46,1776269279000
1776269282.269,182.269,0.37,0.39,0.61,0.63,0.02,0.02,73962.74,1776269281000
1776269282.681,182.681,0.37,0.39,0.61,0.63,0.02,0.02,73962.74,1776269281000
1776269283.12,183.12,0.41,0.42,0.58,0.59,0.01,0.01,73963.93,1776269282000
1776269283.661,183.661,0.41,0.42,0.58,0.59,0.01,0.01,73963.93,1776269282000
1776269284.043,184.043,0.41,0.42,0.58,0.59,0.01,0.01,73963.93,1776269282000
1776269284.465,184.465,0.41,0.43,0.57,0.59,0.02,0.02,73967.17,1776269283000
1776269284.8,184.8,0.41,0.44,0.56,0.59,0.03,0.03,73967.17,1776269283000
1776269285.147,185.147,0.42,0.44,0.56,0.58,0.02,0.02,73967.17,1776269283000
1776269285.52,185.52,0.42,0.43,0.55,0.59,0.01,0.04,73967.17,1776269283000
1776269285.907,185.907,0.43,0.44,0.54,0.57,0.01,0.03,73967.64,1776269284000
1776269286.241,186.241,0.43,0.44,0.56,0.57,0.01,0.01,73969.4,1776269285000
1776269286.611,186.611,0.43,0.44,0.56,0.57,0.01,0.01,73969.4,1776269285000
1776269286.95,186.95,0.43,0.46,0.56,0.57,0.03,0.01,73969.4,1776269285000
1776269287.306,187.306,0.44,0.45,0.55,0.56,0.01,0.01,73970.79,1776269286000
1776269287.727,187.727,0.44,0.45,0.55,0.56,0.01,0.01,73970.79,1776269286000
1776269288.236,188.236,0.44,0.45,0.55,0.56,0.01,0.01,73971.17,1776269287000
1776269289.375,189.375,0.44,0.45,0.55,0.56,0.01,0.01,73971.17,1776269288000
1776269289.937,189.937,0.44,0.45,0.55,0.56,0.01,0.01,73970.0,1776269289000
1776269290.534,190.534,0.44,0.46,0.55,0.56,0.02,0.01,73970.0,1776269289000
1776269291.243,191.243,0.44,0.46,0.54,0.56,0.02,0.02,73970.0,1776269289000
1776269291.76,191.76,0.44,0.46,0.54,0.56,0.02,0.02,73983.86,1776269290000
1776269292.197,192.197,0.44,0.45,0.55,0.56,0.01,0.01,73990.86,1776269291000
1776269292.961,192.961,0.44,0.45,0.55,0.56,0.01,0.01,73990.86,1776269291000
1776269293.306,193.306,0.46,0.51,0.5,0.54,0.05,0.04,73990.86,1776269291000
1776269293.65,193.65,0.45,0.48,0.44,0.55,0.03,0.11,73991.37,1776269292000
1776269294.009,194.009,0.45,0.56,0.44,0.55,0.11,0.11,73991.37,1776269292000
1776269294.382,194.382,0.45,0.47,0.53,0.55,0.02,0.02,73991.37,1776269292000
1776269294.725,194.725,0.51,0.53,0.47,0.49,0.02,0.02,73992.16,1776269293000
1776269295.121,195.121,0.5,0.55,0.45,0.49,0.05,0.04,73979.8,1776269294000
1776269295.73,195.73,0.51,0.53,0.47,0.5,0.02,0.03,73979.8,1776269294000
1776269296.101,196.101,0.51,0.56,0.47,0.49,0.05,0.02,73979.8,1776269294000
1776269296.618,196.618,0.51,0.54,0.44,0.49,0.03,0.05,73975.78,1776269295000
1776269297.29,197.29,0.51,0.53,0.46,0.49,0.02,0.03,73975.78,1776269295000
1776269297.718,197.718,0.5,0.52,0.47,0.5,0.02,0.03,73975.67,1776269296000
1776269298.239,198.239,0.5,0.53,0.47,0.5,0.03,0.03,73977.15,1776269297000
1776269298.683,198.683,0.51,0.54,0.46,0.49,0.03,0.03,73977.15,1776269297000
1776269299.048,199.048,0.51,0.54,0.46,0.5,0.03,0.04,73977.15,1776269297000
1776269299.452,199.452,0.52,0.54,0.46,0.49,0.02,0.03,73977.15,1776269297000
1776269299.938,199.938,0.52,0.54,0.46,0.48,0.02,0.02,73976.86,1776269298000
1776269300.276,200.276,0.52,0.55,0.46,0.48,0.03,0.02,73976.86,1776269298000
1776269300.708,200.708,0.52,0.53,0.47,0.48,0.01,0.01,73975.08,1776269299000
1776269301.068,201.068,0.52,0.56,0.44,0.48,0.04,0.04,73975.08,1776269299000
1776269301.404,201.404,0.51,0.53,0.47,0.48,0.02,0.01,73975.08,1776269299000
1776269301.752,201.752,0.53,0.54,0.46,0.49,0.01,0.03,73962.68,1776269300000
1776269302.091,202.091,0.53,0.54,0.46,0.47,0.01,0.01,73962.68,1776269300000
1776269302.442,202.442,0.53,0.54,0.46,0.47,0.01,0.01,73962.68,1776269300000
1776269302.779,202.779,0.53,0.54,0.46,0.47,0.01,0.01,73962.86,1776269301000
1776269303.136,203.136,0.54,0.55,0.45,0.46,0.01,0.01,73962.86,1776269301000
1776269303.517,203.517,0.54,0.55,0.45,0.46,0.01,0.01,73968.64,1776269302000
1776269303.859,203.859,0.54,0.55,0.45,0.46,0.01,0.01,73968.64,1776269302000
1776269304.43,204.43,0.54,0.55,0.45,0.46,0.01,0.01,73968.64,1776269302000
1776269304.903,204.903,0.54,0.56,0.44,0.46,0.02,0.02,73975.45,1776269303000
1776269305.511,205.511,0.54,0.56,0.44,0.46,0.02,0.02,73976.74,1776269304000
1776269306.0,206.0,0.54,0.56,0.44,0.46,0.02,0.02,73976.74,1776269304000
1776269306.415,206.415,0.54,0.56,0.44,0.46,0.02,0.02,73974.69,1776269305000
1776269306.786,206.786,0.54,0.57,0.43,0.46,0.03,0.03,73974.69,1776269305000
1776269307.125,207.125,0.54,0.57,0.43,0.46,0.03,0.03,73974.69,1776269305000
1776269307.523,207.523,0.53,0.55,0.45,0.47,0.02,0.02,73974.87,1776269306000
1776269307.889,207.889,0.53,0.55,0.45,0.47,0.02,0.02,73974.87,1776269306000
1776269308.235,208.235,0.53,0.54,0.46,0.47,0.01,0.01,73974.87,1776269306000
1776269308.571,208.571,0.54,0.55,0.45,0.49,0.01,0.04,73974.87,1776269306000
1776269308.908,208.908,0.54,0.55,0.43,0.46,0.01,0.03,73974.75,1776269307000
1776269309.387,209.387,0.54,0.55,0.45,0.46,0.01,0.01,73974.75,1776269307000
1776269309.749,209.749,0.54,0.55,0.45,0.46,0.01,0.01,73980.42,1776269308000
1776269310.098,210.098,0.55,0.58,0.42,0.45,0.03,0.03,73980.42,1776269308000
1776269310.433,210.433,0.59,0.6,0.4,0.41,0.01,0.01,73981.29,1776269309000
1776269310.776,210.776,0.58,0.6,0.4,0.42,0.02,0.02,73981.29,1776269309000
1776269311.638,211.638,0.59,0.6,0.4,0.41,0.01,0.01,73981.29,1776269309000
1776269312.168,212.168,0.59,0.6,0.4,0.41,0.01,0.01,73981.29,1776269310000
1776269312.595,212.595,0.59,0.6,0.4,0.41,0.01,0.01,73985.49,1776269311000
1776269312.932,212.932,0.59,0.6,0.4,0.41,0.01,0.01,73985.49,1776269311000
1776269313.44,213.44,0.59,0.6,0.4,0.41,0.01,0.01,73985.5,1776269312000
1776269314.022,214.022,0.59,0.6,0.4,0.41,0.01,0.01,73985.5,1776269312000
1776269314.654,214.654,0.59,0.6,0.4,0.41,0.01,0.01,73984.47,1776269313000
1776269315.012,215.012,0.59,0.6,0.4,0.41,0.01,0.01,73984.47,1776269313000
1776269315.443,215.443,0.59,0.6,0.4,0.41,0.01,0.01,73984.47,1776269313000
1776269315.885,215.885,0.59,0.6,0.4,0.41,0.01,0.01,73983.96,1776269314000
1776269316.227,216.227,0.58,0.6,0.41,0.42,0.02,0.01,73983.96,1776269314000
1776269316.575,216.575,0.6,0.61,0.39,0.4,0.01,0.01,73985.49,1776269315000
1776269316.946,216.946,0.6,0.61,0.39,0.4,0.01,0.01,73985.49,1776269315000
1776269317.281,217.281,0.6,0.61,0.39,0.4,0.01,0.01,73985.49,1776269315000
1776269317.63,217.63,0.6,0.61,0.39,0.4,0.01,0.01,73985.49,1776269315000
1776269318.005,218.005,0.61,0.62,0.38,0.39,0.01,0.01,73985.5,1776269316000
1776269318.412,218.412,0.61,0.62,0.38,0.39,0.01,0.01,73985.49,1776269317000
1776269318.78,218.78,0.61,0.62,0.38,0.39,0.01,0.01,73985.49,1776269317000
1776269319.193,219.193,0.61,0.62,0.38,0.39,0.01,0.01,73985.49,1776269317000
1776269319.669,219.669,0.61,0.62,0.38,0.39,0.01,0.01,73988.29,1776269318000
1776269320.228,220.228,0.61,0.62,0.38,0.39,0.01,0.01,73986.62,1776269319000
1776269320.809,220.809,0.6,0.62,0.38,0.4,0.02,0.02,73986.62,1776269319000
1776269321.533,221.533,0.61,0.62,0.38,0.41,0.01,0.03,73983.79,1776269320000
1776269322.155,222.155,0.61,0.62,0.38,0.39,0.01,0.01,73983.79,1776269320000
1776269322.499,222.499,0.6,0.61,0.39,0.4,0.01,0.01,73984.56,1776269321000
1776269322.931,222.931,0.6,0.61,0.39,0.4,0.01,0.01,73984.56,1776269321000
1776269323.306,223.306,0.6,0.61,0.39,0.4,0.01,0.01,73984.56,1776269322000
1776269323.641,223.641,0.6,0.61,0.39,0.4,0.01,0.01,73984.56,1776269322000
1776269323.983,223.983,0.6,0.61,0.39,0.4,0.01,0.01,73984.56,1776269322000
1776269324.33,224.33,0.61,0.62,0.38,0.39,0.01,0.01,73984.56,1776269323000
1776269324.67,224.67,0.61,0.62,0.38,0.39,0.01,0.01,73984.56,1776269323000
1776269325.072,225.072,0.61,0.62,0.38,0.39,0.01,0.01,73984.56,1776269323000
1776269326.249,226.249,0.61,0.62,0.38,0.39,0.01,0.01,73984.56,1776269324000
1776269326.63,226.63,0.61,0.62,0.38,0.39,0.01,0.01,73984.57,1776269325000
1776269327.038,227.038,0.61,0.62,0.38,0.39,0.01,0.01,73984.57,1776269325000
1776269327.878,227.878,0.61,0.62,0.38,0.39,0.01,0.01,73984.57,1776269326000
1776269328.238,228.238,0.61,0.62,0.38,0.39,0.01,0.01,73984.06,1776269327000
1776269328.749,228.749,0.61,0.65,0.35,0.39,0.04,0.04,73984.06,1776269327000
1776269329.398,229.398,0.61,0.65,0.35,0.39,0.04,0.04,73976.76,1776269328000
1776269329.917,229.917,0.61,0.62,0.35,0.39,0.01,0.04,73976.76,1776269328000
1776269330.673,230.673,0.61,0.62,0.38,0.39,0.01,0.01,73976.76,1776269329000
1776269331.006,231.006,0.6,0.62,0.38,0.4,0.02,0.02,73976.76,1776269329000
1776269331.358,231.358,0.61,0.62,0.38,0.39,0.01,0.01,73977.08,1776269330000
1776269331.703,231.703,0.6,0.61,0.39,0.4,0.01,0.01,73977.08,1776269330000
1776269332.065,232.065,0.61,0.62,0.38,0.39,0.01,0.01,73977.08,1776269330000
1776269332.424,232.424,0.61,0.62,0.35,0.39,0.01,0.04,73977.08,1776269330000
1776269332.784,232.784,0.62,0.65,0.35,0.38,0.03,0.03,73982.25,1776269331000
1776269333.294,233.294,0.63,0.65,0.35,0.37,0.02,0.02,73986.24,1776269332000
1776269333.936,233.936,0.64,0.65,0.35,0.37,0.01,0.02,73986.24,1776269332000
1776269334.327,234.327,0.64,0.65,0.35,0.36,0.01,0.01,73986.24,1776269332000
1776269335.259,235.259,0.64,0.65,0.35,0.36,0.01,0.01,73991.96,1776269334000
1776269335.674,235.674,0.62,0.65,0.35,0.38,0.03,0.03,73991.96,1776269334000
1776269336.209,236.209,0.62,0.63,0.37,0.38,0.01,0.01,73991.96,1776269335000
1776269336.701,236.701,0.63,0.64,0.35,0.38,0.01,0.03,73991.96,1776269335000
1776269337.047,237.047,0.64,0.65,0.35,0.37,0.01,0.02,73991.96,1776269335000
1776269337.393,237.393,0.63,0.64,0.36,0.37,0.01,0.01,73991.96,1776269335000
1776269337.769,237.769,0.63,0.65,0.35,0.37,0.02,0.02,73996.41,1776269336000
1776269338.118,238.118,0.64,0.67,0.34,0.36,0.03,0.02,73996.41,1776269336000
1776269338.46,238.46,0.64,0.65,0.35,0.36,0.01,0.01,73994.08,1776269337000
1776269338.818,238.818,0.65,0.71,0.29,0.33,0.06,0.04,73994.08,1776269337000
1776269339.155,239.155,0.68,0.7,0.3,0.31,0.02,0.01,73994.08,1776269337000
1776269339.492,239.492,0.68,0.7,0.3,0.32,0.02,0.02,73995.06,1776269338000
1776269339.847,239.847,0.69,0.7,0.3,0.31,0.01,0.01,73995.06,1776269338000
1776269340.261,240.261,0.69,0.7,0.3,0.31,0.01,0.01,73995.06,1776269339000
1776269340.89,240.89,0.69,0.7,0.3,0.31,0.01,0.01,73992.4,1776269340000
1776269341.878,241.878,0.69,0.7,0.3,0.31,0.01,0.01,73991.23,1776269341000
1776269342.876,242.876,0.69,0.7,0.3,0.31,0.01,0.01,73975.09,1776269342000
1776269343.276,243.276,0.69,0.7,0.3,0.31,0.01,0.01,73975.09,1776269342000
1776269343.64,243.64,0.69,0.7,0.3,0.31,0.01,0.01,73975.09,1776269342000
1776269344.442,244.442,0.69,0.7,0.3,0.31,0.01,0.01,73974.55,1776269343000
1776269344.79,244.79,0.69,0.7,0.3,0.31,0.01,0.01,73974.55,1776269343000
1776269345.178,245.178,0.66,0.7,0.3,0.34,0.04,0.04,73979.45,1776269344000
1776269345.517,245.517,0.66,0.67,0.3,0.34,0.01,0.04,73979.45,1776269344000
1776269345.851,245.851,0.61,0.64,0.36,0.39,0.03,0.03,73979.45,1776269344000
1776269346.19,246.19,0.61,0.68,0.32,0.39,0.07,0.07,73981.41,1776269345000
1776269346.525,246.525,0.61,0.64,0.36,0.4,0.03,0.04,73981.41,1776269345000
1776269346.87,246.87,0.61,0.62,0.38,0.39,0.01,0.01,73981.41,1776269345000
1776269347.207,247.207,0.61,0.62,0.38,0.39,0.01,0.01,73978.35,1776269346000
1776269347.547,247.547,0.61,0.62,0.38,0.39,0.01,0.01,73978.35,1776269346000
1776269347.922,247.922,0.61,0.62,0.38,0.39,0.01,0.01,73978.35,1776269346000
1776269348.689,248.689,0.61,0.62,0.38,0.39,0.01,0.01,73972.49,1776269347000
1776269349.129,249.129,0.61,0.62,0.38,0.39,0.01,0.01,73973.51,1776269348000
1776269349.9,249.9,0.61,0.62,0.38,0.39,0.01,0.01,73973.51,1776269348000
1776269350.253,250.253,0.61,0.63,0.37,0.39,0.02,0.02,73976.71,1776269349000
1776269350.615,250.615,0.61,0.62,0.38,0.39,0.01,0.01,73976.71,1776269349000
1776269350.975,250.975,0.61,0.62,0.38,0.39,0.01,0.01,73976.71,1776269349000
1776269351.312,251.312,0.6,0.61,0.39,0.4,0.01,0.01,73977.78,1776269350000
1776269351.661,251.661,0.6,0.61,0.39,0.4,0.01,0.01,73977.78,1776269350000
1776269352.016,252.016,0.6,0.61,0.39,0.42,0.01,0.03,73977.78,1776269350000
1776269352.671,252.671,0.6,0.61,0.39,0.4,0.01,0.01,73972.54,1776269351000
1776269353.039,253.039,0.6,0.61,0.39,0.4,0.01,0.01,73972.54,1776269351000
1776269353.388,253.388,0.61,0.62,0.38,0.4,0.01,0.02,73973.73,1776269352000
1776269353.725,253.725,0.61,0.62,0.38,0.39,0.01,0.01,73973.73,1776269352000
1776269354.069,254.069,0.6,0.62,0.38,0.39,0.02,0.01,73973.73,1776269352000
1776269354.406,254.406,0.61,0.62,0.38,0.39,0.01,0.01,73973.73,1776269352000
1776269354.76,254.76,0.61,0.62,0.38,0.39,0.01,0.01,73977.13,1776269353000
1776269355.14,255.14,0.61,0.62,0.38,0.39,0.01,0.01,73977.13,1776269353000
1776269355.517,255.517,0.61,0.62,0.38,0.39,0.01,0.01,73977.13,1776269354000
1776269355.923,255.923,0.61,0.62,0.38,0.39,0.01,0.01,73977.13,1776269354000
1776269356.44,256.44,0.61,0.62,0.38,0.39,0.01,0.01,73977.13,1776269355000
1776269357.058,257.058,0.61,0.62,0.38,0.39,0.01,0.01,73977.13,1776269356000
1776269357.504,257.504,0.61,0.62,0.38,0.39,0.01,0.01,73977.13,1776269356000
1776269357.99,257.99,0.61,0.62,0.38,0.39,0.01,0.01,73978.43,1776269357000
1776269358.338,258.338,0.61,0.62,0.38,0.39,0.01,0.01,73978.43,1776269357000
1776269358.674,258.674,0.59,0.62,0.38,0.41,0.03,0.03,73978.43,1776269357000
1776269359.184,259.184,0.61,0.62,0.38,0.41,0.01,0.03,73978.43,1776269357000
1776269359.592,259.592,0.61,0.62,0.38,0.39,0.01,0.01,73977.46,1776269358000
1776269360.441,260.441,0.6,0.61,0.39,0.42,0.01,0.03,73977.46,1776269358000
1776269360.78,260.78,0.6,0.61,0.38,0.42,0.01,0.04,73977.46,1776269358000
1776269361.133,261.133,0.6,0.61,0.39,0.4,0.01,0.01,73977.46,1776269358000
1776269361.478,261.478,0.6,0.61,0.39,0.4,0.01,0.01,73974.91,1776269360000
1776269361.826,261.826,0.61,0.63,0.37,0.39,0.02,0.02,73974.91,1776269360000
1776269362.176,262.176,0.65,0.66,0.34,0.35,0.01,0.01,73974.91,1776269360000
1776269362.514,262.514,0.65,0.67,0.33,0.35,0.02,0.02,73974.91,1776269360000
1776269362.886,262.886,0.66,0.68,0.32,0.33,0.02,0.01,73974.25,1776269361000
1776269363.53,263.53,0.66,0.68,0.32,0.34,0.02,0.02,73978.5,1776269362000
1776269364.12,264.12,0.67,0.68,0.32,0.33,0.01,0.01,73981.15,1776269363000
1776269364.497,264.497,0.67,0.7,0.3,0.33,0.03,0.03,73981.15,1776269363000
1776269364.847,264.847,0.67,0.7,0.3,0.33,0.03,0.03,73981.15,1776269363000
1776269365.233,265.233,0.67,0.68,0.32,0.33,0.01,0.01,73981.15,1776269363000
1776269365.579,265.579,0.67,0.68,0.32,0.33,0.01,0.01,73981.15,1776269363000
1776269365.92,265.92,0.67,0.68,0.32,0.33,0.01,0.01,73987.25,1776269364000
1776269366.315,266.315,0.67,0.69,0.31,0.33,0.02,0.02,73982.73,1776269365000
1776269366.685,266.685,0.67,0.68,0.31,0.33,0.01,0.02,73982.73,1776269365000
1776269367.022,267.022,0.6,0.68,0.32,0.38,0.08,0.06,73982.73,1776269365000
1776269367.527,267.527,0.64,0.66,0.33,0.37,0.02,0.04,73982.95,1776269366000
1776269367.862,267.862,0.64,0.66,0.34,0.35,0.02,0.01,73982.95,1776269366000
1776269368.227,268.227,0.63,0.64,0.36,0.37,0.01,0.01,73982.95,1776269366000
1776269368.561,268.561,0.61,0.63,0.37,0.39,0.02,0.02,73976.92,1776269367000
1776269368.925,268.925,0.6,0.61,0.38,0.39,0.01,0.01,73976.92,1776269367000
1776269369.27,269.27,0.6,0.61,0.39,0.4,0.01,0.01,73976.92,1776269367000
1776269369.642,269.642,0.6,0.61,0.39,0.4,0.01,0.01,73978.29,1776269368000
1776269370.121,270.121,0.59,0.6,0.4,0.41,0.01,0.01,73978.29,1776269368000
1776269370.883,270.883,0.57,0.6,0.4,0.43,0.03,0.03,73975.01,1776269369000
1776269371.23,271.23,0.57,0.58,0.42,0.43,0.01,0.01,73975.01,1776269369000
1776269371.588,271.588,0.58,0.59,0.41,0.42,0.01,0.01,73974.11,1776269370000
1776269372.268,272.268,0.58,0.59,0.41,0.42,0.01,0.01,73974.11,1776269370000
1776269372.612,272.612,0.57,0.58,0.41,0.43,0.01,0.02,73974.1,1776269371000
1776269372.962,272.962,0.56,0.57,0.41,0.43,0.01,0.02,73974.1,1776269371000
1776269373.395,273.395,0.55,0.57,0.43,0.44,0.02,0.01,73974.1,1776269371000
1776269373.84,273.84,0.55,0.57,0.43,0.45,0.02,0.02,73974.05,1776269372000
1776269374.246,274.246,0.55,0.56,0.44,0.45,0.01,0.01,73974.05,1776269372000
1776269374.627,274.627,0.56,0.57,0.43,0.44,0.01,0.01,73973.49,1776269373000
1776269375.212,275.212,0.56,0.57,0.43,0.44,0.01,0.01,73973.49,1776269373000
1776269375.555,275.555,0.55,0.56,0.44,0.45,0.01,0.01,73973.0,1776269374000
1776269375.933,275.933,0.54,0.55,0.44,0.45,0.01,0.01,73973.0,1776269374000
1776269376.363,276.363,0.54,0.55,0.45,0.46,0.01,0.01,73973.0,1776269375000
1776269376.877,276.877,0.53,0.55,0.45,0.46,0.02,0.01,73973.0,1776269375000
1776269377.217,277.217,0.52,0.54,0.46,0.48,0.02,0.02,73973.0,1776269375000
1776269377.554,277.554,0.48,0.54,0.46,0.52,0.06,0.06,73973.0,1776269375000
1776269377.888,277.888,0.44,0.47,0.53,0.56,0.03,0.03,73970.6,1776269376000
1776269378.716,278.716,0.44,0.46,0.53,0.56,0.02,0.03,73970.6,1776269376000
1776269379.396,279.396,0.44,0.46,0.54,0.56,0.02,0.02,73960.21,1776269378000
1776269380.197,280.197,0.44,0.46,0.54,0.56,0.02,0.02,73960.21,1776269378000
1776269380.541,280.541,0.38,0.45,0.55,0.62,0.07,0.07,73946.09,1776269379000
1776269380.926,280.926,0.32,0.38,0.62,0.68,0.06,0.06,73946.09,1776269379000
1776269381.286,281.286,0.32,0.39,0.62,0.68,0.07,0.06,73946.49,1776269380000
1776269381.624,281.624,0.29,0.3,0.7,0.71,0.01,0.01,73946.49,1776269380000
1776269382.019,282.019,0.26,0.29,0.71,0.74,0.03,0.03,73951.54,1776269381000
1776269382.358,282.358,0.28,0.3,0.7,0.72,0.02,0.02,73951.54,1776269381000
1776269382.721,282.721,0.28,0.29,0.71,0.72,0.01,0.01,73951.54,1776269381000
1776269383.064,283.064,0.24,0.27,0.73,0.76,0.03,0.03,73951.54,1776269381000
1776269383.673,283.673,0.19,0.25,0.77,0.81,0.06,0.04,73951.15,1776269382000
1776269384.154,284.154,0.19,0.25,0.75,0.81,0.06,0.06,73948.04,1776269383000
1776269385.141,285.141,0.19,0.25,0.75,0.81,0.06,0.06,73949.28,1776269384000
1776269386.009,286.009,0.22,0.25,0.75,0.81,0.03,0.06,73949.28,1776269384000
1776269386.428,286.428,0.22,0.25,0.75,0.78,0.03,0.03,73949.02,1776269385000
1776269386.869,286.869,0.21,0.24,0.76,0.79,0.03,0.03,73949.02,1776269385000
1776269387.218,287.218,0.2,0.23,0.77,0.8,0.03,0.03,73948.88,1776269386000
1776269387.587,287.587,0.18,0.19,0.81,0.82,0.01,0.01,73948.88,1776269386000
1776269387.991,287.991,0.2,0.25,0.75,0.8,0.05,0.05,73948.88,1776269386000
1776269388.328,288.328,0.1,0.21,0.79,0.9,0.11,0.11,73948.46,1776269387000
1776269388.729,288.729,0.08,0.09,0.91,0.96,0.01,0.05,73948.46,1776269387000
1776269389.112,289.112,0.08,0.09,0.91,0.92,0.01,0.01,73948.46,1776269387000
1776269389.474,289.474,0.12,0.14,0.86,0.88,0.02,0.02,73948.42,1776269388000
1776269389.815,289.815,0.12,0.14,0.86,0.88,0.02,0.02,73948.42,1776269388000
1776269390.261,290.261,0.07,0.08,0.92,0.93,0.01,0.01,73948.42,1776269388000
1776269390.61,290.61,0.07,0.13,0.87,0.92,0.06,0.05,73948.6,1776269389000
1776269390.964,290.964,0.12,0.13,0.87,0.88,0.01,0.01,73948.6,1776269390000
1776269391.304,291.304,0.12,0.19,0.87,0.88,0.07,0.01,73948.6,1776269390000
1776269391.652,291.652,0.09,0.1,0.88,0.91,0.01,0.03,73948.6,1776269390000
1776269391.986,291.986,0.16,0.19,0.83,0.84,0.03,0.01,73948.6,1776269390000
1776269392.39,292.39,0.16,0.17,0.83,0.86,0.01,0.03,73948.6,1776269390000
1776269392.724,292.724,0.17,0.18,0.82,0.83,0.01,0.01,73950.68,1776269391000
1776269393.061,293.061,0.17,0.18,0.82,0.88,0.01,0.06,73956.6,1776269392000
1776269393.413,293.413,0.15,0.16,0.84,0.85,0.01,0.01,73956.6,1776269392000
1776269393.793,293.793,0.09,0.1,0.87,0.9,0.01,0.03,73956.6,1776269392000
1776269394.182,294.182,0.09,0.1,0.9,0.91,0.01,0.01,73958.63,1776269393000
1776269394.564,294.564,0.09,0.16,0.9,0.91,0.07,0.01,73958.63,1776269393000
1776269394.922,294.922,0.09,0.1,0.84,0.91,0.01,0.07,73958.63,1776269393000
1776269395.295,295.295,0.11,0.24,0.78,0.89,0.13,0.11,73958.63,1776269393000
1776269395.632,295.632,0.11,0.25,0.76,0.89,0.14,0.13,73960.12,1776269394000
1776269396.067,296.067,0.12,0.3,0.75,0.88,0.18,0.13,73960.12,1776269394000
1776269396.405,296.405,0.25,0.32,0.67,0.75,0.07,0.08,73960.12,1776269394000
1776269396.759,296.759,0.26,0.29,0.71,0.74,0.03,0.03,73960.34,1776269395000
1776269397.093,297.093,0.29,0.35,0.66,0.71,0.06,0.05,73960.34,1776269395000
1776269397.454,297.454,0.33,0.34,0.66,0.67,0.01,0.01,73961.0,1776269396000
1776269397.809,297.809,0.34,0.41,0.65,0.66,0.07,0.01,73961.0,1776269396000
1776269398.143,298.143,0.51,0.53,0.47,0.49,0.02,0.02,73961.0,1776269396000
1776269398.478,298.478,0.52,0.55,0.45,0.79,0.03,0.34,73967.92,1776269397000
1776269398.833,298.833,0.71,0.73,0.27,0.29,0.02,0.02,73967.92,1776269397000
1776269399.167,299.167,0.72,0.8,0.27,0.28,0.08,0.01,73968.08,1776269398000
1776269399.501,299.501,0.8,0.95,0.12,0.2,0.15,0.08,73968.08,1776269398000
1776269399.856,299.856,0.97,0.98,0.02,0.03,0.01,0.01,73968.08,1776269398000
1776269400.253,300.253,0.99,0.99,0.01,0.01,0.0,0.0,73968.08,1776269398000
1776269400.595,300.595,0.99,0.99,0.01,0.01,0.0,0.0,73980.34,1776269399000
1776269400.979,300.979,0.99,0.99,0.01,0.01,0.0,0.0,73980.34,1776269399000
1776269401.32,301.32,0.99,0.99,0.01,0.01,0.0,0.0,73990.83,1776269400000
1776269402.439,302.439,0.99,0.99,0.01,0.01,0.0,0.0,73992.95,1776269401000

# RESULT,winner=Up,slug=btc-updown-5m-1776269100,ticks=693
