timestamp,elapsed_sec,up_bid,up_ask,down_bid,down_ask,up_spread,down_spread,btc_price,btc_oracle_ts
1775989200.562,0.562,0.49,0.5,0.5,0.51,0.01,0.01,71669.26,1775989198000
1775989200.901,0.901,0.49,0.5,0.5,0.51,0.01,0.01,71669.3,1775989199000
1775989201.399,1.399,0.49,0.5,0.5,0.51,0.01,0.01,71669.31,1775989200000
1775989201.801,1.801,0.49,0.5,0.5,0.51,0.01,0.01,71669.31,1775989200000
1775989202.179,2.179,0.49,0.5,0.5,0.51,0.01,0.01,71669.47,1775989201000
1775989202.542,2.542,0.49,0.5,0.5,0.51,0.01,0.01,71669.47,1775989201000
1775989202.888,2.888,0.49,0.5,0.5,0.51,0.01,0.01,71669.47,1775989201000
1775989203.258,3.258,0.49,0.5,0.5,0.51,0.01,0.01,71669.47,1775989201000
1775989203.601,3.601,0.49,0.5,0.5,0.51,0.01,0.01,71669.46,1775989202000
1775989204.018,4.018,0.49,0.5,0.5,0.51,0.01,0.01,71670.06,1775989203000
1775989204.416,4.416,0.49,0.5,0.5,0.51,0.01,0.01,71670.06,1775989203000
1775989205.132,5.132,0.49,0.5,0.5,0.52,0.01,0.02,71670.06,1775989203000
1775989205.615,5.615,0.49,0.5,0.5,0.51,0.01,0.01,71670.27,1775989204000
1775989205.954,5.954,0.46,0.47,0.52,0.57,0.01,0.05,71670.27,1775989204000
1775989206.312,6.312,0.46,0.47,0.53,0.54,0.01,0.01,71670.27,1775989205000
1775989207.034,7.034,0.46,0.47,0.53,0.54,0.01,0.01,71670.27,1775989205000
1775989207.527,7.527,0.46,0.47,0.53,0.54,0.01,0.01,71670.28,1775989206000
1775989207.904,7.904,0.46,0.47,0.53,0.54,0.01,0.01,71670.28,1775989206000
1775989208.299,8.299,0.46,0.47,0.53,0.54,0.01,0.01,71670.28,1775989206000
1775989208.852,8.852,0.47,0.48,0.52,0.54,0.01,0.02,71670.45,1775989207000
1775989209.191,9.191,0.47,0.48,0.52,0.53,0.01,0.01,71670.45,1775989208000
1775989209.801,9.801,0.47,0.48,0.52,0.53,0.01,0.01,71670.45,1775989208000
1775989210.254,10.254,0.47,0.48,0.52,0.53,0.01,0.01,71670.75,1775989209000
1775989210.615,10.615,0.47,0.48,0.52,0.53,0.01,0.01,71670.75,1775989209000
1775989210.956,10.956,0.47,0.48,0.52,0.53,0.01,0.01,71670.75,1775989210000
1775989211.3,11.3,0.47,0.48,0.52,0.53,0.01,0.01,71670.75,1775989210000
1775989211.942,11.942,0.47,0.48,0.52,0.53,0.01,0.01,71670.75,1775989210000
1775989212.524,12.524,0.47,0.48,0.52,0.53,0.01,0.01,71670.76,1775989211000
1775989212.992,12.992,0.47,0.48,0.52,0.53,0.01,0.01,71670.76,1775989211000
1775989213.465,13.465,0.47,0.48,0.52,0.53,0.01,0.01,71670.82,1775989212000
1775989213.88,13.88,0.47,0.48,0.52,0.53,0.01,0.01,71670.82,1775989212000
1775989214.255,14.255,0.47,0.48,0.52,0.53,0.01,0.01,71670.81,1775989213000
1775989214.691,14.691,0.47,0.48,0.52,0.53,0.01,0.01,71670.81,1775989213000
1775989215.047,15.047,0.47,0.48,0.52,0.53,0.01,0.01,71670.81,1775989213000
1775989215.474,15.474,0.47,0.48,0.52,0.53,0.01,0.01,71670.82,1775989214000
1775989215.85,15.85,0.48,0.49,0.51,0.52,0.01,0.01,71670.82,1775989214000
1775989216.263,16.263,0.48,0.49,0.51,0.52,0.01,0.01,71670.81,1775989215000
1775989216.837,16.837,0.48,0.49,0.51,0.52,0.01,0.01,71670.81,1775989215000
1775989217.254,17.254,0.49,0.5,0.5,0.51,0.01,0.01,71670.82,1775989216000
1775989217.794,17.794,0.49,0.5,0.5,0.51,0.01,0.01,71670.82,1775989216000
1775989218.153,18.153,0.49,0.5,0.5,0.51,0.01,0.01,71670.82,1775989216000
1775989218.552,18.552,0.49,0.5,0.5,0.51,0.01,0.01,71670.83,1775989217000
1775989219.033,19.033,0.49,0.5,0.5,0.51,0.01,0.01,71670.83,1775989217000
1775989219.43,19.43,0.49,0.5,0.5,0.51,0.01,0.01,71671.22,1775989218000
1775989220.194,20.194,0.49,0.5,0.5,0.51,0.01,0.01,71671.22,1775989219000
1775989220.561,20.561,0.49,0.5,0.5,0.51,0.01,0.01,71671.22,1775989219000
1775989221.085,21.085,0.49,0.5,0.5,0.51,0.01,0.01,71671.22,1775989220000
1775989221.559,21.559,0.49,0.5,0.5,0.51,0.01,0.01,71671.22,1775989220000
1775989222.106,22.106,0.49,0.5,0.5,0.51,0.01,0.01,71671.24,1775989221000
1775989222.562,22.562,0.49,0.5,0.5,0.51,0.01,0.01,71671.24,1775989221000
1775989223.081,23.081,0.49,0.5,0.5,0.51,0.01,0.01,71671.24,1775989222000
1775989223.479,23.479,0.49,0.5,0.5,0.51,0.01,0.01,71671.24,1775989222000
1775989223.855,23.855,0.49,0.5,0.5,0.51,0.01,0.01,71671.24,1775989222000
1775989224.216,24.216,0.49,0.5,0.5,0.51,0.01,0.01,71671.25,1775989223000
1775989224.568,24.568,0.49,0.5,0.5,0.51,0.01,0.01,71671.25,1775989223000
1775989224.979,24.979,0.49,0.5,0.5,0.51,0.01,0.01,71671.25,1775989223000
1775989225.578,25.578,0.49,0.5,0.5,0.51,0.01,0.01,71671.23,1775989224000
1775989226.075,26.075,0.49,0.5,0.5,0.51,0.01,0.01,71671.23,1775989225000
1775989226.564,26.564,0.49,0.51,0.5,0.51,0.02,0.01,71671.23,1775989225000
1775989226.926,26.926,0.5,0.51,0.49,0.5,0.01,0.01,71671.23,1775989225000
1775989227.408,27.408,0.5,0.55,0.49,0.5,0.05,0.01,71671.19,1775989226000
1775989227.802,27.802,0.5,0.51,0.49,0.5,0.01,0.01,71671.19,1775989226000
1775989228.287,28.287,0.5,0.51,0.49,0.5,0.01,0.01,71671.19,1775989227000
1775989228.778,28.778,0.5,0.51,0.49,0.5,0.01,0.01,71671.19,1775989227000
1775989229.201,29.201,0.5,0.51,0.49,0.5,0.01,0.01,71671.19,1775989227000
1775989229.544,29.544,0.5,0.51,0.49,0.5,0.01,0.01,71671.2,1775989228000
1775989229.965,29.965,0.5,0.51,0.49,0.5,0.01,0.01,71671.19,1775989229000
1775989230.39,30.39,0.5,0.51,0.49,0.5,0.01,0.01,71671.19,1775989229000
1775989230.737,30.737,0.5,0.51,0.49,0.5,0.01,0.01,71671.19,1775989229000
1775989231.398,31.398,0.5,0.51,0.49,0.5,0.01,0.01,71671.2,1775989230000
1775989231.737,31.737,0.5,0.51,0.49,0.5,0.01,0.01,71671.2,1775989230000
1775989232.332,32.332,0.5,0.51,0.49,0.5,0.01,0.01,71671.2,1775989231000
1775989232.942,32.942,0.5,0.51,0.49,0.5,0.01,0.01,71671.2,1775989231000
1775989233.343,33.343,0.5,0.51,0.49,0.5,0.01,0.01,71671.18,1775989232000
1775989233.796,33.796,0.5,0.51,0.49,0.5,0.01,0.01,71671.18,1775989232000
1775989234.211,34.211,0.5,0.51,0.46,0.5,0.01,0.04,71671.18,1775989232000
1775989234.612,34.612,0.5,0.51,0.49,0.5,0.01,0.01,71671.19,1775989233000
1775989235.137,35.137,0.5,0.51,0.49,0.5,0.01,0.01,71671.19,1775989234000
1775989235.53,35.53,0.5,0.51,0.49,0.5,0.01,0.01,71671.19,1775989234000
1775989236.155,36.155,0.5,0.51,0.49,0.5,0.01,0.01,71670.79,1775989235000
1775989236.557,36.557,0.51,0.53,0.49,0.5,0.02,0.01,71670.79,1775989235000
1775989236.967,36.967,0.51,0.52,0.48,0.49,0.01,0.01,71670.79,1775989235000
1775989237.371,37.371,0.51,0.52,0.48,0.49,0.01,0.01,71670.79,1775989236000
1775989237.757,37.757,0.51,0.52,0.48,0.49,0.01,0.01,71670.79,1775989236000
1775989238.156,38.156,0.51,0.52,0.48,0.49,0.01,0.01,71670.79,1775989237000
1775989238.71,38.71,0.51,0.52,0.48,0.49,0.01,0.01,71670.79,1775989237000
1775989239.044,39.044,0.51,0.52,0.48,0.49,0.01,0.01,71670.79,1775989238000
1775989239.604,39.604,0.51,0.52,0.48,0.49,0.01,0.01,71670.79,1775989238000
1775989240.015,40.015,0.51,0.52,0.48,0.49,0.01,0.01,71668.62,1775989239000
1775989240.781,40.781,0.51,0.52,0.48,0.49,0.01,0.01,71668.62,1775989239000
1775989241.964,41.964,0.51,0.52,0.48,0.49,0.01,0.01,71668.23,1775989241000
1775989242.497,42.497,0.5,0.52,0.48,0.49,0.02,0.01,71668.23,1775989241000
1775989242.841,42.841,0.5,0.51,0.48,0.5,0.01,0.02,71668.23,1775989241000
1775989243.287,43.287,0.5,0.51,0.49,0.5,0.01,0.01,71668.98,1775989242000
1775989243.628,43.628,0.5,0.51,0.49,0.5,0.01,0.01,71668.98,1775989242000
1775989244.125,44.125,0.5,0.51,0.49,0.5,0.01,0.01,71669.59,1775989243000
1775989244.777,44.777,0.51,0.52,0.48,0.49,0.01,0.01,71669.59,1775989243000
1775989245.137,45.137,0.51,0.52,0.48,0.49,0.01,0.01,71670.03,1775989244000
1775989245.476,45.476,0.51,0.52,0.48,0.49,0.01,0.01,71670.03,1775989244000
1775989246.044,46.044,0.51,0.52,0.48,0.49,0.01,0.01,71669.45,1775989245000
1775989246.883,46.883,0.51,0.52,0.48,0.49,0.01,0.01,71669.45,1775989245000
1775989247.448,47.448,0.51,0.52,0.48,0.49,0.01,0.01,71669.51,1775989246000
1775989248.41,48.41,0.51,0.52,0.48,0.49,0.01,0.01,71669.51,1775989246000
1775989249.119,49.119,0.51,0.52,0.48,0.49,0.01,0.01,71670.8,1775989247000
1775989249.705,49.705,0.51,0.52,0.48,0.49,0.01,0.01,71669.02,1775989248000
1775989250.667,50.667,0.51,0.52,0.48,0.49,0.01,0.01,71669.03,1775989249000
1775989251.23,51.23,0.51,0.52,0.48,0.49,0.01,0.01,71669.03,1775989249000
1775989251.72,51.72,0.52,0.53,0.47,0.48,0.01,0.01,71669.03,1775989250000
1775989252.085,52.085,0.52,0.54,0.47,0.48,0.02,0.01,71669.03,1775989250000
1775989252.51,52.51,0.53,0.54,0.46,0.47,0.01,0.01,71669.03,1775989250000
1775989253.049,53.049,0.53,0.54,0.46,0.47,0.01,0.01,71670.52,1775989251000
1775989253.416,53.416,0.53,0.54,0.46,0.47,0.01,0.01,71670.52,1775989251000
1775989253.757,53.757,0.53,0.54,0.46,0.47,0.01,0.01,71670.52,1775989251000
1775989254.246,54.246,0.53,0.54,0.46,0.47,0.01,0.01,71670.89,1775989252000
1775989254.781,54.781,0.53,0.54,0.46,0.47,0.01,0.01,71670.89,1775989253000
1775989255.166,55.166,0.53,0.54,0.46,0.47,0.01,0.01,71670.89,1775989253000
1775989255.612,55.612,0.53,0.54,0.46,0.47,0.01,0.01,71670.89,1775989253000
1775989255.975,55.975,0.53,0.54,0.46,0.47,0.01,0.01,71670.86,1775989254000
1775989256.724,56.724,0.53,0.54,0.46,0.47,0.01,0.01,71670.71,1775989255000
1775989257.707,57.707,0.52,0.54,0.46,0.48,0.02,0.02,71670.89,1775989256000
1775989258.508,58.508,0.52,0.53,0.47,0.48,0.01,0.01,71670.89,1775989256000
1775989259.11,59.11,0.52,0.53,0.47,0.48,0.01,0.01,71670.51,1775989257000
1775989259.555,59.555,0.52,0.53,0.47,0.48,0.01,0.01,71670.51,1775989258000
1775989259.949,59.949,0.51,0.53,0.47,0.48,0.02,0.01,71670.51,1775989258000
1775989260.327,60.327,0.52,0.53,0.47,0.49,0.01,0.02,71670.51,1775989258000
1775989261.401,61.401,0.52,0.53,0.47,0.48,0.01,0.01,71670.81,1775989259000
1775989261.892,61.892,0.52,0.53,0.47,0.48,0.01,0.01,71670.8,1775989260000
1775989262.294,62.294,0.52,0.53,0.47,0.48,0.01,0.01,71670.8,1775989260000
1775989262.683,62.683,0.52,0.53,0.47,0.48,0.01,0.01,71670.77,1775989261000
1775989263.085,63.085,0.52,0.53,0.47,0.48,0.01,0.01,71670.77,1775989261000
1775989263.479,63.479,0.52,0.53,0.47,0.48,0.01,0.01,71670.77,1775989261000
1775989263.86,63.86,0.52,0.53,0.47,0.48,0.01,0.01,71670.77,1775989262000
1775989264.524,64.524,0.52,0.53,0.47,0.48,0.01,0.01,71670.77,1775989263000
1775989265.015,65.015,0.52,0.53,0.47,0.48,0.01,0.01,71670.77,1775989263000
1775989265.738,65.738,0.52,0.53,0.47,0.48,0.01,0.01,71670.77,1775989264000
1775989266.353,66.353,0.52,0.53,0.47,0.48,0.01,0.01,71670.77,1775989264000
1775989266.714,66.714,0.52,0.53,0.47,0.48,0.01,0.01,71670.77,1775989265000
1775989267.09,67.09,0.52,0.53,0.47,0.48,0.01,0.01,71670.77,1775989265000
1775989267.471,67.471,0.52,0.53,0.47,0.48,0.01,0.01,71668.84,1775989266000
1775989267.815,67.815,0.52,0.53,0.47,0.48,0.01,0.01,71668.84,1775989266000
1775989268.153,68.153,0.52,0.53,0.47,0.48,0.01,0.01,71670.79,1775989267000
1775989268.81,68.81,0.52,0.53,0.47,0.48,0.01,0.01,71670.79,1775989267000
1775989269.164,69.164,0.52,0.53,0.47,0.48,0.01,0.01,71670.79,1775989267000
1775989269.731,69.731,0.52,0.53,0.47,0.48,0.01,0.01,71670.79,1775989267000
1775989270.282,70.282,0.52,0.53,0.47,0.48,0.01,0.01,71670.81,1775989269000
1775989270.667,70.667,0.52,0.53,0.47,0.48,0.01,0.01,71670.81,1775989269000
1775989271.242,71.242,0.52,0.54,0.46,0.48,0.02,0.02,71670.8,1775989270000
1775989271.631,71.631,0.53,0.54,0.46,0.47,0.01,0.01,71670.8,1775989270000
1775989272.205,72.205,0.53,0.54,0.46,0.47,0.01,0.01,71670.8,1775989271000
1775989272.573,72.573,0.53,0.54,0.46,0.47,0.01,0.01,71670.8,1775989271000
1775989272.911,72.911,0.53,0.54,0.46,0.47,0.01,0.01,71670.8,1775989271000
1775989273.574,73.574,0.52,0.53,0.46,0.48,0.01,0.02,71670.41,1775989272000
1775989273.947,73.947,0.52,0.53,0.47,0.48,0.01,0.01,71670.41,1775989272000
1775989274.282,74.282,0.52,0.53,0.47,0.48,0.01,0.01,71670.41,1775989272000
1775989274.751,74.751,0.52,0.53,0.47,0.48,0.01,0.01,71670.39,1775989273000
1775989275.132,75.132,0.52,0.53,0.47,0.48,0.01,0.01,71670.34,1775989274000
1775989275.497,75.497,0.52,0.53,0.46,0.48,0.01,0.02,71670.34,1775989274000
1775989275.855,75.855,0.52,0.53,0.47,0.48,0.01,0.01,71670.34,1775989274000
1775989276.266,76.266,0.52,0.53,0.47,0.48,0.01,0.01,71670.34,1775989275000
1775989276.622,76.622,0.52,0.53,0.47,0.48,0.01,0.01,71670.34,1775989275000
1775989276.965,76.965,0.52,0.53,0.47,0.48,0.01,0.01,71670.34,1775989275000
1775989277.821,77.821,0.52,0.53,0.47,0.48,0.01,0.01,71670.35,1775989276000
1775989278.324,78.324,0.52,0.53,0.47,0.48,0.01,0.01,71670.37,1775989277000
1775989278.788,78.788,0.52,0.53,0.47,0.48,0.01,0.01,71670.37,1775989277000
1775989279.125,79.125,0.52,0.53,0.47,0.48,0.01,0.01,71670.34,1775989278000
1775989279.819,79.819,0.52,0.53,0.47,0.48,0.01,0.01,71670.34,1775989278000
1775989280.192,80.192,0.52,0.53,0.47,0.48,0.01,0.01,71670.34,1775989279000
1775989280.581,80.581,0.51,0.53,0.47,0.48,0.02,0.01,71670.34,1775989279000
1775989281.077,81.077,0.52,0.53,0.47,0.48,0.01,0.01,71670.37,1775989280000
1775989281.561,81.561,0.52,0.53,0.47,0.48,0.01,0.01,71670.37,1775989280000
1775989281.905,81.905,0.52,0.53,0.47,0.48,0.01,0.01,71670.37,1775989280000
1775989282.241,82.241,0.52,0.55,0.47,0.48,0.03,0.01,71670.37,1775989280000
1775989282.576,82.576,0.55,0.56,0.44,0.45,0.01,0.01,71670.37,1775989280000
1775989282.925,82.925,0.55,0.56,0.44,0.45,0.01,0.01,71670.36,1775989281000
1775989283.281,83.281,0.56,0.57,0.43,0.44,0.01,0.01,71670.36,1775989282000
1775989283.622,83.622,0.57,0.58,0.42,0.43,0.01,0.01,71670.36,1775989282000
1775989283.972,83.972,0.57,0.58,0.42,0.44,0.01,0.02,71670.39,1775989283000
1775989284.416,84.416,0.57,0.58,0.42,0.43,0.01,0.01,71670.39,1775989283000
1775989284.842,84.842,0.57,0.58,0.42,0.43,0.01,0.01,71670.39,1775989283000
1775989285.279,85.279,0.57,0.58,0.42,0.43,0.01,0.01,71670.47,1775989284000
1775989285.647,85.647,0.57,0.58,0.42,0.43,0.01,0.01,71670.47,1775989284000
1775989286.302,86.302,0.57,0.58,0.42,0.43,0.01,0.01,71670.52,1775989285000
1775989286.767,86.767,0.56,0.57,0.43,0.44,0.01,0.01,71670.52,1775989285000
1775989287.323,87.323,0.56,0.57,0.43,0.44,0.01,0.01,71670.52,1775989286000
1775989287.811,87.811,0.55,0.57,0.43,0.44,0.02,0.01,71670.52,1775989286000
1775989288.413,88.413,0.55,0.56,0.43,0.45,0.01,0.02,71670.44,1775989287000
1775989289.002,89.002,0.55,0.59,0.41,0.45,0.04,0.04,71670.43,1775989288000
1775989289.371,89.371,0.57,0.58,0.42,0.43,0.01,0.01,71670.43,1775989288000
1775989289.739,89.739,0.57,0.58,0.42,0.43,0.01,0.01,71670.43,1775989288000
1775989290.084,90.084,0.58,0.59,0.41,0.42,0.01,0.01,71670.43,1775989288000
1775989290.464,90.464,0.58,0.59,0.41,0.42,0.01,0.01,71670.44,1775989289000
1775989290.848,90.848,0.58,0.59,0.41,0.42,0.01,0.01,71670.44,1775989289000
1775989291.185,91.185,0.58,0.59,0.41,0.42,0.01,0.01,71670.44,1775989289000
1775989291.523,91.523,0.6,0.61,0.39,0.4,0.01,0.01,71670.44,1775989290000
1775989291.861,91.861,0.6,0.61,0.39,0.4,0.01,0.01,71670.44,1775989290000
1775989292.23,92.23,0.6,0.61,0.39,0.4,0.01,0.01,71671.11,1775989291000
1775989292.796,92.796,0.6,0.61,0.39,0.4,0.01,0.01,71671.11,1775989291000
1775989293.129,93.129,0.6,0.61,0.39,0.4,0.01,0.01,71671.11,1775989291000
1775989293.478,93.478,0.6,0.61,0.39,0.41,0.01,0.02,71672.28,1775989292000
1775989294.043,94.043,0.6,0.61,0.39,0.4,0.01,0.01,71672.28,1775989292000
1775989294.596,94.596,0.6,0.61,0.39,0.4,0.01,0.01,71671.78,1775989293000
1775989294.949,94.949,0.6,0.61,0.39,0.4,0.01,0.01,71671.78,1775989293000
1775989295.399,95.399,0.6,0.61,0.39,0.4,0.01,0.01,71672.23,1775989294000
1775989295.761,95.761,0.6,0.61,0.39,0.4,0.01,0.01,71672.23,1775989294000
1775989296.094,96.094,0.6,0.61,0.39,0.4,0.01,0.01,71672.17,1775989295000
1775989296.428,96.428,0.61,0.62,0.38,0.39,0.01,0.01,71672.17,1775989295000
1775989296.793,96.793,0.61,0.62,0.38,0.39,0.01,0.01,71672.17,1775989295000
1775989297.145,97.145,0.61,0.62,0.38,0.39,0.01,0.01,71672.17,1775989295000
1775989297.482,97.482,0.61,0.62,0.38,0.39,0.01,0.01,71672.17,1775989295000
1775989297.846,97.846,0.6,0.62,0.38,0.4,0.02,0.02,71672.67,1775989296000
1775989298.214,98.214,0.61,0.62,0.38,0.39,0.01,0.01,71672.67,1775989296000
1775989298.553,98.553,0.61,0.67,0.38,0.39,0.06,0.01,71672.68,1775989297000
1775989299.14,99.14,0.61,0.62,0.38,0.39,0.01,0.01,71672.68,1775989297000
1775989299.605,99.605,0.61,0.62,0.38,0.39,0.01,0.01,71672.68,1775989298000
1775989299.957,99.957,0.61,0.62,0.38,0.39,0.01,0.01,71672.68,1775989298000
1775989300.313,100.313,0.61,0.62,0.38,0.39,0.01,0.01,71672.74,1775989299000
1775989300.674,100.674,0.61,0.62,0.38,0.39,0.01,0.01,71672.74,1775989299000
1775989301.01,101.01,0.61,0.62,0.38,0.39,0.01,0.01,71672.74,1775989299000
1775989301.48,101.48,0.61,0.62,0.38,0.4,0.01,0.02,71672.74,1775989300000
1775989302.004,102.004,0.6,0.61,0.38,0.39,0.01,0.01,71672.74,1775989300000
1775989303.15,103.15,0.6,0.61,0.39,0.4,0.01,0.01,71672.61,1775989301000
1775989303.668,103.668,0.6,0.62,0.39,0.4,0.02,0.01,71672.62,1775989302000
1775989304.037,104.037,0.6,0.7,0.38,0.4,0.1,0.02,71672.62,1775989302000
1775989304.375,104.375,0.61,0.63,0.37,0.39,0.02,0.02,71672.75,1775989303000
1775989304.722,104.722,0.61,0.63,0.37,0.38,0.02,0.01,71672.75,1775989303000
1775989305.396,105.396,0.61,0.73,0.38,0.39,0.12,0.01,71672.75,1775989304000
1775989305.739,105.739,0.61,0.62,0.38,0.39,0.01,0.01,71672.75,1775989304000
1775989306.198,106.198,0.61,0.62,0.38,0.39,0.01,0.01,71672.61,1775989305000
1775989306.534,106.534,0.61,0.62,0.38,0.39,0.01,0.01,71672.61,1775989305000
1775989306.973,106.973,0.61,0.64,0.38,0.39,0.03,0.01,71672.83,1775989306000
1775989307.388,107.388,0.61,0.62,0.38,0.39,0.01,0.01,71672.83,1775989306000
1775989307.747,107.747,0.61,0.62,0.38,0.39,0.01,0.01,71672.83,1775989306000
1775989308.119,108.119,0.61,0.62,0.38,0.39,0.01,0.01,71672.87,1775989307000
1775989308.597,108.597,0.6,0.61,0.38,0.39,0.01,0.01,71672.87,1775989307000
1775989309.142,109.142,0.6,0.61,0.26,0.4,0.01,0.14,71672.87,1775989307000
1775989309.573,109.573,0.6,0.61,0.39,0.4,0.01,0.01,71671.72,1775989308000
1775989310.142,110.142,0.6,0.61,0.39,0.4,0.01,0.01,71671.72,1775989308000
1775989310.599,110.599,0.6,0.61,0.39,0.4,0.01,0.01,71671.72,1775989308000
1775989310.935,110.935,0.6,0.61,0.39,0.4,0.01,0.01,71671.71,1775989309000
1775989311.397,111.397,0.61,0.62,0.39,0.4,0.01,0.01,71671.71,1775989309000
1775989311.849,111.849,0.61,0.62,0.38,0.39,0.01,0.01,71671.71,1775989309000
1775989312.649,112.649,0.61,0.62,0.38,0.39,0.01,0.01,71671.72,1775989311000
1775989313.029,113.029,0.61,0.62,0.38,0.39,0.01,0.01,71671.72,1775989311000
1775989313.406,113.406,0.55,0.62,0.38,0.39,0.07,0.01,71671.57,1775989312000
1775989313.763,113.763,0.6,0.61,0.39,0.4,0.01,0.01,71671.57,1775989312000
1775989314.194,114.194,0.6,0.61,0.39,0.4,0.01,0.01,71671.57,1775989312000
1775989314.587,114.587,0.6,0.62,0.26,0.4,0.02,0.14,71671.57,1775989313000
1775989314.965,114.965,0.6,0.61,0.38,0.4,0.01,0.02,71671.57,1775989313000
1775989315.302,115.302,0.59,0.6,0.39,0.41,0.01,0.02,71671.58,1775989314000
1775989315.639,115.639,0.59,0.6,0.4,0.41,0.01,0.01,71671.58,1775989314000
1775989315.977,115.977,0.59,0.6,0.4,0.41,0.01,0.01,71671.58,1775989314000
1775989316.364,116.364,0.58,0.59,0.41,0.42,0.01,0.01,71672.87,1775989315000
1775989316.7,116.7,0.58,0.59,0.41,0.42,0.01,0.01,71672.87,1775989315000
1775989317.156,117.156,0.56,0.57,0.42,0.44,0.01,0.02,71672.87,1775989315000
1775989317.639,117.639,0.56,0.57,0.42,0.44,0.01,0.02,71672.88,1775989316000
1775989318.091,118.091,0.55,0.56,0.44,0.45,0.01,0.01,71672.88,1775989316000
1775989318.713,118.713,0.55,0.75,0.43,0.45,0.2,0.02,71672.88,1775989317000
1775989319.053,119.053,0.56,0.57,0.43,0.44,0.01,0.01,71672.88,1775989317000
1775989319.436,119.436,0.56,0.57,0.43,0.44,0.01,0.01,71671.58,1775989318000
1775989319.771,119.771,0.56,0.57,0.43,0.44,0.01,0.01,71671.58,1775989318000
1775989320.182,120.182,0.6,0.61,0.39,0.4,0.01,0.01,71671.58,1775989318000
1775989320.787,120.787,0.6,0.61,0.39,0.4,0.01,0.01,71671.87,1775989319000
1775989321.324,121.324,0.61,0.62,0.38,0.39,0.01,0.01,71671.13,1775989320000
1775989322.085,122.085,0.6,0.62,0.38,0.4,0.02,0.02,71670.94,1775989321000
1775989322.786,122.786,0.61,0.62,0.38,0.39,0.01,0.01,71670.94,1775989321000
1775989323.341,123.341,0.61,0.62,0.38,0.39,0.01,0.01,71671.21,1775989322000
1775989323.941,123.941,0.61,0.62,0.38,0.39,0.01,0.01,71671.21,1775989322000
1775989324.463,124.463,0.6,0.62,0.38,0.39,0.02,0.01,71671.21,1775989322000
1775989324.904,124.904,0.6,0.61,0.38,0.4,0.01,0.02,71671.01,1775989323000
1775989325.238,125.238,0.6,0.61,0.39,0.4,0.01,0.01,71673.21,1775989324000
1775989325.772,125.772,0.65,0.66,0.27,0.4,0.01,0.13,71673.21,1775989324000
1775989326.11,126.11,0.63,0.65,0.35,0.37,0.02,0.02,71673.21,1775989324000
1775989326.467,126.467,0.62,0.64,0.36,0.37,0.02,0.01,71673.21,1775989324000
1775989326.8,126.8,0.61,0.62,0.38,0.39,0.01,0.01,71673.21,1775989324000
1775989327.259,127.259,0.57,0.62,0.38,0.39,0.05,0.01,71673.21,1775989325000
1775989327.656,127.656,0.57,0.6,0.39,0.4,0.03,0.01,71673.21,1775989325000
1775989328.658,128.658,0.57,0.58,0.41,0.42,0.01,0.01,71671.32,1775989326000
1775989329.098,129.098,0.57,0.58,0.42,0.43,0.01,0.01,71671.0,1775989327000
1775989329.465,129.465,0.58,0.59,0.41,0.42,0.01,0.01,71670.23,1775989328000
1775989330.063,130.063,0.58,0.59,0.41,0.42,0.01,0.01,71670.23,1775989328000
1775989330.543,130.543,0.58,0.59,0.41,0.42,0.01,0.01,71670.02,1775989329000
1775989330.916,130.916,0.58,0.59,0.41,0.42,0.01,0.01,71670.02,1775989329000
1775989331.249,131.249,0.55,0.59,0.41,0.43,0.04,0.02,71670.02,1775989329000
1775989331.589,131.589,0.54,0.55,0.45,0.46,0.01,0.01,71670.02,1775989329000
1775989331.939,131.939,0.54,0.55,0.45,0.46,0.01,0.01,71669.53,1775989330000
1775989332.283,132.283,0.54,0.55,0.45,0.46,0.01,0.01,71669.66,1775989331000
1775989332.633,132.633,0.54,0.55,0.45,0.46,0.01,0.01,71669.66,1775989331000
1775989333.022,133.022,0.53,0.54,0.46,0.47,0.01,0.01,71669.66,1775989331000
1775989333.412,133.412,0.53,0.54,0.46,0.47,0.01,0.01,71669.66,1775989331000
1775989334.008,134.008,0.53,0.54,0.46,0.47,0.01,0.01,71669.53,1775989332000
1775989334.759,134.759,0.53,0.54,0.46,0.47,0.01,0.01,71672.22,1775989333000
1775989335.181,135.181,0.53,0.54,0.46,0.47,0.01,0.01,71672.22,1775989333000
1775989335.609,135.609,0.54,0.55,0.37,0.47,0.01,0.1,71669.66,1775989334000
1775989335.954,135.954,0.54,0.55,0.45,0.46,0.01,0.01,71668.69,1775989335000
1775989336.7,136.7,0.54,0.55,0.45,0.46,0.01,0.01,71668.69,1775989335000
1775989337.125,137.125,0.56,0.57,0.43,0.44,0.01,0.01,71668.72,1775989336000
1775989337.523,137.523,0.58,0.59,0.4,0.41,0.01,0.01,71668.72,1775989336000
1775989337.858,137.858,0.58,0.59,0.41,0.42,0.01,0.01,71668.72,1775989336000
1775989338.281,138.281,0.58,0.59,0.41,0.42,0.01,0.01,71669.05,1775989337000
1775989338.714,138.714,0.58,0.59,0.41,0.42,0.01,0.01,71669.05,1775989337000
1775989339.166,139.166,0.61,0.62,0.37,0.39,0.01,0.02,71669.05,1775989337000
1775989339.998,139.998,0.61,0.62,0.38,0.39,0.01,0.01,71670.18,1775989339000
1775989340.338,140.338,0.6,0.61,0.39,0.4,0.01,0.01,71670.18,1775989339000
1775989340.716,140.716,0.58,0.59,0.4,0.42,0.01,0.02,71670.18,1775989339000
1775989341.159,141.159,0.58,0.59,0.41,0.42,0.01,0.01,71670.18,1775989339000
1775989341.589,141.589,0.58,0.59,0.41,0.42,0.01,0.01,71670.2,1775989340000
1775989342.265,142.265,0.58,0.59,0.41,0.42,0.01,0.01,71670.2,1775989340000
1775989343.1,143.1,0.58,0.59,0.41,0.42,0.01,0.01,71670.32,1775989341000
1775989343.46,143.46,0.58,0.59,0.41,0.42,0.01,0.01,71670.32,1775989341000
1775989343.799,143.799,0.58,0.59,0.41,0.42,0.01,0.01,71670.2,1775989342000
1775989344.206,144.206,0.58,0.59,0.41,0.42,0.01,0.01,71670.23,1775989343000
1775989344.554,144.554,0.58,0.59,0.41,0.42,0.01,0.01,71670.23,1775989343000
1775989345.166,145.166,0.58,0.59,0.41,0.42,0.01,0.01,71672.8,1775989344000
1775989345.629,145.629,0.59,0.61,0.33,0.42,0.02,0.09,71672.8,1775989344000
1775989345.973,145.973,0.59,0.61,0.39,0.41,0.02,0.02,71672.8,1775989344000
1775989346.62,146.62,0.6,0.61,0.39,0.4,0.01,0.01,71670.26,1775989345000
1775989347.804,147.804,0.6,0.61,0.39,0.4,0.01,0.01,71672.81,1775989346000
1775989348.187,148.187,0.6,0.61,0.39,0.4,0.01,0.01,71672.81,1775989346000
1775989348.56,148.56,0.6,0.61,0.39,0.4,0.01,0.01,71670.48,1775989347000
1775989349.047,149.047,0.6,0.61,0.26,0.4,0.01,0.14,71670.48,1775989347000
1775989349.421,149.421,0.58,0.59,0.41,0.42,0.01,0.01,71668.17,1775989348000
1775989349.968,149.968,0.58,0.59,0.41,0.42,0.01,0.01,71668.17,1775989348000
1775989350.303,150.303,0.57,0.59,0.41,0.44,0.02,0.03,71668.17,1775989348000
1775989350.89,150.89,0.56,0.58,0.42,0.43,0.02,0.01,71668.16,1775989349000
1775989351.275,151.275,0.56,0.57,0.43,0.44,0.01,0.01,71668.75,1775989350000
1775989351.833,151.833,0.56,0.57,0.43,0.44,0.01,0.01,71668.75,1775989350000
1775989352.206,152.206,0.56,0.57,0.43,0.44,0.01,0.01,71668.75,1775989350000
1775989352.662,152.662,0.56,0.57,0.43,0.44,0.01,0.01,71668.75,1775989350000
1775989353.003,153.003,0.56,0.57,0.43,0.44,0.01,0.01,71670.3,1775989351000
1775989353.339,153.339,0.56,0.57,0.43,0.44,0.01,0.01,71670.3,1775989351000
1775989353.974,153.974,0.56,0.57,0.43,0.44,0.01,0.01,71672.21,1775989353000
1775989354.322,154.322,0.56,0.57,0.26,0.44,0.01,0.18,71672.21,1775989353000
1775989354.75,154.75,0.56,0.57,0.43,0.44,0.01,0.01,71672.21,1775989353000
1775989355.261,155.261,0.59,0.6,0.39,0.44,0.01,0.05,71672.21,1775989353000
1775989355.597,155.597,0.58,0.59,0.41,0.42,0.01,0.01,71672.25,1775989354000
1775989355.942,155.942,0.58,0.59,0.4,0.43,0.01,0.03,71672.25,1775989354000
1775989356.618,156.618,0.58,0.59,0.41,0.42,0.01,0.01,71672.25,1775989355000
1775989357.05,157.05,0.58,0.59,0.41,0.42,0.01,0.01,71672.25,1775989355000
1775989357.383,157.383,0.58,0.59,0.41,0.42,0.01,0.01,71672.27,1775989356000
1775989357.809,157.809,0.58,0.59,0.41,0.42,0.01,0.01,71672.27,1775989356000
1775989358.691,158.691,0.58,0.59,0.41,0.42,0.01,0.01,71672.46,1775989357000
1775989359.034,159.034,0.58,0.59,0.41,0.42,0.01,0.01,71672.46,1775989357000
1775989359.504,159.504,0.58,0.59,0.41,0.42,0.01,0.01,71672.45,1775989358000
1775989360.665,160.665,0.58,0.59,0.41,0.42,0.01,0.01,71672.45,1775989359000
1775989361.017,161.017,0.58,0.73,0.41,0.42,0.15,0.01,71672.45,1775989359000
1775989361.353,161.353,0.58,0.59,0.41,0.42,0.01,0.01,71672.45,1775989359000
1775989362.287,162.287,0.58,0.59,0.41,0.42,0.01,0.01,71672.5,1775989361000
1775989362.642,162.642,0.6,0.61,0.39,0.41,0.01,0.02,71672.5,1775989361000
1775989363.141,163.141,0.6,0.61,0.39,0.4,0.01,0.01,71672.5,1775989361000
1775989363.498,163.498,0.6,0.61,0.39,0.4,0.01,0.01,71672.5,1775989361000
1775989364.364,164.364,0.6,0.61,0.39,0.4,0.01,0.01,71672.48,1775989362000
1775989364.716,164.716,0.6,0.61,0.39,0.4,0.01,0.01,71672.48,1775989363000
1775989365.298,165.298,0.6,0.61,0.39,0.4,0.01,0.01,71672.47,1775989364000
1775989365.636,165.636,0.58,0.61,0.39,0.4,0.03,0.01,71672.47,1775989364000
1775989365.981,165.981,0.58,0.59,0.39,0.42,0.01,0.03,71672.47,1775989364000
1775989366.786,166.786,0.57,0.61,0.42,0.43,0.04,0.01,71671.53,1775989365000
1775989367.727,167.727,0.58,0.59,0.41,0.42,0.01,0.01,71672.42,1775989366000
1775989368.304,168.304,0.57,0.58,0.41,0.42,0.01,0.01,71672.42,1775989366000
1775989368.702,168.702,0.56,0.58,0.42,0.44,0.02,0.02,71672.42,1775989367000
1775989369.053,169.053,0.56,0.57,0.43,0.44,0.01,0.01,71672.42,1775989367000
1775989369.591,169.591,0.56,0.57,0.43,0.44,0.01,0.01,71672.42,1775989368000
1775989370.586,170.586,0.56,0.57,0.43,0.44,0.01,0.01,71672.49,1775989369000
1775989371.486,171.486,0.56,0.57,0.43,0.44,0.01,0.01,71670.78,1775989370000
1775989372.066,172.066,0.56,0.57,0.43,0.44,0.01,0.01,71670.95,1775989371000
1775989372.746,172.746,0.56,0.57,0.43,0.44,0.01,0.01,71670.95,1775989371000
1775989373.449,173.449,0.56,0.57,0.43,0.44,0.01,0.01,71670.95,1775989371000
1775989374.261,174.261,0.56,0.57,0.43,0.44,0.01,0.01,71670.78,1775989372000
1775989374.74,174.74,0.56,0.57,0.43,0.44,0.01,0.01,71670.63,1775989373000
1775989375.829,175.829,0.56,0.57,0.43,0.44,0.01,0.01,71670.62,1775989374000
1775989376.21,176.21,0.56,0.57,0.43,0.44,0.01,0.01,71672.42,1775989375000
1775989376.595,176.595,0.56,0.57,0.43,0.44,0.01,0.01,71672.42,1775989375000
1775989377.287,177.287,0.56,0.57,0.43,0.44,0.01,0.01,71672.42,1775989375000
1775989378.433,178.433,0.56,0.57,0.43,0.44,0.01,0.01,71672.46,1775989376000
1775989378.87,178.87,0.56,0.57,0.43,0.44,0.01,0.01,71672.48,1775989377000
1775989379.632,179.632,0.56,0.57,0.43,0.44,0.01,0.01,71672.48,1775989378000
1775989380.018,180.018,0.56,0.57,0.43,0.44,0.01,0.01,71672.49,1775989379000
1775989380.503,180.503,0.56,0.57,0.43,0.44,0.01,0.01,71672.49,1775989379000
1775989380.966,180.966,0.56,0.57,0.43,0.44,0.01,0.01,71671.04,1775989380000
1775989381.505,181.505,0.56,0.57,0.43,0.44,0.01,0.01,71671.04,1775989380000
1775989381.883,181.883,0.55,0.56,0.44,0.45,0.01,0.01,71671.04,1775989380000
1775989382.669,182.669,0.55,0.56,0.44,0.45,0.01,0.01,71670.99,1775989381000
1775989383.027,183.027,0.52,0.56,0.44,0.45,0.04,0.01,71670.8,1775989382000
1775989383.391,183.391,0.49,0.51,0.49,0.51,0.02,0.02,71670.8,1775989382000
1775989383.728,183.728,0.48,0.5,0.5,0.52,0.02,0.02,71670.8,1775989382000
1775989384.173,184.173,0.48,0.49,0.51,0.52,0.01,0.01,71670.8,1775989383000
1775989384.509,184.509,0.48,0.49,0.51,0.53,0.01,0.02,71670.8,1775989383000
1775989384.846,184.846,0.47,0.49,0.51,0.52,0.02,0.01,71670.8,1775989383000
1775989385.193,185.193,0.47,0.48,0.52,0.53,0.01,0.01,71668.29,1775989384000
1775989385.533,185.533,0.47,0.48,0.52,0.53,0.01,0.01,71668.29,1775989384000
1775989385.878,185.878,0.47,0.48,0.52,0.53,0.01,0.01,71668.29,1775989384000
1775989386.217,186.217,0.46,0.47,0.53,0.54,0.01,0.01,71667.89,1775989385000
1775989386.703,186.703,0.46,0.47,0.53,0.54,0.01,0.01,71667.89,1775989385000
1775989387.08,187.08,0.46,0.47,0.53,0.54,0.01,0.01,71666.75,1775989386000
1775989387.563,187.563,0.46,0.47,0.53,0.54,0.01,0.01,71666.75,1775989386000
1775989388.012,188.012,0.46,0.47,0.53,0.54,0.01,0.01,71666.75,1775989386000
1775989388.358,188.358,0.46,0.47,0.53,0.54,0.01,0.01,71666.75,1775989387000
1775989388.692,188.692,0.46,0.47,0.53,0.54,0.01,0.01,71666.75,1775989387000
1775989389.113,189.113,0.46,0.51,0.53,0.54,0.05,0.01,71666.75,1775989387000
1775989389.482,189.482,0.46,0.47,0.53,0.54,0.01,0.01,71666.8,1775989388000
1775989389.837,189.837,0.46,0.47,0.53,0.54,0.01,0.01,71666.8,1775989388000
1775989390.183,190.183,0.46,0.47,0.53,0.54,0.01,0.01,71668.48,1775989389000
1775989390.531,190.531,0.46,0.47,0.53,0.54,0.01,0.01,71668.48,1775989389000
1775989390.982,190.982,0.46,0.47,0.53,0.54,0.01,0.01,71668.48,1775989390000
1775989391.319,191.319,0.46,0.47,0.53,0.54,0.01,0.01,71668.48,1775989390000
1775989391.832,191.832,0.45,0.46,0.54,0.55,0.01,0.01,71668.48,1775989390000
1775989392.412,192.412,0.45,0.46,0.54,0.55,0.01,0.01,71668.3,1775989391000
1775989393.006,193.006,0.45,0.46,0.54,0.55,0.01,0.01,71668.3,1775989391000
1775989393.369,193.369,0.45,0.46,0.54,0.55,0.01,0.01,71668.3,1775989392000
1775989393.718,193.718,0.46,0.47,0.54,0.55,0.01,0.01,71668.3,1775989392000
1775989394.394,194.394,0.47,0.48,0.53,0.54,0.01,0.01,71668.3,1775989392000
1775989394.73,194.73,0.47,0.48,0.52,0.53,0.01,0.01,71668.34,1775989393000
1775989395.088,195.088,0.47,0.48,0.52,0.53,0.01,0.01,71668.34,1775989394000
1775989395.513,195.513,0.48,0.49,0.51,0.53,0.01,0.02,71668.34,1775989394000
1775989395.848,195.848,0.5,0.51,0.49,0.5,0.01,0.01,71668.34,1775989394000
1775989396.433,196.433,0.5,0.51,0.49,0.5,0.01,0.01,71668.14,1775989395000
1775989396.769,196.769,0.5,0.51,0.49,0.5,0.01,0.01,71668.14,1775989395000
1775989397.114,197.114,0.49,0.5,0.5,0.51,0.01,0.01,71668.14,1775989395000
1775989397.457,197.457,0.49,0.5,0.5,0.51,0.01,0.01,71665.53,1775989396000
1775989397.798,197.798,0.49,0.5,0.5,0.51,0.01,0.01,71665.53,1775989396000
1775989398.147,198.147,0.52,0.53,0.47,0.48,0.01,0.01,71667.05,1775989397000
1775989398.571,198.571,0.53,0.54,0.46,0.47,0.01,0.01,71667.05,1775989397000
1775989399.101,199.101,0.53,0.54,0.46,0.47,0.01,0.01,71667.05,1775989397000
1775989399.453,199.453,0.53,0.54,0.46,0.47,0.01,0.01,71667.05,1775989397000
1775989399.901,199.901,0.53,0.54,0.46,0.47,0.01,0.01,71669.15,1775989398000
1775989400.24,200.24,0.53,0.54,0.46,0.47,0.01,0.01,71669.23,1775989399000
1775989400.727,200.727,0.54,0.55,0.45,0.46,0.01,0.01,71669.23,1775989399000
1775989401.108,201.108,0.54,0.55,0.45,0.46,0.01,0.01,71669.23,1775989399000
1775989401.922,201.922,0.54,0.55,0.45,0.46,0.01,0.01,71669.41,1775989400000
1775989402.271,202.271,0.54,0.55,0.45,0.46,0.01,0.01,71669.41,1775989400000
1775989402.836,202.836,0.54,0.55,0.45,0.46,0.01,0.01,71669.28,1775989401000
1775989403.625,203.625,0.54,0.55,0.45,0.46,0.01,0.01,71669.29,1775989402000
1775989403.968,203.968,0.57,0.58,0.3,0.46,0.01,0.16,71669.29,1775989402000
1775989404.317,204.317,0.56,0.57,0.43,0.44,0.01,0.01,71669.49,1775989403000
1775989404.853,204.853,0.56,0.57,0.43,0.44,0.01,0.01,71669.49,1775989403000
1775989405.192,205.192,0.56,0.57,0.43,0.44,0.01,0.01,71669.49,1775989404000
1775989405.536,205.536,0.55,0.56,0.44,0.45,0.01,0.01,71669.49,1775989404000
1775989405.98,205.98,0.56,0.57,0.43,0.44,0.01,0.01,71669.49,1775989404000
1775989406.406,206.406,0.55,0.56,0.43,0.45,0.01,0.02,71669.53,1775989405000
1775989407.135,207.135,0.55,0.83,0.44,0.45,0.28,0.01,71669.53,1775989405000
1775989407.476,207.476,0.55,0.56,0.17,0.45,0.01,0.28,71669.53,1775989405000
1775989407.872,207.872,0.55,0.56,0.44,0.45,0.01,0.01,71669.53,1775989405000
1775989408.327,208.327,0.55,0.56,0.44,0.45,0.01,0.01,71669.61,1775989406000
1775989408.94,208.94,0.55,0.56,0.44,0.45,0.01,0.01,71669.61,1775989407000
1775989409.308,209.308,0.55,0.56,0.44,0.45,0.01,0.01,71668.92,1775989408000
1775989409.683,209.683,0.56,0.57,0.43,0.44,0.01,0.01,71668.92,1775989408000
1775989410.066,210.066,0.56,0.57,0.43,0.44,0.01,0.01,71668.92,1775989408000
1775989410.415,210.415,0.55,0.57,0.43,0.44,0.02,0.01,71667.59,1775989409000
1775989410.76,210.76,0.56,0.82,0.18,0.44,0.26,0.26,71667.59,1775989409000
1775989411.097,211.097,0.56,0.58,0.42,0.44,0.02,0.02,71667.59,1775989409000
1775989411.508,211.508,0.57,0.58,0.42,0.43,0.01,0.01,71667.59,1775989410000
1775989411.885,211.885,0.57,0.58,0.42,0.43,0.01,0.01,71667.59,1775989410000
1775989412.223,212.223,0.57,0.58,0.42,0.43,0.01,0.01,71667.59,1775989410000
1775989412.565,212.565,0.57,0.58,0.42,0.43,0.01,0.01,71667.77,1775989411000
1775989412.906,212.906,0.57,0.58,0.42,0.43,0.01,0.01,71667.77,1775989411000
1775989413.662,213.662,0.55,0.58,0.42,0.44,0.03,0.02,71669.22,1775989412000
1775989414.01,214.01,0.56,0.57,0.43,0.44,0.01,0.01,71669.14,1775989413000
1775989414.577,214.577,0.56,0.57,0.43,0.44,0.01,0.01,71669.14,1775989413000
1775989414.95,214.95,0.54,0.83,0.45,0.46,0.29,0.01,71669.14,1775989413000
1775989415.289,215.289,0.54,0.55,0.45,0.46,0.01,0.01,71669.14,1775989413000
1775989415.623,215.623,0.54,0.55,0.45,0.46,0.01,0.01,71669.14,1775989414000
1775989415.969,215.969,0.54,0.55,0.45,0.46,0.01,0.01,71669.07,1775989415000
1775989416.324,216.324,0.54,0.55,0.45,0.46,0.01,0.01,71669.07,1775989415000
1775989416.77,216.77,0.54,0.58,0.45,0.46,0.04,0.01,71669.07,1775989415000
1775989417.115,217.115,0.69,0.7,0.3,0.31,0.01,0.01,71669.07,1775989415000
1775989417.459,217.459,0.71,0.72,0.28,0.29,0.01,0.01,71668.37,1775989416000
1775989417.804,217.804,0.73,0.75,0.25,0.27,0.02,0.02,71668.37,1775989416000
1775989418.138,218.138,0.74,0.75,0.25,0.26,0.01,0.01,71668.36,1775989417000
1775989418.478,218.478,0.72,0.73,0.27,0.28,0.01,0.01,71668.36,1775989417000
1775989418.812,218.812,0.72,0.73,0.27,0.28,0.01,0.01,71668.36,1775989417000
1775989419.165,219.165,0.71,0.72,0.28,0.29,0.01,0.01,71671.01,1775989418000
1775989419.502,219.502,0.71,0.72,0.28,0.29,0.01,0.01,71671.01,1775989418000
1775989419.976,219.976,0.71,0.72,0.28,0.29,0.01,0.01,71671.01,1775989418000
1775989420.346,220.346,0.71,0.72,0.28,0.29,0.01,0.01,71674.03,1775989419000
1775989420.755,220.755,0.71,0.72,0.28,0.29,0.01,0.01,71674.03,1775989419000
1775989421.27,221.27,0.7,0.71,0.28,0.3,0.01,0.02,71674.03,1775989419000
1775989421.659,221.659,0.69,0.7,0.3,0.31,0.01,0.01,71674.16,1775989420000
1775989421.997,221.997,0.72,0.74,0.26,0.27,0.02,0.01,71674.16,1775989420000
1775989422.409,222.409,0.72,0.73,0.27,0.28,0.01,0.01,71674.16,1775989420000
1775989422.742,222.742,0.72,0.73,0.27,0.28,0.01,0.01,71674.16,1775989420000
1775989423.087,223.087,0.72,0.73,0.27,0.28,0.01,0.01,71676.06,1775989421000
1775989423.652,223.652,0.72,0.73,0.27,0.28,0.01,0.01,71676.06,1775989422000
1775989423.987,223.987,0.72,0.73,0.27,0.28,0.01,0.01,71676.06,1775989423000
1775989424.402,224.402,0.72,0.73,0.27,0.28,0.01,0.01,71676.06,1775989423000
1775989424.893,224.893,0.72,0.73,0.27,0.28,0.01,0.01,71676.06,1775989423000
1775989425.497,225.497,0.72,0.73,0.27,0.28,0.01,0.01,71676.09,1775989424000
1775989425.914,225.914,0.72,0.73,0.27,0.28,0.01,0.01,71676.06,1775989425000
1775989426.248,226.248,0.72,0.73,0.27,0.28,0.01,0.01,71676.06,1775989425000
1775989426.79,226.79,0.72,0.73,0.27,0.28,0.01,0.01,71676.06,1775989425000
1775989427.155,227.155,0.72,0.73,0.27,0.28,0.01,0.01,71676.06,1775989426000
1775989427.519,227.519,0.72,0.73,0.27,0.28,0.01,0.01,71676.06,1775989426000
1775989427.861,227.861,0.71,0.73,0.27,0.29,0.02,0.02,71676.05,1775989427000
1775989428.198,228.198,0.71,0.72,0.28,0.29,0.01,0.01,71676.05,1775989427000
1775989428.576,228.576,0.71,0.72,0.11,0.29,0.01,0.18,71676.05,1775989427000
1775989428.955,228.955,0.71,0.72,0.28,0.29,0.01,0.01,71676.04,1775989428000
1775989429.575,229.575,0.71,0.72,0.28,0.29,0.01,0.01,71676.04,1775989428000
1775989429.937,229.937,0.71,0.72,0.28,0.29,0.01,0.01,71676.03,1775989429000
1775989430.29,230.29,0.69,0.72,0.28,0.29,0.03,0.01,71676.03,1775989429000
1775989430.755,230.755,0.7,0.71,0.28,0.3,0.01,0.02,71676.03,1775989429000
1775989431.181,231.181,0.7,0.71,0.29,0.3,0.01,0.01,71675.96,1775989430000
1775989431.524,231.524,0.7,0.71,0.29,0.3,0.01,0.01,71675.96,1775989430000
1775989431.878,231.878,0.7,0.71,0.29,0.3,0.01,0.01,71675.96,1775989431000
1775989432.215,232.215,0.7,0.71,0.29,0.3,0.01,0.01,71675.96,1775989431000
1775989432.597,232.597,0.7,0.71,0.29,0.3,0.01,0.01,71675.96,1775989431000
1775989433.046,233.046,0.69,0.71,0.29,0.3,0.02,0.01,71676.03,1775989432000
1775989433.669,233.669,0.7,0.71,0.29,0.31,0.01,0.02,71676.03,1775989432000
1775989434.182,234.182,0.7,0.71,0.1,0.3,0.01,0.2,71676.03,1775989433000
1775989434.534,234.534,0.7,0.71,0.29,0.31,0.01,0.02,71676.03,1775989433000
1775989434.923,234.923,0.69,0.7,0.3,0.31,0.01,0.01,71676.03,1775989433000
1775989435.296,235.296,0.7,0.71,0.29,0.31,0.01,0.02,71675.91,1775989434000
1775989435.771,235.771,0.7,0.71,0.29,0.3,0.01,0.01,71675.91,1775989434000
1775989436.264,236.264,0.7,0.71,0.29,0.3,0.01,0.01,71675.91,1775989434000
1775989436.658,236.658,0.7,0.71,0.29,0.3,0.01,0.01,71675.09,1775989435000
1775989437.134,237.134,0.7,0.71,0.29,0.3,0.01,0.01,71675.09,1775989436000
1775989437.656,237.656,0.71,0.72,0.28,0.29,0.01,0.01,71675.09,1775989436000
1775989438.253,238.253,0.71,0.72,0.28,0.29,0.01,0.01,71675.23,1775989437000
1775989438.903,238.903,0.71,0.72,0.28,0.29,0.01,0.01,71675.23,1775989437000
1775989439.557,239.557,0.71,0.72,0.28,0.29,0.01,0.01,71674.76,1775989438000
1775989439.891,239.891,0.71,0.72,0.28,0.29,0.01,0.01,71674.76,1775989438000
1775989440.287,240.287,0.71,0.72,0.28,0.3,0.01,0.02,71674.58,1775989439000
1775989440.632,240.632,0.71,0.73,0.28,0.29,0.02,0.01,71674.58,1775989439000
1775989441.038,241.038,0.74,0.75,0.09,0.29,0.01,0.2,71674.58,1775989439000
1775989441.436,241.436,0.74,0.75,0.25,0.26,0.01,0.01,71674.85,1775989440000
1775989441.8,241.8,0.74,0.75,0.25,0.26,0.01,0.01,71674.85,1775989440000
1775989442.215,242.215,0.74,0.75,0.25,0.26,0.01,0.01,71675.04,1775989441000
1775989442.635,242.635,0.75,0.76,0.24,0.25,0.01,0.01,71675.04,1775989441000
1775989443.055,243.055,0.8,0.81,0.19,0.2,0.01,0.01,71675.04,1775989441000
1775989443.421,243.421,0.79,0.8,0.2,0.21,0.01,0.01,71675.2,1775989442000
1775989443.86,243.86,0.79,0.8,0.2,0.21,0.01,0.01,71675.2,1775989442000
1775989444.244,244.244,0.75,0.8,0.2,0.21,0.05,0.01,71674.99,1775989443000
1775989444.648,244.648,0.78,0.8,0.21,0.22,0.02,0.01,71674.99,1775989443000
1775989445.219,245.219,0.78,0.79,0.21,0.23,0.01,0.02,71675.27,1775989444000
1775989445.608,245.608,0.77,0.79,0.21,0.22,0.02,0.01,71675.27,1775989444000
1775989445.958,245.958,0.77,0.78,0.22,0.23,0.01,0.01,71675.34,1775989445000
1775989446.514,246.514,0.77,0.79,0.08,0.24,0.02,0.16,71675.34,1775989445000
1775989446.865,246.865,0.78,0.79,0.21,0.22,0.01,0.01,71675.45,1775989446000
1775989447.271,247.271,0.74,0.76,0.25,0.26,0.02,0.01,71675.45,1775989446000
1775989447.725,247.725,0.74,0.76,0.24,0.25,0.02,0.01,71675.45,1775989446000
1775989448.503,248.503,0.74,0.76,0.25,0.26,0.02,0.01,71675.76,1775989447000
1775989448.965,248.965,0.74,0.76,0.24,0.26,0.02,0.02,71675.76,1775989447000
1775989449.313,249.313,0.74,0.75,0.25,0.26,0.01,0.01,71675.9,1775989448000
1775989449.761,249.761,0.73,0.75,0.25,0.26,0.02,0.01,71675.9,1775989448000
1775989450.118,250.118,0.66,0.75,0.26,0.27,0.09,0.01,71675.9,1775989448000
1775989450.468,250.468,0.71,0.72,0.24,0.3,0.01,0.06,71675.91,1775989449000
1775989450.998,250.998,0.73,0.74,0.26,0.27,0.01,0.01,71675.91,1775989449000
1775989451.375,251.375,0.73,0.75,0.25,0.27,0.02,0.02,71675.92,1775989450000
1775989451.872,251.872,0.74,0.76,0.24,0.26,0.02,0.02,71675.92,1775989450000
1775989452.222,252.222,0.74,0.76,0.24,0.25,0.02,0.01,71675.92,1775989451000
1775989452.584,252.584,0.76,0.77,0.24,0.26,0.01,0.02,71675.92,1775989451000
1775989452.964,252.964,0.78,0.79,0.22,0.24,0.01,0.02,71675.92,1775989452000
1775989453.961,253.961,0.78,0.79,0.21,0.22,0.01,0.01,71675.93,1775989453000
1775989454.361,254.361,0.79,0.8,0.2,0.21,0.01,0.01,71675.93,1775989453000
1775989454.711,254.711,0.79,0.8,0.2,0.21,0.01,0.01,71675.93,1775989453000
1775989455.089,255.089,0.79,0.8,0.2,0.21,0.01,0.01,71675.84,1775989454000
1775989455.658,255.658,0.79,0.8,0.2,0.21,0.01,0.01,71675.84,1775989454000
1775989456.082,256.082,0.79,0.8,0.2,0.21,0.01,0.01,71675.64,1775989455000
1775989456.452,256.452,0.79,0.8,0.2,0.21,0.01,0.01,71675.64,1775989455000
1775989456.88,256.88,0.79,0.8,0.2,0.21,0.01,0.01,71675.64,1775989455000
1775989457.334,257.334,0.82,0.83,0.05,0.21,0.01,0.16,71675.4,1775989456000
1775989457.681,257.681,0.82,0.83,0.17,0.18,0.01,0.01,71675.4,1775989456000
1775989458.039,258.039,0.82,0.83,0.17,0.18,0.01,0.01,71675.4,1775989456000
1775989458.479,258.479,0.84,0.85,0.15,0.16,0.01,0.01,71673.81,1775989457000
1775989458.838,258.838,0.83,0.84,0.15,0.19,0.01,0.04,71673.81,1775989457000
1775989459.186,259.186,0.81,0.85,0.17,0.25,0.04,0.08,71673.81,1775989457000
1775989459.628,259.628,0.83,0.84,0.16,0.18,0.01,0.02,71675.77,1775989458000
1775989459.97,259.97,0.84,0.85,0.15,0.17,0.01,0.02,71675.77,1775989458000
1775989460.35,260.35,0.84,0.85,0.15,0.16,0.01,0.01,71674.53,1775989459000
1775989460.694,260.694,0.88,0.89,0.11,0.12,0.01,0.01,71674.53,1775989459000
1775989461.134,261.134,0.88,0.89,0.11,0.12,0.01,0.01,71674.53,1775989459000
1775989461.526,261.526,0.88,0.89,0.11,0.12,0.01,0.01,71673.32,1775989460000
1775989461.868,261.868,0.88,0.89,0.11,0.12,0.01,0.01,71673.32,1775989460000
1775989462.331,262.331,0.9,0.91,0.07,0.12,0.01,0.05,71673.32,1775989460000
1775989462.718,262.718,0.89,0.9,0.09,0.11,0.01,0.02,71673.32,1775989460000
1775989463.178,263.178,0.88,0.91,0.09,0.12,0.03,0.03,71673.39,1775989461000
1775989463.589,263.589,0.88,0.9,0.1,0.12,0.02,0.02,71673.39,1775989461000
1775989463.925,263.925,0.89,0.9,0.1,0.11,0.01,0.01,71673.13,1775989462000
1775989464.305,264.305,0.88,0.9,0.1,0.11,0.02,0.01,71673.13,1775989462000
1775989464.662,264.662,0.88,0.89,0.1,0.12,0.01,0.02,71673.13,1775989462000
1775989465.057,265.057,0.89,0.91,0.1,0.12,0.02,0.02,71673.23,1775989463000
1775989465.591,265.591,0.9,0.91,0.09,0.1,0.01,0.01,71674.74,1775989464000
1775989466.02,266.02,0.91,0.92,0.07,0.11,0.01,0.04,71674.74,1775989464000
1775989466.402,266.402,0.87,0.91,0.09,0.1,0.04,0.01,71674.74,1775989464000
1775989466.766,266.766,0.88,0.9,0.11,0.13,0.02,0.02,71674.74,1775989464000
1775989467.122,267.122,0.87,0.89,0.11,0.12,0.02,0.01,71676.61,1775989465000
1775989467.629,267.629,0.87,0.88,0.12,0.13,0.01,0.01,71676.61,1775989466000
1775989467.964,267.964,0.87,0.88,0.12,0.13,0.01,0.01,71676.61,1775989466000
1775989468.492,268.492,0.86,0.87,0.13,0.14,0.01,0.01,71676.66,1775989467000
1775989468.966,268.966,0.86,0.88,0.12,0.14,0.02,0.02,71676.66,1775989467000
1775989469.398,269.398,0.86,0.88,0.12,0.14,0.02,0.02,71674.49,1775989468000
1775989470.002,270.002,0.86,0.87,0.13,0.14,0.01,0.01,71674.49,1775989468000
1775989470.554,270.554,0.89,0.9,0.03,0.14,0.01,0.11,71675.92,1775989469000
1775989471.008,271.008,0.89,0.9,0.1,0.11,0.01,0.01,71675.92,1775989469000
1775989471.374,271.374,0.88,0.9,0.1,0.12,0.02,0.02,71675.83,1775989470000
1775989471.78,271.78,0.88,0.9,0.1,0.12,0.02,0.02,71675.83,1775989470000
1775989472.118,272.118,0.88,0.9,0.1,0.12,0.02,0.02,71675.83,1775989470000
1775989472.493,272.493,0.88,0.89,0.1,0.12,0.01,0.02,71675.83,1775989470000
1775989472.877,272.877,0.89,0.96,0.08,0.12,0.07,0.04,71675.81,1775989471000
1775989473.212,273.212,0.89,0.9,0.04,0.11,0.01,0.07,71675.76,1775989472000
1775989473.599,273.599,0.89,0.92,0.09,0.11,0.03,0.02,71675.76,1775989472000
1775989474.058,274.058,0.91,0.92,0.08,0.09,0.01,0.01,71675.76,1775989472000
1775989474.42,274.42,0.9,0.91,0.08,0.1,0.01,0.02,71676.73,1775989473000
1775989474.893,274.893,0.91,0.92,0.08,0.09,0.01,0.01,71676.73,1775989473000
1775989475.254,275.254,0.91,0.92,0.08,0.09,0.01,0.01,71676.73,1775989473000
1775989475.737,275.737,0.91,0.92,0.08,0.09,0.01,0.01,71676.73,1775989474000
1775989476.118,276.118,0.92,0.93,0.07,0.08,0.01,0.01,71676.73,1775989474000
1775989476.474,276.474,0.91,0.93,0.07,0.09,0.02,0.02,71676.75,1775989475000
1775989476.821,276.821,0.92,0.93,0.07,0.08,0.01,0.01,71676.75,1775989475000
1775989477.358,277.358,0.94,0.95,0.02,0.08,0.01,0.06,71676.75,1775989476000
1775989477.702,277.702,0.93,0.94,0.06,0.07,0.01,0.01,71676.75,1775989476000
1775989478.083,278.083,0.93,0.95,0.06,0.07,0.02,0.01,71676.75,1775989476000
1775989478.473,278.473,0.93,0.94,0.06,0.07,0.01,0.01,71677.05,1775989477000
1775989478.955,278.955,0.94,0.95,0.05,0.08,0.01,0.03,71677.05,1775989477000
1775989479.487,279.487,0.94,0.95,0.05,0.06,0.01,0.01,71677.33,1775989478000
1775989479.828,279.828,0.94,0.95,0.05,0.06,0.01,0.01,71677.33,1775989478000
1775989480.171,280.171,0.94,0.95,0.05,0.06,0.01,0.01,71677.33,1775989479000
1775989480.574,280.574,0.94,0.95,0.05,0.06,0.01,0.01,71677.33,1775989479000
1775989480.96,280.96,0.94,0.95,0.05,0.06,0.01,0.01,71677.33,1775989479000
1775989481.358,281.358,0.94,0.95,0.05,0.06,0.01,0.01,71677.33,1775989480000
1775989481.732,281.732,0.94,0.95,0.05,0.06,0.01,0.01,71677.33,1775989480000
1775989482.104,282.104,0.94,0.95,0.05,0.06,0.01,0.01,71677.33,1775989480000
1775989482.451,282.451,0.95,0.98,0.02,0.03,0.03,0.01,71677.45,1775989481000
1775989482.84,282.84,0.89,0.91,0.08,0.09,0.02,0.01,71677.45,1775989481000
1775989483.175,283.175,0.9,0.91,0.09,0.1,0.01,0.01,71677.45,1775989482000
1775989483.526,283.526,0.92,0.93,0.07,0.08,0.01,0.01,71677.45,1775989482000
1775989483.883,283.883,0.91,0.92,0.07,0.09,0.01,0.02,71677.45,1775989482000
1775989484.297,284.297,0.93,0.94,0.06,0.07,0.01,0.01,71677.55,1775989483000
1775989484.812,284.812,0.91,0.92,0.08,0.09,0.01,0.01,71677.55,1775989483000
1775989485.167,285.167,0.92,0.93,0.07,0.09,0.01,0.02,71677.55,1775989483000
1775989485.505,285.505,0.92,0.93,0.07,0.08,0.01,0.01,71675.47,1775989484000
1775989485.881,285.881,0.91,0.93,0.08,0.09,0.02,0.01,71675.47,1775989484000
1775989486.335,286.335,0.91,0.92,0.08,0.09,0.01,0.01,71674.92,1775989485000
1775989486.67,286.67,0.91,0.92,0.08,0.09,0.01,0.01,71674.92,1775989485000
1775989487.012,287.012,0.91,0.92,0.08,0.09,0.01,0.01,71674.92,1775989486000
1775989487.519,287.519,0.91,0.92,0.08,0.09,0.01,0.01,71674.92,1775989486000
1775989487.858,287.858,0.91,0.92,0.08,0.09,0.01,0.01,71674.96,1775989487000
1775989488.191,288.191,0.91,0.92,0.08,0.09,0.01,0.01,71674.96,1775989487000
1775989488.736,288.736,0.91,0.92,0.08,0.09,0.01,0.01,71674.96,1775989487000
1775989489.095,289.095,0.92,0.93,0.07,0.08,0.01,0.01,71674.94,1775989488000
1775989489.46,289.46,0.92,0.93,0.07,0.08,0.01,0.01,71674.94,1775989488000
1775989489.802,289.802,0.93,0.95,0.05,0.07,0.02,0.02,71674.92,1775989489000
1775989490.895,290.895,0.93,0.94,0.06,0.07,0.01,0.01,71674.92,1775989489000
1775989491.303,291.303,0.94,0.96,0.04,0.05,0.02,0.01,71674.92,1775989489000
1775989491.717,291.717,0.94,0.95,0.05,0.06,0.01,0.01,71675.22,1775989490000
1775989492.131,292.131,0.93,0.94,0.06,0.07,0.01,0.01,71675.22,1775989490000
1775989492.552,292.552,0.85,0.94,0.06,0.07,0.09,0.01,71675.22,1775989491000
1775989492.914,292.914,0.87,0.9,0.09,0.11,0.03,0.02,71675.22,1775989491000
1775989493.324,293.324,0.91,0.92,0.06,0.09,0.01,0.03,71675.22,1775989491000
1775989493.678,293.678,0.91,0.92,0.08,0.09,0.01,0.01,71675.22,1775989492000
1775989494.056,294.056,0.92,0.93,0.07,0.08,0.01,0.01,71675.22,1775989493000
1775989494.407,294.407,0.94,0.97,0.02,0.08,0.03,0.06,71675.22,1775989493000
1775989494.758,294.758,0.95,0.96,0.04,0.05,0.01,0.01,71675.22,1775989493000
1775989495.231,295.231,0.95,0.96,0.04,0.05,0.01,0.01,71675.21,1775989494000
1775989495.566,295.566,0.95,0.97,0.04,0.05,0.02,0.01,71675.21,1775989494000
1775989495.92,295.92,0.9,0.97,0.03,0.04,0.07,0.01,71675.21,1775989494000
1775989496.266,296.266,0.92,0.93,0.07,0.08,0.01,0.01,71675.21,1775989494000
1775989496.658,296.658,0.92,0.94,0.05,0.07,0.02,0.02,71674.6,1775989495000
1775989497.01,297.01,0.93,0.94,0.01,0.07,0.01,0.06,71674.6,1775989495000
1775989497.35,297.35,0.94,0.95,0.05,0.06,0.01,0.01,71674.6,1775989496000
1775989497.704,297.704,0.97,0.98,0.02,0.03,0.01,0.01,71674.6,1775989496000
1775989498.148,298.148,0.98,0.99,0.01,0.02,0.01,0.01,71674.93,1775989497000
1775989498.497,298.497,0.97,0.99,0.01,0.03,0.02,0.02,71674.93,1775989497000
1775989498.84,298.84,0.98,0.99,0.01,0.02,0.01,0.01,71674.93,1775989497000
1775989499.178,299.178,0.98,0.99,0.01,0.02,0.01,0.01,71674.93,1775989497000
1775989499.641,299.641,0.99,0.99,0.01,0.01,0.0,0.0,71674.38,1775989498000
1775989500.21,300.21,0.99,0.99,0.01,0.01,0.0,0.0,71674.34,1775989499000
1775989500.745,300.745,0.99,0.99,0.01,0.01,0.0,0.0,71674.34,1775989499000
1775989501.196,301.196,0.99,0.99,0.01,0.01,0.0,0.0,71674.49,1775989500000
1775989502.237,302.237,0.99,0.99,0.01,0.01,0.0,0.0,71674.45,1775989501000

# RESULT,winner=Up,slug=btc-updown-5m-1775989200,ticks=667
