timestamp,elapsed_sec,up_bid,up_ask,down_bid,down_ask,up_spread,down_spread,btc_price,btc_oracle_ts
1775999700.525,0.525,0.52,0.53,0.47,0.48,0.01,0.01,71015.15,1775999699000
1775999701.002,1.002,0.52,0.53,0.47,0.48,0.01,0.01,71015.15,1775999699000
1775999701.367,1.367,0.52,0.53,0.47,0.48,0.01,0.01,71014.32,1775999700000
1775999701.767,1.767,0.52,0.53,0.47,0.48,0.01,0.01,71014.32,1775999700000
1775999702.104,2.104,0.52,0.53,0.47,0.48,0.01,0.01,71012.77,1775999701000
1775999702.485,2.485,0.52,0.53,0.47,0.48,0.01,0.01,71012.77,1775999701000
1775999702.92,2.92,0.52,0.53,0.47,0.48,0.01,0.01,71012.77,1775999701000
1775999703.276,3.276,0.52,0.53,0.47,0.48,0.01,0.01,71012.94,1775999702000
1775999703.695,3.695,0.54,0.55,0.45,0.47,0.01,0.02,71012.94,1775999702000
1775999704.078,4.078,0.52,0.54,0.45,0.47,0.02,0.02,71012.94,1775999702000
1775999704.569,4.569,0.52,0.54,0.46,0.47,0.02,0.01,71012.94,1775999703000
1775999705.008,5.008,0.54,0.55,0.45,0.47,0.01,0.02,71012.94,1775999703000
1775999705.342,5.342,0.53,0.55,0.45,0.47,0.02,0.02,71012.94,1775999703000
1775999705.744,5.744,0.53,0.54,0.45,0.46,0.01,0.01,71017.07,1775999704000
1775999706.106,6.106,0.53,0.54,0.46,0.47,0.01,0.01,71017.07,1775999704000
1775999706.453,6.453,0.53,0.54,0.46,0.47,0.01,0.01,71019.19,1775999705000
1775999707.049,7.049,0.54,0.55,0.46,0.47,0.01,0.01,71019.19,1775999705000
1775999707.414,7.414,0.56,0.57,0.43,0.44,0.01,0.01,71019.19,1775999705000
1775999707.762,7.762,0.57,0.58,0.42,0.44,0.01,0.02,71019.19,1775999705000
1775999708.226,8.226,0.56,0.57,0.43,0.44,0.01,0.01,71020.09,1775999706000
1775999708.587,8.587,0.56,0.57,0.42,0.44,0.01,0.02,71020.09,1775999706000
1775999709.118,9.118,0.57,0.58,0.42,0.44,0.01,0.02,71019.43,1775999707000
1775999709.517,9.517,0.57,0.58,0.42,0.44,0.01,0.02,71020.4,1775999708000
1775999709.851,9.851,0.57,0.58,0.42,0.43,0.01,0.01,71020.4,1775999708000
1775999710.224,10.224,0.57,0.59,0.42,0.43,0.02,0.01,71020.4,1775999708000
1775999710.577,10.577,0.58,0.59,0.41,0.42,0.01,0.01,71020.36,1775999709000
1775999710.971,10.971,0.59,0.6,0.4,0.41,0.01,0.01,71020.36,1775999709000
1775999711.318,11.318,0.59,0.6,0.4,0.41,0.01,0.01,71020.36,1775999709000
1775999711.655,11.655,0.59,0.6,0.4,0.41,0.01,0.01,71023.9,1775999710000
1775999712.018,12.018,0.59,0.6,0.4,0.41,0.01,0.01,71025.33,1775999711000
1775999712.568,12.568,0.59,0.6,0.4,0.41,0.01,0.01,71025.33,1775999711000
1775999712.908,12.908,0.59,0.6,0.4,0.41,0.01,0.01,71025.33,1775999711000
1775999713.245,13.245,0.59,0.6,0.4,0.41,0.01,0.01,71026.91,1775999712000
1775999713.692,13.692,0.59,0.6,0.4,0.41,0.01,0.01,71026.91,1775999712000
1775999714.152,14.152,0.59,0.6,0.4,0.41,0.01,0.01,71027.42,1775999713000
1775999714.561,14.561,0.59,0.6,0.4,0.41,0.01,0.01,71027.42,1775999713000
1775999714.989,14.989,0.59,0.6,0.4,0.41,0.01,0.01,71027.42,1775999713000
1775999715.424,15.424,0.59,0.6,0.4,0.41,0.01,0.01,71026.37,1775999714000
1775999715.988,15.988,0.59,0.6,0.4,0.41,0.01,0.01,71026.37,1775999714000
1775999716.569,16.569,0.59,0.6,0.4,0.41,0.01,0.01,71027.99,1775999715000
1775999717.195,17.195,0.59,0.6,0.4,0.41,0.01,0.01,71027.99,1775999715000
1775999717.553,17.553,0.59,0.6,0.4,0.41,0.01,0.01,71028.11,1775999716000
1775999717.979,17.979,0.59,0.6,0.4,0.41,0.01,0.01,71028.11,1775999717000
1775999718.444,18.444,0.59,0.6,0.4,0.41,0.01,0.01,71028.11,1775999717000
1775999719.046,19.046,0.59,0.6,0.4,0.41,0.01,0.01,71028.11,1775999717000
1775999719.459,19.459,0.59,0.6,0.4,0.41,0.01,0.01,71032.25,1775999718000
1775999719.838,19.838,0.59,0.6,0.4,0.41,0.01,0.01,71032.25,1775999718000
1775999720.176,20.176,0.59,0.6,0.4,0.41,0.01,0.01,71032.25,1775999718000
1775999720.566,20.566,0.59,0.6,0.4,0.41,0.01,0.01,71032.23,1775999719000
1775999720.949,20.949,0.59,0.6,0.4,0.41,0.01,0.01,71032.23,1775999719000
1775999721.295,21.295,0.59,0.6,0.4,0.41,0.01,0.01,71032.23,1775999719000
1775999721.633,21.633,0.59,0.6,0.4,0.41,0.01,0.01,71032.23,1775999719000
1775999722.038,22.038,0.59,0.6,0.4,0.41,0.01,0.01,71032.23,1775999719000
1775999722.393,22.393,0.59,0.6,0.4,0.41,0.01,0.01,71032.22,1775999720000
1775999722.757,22.757,0.59,0.6,0.4,0.41,0.01,0.01,71032.22,1775999720000
1775999723.116,23.116,0.59,0.6,0.4,0.41,0.01,0.01,71032.22,1775999720000
1775999723.453,23.453,0.59,0.62,0.4,0.41,0.03,0.01,71032.22,1775999720000
1775999723.836,23.836,0.61,0.62,0.38,0.39,0.01,0.01,71031.93,1775999722000
1775999724.169,24.169,0.61,0.63,0.37,0.39,0.02,0.02,71031.93,1775999722000
1775999724.508,24.508,0.64,0.65,0.35,0.36,0.01,0.01,71031.93,1775999722000
1775999724.866,24.866,0.64,0.65,0.34,0.36,0.01,0.02,71032.08,1775999723000
1775999725.224,25.224,0.64,0.65,0.35,0.36,0.01,0.01,71032.08,1775999723000
1775999725.712,25.712,0.64,0.65,0.35,0.36,0.01,0.01,71036.1,1775999724000
1775999726.153,26.153,0.6,0.61,0.39,0.4,0.01,0.01,71036.1,1775999724000
1775999726.548,26.548,0.61,0.62,0.38,0.39,0.01,0.01,71043.06,1775999725000
1775999726.95,26.95,0.62,0.63,0.37,0.38,0.01,0.01,71043.06,1775999725000
1775999727.336,27.336,0.61,0.62,0.37,0.39,0.01,0.02,71043.06,1775999725000
1775999727.718,27.718,0.61,0.62,0.38,0.39,0.01,0.01,71043.73,1775999726000
1775999728.17,28.17,0.61,0.62,0.38,0.39,0.01,0.01,71039.74,1775999727000
1775999728.531,28.531,0.64,0.65,0.35,0.37,0.01,0.02,71039.74,1775999727000
1775999728.887,28.887,0.64,0.66,0.35,0.36,0.02,0.01,71039.74,1775999727000
1775999729.299,29.299,0.65,0.66,0.34,0.35,0.01,0.01,71039.74,1775999727000
1775999729.652,29.652,0.65,0.66,0.34,0.35,0.01,0.01,71040.0,1775999728000
1775999730.119,30.119,0.65,0.66,0.34,0.35,0.01,0.01,71040.83,1775999729000
1775999730.463,30.463,0.65,0.66,0.34,0.35,0.01,0.01,71040.83,1775999729000
1775999730.83,30.83,0.65,0.66,0.34,0.35,0.01,0.01,71040.83,1775999729000
1775999731.244,31.244,0.65,0.66,0.34,0.35,0.01,0.01,71040.83,1775999729000
1775999731.678,31.678,0.65,0.66,0.34,0.36,0.01,0.02,71044.16,1775999730000
1775999732.015,32.015,0.65,0.66,0.34,0.35,0.01,0.01,71044.16,1775999730000
1775999732.407,32.407,0.65,0.66,0.34,0.35,0.01,0.01,71044.56,1775999731000
1775999733.015,33.015,0.64,0.66,0.34,0.35,0.02,0.01,71044.56,1775999731000
1775999733.42,33.42,0.65,0.66,0.34,0.36,0.01,0.02,71044.56,1775999731000
1775999733.756,33.756,0.65,0.67,0.33,0.35,0.02,0.02,71045.04,1775999732000
1775999734.094,34.094,0.68,0.72,0.31,0.32,0.04,0.01,71045.04,1775999732000
1775999734.456,34.456,0.71,0.72,0.28,0.29,0.01,0.01,71045.04,1775999733000
1775999734.835,34.835,0.71,0.72,0.28,0.29,0.01,0.01,71045.04,1775999733000
1775999735.208,35.208,0.71,0.72,0.28,0.29,0.01,0.01,71045.04,1775999733000
1775999735.583,35.583,0.69,0.7,0.3,0.31,0.01,0.01,71046.53,1775999734000
1775999735.936,35.936,0.69,0.7,0.3,0.31,0.01,0.01,71046.53,1775999734000
1775999736.517,36.517,0.69,0.7,0.3,0.31,0.01,0.01,71054.55,1775999735000
1775999736.856,36.856,0.69,0.7,0.3,0.31,0.01,0.01,71054.55,1775999735000
1775999737.228,37.228,0.69,0.7,0.3,0.31,0.01,0.01,71054.55,1775999735000
1775999737.615,37.615,0.69,0.7,0.3,0.31,0.01,0.01,71057.98,1775999736000
1775999737.982,37.982,0.69,0.7,0.29,0.31,0.01,0.02,71057.98,1775999736000
1775999738.321,38.321,0.69,0.7,0.3,0.31,0.01,0.01,71057.98,1775999736000
1775999738.745,38.745,0.69,0.7,0.3,0.31,0.01,0.01,71057.98,1775999736000
1775999739.198,39.198,0.69,0.7,0.3,0.32,0.01,0.02,71057.98,1775999737000
1775999739.617,39.617,0.7,0.71,0.29,0.3,0.01,0.01,71057.98,1775999738000
1775999740.184,40.184,0.68,0.71,0.29,0.3,0.03,0.01,71057.98,1775999738000
1775999740.535,40.535,0.66,0.67,0.33,0.34,0.01,0.01,71057.98,1775999738000
1775999740.928,40.928,0.66,0.67,0.33,0.34,0.01,0.01,71057.95,1775999739000
1775999741.337,41.337,0.66,0.67,0.33,0.34,0.01,0.01,71057.95,1775999739000
1775999741.753,41.753,0.66,0.67,0.33,0.34,0.01,0.01,71056.55,1775999740000
1775999742.271,42.271,0.66,0.68,0.32,0.34,0.02,0.02,71051.96,1775999741000
1775999742.874,42.874,0.66,0.67,0.33,0.34,0.01,0.01,71051.96,1775999741000
1775999743.314,43.314,0.66,0.7,0.3,0.34,0.04,0.04,71050.86,1775999742000
1775999743.873,43.873,0.68,0.69,0.32,0.33,0.01,0.01,71050.86,1775999742000
1775999744.211,44.211,0.68,0.69,0.31,0.32,0.01,0.01,71050.86,1775999742000
1775999744.585,44.585,0.66,0.69,0.31,0.32,0.03,0.01,71050.86,1775999743000
1775999744.924,44.924,0.66,0.67,0.33,0.34,0.01,0.01,71050.86,1775999743000
1775999745.302,45.302,0.66,0.67,0.33,0.34,0.01,0.01,71050.87,1775999744000
1775999745.966,45.966,0.65,0.66,0.34,0.35,0.01,0.01,71050.87,1775999744000
1775999746.306,46.306,0.65,0.66,0.34,0.35,0.01,0.01,71050.87,1775999745000
1775999746.857,46.857,0.65,0.66,0.34,0.36,0.01,0.02,71050.87,1775999745000
1775999747.258,47.258,0.65,0.66,0.34,0.35,0.01,0.01,71050.01,1775999746000
1775999747.866,47.866,0.65,0.66,0.34,0.35,0.01,0.01,71050.01,1775999746000
1775999748.205,48.205,0.65,0.66,0.34,0.35,0.01,0.01,71050.01,1775999746000
1775999748.595,48.595,0.64,0.66,0.34,0.35,0.02,0.01,71050.87,1775999747000
1775999749.004,49.004,0.64,0.65,0.35,0.36,0.01,0.01,71050.87,1775999747000
1775999749.355,49.355,0.65,0.67,0.33,0.35,0.02,0.02,71050.87,1775999747000
1775999749.71,49.71,0.66,0.67,0.33,0.34,0.01,0.01,71050.87,1775999747000
1775999750.048,50.048,0.66,0.67,0.33,0.34,0.01,0.01,71050.87,1775999747000
1775999750.401,50.401,0.66,0.67,0.33,0.34,0.01,0.01,71050.87,1775999747000
1775999750.901,50.901,0.66,0.67,0.32,0.34,0.01,0.02,71050.87,1775999747000
1775999751.264,51.264,0.66,0.67,0.33,0.34,0.01,0.01,71050.87,1775999747000
1775999751.754,51.754,0.67,0.68,0.32,0.33,0.01,0.01,71050.87,1775999747000
1775999752.14,52.14,0.67,0.68,0.32,0.34,0.01,0.02,71050.87,1775999747000
1775999752.677,52.677,0.67,0.68,0.32,0.33,0.01,0.01,71050.87,1775999747000
1775999753.177,53.177,0.66,0.67,0.33,0.34,0.01,0.01,71050.87,1775999747000
1775999753.638,53.638,0.66,0.67,0.33,0.34,0.01,0.01,71050.87,1775999747000
1775999754.058,54.058,0.66,0.67,0.33,0.34,0.01,0.01,71050.87,1775999747000
1775999754.564,54.564,0.66,0.67,0.32,0.34,0.01,0.02,71050.87,1775999747000
1775999754.909,54.909,0.66,0.68,0.32,0.34,0.02,0.02,71050.87,1775999747000
1775999755.463,55.463,0.67,0.68,0.32,0.33,0.01,0.01,71050.87,1775999747000
1775999755.799,55.799,0.67,0.68,0.32,0.33,0.01,0.01,71050.66,1775999754000
1775999756.254,56.254,0.67,0.68,0.32,0.33,0.01,0.01,71050.66,1775999755000
1775999757.252,57.252,0.67,0.68,0.32,0.33,0.01,0.01,71050.64,1775999756000
1775999757.893,57.893,0.67,0.68,0.32,0.33,0.01,0.01,71050.64,1775999756000
1775999758.322,58.322,0.67,0.69,0.32,0.33,0.02,0.01,71050.18,1775999757000
1775999758.788,58.788,0.68,0.69,0.31,0.32,0.01,0.01,71050.18,1775999757000
1775999759.322,59.322,0.68,0.69,0.31,0.35,0.01,0.04,71049.41,1775999758000
1775999759.854,59.854,0.65,0.66,0.32,0.34,0.01,0.02,71049.41,1775999758000
1775999760.213,60.213,0.69,0.72,0.28,0.31,0.03,0.03,71047.93,1775999759000
1775999760.588,60.588,0.71,0.72,0.29,0.3,0.01,0.01,71047.93,1775999759000
1775999760.922,60.922,0.7,0.73,0.27,0.28,0.03,0.01,71047.93,1775999759000
1775999761.287,61.287,0.72,0.73,0.26,0.28,0.01,0.02,71049.37,1775999760000
1775999761.665,61.665,0.73,0.74,0.26,0.27,0.01,0.01,71049.37,1775999760000
1775999762.009,62.009,0.69,0.72,0.28,0.31,0.03,0.03,71052.81,1775999761000
1775999762.51,62.51,0.66,0.67,0.31,0.33,0.01,0.02,71052.81,1775999761000
1775999762.869,62.869,0.66,0.67,0.33,0.34,0.01,0.01,71052.81,1775999761000
1775999763.226,63.226,0.65,0.66,0.34,0.35,0.01,0.01,71057.03,1775999762000
1775999763.579,63.579,0.65,0.66,0.34,0.35,0.01,0.01,71057.03,1775999762000
1775999764.037,64.037,0.65,0.67,0.34,0.35,0.02,0.01,71049.11,1775999763000
1775999764.421,64.421,0.66,0.67,0.33,0.34,0.01,0.01,71049.11,1775999763000
1775999765.047,65.047,0.66,0.67,0.33,0.34,0.01,0.01,71049.11,1775999763000
1775999765.406,65.406,0.66,0.67,0.33,0.34,0.01,0.01,71044.82,1775999764000
1775999765.875,65.875,0.67,0.68,0.33,0.34,0.01,0.01,71044.82,1775999764000
1775999766.254,66.254,0.67,0.68,0.32,0.33,0.01,0.01,71044.82,1775999764000
1775999766.643,66.643,0.66,0.68,0.32,0.33,0.02,0.01,71046.95,1775999765000
1775999767.307,67.307,0.66,0.68,0.32,0.34,0.02,0.02,71046.95,1775999766000
1775999767.663,67.663,0.7,0.71,0.3,0.31,0.01,0.01,71046.95,1775999766000
1775999768.347,68.347,0.7,0.71,0.29,0.3,0.01,0.01,71046.95,1775999766000
1775999768.752,68.752,0.7,0.71,0.29,0.31,0.01,0.02,71046.9,1775999767000
1775999769.162,69.162,0.71,0.72,0.29,0.3,0.01,0.01,71046.96,1775999768000
1775999769.698,69.698,0.72,0.74,0.27,0.28,0.02,0.01,71046.96,1775999768000
1775999770.188,70.188,0.73,0.74,0.26,0.27,0.01,0.01,71049.37,1775999769000
1775999770.528,70.528,0.73,0.74,0.26,0.27,0.01,0.01,71049.37,1775999769000
1775999770.885,70.885,0.73,0.74,0.26,0.27,0.01,0.01,71049.37,1775999769000
1775999771.276,71.276,0.72,0.74,0.26,0.27,0.02,0.01,71052.94,1775999770000
1775999771.787,71.787,0.72,0.73,0.26,0.27,0.01,0.01,71052.94,1775999770000
1775999772.123,72.123,0.71,0.72,0.28,0.29,0.01,0.01,71052.94,1775999770000
1775999772.547,72.547,0.71,0.72,0.28,0.29,0.01,0.01,71053.98,1775999771000
1775999773.004,73.004,0.71,0.72,0.28,0.29,0.01,0.01,71053.98,1775999771000
1775999773.416,73.416,0.72,0.73,0.27,0.29,0.01,0.02,71056.46,1775999772000
1775999773.813,73.813,0.72,0.73,0.27,0.28,0.01,0.01,71056.46,1775999772000
1775999774.166,74.166,0.72,0.73,0.27,0.28,0.01,0.01,71056.46,1775999772000
1775999774.748,74.748,0.71,0.73,0.27,0.28,0.02,0.01,71055.55,1775999773000
1775999775.435,75.435,0.72,0.73,0.27,0.28,0.01,0.01,71055.55,1775999773000
1775999775.779,75.779,0.72,0.73,0.27,0.28,0.01,0.01,71055.32,1775999774000
1775999776.227,76.227,0.72,0.73,0.27,0.28,0.01,0.01,71056.99,1775999775000
1775999776.688,76.688,0.72,0.73,0.27,0.28,0.01,0.01,71056.99,1775999775000
1775999777.201,77.201,0.72,0.73,0.27,0.28,0.01,0.01,71057.27,1775999776000
1775999777.66,77.66,0.72,0.73,0.27,0.28,0.01,0.01,71057.27,1775999776000
1775999778.056,78.056,0.72,0.73,0.27,0.28,0.01,0.01,71057.27,1775999776000
1775999778.504,78.504,0.71,0.73,0.27,0.28,0.02,0.01,71057.73,1775999777000
1775999779.312,79.312,0.71,0.72,0.28,0.29,0.01,0.01,71057.73,1775999778000
1775999779.869,79.869,0.71,0.72,0.28,0.29,0.01,0.01,71057.73,1775999778000
1775999780.404,80.404,0.71,0.72,0.28,0.29,0.01,0.01,71057.1,1775999779000
1775999780.791,80.791,0.71,0.72,0.28,0.29,0.01,0.01,71057.1,1775999779000
1775999781.196,81.196,0.71,0.72,0.28,0.29,0.01,0.01,71055.81,1775999780000
1775999781.568,81.568,0.7,0.71,0.29,0.3,0.01,0.01,71055.81,1775999780000
1775999782.095,82.095,0.7,0.71,0.29,0.3,0.01,0.01,71055.81,1775999780000
1775999782.487,82.487,0.7,0.71,0.29,0.3,0.01,0.01,71055.64,1775999781000
1775999782.907,82.907,0.68,0.69,0.29,0.32,0.01,0.03,71055.64,1775999781000
1775999783.314,83.314,0.68,0.69,0.31,0.32,0.01,0.01,71054.72,1775999782000
1775999783.705,83.705,0.68,0.69,0.31,0.32,0.01,0.01,71054.72,1775999782000
1775999784.074,84.074,0.68,0.69,0.31,0.32,0.01,0.01,71054.15,1775999783000
1775999784.433,84.433,0.68,0.69,0.31,0.32,0.01,0.01,71054.15,1775999783000
1775999784.9,84.9,0.68,0.69,0.31,0.32,0.01,0.01,71050.31,1775999784000
1775999785.845,85.845,0.68,0.69,0.31,0.32,0.01,0.01,71050.2,1775999785000
1775999786.388,86.388,0.68,0.69,0.31,0.32,0.01,0.01,71050.2,1775999785000
1775999786.839,86.839,0.68,0.69,0.31,0.32,0.01,0.01,71050.46,1775999786000
1775999787.833,87.833,0.68,0.69,0.31,0.32,0.01,0.01,71049.69,1775999787000
1775999788.249,88.249,0.68,0.69,0.31,0.32,0.01,0.01,71049.69,1775999787000
1775999788.678,88.678,0.68,0.69,0.31,0.32,0.01,0.01,71049.69,1775999787000
1775999789.094,89.094,0.68,0.69,0.31,0.32,0.01,0.01,71049.69,1775999787000
1775999789.59,89.59,0.68,0.69,0.31,0.32,0.01,0.01,71050.05,1775999788000
1775999789.964,89.964,0.69,0.72,0.28,0.29,0.03,0.01,71050.05,1775999788000
1775999790.529,90.529,0.7,0.71,0.29,0.3,0.01,0.01,71050.06,1775999789000
1775999790.938,90.938,0.7,0.71,0.29,0.3,0.01,0.01,71050.06,1775999789000
1775999791.29,91.29,0.7,0.71,0.29,0.3,0.01,0.01,71049.73,1775999790000
1775999791.77,91.77,0.69,0.71,0.29,0.3,0.02,0.01,71049.73,1775999790000
1775999792.103,92.103,0.7,0.71,0.29,0.3,0.01,0.01,71049.73,1775999790000
1775999792.571,92.571,0.69,0.7,0.29,0.31,0.01,0.02,71050.69,1775999791000
1775999793.233,93.233,0.7,0.71,0.29,0.3,0.01,0.01,71051.63,1775999792000
1775999793.604,93.604,0.7,0.71,0.28,0.3,0.01,0.02,71051.63,1775999792000
1775999793.961,93.961,0.7,0.71,0.29,0.3,0.01,0.01,71051.63,1775999792000
1775999794.629,94.629,0.7,0.71,0.29,0.3,0.01,0.01,71052.18,1775999793000
1775999795.368,95.368,0.7,0.71,0.29,0.3,0.01,0.01,71052.45,1775999794000
1775999795.97,95.97,0.71,0.73,0.29,0.3,0.02,0.01,71052.45,1775999794000
1775999796.591,96.591,0.73,0.74,0.26,0.27,0.01,0.01,71051.76,1775999795000
1775999796.944,96.944,0.73,0.74,0.26,0.27,0.01,0.01,71051.76,1775999795000
1775999797.336,97.336,0.73,0.74,0.26,0.27,0.01,0.01,71051.76,1775999795000
1775999797.987,97.987,0.73,0.74,0.26,0.27,0.01,0.01,71053.03,1775999796000
1775999798.437,98.437,0.72,0.73,0.27,0.28,0.01,0.01,71054.8,1775999797000
1775999798.93,98.93,0.72,0.74,0.26,0.27,0.02,0.01,71054.8,1775999797000
1775999799.337,99.337,0.72,0.73,0.27,0.28,0.01,0.01,71055.76,1775999798000
1775999799.736,99.736,0.72,0.73,0.27,0.28,0.01,0.01,71055.76,1775999798000
1775999800.14,100.14,0.72,0.73,0.26,0.28,0.01,0.02,71055.76,1775999798000
1775999800.922,100.922,0.72,0.73,0.27,0.28,0.01,0.01,71055.76,1775999798000
1775999801.262,101.262,0.72,0.73,0.27,0.28,0.01,0.01,71055.66,1775999800000
1775999802.412,102.412,0.72,0.73,0.26,0.27,0.01,0.01,71055.66,1775999800000
1775999802.899,102.899,0.72,0.73,0.27,0.28,0.01,0.01,71055.39,1775999801000
1775999803.39,103.39,0.72,0.73,0.27,0.28,0.01,0.01,71055.34,1775999802000
1775999803.801,103.801,0.72,0.73,0.27,0.28,0.01,0.01,71055.34,1775999802000
1775999804.477,104.477,0.73,0.74,0.27,0.28,0.01,0.01,71055.34,1775999802000
1775999805.133,105.133,0.72,0.74,0.26,0.28,0.02,0.02,71055.12,1775999803000
1775999805.506,105.506,0.73,0.74,0.26,0.28,0.01,0.02,71055.08,1775999804000
1775999805.939,105.939,0.73,0.74,0.26,0.28,0.01,0.02,71055.08,1775999804000
1775999806.721,106.721,0.73,0.74,0.26,0.27,0.01,0.01,71055.24,1775999805000
1775999807.365,107.365,0.73,0.74,0.26,0.27,0.01,0.01,71056.44,1775999806000
1775999807.809,107.809,0.73,0.74,0.26,0.27,0.01,0.01,71056.44,1775999806000
1775999808.497,108.497,0.73,0.74,0.26,0.27,0.01,0.01,71056.6,1775999807000
1775999809.311,109.311,0.73,0.75,0.26,0.27,0.02,0.01,71056.6,1775999807000
1775999809.723,109.723,0.74,0.75,0.25,0.26,0.01,0.01,71056.6,1775999808000
1775999810.1,110.1,0.74,0.75,0.25,0.26,0.01,0.01,71056.6,1775999809000
1775999810.644,110.644,0.74,0.75,0.25,0.26,0.01,0.01,71056.6,1775999809000
1775999811.408,111.408,0.73,0.74,0.26,0.27,0.01,0.01,71056.6,1775999809000
1775999812.372,112.372,0.73,0.74,0.26,0.27,0.01,0.01,71057.66,1775999811000
1775999813.544,113.544,0.74,0.75,0.25,0.26,0.01,0.01,71057.66,1775999811000
1775999814.097,114.097,0.74,0.75,0.25,0.26,0.01,0.01,71057.66,1775999811000
1775999814.519,114.519,0.74,0.75,0.25,0.26,0.01,0.01,71056.61,1775999813000
1775999815.211,115.211,0.74,0.75,0.25,0.26,0.01,0.01,71056.61,1775999813000
1775999815.546,115.546,0.78,0.81,0.2,0.22,0.03,0.02,71056.61,1775999813000
1775999815.994,115.994,0.8,0.81,0.19,0.2,0.01,0.01,71058.74,1775999814000
1775999816.353,116.353,0.83,0.86,0.15,0.17,0.03,0.02,71058.81,1775999815000
1775999816.692,116.692,0.84,0.87,0.13,0.16,0.03,0.03,71058.81,1775999815000
1775999817.038,117.038,0.86,0.88,0.12,0.14,0.02,0.02,71058.81,1775999815000
1775999817.401,117.401,0.87,0.88,0.12,0.13,0.01,0.01,71058.81,1775999815000
1775999817.923,117.923,0.87,0.88,0.12,0.13,0.01,0.01,71068.85,1775999816000
1775999818.317,118.317,0.87,0.88,0.12,0.13,0.01,0.01,71080.75,1775999817000
1775999818.661,118.661,0.88,0.89,0.11,0.12,0.01,0.01,71080.75,1775999817000
1775999819.025,119.025,0.88,0.89,0.11,0.12,0.01,0.01,71080.75,1775999817000
1775999819.37,119.37,0.87,0.88,0.11,0.13,0.01,0.02,71080.75,1775999817000
1775999819.706,119.706,0.87,0.88,0.12,0.13,0.01,0.01,71091.04,1775999818000
1775999820.098,120.098,0.87,0.88,0.11,0.13,0.01,0.02,71091.04,1775999818000
1775999820.465,120.465,0.88,0.89,0.12,0.13,0.01,0.01,71094.57,1775999819000
1775999820.818,120.818,0.88,0.89,0.11,0.12,0.01,0.01,71094.57,1775999819000
1775999821.178,121.178,0.89,0.9,0.1,0.12,0.01,0.02,71094.57,1775999819000
1775999821.636,121.636,0.89,0.9,0.1,0.11,0.01,0.01,71094.75,1775999820000
1775999821.982,121.982,0.89,0.9,0.1,0.11,0.01,0.01,71094.75,1775999820000
1775999822.333,122.333,0.89,0.91,0.08,0.11,0.02,0.03,71094.75,1775999820000
1775999822.676,122.676,0.91,0.92,0.08,0.09,0.01,0.01,71094.8,1775999821000
1775999823.047,123.047,0.91,0.92,0.08,0.09,0.01,0.01,71094.8,1775999821000
1775999823.403,123.403,0.92,0.93,0.07,0.09,0.01,0.02,71100.43,1775999822000
1775999823.744,123.744,0.92,0.93,0.07,0.08,0.01,0.01,71100.43,1775999822000
1775999824.122,124.122,0.92,0.93,0.07,0.08,0.01,0.01,71100.43,1775999822000
1775999824.549,124.549,0.92,0.93,0.07,0.08,0.01,0.01,71100.43,1775999822000
1775999824.904,124.904,0.92,0.93,0.07,0.08,0.01,0.01,71105.53,1775999823000
1775999825.286,125.286,0.91,0.93,0.07,0.09,0.02,0.02,71105.53,1775999823000
1775999825.641,125.641,0.91,0.92,0.08,0.09,0.01,0.01,71105.95,1775999824000
1775999825.984,125.984,0.93,0.94,0.05,0.09,0.01,0.04,71105.95,1775999824000
1775999826.373,126.373,0.92,0.94,0.06,0.08,0.02,0.02,71105.95,1775999824000
1775999826.711,126.711,0.92,0.94,0.06,0.07,0.02,0.01,71106.05,1775999825000
1775999827.05,127.05,0.93,0.94,0.06,0.07,0.01,0.01,71106.05,1775999826000
1775999827.401,127.401,0.93,0.95,0.06,0.07,0.02,0.01,71106.05,1775999826000
1775999827.793,127.793,0.94,0.95,0.05,0.06,0.01,0.01,71106.05,1775999826000
1775999828.248,128.248,0.94,0.95,0.05,0.06,0.01,0.01,71106.03,1775999827000
1775999828.612,128.612,0.94,0.95,0.05,0.06,0.01,0.01,71106.03,1775999827000
1775999828.988,128.988,0.94,0.95,0.05,0.06,0.01,0.01,71106.03,1775999827000
1775999829.325,129.325,0.95,0.96,0.04,0.05,0.01,0.01,71108.86,1775999828000
1775999829.663,129.663,0.95,0.96,0.04,0.05,0.01,0.01,71108.86,1775999828000
1775999830.082,130.082,0.95,0.96,0.04,0.05,0.01,0.01,71108.86,1775999828000
1775999830.493,130.493,0.95,0.96,0.04,0.05,0.01,0.01,71108.89,1775999829000
1775999830.929,130.929,0.95,0.96,0.04,0.05,0.01,0.01,71108.89,1775999829000
1775999831.314,131.314,0.95,0.96,0.04,0.05,0.01,0.01,71117.7,1775999830000
1775999831.778,131.778,0.95,0.96,0.04,0.05,0.01,0.01,71117.7,1775999830000
1775999832.231,132.231,0.93,0.94,0.06,0.07,0.01,0.01,71117.58,1775999831000
1775999832.676,132.676,0.93,0.94,0.06,0.07,0.01,0.01,71117.58,1775999831000
1775999833.043,133.043,0.91,0.92,0.08,0.09,0.01,0.01,71117.58,1775999831000
1775999833.386,133.386,0.91,0.92,0.08,0.09,0.01,0.01,71116.58,1775999832000
1775999833.737,133.737,0.91,0.92,0.08,0.09,0.01,0.01,71116.58,1775999832000
1775999834.126,134.126,0.91,0.92,0.08,0.09,0.01,0.01,71116.58,1775999832000
1775999834.502,134.502,0.91,0.92,0.08,0.09,0.01,0.01,71116.74,1775999833000
1775999834.837,134.837,0.91,0.92,0.08,0.09,0.01,0.01,71116.74,1775999833000
1775999835.191,135.191,0.91,0.92,0.08,0.09,0.01,0.01,71106.64,1775999834000
1775999835.538,135.538,0.9,0.91,0.09,0.1,0.01,0.01,71106.64,1775999834000
1775999835.931,135.931,0.92,0.93,0.05,0.1,0.01,0.05,71106.64,1775999834000
1775999836.328,136.328,0.92,0.93,0.07,0.08,0.01,0.01,71111.43,1775999835000
1775999836.673,136.673,0.92,0.93,0.07,0.08,0.01,0.01,71111.43,1775999835000
1775999837.342,137.342,0.92,0.93,0.07,0.08,0.01,0.01,71110.48,1775999836000
1775999837.675,137.675,0.92,0.93,0.07,0.08,0.01,0.01,71110.48,1775999836000
1775999838.013,138.013,0.92,0.93,0.07,0.08,0.01,0.01,71110.51,1775999837000
1775999838.485,138.485,0.91,0.92,0.08,0.09,0.01,0.01,71110.51,1775999837000
1775999839.091,139.091,0.91,0.92,0.08,0.09,0.01,0.01,71110.51,1775999837000
1775999839.604,139.604,0.9,0.91,0.08,0.1,0.01,0.02,71109.49,1775999838000
1775999839.945,139.945,0.89,0.9,0.09,0.11,0.01,0.02,71109.49,1775999838000
1775999840.297,140.297,0.89,0.9,0.1,0.11,0.01,0.01,71104.64,1775999839000
1775999840.667,140.667,0.89,0.9,0.1,0.11,0.01,0.01,71104.64,1775999839000
1775999841.23,141.23,0.89,0.9,0.1,0.11,0.01,0.01,71104.64,1775999839000
1775999841.668,141.668,0.89,0.9,0.1,0.11,0.01,0.01,71102.61,1775999840000
1775999842.155,142.155,0.89,0.9,0.1,0.11,0.01,0.01,71101.49,1775999841000
1775999842.571,142.571,0.92,0.93,0.07,0.09,0.01,0.02,71101.49,1775999841000
1775999842.929,142.929,0.93,0.94,0.06,0.07,0.01,0.01,71101.49,1775999841000
1775999843.294,143.294,0.93,0.94,0.06,0.07,0.01,0.01,71100.58,1775999842000
1775999843.632,143.632,0.93,0.94,0.06,0.07,0.01,0.01,71100.58,1775999842000
1775999844.164,144.164,0.93,0.94,0.06,0.07,0.01,0.01,71100.86,1775999843000
1775999844.502,144.502,0.91,0.92,0.08,0.09,0.01,0.01,71100.86,1775999843000
1775999844.84,144.84,0.91,0.92,0.06,0.09,0.01,0.03,71100.86,1775999843000
1775999845.286,145.286,0.91,0.92,0.08,0.09,0.01,0.01,71100.86,1775999843000
1775999845.675,145.675,0.91,0.92,0.08,0.09,0.01,0.01,71107.35,1775999844000
1775999846.28,146.28,0.91,0.92,0.08,0.09,0.01,0.01,71107.35,1775999844000
1775999846.625,146.625,0.91,0.92,0.08,0.09,0.01,0.01,71107.35,1775999844000
1775999846.96,146.96,0.91,0.92,0.08,0.09,0.01,0.01,71107.35,1775999844000
1775999847.327,147.327,0.91,0.92,0.08,0.09,0.01,0.01,71101.43,1775999846000
1775999847.841,147.841,0.89,0.9,0.1,0.11,0.01,0.01,71101.43,1775999846000
1775999848.24,148.24,0.89,0.9,0.1,0.11,0.01,0.01,71101.43,1775999846000
1775999848.707,148.707,0.89,0.9,0.1,0.11,0.01,0.01,71097.82,1775999847000
1775999849.447,149.447,0.89,0.9,0.1,0.11,0.01,0.01,71097.82,1775999847000
1775999850.083,150.083,0.89,0.9,0.1,0.11,0.01,0.01,71090.51,1775999848000
1775999850.455,150.455,0.88,0.89,0.1,0.11,0.01,0.01,71090.11,1775999849000
1775999850.903,150.903,0.88,0.89,0.11,0.12,0.01,0.01,71090.11,1775999849000
1775999851.308,151.308,0.88,0.89,0.11,0.12,0.01,0.01,71090.11,1775999849000
1775999851.717,151.717,0.88,0.89,0.11,0.12,0.01,0.01,71088.46,1775999850000
1775999852.116,152.116,0.88,0.89,0.11,0.12,0.01,0.01,71088.46,1775999851000
1775999852.517,152.517,0.88,0.89,0.11,0.12,0.01,0.01,71088.46,1775999851000
1775999852.854,152.854,0.88,0.89,0.11,0.12,0.01,0.01,71088.46,1775999851000
1775999853.237,153.237,0.88,0.89,0.11,0.12,0.01,0.01,71088.46,1775999851000
1775999853.631,153.631,0.88,0.89,0.11,0.12,0.01,0.01,71088.45,1775999852000
1775999854.29,154.29,0.89,0.9,0.1,0.11,0.01,0.01,71088.07,1775999853000
1775999854.785,154.785,0.9,0.91,0.09,0.11,0.01,0.02,71088.07,1775999853000
1775999855.135,155.135,0.9,0.91,0.09,0.1,0.01,0.01,71088.07,1775999853000
1775999855.569,155.569,0.9,0.91,0.09,0.1,0.01,0.01,71088.23,1775999854000
1775999856.082,156.082,0.9,0.92,0.09,0.1,0.02,0.01,71088.23,1775999854000
1775999857.004,157.004,0.91,0.92,0.08,0.09,0.01,0.01,71088.54,1775999855000
1775999857.583,157.583,0.91,0.92,0.08,0.09,0.01,0.01,71088.54,1775999855000
1775999858.232,158.232,0.91,0.92,0.08,0.09,0.01,0.01,71088.13,1775999856000
1775999858.608,158.608,0.91,0.92,0.08,0.09,0.01,0.01,71088.58,1775999857000
1775999859.398,159.398,0.91,0.92,0.08,0.09,0.01,0.01,71088.58,1775999857000
1775999859.768,159.768,0.91,0.92,0.08,0.09,0.01,0.01,71088.57,1775999858000
1775999860.159,160.159,0.91,0.92,0.08,0.09,0.01,0.01,71088.57,1775999858000
1775999860.573,160.573,0.91,0.93,0.07,0.08,0.02,0.01,71086.76,1775999859000
1775999860.957,160.957,0.92,0.94,0.07,0.09,0.02,0.02,71086.76,1775999859000
1775999861.361,161.361,0.92,0.93,0.07,0.08,0.01,0.01,71086.76,1775999859000
1775999862.11,162.11,0.91,0.93,0.07,0.08,0.02,0.01,71088.11,1775999860000
1775999863.004,163.004,0.91,0.93,0.07,0.09,0.02,0.02,71090.03,1775999861000
1775999863.419,163.419,0.92,0.93,0.07,0.08,0.01,0.01,71090.03,1775999861000
1775999863.784,163.784,0.91,0.93,0.07,0.09,0.02,0.02,71091.26,1775999862000
1775999864.186,164.186,0.91,0.93,0.07,0.09,0.02,0.02,71091.55,1775999863000
1775999864.657,164.657,0.92,0.96,0.07,0.08,0.04,0.01,71091.55,1775999863000
1775999865.268,165.268,0.92,0.94,0.06,0.08,0.02,0.02,71091.55,1775999863000
1775999865.676,165.676,0.93,0.94,0.06,0.08,0.01,0.02,71092.03,1775999864000
1775999866.069,166.069,0.92,0.93,0.07,0.08,0.01,0.01,71091.98,1775999865000
1775999866.408,166.408,0.93,0.94,0.06,0.08,0.01,0.02,71091.98,1775999865000
1775999866.939,166.939,0.92,0.94,0.06,0.07,0.02,0.01,71091.98,1775999865000
1775999867.595,167.595,0.92,0.93,0.06,0.07,0.01,0.01,71092.64,1775999866000
1775999868.2,168.2,0.92,0.93,0.07,0.08,0.01,0.01,71092.03,1775999867000
1775999869.11,169.11,0.92,0.93,0.07,0.08,0.01,0.01,71092.03,1775999867000
1775999869.766,169.766,0.91,0.92,0.07,0.09,0.01,0.02,71091.99,1775999868000
1775999870.588,170.588,0.91,0.92,0.05,0.09,0.01,0.04,71091.99,1775999868000
1775999871.207,171.207,0.91,0.94,0.08,0.09,0.03,0.01,71092.23,1775999869000
1775999871.654,171.654,0.92,0.93,0.06,0.09,0.01,0.03,71092.55,1775999870000
1775999872.004,172.004,0.92,0.93,0.07,0.08,0.01,0.01,71091.67,1775999871000
1775999872.428,172.428,0.92,0.93,0.07,0.08,0.01,0.01,71091.67,1775999871000
1775999873.062,173.062,0.92,0.93,0.07,0.08,0.01,0.01,71091.67,1775999871000
1775999873.467,173.467,0.92,0.97,0.07,0.08,0.05,0.01,71092.7,1775999872000
1775999873.818,173.818,0.93,0.94,0.06,0.07,0.01,0.01,71092.7,1775999872000
1775999874.368,174.368,0.93,0.94,0.06,0.07,0.01,0.01,71094.07,1775999873000
1775999875.032,175.032,0.93,0.94,0.06,0.07,0.01,0.01,71094.07,1775999873000
1775999875.422,175.422,0.93,0.94,0.06,0.07,0.01,0.01,71094.07,1775999874000
1775999876.035,176.035,0.94,0.95,0.05,0.06,0.01,0.01,71094.07,1775999874000
1775999876.584,176.584,0.94,0.95,0.05,0.06,0.01,0.01,71095.15,1775999875000
1775999876.982,176.982,0.94,0.95,0.05,0.06,0.01,0.01,71095.15,1775999875000
1775999877.338,177.338,0.94,0.95,0.05,0.06,0.01,0.01,71096.9,1775999876000
1775999877.937,177.937,0.94,0.95,0.05,0.06,0.01,0.01,71096.9,1775999876000
1775999878.6,178.6,0.95,0.96,0.03,0.06,0.01,0.03,71097.98,1775999877000
1775999879.07,179.07,0.95,0.96,0.04,0.05,0.01,0.01,71097.98,1775999877000
1775999879.469,179.469,0.92,0.94,0.06,0.08,0.02,0.02,71099.91,1775999878000
1775999879.884,179.884,0.85,0.9,0.1,0.15,0.05,0.05,71099.91,1775999879000
1775999880.268,180.268,0.85,0.89,0.1,0.15,0.04,0.05,71099.91,1775999879000
1775999880.601,180.601,0.88,0.9,0.1,0.12,0.02,0.02,71099.91,1775999879000
1775999880.942,180.942,0.8,0.81,0.19,0.2,0.01,0.01,71089.86,1775999880000
1775999881.362,181.362,0.8,0.81,0.19,0.2,0.01,0.01,71089.86,1775999880000
1775999881.816,181.816,0.79,0.81,0.2,0.21,0.02,0.01,71089.86,1775999880000
1775999882.15,182.15,0.78,0.81,0.19,0.22,0.03,0.03,71054.56,1775999881000
1775999882.494,182.494,0.77,0.78,0.22,0.23,0.01,0.01,71054.56,1775999881000
1775999882.997,182.997,0.74,0.75,0.25,0.26,0.01,0.01,71050.1,1775999882000
1775999883.46,183.46,0.74,0.75,0.25,0.26,0.01,0.01,71050.1,1775999882000
1775999883.797,183.797,0.74,0.75,0.25,0.26,0.01,0.01,71050.1,1775999882000
1775999884.152,184.152,0.74,0.75,0.25,0.26,0.01,0.01,71043.2,1775999883000
1775999884.559,184.559,0.74,0.75,0.25,0.26,0.01,0.01,71043.2,1775999883000
1775999884.948,184.948,0.74,0.75,0.25,0.26,0.01,0.01,71043.2,1775999883000
1775999885.329,185.329,0.74,0.75,0.25,0.26,0.01,0.01,71040.73,1775999884000
1775999885.673,185.673,0.74,0.75,0.25,0.26,0.01,0.01,71040.73,1775999884000
1775999886.131,186.131,0.73,0.74,0.25,0.27,0.01,0.02,71040.73,1775999884000
1775999886.796,186.796,0.73,0.74,0.26,0.27,0.01,0.01,71040.01,1775999885000
1775999887.139,187.139,0.73,0.74,0.26,0.27,0.01,0.01,71041.6,1775999886000
1775999887.565,187.565,0.73,0.74,0.26,0.27,0.01,0.01,71041.6,1775999886000
1775999887.986,187.986,0.73,0.74,0.26,0.27,0.01,0.01,71041.6,1775999886000
1775999888.374,188.374,0.73,0.74,0.26,0.27,0.01,0.01,71042.01,1775999887000
1775999888.828,188.828,0.74,0.75,0.26,0.27,0.01,0.01,71042.01,1775999887000
1775999889.195,189.195,0.74,0.75,0.25,0.26,0.01,0.01,71042.01,1775999888000
1775999889.763,189.763,0.74,0.75,0.25,0.26,0.01,0.01,71042.01,1775999888000
1775999890.199,190.199,0.74,0.75,0.25,0.26,0.01,0.01,71042.92,1775999889000
1775999890.679,190.679,0.77,0.78,0.22,0.23,0.01,0.01,71042.92,1775999889000
1775999891.12,191.12,0.77,0.79,0.21,0.23,0.02,0.02,71044.29,1775999890000
1775999891.687,191.687,0.79,0.8,0.2,0.21,0.01,0.01,71044.29,1775999890000
1775999892.074,192.074,0.79,0.8,0.2,0.21,0.01,0.01,71044.29,1775999890000
1775999892.55,192.55,0.79,0.8,0.2,0.21,0.01,0.01,71045.34,1775999891000
1775999892.921,192.921,0.79,0.8,0.2,0.21,0.01,0.01,71045.34,1775999891000
1775999893.297,193.297,0.79,0.8,0.2,0.21,0.01,0.01,71046.91,1775999892000
1775999893.836,193.836,0.8,0.81,0.19,0.2,0.01,0.01,71046.91,1775999892000
1775999894.215,194.215,0.81,0.82,0.18,0.2,0.01,0.02,71046.91,1775999892000
1775999894.574,194.574,0.82,0.83,0.17,0.18,0.01,0.01,71049.35,1775999893000
1775999895.024,195.024,0.82,0.84,0.16,0.17,0.02,0.01,71049.35,1775999893000
1775999895.441,195.441,0.83,0.84,0.16,0.17,0.01,0.01,71050.37,1775999894000
1775999895.993,195.993,0.83,0.84,0.16,0.17,0.01,0.01,71051.09,1775999895000
1775999896.428,196.428,0.83,0.85,0.15,0.17,0.02,0.02,71051.09,1775999895000
1775999896.88,196.88,0.83,0.84,0.15,0.17,0.01,0.02,71051.09,1775999895000
1775999897.255,197.255,0.83,0.85,0.16,0.17,0.02,0.01,71053.63,1775999896000
1775999897.64,197.64,0.84,0.85,0.15,0.16,0.01,0.01,71053.63,1775999896000
1775999897.987,197.987,0.84,0.85,0.15,0.16,0.01,0.01,71055.98,1775999897000
1775999898.431,198.431,0.84,0.85,0.15,0.16,0.01,0.01,71055.98,1775999897000
1775999898.784,198.784,0.84,0.85,0.15,0.16,0.01,0.01,71055.98,1775999897000
1775999899.512,199.512,0.84,0.85,0.15,0.16,0.01,0.01,71057.43,1775999898000
1775999899.862,199.862,0.84,0.85,0.15,0.16,0.01,0.01,71057.43,1775999899000
1775999900.239,200.239,0.84,0.85,0.15,0.16,0.01,0.01,71057.43,1775999899000
1775999900.623,200.623,0.84,0.85,0.15,0.16,0.01,0.01,71057.43,1775999899000
1775999901.159,201.159,0.85,0.86,0.14,0.15,0.01,0.01,71056.81,1775999900000
1775999901.588,201.588,0.85,0.86,0.14,0.15,0.01,0.01,71056.81,1775999900000
1775999902.297,202.297,0.85,0.87,0.14,0.15,0.02,0.01,71056.81,1775999900000
1775999902.713,202.713,0.86,0.87,0.13,0.14,0.01,0.01,71056.6,1775999901000
1775999903.266,203.266,0.86,0.87,0.13,0.14,0.01,0.01,71057.1,1775999902000
1775999903.605,203.605,0.86,0.87,0.13,0.14,0.01,0.01,71057.1,1775999902000
1775999904.006,204.006,0.87,0.88,0.12,0.13,0.01,0.01,71057.1,1775999902000
1775999904.42,204.42,0.87,0.88,0.12,0.13,0.01,0.01,71057.1,1775999902000
1775999905.017,205.017,0.87,0.88,0.12,0.13,0.01,0.01,71057.26,1775999903000
1775999905.397,205.397,0.87,0.88,0.12,0.13,0.01,0.01,71057.26,1775999903000
1775999906.124,206.124,0.87,0.9,0.12,0.13,0.03,0.01,71058.11,1775999904000
1775999906.698,206.698,0.87,0.88,0.11,0.13,0.01,0.02,71057.54,1775999905000
1775999907.16,207.16,0.87,0.88,0.12,0.13,0.01,0.01,71057.54,1775999905000
1775999907.565,207.565,0.87,0.88,0.12,0.13,0.01,0.01,71057.54,1775999905000
1775999908.093,208.093,0.87,0.88,0.12,0.13,0.01,0.01,71058.84,1775999906000
1775999908.492,208.492,0.87,0.88,0.12,0.13,0.01,0.01,71059.6,1775999907000
1775999908.834,208.834,0.91,0.92,0.08,0.1,0.01,0.02,71059.6,1775999907000
1775999909.238,209.238,0.91,0.92,0.08,0.09,0.01,0.01,71059.73,1775999908000
1775999909.689,209.689,0.91,0.92,0.08,0.09,0.01,0.01,71059.73,1775999908000
1775999910.09,210.09,0.91,0.92,0.08,0.09,0.01,0.01,71059.73,1775999908000
1775999910.455,210.455,0.9,0.92,0.08,0.1,0.02,0.02,71063.59,1775999909000
1775999910.798,210.798,0.9,0.91,0.09,0.1,0.01,0.01,71063.59,1775999909000
1775999911.191,211.191,0.9,0.91,0.09,0.1,0.01,0.01,71063.59,1775999909000
1775999911.529,211.529,0.9,0.91,0.09,0.1,0.01,0.01,71067.43,1775999910000
1775999911.966,211.966,0.89,0.9,0.1,0.11,0.01,0.01,71067.43,1775999910000
1775999912.475,212.475,0.89,0.9,0.1,0.11,0.01,0.01,71066.81,1775999911000
1775999912.884,212.884,0.89,0.9,0.1,0.11,0.01,0.01,71066.81,1775999911000
1775999913.322,213.322,0.89,0.9,0.1,0.11,0.01,0.01,71066.81,1775999912000
1775999913.777,213.777,0.89,0.9,0.1,0.11,0.01,0.01,71066.81,1775999912000
1775999914.251,214.251,0.89,0.9,0.1,0.11,0.01,0.01,71066.81,1775999912000
1775999914.645,214.645,0.89,0.9,0.1,0.11,0.01,0.01,71066.81,1775999913000
1775999915.012,215.012,0.89,0.9,0.1,0.11,0.01,0.01,71066.81,1775999914000
1775999915.399,215.399,0.89,0.9,0.1,0.11,0.01,0.01,71066.81,1775999914000
1775999916.074,216.074,0.89,0.9,0.1,0.11,0.01,0.01,71066.81,1775999914000
1775999916.41,216.41,0.89,0.9,0.1,0.11,0.01,0.01,71066.81,1775999915000
1775999916.939,216.939,0.89,0.9,0.1,0.11,0.01,0.01,71066.81,1775999915000
1775999917.574,217.574,0.89,0.9,0.1,0.11,0.01,0.01,71066.81,1775999915000
1775999917.916,217.916,0.89,0.9,0.1,0.11,0.01,0.01,71066.82,1775999916000
1775999918.314,218.314,0.89,0.9,0.1,0.11,0.01,0.01,71066.82,1775999917000
1775999919.146,219.146,0.89,0.9,0.1,0.11,0.01,0.01,71066.58,1775999918000
1775999919.515,219.515,0.89,0.91,0.1,0.11,0.02,0.01,71066.58,1775999918000
1775999919.996,219.996,0.88,0.9,0.11,0.12,0.02,0.01,71066.58,1775999918000
1775999920.636,220.636,0.89,0.9,0.1,0.12,0.01,0.02,71066.49,1775999919000
1775999921.183,221.183,0.88,0.89,0.11,0.12,0.01,0.01,71066.49,1775999919000
1775999921.552,221.552,0.88,0.89,0.11,0.12,0.01,0.01,71066.57,1775999920000
1775999922.022,222.022,0.88,0.89,0.11,0.12,0.01,0.01,71066.57,1775999920000
1775999922.372,222.372,0.88,0.89,0.11,0.12,0.01,0.01,71066.17,1775999921000
1775999922.988,222.988,0.88,0.9,0.11,0.12,0.02,0.01,71066.17,1775999921000
1775999923.545,223.545,0.88,0.9,0.1,0.11,0.02,0.01,71065.52,1775999922000
1775999923.975,223.975,0.86,0.87,0.13,0.14,0.01,0.01,71065.52,1775999922000
1775999924.358,224.358,0.85,0.86,0.14,0.15,0.01,0.01,71065.49,1775999923000
1775999924.846,224.846,0.84,0.86,0.14,0.15,0.02,0.01,71065.49,1775999923000
1775999925.271,225.271,0.76,0.77,0.23,0.24,0.01,0.01,71065.45,1775999924000
1775999925.607,225.607,0.75,0.76,0.24,0.25,0.01,0.01,71065.45,1775999924000
1775999926.127,226.127,0.75,0.76,0.24,0.25,0.01,0.01,71065.45,1775999924000
1775999926.509,226.509,0.75,0.76,0.24,0.25,0.01,0.01,71060.88,1775999925000
1775999926.875,226.875,0.75,0.76,0.24,0.25,0.01,0.01,71060.88,1775999925000
1775999927.212,227.212,0.77,0.78,0.23,0.24,0.01,0.01,71060.88,1775999925000
1775999927.736,227.736,0.79,0.8,0.2,0.22,0.01,0.02,71047.39,1775999926000
1775999928.096,228.096,0.81,0.82,0.18,0.19,0.01,0.01,71046.53,1775999927000
1775999928.646,228.646,0.82,0.83,0.18,0.19,0.01,0.01,71046.53,1775999927000
1775999929.06,229.06,0.82,0.83,0.17,0.18,0.01,0.01,71046.55,1775999928000
1775999929.604,229.604,0.82,0.83,0.17,0.18,0.01,0.01,71046.55,1775999928000
1775999930.09,230.09,0.83,0.84,0.16,0.17,0.01,0.01,71046.95,1775999929000
1775999930.825,230.825,0.83,0.84,0.16,0.17,0.01,0.01,71046.95,1775999929000
1775999931.211,231.211,0.83,0.84,0.16,0.17,0.01,0.01,71048.69,1775999930000
1775999931.665,231.665,0.83,0.84,0.16,0.17,0.01,0.01,71048.69,1775999930000
1775999932.001,232.001,0.83,0.84,0.16,0.17,0.01,0.01,71048.69,1775999930000
1775999932.523,232.523,0.83,0.84,0.16,0.17,0.01,0.01,71048.3,1775999931000
1775999932.919,232.919,0.85,0.86,0.15,0.17,0.01,0.02,71048.3,1775999931000
1775999933.297,233.297,0.86,0.87,0.13,0.14,0.01,0.01,71048.26,1775999932000
1775999933.734,233.734,0.87,0.88,0.12,0.13,0.01,0.01,71048.26,1775999932000
1775999934.308,234.308,0.87,0.91,0.12,0.13,0.04,0.01,71048.26,1775999932000
1775999934.718,234.718,0.88,0.89,0.11,0.12,0.01,0.01,71050.64,1775999933000
1775999935.153,235.153,0.88,0.89,0.11,0.12,0.01,0.01,71050.64,1775999933000
1775999935.497,235.497,0.88,0.89,0.11,0.12,0.01,0.01,71052.53,1775999934000
1775999935.999,235.999,0.88,0.89,0.11,0.12,0.01,0.01,71052.53,1775999934000
1775999936.923,236.923,0.88,0.89,0.11,0.12,0.01,0.01,71052.36,1775999935000
1775999937.379,237.379,0.88,0.89,0.11,0.12,0.01,0.01,71052.97,1775999936000
1775999938.039,238.039,0.87,0.89,0.11,0.13,0.02,0.02,71052.97,1775999937000
1775999938.565,238.565,0.87,0.88,0.11,0.13,0.01,0.02,71052.97,1775999937000
1775999938.94,238.94,0.87,0.9,0.12,0.13,0.03,0.01,71052.97,1775999937000
1775999939.524,239.524,0.91,0.92,0.08,0.09,0.01,0.01,71052.97,1775999937000
1775999940.111,240.111,0.91,0.92,0.08,0.09,0.01,0.01,71053.5,1775999939000
1775999940.466,240.466,0.91,0.93,0.08,0.09,0.02,0.01,71053.5,1775999939000
1775999940.832,240.832,0.94,0.95,0.05,0.06,0.01,0.01,71053.5,1775999939000
1775999941.171,241.171,0.95,0.96,0.04,0.05,0.01,0.01,71053.5,1775999939000
1775999941.552,241.552,0.96,0.97,0.03,0.05,0.01,0.02,71055.91,1775999940000
1775999941.895,241.895,0.96,0.97,0.03,0.04,0.01,0.01,71055.91,1775999940000
1775999942.243,242.243,0.96,0.97,0.03,0.04,0.01,0.01,71055.91,1775999940000
1775999942.58,242.58,0.96,0.98,0.02,0.04,0.02,0.02,71074.84,1775999941000
1775999942.913,242.913,0.96,0.97,0.03,0.04,0.01,0.01,71074.84,1775999941000
1775999943.295,243.295,0.95,0.96,0.04,0.05,0.01,0.01,71081.49,1775999942000
1775999943.736,243.736,0.95,0.96,0.04,0.05,0.01,0.01,71081.49,1775999942000
1775999944.142,244.142,0.95,0.96,0.04,0.05,0.01,0.01,71081.49,1775999942000
1775999944.573,244.573,0.95,0.97,0.03,0.05,0.02,0.02,71082.53,1775999943000
1775999945.138,245.138,0.96,0.97,0.04,0.05,0.01,0.01,71082.53,1775999943000
1775999945.748,245.748,0.97,0.98,0.02,0.03,0.01,0.01,71082.72,1775999944000
1775999946.131,246.131,0.97,0.98,0.02,0.03,0.01,0.01,71082.72,1775999944000
1775999946.549,246.549,0.97,0.98,0.02,0.03,0.01,0.01,71083.7,1775999945000
1775999947.108,247.108,0.97,0.98,0.02,0.03,0.01,0.01,71083.7,1775999945000
1775999947.467,247.467,0.97,0.98,0.02,0.03,0.01,0.01,71087.25,1775999946000
1775999947.91,247.91,0.97,0.98,0.02,0.03,0.01,0.01,71087.25,1775999946000
1775999948.244,248.244,0.97,0.98,0.02,0.03,0.01,0.01,71087.25,1775999946000
1775999948.597,248.597,0.98,0.99,0.02,0.03,0.01,0.01,71090.75,1775999947000
1775999948.955,248.955,0.98,0.99,0.01,0.02,0.01,0.01,71090.75,1775999947000
1775999949.3,249.3,0.98,0.99,0.01,0.02,0.01,0.01,71091.02,1775999948000
1775999949.654,249.654,0.98,0.99,0.01,0.02,0.01,0.01,71091.02,1775999948000
1775999950.012,250.012,0.98,0.99,0.01,0.02,0.01,0.01,71091.02,1775999948000
1775999950.367,250.367,0.98,0.99,0.01,0.02,0.01,0.01,71091.02,1775999948000
1775999950.723,250.723,0.98,0.99,0.01,0.02,0.01,0.01,71091.02,1775999948000
1775999951.114,251.114,0.98,0.99,0.01,0.02,0.01,0.01,71091.31,1775999949000
1775999951.529,251.529,0.98,0.99,0.01,0.02,0.01,0.01,71091.31,1775999949000
1775999951.87,251.87,0.98,0.99,0.01,0.02,0.01,0.01,71091.8,1775999950000
1775999952.213,252.213,0.98,0.99,0.01,0.02,0.01,0.01,71091.8,1775999950000
1775999952.607,252.607,0.98,0.99,0.01,0.02,0.01,0.01,71091.8,1775999950000
1775999952.98,252.98,0.98,0.99,0.02,0.03,0.01,0.01,71091.8,1775999951000
1775999953.357,253.357,0.98,0.99,0.01,0.02,0.01,0.01,71091.8,1775999951000
1775999953.805,253.805,0.98,0.99,0.01,0.02,0.01,0.01,71092.55,1775999952000
1775999954.147,254.147,0.97,0.99,0.01,0.02,0.02,0.01,71092.55,1775999952000
1775999954.723,254.723,0.97,0.99,0.01,0.03,0.02,0.02,71092.77,1775999953000
1775999955.471,255.471,0.98,0.99,0.01,0.02,0.01,0.01,71092.77,1775999953000
1775999955.851,255.851,0.98,0.99,0.01,0.02,0.01,0.01,71091.99,1775999954000
1775999956.298,256.298,0.98,0.99,0.01,0.02,0.01,0.01,71091.99,1775999954000
1775999956.796,256.796,0.97,0.99,0.01,0.03,0.02,0.02,71092.42,1775999955000
1775999957.213,257.213,0.97,0.99,0.01,0.03,0.02,0.02,71092.39,1775999956000
1775999957.73,257.73,0.98,0.99,0.01,0.02,0.01,0.01,71092.39,1775999956000
1775999958.261,258.261,0.97,0.99,0.01,0.03,0.02,0.02,71091.74,1775999957000
1775999958.66,258.66,0.98,0.99,0.01,0.02,0.01,0.01,71091.74,1775999957000
1775999959.032,259.032,0.98,0.99,0.01,0.02,0.01,0.01,71091.74,1775999957000
1775999959.366,259.366,0.98,0.99,0.01,0.02,0.01,0.01,71090.38,1775999958000
1775999959.761,259.761,0.98,0.99,0.01,0.02,0.01,0.01,71090.38,1775999958000
1775999960.213,260.213,0.98,0.99,0.01,0.02,0.01,0.01,71090.72,1775999959000
1775999960.896,260.896,0.98,0.99,0.01,0.02,0.01,0.01,71090.72,1775999959000
1775999961.242,261.242,0.98,0.99,0.01,0.02,0.01,0.01,71090.72,1775999959000
1775999961.621,261.621,0.98,0.99,0.01,0.02,0.01,0.01,71091.6,1775999960000
1775999961.974,261.974,0.98,0.99,0.01,0.02,0.01,0.01,71091.6,1775999960000
1775999962.361,262.361,0.98,0.99,0.01,0.02,0.01,0.01,71091.6,1775999960000
1775999962.753,262.753,0.98,0.99,0.01,0.02,0.01,0.01,71096.38,1775999961000
1775999963.104,263.104,0.98,0.99,0.01,0.02,0.01,0.01,71096.38,1775999961000
1775999963.452,263.452,0.98,0.99,0.01,0.02,0.01,0.01,71097.2,1775999962000
1775999963.886,263.886,0.98,0.99,0.01,0.02,0.01,0.01,71097.2,1775999962000
1775999964.333,264.333,0.98,0.99,0.01,0.02,0.01,0.01,71097.22,1775999963000
1775999964.819,264.819,0.98,0.99,0.01,0.02,0.01,0.01,71097.22,1775999963000
1775999965.23,265.23,0.98,0.99,0.01,0.02,0.01,0.01,71097.22,1775999963000
1775999965.655,265.655,0.98,0.99,0.01,0.02,0.01,0.01,71099.08,1775999964000
1775999965.99,265.99,0.98,0.99,0.01,0.02,0.01,0.01,71099.08,1775999964000
1775999966.325,266.325,0.98,0.99,0.01,0.02,0.01,0.01,71099.08,1775999964000
1775999966.809,266.809,0.98,0.99,0.01,0.02,0.01,0.01,71103.32,1775999965000
1775999967.234,267.234,0.98,0.99,0.01,0.02,0.01,0.01,71103.32,1775999965000
1775999967.567,267.567,0.98,0.99,0.01,0.02,0.01,0.01,71103.32,1775999965000
1775999967.904,267.904,0.98,0.99,0.01,0.02,0.01,0.01,71107.51,1775999966000
1775999968.434,268.434,0.99,0.99,0.01,0.01,0.0,0.0,71107.74,1775999967000
1775999969.311,269.311,0.99,0.99,0.01,0.01,0.0,0.0,71109.31,1775999968000
1775999969.646,269.646,0.99,0.99,0.01,0.01,0.0,0.0,71109.31,1775999968000
1775999970.286,270.286,0.99,0.99,0.01,0.01,0.0,0.0,71110.85,1775999969000
1775999970.737,270.737,0.99,0.99,0.01,0.01,0.0,0.0,71110.85,1775999969000
1775999971.354,271.354,0.99,0.99,0.01,0.01,0.0,0.0,71112.51,1775999970000
1775999971.749,271.749,0.99,0.99,0.01,0.01,0.0,0.0,71112.51,1775999970000
1775999972.368,272.368,0.99,0.99,0.01,0.01,0.0,0.0,71112.64,1775999971000
1775999972.93,272.93,0.99,0.99,0.01,0.01,0.0,0.0,71109.76,1775999972000
1775999973.494,273.494,0.99,0.99,0.01,0.01,0.0,0.0,71109.76,1775999972000
1775999973.868,273.868,0.99,0.99,0.01,0.01,0.0,0.0,71109.76,1775999972000
1775999974.978,274.978,0.99,0.99,0.01,0.01,0.0,0.0,71095.14,1775999974000
1775999975.458,275.458,0.99,0.99,0.01,0.01,0.0,0.0,71095.14,1775999974000
1775999976.037,276.037,0.99,0.99,0.01,0.01,0.0,0.0,71092.86,1775999975000
1775999976.807,276.807,0.99,0.99,0.01,0.01,0.0,0.0,71092.86,1775999975000
1775999977.17,277.17,0.99,0.99,0.01,0.01,0.0,0.0,71092.74,1775999976000
1775999977.685,277.685,0.99,0.99,0.01,0.01,0.0,0.0,71092.74,1775999976000
1775999978.044,278.044,0.99,0.99,0.01,0.01,0.0,0.0,71092.49,1775999977000
1775999979.036,279.036,0.99,0.99,0.01,0.01,0.0,0.0,71092.49,1775999977000
1775999980.213,280.213,0.99,0.99,0.01,0.01,0.0,0.0,71084.13,1775999979000
1775999981.344,281.344,0.99,0.99,0.01,0.01,0.0,0.0,71084.13,1775999979000
1775999981.739,281.739,0.99,0.99,0.01,0.01,0.0,0.0,71083.65,1775999980000
1775999982.338,282.338,0.99,0.99,0.01,0.01,0.0,0.0,71083.65,1775999980000
1775999982.791,282.791,0.99,0.99,0.01,0.01,0.0,0.0,71083.33,1775999981000
1775999983.129,283.129,0.99,0.99,0.01,0.01,0.0,0.0,71083.73,1775999982000
1775999984.141,284.141,0.99,0.99,0.01,0.01,0.0,0.0,71083.73,1775999982000
1775999985.568,285.568,0.99,0.99,0.01,0.01,0.0,0.0,71083.2,1775999983000
1775999985.921,285.921,0.99,0.99,0.01,0.01,0.0,0.0,71082.02,1775999984000
1775999986.298,286.298,0.99,0.99,0.01,0.01,0.0,0.0,71081.72,1775999985000
1775999987.662,287.662,0.99,0.99,0.01,0.01,0.0,0.0,71080.92,1775999986000
1775999988.492,288.492,0.99,0.99,0.01,0.01,0.0,0.0,71080.92,1775999986000
1775999989.065,289.065,0.99,0.99,0.01,0.01,0.0,0.0,71081.72,1775999988000
1775999989.958,289.958,0.99,0.99,0.01,0.01,0.0,0.0,71081.72,1775999988000
1775999990.869,290.869,0.99,0.99,0.01,0.01,0.0,0.0,71081.06,1775999989000
1775999991.4,291.4,0.99,0.99,0.01,0.01,0.0,0.0,71080.39,1775999990000
1775999992.269,292.269,0.99,0.99,0.01,0.01,0.0,0.0,71080.39,1775999990000
1775999993.602,293.602,0.99,0.99,0.01,0.01,0.0,0.0,71078.25,1775999992000
1775999994.133,294.133,0.99,0.99,0.01,0.01,0.0,0.0,71078.25,1775999992000
1775999994.482,294.482,0.99,0.99,0.01,0.01,0.0,0.0,71078.25,1775999992000
1775999995.593,295.593,0.99,0.99,0.01,0.01,0.0,0.0,71080.89,1775999994000
1775999996.194,296.194,0.99,0.99,0.01,0.01,0.0,0.0,71080.89,1775999994000
1775999997.207,297.207,0.99,0.99,0.01,0.01,0.0,0.0,71080.72,1775999995000
1775999997.699,297.699,0.99,0.99,0.01,0.01,0.0,0.0,71080.1,1775999996000
1775999998.454,298.454,0.99,0.99,0.01,0.01,0.0,0.0,71080.9,1775999997000
1775999999.036,299.036,0.99,0.99,0.01,0.01,0.0,0.0,71080.9,1775999997000
1775999999.448,299.448,0.99,0.99,0.01,0.01,0.0,0.0,71080.07,1775999998000
1776000000.076,300.076,0.99,0.99,0.01,0.01,0.0,0.0,71077.64,1775999999000
1776000000.492,300.492,0.99,0.99,0.01,0.01,0.0,0.0,71077.64,1775999999000
1776000000.898,300.898,0.99,0.99,0.01,0.01,0.0,0.0,71077.64,1775999999000
1776000001.338,301.338,0.99,0.99,0.01,0.01,0.0,0.0,71080.13,1776000000000
1776000002.173,302.173,0.99,0.99,0.01,0.01,0.0,0.0,71080.13,1776000001000

# RESULT,winner=Up,slug=btc-updown-5m-1775999700,ticks=651
