timestamp,elapsed_sec,up_bid,up_ask,down_bid,down_ask,up_spread,down_spread,btc_price,btc_oracle_ts
1776862500.658,0.658,0.47,0.48,0.52,0.53,0.01,0.01,78267.3,1776862499000
1776862501.015,1.015,0.47,0.48,0.52,0.53,0.01,0.01,78266.9,1776862500000
1776862501.55,1.55,0.46,0.48,0.53,0.54,0.02,0.01,78266.9,1776862500000
1776862502.12,2.12,0.47,0.48,0.52,0.53,0.01,0.01,78266.9,1776862500000
1776862502.659,2.659,0.47,0.48,0.52,0.53,0.01,0.01,78266.51,1776862501000
1776862503.039,3.039,0.45,0.46,0.54,0.55,0.01,0.01,78266.51,1776862501000
1776862503.439,3.439,0.45,0.46,0.54,0.55,0.01,0.01,78265.89,1776862502000
1776862503.842,3.842,0.45,0.46,0.54,0.55,0.01,0.01,78265.89,1776862502000
1776862504.307,4.307,0.45,0.46,0.54,0.55,0.01,0.01,78264.35,1776862503000
1776862504.67,4.67,0.45,0.46,0.54,0.55,0.01,0.01,78264.35,1776862503000
1776862505.232,5.232,0.45,0.46,0.54,0.55,0.01,0.01,78264.35,1776862503000
1776862505.637,5.637,0.45,0.46,0.54,0.55,0.01,0.01,78261.99,1776862504000
1776862506.043,6.043,0.45,0.46,0.54,0.55,0.01,0.01,78261.75,1776862505000
1776862506.508,6.508,0.45,0.47,0.54,0.55,0.02,0.01,78261.75,1776862505000
1776862507.32,7.32,0.47,0.48,0.52,0.53,0.01,0.01,78261.4,1776862506000
1776862507.696,7.696,0.47,0.48,0.52,0.53,0.01,0.01,78261.4,1776862506000
1776862508.326,8.326,0.47,0.48,0.52,0.53,0.01,0.01,78261.85,1776862507000
1776862508.665,8.665,0.46,0.48,0.52,0.53,0.02,0.01,78261.85,1776862507000
1776862509.185,9.185,0.46,0.47,0.53,0.54,0.01,0.01,78261.85,1776862507000
1776862510.028,10.028,0.46,0.47,0.53,0.54,0.01,0.01,78262.08,1776862508000
1776862510.413,10.413,0.46,0.47,0.53,0.54,0.01,0.01,78261.95,1776862509000
1776862510.884,10.884,0.46,0.47,0.53,0.54,0.01,0.01,78261.95,1776862509000
1776862511.556,11.556,0.46,0.47,0.53,0.54,0.01,0.01,78261.95,1776862509000
1776862511.995,11.995,0.46,0.47,0.53,0.54,0.01,0.01,78261.22,1776862511000
1776862512.467,12.467,0.46,0.47,0.53,0.54,0.01,0.01,78261.22,1776862511000
1776862512.949,12.949,0.46,0.47,0.53,0.54,0.01,0.01,78261.28,1776862512000
1776862513.935,13.935,0.46,0.47,0.53,0.54,0.01,0.01,78261.28,1776862512000
1776862514.29,14.29,0.46,0.47,0.53,0.54,0.01,0.01,78261.28,1776862512000
1776862514.671,14.671,0.46,0.48,0.53,0.54,0.02,0.01,78261.28,1776862512000
1776862515.175,15.175,0.47,0.48,0.52,0.53,0.01,0.01,78260.86,1776862513000
1776862515.595,15.595,0.47,0.48,0.52,0.53,0.01,0.01,78261.66,1776862514000
1776862516.046,16.046,0.47,0.48,0.52,0.53,0.01,0.01,78261.66,1776862514000
1776862516.764,16.764,0.47,0.48,0.52,0.53,0.01,0.01,78263.3,1776862515000
1776862517.274,17.274,0.47,0.48,0.52,0.53,0.01,0.01,78263.3,1776862515000
1776862517.694,17.694,0.47,0.48,0.52,0.53,0.01,0.01,78262.58,1776862516000
1776862518.082,18.082,0.47,0.48,0.52,0.53,0.01,0.01,78262.58,1776862516000
1776862518.57,18.57,0.45,0.46,0.54,0.55,0.01,0.01,78262.53,1776862517000
1776862518.916,18.916,0.43,0.45,0.55,0.57,0.02,0.02,78262.53,1776862517000
1776862519.356,19.356,0.42,0.43,0.57,0.58,0.01,0.01,78262.15,1776862518000
1776862519.692,19.692,0.42,0.43,0.57,0.58,0.01,0.01,78262.15,1776862518000
1776862520.297,20.297,0.42,0.43,0.57,0.58,0.01,0.01,78261.45,1776862519000
1776862520.662,20.662,0.42,0.43,0.57,0.58,0.01,0.01,78261.45,1776862519000
1776862521.025,21.025,0.42,0.43,0.57,0.58,0.01,0.01,78259.39,1776862520000
1776862521.377,21.377,0.42,0.43,0.57,0.58,0.01,0.01,78259.39,1776862520000
1776862521.936,21.936,0.42,0.43,0.57,0.58,0.01,0.01,78259.39,1776862520000
1776862522.445,22.445,0.46,0.47,0.52,0.58,0.01,0.06,78257.9,1776862521000
1776862522.889,22.889,0.45,0.46,0.54,0.55,0.01,0.01,78257.9,1776862521000
1776862523.353,23.353,0.45,0.46,0.54,0.55,0.01,0.01,78258.4,1776862522000
1776862523.794,23.794,0.45,0.46,0.54,0.55,0.01,0.01,78258.4,1776862522000
1776862524.463,24.463,0.45,0.46,0.54,0.55,0.01,0.01,78258.4,1776862523000
1776862525.108,25.108,0.45,0.46,0.54,0.55,0.01,0.01,78258.68,1776862524000
1776862525.537,25.537,0.45,0.46,0.54,0.55,0.01,0.01,78258.68,1776862524000
1776862526.072,26.072,0.45,0.46,0.54,0.55,0.01,0.01,78258.68,1776862524000
1776862526.539,26.539,0.45,0.46,0.54,0.55,0.01,0.01,78259.11,1776862525000
1776862526.949,26.949,0.45,0.46,0.54,0.55,0.01,0.01,78259.11,1776862525000
1776862527.392,27.392,0.45,0.46,0.54,0.55,0.01,0.01,78259.01,1776862526000
1776862528.363,28.363,0.45,0.46,0.54,0.55,0.01,0.01,78259.01,1776862526000
1776862528.731,28.731,0.45,0.46,0.54,0.55,0.01,0.01,78259.0,1776862527000
1776862529.205,29.205,0.45,0.46,0.54,0.55,0.01,0.01,78259.07,1776862528000
1776862529.72,29.72,0.45,0.46,0.54,0.55,0.01,0.01,78259.07,1776862528000
1776862530.13,30.13,0.45,0.46,0.54,0.55,0.01,0.01,78259.07,1776862528000
1776862530.481,30.481,0.45,0.46,0.54,0.55,0.01,0.01,78259.07,1776862528000
1776862530.978,30.978,0.45,0.46,0.54,0.55,0.01,0.01,78258.8,1776862529000
1776862531.756,31.756,0.45,0.46,0.54,0.55,0.01,0.01,78258.4,1776862530000
1776862532.554,32.554,0.45,0.46,0.54,0.55,0.01,0.01,78257.92,1776862531000
1776862533.15,33.15,0.45,0.46,0.54,0.55,0.01,0.01,78257.92,1776862531000
1776862533.733,33.733,0.45,0.46,0.54,0.55,0.01,0.01,78257.53,1776862532000
1776862534.174,34.174,0.44,0.45,0.54,0.56,0.01,0.02,78257.53,1776862532000
1776862534.618,34.618,0.44,0.45,0.55,0.56,0.01,0.01,78257.12,1776862533000
1776862535.106,35.106,0.44,0.45,0.55,0.56,0.01,0.01,78257.12,1776862533000
1776862535.81,35.81,0.44,0.45,0.55,0.56,0.01,0.01,78257.09,1776862534000
1776862536.742,36.742,0.44,0.45,0.55,0.56,0.01,0.01,78256.91,1776862535000
1776862537.317,37.317,0.44,0.45,0.55,0.56,0.01,0.01,78256.91,1776862535000
1776862537.7,37.7,0.44,0.45,0.55,0.56,0.01,0.01,78256.64,1776862536000
1776862538.189,38.189,0.44,0.45,0.55,0.56,0.01,0.01,78256.64,1776862536000
1776862538.525,38.525,0.44,0.45,0.55,0.56,0.01,0.01,78255.67,1776862537000
1776862538.872,38.872,0.44,0.45,0.55,0.56,0.01,0.01,78255.67,1776862537000
1776862539.892,39.892,0.44,0.45,0.55,0.56,0.01,0.01,78255.56,1776862538000
1776862540.323,40.323,0.44,0.45,0.55,0.56,0.01,0.01,78255.56,1776862538000
1776862540.833,40.833,0.44,0.45,0.55,0.56,0.01,0.01,78256.74,1776862539000
1776862541.224,41.224,0.44,0.45,0.55,0.56,0.01,0.01,78256.73,1776862540000
1776862542.018,42.018,0.44,0.45,0.55,0.56,0.01,0.01,78256.73,1776862540000
1776862542.652,42.652,0.44,0.45,0.55,0.56,0.01,0.01,78257.38,1776862541000
1776862543.043,43.043,0.44,0.45,0.55,0.56,0.01,0.01,78257.38,1776862541000
1776862543.42,43.42,0.44,0.45,0.55,0.56,0.01,0.01,78257.35,1776862542000
1776862543.853,43.853,0.44,0.45,0.55,0.56,0.01,0.01,78257.35,1776862542000
1776862545.453,45.453,0.44,0.45,0.55,0.56,0.01,0.01,78257.35,1776862543000
1776862545.803,45.803,0.44,0.45,0.55,0.56,0.01,0.01,78256.32,1776862544000
1776862546.362,46.362,0.43,0.44,0.56,0.57,0.01,0.01,78256.32,1776862544000
1776862546.7,46.7,0.4,0.41,0.59,0.6,0.01,0.01,78256.23,1776862545000
1776862547.036,47.036,0.39,0.4,0.6,0.61,0.01,0.01,78256.12,1776862546000
1776862547.382,47.382,0.38,0.39,0.61,0.62,0.01,0.01,78256.12,1776862546000
1776862547.761,47.761,0.38,0.39,0.61,0.62,0.01,0.01,78256.12,1776862546000
1776862548.114,48.114,0.38,0.39,0.61,0.62,0.01,0.01,78254.19,1776862547000
1776862548.701,48.701,0.38,0.39,0.61,0.62,0.01,0.01,78254.19,1776862547000
1776862549.057,49.057,0.39,0.4,0.6,0.61,0.01,0.01,78250.82,1776862548000
1776862549.478,49.478,0.39,0.4,0.6,0.61,0.01,0.01,78250.82,1776862548000
1776862549.847,49.847,0.39,0.4,0.6,0.61,0.01,0.01,78250.82,1776862548000
1776862550.442,50.442,0.39,0.4,0.6,0.61,0.01,0.01,78249.7,1776862549000
1776862550.803,50.803,0.4,0.42,0.59,0.61,0.02,0.02,78249.7,1776862549000
1776862551.137,51.137,0.41,0.42,0.58,0.59,0.01,0.01,78249.77,1776862550000
1776862551.544,51.544,0.41,0.42,0.58,0.59,0.01,0.01,78249.77,1776862550000
1776862551.915,51.915,0.4,0.41,0.59,0.6,0.01,0.01,78249.77,1776862550000
1776862552.334,52.334,0.4,0.41,0.59,0.6,0.01,0.01,78251.05,1776862551000
1776862553.176,53.176,0.4,0.41,0.59,0.6,0.01,0.01,78249.79,1776862552000
1776862553.51,53.51,0.43,0.44,0.56,0.58,0.01,0.02,78249.79,1776862552000
1776862553.861,53.861,0.43,0.44,0.56,0.57,0.01,0.01,78249.79,1776862552000
1776862554.584,54.584,0.43,0.46,0.56,0.57,0.03,0.01,78249.77,1776862553000
1776862554.917,54.917,0.45,0.46,0.54,0.55,0.01,0.01,78249.77,1776862553000
1776862555.251,55.251,0.46,0.47,0.53,0.54,0.01,0.01,78251.04,1776862554000
1776862555.702,55.702,0.46,0.47,0.53,0.54,0.01,0.01,78251.04,1776862554000
1776862556.177,56.177,0.46,0.47,0.53,0.54,0.01,0.01,78251.04,1776862554000
1776862556.565,56.565,0.46,0.47,0.53,0.54,0.01,0.01,78251.57,1776862555000
1776862556.939,56.939,0.44,0.45,0.55,0.56,0.01,0.01,78251.57,1776862555000
1776862557.331,57.331,0.43,0.44,0.56,0.57,0.01,0.01,78251.57,1776862555000
1776862557.699,57.699,0.43,0.44,0.56,0.57,0.01,0.01,78255.45,1776862556000
1776862558.131,58.131,0.43,0.44,0.56,0.57,0.01,0.01,78255.55,1776862557000
1776862558.48,58.48,0.43,0.45,0.56,0.57,0.02,0.01,78255.55,1776862557000
1776862558.882,58.882,0.44,0.45,0.55,0.56,0.01,0.01,78255.55,1776862557000
1776862559.312,59.312,0.45,0.46,0.55,0.56,0.01,0.01,78254.84,1776862558000
1776862559.689,59.689,0.45,0.46,0.54,0.55,0.01,0.01,78254.84,1776862558000
1776862560.023,60.023,0.45,0.46,0.54,0.55,0.01,0.01,78254.84,1776862558000
1776862560.365,60.365,0.45,0.46,0.54,0.55,0.01,0.01,78253.9,1776862559000
1776862560.803,60.803,0.45,0.46,0.54,0.55,0.01,0.01,78253.9,1776862559000
1776862561.16,61.16,0.45,0.46,0.54,0.55,0.01,0.01,78253.9,1776862559000
1776862561.594,61.594,0.44,0.45,0.54,0.55,0.01,0.01,78253.9,1776862559000
1776862562.028,62.028,0.44,0.45,0.55,0.56,0.01,0.01,78253.9,1776862559000
1776862562.416,62.416,0.44,0.45,0.55,0.56,0.01,0.01,78254.05,1776862561000
1776862562.757,62.757,0.44,0.45,0.55,0.56,0.01,0.01,78254.05,1776862561000
1776862563.139,63.139,0.44,0.45,0.55,0.56,0.01,0.01,78254.05,1776862561000
1776862563.877,63.877,0.44,0.45,0.55,0.56,0.01,0.01,78254.52,1776862562000
1776862564.322,64.322,0.44,0.45,0.55,0.56,0.01,0.01,78254.52,1776862562000
1776862564.886,64.886,0.45,0.46,0.55,0.56,0.01,0.01,78254.13,1776862563000
1776862565.351,65.351,0.45,0.46,0.54,0.55,0.01,0.01,78254.13,1776862563000
1776862565.724,65.724,0.45,0.46,0.54,0.55,0.01,0.01,78254.34,1776862564000
1776862566.143,66.143,0.45,0.46,0.54,0.55,0.01,0.01,78254.44,1776862565000
1776862566.574,66.574,0.45,0.46,0.54,0.55,0.01,0.01,78254.44,1776862565000
1776862566.917,66.917,0.45,0.46,0.54,0.55,0.01,0.01,78254.44,1776862565000
1776862567.437,67.437,0.45,0.46,0.54,0.55,0.01,0.01,78254.44,1776862565000
1776862567.786,67.786,0.45,0.46,0.54,0.55,0.01,0.01,78255.06,1776862566000
1776862568.193,68.193,0.44,0.46,0.54,0.55,0.02,0.01,78255.06,1776862566000
1776862568.671,68.671,0.44,0.46,0.54,0.56,0.02,0.02,78255.78,1776862567000
1776862569.036,69.036,0.44,0.45,0.55,0.56,0.01,0.01,78255.78,1776862567000
1776862569.777,69.777,0.44,0.45,0.55,0.56,0.01,0.01,78255.78,1776862568000
1776862570.249,70.249,0.42,0.45,0.55,0.56,0.03,0.01,78255.78,1776862568000
1776862570.649,70.649,0.42,0.43,0.57,0.58,0.01,0.01,78255.1,1776862569000
1776862571.354,71.354,0.42,0.43,0.57,0.58,0.01,0.01,78255.1,1776862569000
1776862571.769,71.769,0.4,0.41,0.59,0.6,0.01,0.01,78255.1,1776862570000
1776862572.32,72.32,0.38,0.39,0.6,0.62,0.01,0.02,78255.1,1776862570000
1776862572.971,72.971,0.38,0.39,0.61,0.62,0.01,0.01,78254.48,1776862571000
1776862573.355,73.355,0.38,0.39,0.61,0.62,0.01,0.01,78254.33,1776862572000
1776862573.88,73.88,0.38,0.39,0.61,0.62,0.01,0.01,78254.33,1776862572000
1776862574.368,74.368,0.38,0.39,0.61,0.62,0.01,0.01,78254.33,1776862572000
1776862574.747,74.747,0.38,0.39,0.61,0.62,0.01,0.01,78250.61,1776862573000
1776862575.247,75.247,0.38,0.39,0.61,0.62,0.01,0.01,78250.61,1776862574000
1776862575.685,75.685,0.38,0.39,0.61,0.62,0.01,0.01,78250.61,1776862574000
1776862576.032,76.032,0.38,0.39,0.61,0.62,0.01,0.01,78250.61,1776862574000
1776862576.686,76.686,0.38,0.39,0.61,0.62,0.01,0.01,78250.9,1776862575000
1776862577.48,77.48,0.37,0.39,0.61,0.62,0.02,0.01,78250.9,1776862575000
1776862577.834,77.834,0.37,0.39,0.61,0.63,0.02,0.02,78250.42,1776862576000
1776862578.168,78.168,0.36,0.37,0.62,0.64,0.01,0.02,78250.0,1776862577000
1776862578.524,78.524,0.36,0.37,0.63,0.64,0.01,0.01,78250.0,1776862577000
1776862578.898,78.898,0.36,0.37,0.63,0.64,0.01,0.01,78250.0,1776862577000
1776862579.592,79.592,0.36,0.37,0.63,0.64,0.01,0.01,78250.0,1776862577000
1776862579.958,79.958,0.36,0.37,0.63,0.64,0.01,0.01,78246.41,1776862578000
1776862580.457,80.457,0.36,0.37,0.63,0.64,0.01,0.01,78246.32,1776862579000
1776862580.985,80.985,0.36,0.37,0.63,0.64,0.01,0.01,78246.13,1776862580000
1776862581.454,81.454,0.36,0.37,0.63,0.64,0.01,0.01,78246.13,1776862580000
1776862582.033,82.033,0.36,0.37,0.63,0.64,0.01,0.01,78246.3,1776862581000
1776862582.528,82.528,0.36,0.37,0.63,0.64,0.01,0.01,78246.3,1776862581000
1776862583.003,83.003,0.36,0.37,0.63,0.64,0.01,0.01,78246.4,1776862582000
1776862583.515,83.515,0.36,0.37,0.63,0.64,0.01,0.01,78246.4,1776862582000
1776862583.966,83.966,0.36,0.37,0.63,0.64,0.01,0.01,78246.39,1776862583000
1776862584.679,84.679,0.36,0.37,0.63,0.64,0.01,0.01,78246.39,1776862583000
1776862585.106,85.106,0.36,0.37,0.63,0.64,0.01,0.01,78246.43,1776862584000
1776862585.652,85.652,0.36,0.37,0.63,0.64,0.01,0.01,78246.43,1776862584000
1776862585.997,85.997,0.36,0.38,0.62,0.64,0.02,0.02,78246.43,1776862584000
1776862586.468,86.468,0.37,0.38,0.62,0.63,0.01,0.01,78246.5,1776862585000
1776862586.855,86.855,0.37,0.38,0.62,0.63,0.01,0.01,78246.5,1776862585000
1776862587.422,87.422,0.37,0.38,0.62,0.63,0.01,0.01,78247.08,1776862586000
1776862587.875,87.875,0.37,0.38,0.62,0.63,0.01,0.01,78247.08,1776862586000
1776862588.218,88.218,0.37,0.38,0.62,0.63,0.01,0.01,78247.19,1776862587000
1776862588.654,88.654,0.37,0.38,0.62,0.63,0.01,0.01,78247.19,1776862587000
1776862589.033,89.033,0.37,0.38,0.62,0.63,0.01,0.01,78247.31,1776862588000
1776862589.474,89.474,0.37,0.38,0.62,0.63,0.01,0.01,78247.31,1776862588000
1776862589.866,89.866,0.37,0.38,0.62,0.63,0.01,0.01,78247.31,1776862588000
1776862590.261,90.261,0.37,0.38,0.62,0.63,0.01,0.01,78247.34,1776862589000
1776862590.645,90.645,0.37,0.38,0.62,0.63,0.01,0.01,78247.34,1776862589000
1776862591.099,91.099,0.37,0.38,0.62,0.63,0.01,0.01,78246.76,1776862590000
1776862591.579,91.579,0.37,0.38,0.62,0.63,0.01,0.01,78246.76,1776862590000
1776862591.994,91.994,0.37,0.38,0.62,0.63,0.01,0.01,78246.76,1776862591000
1776862592.366,92.366,0.37,0.38,0.62,0.63,0.01,0.01,78246.76,1776862591000
1776862592.768,92.768,0.37,0.38,0.62,0.63,0.01,0.01,78246.76,1776862591000
1776862593.501,93.501,0.37,0.38,0.62,0.63,0.01,0.01,78246.77,1776862592000
1776862594.01,94.01,0.37,0.38,0.62,0.63,0.01,0.01,78246.97,1776862593000
1776862594.443,94.443,0.37,0.38,0.62,0.63,0.01,0.01,78246.97,1776862593000
1776862594.812,94.812,0.37,0.39,0.62,0.63,0.02,0.01,78246.97,1776862593000
1776862595.2,95.2,0.41,0.43,0.57,0.59,0.02,0.02,78250.83,1776862594000
1776862595.6,95.6,0.42,0.43,0.57,0.58,0.01,0.01,78250.83,1776862594000
1776862595.952,95.952,0.42,0.43,0.57,0.58,0.01,0.01,78250.83,1776862594000
1776862596.405,96.405,0.42,0.44,0.57,0.58,0.02,0.01,78252.81,1776862595000
1776862596.75,96.75,0.44,0.45,0.55,0.56,0.01,0.01,78252.81,1776862595000
1776862597.133,97.133,0.44,0.45,0.55,0.56,0.01,0.01,78252.81,1776862595000
1776862597.637,97.637,0.44,0.45,0.55,0.56,0.01,0.01,78252.81,1776862596000
1776862598.248,98.248,0.44,0.45,0.55,0.56,0.01,0.01,78253.33,1776862597000
1776862598.649,98.649,0.44,0.45,0.55,0.56,0.01,0.01,78253.33,1776862597000
1776862598.985,98.985,0.44,0.45,0.55,0.56,0.01,0.01,78253.33,1776862597000
1776862599.353,99.353,0.44,0.45,0.55,0.56,0.01,0.01,78254.24,1776862598000
1776862599.707,99.707,0.44,0.45,0.55,0.56,0.01,0.01,78254.24,1776862598000
1776862600.362,100.362,0.44,0.45,0.55,0.56,0.01,0.01,78254.24,1776862598000
1776862600.734,100.734,0.44,0.45,0.55,0.56,0.01,0.01,78254.9,1776862599000
1776862601.118,101.118,0.44,0.45,0.55,0.56,0.01,0.01,78254.9,1776862600000
1776862601.499,101.499,0.44,0.45,0.55,0.56,0.01,0.01,78254.9,1776862600000
1776862602.016,102.016,0.39,0.42,0.58,0.61,0.03,0.03,78254.9,1776862600000
1776862602.592,102.592,0.39,0.4,0.6,0.61,0.01,0.01,78255.6,1776862601000
1776862603.042,103.042,0.39,0.4,0.6,0.61,0.01,0.01,78255.6,1776862601000
1776862603.421,103.421,0.39,0.4,0.6,0.61,0.01,0.01,78255.63,1776862602000
1776862603.755,103.755,0.39,0.4,0.6,0.61,0.01,0.01,78255.63,1776862602000
1776862604.295,104.295,0.4,0.41,0.59,0.6,0.01,0.01,78253.47,1776862603000
1776862604.638,104.638,0.4,0.42,0.59,0.6,0.02,0.01,78253.47,1776862603000
1776862605.014,105.014,0.4,0.42,0.58,0.6,0.02,0.02,78250.95,1776862604000
1776862605.385,105.385,0.41,0.42,0.58,0.6,0.01,0.02,78250.95,1776862604000
1776862605.74,105.74,0.41,0.42,0.58,0.59,0.01,0.01,78250.95,1776862604000
1776862606.18,106.18,0.41,0.42,0.58,0.59,0.01,0.01,78250.95,1776862604000
1776862606.545,106.545,0.41,0.42,0.58,0.59,0.01,0.01,78250.95,1776862604000
1776862606.928,106.928,0.41,0.42,0.58,0.59,0.01,0.01,78251.09,1776862606000
1776862607.325,107.325,0.41,0.42,0.58,0.59,0.01,0.01,78251.09,1776862606000
1776862607.663,107.663,0.41,0.42,0.58,0.59,0.01,0.01,78251.09,1776862606000
1776862608.069,108.069,0.41,0.42,0.58,0.59,0.01,0.01,78251.09,1776862607000
1776862608.733,108.733,0.41,0.42,0.58,0.59,0.01,0.01,78251.09,1776862607000
1776862609.183,109.183,0.42,0.43,0.57,0.58,0.01,0.01,78251.46,1776862608000
1776862609.617,109.617,0.42,0.44,0.57,0.58,0.02,0.01,78251.46,1776862608000
1776862610.062,110.062,0.43,0.44,0.56,0.57,0.01,0.01,78251.65,1776862609000
1776862610.535,110.535,0.43,0.45,0.56,0.57,0.02,0.01,78251.65,1776862609000
1776862610.892,110.892,0.5,0.51,0.49,0.5,0.01,0.01,78252.83,1776862610000
1776862611.294,111.294,0.5,0.51,0.49,0.5,0.01,0.01,78252.83,1776862610000
1776862611.711,111.711,0.52,0.53,0.47,0.49,0.01,0.02,78252.83,1776862610000
1776862612.073,112.073,0.53,0.54,0.46,0.47,0.01,0.01,78252.83,1776862610000
1776862612.423,112.423,0.53,0.54,0.46,0.47,0.01,0.01,78255.32,1776862611000
1776862612.792,112.792,0.53,0.54,0.46,0.47,0.01,0.01,78255.32,1776862611000
1776862613.134,113.134,0.53,0.54,0.46,0.47,0.01,0.01,78255.32,1776862611000
1776862613.611,113.611,0.53,0.54,0.46,0.47,0.01,0.01,78263.39,1776862612000
1776862614.302,114.302,0.53,0.54,0.46,0.47,0.01,0.01,78265.01,1776862613000
1776862614.701,114.701,0.53,0.54,0.46,0.47,0.01,0.01,78265.01,1776862613000
1776862615.052,115.052,0.53,0.54,0.46,0.47,0.01,0.01,78265.01,1776862613000
1776862615.564,115.564,0.53,0.54,0.46,0.47,0.01,0.01,78266.58,1776862614000
1776862615.899,115.899,0.53,0.54,0.46,0.47,0.01,0.01,78266.58,1776862614000
1776862616.358,116.358,0.53,0.54,0.46,0.47,0.01,0.01,78266.44,1776862615000
1776862616.692,116.692,0.53,0.54,0.46,0.47,0.01,0.01,78266.44,1776862615000
1776862617.039,117.039,0.53,0.54,0.46,0.47,0.01,0.01,78266.44,1776862615000
1776862617.457,117.457,0.53,0.54,0.46,0.47,0.01,0.01,78266.44,1776862616000
1776862618.003,118.003,0.53,0.54,0.46,0.47,0.01,0.01,78266.44,1776862616000
1776862618.367,118.367,0.53,0.54,0.46,0.47,0.01,0.01,78266.01,1776862617000
1776862618.737,118.737,0.53,0.54,0.46,0.47,0.01,0.01,78266.01,1776862617000
1776862619.152,119.152,0.53,0.54,0.46,0.47,0.01,0.01,78266.01,1776862617000
1776862619.569,119.569,0.53,0.54,0.46,0.47,0.01,0.01,78266.93,1776862618000
1776862619.95,119.95,0.53,0.54,0.46,0.47,0.01,0.01,78266.93,1776862618000
1776862620.305,120.305,0.53,0.54,0.46,0.47,0.01,0.01,78266.65,1776862619000
1776862620.801,120.801,0.53,0.54,0.46,0.47,0.01,0.01,78266.65,1776862619000
1776862621.213,121.213,0.53,0.54,0.46,0.47,0.01,0.01,78266.65,1776862619000
1776862621.643,121.643,0.53,0.54,0.46,0.47,0.01,0.01,78266.54,1776862620000
1776862621.98,121.98,0.53,0.54,0.46,0.47,0.01,0.01,78266.54,1776862621000
1776862622.319,122.319,0.53,0.54,0.46,0.47,0.01,0.01,78266.54,1776862621000
1776862622.74,122.74,0.53,0.54,0.46,0.47,0.01,0.01,78266.54,1776862621000
1776862623.136,123.136,0.53,0.54,0.46,0.47,0.01,0.01,78266.54,1776862621000
1776862623.537,123.537,0.53,0.54,0.46,0.47,0.01,0.01,78266.58,1776862622000
1776862623.907,123.907,0.53,0.54,0.46,0.47,0.01,0.01,78266.58,1776862622000
1776862624.266,124.266,0.53,0.54,0.46,0.47,0.01,0.01,78266.71,1776862623000
1776862624.603,124.603,0.53,0.54,0.46,0.47,0.01,0.01,78266.71,1776862623000
1776862624.987,124.987,0.53,0.54,0.46,0.47,0.01,0.01,78266.71,1776862623000
1776862625.398,125.398,0.53,0.54,0.46,0.47,0.01,0.01,78266.71,1776862624000
1776862625.812,125.812,0.53,0.54,0.46,0.47,0.01,0.01,78266.71,1776862624000
1776862626.192,126.192,0.53,0.54,0.46,0.47,0.01,0.01,78266.71,1776862624000
1776862626.666,126.666,0.53,0.54,0.46,0.47,0.01,0.01,78266.72,1776862625000
1776862627.119,127.119,0.52,0.54,0.46,0.47,0.02,0.01,78266.84,1776862626000
1776862627.713,127.713,0.52,0.53,0.47,0.48,0.01,0.01,78266.84,1776862626000
1776862628.231,128.231,0.52,0.53,0.47,0.48,0.01,0.01,78266.84,1776862626000
1776862628.896,128.896,0.52,0.53,0.47,0.48,0.01,0.01,78269.04,1776862627000
1776862629.359,129.359,0.52,0.53,0.47,0.48,0.01,0.01,78269.04,1776862627000
1776862629.924,129.924,0.52,0.53,0.47,0.48,0.01,0.01,78266.96,1776862628000
1776862630.384,130.384,0.52,0.53,0.47,0.48,0.01,0.01,78266.98,1776862629000
1776862630.82,130.82,0.52,0.54,0.47,0.48,0.02,0.01,78266.98,1776862629000
1776862631.199,131.199,0.53,0.54,0.46,0.47,0.01,0.01,78266.98,1776862629000
1776862631.813,131.813,0.53,0.54,0.46,0.47,0.01,0.01,78266.97,1776862630000
1776862632.294,132.294,0.53,0.54,0.46,0.47,0.01,0.01,78266.97,1776862631000
1776862632.987,132.987,0.53,0.54,0.46,0.47,0.01,0.01,78266.97,1776862631000
1776862633.439,133.439,0.53,0.54,0.46,0.47,0.01,0.01,78266.97,1776862631000
1776862633.796,133.796,0.53,0.54,0.46,0.47,0.01,0.01,78267.88,1776862632000
1776862634.315,134.315,0.53,0.54,0.46,0.47,0.01,0.01,78268.51,1776862633000
1776862634.651,134.651,0.53,0.54,0.46,0.47,0.01,0.01,78268.51,1776862633000
1776862634.985,134.985,0.53,0.54,0.46,0.47,0.01,0.01,78268.9,1776862634000
1776862635.338,135.338,0.53,0.54,0.46,0.47,0.01,0.01,78268.9,1776862634000
1776862635.838,135.838,0.53,0.54,0.46,0.47,0.01,0.01,78268.9,1776862634000
1776862636.195,136.195,0.53,0.54,0.46,0.47,0.01,0.01,78269.08,1776862635000
1776862636.654,136.654,0.53,0.54,0.46,0.47,0.01,0.01,78269.08,1776862635000
1776862637.106,137.106,0.54,0.55,0.45,0.46,0.01,0.01,78269.08,1776862635000
1776862637.456,137.456,0.66,0.69,0.32,0.34,0.03,0.02,78271.73,1776862636000
1776862637.795,137.795,0.68,0.71,0.31,0.32,0.03,0.01,78271.73,1776862636000
1776862638.142,138.142,0.7,0.71,0.29,0.3,0.01,0.01,78271.73,1776862636000
1776862638.496,138.496,0.7,0.71,0.29,0.3,0.01,0.01,78272.32,1776862637000
1776862638.838,138.838,0.7,0.71,0.29,0.3,0.01,0.01,78272.32,1776862637000
1776862639.196,139.196,0.7,0.71,0.29,0.3,0.01,0.01,78274.53,1776862638000
1776862639.539,139.539,0.7,0.71,0.29,0.3,0.01,0.01,78274.53,1776862638000
1776862639.89,139.89,0.7,0.71,0.29,0.3,0.01,0.01,78274.53,1776862638000
1776862640.337,140.337,0.7,0.71,0.29,0.3,0.01,0.01,78290.71,1776862639000
1776862640.68,140.68,0.7,0.71,0.29,0.3,0.01,0.01,78290.71,1776862639000
1776862641.113,141.113,0.69,0.7,0.3,0.31,0.01,0.01,78290.71,1776862639000
1776862641.478,141.478,0.69,0.7,0.3,0.31,0.01,0.01,78290.71,1776862639000
1776862641.828,141.828,0.69,0.7,0.3,0.31,0.01,0.01,78290.81,1776862640000
1776862642.254,142.254,0.69,0.7,0.3,0.31,0.01,0.01,78290.81,1776862640000
1776862642.589,142.589,0.69,0.7,0.3,0.31,0.01,0.01,78290.57,1776862641000
1776862642.926,142.926,0.69,0.7,0.3,0.31,0.01,0.01,78290.57,1776862641000
1776862643.284,143.284,0.69,0.7,0.3,0.31,0.01,0.01,78289.17,1776862642000
1776862643.631,143.631,0.69,0.7,0.3,0.31,0.01,0.01,78289.17,1776862642000
1776862644.173,144.173,0.69,0.7,0.3,0.31,0.01,0.01,78288.2,1776862643000
1776862644.547,144.547,0.69,0.7,0.3,0.31,0.01,0.01,78288.2,1776862643000
1776862644.98,144.98,0.69,0.7,0.3,0.31,0.01,0.01,78288.2,1776862643000
1776862645.514,145.514,0.69,0.7,0.3,0.31,0.01,0.01,78288.2,1776862644000
1776862645.905,145.905,0.69,0.7,0.3,0.31,0.01,0.01,78288.2,1776862644000
1776862646.597,146.597,0.69,0.7,0.3,0.31,0.01,0.01,78290.08,1776862645000
1776862647.036,147.036,0.75,0.77,0.23,0.25,0.02,0.02,78290.08,1776862645000
1776862647.384,147.384,0.75,0.76,0.24,0.25,0.01,0.01,78290.08,1776862645000
1776862647.755,147.755,0.75,0.76,0.24,0.25,0.01,0.01,78288.36,1776862646000
1776862648.109,148.109,0.75,0.76,0.24,0.25,0.01,0.01,78288.36,1776862646000
1776862648.563,148.563,0.75,0.76,0.24,0.25,0.01,0.01,78292.71,1776862647000
1776862648.971,148.971,0.75,0.76,0.24,0.25,0.01,0.01,78295.54,1776862648000
1776862649.326,149.326,0.75,0.76,0.24,0.25,0.01,0.01,78295.54,1776862648000
1776862649.731,149.731,0.75,0.76,0.24,0.25,0.01,0.01,78295.54,1776862648000
1776862650.074,150.074,0.75,0.76,0.24,0.25,0.01,0.01,78295.54,1776862648000
1776862650.534,150.534,0.75,0.76,0.24,0.25,0.01,0.01,78297.5,1776862649000
1776862650.869,150.869,0.75,0.76,0.24,0.25,0.01,0.01,78297.5,1776862649000
1776862651.297,151.297,0.77,0.78,0.23,0.25,0.01,0.02,78297.5,1776862649000
1776862651.793,151.793,0.77,0.78,0.22,0.23,0.01,0.01,78298.4,1776862650000
1776862652.187,152.187,0.77,0.78,0.22,0.23,0.01,0.01,78298.4,1776862651000
1776862653.002,153.002,0.77,0.78,0.22,0.23,0.01,0.01,78298.4,1776862651000
1776862653.376,153.376,0.77,0.78,0.22,0.23,0.01,0.01,78298.71,1776862652000
1776862653.934,153.934,0.77,0.78,0.22,0.23,0.01,0.01,78298.71,1776862652000
1776862654.328,154.328,0.77,0.78,0.22,0.23,0.01,0.01,78298.71,1776862653000
1776862654.774,154.774,0.77,0.78,0.22,0.24,0.01,0.02,78298.71,1776862653000
1776862655.198,155.198,0.75,0.76,0.24,0.25,0.01,0.01,78298.78,1776862654000
1776862655.583,155.583,0.75,0.76,0.24,0.25,0.01,0.01,78298.78,1776862654000
1776862655.988,155.988,0.76,0.77,0.23,0.24,0.01,0.01,78298.78,1776862654000
1776862656.395,156.395,0.76,0.77,0.23,0.24,0.01,0.01,78298.78,1776862654000
1776862656.773,156.773,0.76,0.77,0.23,0.24,0.01,0.01,78296.35,1776862655000
1776862657.136,157.136,0.76,0.77,0.23,0.24,0.01,0.01,78295,1776862656000
1776862657.59,157.59,0.76,0.79,0.21,0.24,0.03,0.03,78295,1776862656000
1776862657.949,157.949,0.79,0.8,0.2,0.21,0.01,0.01,78295,1776862656000
1776862658.401,158.401,0.81,0.82,0.18,0.2,0.01,0.02,78297.02,1776862657000
1776862658.923,158.923,0.81,0.83,0.17,0.2,0.02,0.03,78297.02,1776862657000
1776862659.447,159.447,0.81,0.82,0.16,0.19,0.01,0.03,78297.02,1776862657000
1776862659.826,159.826,0.81,0.82,0.18,0.19,0.01,0.01,78299.83,1776862658000
1776862660.196,160.196,0.81,0.82,0.16,0.19,0.01,0.03,78304.1,1776862659000
1776862660.781,160.781,0.82,0.84,0.16,0.19,0.02,0.03,78304.1,1776862659000
1776862661.423,161.423,0.82,0.84,0.16,0.18,0.02,0.02,78304.1,1776862659000
1776862661.772,161.772,0.81,0.84,0.16,0.19,0.03,0.03,78312.27,1776862660000
1776862662.21,162.21,0.84,0.85,0.15,0.16,0.01,0.01,78312.27,1776862660000
1776862662.795,162.795,0.84,0.85,0.15,0.16,0.01,0.01,78312.43,1776862661000
1776862663.368,163.368,0.82,0.83,0.17,0.18,0.01,0.01,78312.43,1776862661000
1776862663.713,163.713,0.82,0.83,0.17,0.18,0.01,0.01,78313.3,1776862662000
1776862664.524,164.524,0.85,0.86,0.14,0.15,0.01,0.01,78313.3,1776862663000
1776862665.022,165.022,0.85,0.86,0.14,0.15,0.01,0.01,78313.3,1776862663000
1776862665.355,165.355,0.85,0.86,0.14,0.15,0.01,0.01,78313.98,1776862664000
1776862665.751,165.751,0.86,0.87,0.14,0.15,0.01,0.01,78313.98,1776862664000
1776862666.087,166.087,0.87,0.88,0.12,0.13,0.01,0.01,78313.98,1776862664000
1776862666.437,166.437,0.87,0.88,0.12,0.13,0.01,0.01,78314.92,1776862665000
1776862666.868,166.868,0.87,0.88,0.12,0.13,0.01,0.01,78314.92,1776862665000
1776862667.392,167.392,0.87,0.88,0.12,0.13,0.01,0.01,78315.58,1776862666000
1776862668.247,168.247,0.87,0.88,0.12,0.13,0.01,0.01,78315.58,1776862666000
1776862668.853,168.853,0.87,0.88,0.12,0.13,0.01,0.01,78321.44,1776862667000
1776862669.271,169.271,0.87,0.88,0.12,0.13,0.01,0.01,78321.44,1776862667000
1776862669.889,169.889,0.87,0.88,0.12,0.13,0.01,0.01,78323.45,1776862669000
1776862670.284,170.284,0.87,0.88,0.12,0.13,0.01,0.01,78323.45,1776862669000
1776862670.669,170.669,0.87,0.88,0.12,0.13,0.01,0.01,78323.45,1776862669000
1776862671.103,171.103,0.87,0.88,0.12,0.13,0.01,0.01,78321.85,1776862670000
1776862671.443,171.443,0.87,0.88,0.12,0.13,0.01,0.01,78321.85,1776862670000
1776862671.949,171.949,0.87,0.88,0.12,0.13,0.01,0.01,78321.85,1776862670000
1776862672.997,172.997,0.87,0.88,0.12,0.13,0.01,0.01,78319.98,1776862671000
1776862673.362,173.362,0.87,0.88,0.12,0.13,0.01,0.01,78321.74,1776862672000
1776862673.741,173.741,0.87,0.88,0.12,0.13,0.01,0.01,78321.74,1776862672000
1776862674.171,174.171,0.87,0.88,0.12,0.13,0.01,0.01,78321.74,1776862672000
1776862674.676,174.676,0.87,0.88,0.12,0.13,0.01,0.01,78321.89,1776862673000
1776862675.075,175.075,0.86,0.87,0.13,0.14,0.01,0.01,78321.89,1776862673000
1776862675.515,175.515,0.86,0.87,0.13,0.14,0.01,0.01,78321.89,1776862673000
1776862675.857,175.857,0.86,0.87,0.13,0.14,0.01,0.01,78321.88,1776862674000
1776862676.285,176.285,0.86,0.87,0.13,0.14,0.01,0.01,78321.88,1776862674000
1776862676.654,176.654,0.86,0.87,0.13,0.14,0.01,0.01,78320.16,1776862675000
1776862677.079,177.079,0.86,0.87,0.13,0.14,0.01,0.01,78317.76,1776862676000
1776862677.459,177.459,0.86,0.87,0.13,0.14,0.01,0.01,78317.76,1776862676000
1776862677.912,177.912,0.86,0.87,0.13,0.14,0.01,0.01,78317.76,1776862676000
1776862678.443,178.443,0.86,0.87,0.13,0.14,0.01,0.01,78317.5,1776862677000
1776862679.06,179.06,0.86,0.87,0.13,0.14,0.01,0.01,78316.84,1776862678000
1776862679.566,179.566,0.86,0.87,0.13,0.14,0.01,0.01,78316.84,1776862678000
1776862680.05,180.05,0.86,0.87,0.13,0.14,0.01,0.01,78316.84,1776862678000
1776862680.401,180.401,0.86,0.87,0.13,0.14,0.01,0.01,78316.87,1776862679000
1776862680.79,180.79,0.86,0.87,0.13,0.14,0.01,0.01,78316.87,1776862679000
1776862681.221,181.221,0.87,0.88,0.11,0.13,0.01,0.02,78316.87,1776862679000
1776862681.779,181.779,0.88,0.89,0.12,0.13,0.01,0.01,78316.82,1776862680000
1776862682.133,182.133,0.88,0.89,0.11,0.12,0.01,0.01,78316.82,1776862680000
1776862682.472,182.472,0.88,0.9,0.1,0.12,0.02,0.02,78317.14,1776862681000
1776862682.829,182.829,0.89,0.9,0.1,0.11,0.01,0.01,78317.14,1776862681000
1776862683.216,183.216,0.88,0.9,0.1,0.11,0.02,0.01,78317.14,1776862681000
1776862683.558,183.558,0.89,0.9,0.1,0.12,0.01,0.02,78317.14,1776862682000
1776862683.978,183.978,0.89,0.9,0.1,0.11,0.01,0.01,78317.14,1776862682000
1776862684.347,184.347,0.88,0.89,0.11,0.12,0.01,0.01,78317.02,1776862683000
1776862685.406,185.406,0.88,0.89,0.11,0.12,0.01,0.01,78317.02,1776862683000
1776862685.739,185.739,0.88,0.89,0.11,0.12,0.01,0.01,78317.02,1776862683000
1776862686.081,186.081,0.86,0.89,0.11,0.13,0.03,0.02,78317.14,1776862684000
1776862686.434,186.434,0.8,0.85,0.15,0.2,0.05,0.05,78317.01,1776862685000
1776862686.868,186.868,0.8,0.82,0.18,0.2,0.02,0.02,78317.01,1776862685000
1776862687.3,187.3,0.8,0.82,0.18,0.2,0.02,0.02,78317.01,1776862685000
1776862687.722,187.722,0.79,0.82,0.18,0.21,0.03,0.03,78306.93,1776862686000
1776862688.184,188.184,0.81,0.85,0.17,0.19,0.04,0.02,78306.93,1776862686000
1776862688.551,188.551,0.81,0.85,0.15,0.19,0.04,0.04,78305.27,1776862687000
1776862689.051,189.051,0.83,0.85,0.15,0.17,0.02,0.02,78305.27,1776862688000
1776862689.515,189.515,0.84,0.85,0.15,0.19,0.01,0.04,78305.27,1776862688000
1776862690.121,190.121,0.84,0.85,0.15,0.16,0.01,0.01,78305.27,1776862688000
1776862690.462,190.462,0.81,0.85,0.15,0.19,0.04,0.04,78302.84,1776862689000
1776862691.086,191.086,0.81,0.82,0.18,0.19,0.01,0.01,78302.84,1776862689000
1776862691.427,191.427,0.85,0.87,0.13,0.15,0.02,0.02,78304.53,1776862690000
1776862691.768,191.768,0.83,0.85,0.13,0.18,0.02,0.05,78304.53,1776862690000
1776862692.116,192.116,0.84,0.85,0.15,0.16,0.01,0.01,78304.53,1776862690000
1776862692.45,192.45,0.84,0.86,0.14,0.16,0.02,0.02,78304.53,1776862690000
1776862692.978,192.978,0.84,0.85,0.15,0.16,0.01,0.01,78310.2,1776862691000
1776862693.333,193.333,0.84,0.87,0.13,0.16,0.03,0.03,78310.2,1776862691000
1776862693.697,193.697,0.86,0.87,0.13,0.14,0.01,0.01,78313.93,1776862692000
1776862694.056,194.056,0.88,0.89,0.11,0.12,0.01,0.01,78313.93,1776862692000
1776862694.401,194.401,0.88,0.89,0.11,0.12,0.01,0.01,78313.93,1776862692000
1776862694.762,194.762,0.88,0.89,0.11,0.12,0.01,0.01,78313.93,1776862692000
1776862695.251,195.251,0.89,0.9,0.1,0.12,0.01,0.02,78313.96,1776862693000
1776862695.588,195.588,0.89,0.9,0.1,0.11,0.01,0.01,78316.8,1776862694000
1776862695.947,195.947,0.89,0.9,0.1,0.11,0.01,0.01,78316.8,1776862694000
1776862696.409,196.409,0.89,0.9,0.1,0.11,0.01,0.01,78316.8,1776862694000
1776862696.812,196.812,0.89,0.9,0.1,0.11,0.01,0.01,78317.62,1776862695000
1776862697.37,197.37,0.89,0.9,0.1,0.11,0.01,0.01,78317.62,1776862695000
1776862698.472,198.472,0.89,0.9,0.1,0.11,0.01,0.01,78317.72,1776862697000
1776862698.954,198.954,0.89,0.9,0.1,0.11,0.01,0.01,78317.72,1776862697000
1776862699.604,199.604,0.9,0.91,0.09,0.12,0.01,0.03,78317.98,1776862698000
1776862699.96,199.96,0.9,0.91,0.09,0.1,0.01,0.01,78317.98,1776862698000
1776862700.421,200.421,0.9,0.91,0.09,0.1,0.01,0.01,78317.98,1776862698000
1776862700.916,200.916,0.89,0.91,0.09,0.1,0.02,0.01,78317.83,1776862699000
1776862701.272,201.272,0.89,0.9,0.1,0.11,0.01,0.01,78317.83,1776862699000
1776862701.738,201.738,0.89,0.9,0.1,0.11,0.01,0.01,78317.52,1776862700000
1776862702.165,202.165,0.89,0.91,0.09,0.11,0.02,0.02,78317.52,1776862700000
1776862702.504,202.504,0.89,0.9,0.1,0.11,0.01,0.01,78317.52,1776862700000
1776862702.984,202.984,0.89,0.9,0.1,0.11,0.01,0.01,78317.41,1776862701000
1776862703.46,203.46,0.89,0.9,0.1,0.11,0.01,0.01,78317.41,1776862701000
1776862703.872,203.872,0.89,0.9,0.1,0.11,0.01,0.01,78317.41,1776862702000
1776862704.298,204.298,0.89,0.9,0.1,0.11,0.01,0.01,78317.35,1776862703000
1776862704.651,204.651,0.88,0.9,0.1,0.12,0.02,0.02,78317.35,1776862703000
1776862705.139,205.139,0.89,0.9,0.1,0.11,0.01,0.01,78317.35,1776862703000
1776862705.899,205.899,0.88,0.89,0.1,0.12,0.01,0.02,78317.1,1776862704000
1776862706.504,206.504,0.88,0.89,0.11,0.12,0.01,0.01,78317.16,1776862705000
1776862706.884,206.884,0.88,0.89,0.11,0.12,0.01,0.01,78317.16,1776862705000
1776862707.679,207.679,0.88,0.89,0.11,0.12,0.01,0.01,78316.14,1776862706000
1776862708.082,208.082,0.88,0.89,0.11,0.12,0.01,0.01,78316.14,1776862706000
1776862708.476,208.476,0.88,0.89,0.11,0.12,0.01,0.01,78316.14,1776862707000
1776862708.849,208.849,0.88,0.89,0.11,0.12,0.01,0.01,78316.14,1776862707000
1776862709.237,209.237,0.88,0.89,0.11,0.12,0.01,0.01,78315.98,1776862708000
1776862709.611,209.611,0.88,0.89,0.11,0.12,0.01,0.01,78315.98,1776862708000
1776862710.105,210.105,0.86,0.89,0.11,0.12,0.03,0.01,78315.19,1776862709000
1776862710.472,210.472,0.84,0.85,0.15,0.16,0.01,0.01,78315.19,1776862709000
1776862710.914,210.914,0.83,0.84,0.16,0.17,0.01,0.01,78315.19,1776862709000
1776862711.252,211.252,0.83,0.84,0.16,0.17,0.01,0.01,78314.71,1776862710000
1776862711.659,211.659,0.83,0.84,0.16,0.17,0.01,0.01,78314.71,1776862710000
1776862712.003,212.003,0.83,0.84,0.16,0.17,0.01,0.01,78314.71,1776862710000
1776862712.35,212.35,0.83,0.84,0.16,0.17,0.01,0.01,78308.74,1776862711000
1776862712.72,212.72,0.83,0.84,0.16,0.17,0.01,0.01,78308.74,1776862711000
1776862713.272,213.272,0.83,0.84,0.16,0.17,0.01,0.01,78308.74,1776862711000
1776862713.678,213.678,0.83,0.84,0.16,0.17,0.01,0.01,78308.74,1776862711000
1776862714.127,214.127,0.85,0.86,0.15,0.16,0.01,0.01,78306.06,1776862712000
1776862714.466,214.466,0.87,0.88,0.12,0.13,0.01,0.01,78306.44,1776862713000
1776862714.853,214.853,0.87,0.88,0.12,0.13,0.01,0.01,78306.44,1776862713000
1776862715.211,215.211,0.87,0.88,0.12,0.13,0.01,0.01,78306.44,1776862714000
1776862715.61,215.61,0.86,0.88,0.12,0.13,0.02,0.01,78306.44,1776862714000
1776862716.012,216.012,0.84,0.85,0.15,0.16,0.01,0.01,78308.97,1776862715000
1776862716.426,216.426,0.84,0.85,0.15,0.16,0.01,0.01,78308.97,1776862715000
1776862716.76,216.76,0.84,0.85,0.15,0.16,0.01,0.01,78308.97,1776862715000
1776862717.121,217.121,0.86,0.87,0.13,0.15,0.01,0.02,78309.73,1776862716000
1776862717.503,217.503,0.86,0.89,0.13,0.14,0.03,0.01,78309.73,1776862716000
1776862718.005,218.005,0.88,0.89,0.11,0.12,0.01,0.01,78309.73,1776862716000
1776862718.357,218.357,0.88,0.89,0.11,0.12,0.01,0.01,78305.91,1776862717000
1776862718.698,218.698,0.88,0.89,0.11,0.12,0.01,0.01,78305.91,1776862717000
1776862719.045,219.045,0.88,0.89,0.11,0.12,0.01,0.01,78305.91,1776862717000
1776862719.506,219.506,0.88,0.89,0.11,0.12,0.01,0.01,78305.91,1776862717000
1776862720.03,220.03,0.88,0.89,0.11,0.12,0.01,0.01,78311.28,1776862719000
1776862720.395,220.395,0.89,0.9,0.1,0.11,0.01,0.01,78311.28,1776862719000
1776862720.886,220.886,0.89,0.9,0.1,0.11,0.01,0.01,78311.28,1776862719000
1776862721.38,221.38,0.89,0.9,0.1,0.11,0.01,0.01,78312.37,1776862720000
1776862721.759,221.759,0.9,0.91,0.09,0.1,0.01,0.01,78312.37,1776862720000
1776862722.121,222.121,0.89,0.91,0.09,0.1,0.02,0.01,78312.37,1776862720000
1776862722.853,222.853,0.89,0.9,0.1,0.11,0.01,0.01,78312.86,1776862721000
1776862723.206,223.206,0.89,0.9,0.1,0.11,0.01,0.01,78312.36,1776862722000
1776862723.713,223.713,0.89,0.9,0.1,0.11,0.01,0.01,78312.36,1776862722000
1776862724.351,224.351,0.89,0.9,0.1,0.11,0.01,0.01,78311.83,1776862723000
1776862724.982,224.982,0.89,0.9,0.1,0.11,0.01,0.01,78311.83,1776862723000
1776862725.598,225.598,0.89,0.9,0.1,0.11,0.01,0.01,78311.83,1776862724000
1776862726.096,226.096,0.88,0.89,0.1,0.12,0.01,0.02,78311.83,1776862724000
1776862726.788,226.788,0.88,0.89,0.11,0.12,0.01,0.01,78312.53,1776862725000
1776862727.256,227.256,0.88,0.89,0.11,0.12,0.01,0.01,78312.53,1776862725000
1776862727.77,227.77,0.85,0.89,0.11,0.12,0.04,0.01,78310.91,1776862726000
1776862728.181,228.181,0.72,0.73,0.27,0.28,0.01,0.01,78310.91,1776862727000
1776862728.551,228.551,0.72,0.73,0.27,0.28,0.01,0.01,78310.91,1776862727000
1776862728.89,228.89,0.6,0.68,0.32,0.4,0.08,0.08,78310.91,1776862727000
1776862729.237,229.237,0.51,0.56,0.44,0.49,0.05,0.05,78307.61,1776862728000
1776862729.57,229.57,0.55,0.56,0.44,0.45,0.01,0.01,78307.61,1776862728000
1776862729.924,229.924,0.45,0.48,0.54,0.55,0.03,0.01,78307.61,1776862728000
1776862730.26,230.26,0.44,0.46,0.54,0.56,0.02,0.02,78307.61,1776862728000
1776862730.69,230.69,0.36,0.37,0.63,0.64,0.01,0.01,78282.37,1776862729000
1776862731.026,231.026,0.36,0.38,0.63,0.64,0.02,0.01,78270.9,1776862730000
1776862731.497,231.497,0.36,0.4,0.6,0.64,0.04,0.04,78270.9,1776862730000
1776862731.833,231.833,0.39,0.4,0.6,0.61,0.01,0.01,78270.9,1776862730000
1776862732.167,232.167,0.43,0.44,0.56,0.57,0.01,0.01,78270.9,1776862730000
1776862732.541,232.541,0.43,0.44,0.56,0.57,0.01,0.01,78267.12,1776862731000
1776862732.876,232.876,0.44,0.45,0.55,0.56,0.01,0.01,78267.12,1776862731000
1776862733.328,233.328,0.44,0.45,0.55,0.56,0.01,0.01,78267.12,1776862731000
1776862733.671,233.671,0.44,0.45,0.55,0.56,0.01,0.01,78265.47,1776862732000
1776862734.014,234.014,0.45,0.46,0.54,0.55,0.01,0.01,78265.47,1776862732000
1776862734.408,234.408,0.45,0.46,0.54,0.55,0.01,0.01,78265.47,1776862732000
1776862734.791,234.791,0.45,0.46,0.54,0.55,0.01,0.01,78264.77,1776862733000
1776862735.14,235.14,0.45,0.46,0.54,0.55,0.01,0.01,78264.77,1776862733000
1776862735.626,235.626,0.45,0.46,0.54,0.55,0.01,0.01,78263.52,1776862734000
1776862735.988,235.988,0.45,0.46,0.54,0.55,0.01,0.01,78263.52,1776862734000
1776862736.323,236.323,0.45,0.46,0.54,0.55,0.01,0.01,78263.52,1776862734000
1776862736.734,236.734,0.45,0.46,0.54,0.55,0.01,0.01,78263.7,1776862735000
1776862737.17,237.17,0.44,0.45,0.55,0.56,0.01,0.01,78263.7,1776862735000
1776862737.7,237.7,0.45,0.46,0.54,0.55,0.01,0.01,78263.36,1776862736000
1776862738.087,238.087,0.44,0.45,0.55,0.56,0.01,0.01,78263.36,1776862736000
1776862738.436,238.436,0.46,0.47,0.53,0.54,0.01,0.01,78263.36,1776862736000
1776862738.816,238.816,0.46,0.47,0.53,0.54,0.01,0.01,78263.36,1776862736000
1776862739.263,239.263,0.47,0.48,0.52,0.53,0.01,0.01,78263.41,1776862737000
1776862739.621,239.621,0.46,0.47,0.53,0.54,0.01,0.01,78263.41,1776862737000
1776862740.009,240.009,0.46,0.47,0.53,0.54,0.01,0.01,78263.41,1776862737000
1776862740.425,240.425,0.46,0.47,0.53,0.54,0.01,0.01,78264.0,1776862738000
1776862740.783,240.783,0.46,0.47,0.53,0.54,0.01,0.01,78264.0,1776862738000
1776862741.492,241.492,0.46,0.47,0.53,0.54,0.01,0.01,78263.69,1776862739000
1776862741.904,241.904,0.46,0.47,0.53,0.54,0.01,0.01,78263.69,1776862739000
1776862742.258,242.258,0.46,0.47,0.53,0.54,0.01,0.01,78263.48,1776862740000
1776862742.601,242.601,0.43,0.45,0.53,0.56,0.02,0.03,78263.48,1776862740000
1776862742.952,242.952,0.4,0.41,0.59,0.6,0.01,0.01,78263.59,1776862741000
1776862743.29,243.29,0.4,0.41,0.59,0.6,0.01,0.01,78263.59,1776862741000
1776862743.658,243.658,0.43,0.44,0.56,0.57,0.01,0.01,78263.67,1776862742000
1776862744.012,244.012,0.45,0.46,0.54,0.55,0.01,0.01,78263.67,1776862742000
1776862744.389,244.389,0.45,0.48,0.54,0.55,0.03,0.01,78263.21,1776862743000
1776862744.808,244.808,0.53,0.54,0.46,0.47,0.01,0.01,78263.21,1776862743000
1776862745.158,245.158,0.53,0.54,0.46,0.47,0.01,0.01,78263.21,1776862743000
1776862745.681,245.681,0.51,0.52,0.48,0.49,0.01,0.01,78263.21,1776862743000
1776862746.019,246.019,0.51,0.52,0.48,0.49,0.01,0.01,78264.58,1776862744000
1776862746.372,246.372,0.5,0.51,0.49,0.5,0.01,0.01,78264.58,1776862744000
1776862746.733,246.733,0.46,0.47,0.52,0.55,0.01,0.03,78266,1776862745000
1776862747.104,247.104,0.46,0.47,0.53,0.54,0.01,0.01,78266,1776862745000
1776862747.463,247.463,0.45,0.46,0.53,0.55,0.01,0.02,78269.97,1776862746000
1776862748.02,248.02,0.45,0.46,0.54,0.55,0.01,0.01,78269.97,1776862746000
1776862748.528,248.528,0.45,0.46,0.54,0.55,0.01,0.01,78269.97,1776862746000
1776862748.951,248.951,0.45,0.46,0.54,0.55,0.01,0.01,78269.88,1776862747000
1776862749.348,249.348,0.44,0.45,0.55,0.56,0.01,0.01,78269.19,1776862748000
1776862749.714,249.714,0.44,0.45,0.55,0.56,0.01,0.01,78269.19,1776862748000
1776862750.067,250.067,0.43,0.44,0.56,0.57,0.01,0.01,78269.19,1776862748000
1776862750.434,250.434,0.43,0.44,0.56,0.57,0.01,0.01,78266.33,1776862749000
1776862750.898,250.898,0.43,0.44,0.56,0.57,0.01,0.01,78266.33,1776862749000
1776862751.256,251.256,0.49,0.5,0.56,0.57,0.01,0.01,78266.33,1776862749000
1776862751.649,251.649,0.49,0.5,0.5,0.51,0.01,0.01,78266.33,1776862749000
1776862752.074,252.074,0.48,0.49,0.5,0.52,0.01,0.02,78266.31,1776862750000
1776862752.534,252.534,0.47,0.49,0.51,0.52,0.02,0.01,78266.33,1776862751000
1776862753.145,253.145,0.46,0.47,0.52,0.54,0.01,0.02,78266.33,1776862751000
1776862753.514,253.514,0.45,0.46,0.53,0.55,0.01,0.02,78266.33,1776862751000
1776862753.904,253.904,0.45,0.49,0.54,0.55,0.04,0.01,78266.33,1776862752000
1776862754.42,254.42,0.5,0.51,0.49,0.5,0.01,0.01,78266.74,1776862753000
1776862754.865,254.865,0.49,0.5,0.5,0.51,0.01,0.01,78266.74,1776862753000
1776862755.315,255.315,0.47,0.49,0.51,0.53,0.02,0.02,78266.46,1776862754000
1776862755.803,255.803,0.43,0.46,0.52,0.55,0.03,0.03,78266.46,1776862754000
1776862756.137,256.137,0.25,0.3,0.7,0.75,0.05,0.05,78266.46,1776862754000
1776862756.527,256.527,0.27,0.28,0.72,0.73,0.01,0.01,78266.46,1776862754000
1776862756.869,256.869,0.27,0.28,0.72,0.73,0.01,0.01,78266.45,1776862755000
1776862757.203,257.203,0.26,0.27,0.73,0.74,0.01,0.01,78266.45,1776862755000
1776862757.595,257.595,0.26,0.27,0.73,0.74,0.01,0.01,78264.26,1776862756000
1776862758.026,258.026,0.26,0.27,0.73,0.74,0.01,0.01,78264.26,1776862756000
1776862758.363,258.363,0.26,0.27,0.73,0.74,0.01,0.01,78258.95,1776862757000
1776862759.025,259.025,0.26,0.27,0.73,0.74,0.01,0.01,78258.95,1776862757000
1776862759.392,259.392,0.26,0.27,0.73,0.74,0.01,0.01,78258.95,1776862757000
1776862759.732,259.732,0.26,0.27,0.73,0.74,0.01,0.01,78255.08,1776862758000
1776862760.261,260.261,0.26,0.27,0.73,0.74,0.01,0.01,78255.08,1776862758000
1776862760.616,260.616,0.26,0.27,0.73,0.74,0.01,0.01,78254.21,1776862759000
1776862760.973,260.973,0.26,0.27,0.73,0.74,0.01,0.01,78254.21,1776862759000
1776862761.314,261.314,0.2,0.21,0.79,0.8,0.01,0.01,78254.89,1776862760000
1776862761.719,261.719,0.2,0.21,0.79,0.8,0.01,0.01,78254.89,1776862760000
1776862762.061,262.061,0.2,0.21,0.79,0.8,0.01,0.01,78254.89,1776862760000
1776862762.452,262.452,0.2,0.21,0.79,0.8,0.01,0.01,78254.89,1776862760000
1776862762.808,262.808,0.18,0.19,0.81,0.82,0.01,0.01,78254.37,1776862761000
1776862763.257,263.257,0.18,0.19,0.81,0.82,0.01,0.01,78254.37,1776862761000
1776862763.632,263.632,0.2,0.21,0.81,0.82,0.01,0.01,78251.08,1776862762000
1776862764.017,264.017,0.25,0.28,0.73,0.75,0.03,0.02,78251.08,1776862762000
1776862764.356,264.356,0.26,0.27,0.73,0.74,0.01,0.01,78251.08,1776862762000
1776862764.691,264.691,0.24,0.25,0.73,0.74,0.01,0.01,78251.08,1776862762000
1776862765.065,265.065,0.2,0.22,0.75,0.77,0.02,0.02,78250.07,1776862763000
1776862765.405,265.405,0.19,0.2,0.79,0.8,0.01,0.01,78250.07,1776862763000
1776862765.845,265.845,0.19,0.2,0.8,0.81,0.01,0.01,78250.72,1776862764000
1776862766.264,266.264,0.2,0.24,0.76,0.8,0.04,0.04,78251.13,1776862765000
1776862766.645,266.645,0.22,0.23,0.77,0.78,0.01,0.01,78251.13,1776862765000
1776862767.073,267.073,0.22,0.23,0.77,0.78,0.01,0.01,78251.13,1776862765000
1776862767.438,267.438,0.19,0.21,0.79,0.81,0.02,0.02,78251.59,1776862766000
1776862767.9,267.9,0.18,0.2,0.8,0.81,0.02,0.01,78251.59,1776862766000
1776862768.32,268.32,0.15,0.16,0.84,0.85,0.01,0.01,78250.89,1776862767000
1776862768.656,268.656,0.53,0.56,0.42,0.45,0.03,0.03,78250.89,1776862767000
1776862768.99,268.99,0.38,0.39,0.61,0.62,0.01,0.01,78250.89,1776862767000
1776862769.325,269.325,0.38,0.4,0.6,0.62,0.02,0.02,78250.89,1776862767000
1776862769.696,269.696,0.4,0.41,0.59,0.6,0.01,0.01,78251.32,1776862768000
1776862770.108,270.108,0.4,0.41,0.59,0.6,0.01,0.01,78251.32,1776862768000
1776862770.548,270.548,0.4,0.41,0.59,0.6,0.01,0.01,78253.69,1776862769000
1776862770.921,270.921,0.43,0.44,0.56,0.6,0.01,0.04,78253.69,1776862769000
1776862771.437,271.437,0.4,0.41,0.56,0.6,0.01,0.04,78253.69,1776862769000
1776862771.772,271.772,0.4,0.41,0.59,0.6,0.01,0.01,78263.67,1776862770000
1776862772.192,272.192,0.4,0.41,0.59,0.6,0.01,0.01,78263.67,1776862770000
1776862772.543,272.543,0.41,0.43,0.57,0.58,0.02,0.01,78264.99,1776862771000
1776862773.067,273.067,0.41,0.42,0.57,0.59,0.01,0.02,78264.99,1776862771000
1776862773.48,273.48,0.41,0.42,0.58,0.59,0.01,0.01,78264.99,1776862771000
1776862773.852,273.852,0.41,0.42,0.58,0.59,0.01,0.01,78264.99,1776862771000
1776862774.225,274.225,0.41,0.42,0.58,0.59,0.01,0.01,78265.37,1776862772000
1776862774.6,274.6,0.39,0.4,0.6,0.61,0.01,0.01,78265.37,1776862772000
1776862775.014,275.014,0.37,0.38,0.6,0.63,0.01,0.03,78265.52,1776862773000
1776862775.379,275.379,0.33,0.34,0.65,0.68,0.01,0.03,78265.52,1776862773000
1776862775.723,275.723,0.33,0.34,0.66,0.67,0.01,0.01,78265.6,1776862774000
1776862776.121,276.121,0.34,0.35,0.65,0.66,0.01,0.01,78265.6,1776862774000
1776862776.529,276.529,0.33,0.34,0.66,0.67,0.01,0.01,78265.6,1776862774000
1776862776.871,276.871,0.34,0.35,0.65,0.67,0.01,0.02,78263.61,1776862775000
1776862777.247,277.247,0.37,0.38,0.61,0.63,0.01,0.02,78263.61,1776862775000
1776862777.644,277.644,0.37,0.38,0.62,0.63,0.01,0.01,78263.61,1776862775000
1776862778.049,278.049,0.37,0.4,0.62,0.63,0.03,0.01,78262.51,1776862776000
1776862778.392,278.392,0.67,0.68,0.32,0.34,0.01,0.02,78262.59,1776862777000
1776862778.73,278.73,0.67,0.68,0.32,0.33,0.01,0.01,78262.59,1776862777000
1776862779.085,279.085,0.78,0.79,0.21,0.22,0.01,0.01,78262.59,1776862777000
1776862779.424,279.424,0.79,0.8,0.2,0.21,0.01,0.01,78262.66,1776862778000
1776862779.768,279.768,0.78,0.79,0.21,0.22,0.01,0.01,78262.66,1776862778000
1776862780.144,280.144,0.74,0.75,0.25,0.26,0.01,0.01,78262.66,1776862778000
1776862780.488,280.488,0.74,0.75,0.25,0.26,0.01,0.01,78267.1,1776862779000
1776862780.833,280.833,0.82,0.87,0.14,0.18,0.05,0.04,78267.1,1776862779000
1776862781.206,281.206,0.9,0.91,0.09,0.1,0.01,0.01,78267.1,1776862779000
1776862781.552,281.552,0.9,0.91,0.09,0.1,0.01,0.01,78276.53,1776862780000
1776862781.892,281.892,0.9,0.91,0.09,0.1,0.01,0.01,78276.53,1776862780000
1776862782.265,282.265,0.9,0.91,0.09,0.1,0.01,0.01,78276.53,1776862780000
1776862782.701,282.701,0.8,0.81,0.19,0.2,0.01,0.01,78276.53,1776862780000
1776862783.05,283.05,0.67,0.75,0.19,0.33,0.08,0.14,78277.16,1776862781000
1776862783.399,283.399,0.67,0.68,0.32,0.33,0.01,0.01,78278.42,1776862782000
1776862783.812,283.812,0.67,0.68,0.32,0.33,0.01,0.01,78278.42,1776862782000
1776862784.201,284.201,0.67,0.68,0.32,0.33,0.01,0.01,78278.42,1776862782000
1776862784.683,284.683,0.68,0.69,0.32,0.33,0.01,0.01,78283.9,1776862783000
1776862785.258,285.258,0.71,0.72,0.31,0.32,0.01,0.01,78283.9,1776862783000
1776862785.617,285.617,0.71,0.72,0.28,0.29,0.01,0.01,78282.86,1776862784000
1776862786.034,286.034,0.79,0.8,0.2,0.21,0.01,0.01,78282.86,1776862784000
1776862786.415,286.415,0.78,0.79,0.21,0.22,0.01,0.01,78276.76,1776862785000
1776862786.753,286.753,0.79,0.8,0.2,0.22,0.01,0.02,78276.76,1776862785000
1776862787.116,287.116,0.79,0.8,0.2,0.21,0.01,0.01,78276.76,1776862785000
1776862787.478,287.478,0.79,0.8,0.2,0.21,0.01,0.01,78275.64,1776862786000
1776862787.821,287.821,0.79,0.8,0.2,0.21,0.01,0.01,78275.64,1776862786000
1776862788.234,288.234,0.76,0.77,0.23,0.24,0.01,0.01,78275.64,1776862786000
1776862788.585,288.585,0.82,0.83,0.16,0.21,0.01,0.05,78275.35,1776862787000
1776862788.969,288.969,0.82,0.84,0.17,0.18,0.02,0.01,78275.35,1776862787000
1776862789.313,289.313,0.83,0.84,0.16,0.18,0.01,0.02,78275.38,1776862788000
1776862789.653,289.653,0.83,0.84,0.16,0.17,0.01,0.01,78275.38,1776862788000
1776862790.344,290.344,0.83,0.84,0.16,0.17,0.01,0.01,78275.42,1776862789000
1776862790.702,290.702,0.86,0.87,0.13,0.14,0.01,0.01,78275.42,1776862789000
1776862791.109,291.109,0.86,0.87,0.13,0.14,0.01,0.01,78275.42,1776862789000
1776862791.507,291.507,0.84,0.88,0.15,0.16,0.04,0.01,78275.42,1776862789000
1776862791.851,291.851,0.86,0.87,0.12,0.14,0.01,0.02,78276.33,1776862790000
1776862792.241,292.241,0.86,0.88,0.1,0.14,0.02,0.04,78276.33,1776862791000
1776862792.617,292.617,0.86,0.87,0.13,0.14,0.01,0.01,78276.33,1776862791000
1776862793.001,293.001,0.79,0.87,0.13,0.14,0.08,0.01,78276.33,1776862791000
1776862793.337,293.337,0.69,0.82,0.18,0.19,0.13,0.01,78276.2,1776862792000
1776862793.677,293.677,0.32,0.47,0.65,0.68,0.15,0.03,78276.2,1776862792000
1776862794.019,294.019,0.6,0.64,0.36,0.4,0.04,0.04,78276.2,1776862792000
1776862794.36,294.36,0.6,0.61,0.39,0.4,0.01,0.01,78276.17,1776862793000
1776862794.696,294.696,0.6,0.61,0.39,0.4,0.01,0.01,78276.17,1776862793000
1776862795.035,295.035,0.6,0.61,0.39,0.4,0.01,0.01,78274.84,1776862794000
1776862795.379,295.379,0.31,0.37,0.61,0.69,0.06,0.08,78274.84,1776862794000
1776862795.713,295.713,0.22,0.25,0.75,0.78,0.03,0.03,78274.84,1776862794000
1776862796.049,296.049,0.16,0.17,0.83,0.84,0.01,0.01,78274.84,1776862794000
1776862796.406,296.406,0.16,0.17,0.83,0.84,0.01,0.01,78260.14,1776862795000
1776862796.765,296.765,0.11,0.12,0.88,0.89,0.01,0.01,78260.14,1776862795000
1776862797.102,297.102,0.1,0.11,0.89,0.9,0.01,0.01,78260.14,1776862795000
1776862797.445,297.445,0.02,0.05,0.94,0.97,0.03,0.03,78259.09,1776862796000
1776862797.78,297.78,0.05,0.06,0.94,0.95,0.01,0.01,78259.09,1776862796000
1776862798.116,298.116,0.04,0.05,0.95,0.96,0.01,0.01,78259.09,1776862796000
1776862798.458,298.458,0.02,0.01,0.99,0.98,-0.01,-0.01,78259.19,1776862797000
1776862798.918,298.918,0.02,0.01,0.99,0.98,-0.01,-0.01,78259.02,1776862798000
1776862799.293,299.293,0.02,0.01,0.99,0.98,-0.01,-0.01,78259.02,1776862798000
1776862799.765,299.765,0.02,0.01,0.99,0.98,-0.01,-0.01,78259.02,1776862798000
1776862800.141,300.141,0.02,0.01,0.99,0.98,-0.01,-0.01,78259.65,1776862799000
1776862801.162,301.162,0.02,0.01,0.99,0.98,-0.01,-0.01,78258.29,1776862800000
1776862802.268,302.268,0.02,0.01,0.99,0.98,-0.01,-0.01,78258.24,1776862801000

# RESULT,winner=Down,slug=btc-updown-5m-1776862500,ticks=688
