timestamp,elapsed_sec,up_bid,up_ask,down_bid,down_ask,up_spread,down_spread,btc_price,btc_oracle_ts
1776066000.597,0.597,0.53,0.54,0.46,0.47,0.01,0.01,70794.0,1776065999000
1776066001.029,1.029,0.53,0.54,0.46,0.47,0.01,0.01,70794.0,1776065999000
1776066001.528,1.528,0.53,0.54,0.46,0.47,0.01,0.01,70793.47,1776066000000
1776066001.899,1.899,0.53,0.54,0.46,0.47,0.01,0.01,70793.47,1776066000000
1776066002.262,2.262,0.53,0.54,0.46,0.47,0.01,0.01,70793.79,1776066001000
1776066002.643,2.643,0.52,0.53,0.47,0.48,0.01,0.01,70793.79,1776066001000
1776066003.044,3.044,0.5,0.51,0.49,0.5,0.01,0.01,70793.79,1776066001000
1776066003.487,3.487,0.52,0.53,0.49,0.5,0.01,0.01,70793.79,1776066001000
1776066004.348,4.348,0.52,0.53,0.47,0.48,0.01,0.01,70793.93,1776066003000
1776066004.745,4.745,0.52,0.53,0.47,0.48,0.01,0.01,70793.93,1776066003000
1776066005.347,5.347,0.52,0.53,0.47,0.48,0.01,0.01,70793.55,1776066004000
1776066005.698,5.698,0.53,0.56,0.44,0.47,0.03,0.03,70793.55,1776066004000
1776066006.142,6.142,0.57,0.58,0.42,0.43,0.01,0.01,70793.55,1776066004000
1776066006.537,6.537,0.58,0.59,0.41,0.42,0.01,0.01,70794.02,1776066005000
1776066006.932,6.932,0.58,0.59,0.41,0.42,0.01,0.01,70794.02,1776066005000
1776066007.383,7.383,0.58,0.59,0.41,0.42,0.01,0.01,70793.52,1776066006000
1776066007.826,7.826,0.58,0.59,0.41,0.42,0.01,0.01,70793.52,1776066006000
1776066008.209,8.209,0.58,0.59,0.41,0.42,0.01,0.01,70793.52,1776066006000
1776066008.647,8.647,0.58,0.59,0.41,0.42,0.01,0.01,70793.52,1776066006000
1776066009.165,9.165,0.58,0.59,0.41,0.42,0.01,0.01,70798.9,1776066007000
1776066009.553,9.553,0.59,0.6,0.4,0.41,0.01,0.01,70799.25,1776066008000
1776066009.887,9.887,0.59,0.6,0.4,0.41,0.01,0.01,70799.25,1776066008000
1776066010.229,10.229,0.6,0.61,0.39,0.41,0.01,0.02,70799.47,1776066009000
1776066010.563,10.563,0.6,0.61,0.39,0.4,0.01,0.01,70799.47,1776066009000
1776066010.951,10.951,0.6,0.61,0.39,0.4,0.01,0.01,70799.47,1776066009000
1776066011.317,11.317,0.59,0.61,0.39,0.41,0.02,0.02,70799.47,1776066009000
1776066011.676,11.676,0.57,0.58,0.41,0.43,0.01,0.02,70798.91,1776066010000
1776066012.164,12.164,0.55,0.56,0.42,0.45,0.01,0.03,70798.91,1776066010000
1776066012.525,12.525,0.55,0.56,0.44,0.45,0.01,0.01,70798.9,1776066011000
1776066013.315,13.315,0.55,0.56,0.44,0.45,0.01,0.01,70798.9,1776066011000
1776066013.698,13.698,0.55,0.56,0.44,0.45,0.01,0.01,70800.88,1776066012000
1776066014.435,14.435,0.55,0.56,0.44,0.45,0.01,0.01,70800.88,1776066012000
1776066014.822,14.822,0.54,0.56,0.44,0.45,0.02,0.01,70799.22,1776066013000
1776066015.166,15.166,0.52,0.53,0.47,0.48,0.01,0.01,70799.22,1776066013000
1776066015.501,15.501,0.52,0.53,0.47,0.48,0.01,0.01,70799.03,1776066014000
1776066015.938,15.938,0.52,0.53,0.47,0.48,0.01,0.01,70799.03,1776066014000
1776066016.698,16.698,0.52,0.53,0.47,0.48,0.01,0.01,70798.89,1776066015000
1776066017.047,17.047,0.52,0.53,0.47,0.48,0.01,0.01,70798.89,1776066015000
1776066017.666,17.666,0.51,0.53,0.47,0.48,0.02,0.01,70797.79,1776066016000
1776066018.05,18.05,0.51,0.52,0.48,0.49,0.01,0.01,70797.79,1776066016000
1776066018.491,18.491,0.5,0.51,0.49,0.5,0.01,0.01,70795.17,1776066017000
1776066018.827,18.827,0.5,0.51,0.49,0.5,0.01,0.01,70795.17,1776066017000
1776066019.161,19.161,0.5,0.51,0.49,0.5,0.01,0.01,70795.17,1776066017000
1776066019.597,19.597,0.5,0.51,0.49,0.5,0.01,0.01,70794.18,1776066018000
1776066019.941,19.941,0.5,0.51,0.49,0.5,0.01,0.01,70794.18,1776066018000
1776066020.318,20.318,0.5,0.51,0.49,0.5,0.01,0.01,70793.45,1776066019000
1776066020.66,20.66,0.5,0.51,0.49,0.5,0.01,0.01,70793.45,1776066019000
1776066021.074,21.074,0.5,0.51,0.49,0.5,0.01,0.01,70791.84,1776066020000
1776066021.5,21.5,0.5,0.51,0.49,0.5,0.01,0.01,70791.84,1776066020000
1776066021.882,21.882,0.5,0.51,0.49,0.5,0.01,0.01,70791.84,1776066020000
1776066022.217,22.217,0.47,0.48,0.52,0.53,0.01,0.01,70791.91,1776066021000
1776066022.579,22.579,0.46,0.47,0.53,0.54,0.01,0.01,70791.91,1776066021000
1776066023.025,23.025,0.46,0.47,0.53,0.54,0.01,0.01,70791.91,1776066021000
1776066023.375,23.375,0.44,0.46,0.54,0.55,0.02,0.01,70792.17,1776066022000
1776066023.711,23.711,0.44,0.45,0.55,0.56,0.01,0.01,70792.17,1776066022000
1776066024.346,24.346,0.44,0.45,0.55,0.56,0.01,0.01,70788.15,1776066023000
1776066024.784,24.784,0.42,0.43,0.56,0.58,0.01,0.02,70788.15,1776066023000
1776066025.136,25.136,0.43,0.44,0.56,0.57,0.01,0.01,70782.02,1776066024000
1776066025.547,25.547,0.42,0.43,0.56,0.57,0.01,0.01,70782.02,1776066024000
1776066025.917,25.917,0.42,0.43,0.57,0.58,0.01,0.01,70781.94,1776066025000
1776066026.268,26.268,0.42,0.43,0.57,0.58,0.01,0.01,70781.94,1776066025000
1776066026.752,26.752,0.44,0.45,0.55,0.58,0.01,0.03,70781.94,1776066025000
1776066027.255,27.255,0.44,0.45,0.55,0.56,0.01,0.01,70781.94,1776066025000
1776066027.954,27.954,0.44,0.45,0.55,0.56,0.01,0.01,70780.56,1776066026000
1776066028.414,28.414,0.44,0.45,0.55,0.56,0.01,0.01,70780,1776066027000
1776066028.862,28.862,0.44,0.45,0.55,0.56,0.01,0.01,70780,1776066027000
1776066029.245,29.245,0.44,0.45,0.55,0.56,0.01,0.01,70781.73,1776066028000
1776066029.625,29.625,0.44,0.45,0.55,0.56,0.01,0.01,70781.73,1776066028000
1776066030.134,30.134,0.45,0.46,0.55,0.56,0.01,0.01,70781.73,1776066028000
1776066030.509,30.509,0.45,0.46,0.54,0.55,0.01,0.01,70781.75,1776066029000
1776066030.9,30.9,0.44,0.45,0.55,0.56,0.01,0.01,70781.75,1776066029000
1776066031.306,31.306,0.43,0.44,0.55,0.57,0.01,0.02,70781.75,1776066029000
1776066031.815,31.815,0.43,0.44,0.56,0.57,0.01,0.01,70781.75,1776066030000
1776066032.169,32.169,0.43,0.44,0.56,0.57,0.01,0.01,70781.74,1776066031000
1776066032.697,32.697,0.43,0.44,0.56,0.57,0.01,0.01,70781.74,1776066031000
1776066033.067,33.067,0.43,0.44,0.56,0.57,0.01,0.01,70781.74,1776066032000
1776066033.422,33.422,0.42,0.44,0.56,0.57,0.02,0.01,70781.74,1776066032000
1776066033.798,33.798,0.43,0.45,0.56,0.57,0.02,0.01,70781.74,1776066032000
1776066034.179,34.179,0.43,0.44,0.55,0.57,0.01,0.02,70781.7,1776066033000
1776066035.156,35.156,0.42,0.43,0.56,0.57,0.01,0.01,70781.7,1776066033000
1776066035.736,35.736,0.42,0.43,0.57,0.58,0.01,0.01,70781.72,1776066034000
1776066036.111,36.111,0.41,0.42,0.57,0.59,0.01,0.02,70781.72,1776066034000
1776066036.464,36.464,0.41,0.42,0.58,0.59,0.01,0.01,70781.74,1776066035000
1776066036.889,36.889,0.41,0.42,0.58,0.59,0.01,0.01,70781.7,1776066036000
1776066037.237,37.237,0.41,0.42,0.58,0.59,0.01,0.01,70781.7,1776066036000
1776066037.797,37.797,0.41,0.42,0.58,0.59,0.01,0.01,70781.7,1776066036000
1776066038.134,38.134,0.4,0.41,0.58,0.59,0.01,0.01,70781.7,1776066036000
1776066038.469,38.469,0.4,0.41,0.59,0.6,0.01,0.01,70780.44,1776066037000
1776066038.824,38.824,0.4,0.41,0.59,0.6,0.01,0.01,70780.44,1776066037000
1776066039.178,39.178,0.4,0.41,0.59,0.6,0.01,0.01,70780.13,1776066038000
1776066039.606,39.606,0.4,0.41,0.59,0.6,0.01,0.01,70780.13,1776066038000
1776066040.008,40.008,0.4,0.45,0.59,0.6,0.05,0.01,70780.13,1776066038000
1776066040.493,40.493,0.5,0.51,0.49,0.5,0.01,0.01,70779.68,1776066039000
1776066040.949,40.949,0.51,0.52,0.48,0.5,0.01,0.02,70779.68,1776066039000
1776066041.401,41.401,0.51,0.54,0.47,0.49,0.03,0.02,70779.68,1776066039000
1776066041.769,41.769,0.56,0.57,0.44,0.46,0.01,0.02,70780.3,1776066040000
1776066042.105,42.105,0.56,0.57,0.43,0.44,0.01,0.01,70780.3,1776066040000
1776066042.464,42.464,0.58,0.59,0.41,0.42,0.01,0.01,70785.98,1776066041000
1776066042.877,42.877,0.58,0.59,0.41,0.42,0.01,0.01,70785.98,1776066041000
1776066043.33,43.33,0.58,0.59,0.41,0.42,0.01,0.01,70794.85,1776066042000
1776066043.684,43.684,0.58,0.59,0.41,0.42,0.01,0.01,70794.85,1776066042000
1776066044.095,44.095,0.58,0.59,0.41,0.42,0.01,0.01,70794.85,1776066042000
1776066044.45,44.45,0.58,0.59,0.41,0.42,0.01,0.01,70798.0,1776066043000
1776066044.933,44.933,0.58,0.59,0.41,0.42,0.01,0.01,70798.0,1776066043000
1776066045.393,45.393,0.58,0.59,0.41,0.42,0.01,0.01,70798.3,1776066044000
1776066045.811,45.811,0.58,0.59,0.41,0.42,0.01,0.01,70798.3,1776066044000
1776066046.162,46.162,0.58,0.59,0.41,0.42,0.01,0.01,70800.26,1776066045000
1776066046.518,46.518,0.58,0.59,0.41,0.42,0.01,0.01,70800.26,1776066045000
1776066046.918,46.918,0.58,0.59,0.41,0.42,0.01,0.01,70800.26,1776066045000
1776066047.288,47.288,0.58,0.6,0.41,0.42,0.02,0.01,70799.97,1776066046000
1776066047.659,47.659,0.6,0.61,0.39,0.4,0.01,0.01,70799.97,1776066046000
1776066048.107,48.107,0.6,0.61,0.39,0.4,0.01,0.01,70799.97,1776066046000
1776066048.563,48.563,0.6,0.61,0.39,0.4,0.01,0.01,70798.41,1776066047000
1776066048.917,48.917,0.6,0.61,0.39,0.4,0.01,0.01,70798.41,1776066047000
1776066049.279,49.279,0.6,0.61,0.39,0.4,0.01,0.01,70799.08,1776066048000
1776066049.679,49.679,0.6,0.61,0.39,0.4,0.01,0.01,70799.08,1776066048000
1776066050.149,50.149,0.6,0.61,0.39,0.4,0.01,0.01,70799.08,1776066048000
1776066050.601,50.601,0.6,0.61,0.39,0.4,0.01,0.01,70800.22,1776066049000
1776066050.97,50.97,0.6,0.61,0.39,0.4,0.01,0.01,70800.22,1776066049000
1776066051.376,51.376,0.6,0.61,0.39,0.4,0.01,0.01,70800.22,1776066049000
1776066051.809,51.809,0.59,0.61,0.39,0.4,0.02,0.01,70799.52,1776066050000
1776066052.573,52.573,0.58,0.59,0.41,0.42,0.01,0.01,70799.52,1776066051000
1776066053.016,53.016,0.58,0.59,0.41,0.42,0.01,0.01,70800.15,1776066052000
1776066053.73,53.73,0.57,0.58,0.41,0.43,0.01,0.02,70800.15,1776066052000
1776066054.072,54.072,0.57,0.58,0.42,0.43,0.01,0.01,70799.31,1776066053000
1776066054.472,54.472,0.57,0.58,0.42,0.43,0.01,0.01,70799.31,1776066053000
1776066055.118,55.118,0.57,0.58,0.42,0.43,0.01,0.01,70799.31,1776066053000
1776066055.514,55.514,0.57,0.58,0.42,0.43,0.01,0.01,70799.31,1776066053000
1776066055.879,55.879,0.58,0.59,0.41,0.42,0.01,0.01,70798.7,1776066054000
1776066056.346,56.346,0.58,0.59,0.41,0.42,0.01,0.01,70798.7,1776066054000
1776066056.806,56.806,0.58,0.59,0.41,0.42,0.01,0.01,70798.67,1776066055000
1776066057.224,57.224,0.58,0.59,0.41,0.42,0.01,0.01,70798.71,1776066056000
1776066058.485,58.485,0.58,0.59,0.41,0.42,0.01,0.01,70798.71,1776066056000
1776066058.906,58.906,0.58,0.59,0.41,0.42,0.01,0.01,70799.87,1776066057000
1776066059.262,59.262,0.58,0.6,0.41,0.42,0.02,0.01,70799.14,1776066058000
1776066059.617,59.617,0.63,0.68,0.32,0.37,0.05,0.05,70799.14,1776066058000
1776066059.962,59.962,0.63,0.64,0.36,0.38,0.01,0.02,70799.14,1776066058000
1776066060.298,60.298,0.62,0.63,0.37,0.38,0.01,0.01,70799.14,1776066058000
1776066060.633,60.633,0.61,0.63,0.37,0.38,0.02,0.01,70798.41,1776066059000
1776066060.982,60.982,0.61,0.62,0.38,0.39,0.01,0.01,70798.41,1776066059000
1776066061.327,61.327,0.6,0.61,0.39,0.4,0.01,0.01,70804.43,1776066060000
1776066061.788,61.788,0.6,0.61,0.39,0.4,0.01,0.01,70804.43,1776066060000
1776066062.148,62.148,0.51,0.54,0.46,0.48,0.03,0.02,70804.43,1776066060000
1776066062.49,62.49,0.49,0.5,0.5,0.51,0.01,0.01,70805.5,1776066061000
1776066062.823,62.823,0.47,0.49,0.51,0.53,0.02,0.02,70805.5,1776066061000
1776066063.235,63.235,0.47,0.48,0.52,0.53,0.01,0.01,70804.23,1776066062000
1776066063.61,63.61,0.47,0.48,0.52,0.53,0.01,0.01,70804.23,1776066062000
1776066063.947,63.947,0.47,0.48,0.52,0.53,0.01,0.01,70804.23,1776066062000
1776066064.355,64.355,0.47,0.48,0.52,0.53,0.01,0.01,70797.64,1776066063000
1776066064.73,64.73,0.47,0.48,0.52,0.53,0.01,0.01,70797.64,1776066063000
1776066065.148,65.148,0.47,0.48,0.52,0.53,0.01,0.01,70797.64,1776066063000
1776066065.588,65.588,0.47,0.48,0.52,0.53,0.01,0.01,70790.12,1776066064000
1776066066.02,66.02,0.46,0.47,0.52,0.54,0.01,0.02,70790.12,1776066064000
1776066066.514,66.514,0.46,0.47,0.53,0.54,0.01,0.01,70789.25,1776066065000
1776066066.864,66.864,0.47,0.48,0.52,0.53,0.01,0.01,70789.25,1776066065000
1776066067.373,67.373,0.47,0.48,0.52,0.53,0.01,0.01,70788.74,1776066066000
1776066067.799,67.799,0.47,0.48,0.52,0.53,0.01,0.01,70788.74,1776066066000
1776066068.134,68.134,0.47,0.48,0.52,0.53,0.01,0.01,70788.74,1776066066000
1776066068.483,68.483,0.47,0.48,0.52,0.53,0.01,0.01,70788.21,1776066067000
1776066068.884,68.884,0.48,0.49,0.52,0.53,0.01,0.01,70788.21,1776066067000
1776066069.235,69.235,0.48,0.49,0.51,0.52,0.01,0.01,70786.47,1776066068000
1776066069.631,69.631,0.48,0.49,0.51,0.52,0.01,0.01,70786.47,1776066068000
1776066069.98,69.98,0.48,0.5,0.51,0.52,0.02,0.01,70786.47,1776066068000
1776066070.455,70.455,0.52,0.53,0.47,0.48,0.01,0.01,70787.01,1776066069000
1776066070.958,70.958,0.54,0.55,0.45,0.46,0.01,0.01,70787.01,1776066069000
1776066071.505,71.505,0.54,0.55,0.45,0.46,0.01,0.01,70788.84,1776066070000
1776066071.916,71.916,0.54,0.55,0.45,0.46,0.01,0.01,70791.31,1776066071000
1776066072.336,72.336,0.54,0.55,0.45,0.46,0.01,0.01,70791.31,1776066071000
1776066072.686,72.686,0.54,0.55,0.45,0.46,0.01,0.01,70791.31,1776066071000
1776066073.223,73.223,0.54,0.55,0.45,0.46,0.01,0.01,70791.31,1776066071000
1776066073.64,73.64,0.54,0.55,0.45,0.46,0.01,0.01,70792.91,1776066072000
1776066074.226,74.226,0.55,0.56,0.44,0.45,0.01,0.01,70792.91,1776066072000
1776066074.567,74.567,0.55,0.56,0.44,0.45,0.01,0.01,70793.03,1776066073000
1776066074.964,74.964,0.55,0.56,0.44,0.45,0.01,0.01,70793.03,1776066073000
1776066075.342,75.342,0.55,0.56,0.44,0.45,0.01,0.01,70793.46,1776066074000
1776066075.842,75.842,0.55,0.56,0.44,0.45,0.01,0.01,70793.46,1776066074000
1776066076.238,76.238,0.55,0.56,0.44,0.45,0.01,0.01,70793.37,1776066075000
1776066076.588,76.588,0.55,0.56,0.44,0.45,0.01,0.01,70793.37,1776066075000
1776066077.036,77.036,0.55,0.56,0.44,0.45,0.01,0.01,70792.95,1776066076000
1776066077.39,77.39,0.54,0.56,0.44,0.45,0.02,0.01,70792.95,1776066076000
1776066077.93,77.93,0.55,0.56,0.44,0.46,0.01,0.02,70792.95,1776066076000
1776066078.357,78.357,0.54,0.55,0.44,0.45,0.01,0.01,70792.79,1776066077000
1776066078.926,78.926,0.52,0.53,0.47,0.48,0.01,0.01,70792.81,1776066078000
1776066079.457,79.457,0.52,0.53,0.47,0.48,0.01,0.01,70792.81,1776066078000
1776066080.046,80.046,0.52,0.53,0.47,0.48,0.01,0.01,70792.81,1776066078000
1776066080.584,80.584,0.52,0.53,0.47,0.48,0.01,0.01,70793.14,1776066079000
1776066080.943,80.943,0.47,0.49,0.49,0.53,0.02,0.04,70793.14,1776066079000
1776066081.284,81.284,0.47,0.48,0.52,0.53,0.01,0.01,70792.76,1776066080000
1776066081.836,81.836,0.47,0.48,0.52,0.53,0.01,0.01,70792.76,1776066080000
1776066082.251,82.251,0.47,0.48,0.52,0.53,0.01,0.01,70792.68,1776066081000
1776066082.947,82.947,0.47,0.48,0.52,0.53,0.01,0.01,70792.68,1776066081000
1776066083.465,83.465,0.47,0.48,0.52,0.53,0.01,0.01,70790.3,1776066082000
1776066083.994,83.994,0.46,0.47,0.53,0.54,0.01,0.01,70790.3,1776066082000
1776066084.577,84.577,0.46,0.47,0.53,0.54,0.01,0.01,70789.99,1776066083000
1776066085.247,85.247,0.44,0.45,0.55,0.56,0.01,0.01,70789.99,1776066083000
1776066085.611,85.611,0.44,0.45,0.55,0.56,0.01,0.01,70790.87,1776066084000
1776066085.95,85.95,0.44,0.45,0.55,0.56,0.01,0.01,70790.87,1776066084000
1776066086.376,86.376,0.44,0.46,0.54,0.55,0.02,0.01,70790.87,1776066084000
1776066086.799,86.799,0.44,0.45,0.55,0.56,0.01,0.01,70790.87,1776066084000
1776066087.139,87.139,0.44,0.45,0.55,0.56,0.01,0.01,70787.13,1776066085000
1776066087.491,87.491,0.44,0.45,0.55,0.56,0.01,0.01,70787.13,1776066085000
1776066087.833,87.833,0.44,0.46,0.55,0.56,0.02,0.01,70786.8,1776066086000
1776066088.403,88.403,0.45,0.46,0.54,0.55,0.01,0.01,70786.74,1776066087000
1776066088.922,88.922,0.45,0.46,0.54,0.55,0.01,0.01,70786.74,1776066087000
1776066089.338,89.338,0.46,0.47,0.53,0.55,0.01,0.02,70786.74,1776066087000
1776066089.747,89.747,0.46,0.47,0.53,0.54,0.01,0.01,70786.74,1776066087000
1776066090.405,90.405,0.44,0.45,0.53,0.56,0.01,0.03,70785.75,1776066088000
1776066090.83,90.83,0.43,0.45,0.55,0.56,0.02,0.01,70785.75,1776066088000
1776066091.185,91.185,0.43,0.44,0.56,0.57,0.01,0.01,70785.47,1776066089000
1776066091.681,91.681,0.43,0.44,0.56,0.57,0.01,0.01,70785.57,1776066090000
1776066092.042,92.042,0.43,0.44,0.56,0.57,0.01,0.01,70785.57,1776066090000
1776066092.431,92.431,0.43,0.44,0.56,0.57,0.01,0.01,70784.83,1776066091000
1776066092.912,92.912,0.43,0.44,0.56,0.57,0.01,0.01,70784.83,1776066091000
1776066093.296,93.296,0.43,0.44,0.56,0.57,0.01,0.01,70783.8,1776066092000
1776066093.707,93.707,0.43,0.44,0.56,0.57,0.01,0.01,70783.8,1776066092000
1776066094.08,94.08,0.43,0.44,0.56,0.57,0.01,0.01,70783.8,1776066092000
1776066094.473,94.473,0.43,0.44,0.56,0.57,0.01,0.01,70783.8,1776066092000
1776066094.844,94.844,0.43,0.44,0.56,0.57,0.01,0.01,70783.64,1776066093000
1776066095.196,95.196,0.43,0.44,0.56,0.57,0.01,0.01,70783.64,1776066093000
1776066095.862,95.862,0.43,0.44,0.56,0.57,0.01,0.01,70783.08,1776066094000
1776066096.44,96.44,0.43,0.44,0.56,0.57,0.01,0.01,70783.08,1776066094000
1776066096.823,96.823,0.43,0.44,0.56,0.57,0.01,0.01,70782.93,1776066095000
1776066097.205,97.205,0.43,0.44,0.56,0.57,0.01,0.01,70782.93,1776066095000
1776066097.541,97.541,0.43,0.44,0.56,0.57,0.01,0.01,70782.95,1776066096000
1776066098.006,98.006,0.44,0.45,0.56,0.57,0.01,0.01,70782.95,1776066096000
1776066098.348,98.348,0.43,0.44,0.55,0.56,0.01,0.01,70782.95,1776066096000
1776066098.732,98.732,0.43,0.44,0.56,0.57,0.01,0.01,70782.97,1776066097000
1776066099.213,99.213,0.43,0.44,0.56,0.57,0.01,0.01,70782.97,1776066097000
1776066099.546,99.546,0.42,0.44,0.56,0.58,0.02,0.02,70782.95,1776066098000
1776066099.999,99.999,0.42,0.43,0.57,0.58,0.01,0.01,70782.95,1776066098000
1776066100.565,100.565,0.41,0.42,0.58,0.59,0.01,0.01,70782.95,1776066098000
1776066100.947,100.947,0.41,0.42,0.58,0.59,0.01,0.01,70782.68,1776066099000
1776066101.312,101.312,0.41,0.42,0.58,0.59,0.01,0.01,70782.68,1776066099000
1776066101.672,101.672,0.41,0.42,0.58,0.59,0.01,0.01,70782.68,1776066099000
1776066102.005,102.005,0.41,0.42,0.58,0.59,0.01,0.01,70782.69,1776066100000
1776066102.353,102.353,0.41,0.42,0.58,0.59,0.01,0.01,70782.69,1776066100000
1776066102.756,102.756,0.41,0.42,0.58,0.59,0.01,0.01,70782.5,1776066101000
1776066103.136,103.136,0.41,0.42,0.58,0.59,0.01,0.01,70782.5,1776066101000
1776066103.531,103.531,0.41,0.42,0.58,0.59,0.01,0.01,70780.17,1776066102000
1776066104.101,104.101,0.4,0.41,0.59,0.6,0.01,0.01,70780.17,1776066102000
1776066104.445,104.445,0.4,0.41,0.59,0.6,0.01,0.01,70779.83,1776066103000
1776066104.995,104.995,0.4,0.43,0.59,0.6,0.03,0.01,70779.83,1776066103000
1776066105.335,105.335,0.42,0.43,0.57,0.58,0.01,0.01,70780.2,1776066104000
1776066105.822,105.822,0.42,0.43,0.57,0.58,0.01,0.01,70780.2,1776066104000
1776066106.366,106.366,0.42,0.43,0.57,0.58,0.01,0.01,70781.04,1776066105000
1776066106.872,106.872,0.42,0.43,0.57,0.58,0.01,0.01,70781.04,1776066105000
1776066107.457,107.457,0.42,0.43,0.57,0.58,0.01,0.01,70779.96,1776066106000
1776066107.959,107.959,0.41,0.43,0.57,0.59,0.02,0.02,70779.96,1776066107000
1776066108.882,108.882,0.41,0.42,0.57,0.59,0.01,0.02,70779.96,1776066107000
1776066109.358,109.358,0.43,0.44,0.55,0.59,0.01,0.04,70779.96,1776066108000
1776066109.697,109.697,0.43,0.44,0.56,0.57,0.01,0.01,70779.96,1776066108000
1776066110.156,110.156,0.43,0.44,0.56,0.57,0.01,0.01,70779.77,1776066109000
1776066110.565,110.565,0.43,0.44,0.56,0.57,0.01,0.01,70779.77,1776066109000
1776066111.223,111.223,0.43,0.44,0.56,0.57,0.01,0.01,70779.77,1776066110000
1776066111.583,111.583,0.43,0.44,0.56,0.57,0.01,0.01,70779.77,1776066110000
1776066112.216,112.216,0.43,0.44,0.56,0.57,0.01,0.01,70779.77,1776066110000
1776066112.642,112.642,0.43,0.44,0.56,0.57,0.01,0.01,70779.65,1776066111000
1776066113.027,113.027,0.43,0.44,0.56,0.57,0.01,0.01,70779.65,1776066111000
1776066113.374,113.374,0.43,0.44,0.56,0.57,0.01,0.01,70779.65,1776066112000
1776066113.75,113.75,0.43,0.44,0.56,0.57,0.01,0.01,70779.65,1776066112000
1776066114.198,114.198,0.43,0.47,0.56,0.57,0.04,0.01,70779.65,1776066113000
1776066114.535,114.535,0.47,0.48,0.5,0.53,0.01,0.03,70779.65,1776066113000
1776066114.964,114.964,0.47,0.48,0.52,0.53,0.01,0.01,70779.66,1776066114000
1776066115.359,115.359,0.42,0.44,0.56,0.57,0.02,0.01,70779.66,1776066114000
1776066115.986,115.986,0.41,0.42,0.56,0.58,0.01,0.02,70779.66,1776066114000
1776066116.404,116.404,0.41,0.42,0.58,0.59,0.01,0.01,70779.66,1776066114000
1776066116.839,116.839,0.41,0.42,0.58,0.59,0.01,0.01,70782.51,1776066115000
1776066117.275,117.275,0.41,0.42,0.58,0.59,0.01,0.01,70782.48,1776066116000
1776066117.799,117.799,0.41,0.42,0.58,0.59,0.01,0.01,70782.48,1776066116000
1776066118.149,118.149,0.38,0.41,0.59,0.6,0.03,0.01,70781.23,1776066117000
1776066118.486,118.486,0.35,0.36,0.63,0.65,0.01,0.02,70781.23,1776066117000
1776066118.825,118.825,0.32,0.34,0.66,0.68,0.02,0.02,70781.23,1776066117000
1776066119.192,119.192,0.31,0.32,0.68,0.69,0.01,0.01,70780.49,1776066118000
1776066119.831,119.831,0.3,0.33,0.67,0.7,0.03,0.03,70780.49,1776066118000
1776066120.169,120.169,0.3,0.31,0.69,0.7,0.01,0.01,70779.18,1776066119000
1776066120.554,120.554,0.31,0.32,0.68,0.69,0.01,0.01,70779.18,1776066119000
1776066120.936,120.936,0.3,0.31,0.69,0.7,0.01,0.01,70779.18,1776066119000
1776066121.3,121.3,0.3,0.31,0.69,0.7,0.01,0.01,70779.18,1776066119000
1776066121.64,121.64,0.31,0.32,0.68,0.69,0.01,0.01,70766.95,1776066120000
1776066122.028,122.028,0.31,0.32,0.68,0.69,0.01,0.01,70766.95,1776066120000
1776066122.364,122.364,0.31,0.32,0.68,0.69,0.01,0.01,70766.77,1776066121000
1776066122.706,122.706,0.31,0.34,0.66,0.69,0.03,0.03,70766.77,1776066121000
1776066123.089,123.089,0.36,0.37,0.63,0.64,0.01,0.01,70766.77,1776066121000
1776066123.443,123.443,0.36,0.37,0.63,0.64,0.01,0.01,70768.66,1776066122000
1776066123.8,123.8,0.37,0.38,0.62,0.64,0.01,0.02,70768.66,1776066122000
1776066124.137,124.137,0.37,0.38,0.62,0.63,0.01,0.01,70768.66,1776066122000
1776066124.475,124.475,0.37,0.38,0.62,0.63,0.01,0.01,70767.89,1776066123000
1776066124.885,124.885,0.37,0.38,0.62,0.63,0.01,0.01,70767.89,1776066123000
1776066125.306,125.306,0.36,0.37,0.62,0.63,0.01,0.01,70771.95,1776066124000
1776066125.657,125.657,0.36,0.37,0.63,0.64,0.01,0.01,70771.95,1776066124000
1776066125.996,125.996,0.36,0.37,0.63,0.64,0.01,0.01,70771.95,1776066124000
1776066126.334,126.334,0.36,0.37,0.63,0.64,0.01,0.01,70771.95,1776066124000
1776066126.68,126.68,0.35,0.36,0.64,0.65,0.01,0.01,70772.53,1776066125000
1776066127.155,127.155,0.35,0.36,0.64,0.65,0.01,0.01,70772.53,1776066125000
1776066127.696,127.696,0.35,0.36,0.64,0.65,0.01,0.01,70772.49,1776066126000
1776066128.119,128.119,0.35,0.36,0.64,0.65,0.01,0.01,70772.49,1776066126000
1776066128.478,128.478,0.35,0.36,0.64,0.65,0.01,0.01,70772.49,1776066126000
1776066128.821,128.821,0.35,0.36,0.64,0.65,0.01,0.01,70770.7,1776066127000
1776066129.227,129.227,0.34,0.35,0.65,0.66,0.01,0.01,70770.7,1776066127000
1776066129.778,129.778,0.33,0.35,0.65,0.66,0.02,0.01,70770.7,1776066128000
1776066130.113,130.113,0.33,0.34,0.66,0.67,0.01,0.01,70770.7,1776066128000
1776066130.469,130.469,0.33,0.34,0.66,0.68,0.01,0.02,70770.04,1776066129000
1776066131.256,131.256,0.33,0.34,0.66,0.67,0.01,0.01,70770.74,1776066130000
1776066131.619,131.619,0.33,0.34,0.66,0.67,0.01,0.01,70770.74,1776066130000
1776066132.017,132.017,0.33,0.34,0.66,0.67,0.01,0.01,70770.74,1776066130000
1776066132.618,132.618,0.32,0.33,0.66,0.67,0.01,0.01,70771.63,1776066131000
1776066133.067,133.067,0.32,0.33,0.67,0.68,0.01,0.01,70771.63,1776066131000
1776066133.423,133.423,0.31,0.33,0.67,0.68,0.02,0.01,70770.69,1776066132000
1776066133.949,133.949,0.3,0.31,0.69,0.7,0.01,0.01,70770.69,1776066132000
1776066134.499,134.499,0.29,0.31,0.69,0.7,0.02,0.01,70770.71,1776066133000
1776066134.835,134.835,0.29,0.3,0.7,0.71,0.01,0.01,70770.71,1776066133000
1776066135.204,135.204,0.29,0.3,0.7,0.71,0.01,0.01,70769.98,1776066134000
1776066135.545,135.545,0.29,0.3,0.7,0.71,0.01,0.01,70769.98,1776066134000
1776066135.933,135.933,0.29,0.3,0.7,0.71,0.01,0.01,70769.98,1776066134000
1776066136.269,136.269,0.29,0.3,0.7,0.71,0.01,0.01,70769.63,1776066135000
1776066136.603,136.603,0.3,0.31,0.69,0.7,0.01,0.01,70769.63,1776066135000
1776066137.009,137.009,0.3,0.31,0.69,0.7,0.01,0.01,70769.63,1776066135000
1776066137.634,137.634,0.32,0.33,0.67,0.68,0.01,0.01,70768.6,1776066136000
1776066138.22,138.22,0.32,0.33,0.67,0.68,0.01,0.01,70768.79,1776066137000
1776066138.847,138.847,0.32,0.33,0.67,0.68,0.01,0.01,70768.79,1776066137000
1776066139.228,139.228,0.29,0.32,0.67,0.7,0.03,0.03,70768.79,1776066137000
1776066139.668,139.668,0.35,0.36,0.64,0.67,0.01,0.03,70768.97,1776066138000
1776066140.004,140.004,0.37,0.38,0.63,0.64,0.01,0.01,70768.97,1776066138000
1776066140.377,140.377,0.37,0.38,0.62,0.63,0.01,0.01,70768.96,1776066139000
1776066140.74,140.74,0.36,0.37,0.63,0.64,0.01,0.01,70768.96,1776066139000
1776066141.091,141.091,0.36,0.37,0.63,0.64,0.01,0.01,70768.96,1776066139000
1776066141.656,141.656,0.34,0.35,0.64,0.65,0.01,0.01,70768.96,1776066139000
1776066141.998,141.998,0.34,0.35,0.65,0.66,0.01,0.01,70768.96,1776066139000
1776066142.331,142.331,0.34,0.35,0.65,0.66,0.01,0.01,70771.0,1776066140000
1776066142.777,142.777,0.34,0.35,0.65,0.66,0.01,0.01,70771.55,1776066141000
1776066143.304,143.304,0.34,0.36,0.64,0.66,0.02,0.02,70772.17,1776066142000
1776066143.843,143.843,0.33,0.34,0.65,0.66,0.01,0.01,70772.17,1776066142000
1776066144.207,144.207,0.33,0.35,0.64,0.67,0.02,0.03,70772.17,1776066142000
1776066144.548,144.548,0.35,0.36,0.64,0.65,0.01,0.01,70772.43,1776066143000
1776066144.976,144.976,0.35,0.38,0.62,0.65,0.03,0.03,70772.45,1776066144000
1776066145.46,145.46,0.37,0.38,0.62,0.63,0.01,0.01,70772.45,1776066144000
1776066145.866,145.866,0.37,0.38,0.62,0.63,0.01,0.01,70772.45,1776066144000
1776066146.199,146.199,0.36,0.38,0.62,0.63,0.02,0.01,70772.45,1776066144000
1776066146.605,146.605,0.36,0.37,0.63,0.64,0.01,0.01,70773.35,1776066145000
1776066146.949,146.949,0.35,0.37,0.63,0.64,0.02,0.01,70773.35,1776066145000
1776066147.29,147.29,0.35,0.36,0.63,0.65,0.01,0.02,70773.35,1776066145000
1776066147.854,147.854,0.35,0.37,0.63,0.65,0.02,0.02,70775.83,1776066146000
1776066148.349,148.349,0.35,0.36,0.64,0.65,0.01,0.01,70775.84,1776066147000
1776066148.937,148.937,0.35,0.36,0.64,0.65,0.01,0.01,70775.84,1776066147000
1776066149.277,149.277,0.35,0.36,0.64,0.65,0.01,0.01,70775.84,1776066147000
1776066150.079,150.079,0.35,0.36,0.64,0.65,0.01,0.01,70775.84,1776066148000
1776066150.537,150.537,0.35,0.36,0.64,0.66,0.01,0.02,70775.85,1776066149000
1776066151.101,151.101,0.35,0.36,0.64,0.65,0.01,0.01,70775.95,1776066150000
1776066151.442,151.442,0.36,0.37,0.63,0.64,0.01,0.01,70775.95,1776066150000
1776066151.899,151.899,0.36,0.37,0.63,0.64,0.01,0.01,70775.95,1776066150000
1776066152.25,152.25,0.36,0.37,0.63,0.64,0.01,0.01,70775.95,1776066151000
1776066152.639,152.639,0.32,0.33,0.67,0.68,0.01,0.01,70775.95,1776066151000
1776066153.037,153.037,0.31,0.32,0.68,0.69,0.01,0.01,70775.95,1776066151000
1776066153.387,153.387,0.31,0.32,0.68,0.69,0.01,0.01,70775.95,1776066152000
1776066153.844,153.844,0.31,0.32,0.68,0.69,0.01,0.01,70775.95,1776066152000
1776066154.34,154.34,0.31,0.32,0.68,0.69,0.01,0.01,70775.14,1776066153000
1776066154.692,154.692,0.31,0.32,0.68,0.69,0.01,0.01,70775.14,1776066153000
1776066155.126,155.126,0.31,0.32,0.68,0.69,0.01,0.01,70774.78,1776066154000
1776066155.595,155.595,0.31,0.32,0.68,0.69,0.01,0.01,70774.78,1776066154000
1776066156.052,156.052,0.31,0.32,0.68,0.69,0.01,0.01,70774.78,1776066154000
1776066156.428,156.428,0.3,0.31,0.69,0.7,0.01,0.01,70773.76,1776066155000
1776066157.184,157.184,0.3,0.31,0.69,0.7,0.01,0.01,70773.76,1776066155000
1776066157.628,157.628,0.3,0.31,0.69,0.7,0.01,0.01,70773.67,1776066156000
1776066158.05,158.05,0.3,0.31,0.69,0.7,0.01,0.01,70773.69,1776066157000
1776066158.46,158.46,0.3,0.31,0.69,0.7,0.01,0.01,70773.69,1776066157000
1776066158.977,158.977,0.3,0.31,0.69,0.7,0.01,0.01,70773.69,1776066157000
1776066159.408,159.408,0.3,0.31,0.69,0.7,0.01,0.01,70773.73,1776066158000
1776066159.811,159.811,0.3,0.31,0.69,0.7,0.01,0.01,70773.73,1776066158000
1776066160.152,160.152,0.3,0.31,0.69,0.7,0.01,0.01,70773.72,1776066159000
1776066160.73,160.73,0.3,0.31,0.69,0.7,0.01,0.01,70773.72,1776066159000
1776066161.147,161.147,0.3,0.31,0.69,0.7,0.01,0.01,70773.72,1776066159000
1776066161.511,161.511,0.3,0.31,0.68,0.7,0.01,0.02,70773.72,1776066160000
1776066161.882,161.882,0.3,0.31,0.69,0.7,0.01,0.01,70773.72,1776066160000
1776066162.355,162.355,0.31,0.32,0.68,0.69,0.01,0.01,70773.72,1776066161000
1776066163.158,163.158,0.31,0.32,0.68,0.69,0.01,0.01,70773.72,1776066162000
1776066163.548,163.548,0.31,0.32,0.68,0.69,0.01,0.01,70773.72,1776066162000
1776066163.929,163.929,0.31,0.32,0.68,0.69,0.01,0.01,70773.72,1776066162000
1776066164.563,164.563,0.31,0.32,0.68,0.69,0.01,0.01,70773.72,1776066163000
1776066165.112,165.112,0.31,0.32,0.68,0.69,0.01,0.01,70773.92,1776066164000
1776066165.663,165.663,0.31,0.32,0.68,0.69,0.01,0.01,70773.92,1776066164000
1776066166.044,166.044,0.31,0.32,0.68,0.69,0.01,0.01,70773.92,1776066165000
1776066166.438,166.438,0.31,0.32,0.68,0.69,0.01,0.01,70773.92,1776066165000
1776066166.779,166.779,0.31,0.32,0.68,0.7,0.01,0.02,70773.92,1776066165000
1776066167.259,167.259,0.31,0.32,0.68,0.69,0.01,0.01,70773.93,1776066166000
1776066167.621,167.621,0.3,0.32,0.68,0.69,0.02,0.01,70773.93,1776066166000
1776066167.978,167.978,0.31,0.32,0.68,0.69,0.01,0.01,70773.94,1776066167000
1776066168.399,168.399,0.31,0.32,0.68,0.69,0.01,0.01,70773.94,1776066167000
1776066168.784,168.784,0.31,0.32,0.68,0.69,0.01,0.01,70773.94,1776066167000
1776066169.347,169.347,0.31,0.32,0.67,0.68,0.01,0.01,70773.94,1776066168000
1776066169.903,169.903,0.31,0.32,0.68,0.69,0.01,0.01,70773.94,1776066168000
1776066170.239,170.239,0.31,0.32,0.68,0.69,0.01,0.01,70773.94,1776066168000
1776066170.697,170.697,0.31,0.32,0.68,0.69,0.01,0.01,70773.94,1776066168000
1776066171.123,171.123,0.31,0.32,0.68,0.69,0.01,0.01,70773.94,1776066169000
1776066171.869,171.869,0.31,0.32,0.68,0.69,0.01,0.01,70773.76,1776066170000
1776066172.425,172.425,0.31,0.32,0.68,0.69,0.01,0.01,70773.76,1776066170000
1776066172.792,172.792,0.31,0.32,0.68,0.69,0.01,0.01,70773.76,1776066170000
1776066173.357,173.357,0.31,0.32,0.68,0.69,0.01,0.01,70773.97,1776066171000
1776066173.79,173.79,0.32,0.33,0.66,0.69,0.01,0.03,70773.97,1776066171000
1776066174.816,174.816,0.32,0.33,0.67,0.68,0.01,0.01,70773.88,1776066172000
1776066175.183,175.183,0.32,0.33,0.67,0.68,0.01,0.01,70773.89,1776066173000
1776066175.522,175.522,0.32,0.33,0.67,0.68,0.01,0.01,70773.89,1776066173000
1776066176.026,176.026,0.32,0.33,0.67,0.68,0.01,0.01,70773.87,1776066174000
1776066176.594,176.594,0.32,0.33,0.67,0.68,0.01,0.01,70773.87,1776066174000
1776066176.99,176.99,0.32,0.33,0.67,0.68,0.01,0.01,70773.87,1776066174000
1776066177.344,177.344,0.32,0.33,0.67,0.68,0.01,0.01,70773.87,1776066175000
1776066177.867,177.867,0.32,0.33,0.67,0.68,0.01,0.01,70773.87,1776066175000
1776066178.335,178.335,0.3,0.33,0.67,0.68,0.03,0.01,70773.87,1776066176000
1776066178.786,178.786,0.31,0.32,0.68,0.69,0.01,0.01,70773.87,1776066176000
1776066179.172,179.172,0.31,0.32,0.68,0.69,0.01,0.01,70773.87,1776066177000
1776066179.923,179.923,0.31,0.32,0.68,0.69,0.01,0.01,70773.87,1776066178000
1776066180.374,180.374,0.31,0.32,0.68,0.69,0.01,0.01,70773.87,1776066178000
1776066180.834,180.834,0.31,0.32,0.68,0.69,0.01,0.01,70773.87,1776066179000
1776066181.181,181.181,0.31,0.32,0.68,0.69,0.01,0.01,70773.87,1776066179000
1776066181.655,181.655,0.31,0.32,0.68,0.69,0.01,0.01,70773.87,1776066179000
1776066182.039,182.039,0.32,0.33,0.67,0.68,0.01,0.01,70773.87,1776066179000
1776066182.75,182.75,0.32,0.33,0.67,0.68,0.01,0.01,70773.86,1776066181000
1776066183.12,183.12,0.32,0.33,0.67,0.68,0.01,0.01,70773.86,1776066181000
1776066183.638,183.638,0.32,0.33,0.67,0.68,0.01,0.01,70773.86,1776066181000
1776066184.119,184.119,0.32,0.33,0.67,0.68,0.01,0.01,70773.86,1776066181000
1776066184.533,184.533,0.32,0.33,0.67,0.68,0.01,0.01,70774.16,1776066183000
1776066184.919,184.919,0.32,0.33,0.67,0.68,0.01,0.01,70774.16,1776066183000
1776066185.457,185.457,0.32,0.33,0.67,0.68,0.01,0.01,70774.16,1776066183000
1776066185.876,185.876,0.32,0.33,0.67,0.68,0.01,0.01,70774.15,1776066184000
1776066186.22,186.22,0.32,0.33,0.67,0.68,0.01,0.01,70774.15,1776066184000
1776066186.563,186.563,0.3,0.32,0.67,0.7,0.02,0.03,70774.15,1776066184000
1776066187.18,187.18,0.3,0.31,0.68,0.7,0.01,0.02,70774.16,1776066185000
1776066187.655,187.655,0.3,0.31,0.69,0.7,0.01,0.01,70774.16,1776066186000
1776066188.574,188.574,0.3,0.31,0.69,0.7,0.01,0.01,70774.27,1776066187000
1776066189.327,189.327,0.3,0.31,0.69,0.7,0.01,0.01,70774.27,1776066187000
1776066189.661,189.661,0.3,0.31,0.69,0.7,0.01,0.01,70774.27,1776066188000
1776066190.102,190.102,0.3,0.31,0.69,0.7,0.01,0.01,70774.27,1776066188000
1776066190.539,190.539,0.3,0.31,0.69,0.7,0.01,0.01,70774.27,1776066188000
1776066191.253,191.253,0.3,0.32,0.69,0.7,0.02,0.01,70774.27,1776066189000
1776066191.677,191.677,0.31,0.32,0.68,0.7,0.01,0.02,70774.27,1776066189000
1776066192.21,192.21,0.31,0.32,0.68,0.69,0.01,0.01,70774.25,1776066190000
1776066192.87,192.87,0.32,0.34,0.68,0.69,0.02,0.01,70774.05,1776066191000
1776066193.274,193.274,0.39,0.4,0.6,0.61,0.01,0.01,70774.83,1776066192000
1776066193.672,193.672,0.41,0.42,0.58,0.59,0.01,0.01,70774.83,1776066192000
1776066194.18,194.18,0.41,0.42,0.58,0.59,0.01,0.01,70774.83,1776066192000
1776066194.525,194.525,0.4,0.41,0.59,0.6,0.01,0.01,70774.83,1776066192000
1776066195.022,195.022,0.4,0.41,0.59,0.6,0.01,0.01,70775.65,1776066194000
1776066195.447,195.447,0.4,0.41,0.59,0.6,0.01,0.01,70775.65,1776066194000
1776066195.853,195.853,0.4,0.41,0.59,0.6,0.01,0.01,70775.65,1776066194000
1776066196.368,196.368,0.4,0.41,0.59,0.6,0.01,0.01,70780.04,1776066195000
1776066197.112,197.112,0.4,0.41,0.59,0.6,0.01,0.01,70782.33,1776066196000
1776066197.485,197.485,0.4,0.42,0.59,0.6,0.02,0.01,70782.33,1776066196000
1776066197.871,197.871,0.41,0.42,0.58,0.6,0.01,0.02,70782.33,1776066196000
1776066198.227,198.227,0.41,0.43,0.57,0.59,0.02,0.02,70784.09,1776066197000
1776066198.638,198.638,0.42,0.43,0.57,0.58,0.01,0.01,70784.09,1776066197000
1776066198.973,198.973,0.41,0.42,0.58,0.59,0.01,0.01,70784.09,1776066197000
1776066199.425,199.425,0.41,0.42,0.58,0.59,0.01,0.01,70782.42,1776066198000
1776066200.209,200.209,0.41,0.42,0.58,0.59,0.01,0.01,70782.42,1776066198000
1776066200.564,200.564,0.4,0.41,0.58,0.59,0.01,0.01,70783.31,1776066199000
1776066200.969,200.969,0.4,0.41,0.59,0.6,0.01,0.01,70783.31,1776066199000
1776066201.318,201.318,0.41,0.42,0.58,0.59,0.01,0.01,70783.31,1776066199000
1776066201.651,201.651,0.4,0.42,0.58,0.6,0.02,0.02,70784.54,1776066200000
1776066201.986,201.986,0.4,0.41,0.59,0.6,0.01,0.01,70784.54,1776066200000
1776066202.343,202.343,0.39,0.4,0.6,0.61,0.01,0.01,70784.54,1776066200000
1776066203.162,203.162,0.39,0.4,0.6,0.61,0.01,0.01,70784.27,1776066201000
1776066203.518,203.518,0.39,0.4,0.6,0.61,0.01,0.01,70784.08,1776066202000
1776066203.896,203.896,0.39,0.4,0.6,0.61,0.01,0.01,70784.08,1776066203000
1776066204.251,204.251,0.39,0.4,0.6,0.61,0.01,0.01,70784.08,1776066203000
1776066204.915,204.915,0.38,0.4,0.6,0.61,0.02,0.01,70784.08,1776066203000
1776066205.249,205.249,0.35,0.37,0.62,0.64,0.02,0.02,70785.01,1776066204000
1776066205.644,205.644,0.35,0.36,0.64,0.65,0.01,0.01,70785.01,1776066204000
1776066206.041,206.041,0.35,0.36,0.64,0.65,0.01,0.01,70785.01,1776066204000
1776066206.396,206.396,0.35,0.36,0.64,0.65,0.01,0.01,70785.08,1776066205000
1776066206.778,206.778,0.35,0.36,0.64,0.65,0.01,0.01,70785.08,1776066205000
1776066207.674,207.674,0.35,0.36,0.64,0.65,0.01,0.01,70783.56,1776066206000
1776066208.255,208.255,0.35,0.36,0.64,0.65,0.01,0.01,70783.56,1776066206000
1776066209.198,209.198,0.35,0.36,0.64,0.65,0.01,0.01,70782.75,1776066208000
1776066209.6,209.6,0.35,0.36,0.64,0.65,0.01,0.01,70782.75,1776066208000
1776066209.994,209.994,0.35,0.36,0.64,0.65,0.01,0.01,70782.75,1776066209000
1776066210.354,210.354,0.35,0.36,0.64,0.65,0.01,0.01,70782.75,1776066209000
1776066210.69,210.69,0.33,0.36,0.64,0.67,0.03,0.03,70782.75,1776066209000
1776066211.46,211.46,0.29,0.32,0.68,0.69,0.03,0.01,70782.83,1776066210000
1776066211.887,211.887,0.29,0.3,0.7,0.71,0.01,0.01,70782.52,1776066211000
1776066212.372,212.372,0.29,0.3,0.7,0.71,0.01,0.01,70782.52,1776066211000
1776066213.112,213.112,0.28,0.29,0.7,0.72,0.01,0.02,70782.52,1776066211000
1776066213.824,213.824,0.28,0.29,0.71,0.72,0.01,0.01,70779.57,1776066212000
1776066214.19,214.19,0.28,0.3,0.7,0.72,0.02,0.02,70779.45,1776066213000
1776066214.566,214.566,0.29,0.3,0.7,0.72,0.01,0.02,70779.45,1776066213000
1776066214.996,214.996,0.29,0.3,0.7,0.71,0.01,0.01,70779.45,1776066213000
1776066215.431,215.431,0.29,0.31,0.7,0.71,0.02,0.01,70779.33,1776066214000
1776066216.064,216.064,0.3,0.31,0.69,0.72,0.01,0.03,70779.33,1776066214000
1776066216.804,216.804,0.3,0.31,0.69,0.7,0.01,0.01,70779.43,1776066215000
1776066217.283,217.283,0.3,0.31,0.69,0.7,0.01,0.01,70779.43,1776066216000
1776066217.996,217.996,0.29,0.3,0.7,0.71,0.01,0.01,70779.47,1776066217000
1776066218.611,218.611,0.29,0.31,0.7,0.71,0.02,0.01,70779.47,1776066217000
1776066218.966,218.966,0.31,0.32,0.68,0.7,0.01,0.02,70779.97,1776066218000
1776066219.447,219.447,0.36,0.37,0.63,0.67,0.01,0.04,70779.97,1776066218000
1776066219.943,219.943,0.36,0.37,0.63,0.64,0.01,0.01,70779.44,1776066219000
1776066220.397,220.397,0.35,0.37,0.63,0.64,0.02,0.01,70779.44,1776066219000
1776066220.803,220.803,0.35,0.36,0.64,0.65,0.01,0.01,70779.44,1776066219000
1776066221.168,221.168,0.36,0.37,0.63,0.64,0.01,0.01,70779.44,1776066219000
1776066221.599,221.599,0.38,0.39,0.62,0.63,0.01,0.01,70779.88,1776066220000
1776066222.005,222.005,0.38,0.39,0.61,0.62,0.01,0.01,70779.91,1776066221000
1776066222.397,222.397,0.38,0.39,0.61,0.62,0.01,0.01,70779.91,1776066221000
1776066222.812,222.812,0.38,0.39,0.61,0.62,0.01,0.01,70779.91,1776066221000
1776066223.307,223.307,0.38,0.39,0.61,0.62,0.01,0.01,70779.91,1776066221000
1776066223.736,223.736,0.38,0.39,0.61,0.62,0.01,0.01,70780.11,1776066222000
1776066224.32,224.32,0.38,0.39,0.61,0.62,0.01,0.01,70780.93,1776066223000
1776066224.879,224.879,0.4,0.41,0.59,0.62,0.01,0.03,70780.93,1776066223000
1776066225.343,225.343,0.4,0.41,0.59,0.6,0.01,0.01,70780.94,1776066224000
1776066225.705,225.705,0.4,0.41,0.59,0.6,0.01,0.01,70780.94,1776066224000
1776066226.279,226.279,0.4,0.41,0.59,0.6,0.01,0.01,70780.94,1776066224000
1776066226.643,226.643,0.4,0.41,0.59,0.6,0.01,0.01,70780.97,1776066225000
1776066227.285,227.285,0.4,0.41,0.59,0.6,0.01,0.01,70781.31,1776066226000
1776066227.65,227.65,0.4,0.41,0.59,0.6,0.01,0.01,70781.31,1776066226000
1776066228.208,228.208,0.42,0.43,0.57,0.58,0.01,0.01,70781.31,1776066226000
1776066229.025,229.025,0.41,0.42,0.57,0.6,0.01,0.03,70781.38,1776066227000
1776066229.392,229.392,0.41,0.42,0.58,0.59,0.01,0.01,70781.37,1776066228000
1776066230.144,230.144,0.41,0.42,0.57,0.59,0.01,0.02,70781.37,1776066228000
1776066230.567,230.567,0.41,0.43,0.58,0.59,0.02,0.01,70781.77,1776066229000
1776066230.959,230.959,0.42,0.43,0.57,0.58,0.01,0.01,70781.77,1776066229000
1776066231.363,231.363,0.42,0.43,0.57,0.58,0.01,0.01,70781.83,1776066230000
1776066231.825,231.825,0.42,0.43,0.57,0.58,0.01,0.01,70781.83,1776066230000
1776066232.211,232.211,0.42,0.43,0.57,0.58,0.01,0.01,70781.95,1776066231000
1776066232.664,232.664,0.42,0.43,0.57,0.58,0.01,0.01,70781.95,1776066231000
1776066233.136,233.136,0.42,0.43,0.57,0.58,0.01,0.01,70781.95,1776066231000
1776066233.531,233.531,0.41,0.43,0.57,0.58,0.02,0.01,70781.95,1776066231000
1776066234.059,234.059,0.42,0.43,0.58,0.59,0.01,0.01,70783.02,1776066232000
1776066234.41,234.41,0.42,0.43,0.57,0.58,0.01,0.01,70783.02,1776066233000
1776066235.065,235.065,0.42,0.43,0.57,0.58,0.01,0.01,70783.02,1776066233000
1776066235.417,235.417,0.42,0.43,0.57,0.58,0.01,0.01,70783.02,1776066233000
1776066235.811,235.811,0.42,0.43,0.57,0.58,0.01,0.01,70783.02,1776066234000
1776066236.173,236.173,0.42,0.43,0.57,0.58,0.01,0.01,70783.02,1776066235000
1776066236.579,236.579,0.48,0.5,0.53,0.54,0.02,0.01,70783.02,1776066235000
1776066236.974,236.974,0.49,0.5,0.5,0.52,0.01,0.02,70783.02,1776066235000
1776066237.338,237.338,0.49,0.5,0.5,0.51,0.01,0.01,70783.02,1776066235000
1776066237.71,237.71,0.49,0.5,0.5,0.51,0.01,0.01,70783.22,1776066236000
1776066238.093,238.093,0.49,0.5,0.5,0.51,0.01,0.01,70783.22,1776066237000
1776066238.888,238.888,0.49,0.5,0.5,0.51,0.01,0.01,70783.22,1776066237000
1776066239.249,239.249,0.49,0.5,0.5,0.51,0.01,0.01,70790.92,1776066238000
1776066239.646,239.646,0.56,0.57,0.43,0.44,0.01,0.01,70790.92,1776066238000
1776066240.013,240.013,0.6,0.62,0.39,0.41,0.02,0.02,70790.92,1776066238000
1776066240.37,240.37,0.63,0.64,0.36,0.37,0.01,0.01,70790.92,1776066238000
1776066240.744,240.744,0.63,0.65,0.35,0.37,0.02,0.02,70791.32,1776066239000
1776066241.259,241.259,0.67,0.68,0.32,0.34,0.01,0.02,70791.59,1776066240000
1776066241.612,241.612,0.68,0.69,0.31,0.32,0.01,0.01,70791.59,1776066240000
1776066242.085,242.085,0.68,0.69,0.31,0.32,0.01,0.01,70791.59,1776066240000
1776066242.6,242.6,0.68,0.69,0.31,0.32,0.01,0.01,70797.44,1776066241000
1776066242.997,242.997,0.68,0.69,0.31,0.32,0.01,0.01,70797.44,1776066241000
1776066243.363,243.363,0.69,0.7,0.3,0.31,0.01,0.01,70797.44,1776066241000
1776066243.717,243.717,0.7,0.71,0.29,0.3,0.01,0.01,70799.71,1776066242000
1776066244.145,244.145,0.7,0.71,0.29,0.3,0.01,0.01,70799.71,1776066242000
1776066244.48,244.48,0.69,0.7,0.3,0.31,0.01,0.01,70799.71,1776066242000
1776066244.942,244.942,0.7,0.71,0.29,0.3,0.01,0.01,70799.15,1776066243000
1776066245.326,245.326,0.71,0.72,0.28,0.29,0.01,0.01,70799.15,1776066244000
1776066245.747,245.747,0.71,0.73,0.28,0.29,0.02,0.01,70799.15,1776066244000
1776066246.124,246.124,0.72,0.73,0.27,0.28,0.01,0.01,70799.15,1776066244000
1776066246.479,246.479,0.73,0.74,0.26,0.27,0.01,0.01,70802.29,1776066245000
1776066246.845,246.845,0.72,0.73,0.26,0.28,0.01,0.02,70802.29,1776066245000
1776066247.261,247.261,0.73,0.74,0.26,0.28,0.01,0.02,70802.94,1776066246000
1776066247.624,247.624,0.71,0.72,0.28,0.29,0.01,0.01,70802.94,1776066246000
1776066247.976,247.976,0.69,0.71,0.29,0.31,0.02,0.02,70802.94,1776066246000
1776066248.311,248.311,0.56,0.59,0.39,0.42,0.03,0.03,70805.62,1776066247000
1776066248.674,248.674,0.48,0.49,0.51,0.58,0.01,0.07,70805.62,1776066247000
1776066249.013,249.013,0.39,0.41,0.56,0.62,0.02,0.06,70805.62,1776066247000
1776066249.348,249.348,0.39,0.4,0.6,0.61,0.01,0.01,70807.4,1776066248000
1776066249.717,249.717,0.37,0.38,0.62,0.63,0.01,0.01,70807.4,1776066248000
1776066250.196,250.196,0.36,0.37,0.62,0.63,0.01,0.01,70807.4,1776066248000
1776066250.604,250.604,0.33,0.34,0.66,0.67,0.01,0.01,70802.98,1776066249000
1776066250.938,250.938,0.27,0.33,0.67,0.72,0.06,0.05,70802.98,1776066249000
1776066251.285,251.285,0.25,0.27,0.73,0.75,0.02,0.02,70793.21,1776066250000
1776066251.637,251.637,0.22,0.23,0.77,0.79,0.01,0.02,70793.21,1776066250000
1776066251.977,251.977,0.2,0.21,0.79,0.8,0.01,0.01,70793.21,1776066250000
1776066252.318,252.318,0.2,0.21,0.79,0.8,0.01,0.01,70793.21,1776066250000
1776066252.668,252.668,0.2,0.21,0.79,0.8,0.01,0.01,70793.21,1776066250000
1776066253.05,253.05,0.2,0.21,0.79,0.8,0.01,0.01,70791.24,1776066251000
1776066253.616,253.616,0.2,0.21,0.79,0.8,0.01,0.01,70780.27,1776066252000
1776066253.983,253.983,0.19,0.2,0.8,0.81,0.01,0.01,70780.27,1776066252000
1776066254.455,254.455,0.19,0.2,0.8,0.81,0.01,0.01,70776.71,1776066253000
1776066254.889,254.889,0.19,0.2,0.8,0.81,0.01,0.01,70776.71,1776066253000
1776066255.257,255.257,0.18,0.19,0.81,0.82,0.01,0.01,70776.71,1776066253000
1776066255.607,255.607,0.17,0.18,0.82,0.83,0.01,0.01,70776.71,1776066253000
1776066256.031,256.031,0.17,0.18,0.82,0.83,0.01,0.01,70775.21,1776066254000
1776066256.372,256.372,0.17,0.18,0.82,0.83,0.01,0.01,70774.33,1776066255000
1776066256.709,256.709,0.17,0.18,0.82,0.83,0.01,0.01,70774.33,1776066255000
1776066257.061,257.061,0.17,0.18,0.8,0.83,0.01,0.03,70774.33,1776066255000
1776066257.418,257.418,0.17,0.19,0.82,0.83,0.02,0.01,70772.97,1776066256000
1776066257.774,257.774,0.17,0.18,0.82,0.83,0.01,0.01,70772.97,1776066256000
1776066258.186,258.186,0.16,0.19,0.79,0.82,0.03,0.03,70772.97,1776066256000
1776066258.565,258.565,0.16,0.17,0.83,0.84,0.01,0.01,70772.44,1776066257000
1776066259.103,259.103,0.16,0.17,0.83,0.84,0.01,0.01,70772.44,1776066257000
1776066259.493,259.493,0.16,0.17,0.83,0.84,0.01,0.01,70771.43,1776066258000
1776066259.987,259.987,0.16,0.17,0.83,0.84,0.01,0.01,70771.43,1776066258000
1776066260.387,260.387,0.15,0.17,0.83,0.84,0.02,0.01,70771.43,1776066258000
1776066260.761,260.761,0.15,0.16,0.84,0.85,0.01,0.01,70770.93,1776066259000
1776066261.222,261.222,0.15,0.16,0.84,0.85,0.01,0.01,70770.93,1776066259000
1776066261.602,261.602,0.15,0.16,0.84,0.85,0.01,0.01,70770.28,1776066260000
1776066261.948,261.948,0.15,0.16,0.84,0.85,0.01,0.01,70770.28,1776066260000
1776066262.291,262.291,0.15,0.16,0.84,0.85,0.01,0.01,70769.97,1776066261000
1776066262.625,262.625,0.12,0.13,0.86,0.88,0.01,0.02,70769.97,1776066261000
1776066263.027,263.027,0.1,0.12,0.88,0.89,0.02,0.01,70769.97,1776066261000
1776066263.362,263.362,0.1,0.11,0.89,0.9,0.01,0.01,70769.97,1776066261000
1776066263.771,263.771,0.1,0.11,0.89,0.9,0.01,0.01,70770.12,1776066262000
1776066264.184,264.184,0.09,0.1,0.9,0.91,0.01,0.01,70770.12,1776066262000
1776066264.533,264.533,0.09,0.1,0.9,0.91,0.01,0.01,70768.67,1776066263000
1776066264.948,264.948,0.07,0.08,0.9,0.93,0.01,0.03,70768.67,1776066263000
1776066265.359,265.359,0.07,0.09,0.91,0.92,0.02,0.01,70760.34,1776066264000
1776066265.791,265.791,0.07,0.08,0.92,0.93,0.01,0.01,70760.34,1776066264000
1776066266.154,266.154,0.07,0.08,0.92,0.93,0.01,0.01,70760.34,1776066264000
1776066266.492,266.492,0.07,0.08,0.92,0.93,0.01,0.01,70758.53,1776066265000
1776066266.833,266.833,0.06,0.07,0.93,0.94,0.01,0.01,70758.53,1776066265000
1776066267.237,267.237,0.05,0.06,0.94,0.95,0.01,0.01,70758.18,1776066266000
1776066267.629,267.629,0.05,0.06,0.94,0.95,0.01,0.01,70758.18,1776066266000
1776066268.001,268.001,0.1,0.11,0.89,0.9,0.01,0.01,70758.18,1776066266000
1776066268.367,268.367,0.1,0.12,0.88,0.89,0.02,0.01,70758.46,1776066267000
1776066268.71,268.71,0.1,0.11,0.89,0.9,0.01,0.01,70758.46,1776066267000
1776066269.044,269.044,0.11,0.12,0.88,0.89,0.01,0.01,70758.46,1776066267000
1776066269.417,269.417,0.11,0.12,0.88,0.9,0.01,0.02,70758.73,1776066268000
1776066269.768,269.768,0.1,0.11,0.89,0.9,0.01,0.01,70758.73,1776066268000
1776066270.122,270.122,0.12,0.13,0.87,0.88,0.01,0.01,70758.73,1776066268000
1776066270.455,270.455,0.11,0.13,0.87,0.89,0.02,0.02,70758.82,1776066269000
1776066270.802,270.802,0.1,0.14,0.88,0.9,0.04,0.02,70758.82,1776066269000
1776066271.185,271.185,0.12,0.13,0.86,0.88,0.01,0.02,70758.79,1776066270000
1776066271.534,271.534,0.11,0.13,0.87,0.9,0.02,0.03,70758.79,1776066270000
1776066271.902,271.902,0.11,0.12,0.88,0.89,0.01,0.01,70758.79,1776066270000
1776066272.241,272.241,0.11,0.12,0.88,0.89,0.01,0.01,70758.79,1776066271000
1776066272.579,272.579,0.13,0.14,0.86,0.87,0.01,0.01,70758.79,1776066271000
1776066272.912,272.912,0.12,0.15,0.87,0.88,0.03,0.01,70758.79,1776066271000
1776066273.268,273.268,0.13,0.14,0.86,0.88,0.01,0.02,70758.75,1776066272000
1776066273.614,273.614,0.13,0.16,0.84,0.86,0.03,0.02,70758.75,1776066272000
1776066273.954,273.954,0.13,0.15,0.85,0.86,0.02,0.01,70758.75,1776066272000
1776066274.349,274.349,0.12,0.14,0.86,0.87,0.02,0.01,70758.72,1776066273000
1776066274.69,274.69,0.11,0.14,0.87,0.89,0.03,0.02,70758.72,1776066273000
1776066275.026,275.026,0.12,0.13,0.86,0.88,0.01,0.02,70758.72,1776066273000
1776066275.372,275.372,0.12,0.13,0.87,0.88,0.01,0.01,70758.73,1776066274000
1776066275.721,275.721,0.12,0.13,0.87,0.88,0.01,0.01,70758.73,1776066274000
1776066276.122,276.122,0.12,0.13,0.87,0.88,0.01,0.01,70758.21,1776066275000
1776066276.485,276.485,0.13,0.14,0.86,0.87,0.01,0.01,70758.21,1776066275000
1776066276.841,276.841,0.13,0.14,0.85,0.87,0.01,0.02,70758.21,1776066275000
1776066277.199,277.199,0.13,0.14,0.86,0.87,0.01,0.01,70757.7,1776066276000
1776066277.61,277.61,0.14,0.15,0.85,0.87,0.01,0.02,70757.7,1776066276000
1776066277.969,277.969,0.16,0.17,0.83,0.85,0.01,0.02,70757.7,1776066276000
1776066278.403,278.403,0.13,0.16,0.84,0.87,0.03,0.03,70755.25,1776066277000
1776066278.803,278.803,0.15,0.17,0.84,0.85,0.02,0.01,70755.25,1776066277000
1776066279.15,279.15,0.15,0.16,0.83,0.85,0.01,0.02,70755.25,1776066277000
1776066279.485,279.485,0.14,0.15,0.84,0.87,0.01,0.03,70755.32,1776066278000
1776066279.905,279.905,0.12,0.13,0.86,0.87,0.01,0.01,70755.32,1776066278000
1776066280.244,280.244,0.12,0.14,0.86,0.87,0.02,0.01,70755.32,1776066278000
1776066280.594,280.594,0.14,0.15,0.83,0.86,0.01,0.03,70755.32,1776066278000
1776066280.931,280.931,0.13,0.14,0.86,0.88,0.01,0.02,70755.35,1776066279000
1776066281.267,281.267,0.1,0.12,0.88,0.9,0.02,0.02,70755.35,1776066279000
1776066281.611,281.611,0.11,0.12,0.88,0.89,0.01,0.01,70755.23,1776066280000
1776066281.958,281.958,0.11,0.12,0.88,0.89,0.01,0.01,70755.23,1776066280000
1776066282.316,282.316,0.11,0.12,0.88,0.89,0.01,0.01,70755.31,1776066281000
1776066282.673,282.673,0.12,0.14,0.86,0.88,0.02,0.02,70755.31,1776066281000
1776066283.018,283.018,0.12,0.13,0.87,0.9,0.01,0.03,70755.31,1776066281000
1776066283.547,283.547,0.12,0.13,0.87,0.88,0.01,0.01,70755.31,1776066282000
1776066283.917,283.917,0.1,0.15,0.85,0.86,0.05,0.01,70755.31,1776066282000
1776066284.259,284.259,0.13,0.14,0.86,0.87,0.01,0.01,70755.31,1776066282000
1776066284.825,284.825,0.13,0.14,0.86,0.87,0.01,0.01,70755.37,1776066283000
1776066285.19,285.19,0.13,0.14,0.86,0.88,0.01,0.02,70755.37,1776066284000
1776066285.628,285.628,0.15,0.16,0.84,0.86,0.01,0.02,70755.37,1776066284000
1776066285.975,285.975,0.14,0.16,0.85,0.86,0.02,0.01,70755.37,1776066284000
1776066286.423,286.423,0.14,0.15,0.85,0.86,0.01,0.01,70756.17,1776066285000
1776066286.791,286.791,0.12,0.14,0.85,0.87,0.02,0.02,70756.17,1776066285000
1776066287.279,287.279,0.1,0.11,0.88,0.9,0.01,0.02,70756.17,1776066285000
1776066287.632,287.632,0.1,0.11,0.88,0.89,0.01,0.01,70756.17,1776066286000
1776066287.99,287.99,0.11,0.15,0.88,0.89,0.04,0.01,70756.17,1776066286000
1776066288.347,288.347,0.1,0.12,0.85,0.9,0.02,0.05,70756.17,1776066286000
1776066288.761,288.761,0.1,0.16,0.84,0.89,0.06,0.05,70756.09,1776066287000
1776066289.162,289.162,0.12,0.13,0.87,0.9,0.01,0.03,70756.45,1776066288000
1776066289.519,289.519,0.15,0.16,0.84,0.85,0.01,0.01,70756.45,1776066288000
1776066289.976,289.976,0.14,0.15,0.85,0.86,0.01,0.01,70756.45,1776066288000
1776066290.831,290.831,0.14,0.15,0.85,0.86,0.01,0.01,70756.0,1776066289000
1776066291.256,291.256,0.12,0.13,0.86,0.89,0.01,0.03,70756.0,1776066289000
1776066291.631,291.631,0.12,0.13,0.87,0.88,0.01,0.01,70755.28,1776066290000
1776066291.999,291.999,0.1,0.13,0.87,0.9,0.03,0.03,70755.28,1776066290000
1776066292.344,292.344,0.17,0.2,0.82,0.83,0.03,0.01,70755.28,1776066290000
1776066292.686,292.686,0.14,0.17,0.83,0.9,0.03,0.07,70755.28,1776066291000
1776066293.051,293.051,0.2,0.21,0.79,0.8,0.01,0.01,70755.12,1776066292000
1776066293.436,293.436,0.24,0.25,0.74,0.78,0.01,0.04,70755.12,1776066292000
1776066293.771,293.771,0.14,0.15,0.85,0.86,0.01,0.01,70755.12,1776066292000
1776066294.106,294.106,0.17,0.21,0.8,0.81,0.04,0.01,70755.12,1776066292000
1776066294.451,294.451,0.25,0.26,0.73,0.76,0.01,0.03,70755.12,1776066293000
1776066294.824,294.824,0.18,0.23,0.75,0.78,0.05,0.03,70755.12,1776066293000
1776066295.362,295.362,0.22,0.23,0.76,0.78,0.01,0.02,70755.12,1776066294000
1776066295.703,295.703,0.15,0.16,0.84,0.85,0.01,0.01,70755.12,1776066294000
1776066296.068,296.068,0.1,0.14,0.84,0.87,0.04,0.03,70755.12,1776066294000
1776066296.402,296.402,0.1,0.13,0.88,0.89,0.03,0.01,70755.08,1776066295000
1776066296.754,296.754,0.15,0.23,0.88,0.89,0.08,0.01,70755.08,1776066295000
1776066297.183,297.183,0.22,0.37,0.63,0.78,0.15,0.15,70755.08,1776066295000
1776066297.517,297.517,0.33,0.34,0.66,0.67,0.01,0.01,70755.43,1776066296000
1776066297.852,297.852,0.22,0.4,0.6,0.74,0.18,0.14,70755.43,1776066296000
1776066298.196,298.196,0.23,0.24,0.76,0.77,0.01,0.01,70755.43,1776066297000
1776066298.532,298.532,0.16,0.19,0.8,0.85,0.03,0.05,70755.43,1776066297000
1776066298.866,298.866,0.13,0.15,0.85,0.86,0.02,0.01,70755.43,1776066297000
1776066299.238,299.238,0.1,0.11,0.89,0.9,0.01,0.01,70778.07,1776066298000
1776066299.737,299.737,0.01,0.01,0.99,0.99,0.0,0.0,70778.07,1776066298000
1776066300.088,300.088,0.01,0.01,0.99,0.99,0.0,0.0,70778.07,1776066298000
1776066300.558,300.558,0.01,0.01,0.99,0.99,0.0,0.0,70782.28,1776066299000
1776066300.904,300.904,0.01,0.01,0.99,0.99,0.0,0.0,70782.28,1776066299000

# RESULT,winner=Down,slug=btc-updown-5m-1776066000,ticks=695
