timestamp,elapsed_sec,up_bid,up_ask,down_bid,down_ask,up_spread,down_spread,btc_price,btc_oracle_ts
1777062900.528,0.528,0.5,0.51,0.49,0.5,0.01,0.01,77583.47,1777062899000
1777062901.013,1.013,0.5,0.51,0.49,0.5,0.01,0.01,77583.47,1777062899000
1777062901.598,1.598,0.5,0.51,0.49,0.5,0.01,0.01,77586.63,1777062900000
1777062901.977,1.977,0.5,0.51,0.49,0.5,0.01,0.01,77586.63,1777062900000
1777062902.508,2.508,0.5,0.51,0.49,0.5,0.01,0.01,77586.63,1777062900000
1777062903.006,3.006,0.5,0.51,0.49,0.5,0.01,0.01,77585.11,1777062901000
1777062903.951,3.951,0.5,0.51,0.49,0.5,0.01,0.01,77585.11,1777062902000
1777062904.342,4.342,0.5,0.51,0.49,0.5,0.01,0.01,77585.11,1777062902000
1777062904.936,4.936,0.5,0.51,0.49,0.5,0.01,0.01,77588.31,1777062903000
1777062905.353,5.353,0.5,0.51,0.49,0.5,0.01,0.01,77588.4,1777062904000
1777062905.698,5.698,0.5,0.51,0.49,0.5,0.01,0.01,77588.4,1777062904000
1777062906.8,6.8,0.5,0.51,0.49,0.5,0.01,0.01,77584.49,1777062905000
1777062907.14,7.14,0.5,0.51,0.49,0.5,0.01,0.01,77584.49,1777062905000
1777062907.513,7.513,0.5,0.51,0.49,0.5,0.01,0.01,77584.49,1777062905000
1777062907.965,7.965,0.5,0.51,0.49,0.5,0.01,0.01,77584.49,1777062906000
1777062908.339,8.339,0.5,0.51,0.49,0.5,0.01,0.01,77584.29,1777062907000
1777062909.475,9.475,0.5,0.51,0.49,0.5,0.01,0.01,77584.29,1777062908000
1777062910.352,10.352,0.5,0.51,0.49,0.5,0.01,0.01,77584.26,1777062909000
1777062911.784,11.784,0.5,0.51,0.49,0.5,0.01,0.01,77584.26,1777062909000
1777062912.204,12.204,0.5,0.51,0.49,0.5,0.01,0.01,77584.23,1777062910000
1777062912.622,12.622,0.5,0.51,0.49,0.5,0.01,0.01,77584.23,1777062911000
1777062913.017,13.017,0.5,0.51,0.49,0.5,0.01,0.01,77584.23,1777062911000
1777062913.437,13.437,0.49,0.5,0.5,0.51,0.01,0.01,77583.24,1777062912000
1777062913.771,13.771,0.49,0.5,0.5,0.51,0.01,0.01,77583.24,1777062912000
1777062914.158,14.158,0.49,0.5,0.5,0.51,0.01,0.01,77583.24,1777062912000
1777062914.621,14.621,0.49,0.5,0.5,0.51,0.01,0.01,77586.87,1777062913000
1777062915.445,15.445,0.49,0.5,0.5,0.51,0.01,0.01,77586.87,1777062913000
1777062915.981,15.981,0.48,0.49,0.5,0.52,0.01,0.02,77586.64,1777062914000
1777062916.33,16.33,0.48,0.49,0.51,0.52,0.01,0.01,77586.64,1777062915000
1777062916.955,16.955,0.48,0.49,0.51,0.52,0.01,0.01,77586.64,1777062915000
1777062917.298,17.298,0.48,0.49,0.51,0.52,0.01,0.01,77586.64,1777062915000
1777062917.699,17.699,0.48,0.49,0.51,0.52,0.01,0.01,77587.02,1777062916000
1777062918.044,18.044,0.48,0.49,0.51,0.52,0.01,0.01,77587.02,1777062916000
1777062918.608,18.608,0.48,0.49,0.51,0.52,0.01,0.01,77587.02,1777062916000
1777062918.956,18.956,0.48,0.49,0.51,0.52,0.01,0.01,77587.02,1777062916000
1777062919.84,19.84,0.48,0.49,0.51,0.52,0.01,0.01,77586.86,1777062918000
1777062920.231,20.231,0.48,0.49,0.51,0.52,0.01,0.01,77586.86,1777062918000
1777062920.62,20.62,0.48,0.49,0.51,0.52,0.01,0.01,77585.26,1777062919000
1777062921.527,21.527,0.48,0.49,0.51,0.52,0.01,0.01,77587,1777062920000
1777062921.875,21.875,0.49,0.5,0.5,0.51,0.01,0.01,77587,1777062920000
1777062922.209,22.209,0.5,0.51,0.49,0.5,0.01,0.01,77582.63,1777062921000
1777062922.897,22.897,0.5,0.51,0.49,0.5,0.01,0.01,77582.63,1777062921000
1777062923.325,23.325,0.5,0.51,0.49,0.5,0.01,0.01,77582.63,1777062921000
1777062923.984,23.984,0.5,0.51,0.49,0.5,0.01,0.01,77585.71,1777062922000
1777062924.403,24.403,0.5,0.51,0.49,0.5,0.01,0.01,77586.65,1777062923000
1777062925.643,25.643,0.5,0.51,0.49,0.5,0.01,0.01,77586.65,1777062923000
1777062926.013,26.013,0.5,0.51,0.48,0.5,0.01,0.02,77586.65,1777062923000
1777062926.366,26.366,0.56,0.57,0.43,0.44,0.01,0.01,77589.58,1777062925000
1777062926.807,26.807,0.58,0.59,0.41,0.42,0.01,0.01,77589.58,1777062925000
1777062927.166,27.166,0.59,0.6,0.4,0.41,0.01,0.01,77589.58,1777062925000
1777062927.544,27.544,0.61,0.62,0.38,0.39,0.01,0.01,77597.47,1777062926000
1777062927.917,27.917,0.61,0.62,0.38,0.39,0.01,0.01,77597.47,1777062926000
1777062928.253,28.253,0.61,0.62,0.38,0.39,0.01,0.01,77598.33,1777062927000
1777062928.594,28.594,0.61,0.62,0.38,0.39,0.01,0.01,77598.33,1777062927000
1777062928.931,28.931,0.61,0.62,0.38,0.39,0.01,0.01,77598.33,1777062927000
1777062929.417,29.417,0.61,0.62,0.38,0.39,0.01,0.01,77598.33,1777062927000
1777062929.77,29.77,0.61,0.62,0.38,0.39,0.01,0.01,77598.33,1777062927000
1777062930.326,30.326,0.61,0.62,0.38,0.39,0.01,0.01,77595.71,1777062928000
1777062931.099,31.099,0.61,0.63,0.38,0.39,0.02,0.01,77595.71,1777062929000
1777062931.504,31.504,0.61,0.63,0.37,0.39,0.02,0.02,77595.82,1777062930000
1777062931.993,31.993,0.62,0.63,0.37,0.39,0.01,0.02,77595.82,1777062930000
1777062932.473,32.473,0.62,0.63,0.37,0.38,0.01,0.01,77595.82,1777062930000
1777062932.821,32.821,0.62,0.63,0.37,0.38,0.01,0.01,77601.29,1777062931000
1777062933.169,33.169,0.62,0.63,0.37,0.38,0.01,0.01,77601.29,1777062931000
1777062933.518,33.518,0.62,0.64,0.36,0.38,0.02,0.02,77601.29,1777062932000
1777062934.046,34.046,0.63,0.64,0.36,0.37,0.01,0.01,77601.29,1777062932000
1777062934.45,34.45,0.63,0.64,0.36,0.37,0.01,0.01,77601.53,1777062933000
1777062934.839,34.839,0.64,0.65,0.35,0.36,0.01,0.01,77601.53,1777062933000
1777062935.194,35.194,0.64,0.65,0.35,0.36,0.01,0.01,77601.53,1777062933000
1777062935.655,35.655,0.64,0.68,0.32,0.36,0.04,0.04,77601.53,1777062933000
1777062936.468,36.468,0.66,0.68,0.32,0.36,0.02,0.04,77598.37,1777062934000
1777062936.815,36.815,0.67,0.68,0.32,0.34,0.01,0.02,77601.94,1777062935000
1777062937.157,37.157,0.67,0.68,0.32,0.33,0.01,0.01,77601.94,1777062935000
1777062937.669,37.669,0.67,0.68,0.32,0.33,0.01,0.01,77600.13,1777062936000
1777062938.203,38.203,0.66,0.68,0.32,0.35,0.02,0.03,77600.13,1777062936000
1777062938.537,38.537,0.67,0.68,0.32,0.34,0.01,0.02,77600.63,1777062937000
1777062938.943,38.943,0.67,0.68,0.32,0.33,0.01,0.01,77600.63,1777062937000
1777062939.343,39.343,0.67,0.68,0.32,0.33,0.01,0.01,77600.84,1777062938000
1777062940.044,40.044,0.67,0.68,0.32,0.33,0.01,0.01,77600.64,1777062939000
1777062940.879,40.879,0.66,0.67,0.32,0.34,0.01,0.02,77600.64,1777062939000
1777062941.331,41.331,0.66,0.67,0.33,0.34,0.01,0.01,77599.38,1777062940000
1777062941.717,41.717,0.66,0.67,0.33,0.34,0.01,0.01,77599.38,1777062940000
1777062942.293,42.293,0.65,0.67,0.33,0.34,0.02,0.01,77599.32,1777062941000
1777062943.05,43.05,0.65,0.67,0.33,0.35,0.02,0.02,77599.27,1777062942000
1777062943.778,43.778,0.65,0.66,0.33,0.35,0.01,0.02,77599.27,1777062942000
1777062945.072,45.072,0.65,0.66,0.34,0.35,0.01,0.01,77598.37,1777062944000
1777062946.078,46.078,0.65,0.66,0.34,0.35,0.01,0.01,77598.61,1777062945000
1777062946.432,46.432,0.6,0.64,0.36,0.4,0.04,0.04,77598.61,1777062945000
1777062946.918,46.918,0.63,0.64,0.35,0.37,0.01,0.02,77598.61,1777062945000
1777062947.256,47.256,0.63,0.64,0.36,0.37,0.01,0.01,77599.44,1777062946000
1777062947.594,47.594,0.62,0.63,0.37,0.38,0.01,0.01,77599.44,1777062946000
1777062948.02,48.02,0.62,0.63,0.37,0.38,0.01,0.01,77602.1,1777062947000
1777062948.534,48.534,0.62,0.63,0.37,0.38,0.01,0.01,77602.1,1777062947000
1777062948.901,48.901,0.62,0.63,0.37,0.38,0.01,0.01,77602.1,1777062947000
1777062949.354,49.354,0.62,0.63,0.37,0.38,0.01,0.01,77599.83,1777062948000
1777062949.705,49.705,0.62,0.63,0.37,0.38,0.01,0.01,77599.83,1777062948000
1777062950.047,50.047,0.62,0.63,0.37,0.38,0.01,0.01,77599.49,1777062949000
1777062950.441,50.441,0.62,0.63,0.37,0.38,0.01,0.01,77599.49,1777062949000
1777062951.65,51.65,0.63,0.64,0.37,0.38,0.01,0.01,77599.49,1777062949000
1777062952.23,52.23,0.62,0.64,0.36,0.37,0.02,0.01,77600.0,1777062950000
1777062952.689,52.689,0.62,0.63,0.37,0.38,0.01,0.01,77599.57,1777062951000
1777062953.025,53.025,0.62,0.63,0.37,0.38,0.01,0.01,77599.57,1777062951000
1777062953.438,53.438,0.62,0.63,0.37,0.38,0.01,0.01,77599.57,1777062951000
1777062953.882,53.882,0.62,0.63,0.37,0.38,0.01,0.01,77599.57,1777062952000
1777062954.624,54.624,0.62,0.63,0.37,0.38,0.01,0.01,77598.88,1777062953000
1777062954.963,54.963,0.62,0.63,0.37,0.38,0.01,0.01,77598.88,1777062953000
1777062955.82,55.82,0.62,0.63,0.37,0.38,0.01,0.01,77598.88,1777062954000
1777062956.366,56.366,0.62,0.63,0.37,0.38,0.01,0.01,77598.67,1777062955000
1777062956.878,56.878,0.62,0.63,0.37,0.38,0.01,0.01,77598.67,1777062955000
1777062958.092,58.092,0.62,0.63,0.37,0.38,0.01,0.01,77598.62,1777062956000
1777062958.645,58.645,0.62,0.63,0.37,0.38,0.01,0.01,77598.3,1777062957000
1777062959.049,59.049,0.62,0.63,0.37,0.38,0.01,0.01,77598.3,1777062957000
1777062959.436,59.436,0.62,0.63,0.37,0.38,0.01,0.01,77598.28,1777062958000
1777062959.817,59.817,0.62,0.63,0.37,0.38,0.01,0.01,77598.28,1777062958000
1777062960.243,60.243,0.62,0.63,0.37,0.38,0.01,0.01,77598.3,1777062959000
1777062960.773,60.773,0.62,0.63,0.37,0.38,0.01,0.01,77598.3,1777062959000
1777062961.219,61.219,0.62,0.63,0.37,0.38,0.01,0.01,77597.84,1777062960000
1777062961.594,61.594,0.63,0.64,0.36,0.37,0.01,0.01,77597.84,1777062960000
1777062961.932,61.932,0.63,0.64,0.36,0.37,0.01,0.01,77597.84,1777062960000
1777062962.28,62.28,0.63,0.64,0.36,0.37,0.01,0.01,77598.06,1777062961000
1777062962.762,62.762,0.63,0.64,0.36,0.37,0.01,0.01,77598.06,1777062961000
1777062963.125,63.125,0.64,0.66,0.34,0.36,0.02,0.02,77598.06,1777062961000
1777062963.611,63.611,0.66,0.67,0.33,0.34,0.01,0.01,77598.44,1777062962000
1777062964.002,64.002,0.66,0.67,0.33,0.34,0.01,0.01,77598.49,1777062963000
1777062964.897,64.897,0.66,0.67,0.33,0.34,0.01,0.01,77598.49,1777062963000
1777062965.627,65.627,0.66,0.67,0.33,0.34,0.01,0.01,77600.13,1777062964000
1777062966.175,66.175,0.66,0.68,0.33,0.34,0.02,0.01,77600.13,1777062964000
1777062966.555,66.555,0.66,0.68,0.32,0.34,0.02,0.02,77600.13,1777062964000
1777062966.89,66.89,0.67,0.7,0.3,0.33,0.03,0.03,77600.13,1777062964000
1777062967.37,67.37,0.68,0.71,0.29,0.32,0.03,0.03,77600.13,1777062964000
1777062967.709,67.709,0.7,0.74,0.26,0.3,0.04,0.04,77613.79,1777062965000
1777062968.061,68.061,0.72,0.75,0.25,0.29,0.03,0.04,77613.79,1777062965000
1777062968.417,68.417,0.73,0.74,0.26,0.27,0.01,0.01,77613.79,1777062965000
1777062968.75,68.75,0.73,0.74,0.26,0.27,0.01,0.01,77613.09,1777062967000
1777062969.115,69.115,0.73,0.74,0.26,0.27,0.01,0.01,77613.09,1777062967000
1777062969.577,69.577,0.73,0.74,0.26,0.27,0.01,0.01,77612.65,1777062968000
1777062969.933,69.933,0.73,0.74,0.26,0.27,0.01,0.01,77612.65,1777062968000
1777062970.27,70.27,0.72,0.74,0.26,0.28,0.02,0.02,77612.65,1777062968000
1777062971.231,71.231,0.72,0.73,0.27,0.28,0.01,0.01,77612.64,1777062969000
1777062971.59,71.59,0.72,0.73,0.27,0.28,0.01,0.01,77611.86,1777062970000
1777062972.586,72.586,0.72,0.73,0.27,0.28,0.01,0.01,77611.86,1777062970000
1777062973.018,73.018,0.72,0.73,0.27,0.28,0.01,0.01,77614.6,1777062971000
1777062973.451,73.451,0.72,0.73,0.27,0.28,0.01,0.01,77614.6,1777062971000
1777062973.796,73.796,0.73,0.74,0.26,0.27,0.01,0.01,77615.43,1777062972000
1777062974.227,74.227,0.73,0.74,0.26,0.27,0.01,0.01,77615.43,1777062972000
1777062974.628,74.628,0.73,0.74,0.26,0.27,0.01,0.01,77615.63,1777062973000
1777062975.088,75.088,0.73,0.74,0.26,0.27,0.01,0.01,77615.63,1777062973000
1777062975.497,75.497,0.73,0.74,0.26,0.27,0.01,0.01,77615.63,1777062973000
1777062975.922,75.922,0.73,0.74,0.26,0.27,0.01,0.01,77613.58,1777062974000
1777062976.309,76.309,0.73,0.74,0.26,0.27,0.01,0.01,77613.58,1777062974000
1777062976.707,76.707,0.73,0.74,0.26,0.27,0.01,0.01,77615.15,1777062975000
1777062977.312,77.312,0.72,0.73,0.26,0.28,0.01,0.02,77615.15,1777062975000
1777062977.727,77.727,0.72,0.73,0.27,0.28,0.01,0.01,77615.15,1777062975000
1777062978.068,78.068,0.72,0.74,0.26,0.28,0.02,0.02,77615.49,1777062976000
1777062978.642,78.642,0.74,0.75,0.25,0.26,0.01,0.01,77615.49,1777062976000
1777062979.03,79.03,0.74,0.75,0.25,0.26,0.01,0.01,77615.2,1777062977000
1777062979.402,79.402,0.74,0.75,0.25,0.26,0.01,0.01,77615.2,1777062977000
1777062979.788,79.788,0.74,0.75,0.25,0.26,0.01,0.01,77615.72,1777062978000
1777062980.201,80.201,0.74,0.76,0.25,0.26,0.02,0.01,77615.72,1777062978000
1777062980.568,80.568,0.74,0.75,0.24,0.26,0.01,0.02,77615.72,1777062978000
1777062981.005,81.005,0.76,0.78,0.22,0.24,0.02,0.02,77616.14,1777062979000
1777062981.34,81.34,0.77,0.79,0.22,0.23,0.02,0.01,77616.14,1777062979000
1777062981.684,81.684,0.77,0.78,0.22,0.23,0.01,0.01,77617.15,1777062980000
1777062982.086,82.086,0.79,0.8,0.2,0.21,0.01,0.01,77617.15,1777062980000
1777062982.452,82.452,0.8,0.81,0.19,0.2,0.01,0.01,77618.27,1777062981000
1777062982.828,82.828,0.8,0.81,0.19,0.2,0.01,0.01,77618.27,1777062981000
1777062983.242,83.242,0.8,0.81,0.19,0.2,0.01,0.01,77618.27,1777062981000
1777062983.594,83.594,0.8,0.81,0.19,0.2,0.01,0.01,77618.27,1777062981000
1777062984.048,84.048,0.8,0.81,0.19,0.2,0.01,0.01,77618.2,1777062982000
1777062984.419,84.419,0.8,0.82,0.19,0.2,0.02,0.01,77617.64,1777062983000
1777062984.756,84.756,0.8,0.83,0.17,0.2,0.03,0.03,77617.64,1777062983000
1777062985.162,85.162,0.81,0.83,0.17,0.2,0.02,0.03,77617.64,1777062983000
1777062985.635,85.635,0.83,0.84,0.16,0.17,0.01,0.01,77623.57,1777062984000
1777062986.021,86.021,0.83,0.84,0.16,0.17,0.01,0.01,77623.57,1777062984000
1777062986.43,86.43,0.83,0.85,0.15,0.17,0.02,0.02,77624.95,1777062985000
1777062986.817,86.817,0.86,0.88,0.12,0.14,0.02,0.02,77624.95,1777062985000
1777062987.152,87.152,0.85,0.89,0.11,0.15,0.04,0.04,77624.95,1777062985000
1777062987.595,87.595,0.86,0.87,0.13,0.14,0.01,0.01,77627.73,1777062986000
1777062988.077,88.077,0.86,0.88,0.12,0.14,0.02,0.02,77627.73,1777062986000
1777062988.414,88.414,0.87,0.88,0.12,0.13,0.01,0.01,77632.2,1777062987000
1777062988.752,88.752,0.88,0.89,0.11,0.12,0.01,0.01,77632.2,1777062987000
1777062989.085,89.085,0.88,0.9,0.1,0.12,0.02,0.02,77632.2,1777062987000
1777062989.432,89.432,0.89,0.9,0.1,0.11,0.01,0.01,77632.68,1777062988000
1777062989.844,89.844,0.9,0.91,0.09,0.1,0.01,0.01,77632.68,1777062988000
1777062990.22,90.22,0.9,0.91,0.09,0.1,0.01,0.01,77632.68,1777062988000
1777062990.556,90.556,0.9,0.91,0.09,0.1,0.01,0.01,77642.17,1777062989000
1777062990.904,90.904,0.9,0.91,0.09,0.1,0.01,0.01,77642.17,1777062989000
1777062991.307,91.307,0.9,0.91,0.09,0.1,0.01,0.01,77642.17,1777062989000
1777062991.882,91.882,0.9,0.91,0.09,0.1,0.01,0.01,77644.77,1777062990000
1777062992.31,92.31,0.9,0.91,0.09,0.1,0.01,0.01,77645.0,1777062991000
1777062993.059,93.059,0.9,0.91,0.09,0.1,0.01,0.01,77645.94,1777062992000
1777062993.409,93.409,0.9,0.91,0.09,0.1,0.01,0.01,77645.94,1777062992000
1777062993.748,93.748,0.9,0.91,0.09,0.1,0.01,0.01,77645.94,1777062992000
1777062994.099,94.099,0.9,0.91,0.09,0.1,0.01,0.01,77648.11,1777062993000
1777062994.454,94.454,0.9,0.91,0.09,0.1,0.01,0.01,77648.11,1777062993000
1777062994.889,94.889,0.9,0.91,0.09,0.1,0.01,0.01,77648.11,1777062993000
1777062995.262,95.262,0.9,0.91,0.09,0.1,0.01,0.01,77647.96,1777062994000
1777062995.659,95.659,0.9,0.91,0.09,0.1,0.01,0.01,77647.96,1777062994000
1777062996.174,96.174,0.9,0.91,0.09,0.1,0.01,0.01,77647.96,1777062994000
1777062996.605,96.605,0.9,0.91,0.09,0.1,0.01,0.01,77648.04,1777062995000
1777062996.942,96.942,0.9,0.91,0.09,0.1,0.01,0.01,77648.04,1777062995000
1777062997.28,97.28,0.9,0.91,0.09,0.1,0.01,0.01,77648.06,1777062996000
1777062997.774,97.774,0.9,0.91,0.09,0.1,0.01,0.01,77648.06,1777062996000
1777062998.134,98.134,0.9,0.91,0.09,0.1,0.01,0.01,77648.06,1777062996000
1777062998.512,98.512,0.9,0.91,0.09,0.1,0.01,0.01,77648.06,1777062996000
1777062999.024,99.024,0.9,0.91,0.09,0.1,0.01,0.01,77648.24,1777062998000
1777062999.44,99.44,0.9,0.91,0.09,0.1,0.01,0.01,77648.24,1777062998000
1777062999.873,99.873,0.9,0.91,0.09,0.1,0.01,0.01,77648.24,1777062998000
1777063000.627,100.627,0.9,0.91,0.09,0.1,0.01,0.01,77647.78,1777062999000
1777063001.251,101.251,0.9,0.91,0.09,0.1,0.01,0.01,77647.78,1777063000000
1777063001.768,101.768,0.9,0.91,0.09,0.1,0.01,0.01,77647.78,1777063000000
1777063002.221,102.221,0.9,0.91,0.09,0.1,0.01,0.01,77647.78,1777063000000
1777063002.562,102.562,0.9,0.91,0.09,0.1,0.01,0.01,77648.38,1777063001000
1777063003.209,103.209,0.89,0.9,0.09,0.11,0.01,0.02,77648.38,1777063001000
1777063003.571,103.571,0.89,0.9,0.1,0.11,0.01,0.01,77648.94,1777063002000
1777063004.025,104.025,0.89,0.9,0.1,0.11,0.01,0.01,77649.13,1777063003000
1777063004.495,104.495,0.89,0.9,0.1,0.11,0.01,0.01,77649.13,1777063003000
1777063004.992,104.992,0.89,0.9,0.1,0.11,0.01,0.01,77649.13,1777063003000
1777063005.429,105.429,0.9,0.91,0.1,0.11,0.01,0.01,77652.97,1777063004000
1777063006.143,106.143,0.9,0.91,0.09,0.1,0.01,0.01,77652.97,1777063004000
1777063006.644,106.644,0.9,0.91,0.09,0.1,0.01,0.01,77652.55,1777063005000
1777063007.089,107.089,0.9,0.91,0.09,0.1,0.01,0.01,77652.55,1777063005000
1777063007.441,107.441,0.91,0.92,0.08,0.1,0.01,0.02,77644.72,1777063006000
1777063008.228,108.228,0.91,0.92,0.08,0.09,0.01,0.01,77644.72,1777063006000
1777063008.565,108.565,0.9,0.91,0.09,0.1,0.01,0.01,77650.81,1777063007000
1777063009.187,109.187,0.91,0.92,0.09,0.1,0.01,0.01,77650.81,1777063007000
1777063009.523,109.523,0.92,0.93,0.07,0.08,0.01,0.01,77651.48,1777063008000
1777063009.938,109.938,0.93,0.94,0.06,0.07,0.01,0.01,77651.48,1777063009000
1777063010.351,110.351,0.93,0.94,0.06,0.07,0.01,0.01,77651.48,1777063009000
1777063010.707,110.707,0.93,0.94,0.06,0.07,0.01,0.01,77651.48,1777063009000
1777063011.072,111.072,0.93,0.94,0.06,0.07,0.01,0.01,77667.37,1777063010000
1777063011.409,111.409,0.94,0.95,0.05,0.06,0.01,0.01,77667.37,1777063010000
1777063011.884,111.884,0.94,0.95,0.05,0.06,0.01,0.01,77667.37,1777063010000
1777063012.259,112.259,0.94,0.95,0.05,0.06,0.01,0.01,77671.54,1777063011000
1777063012.646,112.646,0.94,0.95,0.05,0.06,0.01,0.01,77671.54,1777063011000
1777063012.989,112.989,0.94,0.95,0.05,0.06,0.01,0.01,77671.54,1777063011000
1777063013.348,113.348,0.94,0.95,0.05,0.06,0.01,0.01,77678.19,1777063012000
1777063013.721,113.721,0.94,0.95,0.05,0.06,0.01,0.01,77678.19,1777063012000
1777063014.254,114.254,0.94,0.95,0.05,0.06,0.01,0.01,77680.36,1777063013000
1777063014.688,114.688,0.94,0.95,0.05,0.06,0.01,0.01,77680.36,1777063013000
1777063015.39,115.39,0.94,0.95,0.05,0.06,0.01,0.01,77680.36,1777063013000
1777063015.805,115.805,0.94,0.95,0.05,0.06,0.01,0.01,77674.96,1777063014000
1777063016.19,116.19,0.94,0.95,0.05,0.06,0.01,0.01,77674.96,1777063014000
1777063016.572,116.572,0.94,0.95,0.05,0.06,0.01,0.01,77673.7,1777063015000
1777063017.381,117.381,0.94,0.95,0.05,0.06,0.01,0.01,77673.7,1777063015000
1777063017.714,117.714,0.94,0.95,0.05,0.06,0.01,0.01,77673.48,1777063016000
1777063018.103,118.103,0.94,0.95,0.05,0.06,0.01,0.01,77673.48,1777063016000
1777063018.595,118.595,0.94,0.95,0.05,0.06,0.01,0.01,77676.03,1777063017000
1777063018.944,118.944,0.94,0.95,0.05,0.06,0.01,0.01,77676.03,1777063017000
1777063019.371,119.371,0.94,0.95,0.05,0.06,0.01,0.01,77675.42,1777063018000
1777063019.851,119.851,0.94,0.95,0.05,0.06,0.01,0.01,77675.42,1777063018000
1777063020.376,120.376,0.94,0.95,0.05,0.06,0.01,0.01,77675.11,1777063019000
1777063020.816,120.816,0.94,0.95,0.05,0.06,0.01,0.01,77675.11,1777063019000
1777063021.222,121.222,0.94,0.95,0.05,0.06,0.01,0.01,77675.61,1777063020000
1777063021.568,121.568,0.94,0.95,0.05,0.06,0.01,0.01,77675.61,1777063020000
1777063022.197,122.197,0.94,0.95,0.05,0.06,0.01,0.01,77675.83,1777063021000
1777063022.576,122.576,0.94,0.95,0.05,0.06,0.01,0.01,77675.83,1777063021000
1777063023.085,123.085,0.94,0.95,0.05,0.06,0.01,0.01,77675.83,1777063021000
1777063023.64,123.64,0.94,0.95,0.05,0.06,0.01,0.01,77675.83,1777063022000
1777063024.103,124.103,0.94,0.95,0.05,0.06,0.01,0.01,77675.56,1777063023000
1777063024.472,124.472,0.94,0.95,0.05,0.06,0.01,0.01,77675.56,1777063023000
1777063024.834,124.834,0.94,0.95,0.05,0.06,0.01,0.01,77675.56,1777063023000
1777063025.202,125.202,0.94,0.95,0.05,0.06,0.01,0.01,77673.2,1777063024000
1777063025.947,125.947,0.93,0.95,0.05,0.06,0.02,0.01,77673.2,1777063024000
1777063026.413,126.413,0.93,0.95,0.05,0.07,0.02,0.02,77673.2,1777063024000
1777063026.851,126.851,0.94,0.95,0.05,0.07,0.01,0.02,77673.27,1777063025000
1777063027.242,127.242,0.94,0.95,0.05,0.06,0.01,0.01,77673.27,1777063025000
1777063027.621,127.621,0.94,0.95,0.05,0.06,0.01,0.01,77673.13,1777063026000
1777063027.989,127.989,0.93,0.94,0.05,0.07,0.01,0.02,77673.13,1777063026000
1777063028.593,128.593,0.93,0.94,0.06,0.07,0.01,0.01,77673.61,1777063027000
1777063029.021,129.021,0.93,0.94,0.06,0.07,0.01,0.01,77673.61,1777063027000
1777063029.929,129.929,0.93,0.94,0.06,0.07,0.01,0.01,77673.55,1777063028000
1777063030.363,130.363,0.93,0.94,0.06,0.07,0.01,0.01,77673.55,1777063028000
1777063030.77,130.77,0.93,0.94,0.06,0.07,0.01,0.01,77673.56,1777063029000
1777063031.33,131.33,0.93,0.94,0.06,0.07,0.01,0.01,77673.56,1777063030000
1777063031.765,131.765,0.93,0.94,0.06,0.07,0.01,0.01,77673.56,1777063030000
1777063032.188,132.188,0.93,0.94,0.06,0.07,0.01,0.01,77673.56,1777063030000
1777063032.578,132.578,0.93,0.94,0.06,0.07,0.01,0.01,77673.52,1777063031000
1777063032.954,132.954,0.93,0.94,0.06,0.07,0.01,0.01,77673.52,1777063031000
1777063033.341,133.341,0.93,0.94,0.06,0.07,0.01,0.01,77673.53,1777063032000
1777063033.697,133.697,0.93,0.96,0.06,0.07,0.03,0.01,77673.53,1777063032000
1777063034.074,134.074,0.95,0.96,0.04,0.05,0.01,0.01,77673.53,1777063032000
1777063034.521,134.521,0.95,0.96,0.04,0.05,0.01,0.01,77672.63,1777063033000
1777063035.019,135.019,0.95,0.96,0.04,0.05,0.01,0.01,77672.61,1777063034000
1777063035.445,135.445,0.95,0.96,0.04,0.05,0.01,0.01,77672.61,1777063034000
1777063035.793,135.793,0.95,0.96,0.04,0.05,0.01,0.01,77672.61,1777063034000
1777063036.156,136.156,0.95,0.96,0.04,0.05,0.01,0.01,77672.59,1777063035000
1777063036.65,136.65,0.95,0.96,0.04,0.05,0.01,0.01,77672.59,1777063035000
1777063036.988,136.988,0.94,0.95,0.05,0.06,0.01,0.01,77672.59,1777063035000
1777063037.363,137.363,0.94,0.95,0.05,0.06,0.01,0.01,77672.59,1777063036000
1777063038.004,138.004,0.94,0.95,0.05,0.06,0.01,0.01,77672.59,1777063036000
1777063038.485,138.485,0.94,0.95,0.05,0.06,0.01,0.01,77673.12,1777063037000
1777063039.015,139.015,0.94,0.95,0.05,0.06,0.01,0.01,77673.17,1777063038000
1777063039.423,139.423,0.94,0.95,0.05,0.06,0.01,0.01,77673.17,1777063038000
1777063039.776,139.776,0.94,0.95,0.05,0.06,0.01,0.01,77673.17,1777063038000
1777063040.194,140.194,0.94,0.95,0.05,0.06,0.01,0.01,77673.17,1777063038000
1777063041.527,141.527,0.94,0.95,0.05,0.06,0.01,0.01,77673.44,1777063040000
1777063041.921,141.921,0.94,0.95,0.05,0.06,0.01,0.01,77673.44,1777063040000
1777063042.335,142.335,0.94,0.95,0.05,0.06,0.01,0.01,77674.94,1777063041000
1777063042.692,142.692,0.94,0.95,0.05,0.06,0.01,0.01,77674.94,1777063041000
1777063043.064,143.064,0.94,0.95,0.05,0.06,0.01,0.01,77674.94,1777063041000
1777063043.593,143.593,0.94,0.95,0.05,0.06,0.01,0.01,77674.89,1777063042000
1777063044.09,144.09,0.94,0.95,0.05,0.06,0.01,0.01,77674.89,1777063042000
1777063045.187,145.187,0.94,0.96,0.04,0.06,0.02,0.02,77678.84,1777063044000
1777063045.55,145.55,0.95,0.96,0.04,0.05,0.01,0.01,77678.84,1777063044000
1777063045.926,145.926,0.95,0.96,0.04,0.05,0.01,0.01,77678.84,1777063044000
1777063046.364,146.364,0.94,0.95,0.05,0.06,0.01,0.01,77680.03,1777063045000
1777063046.718,146.718,0.94,0.95,0.05,0.06,0.01,0.01,77680.03,1777063045000
1777063047.245,147.245,0.94,0.95,0.05,0.06,0.01,0.01,77678.79,1777063046000
1777063047.619,147.619,0.93,0.95,0.05,0.07,0.02,0.02,77678.79,1777063046000
1777063048.626,148.626,0.93,0.95,0.05,0.07,0.02,0.02,77668.9,1777063047000
1777063049.268,149.268,0.93,0.95,0.05,0.07,0.02,0.02,77667.51,1777063048000
1777063050.188,150.188,0.93,0.95,0.05,0.07,0.02,0.02,77663.4,1777063049000
1777063050.629,150.629,0.93,0.94,0.06,0.07,0.01,0.01,77663.4,1777063049000
1777063051.006,151.006,0.92,0.94,0.06,0.08,0.02,0.02,77663.4,1777063049000
1777063051.344,151.344,0.91,0.93,0.07,0.09,0.02,0.02,77655.3,1777063050000
1777063051.728,151.728,0.92,0.93,0.07,0.08,0.01,0.01,77655.3,1777063050000
1777063052.095,152.095,0.92,0.93,0.07,0.08,0.01,0.01,77655.3,1777063050000
1777063052.46,152.46,0.91,0.92,0.08,0.09,0.01,0.01,77656.94,1777063051000
1777063052.988,152.988,0.91,0.92,0.08,0.09,0.01,0.01,77656.94,1777063051000
1777063053.345,153.345,0.91,0.92,0.08,0.09,0.01,0.01,77653.19,1777063052000
1777063053.779,153.779,0.91,0.92,0.08,0.09,0.01,0.01,77653.19,1777063052000
1777063054.125,154.125,0.91,0.92,0.08,0.09,0.01,0.01,77653.5,1777063053000
1777063054.654,154.654,0.9,0.92,0.08,0.09,0.02,0.01,77653.5,1777063053000
1777063055.051,155.051,0.9,0.92,0.08,0.1,0.02,0.02,77654.54,1777063054000
1777063055.716,155.716,0.9,0.91,0.09,0.1,0.01,0.01,77654.54,1777063054000
1777063056.214,156.214,0.89,0.91,0.09,0.11,0.02,0.02,77654.58,1777063055000
1777063056.582,156.582,0.9,0.91,0.09,0.1,0.01,0.01,77654.58,1777063055000
1777063056.933,156.933,0.89,0.91,0.09,0.11,0.02,0.02,77654.58,1777063055000
1777063057.385,157.385,0.89,0.9,0.1,0.11,0.01,0.01,77653.19,1777063056000
1777063057.813,157.813,0.89,0.9,0.1,0.11,0.01,0.01,77653.19,1777063056000
1777063058.149,158.149,0.91,0.92,0.08,0.09,0.01,0.01,77653.19,1777063056000
1777063058.495,158.495,0.92,0.93,0.07,0.08,0.01,0.01,77652.54,1777063057000
1777063058.971,158.971,0.92,0.93,0.07,0.08,0.01,0.01,77652.54,1777063057000
1777063059.655,159.655,0.92,0.93,0.07,0.08,0.01,0.01,77652.48,1777063058000
1777063060.182,160.182,0.9,0.93,0.07,0.1,0.03,0.03,77652.25,1777063059000
1777063060.613,160.613,0.9,0.91,0.09,0.1,0.01,0.01,77652.25,1777063059000
1777063060.969,160.969,0.9,0.91,0.09,0.1,0.01,0.01,77652.25,1777063059000
1777063061.392,161.392,0.9,0.91,0.09,0.1,0.01,0.01,77652.25,1777063059000
1777063061.975,161.975,0.9,0.91,0.09,0.1,0.01,0.01,77654.16,1777063060000
1777063062.333,162.333,0.9,0.91,0.09,0.1,0.01,0.01,77649.69,1777063061000
1777063062.708,162.708,0.9,0.91,0.09,0.1,0.01,0.01,77649.69,1777063061000
1777063063.265,163.265,0.9,0.91,0.09,0.1,0.01,0.01,77649.69,1777063061000
1777063063.795,163.795,0.9,0.91,0.09,0.1,0.01,0.01,77649.35,1777063062000
1777063064.13,164.13,0.9,0.91,0.09,0.1,0.01,0.01,77649.91,1777063063000
1777063064.904,164.904,0.9,0.91,0.09,0.1,0.01,0.01,77649.91,1777063063000
1777063065.308,165.308,0.9,0.91,0.09,0.1,0.01,0.01,77649.91,1777063063000
1777063065.734,165.734,0.9,0.91,0.09,0.1,0.01,0.01,77649.04,1777063064000
1777063066.086,166.086,0.9,0.91,0.09,0.1,0.01,0.01,77649.04,1777063064000
1777063066.425,166.425,0.9,0.91,0.09,0.1,0.01,0.01,77649.83,1777063065000
1777063066.767,166.767,0.9,0.91,0.09,0.1,0.01,0.01,77649.83,1777063065000
1777063067.123,167.123,0.9,0.91,0.09,0.1,0.01,0.01,77649.83,1777063065000
1777063067.503,167.503,0.9,0.91,0.09,0.1,0.01,0.01,77649.24,1777063066000
1777063068.307,168.307,0.9,0.91,0.09,0.1,0.01,0.01,77649.24,1777063066000
1777063068.671,168.671,0.9,0.91,0.09,0.1,0.01,0.01,77649.42,1777063067000
1777063069.028,169.028,0.9,0.91,0.09,0.1,0.01,0.01,77651.16,1777063068000
1777063069.418,169.418,0.9,0.91,0.09,0.1,0.01,0.01,77651.16,1777063068000
1777063069.924,169.924,0.92,0.93,0.07,0.08,0.01,0.01,77651.16,1777063068000
1777063070.516,170.516,0.92,0.93,0.07,0.08,0.01,0.01,77651.16,1777063069000
1777063070.871,170.871,0.92,0.93,0.07,0.08,0.01,0.01,77651.16,1777063069000
1777063071.285,171.285,0.92,0.93,0.07,0.08,0.01,0.01,77651.16,1777063069000
1777063071.821,171.821,0.92,0.93,0.07,0.08,0.01,0.01,77651.52,1777063070000
1777063072.221,172.221,0.92,0.93,0.07,0.08,0.01,0.01,77651.14,1777063071000
1777063073.389,173.389,0.92,0.93,0.07,0.08,0.01,0.01,77651.22,1777063072000
1777063073.775,173.775,0.92,0.93,0.07,0.08,0.01,0.01,77651.22,1777063072000
1777063074.2,174.2,0.92,0.93,0.07,0.08,0.01,0.01,77650.51,1777063073000
1777063074.697,174.697,0.92,0.93,0.07,0.08,0.01,0.01,77650.51,1777063073000
1777063075.07,175.07,0.92,0.93,0.07,0.08,0.01,0.01,77650.51,1777063073000
1777063076.337,176.337,0.92,0.93,0.07,0.08,0.01,0.01,77651.01,1777063074000
1777063076.786,176.786,0.92,0.93,0.07,0.08,0.01,0.01,77650.55,1777063075000
1777063077.204,177.204,0.93,0.94,0.06,0.07,0.01,0.01,77650.55,1777063075000
1777063077.654,177.654,0.93,0.94,0.06,0.07,0.01,0.01,77650.55,1777063076000
1777063078.272,178.272,0.93,0.94,0.06,0.07,0.01,0.01,77650.98,1777063077000
1777063078.825,178.825,0.93,0.94,0.06,0.07,0.01,0.01,77650.98,1777063077000
1777063079.697,179.697,0.93,0.94,0.06,0.07,0.01,0.01,77650.98,1777063077000
1777063080.47,180.47,0.93,0.94,0.06,0.07,0.01,0.01,77650.98,1777063077000
1777063080.808,180.808,0.94,0.96,0.05,0.06,0.02,0.01,77650.98,1777063077000
1777063081.151,181.151,0.94,0.96,0.04,0.06,0.02,0.02,77650.98,1777063077000
1777063081.549,181.549,0.95,0.96,0.04,0.06,0.01,0.02,77650.98,1777063077000
1777063081.918,181.918,0.95,0.96,0.04,0.05,0.01,0.01,77650.98,1777063077000
1777063082.258,182.258,0.95,0.96,0.04,0.05,0.01,0.01,77650.98,1777063077000
1777063082.68,182.68,0.95,0.96,0.04,0.05,0.01,0.01,77650.98,1777063077000
1777063083.183,183.183,0.95,0.96,0.04,0.05,0.01,0.01,77650.98,1777063077000
1777063083.543,183.543,0.95,0.96,0.04,0.05,0.01,0.01,77650.98,1777063077000
1777063083.968,183.968,0.95,0.96,0.04,0.05,0.01,0.01,77650.98,1777063077000
1777063086.334,186.334,0.95,0.96,0.04,0.05,0.01,0.01,77665.55,1777063085000
1777063086.758,186.758,0.95,0.96,0.04,0.05,0.01,0.01,77665.55,1777063085000
1777063087.107,187.107,0.95,0.96,0.04,0.05,0.01,0.01,77665.55,1777063085000
1777063087.556,187.556,0.95,0.96,0.04,0.05,0.01,0.01,77665.36,1777063086000
1777063087.987,187.987,0.95,0.96,0.04,0.05,0.01,0.01,77662.55,1777063087000
1777063088.583,188.583,0.95,0.96,0.04,0.05,0.01,0.01,77662.55,1777063087000
1777063088.957,188.957,0.95,0.96,0.04,0.05,0.01,0.01,77662.55,1777063087000
1777063089.356,189.356,0.95,0.96,0.04,0.05,0.01,0.01,77663.92,1777063088000
1777063089.895,189.895,0.95,0.96,0.04,0.05,0.01,0.01,77663.92,1777063088000
1777063090.311,190.311,0.95,0.96,0.04,0.05,0.01,0.01,77664.03,1777063089000
1777063090.739,190.739,0.95,0.96,0.04,0.05,0.01,0.01,77664.03,1777063089000
1777063091.33,191.33,0.95,0.96,0.04,0.05,0.01,0.01,77664.03,1777063089000
1777063091.697,191.697,0.95,0.96,0.04,0.05,0.01,0.01,77664.21,1777063090000
1777063092.071,192.071,0.95,0.96,0.04,0.05,0.01,0.01,77664.21,1777063090000
1777063092.594,192.594,0.95,0.96,0.04,0.05,0.01,0.01,77666.41,1777063091000
1777063092.932,192.932,0.95,0.96,0.04,0.05,0.01,0.01,77666.41,1777063091000
1777063093.295,193.295,0.95,0.96,0.04,0.05,0.01,0.01,77665.78,1777063092000
1777063093.756,193.756,0.96,0.97,0.03,0.05,0.01,0.02,77665.78,1777063092000
1777063094.305,194.305,0.96,0.97,0.03,0.04,0.01,0.01,77665.78,1777063092000
1777063094.788,194.788,0.96,0.97,0.03,0.04,0.01,0.01,77665.78,1777063092000
1777063095.21,195.21,0.96,0.97,0.03,0.04,0.01,0.01,77662.47,1777063094000
1777063095.583,195.583,0.96,0.97,0.03,0.04,0.01,0.01,77662.47,1777063094000
1777063095.942,195.942,0.96,0.97,0.03,0.04,0.01,0.01,77662.47,1777063094000
1777063096.374,196.374,0.96,0.97,0.03,0.04,0.01,0.01,77662.78,1777063095000
1777063097.12,197.12,0.96,0.97,0.03,0.04,0.01,0.01,77662.78,1777063095000
1777063097.475,197.475,0.96,0.97,0.03,0.04,0.01,0.01,77663.18,1777063096000
1777063097.906,197.906,0.96,0.97,0.03,0.04,0.01,0.01,77663.18,1777063096000
1777063098.274,198.274,0.97,0.98,0.03,0.04,0.01,0.01,77663.18,1777063096000
1777063098.712,198.712,0.97,0.98,0.02,0.03,0.01,0.01,77663.28,1777063097000
1777063099.283,199.283,0.97,0.98,0.02,0.03,0.01,0.01,77662.86,1777063098000
1777063099.625,199.625,0.97,0.98,0.02,0.03,0.01,0.01,77662.86,1777063098000
1777063099.971,199.971,0.97,0.98,0.02,0.03,0.01,0.01,77662.86,1777063099000
1777063100.447,200.447,0.97,0.98,0.02,0.03,0.01,0.01,77662.86,1777063099000
1777063100.983,200.983,0.97,0.98,0.02,0.03,0.01,0.01,77662.71,1777063100000
1777063101.397,201.397,0.97,0.98,0.02,0.03,0.01,0.01,77662.71,1777063100000
1777063101.911,201.911,0.97,0.98,0.02,0.03,0.01,0.01,77662.71,1777063100000
1777063102.265,202.265,0.97,0.98,0.02,0.03,0.01,0.01,77661.32,1777063101000
1777063102.939,202.939,0.97,0.98,0.02,0.03,0.01,0.01,77661.32,1777063101000
1777063103.289,203.289,0.97,0.98,0.02,0.03,0.01,0.01,77661.31,1777063102000
1777063103.63,203.63,0.97,0.98,0.02,0.03,0.01,0.01,77661.31,1777063102000
1777063103.996,203.996,0.97,0.98,0.02,0.03,0.01,0.01,77661.31,1777063103000
1777063104.546,204.546,0.97,0.98,0.02,0.03,0.01,0.01,77661.31,1777063103000
1777063105.096,205.096,0.97,0.98,0.02,0.03,0.01,0.01,77661.32,1777063104000
1777063105.455,205.455,0.97,0.98,0.02,0.03,0.01,0.01,77661.32,1777063104000
1777063105.848,205.848,0.97,0.98,0.02,0.03,0.01,0.01,77661.32,1777063104000
1777063106.266,206.266,0.97,0.98,0.02,0.03,0.01,0.01,77662.85,1777063105000
1777063107.221,207.221,0.97,0.98,0.02,0.03,0.01,0.01,77662.85,1777063105000
1777063107.58,207.58,0.97,0.98,0.02,0.03,0.01,0.01,77662.69,1777063106000
1777063108.382,208.382,0.97,0.98,0.02,0.03,0.01,0.01,77662.69,1777063106000
1777063108.762,208.762,0.97,0.98,0.02,0.03,0.01,0.01,77662.88,1777063107000
1777063109.294,209.294,0.97,0.98,0.02,0.03,0.01,0.01,77662.65,1777063108000
1777063109.695,209.695,0.97,0.98,0.02,0.03,0.01,0.01,77662.65,1777063108000
1777063110.316,210.316,0.97,0.98,0.02,0.03,0.01,0.01,77662.62,1777063109000
1777063110.817,210.817,0.97,0.98,0.02,0.03,0.01,0.01,77662.62,1777063109000
1777063111.358,211.358,0.97,0.98,0.02,0.03,0.01,0.01,77660.84,1777063110000
1777063111.877,211.877,0.97,0.98,0.02,0.03,0.01,0.01,77660.84,1777063110000
1777063112.244,212.244,0.97,0.98,0.02,0.03,0.01,0.01,77660.42,1777063111000
1777063112.74,212.74,0.97,0.98,0.02,0.03,0.01,0.01,77660.42,1777063111000
1777063113.081,213.081,0.97,0.98,0.02,0.03,0.01,0.01,77660.37,1777063112000
1777063113.485,213.485,0.97,0.98,0.02,0.03,0.01,0.01,77660.37,1777063112000
1777063113.839,213.839,0.97,0.98,0.02,0.04,0.01,0.02,77660.37,1777063112000
1777063114.44,214.44,0.97,0.98,0.02,0.03,0.01,0.01,77657.64,1777063113000
1777063114.779,214.779,0.97,0.98,0.02,0.03,0.01,0.01,77657.64,1777063113000
1777063115.116,215.116,0.97,0.98,0.02,0.03,0.01,0.01,77657.64,1777063113000
1777063115.477,215.477,0.97,0.98,0.02,0.03,0.01,0.01,77656.21,1777063114000
1777063115.927,215.927,0.97,0.98,0.02,0.03,0.01,0.01,77656.21,1777063114000
1777063116.301,216.301,0.97,0.98,0.02,0.03,0.01,0.01,77656.21,1777063114000
1777063116.695,216.695,0.97,0.98,0.02,0.03,0.01,0.01,77654.63,1777063115000
1777063117.084,217.084,0.97,0.98,0.02,0.03,0.01,0.01,77656.26,1777063116000
1777063117.54,217.54,0.97,0.98,0.02,0.03,0.01,0.01,77656.26,1777063116000
1777063118.269,218.269,0.97,0.98,0.02,0.03,0.01,0.01,77658.38,1777063117000
1777063118.639,218.639,0.97,0.98,0.02,0.03,0.01,0.01,77658.38,1777063117000
1777063119.031,219.031,0.97,0.98,0.02,0.03,0.01,0.01,77658.38,1777063117000
1777063119.405,219.405,0.97,0.98,0.02,0.03,0.01,0.01,77658.38,1777063117000
1777063119.807,219.807,0.97,0.98,0.02,0.03,0.01,0.01,77661.07,1777063118000
1777063120.146,220.146,0.97,0.98,0.02,0.03,0.01,0.01,77661.07,1777063119000
1777063120.483,220.483,0.97,0.98,0.02,0.03,0.01,0.01,77661.07,1777063119000
1777063121.407,221.407,0.97,0.98,0.02,0.03,0.01,0.01,77661.07,1777063119000
1777063121.885,221.885,0.97,0.98,0.02,0.03,0.01,0.01,77659.94,1777063120000
1777063122.3,222.3,0.96,0.98,0.02,0.03,0.02,0.01,77659.94,1777063121000
1777063122.965,222.965,0.97,0.98,0.02,0.03,0.01,0.01,77659.98,1777063122000
1777063123.368,223.368,0.97,0.99,0.02,0.03,0.02,0.01,77659.98,1777063122000
1777063123.716,223.716,0.98,0.99,0.01,0.02,0.01,0.01,77659.98,1777063122000
1777063124.131,224.131,0.98,0.99,0.01,0.02,0.01,0.01,77659.98,1777063123000
1777063124.591,224.591,0.98,0.99,0.01,0.02,0.01,0.01,77659.98,1777063123000
1777063124.929,224.929,0.98,0.99,0.01,0.02,0.01,0.01,77659.98,1777063123000
1777063125.329,225.329,0.98,0.99,0.01,0.02,0.01,0.01,77659.57,1777063124000
1777063125.756,225.756,0.98,0.99,0.01,0.02,0.01,0.01,77659.57,1777063124000
1777063126.11,226.11,0.98,0.99,0.01,0.02,0.01,0.01,77659.55,1777063125000
1777063127.001,227.001,0.98,0.99,0.01,0.02,0.01,0.01,77659.54,1777063126000
1777063127.406,227.406,0.98,0.99,0.01,0.02,0.01,0.01,77659.54,1777063126000
1777063127.979,227.979,0.98,0.99,0.01,0.02,0.01,0.01,77659.54,1777063126000
1777063128.643,228.643,0.98,0.99,0.01,0.02,0.01,0.01,77659.54,1777063127000
1777063129.001,229.001,0.98,0.99,0.01,0.02,0.01,0.01,77659.54,1777063127000
1777063129.394,229.394,0.98,0.99,0.01,0.02,0.01,0.01,77660.15,1777063128000
1777063130.173,230.173,0.98,0.99,0.01,0.02,0.01,0.01,77658.89,1777063129000
1777063130.513,230.513,0.98,0.99,0.01,0.02,0.01,0.01,77658.89,1777063129000
1777063130.899,230.899,0.98,0.99,0.01,0.02,0.01,0.01,77658.89,1777063129000
1777063131.323,231.323,0.98,0.99,0.01,0.02,0.01,0.01,77658.12,1777063130000
1777063131.759,231.759,0.98,0.99,0.01,0.02,0.01,0.01,77658.12,1777063130000
1777063132.136,232.136,0.98,0.99,0.01,0.02,0.01,0.01,77658.12,1777063130000
1777063132.59,232.59,0.98,0.99,0.01,0.02,0.01,0.01,77658.12,1777063131000
1777063133.474,233.474,0.98,0.99,0.01,0.02,0.01,0.01,77657.62,1777063132000
1777063134.262,234.262,0.98,0.99,0.01,0.02,0.01,0.01,77657.62,1777063133000
1777063134.687,234.687,0.98,0.99,0.01,0.02,0.01,0.01,77657.62,1777063133000
1777063135.313,235.313,0.98,0.99,0.01,0.02,0.01,0.01,77657.62,1777063133000
1777063135.689,235.689,0.98,0.99,0.01,0.02,0.01,0.01,77657.62,1777063134000
1777063136.218,236.218,0.98,0.99,0.01,0.02,0.01,0.01,77657.45,1777063135000
1777063136.671,236.671,0.98,0.99,0.01,0.02,0.01,0.01,77657.45,1777063135000
1777063137.178,237.178,0.98,0.99,0.01,0.02,0.01,0.01,77657.5,1777063136000
1777063138.028,238.028,0.98,0.99,0.01,0.02,0.01,0.01,77657.5,1777063137000
1777063138.394,238.394,0.98,0.99,0.01,0.02,0.01,0.01,77657.5,1777063137000
1777063138.927,238.927,0.98,0.99,0.01,0.02,0.01,0.01,77657.5,1777063137000
1777063139.732,239.732,0.98,0.99,0.01,0.02,0.01,0.01,77657.17,1777063138000
1777063140.182,240.182,0.98,0.99,0.01,0.02,0.01,0.01,77657.52,1777063139000
1777063140.527,240.527,0.98,0.99,0.01,0.02,0.01,0.01,77657.52,1777063139000
1777063141.187,241.187,0.99,0.99,0.01,0.01,0.0,0.0,77661.87,1777063140000
1777063141.764,241.764,0.99,0.99,0.01,0.01,0.0,0.0,77661.87,1777063140000
1777063142.101,242.101,0.99,0.99,0.01,0.01,0.0,0.0,77661.87,1777063140000
1777063142.684,242.684,0.99,0.99,0.01,0.01,0.0,0.0,77664.18,1777063141000
1777063143.241,243.241,0.99,0.99,0.01,0.01,0.0,0.0,77665.63,1777063142000
1777063143.828,243.828,0.99,0.99,0.01,0.01,0.0,0.0,77665.63,1777063142000
1777063144.3,244.3,0.99,0.99,0.01,0.01,0.0,0.0,77668.51,1777063143000
1777063145.46,245.46,0.99,0.99,0.01,0.01,0.0,0.0,77670.28,1777063144000
1777063146.055,246.055,0.99,0.99,0.01,0.01,0.0,0.0,77671.07,1777063145000
1777063147.301,247.301,0.99,0.99,0.01,0.01,0.0,0.0,77671.06,1777063146000
1777063148.122,248.122,0.99,0.99,0.01,0.01,0.0,0.0,77671.26,1777063147000
1777063149.1,249.1,0.99,0.99,0.01,0.01,0.0,0.0,77671.26,1777063147000
1777063150.388,250.388,0.99,0.99,0.01,0.01,0.0,0.0,77667.37,1777063149000
1777063150.974,250.974,0.99,0.99,0.01,0.01,0.0,0.0,77667.37,1777063150000
1777063151.84,251.84,0.99,0.99,0.01,0.01,0.0,0.0,77667.37,1777063150000
1777063153.249,253.249,0.99,0.99,0.01,0.01,0.0,0.0,77667.62,1777063152000
1777063153.59,253.59,0.99,0.99,0.01,0.01,0.0,0.0,77667.62,1777063152000
1777063153.974,253.974,0.99,0.99,0.01,0.01,0.0,0.0,77667.62,1777063152000
1777063154.392,254.392,0.99,0.99,0.01,0.01,0.0,0.0,77668.61,1777063153000
1777063154.955,254.955,0.99,0.99,0.01,0.01,0.0,0.0,77668.33,1777063154000
1777063156.113,256.113,0.99,0.99,0.01,0.01,0.0,0.0,77668.79,1777063155000
1777063157.159,257.159,0.99,0.99,0.01,0.01,0.0,0.0,77668.72,1777063156000
1777063158.212,258.212,0.99,0.99,0.01,0.01,0.0,0.0,77668.72,1777063157000
1777063158.73,258.73,0.99,0.99,0.01,0.01,0.0,0.0,77668.72,1777063157000
1777063159.253,259.253,0.99,0.99,0.01,0.01,0.0,0.0,77665.87,1777063158000
1777063159.992,259.992,0.99,0.99,0.01,0.01,0.0,0.0,77665.87,1777063158000
1777063160.382,260.382,0.99,0.99,0.01,0.01,0.0,0.0,77663.55,1777063159000
1777063161.044,261.044,0.99,0.99,0.01,0.01,0.0,0.0,77663.36,1777063160000
1777063162.998,262.998,0.99,0.99,0.01,0.01,0.0,0.0,77667.19,1777063161000
1777063163.47,263.47,0.99,0.99,0.01,0.01,0.0,0.0,77668.46,1777063162000
1777063163.939,263.939,0.99,0.99,0.01,0.01,0.0,0.0,77668.46,1777063163000
1777063165.028,265.028,0.99,0.99,0.01,0.01,0.0,0.0,77670.73,1777063164000
1777063166.23,266.23,0.99,0.99,0.01,0.01,0.0,0.0,77669.75,1777063165000
1777063167.255,267.255,0.99,0.99,0.01,0.01,0.0,0.0,77669.47,1777063166000
1777063168.371,268.371,0.99,0.99,0.01,0.01,0.0,0.0,77669.39,1777063167000
1777063168.978,268.978,0.99,0.99,0.01,0.01,0.0,0.0,77669.44,1777063168000
1777063170.163,270.163,0.99,0.99,0.01,0.01,0.0,0.0,77669.42,1777063169000
1777063170.941,270.941,0.99,0.99,0.01,0.01,0.0,0.0,77669.42,1777063169000
1777063172.383,272.383,0.99,0.99,0.01,0.01,0.0,0.0,77669.6,1777063171000
1777063172.964,272.964,0.99,0.99,0.01,0.01,0.0,0.0,77669.7,1777063172000
1777063173.671,273.671,0.99,0.99,0.01,0.01,0.0,0.0,77669.7,1777063172000
1777063174.22,274.22,0.99,0.99,0.01,0.01,0.0,0.0,77669.19,1777063173000
1777063175.4,275.4,0.99,0.99,0.01,0.01,0.0,0.0,77669.25,1777063174000
1777063176.379,276.379,0.99,0.99,0.01,0.01,0.0,0.0,77670.54,1777063175000
1777063177.693,277.693,0.99,0.99,0.01,0.01,0.0,0.0,77670.57,1777063176000
1777063178.24,278.24,0.99,0.99,0.01,0.01,0.0,0.0,77672.95,1777063177000
1777063179.077,279.077,0.99,0.99,0.01,0.01,0.0,0.0,77672.95,1777063177000
1777063179.525,279.525,0.99,0.99,0.01,0.01,0.0,0.0,77668.62,1777063178000
1777063180.024,280.024,0.99,0.99,0.01,0.01,0.0,0.0,77672.31,1777063179000
1777063181.53,281.53,0.99,0.99,0.01,0.01,0.0,0.0,77666.92,1777063180000
1777063182.028,282.028,0.99,0.99,0.01,0.01,0.0,0.0,77667.23,1777063181000
1777063183.161,283.161,0.99,0.99,0.01,0.01,0.0,0.0,77668.26,1777063182000
1777063184.648,284.648,0.99,0.99,0.01,0.01,0.0,0.0,77669.45,1777063183000
1777063185.156,285.156,0.99,0.99,0.01,0.01,0.0,0.0,77667.35,1777063184000
1777063186.295,286.295,0.99,0.99,0.01,0.01,0.0,0.0,77668.71,1777063185000
1777063187.05,287.05,0.99,0.99,0.01,0.01,0.0,0.0,77668.71,1777063186000
1777063188.115,288.115,0.99,0.99,0.01,0.01,0.0,0.0,77669.22,1777063187000
1777063189.284,289.284,0.99,0.99,0.01,0.01,0.0,0.0,77669.38,1777063188000
1777063190.466,290.466,0.99,0.99,0.01,0.01,0.0,0.0,77669.86,1777063189000
1777063190.963,290.963,0.99,0.99,0.01,0.01,0.0,0.0,77668.09,1777063190000
1777063192.18,292.18,0.99,0.99,0.01,0.01,0.0,0.0,77664.84,1777063191000
1777063193.659,293.659,0.99,0.99,0.01,0.01,0.0,0.0,77664.84,1777063191000
1777063194.069,294.069,0.99,0.99,0.01,0.01,0.0,0.0,77668.62,1777063192000
1777063194.719,294.719,0.99,0.99,0.01,0.01,0.0,0.0,77664.82,1777063193000
1777063195.373,295.373,0.99,0.99,0.01,0.01,0.0,0.0,77668.71,1777063194000
1777063196.049,296.049,0.99,0.99,0.01,0.01,0.0,0.0,77668.9,1777063195000
1777063197.277,297.277,0.99,0.99,0.01,0.01,0.0,0.0,77673.6,1777063196000
1777063198.539,298.539,0.99,0.99,0.01,0.01,0.0,0.0,77674.56,1777063197000
1777063198.922,298.922,0.99,0.99,0.01,0.01,0.0,0.0,77674.56,1777063197000
1777063200.221,300.221,0.99,0.99,0.01,0.01,0.0,0.0,77674.74,1777063199000
1777063200.725,300.725,0.99,0.99,0.01,0.01,0.0,0.0,77674.74,1777063199000

# RESULT,winner=Up,slug=btc-updown-5m-1777062900,ticks=572
