timestamp,elapsed_sec,up_bid,up_ask,down_bid,down_ask,up_spread,down_spread,btc_price,btc_oracle_ts
1775945700.547,0.547,0.49,0.5,0.5,0.51,0.01,0.01,73526.58,1775945699000
1775945700.973,0.973,0.49,0.5,0.5,0.51,0.01,0.01,73526.58,1775945699000
1775945701.33,1.33,0.49,0.5,0.5,0.51,0.01,0.01,73526.59,1775945700000
1775945701.695,1.695,0.49,0.5,0.5,0.51,0.01,0.01,73526.59,1775945700000
1775945702.112,2.112,0.49,0.5,0.5,0.51,0.01,0.01,73526.59,1775945700000
1775945702.912,2.912,0.49,0.5,0.5,0.51,0.01,0.01,73526.59,1775945701000
1775945703.252,3.252,0.49,0.5,0.5,0.51,0.01,0.01,73525.7,1775945702000
1775945703.646,3.646,0.5,0.52,0.48,0.5,0.02,0.02,73525.7,1775945702000
1775945704.204,4.204,0.51,0.52,0.48,0.49,0.01,0.01,73525.7,1775945702000
1775945704.639,4.639,0.49,0.51,0.49,0.5,0.02,0.01,73526.58,1775945703000
1775945705.277,5.277,0.49,0.5,0.49,0.5,0.01,0.01,73526.58,1775945703000
1775945705.639,5.639,0.48,0.49,0.5,0.52,0.01,0.02,73526.58,1775945704000
1775945706.012,6.012,0.46,0.47,0.53,0.54,0.01,0.01,73526.58,1775945704000
1775945706.43,6.43,0.45,0.47,0.53,0.54,0.02,0.01,73525.85,1775945705000
1775945706.858,6.858,0.46,0.47,0.53,0.54,0.01,0.01,73525.85,1775945705000
1775945707.324,7.324,0.45,0.46,0.54,0.55,0.01,0.01,73525.39,1775945706000
1775945707.961,7.961,0.45,0.46,0.54,0.55,0.01,0.01,73525.39,1775945706000
1775945708.314,8.314,0.45,0.46,0.54,0.55,0.01,0.01,73525.39,1775945706000
1775945708.87,8.87,0.45,0.46,0.54,0.55,0.01,0.01,73523.83,1775945707000
1775945709.264,9.264,0.45,0.46,0.54,0.55,0.01,0.01,73523.46,1775945708000
1775945709.841,9.841,0.45,0.46,0.54,0.55,0.01,0.01,73523.46,1775945708000
1775945710.222,10.222,0.39,0.4,0.6,0.61,0.01,0.01,73523.46,1775945708000
1775945710.556,10.556,0.34,0.36,0.64,0.65,0.02,0.01,73523.49,1775945709000
1775945710.908,10.908,0.33,0.34,0.66,0.67,0.01,0.01,73523.49,1775945709000
1775945711.247,11.247,0.32,0.33,0.67,0.68,0.01,0.01,73523.3,1775945710000
1775945711.606,11.606,0.32,0.34,0.67,0.68,0.02,0.01,73523.3,1775945710000
1775945711.989,11.989,0.33,0.34,0.66,0.68,0.01,0.02,73523.3,1775945710000
1775945712.384,12.384,0.34,0.35,0.66,0.67,0.01,0.01,73518.22,1775945711000
1775945712.75,12.75,0.33,0.34,0.66,0.67,0.01,0.01,73518.22,1775945711000
1775945713.113,13.113,0.34,0.35,0.65,0.66,0.01,0.01,73518.22,1775945711000
1775945713.514,13.514,0.31,0.32,0.67,0.7,0.01,0.03,73509.66,1775945712000
1775945713.905,13.905,0.29,0.3,0.69,0.71,0.01,0.02,73509.66,1775945712000
1775945714.29,14.29,0.28,0.29,0.71,0.72,0.01,0.01,73509.43,1775945713000
1775945714.635,14.635,0.28,0.29,0.71,0.72,0.01,0.01,73509.43,1775945713000
1775945714.977,14.977,0.28,0.29,0.71,0.72,0.01,0.01,73509.43,1775945713000
1775945715.347,15.347,0.28,0.29,0.71,0.72,0.01,0.01,73508.59,1775945714000
1775945715.844,15.844,0.28,0.3,0.71,0.72,0.02,0.01,73508.59,1775945714000
1775945716.228,16.228,0.29,0.3,0.7,0.71,0.01,0.01,73506.61,1775945715000
1775945716.623,16.623,0.29,0.3,0.7,0.71,0.01,0.01,73506.61,1775945715000
1775945716.956,16.956,0.29,0.31,0.7,0.71,0.02,0.01,73506.61,1775945715000
1775945717.309,17.309,0.29,0.3,0.7,0.71,0.01,0.01,73506.61,1775945715000
1775945717.659,17.659,0.29,0.3,0.7,0.71,0.01,0.01,73504.65,1775945716000
1775945718.093,18.093,0.29,0.3,0.7,0.71,0.01,0.01,73504.65,1775945716000
1775945718.567,18.567,0.27,0.3,0.7,0.72,0.03,0.02,73504.57,1775945717000
1775945719.026,19.026,0.29,0.3,0.7,0.71,0.01,0.01,73504.39,1775945718000
1775945719.371,19.371,0.29,0.3,0.7,0.71,0.01,0.01,73504.39,1775945718000
1775945719.798,19.798,0.29,0.3,0.7,0.71,0.01,0.01,73504.39,1775945718000
1775945720.207,20.207,0.3,0.31,0.69,0.7,0.01,0.01,73504.17,1775945719000
1775945720.553,20.553,0.3,0.31,0.69,0.7,0.01,0.01,73504.17,1775945719000
1775945720.886,20.886,0.3,0.31,0.69,0.7,0.01,0.01,73504.17,1775945719000
1775945721.272,21.272,0.3,0.31,0.69,0.7,0.01,0.01,73504.17,1775945720000
1775945721.619,21.619,0.31,0.32,0.68,0.7,0.01,0.02,73504.17,1775945720000
1775945721.963,21.963,0.3,0.31,0.69,0.7,0.01,0.01,73504.17,1775945720000
1775945722.489,22.489,0.3,0.32,0.68,0.69,0.02,0.01,73504.49,1775945721000
1775945722.885,22.885,0.3,0.31,0.69,0.7,0.01,0.01,73504.49,1775945721000
1775945723.247,23.247,0.3,0.32,0.69,0.7,0.02,0.01,73505.59,1775945722000
1775945723.609,23.609,0.31,0.32,0.68,0.69,0.01,0.01,73505.59,1775945722000
1775945723.957,23.957,0.32,0.33,0.67,0.68,0.01,0.01,73505.73,1775945723000
1775945724.29,24.29,0.3,0.31,0.68,0.7,0.01,0.02,73505.73,1775945723000
1775945724.751,24.751,0.3,0.32,0.69,0.7,0.02,0.01,73505.73,1775945723000
1775945725.288,25.288,0.29,0.31,0.69,0.72,0.02,0.03,73505.73,1775945724000
1775945725.639,25.639,0.3,0.31,0.69,0.7,0.01,0.01,73505.73,1775945724000
1775945726.001,26.001,0.3,0.31,0.69,0.7,0.01,0.01,73505.39,1775945725000
1775945726.598,26.598,0.3,0.31,0.69,0.7,0.01,0.01,73505.39,1775945725000
1775945727.069,27.069,0.28,0.31,0.69,0.72,0.03,0.03,73505.31,1775945726000
1775945727.449,27.449,0.29,0.31,0.7,0.71,0.02,0.01,73505.31,1775945726000
1775945727.965,27.965,0.3,0.31,0.69,0.7,0.01,0.01,73505.31,1775945726000
1775945728.31,28.31,0.3,0.31,0.68,0.7,0.01,0.02,73504.82,1775945727000
1775945728.705,28.705,0.3,0.31,0.69,0.7,0.01,0.01,73504.82,1775945727000
1775945729.225,29.225,0.29,0.3,0.7,0.71,0.01,0.01,73504.96,1775945728000
1775945729.666,29.666,0.29,0.3,0.7,0.71,0.01,0.01,73504.96,1775945728000
1775945730.023,30.023,0.29,0.3,0.7,0.71,0.01,0.01,73504.96,1775945728000
1775945730.401,30.401,0.29,0.3,0.7,0.71,0.01,0.01,73505,1775945729000
1775945730.767,30.767,0.29,0.3,0.7,0.71,0.01,0.01,73505,1775945729000
1775945731.126,31.126,0.29,0.3,0.7,0.71,0.01,0.01,73505,1775945729000
1775945731.695,31.695,0.3,0.31,0.69,0.7,0.01,0.01,73505,1775945730000
1775945732.041,32.041,0.3,0.31,0.69,0.7,0.01,0.01,73505,1775945730000
1775945732.392,32.392,0.3,0.31,0.69,0.71,0.01,0.02,73504.48,1775945731000
1775945732.763,32.763,0.27,0.31,0.7,0.71,0.04,0.01,73504.48,1775945731000
1775945733.105,33.105,0.29,0.3,0.7,0.71,0.01,0.01,73504.48,1775945731000
1775945733.523,33.523,0.3,0.31,0.69,0.7,0.01,0.01,73504.41,1775945732000
1775945734.106,34.106,0.3,0.31,0.69,0.7,0.01,0.01,73504.41,1775945732000
1775945734.447,34.447,0.29,0.3,0.69,0.71,0.01,0.02,73504.41,1775945733000
1775945734.827,34.827,0.29,0.31,0.68,0.7,0.02,0.02,73504.41,1775945733000
1775945735.174,35.174,0.3,0.31,0.69,0.71,0.01,0.02,73504.41,1775945733000
1775945735.553,35.553,0.3,0.31,0.69,0.7,0.01,0.01,73504.29,1775945734000
1775945736.173,36.173,0.3,0.31,0.69,0.7,0.01,0.01,73504.29,1775945734000
1775945736.664,36.664,0.28,0.31,0.69,0.7,0.03,0.01,73504.17,1775945735000
1775945737.027,37.027,0.28,0.29,0.71,0.72,0.01,0.01,73504.17,1775945735000
1775945737.364,37.364,0.28,0.29,0.71,0.72,0.01,0.01,73504.26,1775945736000
1775945737.752,37.752,0.28,0.29,0.71,0.72,0.01,0.01,73504.26,1775945736000
1775945738.217,38.217,0.3,0.34,0.68,0.7,0.04,0.02,73504.26,1775945736000
1775945738.642,38.642,0.32,0.33,0.67,0.69,0.01,0.02,73504.13,1775945737000
1775945739.041,39.041,0.31,0.32,0.68,0.69,0.01,0.01,73504.41,1775945738000
1775945739.412,39.412,0.3,0.31,0.68,0.69,0.01,0.01,73504.41,1775945738000
1775945739.754,39.754,0.3,0.31,0.69,0.7,0.01,0.01,73504.41,1775945738000
1775945740.151,40.151,0.3,0.31,0.69,0.7,0.01,0.01,73504.41,1775945739000
1775945740.484,40.484,0.28,0.31,0.69,0.7,0.03,0.01,73504.41,1775945739000
1775945740.833,40.833,0.28,0.29,0.71,0.72,0.01,0.01,73504.41,1775945739000
1775945741.195,41.195,0.29,0.3,0.7,0.71,0.01,0.01,73504.35,1775945740000
1775945741.539,41.539,0.3,0.31,0.69,0.7,0.01,0.01,73504.35,1775945740000
1775945741.953,41.953,0.3,0.31,0.69,0.7,0.01,0.01,73504.22,1775945741000
1775945742.375,42.375,0.3,0.31,0.69,0.7,0.01,0.01,73504.22,1775945741000
1775945742.732,42.732,0.31,0.32,0.66,0.69,0.01,0.03,73504.22,1775945741000
1775945743.114,43.114,0.3,0.31,0.69,0.7,0.01,0.01,73504.18,1775945742000
1775945743.549,43.549,0.3,0.31,0.69,0.7,0.01,0.01,73504.18,1775945742000
1775945743.938,43.938,0.29,0.3,0.7,0.71,0.01,0.01,73504.18,1775945742000
1775945744.278,44.278,0.31,0.32,0.7,0.71,0.01,0.01,73504.36,1775945743000
1775945744.684,44.684,0.31,0.32,0.68,0.69,0.01,0.01,73504.36,1775945743000
1775945745.141,45.141,0.31,0.35,0.68,0.69,0.04,0.01,73504.36,1775945743000
1775945745.518,45.518,0.33,0.35,0.65,0.66,0.02,0.01,73503.9,1775945744000
1775945745.858,45.858,0.33,0.34,0.65,0.67,0.01,0.02,73503.9,1775945744000
1775945746.203,46.203,0.25,0.28,0.72,0.75,0.03,0.03,73503.9,1775945744000
1775945746.635,46.635,0.25,0.26,0.73,0.75,0.01,0.02,73503.9,1775945745000
1775945747.014,47.014,0.24,0.25,0.74,0.76,0.01,0.02,73503.9,1775945745000
1775945747.382,47.382,0.24,0.25,0.75,0.76,0.01,0.01,73503.9,1775945745000
1775945747.807,47.807,0.26,0.27,0.73,0.74,0.01,0.01,73504.16,1775945746000
1775945748.175,48.175,0.27,0.29,0.72,0.73,0.02,0.01,73504.16,1775945746000
1775945748.532,48.532,0.3,0.33,0.67,0.7,0.03,0.03,73500.84,1775945747000
1775945748.93,48.93,0.34,0.35,0.65,0.66,0.01,0.01,73500.84,1775945747000
1775945749.283,49.283,0.34,0.35,0.65,0.66,0.01,0.01,73499.15,1775945748000
1775945749.724,49.724,0.33,0.34,0.66,0.67,0.01,0.01,73499.15,1775945748000
1775945750.393,50.393,0.33,0.34,0.66,0.67,0.01,0.01,73499.15,1775945748000
1775945750.817,50.817,0.32,0.33,0.67,0.68,0.01,0.01,73499.15,1775945748000
1775945751.16,51.16,0.32,0.33,0.67,0.68,0.01,0.01,73504.14,1775945749000
1775945751.751,51.751,0.32,0.33,0.67,0.68,0.01,0.01,73505.9,1775945750000
1775945752.156,52.156,0.32,0.33,0.67,0.68,0.01,0.01,73505.92,1775945751000
1775945752.754,52.754,0.32,0.33,0.67,0.68,0.01,0.01,73505.92,1775945751000
1775945753.147,53.147,0.32,0.33,0.67,0.68,0.01,0.01,73505.92,1775945751000
1775945753.597,53.597,0.31,0.32,0.67,0.69,0.01,0.02,73503.47,1775945752000
1775945754.017,54.017,0.31,0.32,0.68,0.69,0.01,0.01,73504.38,1775945753000
1775945754.356,54.356,0.31,0.32,0.68,0.69,0.01,0.01,73504.38,1775945753000
1775945754.829,54.829,0.31,0.32,0.68,0.69,0.01,0.01,73504.38,1775945753000
1775945755.187,55.187,0.31,0.32,0.68,0.69,0.01,0.01,73504.38,1775945753000
1775945755.737,55.737,0.31,0.32,0.68,0.69,0.01,0.01,73503.72,1775945754000
1775945756.116,56.116,0.31,0.32,0.68,0.69,0.01,0.01,73503.9,1775945755000
1775945756.454,56.454,0.31,0.32,0.68,0.69,0.01,0.01,73503.9,1775945755000
1775945757.343,57.343,0.31,0.32,0.68,0.69,0.01,0.01,73503.9,1775945756000
1775945757.689,57.689,0.31,0.32,0.68,0.69,0.01,0.01,73503.9,1775945756000
1775945758.239,58.239,0.31,0.32,0.68,0.69,0.01,0.01,73504.43,1775945757000
1775945758.582,58.582,0.31,0.32,0.68,0.69,0.01,0.01,73504.43,1775945757000
1775945758.958,58.958,0.32,0.33,0.67,0.68,0.01,0.01,73504.43,1775945757000
1775945759.517,59.517,0.32,0.33,0.67,0.68,0.01,0.01,73505.03,1775945758000
1775945759.985,59.985,0.32,0.33,0.67,0.68,0.01,0.01,73505.03,1775945758000
1775945760.318,60.318,0.32,0.33,0.67,0.68,0.01,0.01,73505.03,1775945758000
1775945760.681,60.681,0.32,0.33,0.67,0.68,0.01,0.01,73504.08,1775945759000
1775945761.14,61.14,0.32,0.33,0.67,0.68,0.01,0.01,73504.08,1775945760000
1775945761.528,61.528,0.32,0.33,0.67,0.68,0.01,0.01,73504.08,1775945760000
1775945761.865,61.865,0.32,0.33,0.67,0.68,0.01,0.01,73504.08,1775945760000
1775945762.224,62.224,0.31,0.32,0.68,0.69,0.01,0.01,73504.08,1775945760000
1775945762.867,62.867,0.31,0.32,0.68,0.69,0.01,0.01,73504.25,1775945761000
1775945763.346,63.346,0.31,0.32,0.68,0.69,0.01,0.01,73504.49,1775945762000
1775945763.747,63.747,0.3,0.31,0.69,0.7,0.01,0.01,73504.49,1775945762000
1775945764.327,64.327,0.3,0.31,0.69,0.7,0.01,0.01,73504.49,1775945762000
1775945764.901,64.901,0.3,0.31,0.69,0.7,0.01,0.01,73504.37,1775945763000
1775945765.398,65.398,0.3,0.31,0.68,0.7,0.01,0.02,73504.37,1775945763000
1775945765.983,65.983,0.3,0.31,0.69,0.7,0.01,0.01,73503.91,1775945765000
1775945766.461,66.461,0.3,0.31,0.69,0.7,0.01,0.01,73503.91,1775945765000
1775945766.99,66.99,0.3,0.31,0.69,0.7,0.01,0.01,73504.1,1775945766000
1775945767.738,67.738,0.31,0.32,0.68,0.69,0.01,0.01,73504.1,1775945766000
1775945768.183,68.183,0.31,0.32,0.68,0.7,0.01,0.02,73504.25,1775945767000
1775945768.797,68.797,0.31,0.32,0.68,0.69,0.01,0.01,73504.25,1775945767000
1775945769.158,69.158,0.31,0.32,0.68,0.69,0.01,0.01,73504.32,1775945768000
1775945769.78,69.78,0.32,0.33,0.67,0.68,0.01,0.01,73504.32,1775945768000
1775945770.172,70.172,0.35,0.36,0.64,0.65,0.01,0.01,73504.34,1775945769000
1775945770.741,70.741,0.35,0.36,0.64,0.65,0.01,0.01,73504.34,1775945769000
1775945771.092,71.092,0.35,0.36,0.64,0.65,0.01,0.01,73504.36,1775945770000
1775945771.51,71.51,0.35,0.36,0.64,0.65,0.01,0.01,73504.36,1775945770000
1775945771.975,71.975,0.35,0.36,0.64,0.65,0.01,0.01,73506.21,1775945771000
1775945772.328,72.328,0.35,0.36,0.64,0.65,0.01,0.01,73506.21,1775945771000
1775945772.733,72.733,0.35,0.36,0.64,0.65,0.01,0.01,73506.21,1775945771000
1775945773.324,73.324,0.35,0.36,0.64,0.65,0.01,0.01,73507.15,1775945772000
1775945773.738,73.738,0.34,0.35,0.65,0.66,0.01,0.01,73507.15,1775945772000
1775945774.137,74.137,0.35,0.36,0.65,0.66,0.01,0.01,73506.97,1775945773000
1775945774.609,74.609,0.35,0.36,0.64,0.65,0.01,0.01,73506.97,1775945773000
1775945774.982,74.982,0.35,0.36,0.64,0.65,0.01,0.01,73506.99,1775945774000
1775945775.366,75.366,0.35,0.36,0.64,0.65,0.01,0.01,73506.99,1775945774000
1775945775.907,75.907,0.34,0.35,0.65,0.66,0.01,0.01,73507.0,1775945775000
1775945776.265,76.265,0.42,0.45,0.57,0.59,0.03,0.02,73507.0,1775945775000
1775945776.607,76.607,0.51,0.55,0.45,0.49,0.04,0.04,73507.0,1775945775000
1775945776.945,76.945,0.55,0.77,0.24,0.45,0.22,0.21,73507.05,1775945776000
1775945777.283,77.283,0.66,0.83,0.18,0.34,0.17,0.16,73507.05,1775945776000
1775945777.625,77.625,0.56,0.75,0.25,0.3,0.19,0.05,73507.05,1775945776000
1775945777.98,77.98,0.62,0.71,0.31,0.38,0.09,0.07,73534.54,1775945777000
1775945778.342,78.342,0.7,0.72,0.28,0.31,0.02,0.03,73534.54,1775945777000
1775945778.678,78.678,0.69,0.71,0.29,0.31,0.02,0.02,73534.54,1775945777000
1775945779.023,79.023,0.69,0.71,0.29,0.31,0.02,0.02,73566.21,1775945778000
1775945779.39,79.39,0.69,0.7,0.29,0.31,0.01,0.02,73566.21,1775945778000
1775945779.749,79.749,0.69,0.7,0.3,0.31,0.01,0.01,73566.21,1775945778000
1775945780.086,80.086,0.69,0.7,0.3,0.31,0.01,0.01,73566.21,1775945778000
1775945780.466,80.466,0.7,0.71,0.29,0.31,0.01,0.02,73566.21,1775945778000
1775945780.866,80.866,0.72,0.73,0.27,0.28,0.01,0.01,73560.48,1775945779000
1775945781.299,81.299,0.75,0.76,0.22,0.25,0.01,0.03,73560.48,1775945779000
1775945781.634,81.634,0.75,0.76,0.24,0.25,0.01,0.01,73558.47,1775945780000
1775945782.005,82.005,0.73,0.75,0.25,0.27,0.02,0.02,73558.47,1775945780000
1775945782.363,82.363,0.7,0.71,0.29,0.3,0.01,0.01,73558.47,1775945780000
1775945782.707,82.707,0.69,0.7,0.3,0.31,0.01,0.01,73558.47,1775945780000
1775945783.041,83.041,0.68,0.69,0.31,0.32,0.01,0.01,73558.47,1775945780000
1775945783.402,83.402,0.67,0.69,0.31,0.32,0.02,0.01,73562.92,1775945781000
1775945783.843,83.843,0.69,0.7,0.3,0.31,0.01,0.01,73562.92,1775945781000
1775945784.183,84.183,0.69,0.7,0.3,0.31,0.01,0.01,73568,1775945782000
1775945784.638,84.638,0.69,0.7,0.3,0.31,0.01,0.01,73568,1775945782000
1775945785.01,85.01,0.75,0.77,0.18,0.25,0.02,0.07,73567.79,1775945783000
1775945785.402,85.402,0.78,0.79,0.21,0.22,0.01,0.01,73567.79,1775945783000
1775945785.787,85.787,0.78,0.79,0.21,0.22,0.01,0.01,73567.79,1775945783000
1775945786.134,86.134,0.78,0.79,0.21,0.22,0.01,0.01,73556.22,1775945784000
1775945786.469,86.469,0.78,0.79,0.21,0.22,0.01,0.01,73556.22,1775945784000
1775945786.911,86.911,0.78,0.79,0.21,0.22,0.01,0.01,73556.22,1775945784000
1775945787.261,87.261,0.78,0.79,0.21,0.22,0.01,0.01,73556.22,1775945784000
1775945787.623,87.623,0.81,0.82,0.18,0.19,0.01,0.01,73559.04,1775945785000
1775945787.989,87.989,0.81,0.82,0.18,0.19,0.01,0.01,73559.04,1775945785000
1775945788.426,88.426,0.82,0.83,0.17,0.18,0.01,0.01,73559.04,1775945785000
1775945788.761,88.761,0.83,0.84,0.16,0.17,0.01,0.01,73569.03,1775945786000
1775945789.096,89.096,0.83,0.84,0.16,0.17,0.01,0.01,73569.03,1775945786000
1775945789.443,89.443,0.83,0.84,0.16,0.17,0.01,0.01,73569.69,1775945787000
1775945789.785,89.785,0.84,0.85,0.15,0.16,0.01,0.01,73569.69,1775945787000
1775945790.137,90.137,0.84,0.85,0.15,0.16,0.01,0.01,73569.69,1775945787000
1775945790.494,90.494,0.85,0.86,0.14,0.15,0.01,0.01,73570.47,1775945788000
1775945790.843,90.843,0.85,0.86,0.14,0.15,0.01,0.01,73570.47,1775945788000
1775945791.215,91.215,0.85,0.87,0.14,0.15,0.02,0.01,73570.47,1775945788000
1775945791.603,91.603,0.86,0.87,0.13,0.14,0.01,0.01,73570.47,1775945788000
1775945791.954,91.954,0.86,0.87,0.13,0.14,0.01,0.01,73570.47,1775945788000
1775945792.291,92.291,0.87,0.88,0.11,0.14,0.01,0.03,73574.94,1775945789000
1775945792.627,92.627,0.87,0.88,0.12,0.13,0.01,0.01,73574.94,1775945789000
1775945792.966,92.966,0.87,0.88,0.12,0.13,0.01,0.01,73574.94,1775945789000
1775945793.489,93.489,0.88,0.89,0.11,0.12,0.01,0.01,73578.35,1775945790000
1775945793.911,93.911,0.88,0.89,0.11,0.12,0.01,0.01,73578.35,1775945790000
1775945794.323,94.323,0.86,0.87,0.13,0.14,0.01,0.01,73578.35,1775945790000
1775945794.698,94.698,0.84,0.85,0.14,0.15,0.01,0.01,73582.21,1775945791000
1775945795.129,95.129,0.84,0.85,0.15,0.16,0.01,0.01,73582.21,1775945791000
1775945795.478,95.478,0.84,0.85,0.15,0.16,0.01,0.01,73582.21,1775945791000
1775945795.887,95.887,0.84,0.85,0.15,0.16,0.01,0.01,73582.21,1775945791000
1775945796.26,96.26,0.83,0.84,0.16,0.17,0.01,0.01,73584.26,1775945792000
1775945796.604,96.604,0.83,0.84,0.16,0.17,0.01,0.01,73584.26,1775945792000
1775945796.984,96.984,0.81,0.83,0.17,0.18,0.02,0.01,73588.45,1775945793000
1775945797.433,97.433,0.82,0.83,0.16,0.19,0.01,0.03,73588.45,1775945793000
1775945797.793,97.793,0.83,0.84,0.16,0.18,0.01,0.02,73588.45,1775945793000
1775945798.276,98.276,0.83,0.84,0.16,0.17,0.01,0.01,73588.45,1775945793000
1775945798.621,98.621,0.8,0.84,0.16,0.17,0.04,0.01,73591.08,1775945794000
1775945798.995,98.995,0.81,0.82,0.18,0.19,0.01,0.01,73591.08,1775945794000
1775945799.335,99.335,0.81,0.83,0.18,0.19,0.02,0.01,73589.83,1775945795000
1775945799.7,99.7,0.81,0.82,0.18,0.19,0.01,0.01,73588.31,1775945796000
1775945800.039,100.039,0.81,0.82,0.18,0.19,0.01,0.01,73588.31,1775945796000
1775945800.374,100.374,0.81,0.82,0.18,0.19,0.01,0.01,73588.31,1775945796000
1775945800.779,100.779,0.82,0.83,0.17,0.18,0.01,0.01,73588.31,1775945796000
1775945801.371,101.371,0.82,0.83,0.17,0.18,0.01,0.01,73587.74,1775945797000
1775945801.709,101.709,0.82,0.83,0.17,0.18,0.01,0.01,73587.74,1775945797000
1775945802.113,102.113,0.82,0.83,0.17,0.18,0.01,0.01,73587.65,1775945798000
1775945802.469,102.469,0.83,0.84,0.16,0.17,0.01,0.01,73587.65,1775945798000
1775945802.896,102.896,0.83,0.84,0.16,0.17,0.01,0.01,73587.65,1775945798000
1775945803.398,103.398,0.83,0.84,0.16,0.17,0.01,0.01,73587.65,1775945798000
1775945803.806,103.806,0.81,0.83,0.17,0.19,0.02,0.02,73587.65,1775945798000
1775945804.163,104.163,0.78,0.8,0.2,0.22,0.02,0.02,73587.65,1775945798000
1775945804.511,104.511,0.78,0.79,0.21,0.22,0.01,0.01,73587.06,1775945800000
1775945804.847,104.847,0.78,0.79,0.21,0.22,0.01,0.01,73587.06,1775945800000
1775945805.247,105.247,0.78,0.79,0.21,0.22,0.01,0.01,73587.06,1775945800000
1775945805.641,105.641,0.78,0.79,0.21,0.22,0.01,0.01,73587.06,1775945800000
1775945806.033,106.033,0.78,0.79,0.21,0.22,0.01,0.01,73587.67,1775945801000
1775945806.368,106.368,0.78,0.79,0.21,0.22,0.01,0.01,73588.19,1775945803000
1775945806.715,106.715,0.78,0.79,0.21,0.22,0.01,0.01,73589.07,1775945804000
1775945807.099,107.099,0.78,0.79,0.21,0.22,0.01,0.01,73582.54,1775945805000
1775945807.474,107.474,0.78,0.79,0.21,0.22,0.01,0.01,73582.54,1775945805000
1775945807.899,107.899,0.76,0.77,0.21,0.27,0.01,0.06,73580.11,1775945806000
1775945808.236,108.236,0.76,0.77,0.23,0.24,0.01,0.01,73577.96,1775945807000
1775945808.624,108.624,0.75,0.76,0.24,0.25,0.01,0.01,73577.96,1775945807000
1775945808.991,108.991,0.75,0.76,0.24,0.25,0.01,0.01,73577.96,1775945807000
1775945809.336,109.336,0.74,0.75,0.25,0.26,0.01,0.01,73577.96,1775945808000
1775945809.683,109.683,0.73,0.74,0.26,0.27,0.01,0.01,73577.96,1775945808000
1775945810.027,110.027,0.73,0.74,0.26,0.27,0.01,0.01,73577.96,1775945808000
1775945810.374,110.374,0.73,0.74,0.26,0.27,0.01,0.01,73577.96,1775945808000
1775945810.722,110.722,0.73,0.74,0.26,0.27,0.01,0.01,73577.96,1775945808000
1775945811.062,111.062,0.73,0.74,0.26,0.27,0.01,0.01,73576.78,1775945809000
1775945811.399,111.399,0.73,0.74,0.26,0.27,0.01,0.01,73576.78,1775945809000
1775945811.753,111.753,0.75,0.76,0.25,0.26,0.01,0.01,73576.78,1775945809000
1775945812.116,112.116,0.75,0.76,0.24,0.25,0.01,0.01,73573.54,1775945810000
1775945812.563,112.563,0.74,0.75,0.26,0.27,0.01,0.01,73573.54,1775945810000
1775945812.987,112.987,0.74,0.75,0.26,0.27,0.01,0.01,73572.68,1775945811000
1775945813.407,113.407,0.74,0.75,0.25,0.26,0.01,0.01,73572.68,1775945811000
1775945813.887,113.887,0.74,0.75,0.25,0.26,0.01,0.01,73572.48,1775945812000
1775945814.248,114.248,0.7,0.71,0.29,0.3,0.01,0.01,73572.29,1775945813000
1775945814.859,114.859,0.7,0.71,0.29,0.3,0.01,0.01,73572.29,1775945813000
1775945815.425,115.425,0.7,0.71,0.29,0.3,0.01,0.01,73572.29,1775945813000
1775945815.768,115.768,0.7,0.71,0.29,0.3,0.01,0.01,73572.29,1775945813000
1775945816.127,116.127,0.7,0.71,0.29,0.3,0.01,0.01,73572.41,1775945814000
1775945816.499,116.499,0.7,0.71,0.29,0.3,0.01,0.01,73570.16,1775945815000
1775945816.84,116.84,0.71,0.72,0.28,0.29,0.01,0.01,73570.16,1775945815000
1775945817.305,117.305,0.69,0.72,0.28,0.29,0.03,0.01,73570.16,1775945815000
1775945817.649,117.649,0.69,0.7,0.28,0.31,0.01,0.03,73570.16,1775945815000
1775945818.11,118.11,0.7,0.71,0.29,0.3,0.01,0.01,73564.23,1775945817000
1775945818.457,118.457,0.69,0.71,0.29,0.3,0.02,0.01,73564.23,1775945817000
1775945818.79,118.79,0.7,0.71,0.29,0.3,0.01,0.01,73564.23,1775945817000
1775945819.145,119.145,0.7,0.71,0.29,0.3,0.01,0.01,73564.23,1775945817000
1775945819.621,119.621,0.7,0.71,0.29,0.3,0.01,0.01,73563.99,1775945818000
1775945820.001,120.001,0.7,0.71,0.29,0.3,0.01,0.01,73563.99,1775945819000
1775945820.494,120.494,0.7,0.71,0.29,0.3,0.01,0.01,73563.99,1775945819000
1775945820.856,120.856,0.69,0.7,0.3,0.31,0.01,0.01,73563.99,1775945819000
1775945821.193,121.193,0.69,0.7,0.3,0.31,0.01,0.01,73563.99,1775945819000
1775945821.659,121.659,0.69,0.7,0.3,0.31,0.01,0.01,73563.99,1775945820000
1775945822.194,122.194,0.68,0.7,0.3,0.31,0.02,0.01,73563.99,1775945820000
1775945822.53,122.53,0.68,0.69,0.31,0.32,0.01,0.01,73563.99,1775945820000
1775945822.907,122.907,0.68,0.69,0.31,0.32,0.01,0.01,73562.79,1775945821000
1775945823.308,123.308,0.69,0.7,0.3,0.31,0.01,0.01,73560.76,1775945822000
1775945823.66,123.66,0.68,0.7,0.31,0.32,0.02,0.01,73560.76,1775945822000
1775945824.04,124.04,0.68,0.69,0.31,0.32,0.01,0.01,73560.76,1775945822000
1775945824.498,124.498,0.68,0.69,0.31,0.32,0.01,0.01,73560.76,1775945822000
1775945824.853,124.853,0.68,0.69,0.31,0.32,0.01,0.01,73562.13,1775945823000
1775945825.243,125.243,0.68,0.69,0.31,0.32,0.01,0.01,73562.13,1775945823000
1775945825.579,125.579,0.68,0.69,0.31,0.32,0.01,0.01,73559.59,1775945824000
1775945825.932,125.932,0.7,0.71,0.29,0.3,0.01,0.01,73559.59,1775945824000
1775945826.356,126.356,0.7,0.71,0.29,0.31,0.01,0.02,73559.55,1775945825000
1775945826.742,126.742,0.72,0.73,0.28,0.29,0.01,0.01,73559.55,1775945825000
1775945827.101,127.101,0.72,0.73,0.27,0.28,0.01,0.01,73559.55,1775945825000
1775945827.529,127.529,0.72,0.73,0.27,0.28,0.01,0.01,73559.55,1775945825000
1775945827.903,127.903,0.72,0.75,0.27,0.28,0.03,0.01,73557.85,1775945826000
1775945828.295,128.295,0.73,0.74,0.26,0.27,0.01,0.01,73557.85,1775945826000
1775945828.661,128.661,0.72,0.73,0.27,0.28,0.01,0.01,73559.79,1775945827000
1775945829.21,129.21,0.71,0.72,0.28,0.29,0.01,0.01,73559.79,1775945828000
1775945829.594,129.594,0.71,0.72,0.28,0.29,0.01,0.01,73559.79,1775945828000
1775945829.987,129.987,0.71,0.72,0.28,0.29,0.01,0.01,73559.79,1775945828000
1775945830.399,130.399,0.71,0.72,0.28,0.29,0.01,0.01,73560.25,1775945829000
1775945830.801,130.801,0.71,0.72,0.28,0.29,0.01,0.01,73560.25,1775945829000
1775945831.164,131.164,0.68,0.69,0.31,0.32,0.01,0.01,73560.25,1775945829000
1775945831.705,131.705,0.68,0.69,0.31,0.32,0.01,0.01,73559.26,1775945830000
1775945832.089,132.089,0.68,0.69,0.31,0.32,0.01,0.01,73559.26,1775945830000
1775945832.543,132.543,0.69,0.7,0.31,0.32,0.01,0.01,73557.94,1775945831000
1775945833.13,133.13,0.69,0.7,0.3,0.31,0.01,0.01,73557.94,1775945831000
1775945833.714,133.714,0.69,0.7,0.3,0.31,0.01,0.01,73555.94,1775945832000
1775945834.242,134.242,0.69,0.7,0.3,0.31,0.01,0.01,73555.94,1775945832000
1775945834.632,134.632,0.71,0.72,0.29,0.31,0.01,0.02,73556.8,1775945833000
1775945835.192,135.192,0.69,0.72,0.28,0.29,0.03,0.01,73556.8,1775945833000
1775945835.554,135.554,0.67,0.68,0.32,0.33,0.01,0.01,73557.22,1775945834000
1775945835.969,135.969,0.67,0.68,0.32,0.33,0.01,0.01,73557.22,1775945834000
1775945836.316,136.316,0.66,0.67,0.33,0.34,0.01,0.01,73557.76,1775945835000
1775945836.785,136.785,0.66,0.67,0.33,0.34,0.01,0.01,73557.76,1775945835000
1775945837.162,137.162,0.65,0.67,0.33,0.34,0.02,0.01,73557.76,1775945835000
1775945837.569,137.569,0.65,0.66,0.34,0.35,0.01,0.01,73556.56,1775945836000
1775945838.108,138.108,0.61,0.62,0.34,0.39,0.01,0.05,73556.56,1775945836000
1775945838.446,138.446,0.59,0.6,0.4,0.41,0.01,0.01,73555.12,1775945837000
1775945838.788,138.788,0.58,0.6,0.4,0.41,0.02,0.01,73555.12,1775945837000
1775945839.137,139.137,0.58,0.59,0.41,0.42,0.01,0.01,73555.12,1775945837000
1775945839.512,139.512,0.57,0.58,0.42,0.43,0.01,0.01,73552.35,1775945838000
1775945839.893,139.893,0.57,0.58,0.42,0.43,0.01,0.01,73552.35,1775945838000
1775945840.254,140.254,0.56,0.57,0.43,0.44,0.01,0.01,73552.35,1775945838000
1775945840.694,140.694,0.57,0.58,0.42,0.43,0.01,0.01,73546.62,1775945839000
1775945841.037,141.037,0.55,0.57,0.43,0.44,0.02,0.01,73546.62,1775945839000
1775945841.398,141.398,0.55,0.56,0.43,0.44,0.01,0.01,73546.62,1775945839000
1775945841.747,141.747,0.55,0.56,0.44,0.45,0.01,0.01,73546.62,1775945839000
1775945842.303,142.303,0.55,0.56,0.44,0.45,0.01,0.01,73542.12,1775945840000
1775945843.074,143.074,0.55,0.56,0.44,0.45,0.01,0.01,73542.15,1775945841000
1775945843.786,143.786,0.55,0.56,0.44,0.45,0.01,0.01,73541.56,1775945842000
1775945844.205,144.205,0.54,0.55,0.44,0.45,0.01,0.01,73541.56,1775945842000
1775945844.601,144.601,0.46,0.47,0.53,0.54,0.01,0.01,73541.56,1775945842000
1775945844.94,144.94,0.46,0.47,0.53,0.54,0.01,0.01,73541.57,1775945843000
1775945845.3,145.3,0.45,0.46,0.54,0.55,0.01,0.01,73541.57,1775945843000
1775945845.72,145.72,0.44,0.45,0.55,0.56,0.01,0.01,73539.73,1775945844000
1775945846.118,146.118,0.44,0.45,0.55,0.56,0.01,0.01,73539.73,1775945844000
1775945846.479,146.479,0.43,0.45,0.55,0.56,0.02,0.01,73533.65,1775945845000
1775945846.856,146.856,0.44,0.46,0.55,0.56,0.02,0.01,73533.65,1775945845000
1775945847.195,147.195,0.45,0.46,0.54,0.55,0.01,0.01,73533.65,1775945845000
1775945847.53,147.53,0.45,0.46,0.54,0.55,0.01,0.01,73533.65,1775945845000
1775945847.919,147.919,0.45,0.46,0.54,0.55,0.01,0.01,73528.24,1775945846000
1775945848.258,148.258,0.45,0.46,0.54,0.55,0.01,0.01,73528.24,1775945846000
1775945848.618,148.618,0.43,0.44,0.54,0.57,0.01,0.03,73528.24,1775945846000
1775945849.123,149.123,0.43,0.44,0.56,0.57,0.01,0.01,73527.77,1775945847000
1775945849.5,149.5,0.42,0.43,0.56,0.58,0.01,0.02,73527.39,1775945848000
1775945849.835,149.835,0.42,0.43,0.57,0.58,0.01,0.01,73527.39,1775945848000
1775945850.169,150.169,0.41,0.42,0.57,0.59,0.01,0.02,73527.39,1775945848000
1775945850.544,150.544,0.41,0.42,0.57,0.59,0.01,0.02,73527.39,1775945848000
1775945850.892,150.892,0.41,0.42,0.58,0.59,0.01,0.01,73527.78,1775945849000
1775945851.341,151.341,0.41,0.42,0.58,0.59,0.01,0.01,73527.59,1775945850000
1775945851.682,151.682,0.4,0.41,0.59,0.6,0.01,0.01,73527.59,1775945850000
1775945852.029,152.029,0.4,0.41,0.59,0.6,0.01,0.01,73527.59,1775945850000
1775945852.373,152.373,0.4,0.41,0.59,0.6,0.01,0.01,73525.94,1775945851000
1775945852.802,152.802,0.36,0.37,0.62,0.64,0.01,0.02,73525.94,1775945851000
1775945853.139,153.139,0.34,0.37,0.63,0.66,0.03,0.03,73525.94,1775945851000
1775945853.483,153.483,0.33,0.34,0.66,0.67,0.01,0.01,73525.94,1775945851000
1775945853.893,153.893,0.33,0.34,0.66,0.67,0.01,0.01,73525.62,1775945852000
1775945854.288,154.288,0.33,0.34,0.66,0.67,0.01,0.01,73525.62,1775945852000
1775945854.631,154.631,0.34,0.35,0.65,0.67,0.01,0.02,73523.51,1775945853000
1775945854.99,154.99,0.34,0.35,0.65,0.66,0.01,0.01,73523.51,1775945853000
1775945855.356,155.356,0.35,0.36,0.64,0.66,0.01,0.02,73518.73,1775945854000
1775945855.713,155.713,0.35,0.36,0.64,0.65,0.01,0.01,73518.73,1775945854000
1775945856.05,156.05,0.35,0.36,0.64,0.65,0.01,0.01,73518.73,1775945854000
1775945856.45,156.45,0.33,0.34,0.66,0.67,0.01,0.01,73518.73,1775945854000
1775945856.961,156.961,0.33,0.34,0.66,0.67,0.01,0.01,73517.7,1775945855000
1775945857.31,157.31,0.33,0.34,0.66,0.67,0.01,0.01,73517.56,1775945856000
1775945857.722,157.722,0.36,0.37,0.62,0.67,0.01,0.05,73517.56,1775945856000
1775945858.394,158.394,0.36,0.38,0.63,0.64,0.02,0.01,73517.56,1775945856000
1775945858.737,158.737,0.37,0.4,0.6,0.63,0.03,0.03,73517.57,1775945857000
1775945859.164,159.164,0.41,0.42,0.58,0.59,0.01,0.01,73517.57,1775945857000
1775945859.588,159.588,0.45,0.47,0.53,0.56,0.02,0.03,73516.81,1775945858000
1775945859.965,159.965,0.46,0.49,0.53,0.54,0.03,0.01,73516.81,1775945858000
1775945860.315,160.315,0.47,0.48,0.52,0.53,0.01,0.01,73516.92,1775945859000
1775945860.728,160.728,0.46,0.47,0.52,0.54,0.01,0.02,73516.92,1775945859000
1775945861.065,161.065,0.46,0.47,0.53,0.54,0.01,0.01,73520.26,1775945860000
1775945861.615,161.615,0.45,0.46,0.53,0.55,0.01,0.02,73520.26,1775945860000
1775945862.052,162.052,0.45,0.46,0.54,0.55,0.01,0.01,73524.37,1775945861000
1775945862.424,162.424,0.45,0.46,0.54,0.55,0.01,0.01,73524.37,1775945861000
1775945862.762,162.762,0.45,0.46,0.54,0.55,0.01,0.01,73524.37,1775945861000
1775945863.222,163.222,0.45,0.46,0.54,0.55,0.01,0.01,73524.37,1775945862000
1775945863.912,163.912,0.45,0.46,0.54,0.55,0.01,0.01,73524.37,1775945862000
1775945864.487,164.487,0.44,0.45,0.54,0.55,0.01,0.01,73524.28,1775945863000
1775945865.05,165.05,0.45,0.46,0.54,0.56,0.01,0.02,73524.28,1775945863000
1775945865.435,165.435,0.45,0.47,0.54,0.55,0.02,0.01,73524.21,1775945864000
1775945865.854,165.854,0.47,0.48,0.52,0.53,0.01,0.01,73524.3,1775945865000
1775945866.247,166.247,0.47,0.48,0.52,0.53,0.01,0.01,73524.3,1775945865000
1775945866.874,166.874,0.47,0.48,0.52,0.53,0.01,0.01,73524.3,1775945865000
1775945867.333,167.333,0.47,0.48,0.52,0.53,0.01,0.01,73524.36,1775945866000
1775945867.767,167.767,0.47,0.48,0.52,0.53,0.01,0.01,73524.36,1775945866000
1775945868.123,168.123,0.47,0.48,0.52,0.53,0.01,0.01,73524.36,1775945866000
1775945868.519,168.519,0.48,0.49,0.51,0.52,0.01,0.01,73524.34,1775945867000
1775945869.07,169.07,0.48,0.5,0.51,0.52,0.02,0.01,73524.34,1775945867000
1775945869.455,169.455,0.5,0.51,0.49,0.5,0.01,0.01,73524.34,1775945868000
1775945869.889,169.889,0.5,0.51,0.49,0.5,0.01,0.01,73524.3,1775945869000
1775945870.308,170.308,0.51,0.52,0.48,0.49,0.01,0.01,73524.3,1775945869000
1775945870.747,170.747,0.51,0.52,0.48,0.49,0.01,0.01,73524.3,1775945869000
1775945871.081,171.081,0.51,0.52,0.48,0.49,0.01,0.01,73524.3,1775945869000
1775945871.524,171.524,0.51,0.52,0.48,0.49,0.01,0.01,73526.08,1775945870000
1775945872.018,172.018,0.52,0.53,0.47,0.48,0.01,0.01,73526.08,1775945870000
1775945872.51,172.51,0.52,0.53,0.47,0.48,0.01,0.01,73526.08,1775945870000
1775945872.959,172.959,0.52,0.53,0.47,0.48,0.01,0.01,73528.98,1775945871000
1775945873.375,173.375,0.52,0.53,0.47,0.48,0.01,0.01,73528.98,1775945871000
1775945873.736,173.736,0.52,0.53,0.47,0.48,0.01,0.01,73529.22,1775945872000
1775945874.231,174.231,0.52,0.53,0.47,0.48,0.01,0.01,73529.22,1775945872000
1775945874.573,174.573,0.52,0.53,0.47,0.48,0.01,0.01,73529.17,1775945873000
1775945875.235,175.235,0.52,0.53,0.47,0.48,0.01,0.01,73529.17,1775945874000
1775945875.847,175.847,0.52,0.53,0.47,0.48,0.01,0.01,73529.17,1775945874000
1775945876.29,176.29,0.52,0.53,0.47,0.48,0.01,0.01,73529.17,1775945875000
1775945876.903,176.903,0.51,0.52,0.47,0.49,0.01,0.02,73529.17,1775945875000
1775945877.247,177.247,0.51,0.52,0.48,0.49,0.01,0.01,73529.15,1775945876000
1775945877.765,177.765,0.51,0.52,0.48,0.49,0.01,0.01,73529.15,1775945876000
1775945878.125,178.125,0.51,0.52,0.48,0.49,0.01,0.01,73529.15,1775945876000
1775945878.575,178.575,0.53,0.54,0.46,0.47,0.01,0.01,73529.15,1775945877000
1775945878.955,178.955,0.53,0.54,0.46,0.47,0.01,0.01,73529.15,1775945877000
1775945879.564,179.564,0.53,0.54,0.46,0.47,0.01,0.01,73528.64,1775945878000
1775945879.922,179.922,0.53,0.54,0.46,0.47,0.01,0.01,73528.64,1775945878000
1775945880.276,180.276,0.53,0.54,0.46,0.47,0.01,0.01,73528.64,1775945878000
1775945880.686,180.686,0.51,0.52,0.46,0.47,0.01,0.01,73528.69,1775945879000
1775945881.044,181.044,0.4,0.43,0.57,0.6,0.03,0.03,73528.69,1775945879000
1775945881.516,181.516,0.39,0.4,0.58,0.59,0.01,0.01,73528.7,1775945880000
1775945881.883,181.883,0.39,0.4,0.6,0.61,0.01,0.01,73528.7,1775945880000
1775945882.249,182.249,0.39,0.4,0.6,0.61,0.01,0.01,73529.0,1775945881000
1775945882.61,182.61,0.39,0.4,0.6,0.61,0.01,0.01,73529.0,1775945881000
1775945883.077,183.077,0.37,0.38,0.62,0.63,0.01,0.01,73529.0,1775945881000
1775945883.515,183.515,0.37,0.38,0.62,0.63,0.01,0.01,73521.96,1775945882000
1775945883.895,183.895,0.37,0.38,0.62,0.63,0.01,0.01,73521.96,1775945882000
1775945884.259,184.259,0.36,0.38,0.62,0.64,0.02,0.02,73516.5,1775945883000
1775945884.65,184.65,0.33,0.34,0.66,0.7,0.01,0.04,73516.5,1775945883000
1775945885.039,185.039,0.27,0.3,0.69,0.72,0.03,0.03,73516.5,1775945883000
1775945885.431,185.431,0.27,0.28,0.72,0.73,0.01,0.01,73516.41,1775945884000
1775945885.8,185.8,0.25,0.26,0.73,0.75,0.01,0.02,73516.41,1775945884000
1775945886.228,186.228,0.25,0.26,0.74,0.75,0.01,0.01,73516.41,1775945884000
1775945886.625,186.625,0.25,0.26,0.74,0.75,0.01,0.01,73516.41,1775945884000
1775945887.097,187.097,0.26,0.28,0.73,0.74,0.02,0.01,73512.14,1775945885000
1775945887.511,187.511,0.27,0.29,0.72,0.73,0.02,0.01,73508.84,1775945886000
1775945887.884,187.884,0.28,0.29,0.71,0.72,0.01,0.01,73508.84,1775945886000
1775945888.227,188.227,0.25,0.26,0.74,0.75,0.01,0.01,73508.84,1775945886000
1775945888.561,188.561,0.26,0.27,0.74,0.75,0.01,0.01,73507.89,1775945887000
1775945888.981,188.981,0.26,0.27,0.73,0.74,0.01,0.01,73507.89,1775945887000
1775945889.33,189.33,0.22,0.27,0.73,0.74,0.05,0.01,73508.55,1775945888000
1775945889.684,189.684,0.26,0.27,0.73,0.74,0.01,0.01,73508.55,1775945888000
1775945890.024,190.024,0.24,0.26,0.73,0.75,0.02,0.02,73508.31,1775945889000
1775945890.376,190.376,0.22,0.23,0.75,0.78,0.01,0.03,73508.31,1775945889000
1775945890.741,190.741,0.22,0.23,0.77,0.78,0.01,0.01,73508.31,1775945889000
1775945891.098,191.098,0.22,0.23,0.77,0.78,0.01,0.01,73508.04,1775945890000
1775945891.49,191.49,0.21,0.22,0.76,0.78,0.01,0.02,73508.04,1775945890000
1775945891.845,191.845,0.21,0.22,0.78,0.79,0.01,0.01,73508.04,1775945890000
1775945892.294,192.294,0.25,0.26,0.73,0.76,0.01,0.03,73507.99,1775945891000
1775945892.732,192.732,0.21,0.26,0.74,0.75,0.05,0.01,73507.99,1775945891000
1775945893.104,193.104,0.27,0.28,0.72,0.73,0.01,0.01,73507.99,1775945891000
1775945893.591,193.591,0.27,0.28,0.72,0.73,0.01,0.01,73507.99,1775945891000
1775945894.097,194.097,0.23,0.24,0.73,0.77,0.01,0.04,73506.01,1775945892000
1775945894.508,194.508,0.24,0.25,0.75,0.76,0.01,0.01,73506.01,1775945892000
1775945894.874,194.874,0.24,0.25,0.76,0.77,0.01,0.01,73505.69,1775945893000
1775945895.467,195.467,0.2,0.23,0.77,0.8,0.03,0.03,73505.62,1775945894000
1775945895.882,195.882,0.2,0.21,0.79,0.8,0.01,0.01,73505.62,1775945894000
1775945896.579,196.579,0.21,0.22,0.78,0.79,0.01,0.01,73506.39,1775945895000
1775945896.994,196.994,0.23,0.24,0.77,0.78,0.01,0.01,73506.39,1775945895000
1775945897.389,197.389,0.22,0.23,0.76,0.78,0.01,0.02,73506.39,1775945895000
1775945897.85,197.85,0.22,0.23,0.77,0.78,0.01,0.01,73504.89,1775945896000
1775945898.267,198.267,0.22,0.23,0.77,0.78,0.01,0.01,73503.63,1775945897000
1775945898.703,198.703,0.21,0.25,0.78,0.79,0.04,0.01,73503.63,1775945897000
1775945899.039,199.039,0.23,0.24,0.76,0.77,0.01,0.01,73503.63,1775945897000
1775945899.458,199.458,0.22,0.23,0.77,0.78,0.01,0.01,73503.63,1775945897000
1775945900.178,200.178,0.21,0.24,0.76,0.77,0.03,0.01,73503.17,1775945898000
1775945900.531,200.531,0.22,0.23,0.77,0.78,0.01,0.01,73503.17,1775945898000
1775945900.875,200.875,0.22,0.23,0.77,0.78,0.01,0.01,73503.13,1775945899000
1775945901.259,201.259,0.22,0.23,0.77,0.78,0.01,0.01,73503.13,1775945899000
1775945901.865,201.865,0.23,0.24,0.76,0.77,0.01,0.01,73503.12,1775945900000
1775945902.214,202.214,0.21,0.22,0.78,0.79,0.01,0.01,73503.09,1775945901000
1775945902.618,202.618,0.2,0.21,0.78,0.8,0.01,0.02,73503.09,1775945901000
1775945903.25,203.25,0.2,0.21,0.79,0.8,0.01,0.01,73503.09,1775945901000
1775945903.777,203.777,0.2,0.22,0.79,0.8,0.02,0.01,73503.09,1775945901000
1775945904.2,204.2,0.21,0.22,0.78,0.8,0.01,0.02,73503.32,1775945902000
1775945904.607,204.607,0.22,0.23,0.77,0.78,0.01,0.01,73502.95,1775945903000
1775945904.999,204.999,0.23,0.24,0.76,0.77,0.01,0.01,73503.09,1775945904000
1775945905.334,205.334,0.22,0.23,0.76,0.78,0.01,0.02,73503.09,1775945904000
1775945905.857,205.857,0.2,0.23,0.77,0.78,0.03,0.01,73503.09,1775945904000
1775945906.249,206.249,0.2,0.21,0.77,0.8,0.01,0.03,73503.03,1775945905000
1775945906.603,206.603,0.2,0.21,0.79,0.8,0.01,0.01,73503.03,1775945905000
1775945907.228,207.228,0.2,0.21,0.79,0.8,0.01,0.01,73503.03,1775945905000
1775945907.642,207.642,0.2,0.21,0.79,0.8,0.01,0.01,73503.73,1775945906000
1775945908.119,208.119,0.2,0.21,0.79,0.8,0.01,0.01,73503.09,1775945907000
1775945908.607,208.607,0.2,0.21,0.79,0.8,0.01,0.01,73503.09,1775945907000
1775945909.001,209.001,0.2,0.21,0.79,0.8,0.01,0.01,73503.09,1775945907000
1775945909.465,209.465,0.2,0.21,0.79,0.8,0.01,0.01,73503.09,1775945908000
1775945909.83,209.83,0.2,0.21,0.79,0.8,0.01,0.01,73503.09,1775945908000
1775945910.251,210.251,0.2,0.21,0.79,0.8,0.01,0.01,73503.09,1775945908000
1775945910.591,210.591,0.19,0.21,0.79,0.8,0.02,0.01,73503.03,1775945909000
1775945910.953,210.953,0.19,0.2,0.8,0.81,0.01,0.01,73503.03,1775945909000
1775945911.295,211.295,0.19,0.2,0.8,0.81,0.01,0.01,73503.03,1775945909000
1775945911.695,211.695,0.19,0.2,0.8,0.81,0.01,0.01,73503.08,1775945910000
1775945912.291,212.291,0.19,0.2,0.8,0.81,0.01,0.01,73502.96,1775945911000
1775945912.653,212.653,0.19,0.2,0.8,0.81,0.01,0.01,73502.96,1775945911000
1775945913.016,213.016,0.18,0.19,0.81,0.82,0.01,0.01,73502.96,1775945911000
1775945913.501,213.501,0.18,0.19,0.81,0.82,0.01,0.01,73501.47,1775945912000
1775945913.834,213.834,0.18,0.19,0.81,0.82,0.01,0.01,73501.47,1775945912000
1775945914.26,214.26,0.18,0.19,0.81,0.82,0.01,0.01,73501.47,1775945912000
1775945914.642,214.642,0.18,0.19,0.81,0.82,0.01,0.01,73501.47,1775945913000
1775945915.327,215.327,0.17,0.19,0.81,0.82,0.02,0.01,73501.47,1775945914000
1775945915.702,215.702,0.17,0.18,0.82,0.83,0.01,0.01,73501.47,1775945914000
1775945916.114,216.114,0.17,0.18,0.82,0.83,0.01,0.01,73501.44,1775945915000
1775945916.533,216.533,0.17,0.18,0.82,0.83,0.01,0.01,73501.44,1775945915000
1775945917.02,217.02,0.16,0.17,0.82,0.84,0.01,0.02,73501.44,1775945915000
1775945917.356,217.356,0.16,0.17,0.83,0.84,0.01,0.01,73500.82,1775945916000
1775945918.023,218.023,0.16,0.17,0.83,0.84,0.01,0.01,73500.82,1775945916000
1775945918.4,218.4,0.15,0.16,0.83,0.86,0.01,0.03,73500.82,1775945916000
1775945918.844,218.844,0.15,0.16,0.84,0.85,0.01,0.01,73499.92,1775945917000
1775945919.185,219.185,0.13,0.15,0.85,0.87,0.02,0.02,73499.92,1775945917000
1775945919.525,219.525,0.12,0.13,0.87,0.88,0.01,0.01,73499.92,1775945918000
1775945919.996,219.996,0.12,0.13,0.87,0.88,0.01,0.01,73499.92,1775945918000
1775945920.392,220.392,0.11,0.13,0.87,0.88,0.02,0.01,73499.61,1775945919000
1775945920.794,220.794,0.11,0.12,0.88,0.89,0.01,0.01,73499.61,1775945919000
1775945921.239,221.239,0.11,0.12,0.88,0.89,0.01,0.01,73498.42,1775945920000
1775945921.596,221.596,0.08,0.12,0.88,0.89,0.04,0.01,73498.42,1775945920000
1775945921.98,221.98,0.09,0.1,0.9,0.91,0.01,0.01,73498.42,1775945920000
1775945922.324,222.324,0.08,0.09,0.91,0.92,0.01,0.01,73498.42,1775945920000
1775945922.692,222.692,0.09,0.11,0.9,0.91,0.02,0.01,73494.07,1775945921000
1775945923.031,223.031,0.09,0.1,0.9,0.91,0.01,0.01,73494.07,1775945921000
1775945923.432,223.432,0.08,0.09,0.89,0.91,0.01,0.02,73493.8,1775945922000
1775945923.811,223.811,0.08,0.09,0.91,0.92,0.01,0.01,73493.8,1775945922000
1775945924.219,224.219,0.07,0.08,0.92,0.93,0.01,0.01,73493.8,1775945922000
1775945924.752,224.752,0.07,0.08,0.92,0.93,0.01,0.01,73493.14,1775945923000
1775945925.13,225.13,0.07,0.09,0.91,0.93,0.02,0.02,73493.14,1775945923000
1775945925.516,225.516,0.07,0.08,0.92,0.93,0.01,0.01,73492.92,1775945924000
1775945926.198,226.198,0.07,0.08,0.92,0.93,0.01,0.01,73492.92,1775945924000
1775945926.653,226.653,0.07,0.08,0.92,0.93,0.01,0.01,73493.19,1775945925000
1775945927.001,227.001,0.06,0.08,0.92,0.93,0.02,0.01,73493.19,1775945925000
1775945927.375,227.375,0.07,0.08,0.91,0.94,0.01,0.03,73494.53,1775945926000
1775945927.755,227.755,0.07,0.08,0.92,0.93,0.01,0.01,73494.53,1775945926000
1775945928.241,228.241,0.07,0.08,0.92,0.94,0.01,0.02,73494.53,1775945926000
1775945929.095,229.095,0.07,0.08,0.92,0.93,0.01,0.01,73492.86,1775945927000
1775945929.561,229.561,0.06,0.08,0.92,0.93,0.02,0.01,73492.86,1775945928000
1775945929.946,229.946,0.06,0.07,0.91,0.94,0.01,0.03,73492.07,1775945929000
1775945930.387,230.387,0.05,0.07,0.91,0.94,0.02,0.03,73492.07,1775945929000
1775945930.753,230.753,0.06,0.07,0.93,0.94,0.01,0.01,73492.07,1775945929000
1775945931.158,231.158,0.05,0.06,0.94,0.95,0.01,0.01,73491.73,1775945930000
1775945931.621,231.621,0.05,0.06,0.94,0.95,0.01,0.01,73491.73,1775945930000
1775945932.095,232.095,0.05,0.06,0.94,0.95,0.01,0.01,73491.73,1775945930000
1775945932.461,232.461,0.06,0.07,0.93,0.94,0.01,0.01,73492.18,1775945931000
1775945933.081,233.081,0.06,0.07,0.93,0.94,0.01,0.01,73492.18,1775945931000
1775945933.528,233.528,0.04,0.07,0.92,0.94,0.03,0.02,73492.18,1775945931000
1775945934.086,234.086,0.06,0.08,0.94,0.95,0.02,0.01,73492.26,1775945932000
1775945934.454,234.454,0.06,0.07,0.93,0.94,0.01,0.01,73492.16,1775945933000
1775945934.793,234.793,0.06,0.07,0.93,0.96,0.01,0.03,73492.16,1775945933000
1775945935.258,235.258,0.04,0.07,0.93,0.96,0.03,0.03,73492.11,1775945934000
1775945935.722,235.722,0.06,0.07,0.93,0.94,0.01,0.01,73492.11,1775945934000
1775945936.086,236.086,0.04,0.06,0.93,0.97,0.02,0.04,73492.11,1775945934000
1775945936.489,236.489,0.04,0.05,0.95,0.96,0.01,0.01,73492.54,1775945935000
1775945936.908,236.908,0.1,0.11,0.89,0.9,0.01,0.01,73492.54,1775945935000
1775945937.334,237.334,0.1,0.11,0.89,0.9,0.01,0.01,73492.1,1775945936000
1775945937.671,237.671,0.13,0.14,0.86,0.87,0.01,0.01,73492.1,1775945936000
1775945938.065,238.065,0.14,0.15,0.85,0.86,0.01,0.01,73492.1,1775945936000
1775945938.409,238.409,0.14,0.15,0.85,0.86,0.01,0.01,73492.49,1775945937000
1775945938.854,238.854,0.15,0.16,0.84,0.85,0.01,0.01,73492.49,1775945937000
1775945939.217,239.217,0.15,0.16,0.84,0.85,0.01,0.01,73496.55,1775945938000
1775945939.699,239.699,0.15,0.16,0.84,0.85,0.01,0.01,73496.55,1775945938000
1775945940.053,240.053,0.13,0.16,0.84,0.85,0.03,0.01,73496.55,1775945938000
1775945940.398,240.398,0.17,0.18,0.82,0.83,0.01,0.01,73499.66,1775945939000
1775945940.734,240.734,0.25,0.26,0.74,0.75,0.01,0.01,73499.66,1775945939000
1775945941.068,241.068,0.25,0.26,0.74,0.75,0.01,0.01,73499.66,1775945939000
1775945941.403,241.403,0.24,0.25,0.75,0.76,0.01,0.01,73501.64,1775945940000
1775945941.739,241.739,0.22,0.23,0.77,0.78,0.01,0.01,73501.64,1775945940000
1775945942.129,242.129,0.22,0.23,0.77,0.78,0.01,0.01,73501.64,1775945940000
1775945942.521,242.521,0.22,0.23,0.77,0.78,0.01,0.01,73502.09,1775945941000
1775945942.865,242.865,0.22,0.23,0.77,0.78,0.01,0.01,73502.09,1775945941000
1775945943.335,243.335,0.2,0.21,0.79,0.8,0.01,0.01,73502.09,1775945941000
1775945943.768,243.768,0.21,0.22,0.78,0.8,0.01,0.02,73507.19,1775945942000
1775945944.122,244.122,0.2,0.21,0.79,0.8,0.01,0.01,73507.19,1775945942000
1775945944.502,244.502,0.2,0.21,0.79,0.8,0.01,0.01,73508.71,1775945943000
1775945944.888,244.888,0.21,0.22,0.78,0.79,0.01,0.01,73508.71,1775945943000
1775945945.259,245.259,0.21,0.22,0.78,0.79,0.01,0.01,73508.16,1775945944000
1775945945.616,245.616,0.22,0.23,0.77,0.78,0.01,0.01,73508.16,1775945944000
1775945945.962,245.962,0.24,0.25,0.75,0.76,0.01,0.01,73508.16,1775945944000
1775945946.378,246.378,0.23,0.24,0.76,0.77,0.01,0.01,73508.16,1775945944000
1775945946.754,246.754,0.23,0.24,0.76,0.77,0.01,0.01,73508.16,1775945944000
1775945947.112,247.112,0.24,0.25,0.75,0.76,0.01,0.01,73508.26,1775945945000
1775945947.457,247.457,0.24,0.25,0.75,0.76,0.01,0.01,73508.25,1775945946000
1775945947.844,247.844,0.24,0.25,0.75,0.76,0.01,0.01,73508.25,1775945946000
1775945948.239,248.239,0.21,0.25,0.75,0.76,0.04,0.01,73508.25,1775945947000
1775945948.58,248.58,0.21,0.22,0.78,0.79,0.01,0.01,73508.25,1775945947000
1775945949.065,249.065,0.23,0.24,0.76,0.77,0.01,0.01,73508.25,1775945947000
1775945949.447,249.447,0.23,0.24,0.76,0.77,0.01,0.01,73508.26,1775945948000
1775945949.874,249.874,0.2,0.24,0.76,0.77,0.04,0.01,73508.26,1775945948000
1775945950.245,250.245,0.21,0.22,0.77,0.8,0.01,0.03,73508.26,1775945948000
1775945950.703,250.703,0.2,0.21,0.78,0.8,0.01,0.02,73508.75,1775945949000
1775945951.038,251.038,0.19,0.21,0.79,0.8,0.02,0.01,73508.75,1775945949000
1775945951.422,251.422,0.2,0.21,0.79,0.8,0.01,0.01,73508.75,1775945949000
1775945951.812,251.812,0.21,0.22,0.78,0.8,0.01,0.02,73508.81,1775945950000
1775945952.179,252.179,0.21,0.22,0.78,0.79,0.01,0.01,73508.81,1775945951000
1775945952.779,252.779,0.21,0.22,0.78,0.79,0.01,0.01,73508.81,1775945951000
1775945953.117,253.117,0.21,0.22,0.78,0.79,0.01,0.01,73508.81,1775945951000
1775945953.497,253.497,0.23,0.25,0.76,0.77,0.02,0.01,73508.7,1775945952000
1775945953.908,253.908,0.24,0.25,0.75,0.77,0.01,0.02,73508.7,1775945952000
1775945954.352,254.352,0.24,0.25,0.75,0.76,0.01,0.01,73508.76,1775945953000
1775945954.767,254.767,0.24,0.25,0.75,0.77,0.01,0.02,73508.76,1775945953000
1775945955.202,255.202,0.23,0.25,0.75,0.76,0.02,0.01,73508.76,1775945954000
1775945955.571,255.571,0.23,0.24,0.75,0.77,0.01,0.02,73508.76,1775945954000
1775945955.921,255.921,0.22,0.23,0.76,0.77,0.01,0.01,73508.76,1775945954000
1775945956.3,256.3,0.22,0.23,0.77,0.78,0.01,0.01,73509.27,1775945955000
1775945956.645,256.645,0.16,0.17,0.81,0.82,0.01,0.01,73509.27,1775945955000
1775945957.059,257.059,0.16,0.17,0.84,0.85,0.01,0.01,73509.27,1775945955000
1775945957.403,257.403,0.15,0.16,0.84,0.85,0.01,0.01,73509.26,1775945956000
1775945957.76,257.76,0.15,0.16,0.84,0.85,0.01,0.01,73509.26,1775945956000
1775945958.109,258.109,0.15,0.16,0.84,0.86,0.01,0.02,73509.26,1775945956000
1775945958.486,258.486,0.14,0.15,0.84,0.86,0.01,0.02,73509.14,1775945957000
1775945958.955,258.955,0.15,0.16,0.84,0.85,0.01,0.01,73509.14,1775945957000
1775945959.292,259.292,0.14,0.15,0.85,0.86,0.01,0.01,73508.19,1775945958000
1775945959.635,259.635,0.14,0.15,0.85,0.86,0.01,0.01,73508.19,1775945958000
1775945960.286,260.286,0.14,0.15,0.85,0.86,0.01,0.01,73508.19,1775945958000
1775945960.621,260.621,0.14,0.15,0.85,0.86,0.01,0.01,73508.19,1775945959000
1775945961.155,261.155,0.14,0.15,0.85,0.86,0.01,0.01,73508.19,1775945959000
1775945961.678,261.678,0.14,0.17,0.85,0.86,0.03,0.01,73508.3,1775945960000
1775945962.113,262.113,0.14,0.15,0.84,0.85,0.01,0.01,73508.3,1775945961000
1775945962.522,262.522,0.15,0.16,0.84,0.85,0.01,0.01,73508.3,1775945961000
1775945962.909,262.909,0.13,0.15,0.84,0.85,0.02,0.01,73508.3,1775945961000
1775945963.253,263.253,0.13,0.15,0.85,0.86,0.02,0.01,73508.3,1775945962000
1775945963.669,263.669,0.13,0.14,0.86,0.87,0.01,0.01,73508.3,1775945962000
1775945964.004,264.004,0.13,0.14,0.86,0.87,0.01,0.01,73508.3,1775945962000
1775945964.498,264.498,0.15,0.16,0.85,0.86,0.01,0.01,73508.3,1775945963000
1775945964.833,264.833,0.14,0.16,0.85,0.86,0.02,0.01,73508.3,1775945963000
1775945965.292,265.292,0.15,0.16,0.84,0.85,0.01,0.01,73508.35,1775945964000
1775945965.633,265.633,0.24,0.25,0.75,0.81,0.01,0.06,73508.35,1775945964000
1775945966.044,266.044,0.29,0.31,0.7,0.71,0.02,0.01,73508.35,1775945964000
1775945966.458,266.458,0.31,0.32,0.68,0.69,0.01,0.01,73508.36,1775945965000
1775945966.83,266.83,0.31,0.33,0.68,0.69,0.02,0.01,73508.36,1775945965000
1775945967.276,267.276,0.37,0.38,0.61,0.64,0.01,0.03,73508.36,1775945965000
1775945967.653,267.653,0.35,0.36,0.62,0.65,0.01,0.03,73508.05,1775945966000
1775945967.987,267.987,0.34,0.35,0.65,0.66,0.01,0.01,73508.05,1775945966000
1775945968.355,268.355,0.31,0.33,0.67,0.68,0.02,0.01,73514.69,1775945967000
1775945968.732,268.732,0.31,0.32,0.68,0.69,0.01,0.01,73514.69,1775945967000
1775945969.087,269.087,0.31,0.32,0.68,0.69,0.01,0.01,73514.69,1775945967000
1775945969.457,269.457,0.3,0.32,0.69,0.7,0.02,0.01,73517.2,1775945968000
1775945969.841,269.841,0.32,0.36,0.64,0.65,0.04,0.01,73517.2,1775945968000
1775945970.192,270.192,0.35,0.37,0.6,0.69,0.02,0.09,73517.2,1775945968000
1775945970.529,270.529,0.35,0.38,0.64,0.65,0.03,0.01,73517.31,1775945969000
1775945970.879,270.879,0.35,0.39,0.61,0.66,0.04,0.05,73517.31,1775945969000
1775945971.273,271.273,0.33,0.35,0.65,0.66,0.02,0.01,73517.32,1775945970000
1775945971.707,271.707,0.36,0.37,0.63,0.64,0.01,0.01,73517.32,1775945970000
1775945972.081,272.081,0.36,0.38,0.6,0.61,0.02,0.01,73517.32,1775945971000
1775945972.44,272.44,0.4,0.41,0.59,0.61,0.01,0.02,73517.32,1775945971000
1775945972.779,272.779,0.37,0.38,0.62,0.63,0.01,0.01,73517.32,1775945971000
1775945973.128,273.128,0.39,0.4,0.61,0.62,0.01,0.01,73517.32,1775945971000
1775945973.643,273.643,0.29,0.3,0.7,0.71,0.01,0.01,73517.58,1775945972000
1775945974.005,274.005,0.29,0.31,0.7,0.71,0.02,0.01,73517.58,1775945972000
1775945974.426,274.426,0.29,0.3,0.69,0.7,0.01,0.01,73517.7,1775945973000
1775945974.842,274.842,0.29,0.3,0.7,0.71,0.01,0.01,73517.7,1775945973000
1775945975.243,275.243,0.28,0.29,0.71,0.72,0.01,0.01,73517.76,1775945974000
1775945975.618,275.618,0.27,0.29,0.69,0.7,0.02,0.01,73517.76,1775945974000
1775945976.064,276.064,0.29,0.3,0.71,0.72,0.01,0.01,73517.76,1775945974000
1775945976.417,276.417,0.3,0.31,0.68,0.7,0.01,0.02,73517.76,1775945975000
1775945977.034,277.034,0.3,0.31,0.69,0.7,0.01,0.01,73517.76,1775945975000
1775945977.369,277.369,0.33,0.34,0.66,0.69,0.01,0.03,73517.76,1775945975000
1775945977.855,277.855,0.3,0.33,0.66,0.67,0.03,0.01,73518.19,1775945976000
1775945978.238,278.238,0.31,0.32,0.68,0.69,0.01,0.01,73518.22,1775945977000
1775945978.585,278.585,0.31,0.32,0.68,0.69,0.01,0.01,73518.22,1775945977000
1775945979.03,279.03,0.31,0.32,0.67,0.69,0.01,0.02,73518.22,1775945977000
1775945979.539,279.539,0.29,0.3,0.69,0.7,0.01,0.01,73518.22,1775945978000
1775945979.879,279.879,0.29,0.3,0.7,0.71,0.01,0.01,73518.23,1775945979000
1775945980.284,280.284,0.28,0.29,0.71,0.72,0.01,0.01,73518.23,1775945979000
1775945980.869,280.869,0.27,0.28,0.72,0.73,0.01,0.01,73518.23,1775945979000
1775945981.235,281.235,0.27,0.28,0.72,0.73,0.01,0.01,73518.22,1775945980000
1775945981.784,281.784,0.26,0.27,0.73,0.74,0.01,0.01,73518.22,1775945980000
1775945982.13,282.13,0.13,0.16,0.76,0.87,0.03,0.11,73518.22,1775945980000
1775945982.476,282.476,0.11,0.13,0.86,0.88,0.02,0.02,73518.23,1775945981000
1775945982.812,282.812,0.1,0.11,0.89,0.9,0.01,0.01,73518.23,1775945981000
1775945983.146,283.146,0.1,0.11,0.89,0.9,0.01,0.01,73518.23,1775945981000
1775945983.556,283.556,0.1,0.11,0.89,0.9,0.01,0.01,73518.23,1775945981000
1775945983.928,283.928,0.1,0.11,0.89,0.9,0.01,0.01,73516.92,1775945982000
1775945984.27,284.27,0.1,0.11,0.89,0.9,0.01,0.01,73513.71,1775945983000
1775945984.681,284.681,0.11,0.12,0.88,0.89,0.01,0.01,73513.71,1775945983000
1775945985.035,285.035,0.11,0.12,0.88,0.89,0.01,0.01,73513.71,1775945983000
1775945985.495,285.495,0.1,0.11,0.89,0.9,0.01,0.01,73509.14,1775945984000
1775945985.957,285.957,0.12,0.13,0.88,0.89,0.01,0.01,73509.14,1775945984000
1775945986.386,286.386,0.11,0.12,0.88,0.89,0.01,0.01,73508.57,1775945985000
1775945986.73,286.73,0.1,0.12,0.88,0.9,0.02,0.02,73508.57,1775945985000
1775945987.082,287.082,0.1,0.12,0.88,0.9,0.02,0.02,73508.57,1775945985000
1775945987.417,287.417,0.1,0.11,0.89,0.9,0.01,0.01,73507.49,1775945986000
1775945987.929,287.929,0.1,0.11,0.89,0.9,0.01,0.01,73507.49,1775945986000
1775945988.399,288.399,0.11,0.12,0.88,0.89,0.01,0.01,73507.49,1775945987000
1775945988.88,288.88,0.1,0.13,0.89,0.9,0.03,0.01,73507.49,1775945987000
1775945989.266,289.266,0.1,0.11,0.89,0.9,0.01,0.01,73507.26,1775945988000
1775945989.733,289.733,0.1,0.11,0.89,0.9,0.01,0.01,73507.26,1775945988000
1775945990.069,290.069,0.1,0.12,0.89,0.9,0.02,0.01,73507.26,1775945988000
1775945990.446,290.446,0.11,0.12,0.88,0.89,0.01,0.01,73507.26,1775945988000
1775945990.87,290.87,0.11,0.12,0.88,0.89,0.01,0.01,73507.26,1775945988000
1775945991.319,291.319,0.11,0.12,0.88,0.89,0.01,0.01,73504.82,1775945989000
1775945991.653,291.653,0.1,0.12,0.88,0.89,0.02,0.01,73504.57,1775945990000
1775945992.004,292.004,0.11,0.12,0.88,0.9,0.01,0.02,73504.57,1775945990000
1775945992.376,292.376,0.1,0.12,0.88,0.89,0.02,0.01,73504.57,1775945991000
1775945992.71,292.71,0.12,0.16,0.83,0.88,0.04,0.05,73504.57,1775945991000
1775945993.044,293.044,0.18,0.19,0.81,0.82,0.01,0.01,73504.57,1775945991000
1775945993.411,293.411,0.1,0.19,0.81,0.82,0.09,0.01,73504.57,1775945991000
1775945993.785,293.785,0.1,0.17,0.83,0.84,0.07,0.01,73504.57,1775945991000
1775945994.186,294.186,0.1,0.11,0.89,0.9,0.01,0.01,73504.5,1775945992000
1775945994.619,294.619,0.1,0.11,0.89,0.9,0.01,0.01,73504.17,1775945993000
1775945994.954,294.954,0.12,0.13,0.87,0.88,0.01,0.01,73504.17,1775945993000
1775945995.374,295.374,0.1,0.12,0.88,0.89,0.02,0.01,73504.17,1775945993000
1775945995.813,295.813,0.12,0.13,0.81,0.9,0.01,0.09,73504.19,1775945994000
1775945996.174,296.174,0.19,0.2,0.8,0.81,0.01,0.01,73504.19,1775945994000
1775945996.551,296.551,0.19,0.2,0.79,0.81,0.01,0.02,73506.13,1775945995000
1775945996.896,296.896,0.19,0.2,0.8,0.81,0.01,0.01,73506.13,1775945995000
1775945997.254,297.254,0.17,0.18,0.81,0.83,0.01,0.02,73506.13,1775945995000
1775945997.588,297.588,0.17,0.18,0.82,0.83,0.01,0.01,73506.13,1775945995000
1775945997.947,297.947,0.21,0.23,0.78,0.79,0.02,0.01,73504.44,1775945996000
1775945998.336,298.336,0.11,0.15,0.85,0.86,0.04,0.01,73504.44,1775945996000
1775945998.673,298.673,0.12,0.14,0.86,0.87,0.02,0.01,73504.44,1775945996000
1775945999.013,299.013,0.11,0.12,0.88,0.89,0.01,0.01,73508.34,1775945997000
1775945999.365,299.365,0.01,0.02,0.98,0.99,0.01,0.01,73508.34,1775945997000
1775945999.718,299.718,0.02,0.04,0.95,0.99,0.02,0.04,73512.7,1775945998000
1775946000.11,300.11,0.02,0.01,0.99,0.98,-0.01,-0.01,73512.7,1775945998000
1775946000.454,300.454,0.02,0.01,0.99,0.98,-0.01,-0.01,73517.08,1775945999000

# RESULT,winner=Down,slug=btc-updown-5m-1775945700,ticks=732
