timestamp,elapsed_sec,up_bid,up_ask,down_bid,down_ask,up_spread,down_spread,btc_price,btc_oracle_ts
1777069500.603,0.603,0.5,0.51,0.49,0.5,0.01,0.01,77609.63,1777069499000
1777069501.24,1.24,0.5,0.51,0.49,0.5,0.01,0.01,77609.63,1777069499000
1777069501.691,1.691,0.5,0.51,0.49,0.5,0.01,0.01,77609.52,1777069500000
1777069502.031,2.031,0.5,0.51,0.49,0.5,0.01,0.01,77608.23,1777069501000
1777069502.686,2.686,0.5,0.51,0.49,0.5,0.01,0.01,77608.23,1777069501000
1777069503.101,3.101,0.5,0.51,0.49,0.5,0.01,0.01,77608.23,1777069502000
1777069503.913,3.913,0.5,0.51,0.49,0.5,0.01,0.01,77608.23,1777069502000
1777069504.282,4.282,0.5,0.51,0.49,0.5,0.01,0.01,77608.22,1777069503000
1777069504.858,4.858,0.5,0.51,0.49,0.5,0.01,0.01,77608.22,1777069503000
1777069505.356,5.356,0.5,0.51,0.49,0.5,0.01,0.01,77607.62,1777069504000
1777069505.794,5.794,0.5,0.51,0.49,0.5,0.01,0.01,77607.62,1777069504000
1777069506.15,6.15,0.5,0.51,0.49,0.5,0.01,0.01,77607.62,1777069504000
1777069506.644,6.644,0.5,0.51,0.49,0.5,0.01,0.01,77607.55,1777069505000
1777069507.132,7.132,0.5,0.51,0.49,0.5,0.01,0.01,77607.55,1777069506000
1777069507.543,7.543,0.5,0.51,0.49,0.5,0.01,0.01,77607.55,1777069506000
1777069507.926,7.926,0.5,0.51,0.49,0.5,0.01,0.01,77607.55,1777069506000
1777069508.345,8.345,0.5,0.51,0.49,0.5,0.01,0.01,77607.56,1777069507000
1777069509.039,9.039,0.5,0.51,0.49,0.5,0.01,0.01,77607.56,1777069507000
1777069509.389,9.389,0.5,0.51,0.49,0.5,0.01,0.01,77607.56,1777069508000
1777069509.78,9.78,0.5,0.51,0.49,0.5,0.01,0.01,77607.56,1777069508000
1777069510.177,10.177,0.5,0.51,0.49,0.5,0.01,0.01,77607.58,1777069509000
1777069511.164,11.164,0.5,0.51,0.49,0.5,0.01,0.01,77607.58,1777069509000
1777069511.669,11.669,0.5,0.51,0.49,0.5,0.01,0.01,77607.93,1777069510000
1777069512.095,12.095,0.5,0.51,0.49,0.5,0.01,0.01,77607.93,1777069510000
1777069512.451,12.451,0.5,0.51,0.49,0.5,0.01,0.01,77607.93,1777069511000
1777069512.799,12.799,0.5,0.51,0.49,0.5,0.01,0.01,77607.93,1777069511000
1777069513.21,13.21,0.5,0.51,0.49,0.5,0.01,0.01,77607.76,1777069512000
1777069514.692,14.692,0.5,0.51,0.49,0.5,0.01,0.01,77607.93,1777069513000
1777069515.306,15.306,0.5,0.51,0.49,0.5,0.01,0.01,77607.7,1777069514000
1777069516.009,16.009,0.5,0.51,0.49,0.5,0.01,0.01,77607.68,1777069515000
1777069516.371,16.371,0.5,0.51,0.49,0.5,0.01,0.01,77607.68,1777069515000
1777069517.022,17.022,0.51,0.52,0.48,0.5,0.01,0.02,77607.68,1777069515000
1777069517.393,17.393,0.51,0.52,0.48,0.49,0.01,0.01,77607.68,1777069515000
1777069517.735,17.735,0.5,0.52,0.48,0.5,0.02,0.02,77607.58,1777069516000
1777069518.106,18.106,0.5,0.51,0.49,0.5,0.01,0.01,77607.58,1777069516000
1777069518.451,18.451,0.5,0.51,0.49,0.5,0.01,0.01,77607.59,1777069517000
1777069519.315,19.315,0.51,0.52,0.48,0.5,0.01,0.02,77607.59,1777069517000
1777069519.826,19.826,0.51,0.52,0.48,0.49,0.01,0.01,77607.6,1777069518000
1777069520.391,20.391,0.51,0.52,0.48,0.49,0.01,0.01,77607.72,1777069519000
1777069520.873,20.873,0.51,0.52,0.48,0.49,0.01,0.01,77607.72,1777069519000
1777069521.233,21.233,0.51,0.52,0.48,0.49,0.01,0.01,77607.72,1777069520000
1777069521.775,21.775,0.51,0.52,0.48,0.49,0.01,0.01,77607.72,1777069520000
1777069522.45,22.45,0.51,0.52,0.48,0.49,0.01,0.01,77607.72,1777069520000
1777069522.823,22.823,0.51,0.52,0.48,0.49,0.01,0.01,77607.83,1777069521000
1777069523.324,23.324,0.51,0.52,0.48,0.49,0.01,0.01,77607.83,1777069521000
1777069523.754,23.754,0.5,0.52,0.48,0.49,0.02,0.01,77607.75,1777069522000
1777069524.1,24.1,0.5,0.51,0.49,0.5,0.01,0.01,77607.63,1777069523000
1777069525.287,25.287,0.5,0.51,0.49,0.5,0.01,0.01,77607.63,1777069523000
1777069525.684,25.684,0.5,0.51,0.49,0.5,0.01,0.01,77607.65,1777069524000
1777069526.248,26.248,0.5,0.51,0.49,0.5,0.01,0.01,77607.65,1777069525000
1777069526.775,26.775,0.5,0.51,0.49,0.5,0.01,0.01,77607.65,1777069525000
1777069527.12,27.12,0.5,0.51,0.49,0.5,0.01,0.01,77607.65,1777069525000
1777069528.15,28.15,0.5,0.51,0.49,0.5,0.01,0.01,77607.61,1777069526000
1777069528.501,28.501,0.5,0.51,0.49,0.5,0.01,0.01,77607.6,1777069527000
1777069528.851,28.851,0.5,0.51,0.49,0.5,0.01,0.01,77607.6,1777069527000
1777069529.203,29.203,0.5,0.52,0.48,0.49,0.02,0.01,77607.6,1777069527000
1777069529.577,29.577,0.5,0.51,0.49,0.5,0.01,0.01,77607.78,1777069528000
1777069529.967,29.967,0.5,0.51,0.49,0.5,0.01,0.01,77607.78,1777069528000
1777069531.105,31.105,0.5,0.51,0.49,0.5,0.01,0.01,77607.78,1777069529000
1777069531.918,31.918,0.5,0.51,0.49,0.5,0.01,0.01,77607.78,1777069530000
1777069532.332,32.332,0.5,0.51,0.49,0.5,0.01,0.01,77607.78,1777069531000
1777069532.772,32.772,0.5,0.51,0.49,0.5,0.01,0.01,77607.78,1777069531000
1777069533.372,33.372,0.5,0.51,0.49,0.5,0.01,0.01,77607.78,1777069531000
1777069533.732,33.732,0.5,0.51,0.49,0.5,0.01,0.01,77607.71,1777069532000
1777069534.089,34.089,0.5,0.51,0.49,0.5,0.01,0.01,77607.71,1777069533000
1777069534.942,34.942,0.49,0.51,0.49,0.5,0.02,0.01,77607.71,1777069533000
1777069535.343,35.343,0.49,0.5,0.5,0.51,0.01,0.01,77607.71,1777069534000
1777069536.069,36.069,0.49,0.5,0.5,0.51,0.01,0.01,77607.71,1777069535000
1777069536.896,36.896,0.49,0.5,0.5,0.51,0.01,0.01,77607.71,1777069535000
1777069537.265,37.265,0.42,0.45,0.56,0.6,0.03,0.04,77607.71,1777069536000
1777069537.681,37.681,0.4,0.41,0.57,0.6,0.01,0.03,77607.71,1777069536000
1777069538.114,38.114,0.4,0.41,0.59,0.6,0.01,0.01,77607.71,1777069536000
1777069538.465,38.465,0.39,0.4,0.6,0.61,0.01,0.01,77607.61,1777069537000
1777069538.969,38.969,0.38,0.39,0.61,0.62,0.01,0.01,77607.61,1777069537000
1777069539.325,39.325,0.38,0.39,0.61,0.62,0.01,0.01,77607.61,1777069537000
1777069539.82,39.82,0.38,0.39,0.61,0.62,0.01,0.01,77602.16,1777069538000
1777069540.218,40.218,0.38,0.39,0.61,0.62,0.01,0.01,77599.19,1777069539000
1777069540.981,40.981,0.38,0.39,0.61,0.62,0.01,0.01,77599.19,1777069539000
1777069541.354,41.354,0.38,0.39,0.61,0.62,0.01,0.01,77599.19,1777069539000
1777069541.927,41.927,0.38,0.39,0.61,0.62,0.01,0.01,77599.0,1777069541000
1777069542.413,42.413,0.38,0.39,0.61,0.62,0.01,0.01,77599.0,1777069541000
1777069542.901,42.901,0.37,0.39,0.61,0.63,0.02,0.02,77599.0,1777069542000
1777069543.333,43.333,0.35,0.37,0.63,0.64,0.02,0.01,77599.0,1777069542000
1777069543.802,43.802,0.34,0.38,0.61,0.65,0.04,0.04,77599.0,1777069542000
1777069544.518,44.518,0.34,0.38,0.62,0.66,0.04,0.04,77598.87,1777069543000
1777069544.857,44.857,0.35,0.37,0.63,0.65,0.02,0.02,77598.87,1777069543000
1777069545.211,45.211,0.32,0.36,0.64,0.68,0.04,0.04,77595.54,1777069544000
1777069545.582,45.582,0.35,0.36,0.64,0.65,0.01,0.01,77595.54,1777069544000
1777069545.969,45.969,0.34,0.35,0.65,0.67,0.01,0.02,77594.86,1777069545000
1777069546.308,46.308,0.31,0.35,0.65,0.69,0.04,0.04,77594.86,1777069545000
1777069546.641,46.641,0.27,0.32,0.68,0.73,0.05,0.05,77594.86,1777069545000
1777069547.024,47.024,0.27,0.29,0.71,0.73,0.02,0.02,77594.85,1777069546000
1777069547.395,47.395,0.26,0.27,0.73,0.75,0.01,0.02,77594.85,1777069546000
1777069547.753,47.753,0.25,0.26,0.73,0.75,0.01,0.02,77594.85,1777069546000
1777069548.108,48.108,0.25,0.26,0.74,0.75,0.01,0.01,77589.31,1777069547000
1777069548.463,48.463,0.25,0.26,0.74,0.75,0.01,0.01,77589.31,1777069547000
1777069548.849,48.849,0.25,0.26,0.74,0.75,0.01,0.01,77587.51,1777069548000
1777069549.215,49.215,0.25,0.26,0.74,0.75,0.01,0.01,77587.51,1777069548000
1777069549.84,49.84,0.25,0.26,0.74,0.75,0.01,0.01,77587.51,1777069548000
1777069550.205,50.205,0.25,0.26,0.74,0.75,0.01,0.01,77584.34,1777069549000
1777069550.805,50.805,0.25,0.26,0.74,0.75,0.01,0.01,77584.34,1777069549000
1777069551.144,51.144,0.25,0.26,0.74,0.75,0.01,0.01,77584.32,1777069550000
1777069551.556,51.556,0.25,0.26,0.74,0.75,0.01,0.01,77584.32,1777069550000
1777069551.956,51.956,0.25,0.26,0.74,0.75,0.01,0.01,77584.32,1777069550000
1777069552.312,52.312,0.25,0.26,0.74,0.75,0.01,0.01,77584.3,1777069551000
1777069552.712,52.712,0.26,0.27,0.73,0.74,0.01,0.01,77584.3,1777069551000
1777069553.126,53.126,0.26,0.27,0.73,0.74,0.01,0.01,77584.3,1777069552000
1777069553.652,53.652,0.26,0.27,0.73,0.74,0.01,0.01,77584.3,1777069552000
1777069554.242,54.242,0.26,0.27,0.73,0.74,0.01,0.01,77584.3,1777069552000
1777069554.648,54.648,0.26,0.27,0.73,0.74,0.01,0.01,77585.9,1777069553000
1777069555.094,55.094,0.26,0.28,0.73,0.74,0.02,0.01,77586.69,1777069554000
1777069555.885,55.885,0.27,0.28,0.72,0.73,0.01,0.01,77586.69,1777069554000
1777069556.264,56.264,0.27,0.28,0.72,0.73,0.01,0.01,77586.81,1777069555000
1777069556.651,56.651,0.27,0.28,0.72,0.73,0.01,0.01,77586.81,1777069555000
1777069557.079,57.079,0.28,0.29,0.71,0.72,0.01,0.01,77586.74,1777069556000
1777069557.572,57.572,0.28,0.29,0.71,0.72,0.01,0.01,77586.74,1777069556000
1777069558.028,58.028,0.28,0.29,0.71,0.72,0.01,0.01,77586.74,1777069556000
1777069558.448,58.448,0.28,0.29,0.71,0.73,0.01,0.02,77586.74,1777069557000
1777069558.914,58.914,0.28,0.29,0.71,0.72,0.01,0.01,77586.74,1777069557000
1777069559.629,59.629,0.28,0.29,0.71,0.72,0.01,0.01,77586.91,1777069558000
1777069560.169,60.169,0.28,0.29,0.71,0.72,0.01,0.01,77586.91,1777069558000
1777069560.526,60.526,0.28,0.29,0.71,0.72,0.01,0.01,77586.82,1777069559000
1777069560.995,60.995,0.27,0.28,0.72,0.73,0.01,0.01,77586.82,1777069559000
1777069561.403,61.403,0.27,0.28,0.72,0.73,0.01,0.01,77586.79,1777069560000
1777069561.863,61.863,0.27,0.28,0.72,0.73,0.01,0.01,77586.79,1777069560000
1777069562.247,62.247,0.27,0.28,0.72,0.73,0.01,0.01,77586.79,1777069560000
1777069562.998,62.998,0.27,0.28,0.72,0.73,0.01,0.01,77586.71,1777069561000
1777069563.397,63.397,0.27,0.28,0.72,0.73,0.01,0.01,77586.71,1777069561000
1777069563.768,63.768,0.27,0.28,0.72,0.73,0.01,0.01,77584.61,1777069562000
1777069564.24,64.24,0.27,0.28,0.72,0.73,0.01,0.01,77583.26,1777069563000
1777069564.908,64.908,0.27,0.28,0.72,0.73,0.01,0.01,77582.88,1777069564000
1777069565.307,65.307,0.26,0.27,0.73,0.74,0.01,0.01,77582.88,1777069564000
1777069565.78,65.78,0.26,0.27,0.73,0.74,0.01,0.01,77582.88,1777069564000
1777069566.303,66.303,0.26,0.27,0.73,0.74,0.01,0.01,77582.88,1777069565000
1777069566.883,66.883,0.26,0.27,0.73,0.74,0.01,0.01,77582.88,1777069565000
1777069567.221,67.221,0.26,0.27,0.73,0.74,0.01,0.01,77582.59,1777069566000
1777069567.929,67.929,0.26,0.27,0.73,0.74,0.01,0.01,77582.59,1777069566000
1777069568.467,68.467,0.27,0.28,0.72,0.73,0.01,0.01,77582.59,1777069566000
1777069568.804,68.804,0.27,0.28,0.72,0.73,0.01,0.01,77582.59,1777069566000
1777069569.156,69.156,0.27,0.28,0.72,0.73,0.01,0.01,77582.3,1777069567000
1777069569.555,69.555,0.27,0.28,0.72,0.73,0.01,0.01,77582.3,1777069567000
1777069570.029,70.029,0.26,0.27,0.73,0.74,0.01,0.01,77582.3,1777069568000
1777069570.624,70.624,0.27,0.28,0.72,0.74,0.01,0.02,77582.3,1777069569000
1777069571.05,71.05,0.27,0.28,0.72,0.73,0.01,0.01,77582.3,1777069569000
1777069571.385,71.385,0.27,0.28,0.72,0.73,0.01,0.01,77582.36,1777069570000
1777069571.764,71.764,0.26,0.27,0.73,0.74,0.01,0.01,77582.36,1777069570000
1777069572.099,72.099,0.26,0.27,0.73,0.74,0.01,0.01,77582.31,1777069571000
1777069572.453,72.453,0.26,0.27,0.73,0.74,0.01,0.01,77582.31,1777069571000
1777069572.79,72.79,0.26,0.27,0.73,0.74,0.01,0.01,77582.31,1777069571000
1777069573.129,73.129,0.26,0.27,0.73,0.74,0.01,0.01,77582.53,1777069572000
1777069573.465,73.465,0.26,0.27,0.73,0.74,0.01,0.01,77582.53,1777069572000
1777069573.838,73.838,0.26,0.27,0.73,0.74,0.01,0.01,77582.53,1777069572000
1777069574.19,74.19,0.26,0.27,0.73,0.74,0.01,0.01,77582.53,1777069573000
1777069574.524,74.524,0.26,0.27,0.73,0.74,0.01,0.01,77582.53,1777069573000
1777069574.942,74.942,0.26,0.27,0.73,0.74,0.01,0.01,77582.53,1777069573000
1777069575.275,75.275,0.26,0.27,0.73,0.74,0.01,0.01,77582.53,1777069573000
1777069575.633,75.633,0.26,0.27,0.73,0.74,0.01,0.01,77582.55,1777069574000
1777069576.011,76.011,0.26,0.27,0.73,0.74,0.01,0.01,77582.55,1777069574000
1777069576.723,76.723,0.25,0.26,0.74,0.75,0.01,0.01,77582.79,1777069575000
1777069577.113,77.113,0.25,0.26,0.74,0.75,0.01,0.01,77582.79,1777069575000
1777069577.69,77.69,0.25,0.26,0.74,0.75,0.01,0.01,77584.14,1777069576000
1777069578.063,78.063,0.25,0.26,0.74,0.75,0.01,0.01,77584.14,1777069576000
1777069578.796,78.796,0.26,0.27,0.74,0.75,0.01,0.01,77585.96,1777069577000
1777069579.174,79.174,0.26,0.27,0.73,0.74,0.01,0.01,77585.96,1777069577000
1777069579.55,79.55,0.26,0.27,0.73,0.74,0.01,0.01,77585.96,1777069578000
1777069580.08,80.08,0.26,0.27,0.73,0.74,0.01,0.01,77585.96,1777069578000
1777069580.419,80.419,0.34,0.38,0.62,0.66,0.04,0.04,77586.22,1777069579000
1777069580.759,80.759,0.37,0.42,0.57,0.63,0.05,0.06,77586.22,1777069579000
1777069581.147,81.147,0.42,0.43,0.57,0.58,0.01,0.01,77586.22,1777069579000
1777069581.506,81.506,0.43,0.44,0.56,0.57,0.01,0.01,77586.46,1777069580000
1777069581.858,81.858,0.43,0.44,0.56,0.57,0.01,0.01,77586.46,1777069580000
1777069582.275,82.275,0.41,0.44,0.56,0.57,0.03,0.01,77592.75,1777069581000
1777069582.624,82.624,0.33,0.34,0.66,0.67,0.01,0.01,77592.75,1777069581000
1777069583.068,83.068,0.33,0.34,0.66,0.67,0.01,0.01,77592.75,1777069581000
1777069583.405,83.405,0.33,0.34,0.66,0.67,0.01,0.01,77592.75,1777069581000
1777069583.742,83.742,0.33,0.34,0.66,0.67,0.01,0.01,77595.61,1777069582000
1777069584.094,84.094,0.32,0.33,0.67,0.68,0.01,0.01,77595.61,1777069582000
1777069584.5,84.5,0.32,0.33,0.67,0.68,0.01,0.01,77595.61,1777069582000
1777069585.004,85.004,0.32,0.33,0.67,0.68,0.01,0.01,77594.39,1777069583000
1777069585.404,85.404,0.32,0.33,0.67,0.68,0.01,0.01,77590.56,1777069584000
1777069585.979,85.979,0.32,0.33,0.67,0.68,0.01,0.01,77590.56,1777069584000
1777069586.398,86.398,0.32,0.33,0.67,0.68,0.01,0.01,77590.45,1777069585000
1777069586.797,86.797,0.32,0.33,0.67,0.68,0.01,0.01,77590.45,1777069585000
1777069587.14,87.14,0.32,0.34,0.67,0.68,0.02,0.01,77590.45,1777069585000
1777069587.498,87.498,0.33,0.34,0.66,0.67,0.01,0.01,77590.45,1777069585000
1777069587.86,87.86,0.33,0.34,0.66,0.67,0.01,0.01,77590.83,1777069586000
1777069588.421,88.421,0.33,0.34,0.66,0.67,0.01,0.01,77590.71,1777069587000
1777069589.149,89.149,0.33,0.35,0.66,0.67,0.02,0.01,77590.71,1777069587000
1777069589.487,89.487,0.35,0.36,0.64,0.65,0.01,0.01,77590.71,1777069588000
1777069590.419,90.419,0.36,0.37,0.63,0.64,0.01,0.01,77590.71,1777069588000
1777069591.395,91.395,0.36,0.37,0.63,0.64,0.01,0.01,77591.18,1777069589000
1777069591.756,91.756,0.42,0.45,0.53,0.59,0.03,0.06,77593.05,1777069590000
1777069592.097,92.097,0.46,0.47,0.53,0.54,0.01,0.01,77593.96,1777069591000
1777069592.438,92.438,0.46,0.47,0.53,0.54,0.01,0.01,77593.96,1777069591000
1777069592.784,92.784,0.46,0.47,0.53,0.54,0.01,0.01,77593.96,1777069591000
1777069593.162,93.162,0.46,0.47,0.53,0.54,0.01,0.01,77593.96,1777069591000
1777069593.509,93.509,0.46,0.47,0.53,0.54,0.01,0.01,77594.95,1777069592000
1777069593.926,93.926,0.46,0.47,0.53,0.54,0.01,0.01,77594.95,1777069592000
1777069594.312,94.312,0.28,0.35,0.65,0.71,0.07,0.06,77596.87,1777069593000
1777069594.773,94.773,0.28,0.35,0.65,0.72,0.07,0.07,77596.87,1777069593000
1777069595.27,95.27,0.28,0.35,0.65,0.72,0.07,0.07,77596.87,1777069593000
1777069595.608,95.608,0.27,0.35,0.65,0.73,0.08,0.08,77583.74,1777069594000
1777069596.015,96.015,0.3,0.36,0.64,0.73,0.06,0.09,77583.74,1777069594000
1777069596.349,96.349,0.25,0.29,0.71,0.72,0.04,0.01,77583.74,1777069594000
1777069596.758,96.758,0.27,0.29,0.73,0.76,0.02,0.03,77583.06,1777069595000
1777069597.129,97.129,0.25,0.27,0.73,0.75,0.02,0.02,77583.06,1777069595000
1777069597.684,97.684,0.26,0.27,0.73,0.74,0.01,0.01,77582.54,1777069596000
1777069598.075,98.075,0.26,0.27,0.73,0.74,0.01,0.01,77582.54,1777069596000
1777069598.628,98.628,0.25,0.26,0.74,0.75,0.01,0.01,77582.55,1777069597000
1777069599.272,99.272,0.25,0.26,0.74,0.75,0.01,0.01,77582.55,1777069597000
1777069600.172,100.172,0.25,0.26,0.74,0.75,0.01,0.01,77582.59,1777069598000
1777069600.533,100.533,0.25,0.26,0.74,0.75,0.01,0.01,77582.59,1777069598000
1777069600.877,100.877,0.25,0.26,0.74,0.75,0.01,0.01,77583.07,1777069599000
1777069601.318,101.318,0.25,0.26,0.74,0.75,0.01,0.01,77583.07,1777069599000
1777069601.921,101.921,0.25,0.26,0.74,0.75,0.01,0.01,77583.07,1777069600000
1777069602.476,102.476,0.25,0.26,0.74,0.75,0.01,0.01,77583.07,1777069600000
1777069602.888,102.888,0.25,0.27,0.74,0.75,0.02,0.01,77583.07,1777069601000
1777069603.245,103.245,0.27,0.28,0.72,0.74,0.01,0.02,77583.07,1777069602000
1777069603.61,103.61,0.27,0.28,0.72,0.73,0.01,0.01,77583.07,1777069602000
1777069603.951,103.951,0.27,0.28,0.72,0.73,0.01,0.01,77583.07,1777069602000
1777069604.342,104.342,0.27,0.28,0.72,0.73,0.01,0.01,77583.07,1777069602000
1777069604.687,104.687,0.27,0.28,0.72,0.73,0.01,0.01,77583.07,1777069603000
1777069605.181,105.181,0.27,0.28,0.72,0.73,0.01,0.01,77583.08,1777069604000
1777069605.734,105.734,0.27,0.28,0.72,0.73,0.01,0.01,77583.08,1777069604000
1777069606.558,106.558,0.27,0.28,0.72,0.73,0.01,0.01,77583.08,1777069605000
1777069606.928,106.928,0.27,0.28,0.72,0.73,0.01,0.01,77583.08,1777069605000
1777069607.329,107.329,0.27,0.28,0.72,0.73,0.01,0.01,77583.08,1777069606000
1777069607.795,107.795,0.27,0.28,0.72,0.73,0.01,0.01,77583.08,1777069606000
1777069608.18,108.18,0.27,0.28,0.72,0.73,0.01,0.01,77583.08,1777069606000
1777069608.629,108.629,0.27,0.28,0.72,0.73,0.01,0.01,77583.08,1777069607000
1777069609.128,109.128,0.27,0.28,0.72,0.73,0.01,0.01,77583.08,1777069607000
1777069609.497,109.497,0.27,0.28,0.72,0.73,0.01,0.01,77583.09,1777069608000
1777069610.028,110.028,0.27,0.28,0.72,0.73,0.01,0.01,77583.09,1777069609000
1777069610.47,110.47,0.27,0.28,0.72,0.73,0.01,0.01,77583.09,1777069609000
1777069610.875,110.875,0.27,0.28,0.72,0.73,0.01,0.01,77583.09,1777069609000
1777069611.235,111.235,0.27,0.28,0.72,0.73,0.01,0.01,77583.1,1777069610000
1777069611.583,111.583,0.27,0.28,0.72,0.73,0.01,0.01,77583.1,1777069610000
1777069612.143,112.143,0.27,0.28,0.72,0.73,0.01,0.01,77583.1,1777069610000
1777069612.492,112.492,0.27,0.28,0.72,0.73,0.01,0.01,77583.1,1777069611000
1777069613.041,113.041,0.27,0.28,0.72,0.73,0.01,0.01,77583.1,1777069611000
1777069613.424,113.424,0.27,0.28,0.72,0.73,0.01,0.01,77583.1,1777069612000
1777069613.796,113.796,0.27,0.28,0.72,0.73,0.01,0.01,77583.1,1777069612000
1777069614.504,114.504,0.27,0.28,0.72,0.73,0.01,0.01,77583.45,1777069613000
1777069615.297,115.297,0.27,0.28,0.72,0.73,0.01,0.01,77584.87,1777069614000
1777069615.66,115.66,0.34,0.37,0.63,0.68,0.03,0.05,77584.87,1777069614000
1777069616.006,116.006,0.35,0.36,0.64,0.65,0.01,0.01,77584.87,1777069614000
1777069616.418,116.418,0.35,0.36,0.64,0.65,0.01,0.01,77584.87,1777069614000
1777069616.763,116.763,0.35,0.36,0.64,0.65,0.01,0.01,77585.56,1777069615000
1777069617.303,117.303,0.35,0.36,0.64,0.65,0.01,0.01,77585.56,1777069615000
1777069617.636,117.636,0.35,0.36,0.64,0.65,0.01,0.01,77585.56,1777069615000
1777069617.986,117.986,0.35,0.36,0.64,0.65,0.01,0.01,77589.16,1777069616000
1777069618.363,118.363,0.33,0.34,0.65,0.67,0.01,0.02,77589.6,1777069617000
1777069618.992,118.992,0.33,0.34,0.66,0.67,0.01,0.01,77589.6,1777069617000
1777069619.346,119.346,0.33,0.34,0.66,0.67,0.01,0.01,77589.6,1777069618000
1777069619.879,119.879,0.33,0.34,0.66,0.67,0.01,0.01,77589.54,1777069619000
1777069620.286,120.286,0.33,0.34,0.66,0.67,0.01,0.01,77589.54,1777069619000
1777069620.834,120.834,0.32,0.33,0.66,0.67,0.01,0.01,77589.54,1777069619000
1777069621.172,121.172,0.32,0.33,0.67,0.68,0.01,0.01,77589.63,1777069620000
1777069621.521,121.521,0.32,0.33,0.67,0.68,0.01,0.01,77589.63,1777069620000
1777069621.918,121.918,0.32,0.33,0.67,0.68,0.01,0.01,77590.17,1777069621000
1777069622.352,122.352,0.32,0.33,0.67,0.68,0.01,0.01,77590.17,1777069621000
1777069623.002,123.002,0.32,0.33,0.67,0.68,0.01,0.01,77590.56,1777069622000
1777069623.534,123.534,0.31,0.32,0.67,0.68,0.01,0.01,77590.56,1777069622000
1777069623.999,123.999,0.31,0.32,0.68,0.69,0.01,0.01,77590.57,1777069623000
1777069624.551,124.551,0.31,0.32,0.68,0.69,0.01,0.01,77590.57,1777069623000
1777069624.961,124.961,0.31,0.32,0.68,0.69,0.01,0.01,77590.57,1777069624000
1777069625.355,125.355,0.32,0.33,0.67,0.68,0.01,0.01,77590.57,1777069624000
1777069625.707,125.707,0.35,0.36,0.64,0.65,0.01,0.01,77590.57,1777069624000
1777069626.098,126.098,0.35,0.36,0.64,0.65,0.01,0.01,77590.54,1777069625000
1777069626.571,126.571,0.35,0.36,0.64,0.65,0.01,0.01,77590.54,1777069625000
1777069627.105,127.105,0.35,0.36,0.64,0.65,0.01,0.01,77590.54,1777069625000
1777069627.452,127.452,0.35,0.36,0.64,0.65,0.01,0.01,77590.56,1777069626000
1777069627.798,127.798,0.35,0.36,0.64,0.65,0.01,0.01,77590.56,1777069626000
1777069628.575,128.575,0.33,0.34,0.64,0.67,0.01,0.03,77591.19,1777069627000
1777069628.956,128.956,0.33,0.34,0.66,0.67,0.01,0.01,77591.19,1777069627000
1777069629.389,129.389,0.33,0.34,0.66,0.67,0.01,0.01,77589.69,1777069628000
1777069629.966,129.966,0.33,0.34,0.66,0.67,0.01,0.01,77589.69,1777069628000
1777069630.355,130.355,0.33,0.34,0.66,0.67,0.01,0.01,77591.53,1777069629000
1777069630.743,130.743,0.33,0.34,0.66,0.67,0.01,0.01,77591.53,1777069629000
1777069631.274,131.274,0.32,0.34,0.66,0.67,0.02,0.01,77591.53,1777069629000
1777069631.63,131.63,0.32,0.33,0.67,0.68,0.01,0.01,77591.53,1777069630000
1777069631.977,131.977,0.32,0.33,0.67,0.68,0.01,0.01,77591.53,1777069631000
1777069632.327,132.327,0.32,0.33,0.67,0.68,0.01,0.01,77591.53,1777069631000
1777069633.077,133.077,0.32,0.33,0.67,0.68,0.01,0.01,77590.91,1777069632000
1777069633.446,133.446,0.32,0.33,0.67,0.68,0.01,0.01,77590.91,1777069632000
1777069633.997,133.997,0.32,0.33,0.67,0.68,0.01,0.01,77590.91,1777069632000
1777069634.337,134.337,0.32,0.33,0.67,0.68,0.01,0.01,77591.38,1777069633000
1777069634.694,134.694,0.32,0.33,0.67,0.68,0.01,0.01,77591.38,1777069633000
1777069635.095,135.095,0.32,0.33,0.67,0.68,0.01,0.01,77591.38,1777069633000
1777069635.781,135.781,0.32,0.33,0.67,0.68,0.01,0.01,77591.39,1777069634000
1777069636.307,136.307,0.32,0.33,0.67,0.68,0.01,0.01,77591.39,1777069635000
1777069637.226,137.226,0.32,0.33,0.67,0.68,0.01,0.01,77591.49,1777069636000
1777069637.7,137.7,0.33,0.34,0.66,0.68,0.01,0.02,77591.49,1777069636000
1777069638.391,138.391,0.34,0.35,0.65,0.66,0.01,0.01,77591.52,1777069637000
1777069638.866,138.866,0.34,0.35,0.65,0.66,0.01,0.01,77591.52,1777069637000
1777069639.295,139.295,0.34,0.35,0.65,0.66,0.01,0.01,77591.52,1777069637000
1777069639.753,139.753,0.34,0.35,0.65,0.66,0.01,0.01,77591.52,1777069638000
1777069640.358,140.358,0.34,0.35,0.65,0.66,0.01,0.01,77592.41,1777069639000
1777069640.697,140.697,0.34,0.35,0.65,0.66,0.01,0.01,77592.41,1777069639000
1777069641.121,141.121,0.32,0.35,0.65,0.66,0.03,0.01,77592.41,1777069639000
1777069641.514,141.514,0.32,0.33,0.65,0.68,0.01,0.03,77592.4,1777069640000
1777069641.985,141.985,0.32,0.33,0.67,0.68,0.01,0.01,77592.41,1777069641000
1777069642.515,142.515,0.32,0.33,0.67,0.68,0.01,0.01,77592.41,1777069641000
1777069642.945,142.945,0.32,0.33,0.67,0.68,0.01,0.01,77592.26,1777069642000
1777069643.962,143.962,0.32,0.33,0.67,0.68,0.01,0.01,77592.31,1777069643000
1777069644.806,144.806,0.32,0.33,0.67,0.68,0.01,0.01,77592.31,1777069643000
1777069645.209,145.209,0.32,0.33,0.67,0.68,0.01,0.01,77592.31,1777069644000
1777069645.867,145.867,0.32,0.33,0.67,0.68,0.01,0.01,77592.31,1777069644000
1777069646.238,146.238,0.32,0.34,0.66,0.68,0.02,0.02,77592.33,1777069645000
1777069646.605,146.605,0.33,0.34,0.66,0.68,0.01,0.02,77592.33,1777069645000
1777069647.487,147.487,0.33,0.34,0.66,0.67,0.01,0.01,77592.31,1777069646000
1777069647.876,147.876,0.33,0.34,0.66,0.67,0.01,0.01,77592.31,1777069646000
1777069648.25,148.25,0.33,0.34,0.66,0.67,0.01,0.01,77592.31,1777069647000
1777069648.638,148.638,0.33,0.34,0.66,0.67,0.01,0.01,77592.31,1777069647000
1777069649.481,149.481,0.33,0.34,0.66,0.67,0.01,0.01,77592.31,1777069647000
1777069650.012,150.012,0.33,0.34,0.66,0.67,0.01,0.01,77592.35,1777069649000
1777069650.352,150.352,0.33,0.34,0.66,0.67,0.01,0.01,77592.35,1777069649000
1777069650.719,150.719,0.33,0.34,0.66,0.67,0.01,0.01,77592.35,1777069649000
1777069651.204,151.204,0.33,0.34,0.66,0.67,0.01,0.01,77592.35,1777069649000
1777069651.912,151.912,0.33,0.34,0.66,0.67,0.01,0.01,77592.37,1777069650000
1777069652.513,152.513,0.33,0.34,0.66,0.67,0.01,0.01,77592.41,1777069651000
1777069652.886,152.886,0.33,0.34,0.66,0.67,0.01,0.01,77592.41,1777069651000
1777069653.253,153.253,0.33,0.34,0.66,0.67,0.01,0.01,77592.42,1777069652000
1777069653.989,153.989,0.33,0.34,0.66,0.67,0.01,0.01,77592.42,1777069652000
1777069654.504,154.504,0.33,0.34,0.66,0.67,0.01,0.01,77592.42,1777069653000
1777069655.014,155.014,0.33,0.34,0.66,0.67,0.01,0.01,77592.41,1777069654000
1777069656.302,156.302,0.33,0.34,0.66,0.67,0.01,0.01,77592.41,1777069655000
1777069656.674,156.674,0.33,0.34,0.66,0.67,0.01,0.01,77592.41,1777069655000
1777069657.367,157.367,0.33,0.34,0.66,0.67,0.01,0.01,77592.39,1777069656000
1777069657.946,157.946,0.33,0.34,0.66,0.67,0.01,0.01,77592.39,1777069656000
1777069658.567,158.567,0.33,0.34,0.66,0.67,0.01,0.01,77592.39,1777069657000
1777069659.184,159.184,0.33,0.34,0.66,0.67,0.01,0.01,77592.39,1777069658000
1777069659.72,159.72,0.33,0.34,0.66,0.67,0.01,0.01,77592.39,1777069658000
1777069660.089,160.089,0.33,0.34,0.66,0.67,0.01,0.01,77592.39,1777069658000
1777069660.733,160.733,0.33,0.34,0.66,0.67,0.01,0.01,77592.39,1777069658000
1777069661.262,161.262,0.33,0.34,0.66,0.67,0.01,0.01,77592.4,1777069659000
1777069661.625,161.625,0.33,0.34,0.66,0.67,0.01,0.01,77592.39,1777069660000
1777069662.201,162.201,0.33,0.34,0.66,0.67,0.01,0.01,77592.39,1777069660000
1777069663.422,163.422,0.33,0.34,0.66,0.67,0.01,0.01,77592.41,1777069662000
1777069664.057,164.057,0.33,0.34,0.66,0.67,0.01,0.01,77592.41,1777069663000
1777069664.525,164.525,0.33,0.34,0.66,0.67,0.01,0.01,77592.41,1777069663000
1777069665.313,165.313,0.33,0.34,0.66,0.67,0.01,0.01,77592.43,1777069664000
1777069665.706,165.706,0.33,0.34,0.66,0.67,0.01,0.01,77592.43,1777069664000
1777069666.328,166.328,0.33,0.34,0.66,0.67,0.01,0.01,77592.42,1777069665000
1777069667.136,167.136,0.33,0.34,0.66,0.67,0.01,0.01,77592.53,1777069666000
1777069667.515,167.515,0.33,0.34,0.66,0.67,0.01,0.01,77592.53,1777069666000
1777069667.875,167.875,0.33,0.34,0.66,0.67,0.01,0.01,77592.53,1777069666000
1777069668.223,168.223,0.35,0.37,0.64,0.65,0.02,0.01,77592.53,1777069666000
1777069668.624,168.624,0.41,0.42,0.58,0.59,0.01,0.01,77592.56,1777069667000
1777069668.96,168.96,0.41,0.43,0.57,0.59,0.02,0.02,77592.56,1777069667000
1777069669.434,169.434,0.42,0.43,0.57,0.58,0.01,0.01,77592.56,1777069667000
1777069670.144,170.144,0.42,0.43,0.57,0.58,0.01,0.01,77594.28,1777069669000
1777069670.604,170.604,0.29,0.3,0.69,0.72,0.01,0.03,77594.28,1777069669000
1777069671.17,171.17,0.29,0.3,0.7,0.71,0.01,0.01,77594.28,1777069669000
1777069671.53,171.53,0.29,0.3,0.7,0.71,0.01,0.01,77596.24,1777069670000
1777069671.996,171.996,0.29,0.3,0.7,0.71,0.01,0.01,77594.86,1777069671000
1777069672.391,172.391,0.29,0.3,0.7,0.71,0.01,0.01,77594.86,1777069671000
1777069672.826,172.826,0.29,0.3,0.7,0.71,0.01,0.01,77594.86,1777069671000
1777069673.283,173.283,0.29,0.3,0.7,0.71,0.01,0.01,77593.27,1777069672000
1777069673.633,173.633,0.28,0.29,0.7,0.71,0.01,0.01,77593.27,1777069672000
1777069674.563,174.563,0.28,0.29,0.71,0.72,0.01,0.01,77593.15,1777069673000
1777069675.12,175.12,0.28,0.29,0.71,0.72,0.01,0.01,77593.01,1777069674000
1777069675.476,175.476,0.28,0.29,0.71,0.72,0.01,0.01,77593.01,1777069674000
1777069675.907,175.907,0.28,0.29,0.71,0.72,0.01,0.01,77593.01,1777069674000
1777069676.373,176.373,0.28,0.29,0.71,0.72,0.01,0.01,77593.01,1777069674000
1777069676.815,176.815,0.28,0.29,0.71,0.72,0.01,0.01,77593.01,1777069674000
1777069677.18,177.18,0.28,0.29,0.71,0.72,0.01,0.01,77592.12,1777069675000
1777069677.974,177.974,0.28,0.29,0.71,0.72,0.01,0.01,77592.33,1777069676000
1777069678.767,178.767,0.28,0.29,0.71,0.72,0.01,0.01,77593.08,1777069677000
1777069679.556,179.556,0.28,0.29,0.71,0.72,0.01,0.01,77593.08,1777069678000
1777069679.889,179.889,0.28,0.29,0.71,0.72,0.01,0.01,77593.08,1777069678000
1777069680.575,180.575,0.28,0.29,0.71,0.72,0.01,0.01,77593.15,1777069679000
1777069680.996,180.996,0.28,0.29,0.71,0.72,0.01,0.01,77593.15,1777069679000
1777069681.357,181.357,0.28,0.29,0.71,0.72,0.01,0.01,77593.15,1777069679000
1777069681.691,181.691,0.28,0.29,0.71,0.72,0.01,0.01,77593.15,1777069679000
1777069682.221,182.221,0.28,0.29,0.71,0.72,0.01,0.01,77593.17,1777069680000
1777069682.626,182.626,0.28,0.29,0.71,0.72,0.01,0.01,77593.17,1777069680000
1777069683.008,183.008,0.28,0.29,0.71,0.72,0.01,0.01,77593.09,1777069681000
1777069683.491,183.491,0.28,0.29,0.71,0.72,0.01,0.01,77593.09,1777069681000
1777069683.869,183.869,0.28,0.29,0.71,0.72,0.01,0.01,77593.2,1777069682000
1777069684.3,184.3,0.28,0.29,0.71,0.72,0.01,0.01,77593.2,1777069682000
1777069684.727,184.727,0.28,0.29,0.71,0.72,0.01,0.01,77593.05,1777069683000
1777069685.145,185.145,0.28,0.29,0.71,0.72,0.01,0.01,77593.05,1777069683000
1777069685.524,185.524,0.28,0.29,0.71,0.72,0.01,0.01,77593.05,1777069684000
1777069685.86,185.86,0.28,0.29,0.71,0.72,0.01,0.01,77593.05,1777069684000
1777069686.543,186.543,0.28,0.29,0.71,0.72,0.01,0.01,77593.08,1777069685000
1777069687.367,187.367,0.28,0.29,0.71,0.72,0.01,0.01,77593.08,1777069685000
1777069687.838,187.838,0.26,0.27,0.73,0.74,0.01,0.01,77592.33,1777069686000
1777069688.213,188.213,0.26,0.27,0.73,0.74,0.01,0.01,77592.33,1777069686000
1777069688.561,188.561,0.26,0.27,0.73,0.74,0.01,0.01,77592.51,1777069687000
1777069688.92,188.92,0.26,0.27,0.73,0.74,0.01,0.01,77592.51,1777069687000
1777069689.379,189.379,0.26,0.27,0.73,0.74,0.01,0.01,77592.51,1777069687000
1777069690.237,190.237,0.25,0.26,0.73,0.74,0.01,0.01,77592.51,1777069688000
1777069690.804,190.804,0.25,0.26,0.74,0.75,0.01,0.01,77592.64,1777069689000
1777069691.27,191.27,0.25,0.26,0.74,0.75,0.01,0.01,77592.64,1777069689000
1777069691.818,191.818,0.25,0.26,0.74,0.75,0.01,0.01,77593.22,1777069690000
1777069692.158,192.158,0.25,0.26,0.74,0.75,0.01,0.01,77593.22,1777069690000
1777069692.685,192.685,0.24,0.25,0.74,0.76,0.01,0.02,77593.22,1777069690000
1777069693.187,193.187,0.23,0.24,0.75,0.77,0.01,0.02,77594.27,1777069691000
1777069693.586,193.586,0.23,0.24,0.76,0.77,0.01,0.01,77593.68,1777069692000
1777069693.964,193.964,0.23,0.24,0.76,0.77,0.01,0.01,77593.68,1777069692000
1777069694.316,194.316,0.23,0.24,0.76,0.77,0.01,0.01,77593.68,1777069692000
1777069694.941,194.941,0.22,0.23,0.77,0.78,0.01,0.01,77593.68,1777069692000
1777069695.346,195.346,0.22,0.24,0.77,0.78,0.02,0.01,77590.95,1777069693000
1777069695.939,195.939,0.23,0.24,0.76,0.77,0.01,0.01,77590.95,1777069693000
1777069696.294,196.294,0.23,0.24,0.76,0.77,0.01,0.01,77590.56,1777069694000
1777069696.861,196.861,0.23,0.24,0.76,0.77,0.01,0.01,77590.56,1777069694000
1777069697.287,197.287,0.23,0.24,0.76,0.77,0.01,0.01,77590.84,1777069695000
1777069697.644,197.644,0.23,0.24,0.76,0.77,0.01,0.01,77590.84,1777069695000
1777069698.109,198.109,0.23,0.24,0.76,0.77,0.01,0.01,77590.91,1777069696000
1777069698.481,198.481,0.23,0.24,0.76,0.77,0.01,0.01,77590.74,1777069697000
1777069698.944,198.944,0.23,0.24,0.76,0.77,0.01,0.01,77590.74,1777069698000
1777069699.459,199.459,0.23,0.24,0.76,0.77,0.01,0.01,77590.74,1777069698000
1777069699.944,199.944,0.23,0.24,0.76,0.77,0.01,0.01,77590.73,1777069699000
1777069700.359,200.359,0.23,0.24,0.76,0.77,0.01,0.01,77590.73,1777069699000
1777069700.85,200.85,0.23,0.24,0.76,0.77,0.01,0.01,77590.73,1777069699000
1777069701.899,201.899,0.23,0.24,0.76,0.77,0.01,0.01,77590.49,1777069700000
1777069702.799,202.799,0.22,0.24,0.76,0.77,0.02,0.01,77590.49,1777069701000
1777069703.193,203.193,0.22,0.23,0.76,0.78,0.01,0.02,77590.47,1777069702000
1777069703.544,203.544,0.22,0.23,0.77,0.78,0.01,0.01,77590.47,1777069702000
1777069703.924,203.924,0.22,0.23,0.77,0.78,0.01,0.01,77590.43,1777069703000
1777069704.902,204.902,0.22,0.23,0.77,0.78,0.01,0.01,77590.41,1777069704000
1777069705.872,205.872,0.22,0.23,0.77,0.78,0.01,0.01,77590.45,1777069705000
1777069706.205,206.205,0.22,0.23,0.77,0.78,0.01,0.01,77590.45,1777069705000
1777069706.907,206.907,0.22,0.23,0.77,0.78,0.01,0.01,77590.33,1777069706000
1777069707.256,207.256,0.22,0.23,0.77,0.78,0.01,0.01,77590.33,1777069706000
1777069707.618,207.618,0.22,0.23,0.77,0.78,0.01,0.01,77590.33,1777069706000
1777069708.248,208.248,0.22,0.23,0.77,0.78,0.01,0.01,77590.43,1777069707000
1777069708.874,208.874,0.22,0.23,0.77,0.78,0.01,0.01,77590.32,1777069708000
1777069709.551,209.551,0.22,0.24,0.77,0.78,0.02,0.01,77590.32,1777069708000
1777069709.907,209.907,0.22,0.23,0.77,0.78,0.01,0.01,77590.48,1777069709000
1777069710.26,210.26,0.23,0.24,0.76,0.77,0.01,0.01,77590.48,1777069709000
1777069710.616,210.616,0.26,0.27,0.73,0.74,0.01,0.01,77590.48,1777069709000
1777069710.955,210.955,0.26,0.29,0.73,0.74,0.03,0.01,77590.48,1777069709000
1777069711.292,211.292,0.31,0.32,0.68,0.69,0.01,0.01,77590.48,1777069709000
1777069711.636,211.636,0.3,0.32,0.68,0.7,0.02,0.02,77589.67,1777069710000
1777069711.975,211.975,0.31,0.32,0.68,0.69,0.01,0.01,77589.75,1777069711000
1777069712.342,212.342,0.31,0.32,0.68,0.69,0.01,0.01,77589.75,1777069711000
1777069712.686,212.686,0.31,0.32,0.68,0.69,0.01,0.01,77589.75,1777069711000
1777069713.084,213.084,0.31,0.32,0.68,0.69,0.01,0.01,77589.75,1777069712000
1777069713.467,213.467,0.31,0.32,0.68,0.69,0.01,0.01,77589.75,1777069712000
1777069713.809,213.809,0.31,0.32,0.68,0.69,0.01,0.01,77589.75,1777069712000
1777069714.151,214.151,0.31,0.32,0.68,0.69,0.01,0.01,77589.7,1777069713000
1777069714.589,214.589,0.31,0.32,0.68,0.69,0.01,0.01,77589.7,1777069713000
1777069714.982,214.982,0.32,0.33,0.67,0.68,0.01,0.01,77590.06,1777069714000
1777069715.362,215.362,0.33,0.34,0.65,0.67,0.01,0.02,77590.06,1777069714000
1777069715.701,215.701,0.34,0.35,0.64,0.68,0.01,0.04,77590.06,1777069714000
1777069716.057,216.057,0.35,0.37,0.64,0.65,0.02,0.01,77590.06,1777069714000
1777069716.39,216.39,0.35,0.37,0.63,0.65,0.02,0.02,77590.18,1777069715000
1777069716.771,216.771,0.36,0.37,0.63,0.64,0.01,0.01,77590.18,1777069715000
1777069717.127,217.127,0.36,0.37,0.63,0.64,0.01,0.01,77590.76,1777069716000
1777069717.462,217.462,0.38,0.41,0.59,0.62,0.03,0.03,77590.76,1777069716000
1777069717.823,217.823,0.39,0.4,0.6,0.62,0.01,0.02,77590.76,1777069716000
1777069718.197,218.197,0.41,0.42,0.58,0.59,0.01,0.01,77590.82,1777069717000
1777069718.534,218.534,0.42,0.43,0.57,0.58,0.01,0.01,77590.82,1777069717000
1777069718.885,218.885,0.42,0.43,0.57,0.58,0.01,0.01,77590.82,1777069717000
1777069719.277,219.277,0.42,0.43,0.57,0.58,0.01,0.01,77590.61,1777069718000
1777069719.612,219.612,0.42,0.43,0.57,0.58,0.01,0.01,77590.61,1777069718000
1777069719.96,219.96,0.42,0.43,0.57,0.58,0.01,0.01,77590.61,1777069718000
1777069720.395,220.395,0.43,0.44,0.56,0.57,0.01,0.01,77590.61,1777069719000
1777069720.744,220.744,0.43,0.44,0.56,0.57,0.01,0.01,77590.61,1777069719000
1777069721.151,221.151,0.43,0.44,0.56,0.57,0.01,0.01,77590.44,1777069720000
1777069721.503,221.503,0.45,0.46,0.54,0.55,0.01,0.01,77590.44,1777069720000
1777069721.855,221.855,0.47,0.48,0.52,0.53,0.01,0.01,77590.36,1777069721000
1777069722.329,222.329,0.48,0.49,0.51,0.53,0.01,0.02,77590.36,1777069721000
1777069722.782,222.782,0.47,0.48,0.52,0.53,0.01,0.01,77590.36,1777069721000
1777069723.212,223.212,0.47,0.48,0.52,0.53,0.01,0.01,77590.36,1777069721000
1777069723.618,223.618,0.49,0.5,0.5,0.51,0.01,0.01,77590.36,1777069721000
1777069723.962,223.962,0.49,0.5,0.5,0.51,0.01,0.01,77590.44,1777069722000
1777069724.357,224.357,0.43,0.5,0.5,0.51,0.07,0.01,77590.44,1777069722000
1777069724.725,224.725,0.49,0.5,0.5,0.51,0.01,0.01,77590.52,1777069723000
1777069725.286,225.286,0.45,0.46,0.52,0.54,0.01,0.02,77590.52,1777069724000
1777069725.631,225.631,0.45,0.46,0.54,0.55,0.01,0.01,77590.52,1777069724000
1777069726.063,226.063,0.46,0.47,0.53,0.54,0.01,0.01,77590.52,1777069724000
1777069726.443,226.443,0.47,0.48,0.52,0.53,0.01,0.01,77590.65,1777069725000
1777069726.948,226.948,0.47,0.48,0.52,0.53,0.01,0.01,77590.65,1777069725000
1777069727.287,227.287,0.47,0.48,0.52,0.53,0.01,0.01,77590.6,1777069726000
1777069727.828,227.828,0.45,0.46,0.54,0.55,0.01,0.01,77590.6,1777069726000
1777069728.266,228.266,0.45,0.46,0.54,0.55,0.01,0.01,77590.6,1777069727000
1777069728.613,228.613,0.45,0.46,0.54,0.55,0.01,0.01,77590.6,1777069727000
1777069729.166,229.166,0.46,0.47,0.53,0.54,0.01,0.01,77590.64,1777069728000
1777069729.643,229.643,0.46,0.47,0.53,0.54,0.01,0.01,77590.64,1777069728000
1777069730.292,230.292,0.45,0.47,0.53,0.55,0.02,0.02,77591.84,1777069729000
1777069730.724,230.724,0.44,0.46,0.53,0.55,0.02,0.02,77591.84,1777069729000
1777069731.091,231.091,0.45,0.46,0.54,0.55,0.01,0.01,77591.84,1777069729000
1777069731.451,231.451,0.45,0.46,0.54,0.55,0.01,0.01,77591.84,1777069729000
1777069732.149,232.149,0.44,0.45,0.55,0.56,0.01,0.01,77592.13,1777069731000
1777069732.528,232.528,0.47,0.48,0.52,0.57,0.01,0.05,77592.13,1777069731000
1777069732.917,232.917,0.46,0.47,0.53,0.54,0.01,0.01,77592.13,1777069731000
1777069733.263,233.263,0.43,0.44,0.56,0.57,0.01,0.01,77592.14,1777069732000
1777069733.628,233.628,0.45,0.47,0.53,0.54,0.02,0.01,77592.14,1777069732000
1777069734.099,234.099,0.45,0.46,0.55,0.56,0.01,0.01,77592.14,1777069732000
1777069734.452,234.452,0.45,0.46,0.54,0.55,0.01,0.01,77592.14,1777069733000
1777069734.806,234.806,0.43,0.44,0.56,0.57,0.01,0.01,77592.14,1777069733000
1777069735.238,235.238,0.43,0.44,0.56,0.57,0.01,0.01,77592.14,1777069733000
1777069735.739,235.739,0.43,0.44,0.56,0.57,0.01,0.01,77592.13,1777069734000
1777069736.12,236.12,0.43,0.44,0.56,0.57,0.01,0.01,77591.88,1777069735000
1777069736.516,236.516,0.45,0.46,0.54,0.55,0.01,0.01,77591.88,1777069735000
1777069736.96,236.96,0.45,0.46,0.54,0.55,0.01,0.01,77591.15,1777069736000
1777069737.555,237.555,0.46,0.48,0.53,0.54,0.02,0.01,77591.15,1777069736000
1777069738.055,238.055,0.47,0.48,0.52,0.53,0.01,0.01,77591.15,1777069736000
1777069738.42,238.42,0.47,0.48,0.52,0.53,0.01,0.01,77590.78,1777069737000
1777069738.77,238.77,0.46,0.47,0.52,0.53,0.01,0.01,77590.78,1777069737000
1777069739.114,239.114,0.46,0.47,0.53,0.54,0.01,0.01,77590.78,1777069737000
1777069739.453,239.453,0.46,0.47,0.53,0.54,0.01,0.01,77590.78,1777069738000
1777069739.825,239.825,0.45,0.46,0.53,0.54,0.01,0.01,77590.78,1777069738000
1777069740.184,240.184,0.46,0.47,0.53,0.54,0.01,0.01,77590.78,1777069738000
1777069740.612,240.612,0.48,0.49,0.5,0.53,0.01,0.03,77590.65,1777069739000
1777069741.014,241.014,0.48,0.49,0.51,0.52,0.01,0.01,77590.65,1777069739000
1777069741.347,241.347,0.47,0.48,0.5,0.53,0.01,0.03,77591.07,1777069740000
1777069741.696,241.696,0.48,0.49,0.51,0.52,0.01,0.01,77591.07,1777069740000
1777069742.037,242.037,0.47,0.48,0.52,0.53,0.01,0.01,77591.07,1777069740000
1777069742.381,242.381,0.49,0.5,0.5,0.51,0.01,0.01,77591.07,1777069740000
1777069742.728,242.728,0.47,0.49,0.52,0.53,0.02,0.01,77591,1777069741000
1777069743.124,243.124,0.46,0.48,0.52,0.53,0.02,0.01,77591,1777069741000
1777069743.59,243.59,0.47,0.48,0.52,0.53,0.01,0.01,77591,1777069742000
1777069743.993,243.993,0.47,0.48,0.52,0.53,0.01,0.01,77591,1777069742000
1777069744.335,244.335,0.47,0.48,0.52,0.53,0.01,0.01,77591.19,1777069743000
1777069744.916,244.916,0.47,0.48,0.52,0.53,0.01,0.01,77591.19,1777069743000
1777069745.265,245.265,0.46,0.47,0.53,0.54,0.01,0.01,77591.19,1777069743000
1777069745.625,245.625,0.48,0.49,0.53,0.54,0.01,0.01,77591.19,1777069743000
1777069745.973,245.973,0.48,0.49,0.51,0.52,0.01,0.01,77591.4,1777069744000
1777069746.31,246.31,0.46,0.47,0.53,0.54,0.01,0.01,77591.4,1777069744000
1777069746.674,246.674,0.46,0.47,0.53,0.55,0.01,0.02,77591.39,1777069745000
1777069747.03,247.03,0.45,0.46,0.53,0.54,0.01,0.01,77591.39,1777069745000
1777069747.506,247.506,0.47,0.49,0.53,0.54,0.02,0.01,77591.39,1777069746000
1777069747.841,247.841,0.48,0.49,0.51,0.52,0.01,0.01,77591.39,1777069746000
1777069748.194,248.194,0.48,0.49,0.51,0.52,0.01,0.01,77591.39,1777069746000
1777069748.666,248.666,0.47,0.48,0.51,0.53,0.01,0.02,77591.39,1777069747000
1777069749.066,249.066,0.47,0.48,0.52,0.53,0.01,0.01,77591.39,1777069747000
1777069749.4,249.4,0.48,0.49,0.51,0.52,0.01,0.01,77591.19,1777069748000
1777069750.017,250.017,0.47,0.49,0.51,0.53,0.02,0.02,77590.4,1777069749000
1777069750.356,250.356,0.45,0.46,0.52,0.55,0.01,0.03,77590.4,1777069749000
1777069750.907,250.907,0.46,0.47,0.53,0.55,0.01,0.02,77590.4,1777069749000
1777069751.425,251.425,0.46,0.48,0.53,0.54,0.02,0.01,77590.4,1777069749000
1777069751.786,251.786,0.46,0.47,0.53,0.54,0.01,0.01,77591.35,1777069750000
1777069752.137,252.137,0.46,0.48,0.52,0.54,0.02,0.02,77591.35,1777069750000
1777069752.734,252.734,0.45,0.46,0.54,0.55,0.01,0.01,77591.36,1777069751000
1777069753.093,253.093,0.46,0.48,0.53,0.54,0.02,0.01,77591.36,1777069751000
1777069753.657,253.657,0.45,0.5,0.51,0.55,0.05,0.04,77591.36,1777069751000
1777069754.368,254.368,0.47,0.48,0.52,0.53,0.01,0.01,77591.49,1777069752000
1777069754.931,254.931,0.47,0.48,0.51,0.53,0.01,0.02,77591.49,1777069753000
1777069755.326,255.326,0.46,0.47,0.53,0.54,0.01,0.01,77591.49,1777069753000
1777069755.667,255.667,0.49,0.5,0.5,0.51,0.01,0.01,77591.71,1777069754000
1777069756.129,256.129,0.49,0.5,0.5,0.51,0.01,0.01,77591.71,1777069754000
1777069756.542,256.542,0.47,0.48,0.51,0.52,0.01,0.01,77591.71,1777069754000
1777069756.878,256.878,0.46,0.47,0.53,0.54,0.01,0.01,77591.71,1777069754000
1777069757.328,257.328,0.46,0.47,0.53,0.54,0.01,0.01,77591.72,1777069755000
1777069757.675,257.675,0.46,0.47,0.53,0.54,0.01,0.01,77591.72,1777069755000
1777069758.03,258.03,0.45,0.46,0.53,0.55,0.01,0.02,77591.84,1777069756000
1777069758.376,258.376,0.46,0.47,0.53,0.54,0.01,0.01,77591.84,1777069757000
1777069758.755,258.755,0.46,0.47,0.53,0.54,0.01,0.01,77591.84,1777069757000
1777069759.19,259.19,0.46,0.47,0.53,0.54,0.01,0.01,77591.66,1777069758000
1777069759.59,259.59,0.45,0.46,0.53,0.54,0.01,0.01,77591.66,1777069758000
1777069759.982,259.982,0.46,0.47,0.53,0.54,0.01,0.01,77591.66,1777069759000
1777069760.527,260.527,0.45,0.46,0.54,0.55,0.01,0.01,77591.66,1777069759000
1777069760.922,260.922,0.45,0.46,0.54,0.55,0.01,0.01,77591.66,1777069759000
1777069761.269,261.269,0.45,0.46,0.54,0.55,0.01,0.01,77591.65,1777069760000
1777069761.726,261.726,0.45,0.46,0.54,0.55,0.01,0.01,77591.65,1777069760000
1777069762.087,262.087,0.45,0.46,0.54,0.55,0.01,0.01,77591.65,1777069760000
1777069762.462,262.462,0.45,0.46,0.54,0.55,0.01,0.01,77591.65,1777069761000
1777069762.878,262.878,0.47,0.48,0.54,0.55,0.01,0.01,77591.65,1777069761000
1777069763.26,263.26,0.47,0.48,0.52,0.53,0.01,0.01,77591.65,1777069761000
1777069763.673,263.673,0.45,0.46,0.54,0.55,0.01,0.01,77591.69,1777069762000
1777069764.107,264.107,0.45,0.46,0.54,0.55,0.01,0.01,77591.69,1777069762000
1777069764.497,264.497,0.46,0.47,0.53,0.54,0.01,0.01,77591.66,1777069763000
1777069764.894,264.894,0.46,0.47,0.53,0.54,0.01,0.01,77591.66,1777069764000
1777069765.236,265.236,0.47,0.49,0.52,0.54,0.02,0.02,77591.66,1777069764000
1777069765.643,265.643,0.48,0.49,0.51,0.52,0.01,0.01,77591.66,1777069764000
1777069766.416,266.416,0.47,0.48,0.51,0.53,0.01,0.02,77592,1777069765000
1777069766.794,266.794,0.47,0.49,0.52,0.53,0.02,0.01,77592,1777069765000
1777069767.223,267.223,0.47,0.48,0.5,0.53,0.01,0.03,77592.08,1777069766000
1777069767.631,267.631,0.48,0.49,0.51,0.52,0.01,0.01,77592.08,1777069766000
1777069768.101,268.101,0.49,0.5,0.5,0.51,0.01,0.01,77592.08,1777069766000
1777069768.527,268.527,0.45,0.49,0.51,0.52,0.04,0.01,77592.15,1777069767000
1777069769.068,269.068,0.45,0.46,0.54,0.55,0.01,0.01,77592.15,1777069767000
1777069769.417,269.417,0.45,0.46,0.54,0.55,0.01,0.01,77592.07,1777069768000
1777069769.78,269.78,0.44,0.46,0.54,0.55,0.02,0.01,77592.07,1777069768000
1777069770.14,270.14,0.44,0.46,0.55,0.56,0.02,0.01,77592.04,1777069769000
1777069770.568,270.568,0.41,0.42,0.54,0.55,0.01,0.01,77592.04,1777069769000
1777069770.91,270.91,0.41,0.42,0.58,0.59,0.01,0.01,77592.04,1777069769000
1777069771.318,271.318,0.43,0.44,0.56,0.57,0.01,0.01,77591.89,1777069770000
1777069771.697,271.697,0.42,0.43,0.56,0.6,0.01,0.04,77591.89,1777069770000
1777069772.078,272.078,0.42,0.43,0.57,0.58,0.01,0.01,77591.89,1777069770000
1777069772.549,272.549,0.35,0.43,0.56,0.58,0.08,0.02,77591.89,1777069771000
1777069772.883,272.883,0.42,0.43,0.57,0.58,0.01,0.01,77591.89,1777069771000
1777069773.295,273.295,0.42,0.43,0.57,0.58,0.01,0.01,77592.04,1777069772000
1777069773.812,273.812,0.41,0.42,0.57,0.58,0.01,0.01,77592.04,1777069772000
1777069774.202,274.202,0.35,0.36,0.59,0.65,0.01,0.06,77592.04,1777069772000
1777069774.696,274.696,0.35,0.36,0.64,0.65,0.01,0.01,77592.07,1777069773000
1777069775.032,275.032,0.35,0.36,0.64,0.65,0.01,0.01,77592.07,1777069773000
1777069775.375,275.375,0.35,0.36,0.64,0.65,0.01,0.01,77592.07,1777069773000
1777069775.735,275.735,0.26,0.27,0.73,0.74,0.01,0.01,77592.07,1777069774000
1777069776.216,276.216,0.23,0.24,0.73,0.77,0.01,0.04,77592.05,1777069775000
1777069776.58,276.58,0.22,0.23,0.77,0.78,0.01,0.01,77592.05,1777069775000
1777069776.918,276.918,0.21,0.22,0.78,0.79,0.01,0.01,77592.05,1777069775000
1777069777.252,277.252,0.2,0.21,0.79,0.8,0.01,0.01,77592.05,1777069776000
1777069777.744,277.744,0.18,0.2,0.8,0.81,0.02,0.01,77592.05,1777069776000
1777069778.106,278.106,0.17,0.18,0.82,0.83,0.01,0.01,77592.05,1777069776000
1777069778.462,278.462,0.16,0.17,0.83,0.84,0.01,0.01,77592.01,1777069777000
1777069778.8,278.8,0.13,0.27,0.84,0.87,0.14,0.03,77592.01,1777069777000
1777069779.198,279.198,0.08,0.09,0.89,0.92,0.01,0.03,77592.01,1777069777000
1777069779.566,279.566,0.07,0.08,0.91,0.93,0.01,0.02,77591.9,1777069778000
1777069779.919,279.919,0.07,0.08,0.92,0.93,0.01,0.01,77591.9,1777069778000
1777069780.31,280.31,0.07,0.08,0.92,0.93,0.01,0.01,77583.29,1777069779000
1777069780.66,280.66,0.06,0.07,0.93,0.94,0.01,0.01,77583.29,1777069779000
1777069780.998,280.998,0.06,0.07,0.93,0.94,0.01,0.01,77583.29,1777069779000
1777069781.371,281.371,0.06,0.07,0.93,0.94,0.01,0.01,77575.65,1777069780000
1777069781.771,281.771,0.05,0.06,0.94,0.95,0.01,0.01,77575.65,1777069780000
1777069782.128,282.128,0.05,0.06,0.94,0.95,0.01,0.01,77575.65,1777069780000
1777069782.473,282.473,0.05,0.06,0.94,0.95,0.01,0.01,77573.08,1777069781000
1777069782.841,282.841,0.05,0.06,0.94,0.95,0.01,0.01,77573.08,1777069781000
1777069783.237,283.237,0.03,0.04,0.96,0.97,0.01,0.01,77573.08,1777069782000
1777069783.624,283.624,0.03,0.04,0.96,0.97,0.01,0.01,77573.08,1777069782000
1777069783.965,283.965,0.03,0.04,0.96,0.97,0.01,0.01,77571.97,1777069783000
1777069784.33,284.33,0.03,0.04,0.95,0.97,0.01,0.02,77571.97,1777069783000
1777069784.763,284.763,0.03,0.04,0.96,0.97,0.01,0.01,77571.97,1777069783000
1777069785.239,285.239,0.02,0.04,0.95,0.96,0.02,0.01,77570.63,1777069784000
1777069785.58,285.58,0.02,0.03,0.97,0.98,0.01,0.01,77570.63,1777069784000
1777069785.962,285.962,0.02,0.03,0.97,0.98,0.01,0.01,77570.63,1777069784000
1777069786.38,286.38,0.02,0.03,0.97,0.98,0.01,0.01,77568.56,1777069785000
1777069786.721,286.721,0.02,0.03,0.97,0.98,0.01,0.01,77568.56,1777069785000
1777069787.108,287.108,0.02,0.03,0.97,0.98,0.01,0.01,77568.56,1777069785000
1777069787.565,287.565,0.02,0.03,0.97,0.98,0.01,0.01,77568.56,1777069785000
1777069788.028,288.028,0.01,0.02,0.97,0.99,0.01,0.02,77566.87,1777069786000
1777069788.49,288.49,0.01,0.02,0.98,0.99,0.01,0.01,77566.64,1777069787000
1777069788.843,288.843,0.01,0.02,0.98,0.99,0.01,0.01,77566.64,1777069787000
1777069789.211,289.211,0.01,0.02,0.98,0.99,0.01,0.01,77566.64,1777069787000
1777069789.686,289.686,0.01,0.02,0.98,0.99,0.01,0.01,77566.64,1777069787000
1777069790.265,290.265,0.01,0.02,0.98,0.99,0.01,0.01,77569.98,1777069788000
1777069790.6,290.6,0.01,0.02,0.98,0.99,0.01,0.01,77569.98,1777069789000
1777069791.057,291.057,0.01,0.02,0.98,0.99,0.01,0.01,77569.98,1777069789000
1777069791.398,291.398,0.01,0.02,0.98,0.99,0.01,0.01,77569.98,1777069789000
1777069791.758,291.758,0.01,0.02,0.98,0.99,0.01,0.01,77570.15,1777069790000
1777069792.118,292.118,0.01,0.02,0.98,0.99,0.01,0.01,77570.15,1777069790000
1777069792.51,292.51,0.01,0.02,0.98,0.99,0.01,0.01,77570.15,1777069791000
1777069792.908,292.908,0.02,0.03,0.97,0.99,0.01,0.02,77570.15,1777069791000
1777069793.29,293.29,0.01,0.02,0.98,0.99,0.01,0.01,77570.15,1777069791000
1777069793.679,293.679,0.01,0.02,0.98,0.99,0.01,0.01,77570.16,1777069792000
1777069794.028,294.028,0.01,0.02,0.98,0.99,0.01,0.01,77570.16,1777069792000
1777069794.374,294.374,0.01,0.02,0.98,0.99,0.01,0.01,77570.16,1777069793000
1777069794.865,294.865,0.02,0.04,0.96,0.99,0.02,0.03,77570.16,1777069793000
1777069795.203,295.203,0.01,0.02,0.98,0.99,0.01,0.01,77570.16,1777069793000
1777069795.578,295.578,0.01,0.02,0.98,0.99,0.01,0.01,77570.24,1777069794000
1777069795.936,295.936,0.01,0.01,0.98,0.99,0.0,0.01,77570.24,1777069794000
1777069796.271,296.271,0.01,0.01,0.99,0.99,0.0,0.0,77570.24,1777069794000
1777069796.766,296.766,0.01,0.01,0.99,0.99,0.0,0.0,77570.97,1777069795000
1777069797.116,297.116,0.01,0.01,0.99,0.99,0.0,0.0,77570.69,1777069796000
1777069797.793,297.793,0.01,0.01,0.99,0.99,0.0,0.0,77570.69,1777069796000
1777069798.331,298.331,0.01,0.01,0.99,0.99,0.0,0.0,77570.59,1777069797000
1777069798.712,298.712,0.01,0.01,0.99,0.99,0.0,0.0,77570.59,1777069797000
1777069799.511,299.511,0.01,0.01,0.99,0.99,0.0,0.0,77570.55,1777069798000
1777069800.086,300.086,0.01,0.01,0.99,0.99,0.0,0.0,77570.55,1777069799000
1777069800.439,300.439,0.01,0.01,0.99,0.99,0.0,0.0,77570.55,1777069799000
1777069800.789,300.789,0.01,0.01,0.99,0.99,0.0,0.0,77570.55,1777069799000

# RESULT,winner=Down,slug=btc-updown-5m-1777069500,ticks=655
