timestamp,elapsed_sec,up_bid,up_ask,down_bid,down_ask,up_spread,down_spread,btc_price,btc_oracle_ts
1775972400.751,0.751,0.49,0.5,0.5,0.51,0.01,0.01,71685.03,1775972399000
1775972401.135,1.135,0.49,0.5,0.5,0.51,0.01,0.01,71685.03,1775972399000
1775972401.485,1.485,0.49,0.5,0.5,0.51,0.01,0.01,71685.21,1775972400000
1775972401.973,1.973,0.49,0.5,0.5,0.51,0.01,0.01,71685.21,1775972400000
1775972402.356,2.356,0.49,0.5,0.5,0.51,0.01,0.01,71685.42,1775972401000
1775972403.213,3.213,0.49,0.5,0.5,0.51,0.01,0.01,71685.42,1775972401000
1775972403.881,3.881,0.49,0.5,0.5,0.51,0.01,0.01,71685.26,1775972402000
1775972404.236,4.236,0.49,0.5,0.5,0.51,0.01,0.01,71685.27,1775972403000
1775972404.621,4.621,0.49,0.5,0.5,0.51,0.01,0.01,71685.27,1775972403000
1775972404.995,4.995,0.4,0.43,0.57,0.58,0.03,0.01,71685.27,1775972403000
1775972405.33,5.33,0.4,0.41,0.59,0.6,0.01,0.01,71685.29,1775972404000
1775972405.686,5.686,0.38,0.39,0.61,0.62,0.01,0.01,71685.29,1775972404000
1775972406.104,6.104,0.38,0.39,0.61,0.62,0.01,0.01,71685.29,1775972404000
1775972406.551,6.551,0.36,0.37,0.63,0.64,0.01,0.01,71684.93,1775972405000
1775972406.924,6.924,0.36,0.37,0.63,0.64,0.01,0.01,71684.93,1775972405000
1775972407.262,7.262,0.35,0.36,0.64,0.65,0.01,0.01,71677.1,1775972406000
1775972407.693,7.693,0.35,0.36,0.64,0.65,0.01,0.01,71677.1,1775972406000
1775972408.122,8.122,0.35,0.36,0.64,0.65,0.01,0.01,71675.87,1775972407000
1775972408.465,8.465,0.35,0.36,0.64,0.65,0.01,0.01,71675.87,1775972407000
1775972408.852,8.852,0.35,0.36,0.64,0.65,0.01,0.01,71675.87,1775972407000
1775972409.255,9.255,0.35,0.36,0.64,0.65,0.01,0.01,71675.87,1775972407000
1775972409.839,9.839,0.35,0.36,0.64,0.65,0.01,0.01,71675.06,1775972408000
1775972410.416,10.416,0.35,0.36,0.64,0.65,0.01,0.01,71673.6,1775972409000
1775972411.412,11.412,0.35,0.36,0.64,0.65,0.01,0.01,71672.48,1775972410000
1775972411.783,11.783,0.35,0.36,0.64,0.65,0.01,0.01,71672.48,1775972410000
1775972412.142,12.142,0.3,0.33,0.67,0.69,0.03,0.02,71671.78,1775972411000
1775972412.598,12.598,0.31,0.32,0.68,0.69,0.01,0.01,71671.78,1775972411000
1775972412.934,12.934,0.31,0.32,0.68,0.69,0.01,0.01,71671.78,1775972412000
1775972413.361,13.361,0.31,0.32,0.68,0.69,0.01,0.01,71671.78,1775972412000
1775972413.899,13.899,0.31,0.32,0.68,0.69,0.01,0.01,71670.68,1775972413000
1775972414.251,14.251,0.31,0.5,0.68,0.69,0.19,0.01,71670.68,1775972413000
1775972414.727,14.727,0.33,0.34,0.66,0.69,0.01,0.03,71670.68,1775972413000
1775972415.209,15.209,0.33,0.34,0.66,0.67,0.01,0.01,71671.97,1775972414000
1775972415.611,15.611,0.34,0.35,0.65,0.66,0.01,0.01,71671.97,1775972414000
1775972416.066,16.066,0.34,0.35,0.65,0.66,0.01,0.01,71672.69,1775972415000
1775972416.577,16.577,0.34,0.35,0.65,0.66,0.01,0.01,71672.69,1775972415000
1775972416.971,16.971,0.34,0.36,0.64,0.66,0.02,0.02,71672.68,1775972416000
1775972417.37,17.37,0.35,0.36,0.64,0.65,0.01,0.01,71672.68,1775972416000
1775972417.735,17.735,0.35,0.36,0.64,0.65,0.01,0.01,71672.68,1775972416000
1775972418.091,18.091,0.35,0.36,0.64,0.65,0.01,0.01,71672.7,1775972417000
1775972418.501,18.501,0.36,0.37,0.63,0.65,0.01,0.02,71672.7,1775972417000
1775972418.844,18.844,0.4,0.41,0.6,0.62,0.01,0.02,71672.7,1775972417000
1775972419.301,19.301,0.4,0.41,0.59,0.6,0.01,0.01,71672.71,1775972418000
1775972419.67,19.67,0.38,0.39,0.61,0.62,0.01,0.01,71672.71,1775972418000
1775972420.09,20.09,0.39,0.41,0.6,0.61,0.02,0.01,71672.7,1775972419000
1775972420.629,20.629,0.4,0.41,0.59,0.6,0.01,0.01,71672.7,1775972419000
1775972421.024,21.024,0.39,0.41,0.59,0.6,0.02,0.01,71672.7,1775972419000
1775972421.422,21.422,0.39,0.43,0.6,0.61,0.04,0.01,71672.7,1775972419000
1775972421.805,21.805,0.42,0.43,0.57,0.58,0.01,0.01,71673.24,1775972420000
1775972422.191,22.191,0.41,0.42,0.58,0.59,0.01,0.01,71673.24,1775972421000
1775972422.631,22.631,0.41,0.42,0.58,0.59,0.01,0.01,71673.24,1775972421000
1775972423.006,23.006,0.4,0.41,0.59,0.6,0.01,0.01,71673.24,1775972421000
1775972423.428,23.428,0.39,0.4,0.59,0.6,0.01,0.01,71673.21,1775972422000
1775972424.032,24.032,0.39,0.41,0.6,0.61,0.02,0.01,71673.21,1775972422000
1775972424.635,24.635,0.4,0.41,0.59,0.61,0.01,0.02,71673.21,1775972423000
1775972425.193,25.193,0.4,0.41,0.59,0.6,0.01,0.01,71673.21,1775972423000
1775972425.532,25.532,0.4,0.41,0.59,0.6,0.01,0.01,71673.21,1775972424000
1775972425.92,25.92,0.4,0.43,0.59,0.6,0.03,0.01,71673.21,1775972424000
1775972426.442,26.442,0.41,0.43,0.57,0.58,0.02,0.01,71673.21,1775972424000
1775972426.859,26.859,0.41,0.42,0.58,0.59,0.01,0.01,71673.23,1775972425000
1775972427.225,27.225,0.41,0.66,0.58,0.59,0.25,0.01,71673.24,1775972426000
1775972427.608,27.608,0.44,0.91,0.16,0.57,0.47,0.41,71673.24,1775972426000
1775972427.952,27.952,0.47,0.48,0.52,0.53,0.01,0.01,71673.24,1775972426000
1775972428.341,28.341,0.46,0.48,0.52,0.56,0.02,0.04,71673.24,1775972426000
1775972428.764,28.764,0.44,0.45,0.55,0.56,0.01,0.01,71673.35,1775972427000
1775972429.258,29.258,0.44,0.45,0.55,0.56,0.01,0.01,71673.35,1775972427000
1775972429.639,29.639,0.44,0.45,0.55,0.56,0.01,0.01,71673.38,1775972428000
1775972430.082,30.082,0.44,0.45,0.55,0.56,0.01,0.01,71673.35,1775972429000
1775972430.554,30.554,0.44,0.45,0.55,0.56,0.01,0.01,71673.35,1775972429000
1775972431.131,31.131,0.42,0.43,0.57,0.58,0.01,0.01,71673.35,1775972429000
1775972431.494,31.494,0.41,0.43,0.57,0.58,0.02,0.01,71673.28,1775972430000
1775972431.879,31.879,0.4,0.41,0.59,0.6,0.01,0.01,71673.28,1775972430000
1775972432.272,32.272,0.38,0.39,0.6,0.63,0.01,0.03,71673.28,1775972430000
1775972432.669,32.669,0.37,0.38,0.61,0.62,0.01,0.01,71673.09,1775972431000
1775972433.035,33.035,0.38,0.39,0.61,0.63,0.01,0.02,71673.09,1775972431000
1775972433.558,33.558,0.37,0.38,0.62,0.63,0.01,0.01,71673.09,1775972432000
1775972433.973,33.973,0.38,0.4,0.61,0.63,0.02,0.02,71673.09,1775972432000
1775972434.442,34.442,0.38,0.39,0.6,0.62,0.01,0.02,71673.29,1775972433000
1775972434.991,34.991,0.39,0.4,0.59,0.61,0.01,0.02,71673.29,1775972433000
1775972435.339,35.339,0.38,0.4,0.6,0.61,0.02,0.01,71673.02,1775972434000
1775972436.027,36.027,0.4,0.41,0.58,0.59,0.01,0.01,71673.02,1775972434000
1775972436.683,36.683,0.42,0.43,0.56,0.6,0.01,0.04,71673.02,1775972434000
1775972437.04,37.04,0.41,0.42,0.57,0.59,0.01,0.02,71673.02,1775972434000
1775972437.503,37.503,0.41,0.42,0.58,0.59,0.01,0.01,71673.31,1775972436000
1775972437.968,37.968,0.43,0.97,0.05,0.59,0.54,0.54,71673.31,1775972436000
1775972438.302,38.302,0.45,0.46,0.54,0.55,0.01,0.01,71673.31,1775972436000
1775972438.642,38.642,0.45,0.47,0.53,0.54,0.02,0.01,71673.33,1775972437000
1775972438.975,38.975,0.46,0.47,0.53,0.54,0.01,0.01,71673.33,1775972437000
1775972439.41,39.41,0.46,0.47,0.53,0.54,0.01,0.01,71673.34,1775972438000
1775972439.869,39.869,0.44,0.46,0.54,0.55,0.02,0.01,71673.34,1775972438000
1775972440.287,40.287,0.42,0.43,0.55,0.57,0.01,0.02,71673.35,1775972439000
1775972440.632,40.632,0.43,0.44,0.56,0.57,0.01,0.01,71673.35,1775972439000
1775972441.11,41.11,0.42,0.44,0.56,0.58,0.02,0.02,71673.3,1775972440000
1775972441.696,41.696,0.41,0.42,0.58,0.59,0.01,0.01,71673.3,1775972440000
1775972442.298,42.298,0.43,0.44,0.56,0.57,0.01,0.01,71673.22,1775972441000
1775972442.647,42.647,0.43,0.44,0.56,0.57,0.01,0.01,71673.22,1775972441000
1775972443.174,43.174,0.43,0.44,0.56,0.57,0.01,0.01,71673.22,1775972441000
1775972443.707,43.707,0.43,0.44,0.56,0.57,0.01,0.01,71673.23,1775972442000
1775972444.141,44.141,0.43,0.44,0.56,0.57,0.01,0.01,71673.23,1775972443000
1775972444.714,44.714,0.43,0.44,0.56,0.57,0.01,0.01,71673.23,1775972443000
1775972445.143,45.143,0.43,0.44,0.56,0.57,0.01,0.01,71673.49,1775972444000
1775972445.721,45.721,0.43,0.44,0.56,0.57,0.01,0.01,71673.49,1775972444000
1775972446.18,46.18,0.43,0.44,0.56,0.57,0.01,0.01,71673.49,1775972445000
1775972446.587,46.587,0.43,0.44,0.56,0.57,0.01,0.01,71673.49,1775972445000
1775972447.223,47.223,0.43,0.44,0.56,0.57,0.01,0.01,71673.51,1775972446000
1775972447.723,47.723,0.43,0.44,0.56,0.57,0.01,0.01,71673.51,1775972446000
1775972448.085,48.085,0.43,0.44,0.56,0.57,0.01,0.01,71673.51,1775972446000
1775972448.723,48.723,0.43,0.44,0.56,0.57,0.01,0.01,71673.48,1775972447000
1775972449.06,49.06,0.43,0.44,0.11,0.57,0.01,0.46,71673.48,1775972448000
1775972449.738,49.738,0.44,0.45,0.55,0.56,0.01,0.01,71673.48,1775972448000
1775972450.087,50.087,0.5,0.51,0.48,0.5,0.01,0.02,71673.48,1775972448000
1775972450.456,50.456,0.5,0.51,0.49,0.5,0.01,0.01,71673.48,1775972449000
1775972450.804,50.804,0.49,0.5,0.49,0.52,0.01,0.03,71673.48,1775972449000
1775972451.169,51.169,0.49,0.5,0.5,0.51,0.01,0.01,71673.48,1775972449000
1775972451.538,51.538,0.48,0.49,0.5,0.52,0.01,0.02,71673.51,1775972450000
1775972451.897,51.897,0.48,0.49,0.51,0.52,0.01,0.01,71673.51,1775972450000
1775972452.635,52.635,0.48,0.49,0.51,0.52,0.01,0.01,71673.53,1775972451000
1775972452.997,52.997,0.47,0.48,0.52,0.53,0.01,0.01,71674.61,1775972452000
1775972453.334,53.334,0.49,0.5,0.5,0.52,0.01,0.02,71674.61,1775972452000
1775972453.68,53.68,0.53,0.54,0.46,0.47,0.01,0.01,71674.61,1775972452000
1775972454.041,54.041,0.57,0.58,0.42,0.43,0.01,0.01,71674.61,1775972453000
1775972454.391,54.391,0.57,0.58,0.42,0.43,0.01,0.01,71674.61,1775972453000
1775972454.814,54.814,0.57,0.58,0.42,0.43,0.01,0.01,71674.61,1775972453000
1775972455.259,55.259,0.54,0.55,0.43,0.46,0.01,0.03,71674.61,1775972454000
1775972455.634,55.634,0.54,0.55,0.45,0.46,0.01,0.01,71674.61,1775972454000
1775972456.032,56.032,0.53,0.54,0.46,0.47,0.01,0.01,71674.61,1775972454000
1775972456.386,56.386,0.53,0.54,0.46,0.47,0.01,0.01,71677.02,1775972455000
1775972456.794,56.794,0.53,0.54,0.43,0.47,0.01,0.04,71677.02,1775972455000
1775972457.245,57.245,0.52,0.53,0.47,0.48,0.01,0.01,71677.02,1775972455000
1775972457.738,57.738,0.49,0.55,0.47,0.51,0.06,0.04,71679.59,1775972456000
1775972458.225,58.225,0.5,0.51,0.49,0.5,0.01,0.01,71679.69,1775972457000
1775972458.632,58.632,0.5,0.51,0.48,0.49,0.01,0.01,71679.69,1775972457000
1775972458.976,58.976,0.51,0.52,0.48,0.49,0.01,0.01,71679.69,1775972457000
1775972459.346,59.346,0.51,0.52,0.48,0.49,0.01,0.01,71679.84,1775972458000
1775972459.763,59.763,0.5,0.51,0.49,0.51,0.01,0.02,71679.84,1775972458000
1775972460.096,60.096,0.48,0.51,0.49,0.52,0.03,0.03,71679.84,1775972458000
1775972460.507,60.507,0.49,0.5,0.49,0.5,0.01,0.01,71679.86,1775972459000
1775972460.852,60.852,0.48,0.49,0.5,0.52,0.01,0.02,71679.86,1775972459000
1775972461.223,61.223,0.48,0.49,0.51,0.54,0.01,0.03,71679.86,1775972459000
1775972461.585,61.585,0.48,0.49,0.51,0.52,0.01,0.01,71679.82,1775972460000
1775972461.933,61.933,0.48,0.5,0.5,0.51,0.02,0.01,71679.82,1775972460000
1775972462.301,62.301,0.41,0.42,0.57,0.59,0.01,0.02,71679.82,1775972460000
1775972462.642,62.642,0.41,0.42,0.58,0.59,0.01,0.01,71680.12,1775972461000
1775972462.993,62.993,0.41,0.42,0.58,0.59,0.01,0.01,71680.12,1775972461000
1775972463.336,63.336,0.41,0.43,0.58,0.59,0.02,0.01,71680.42,1775972462000
1775972463.714,63.714,0.42,0.43,0.57,0.59,0.01,0.02,71680.42,1775972462000
1775972464.048,64.048,0.34,0.39,0.61,0.64,0.05,0.03,71679.9,1775972463000
1775972464.524,64.524,0.35,0.36,0.63,0.65,0.01,0.02,71679.9,1775972463000
1775972464.958,64.958,0.35,0.36,0.64,0.65,0.01,0.01,71679.9,1775972463000
1775972465.451,65.451,0.35,0.36,0.64,0.65,0.01,0.01,71677.8,1775972464000
1775972465.825,65.825,0.35,0.36,0.64,0.65,0.01,0.01,71677.8,1775972464000
1775972466.16,66.16,0.34,0.35,0.65,0.66,0.01,0.01,71675.85,1775972465000
1775972466.553,66.553,0.32,0.33,0.67,0.68,0.01,0.01,71675.85,1775972465000
1775972466.951,66.951,0.33,0.34,0.66,0.67,0.01,0.01,71672.91,1775972466000
1775972467.6,67.6,0.33,0.34,0.66,0.67,0.01,0.01,71672.91,1775972466000
1775972468.057,68.057,0.34,0.35,0.65,0.66,0.01,0.01,71672.91,1775972467000
1775972468.783,68.783,0.36,0.37,0.63,0.65,0.01,0.02,71672.91,1775972467000
1775972469.555,69.555,0.36,0.37,0.63,0.64,0.01,0.01,71672.44,1775972468000
1775972469.934,69.934,0.36,0.37,0.63,0.64,0.01,0.01,71672.88,1775972469000
1775972470.801,70.801,0.36,0.37,0.63,0.64,0.01,0.01,71672.88,1775972469000
1775972471.231,71.231,0.36,0.37,0.63,0.64,0.01,0.01,71672.89,1775972470000
1775972471.799,71.799,0.36,0.37,0.63,0.64,0.01,0.01,71672.89,1775972470000
1775972472.171,72.171,0.36,0.37,0.63,0.64,0.01,0.01,71672.89,1775972470000
1775972472.56,72.56,0.36,0.37,0.63,0.64,0.01,0.01,71673.52,1775972471000
1775972472.99,72.99,0.36,0.37,0.63,0.64,0.01,0.01,71673.52,1775972471000
1775972473.324,73.324,0.36,0.37,0.63,0.64,0.01,0.01,71673.6,1775972472000
1775972473.793,73.793,0.36,0.37,0.63,0.64,0.01,0.01,71673.6,1775972472000
1775972474.192,74.192,0.36,0.37,0.63,0.64,0.01,0.01,71673.52,1775972473000
1775972474.738,74.738,0.37,0.38,0.62,0.63,0.01,0.01,71673.52,1775972473000
1775972475.129,75.129,0.15,0.38,0.62,0.63,0.23,0.01,71673.52,1775972473000
1775972475.478,75.478,0.33,0.34,0.66,0.67,0.01,0.01,71673.49,1775972474000
1775972475.821,75.821,0.31,0.32,0.68,0.69,0.01,0.01,71673.49,1775972474000
1775972476.163,76.163,0.31,0.32,0.68,0.69,0.01,0.01,71673.48,1775972475000
1775972476.739,76.739,0.32,0.33,0.67,0.69,0.01,0.02,71673.48,1775972475000
1775972477.286,77.286,0.32,0.33,0.67,0.68,0.01,0.01,71673.48,1775972475000
1775972477.767,77.767,0.35,0.36,0.64,0.66,0.01,0.02,71673.52,1775972476000
1775972478.101,78.101,0.35,0.36,0.64,0.65,0.01,0.01,71673.52,1775972476000
1775972478.582,78.582,0.35,0.36,0.64,0.65,0.01,0.01,71673.52,1775972477000
1775972478.924,78.924,0.35,0.36,0.64,0.65,0.01,0.01,71673.52,1775972477000
1775972479.8,79.8,0.36,0.37,0.63,0.64,0.01,0.01,71673.75,1775972478000
1775972480.352,80.352,0.36,0.37,0.63,0.64,0.01,0.01,71673.75,1775972478000
1775972480.774,80.774,0.36,0.37,0.63,0.64,0.01,0.01,71673.96,1775972479000
1775972481.484,81.484,0.36,0.37,0.63,0.64,0.01,0.01,71674.17,1775972480000
1775972481.826,81.826,0.36,0.37,0.63,0.64,0.01,0.01,71674.17,1775972480000
1775972482.26,82.26,0.36,0.37,0.63,0.64,0.01,0.01,71674.23,1775972481000
1775972482.679,82.679,0.36,0.37,0.63,0.64,0.01,0.01,71674.23,1775972481000
1775972483.312,83.312,0.38,0.4,0.6,0.62,0.02,0.02,71674.18,1775972482000
1775972483.649,83.649,0.4,0.42,0.58,0.61,0.02,0.03,71674.18,1775972482000
1775972484.455,84.455,0.41,0.42,0.58,0.59,0.01,0.01,71674.18,1775972483000
1775972484.843,84.843,0.41,0.42,0.58,0.59,0.01,0.01,71674.18,1775972483000
1775972485.839,85.839,0.41,0.42,0.58,0.59,0.01,0.01,71674.18,1775972484000
1775972486.188,86.188,0.41,0.42,0.58,0.59,0.01,0.01,71674.99,1775972485000
1775972486.552,86.552,0.06,0.42,0.58,0.59,0.36,0.01,71674.99,1775972485000
1775972486.89,86.89,0.37,0.38,0.61,0.63,0.01,0.02,71674.99,1775972485000
1775972487.486,87.486,0.37,0.38,0.62,0.63,0.01,0.01,71674.99,1775972486000
1775972487.838,87.838,0.37,0.38,0.62,0.63,0.01,0.01,71674.99,1775972486000
1775972488.303,88.303,0.37,0.38,0.62,0.63,0.01,0.01,71674.98,1775972487000
1775972488.84,88.84,0.37,0.38,0.62,0.63,0.01,0.01,71674.98,1775972487000
1775972489.18,89.18,0.36,0.37,0.62,0.64,0.01,0.02,71674.98,1775972487000
1775972489.752,89.752,0.36,0.37,0.63,0.64,0.01,0.01,71674.97,1775972488000
1775972490.306,90.306,0.36,0.37,0.63,0.64,0.01,0.01,71675.02,1775972489000
1775972490.646,90.646,0.36,0.37,0.63,0.64,0.01,0.01,71675.02,1775972489000
1775972491.062,91.062,0.36,0.37,0.63,0.64,0.01,0.01,71675.02,1775972489000
1775972491.409,91.409,0.36,0.38,0.62,0.64,0.02,0.02,71675.26,1775972490000
1775972491.854,91.854,0.37,0.38,0.62,0.63,0.01,0.01,71675.26,1775972490000
1775972492.264,92.264,0.37,0.38,0.62,0.63,0.01,0.01,71675.26,1775972490000
1775972492.641,92.641,0.36,0.37,0.63,0.64,0.01,0.01,71675.26,1775972490000
1775972493.16,93.16,0.36,0.37,0.63,0.64,0.01,0.01,71675.6,1775972491000
1775972493.534,93.534,0.37,0.38,0.62,0.64,0.01,0.02,71675.6,1775972492000
1775972493.904,93.904,0.37,0.38,0.62,0.63,0.01,0.01,71675.6,1775972493000
1775972494.239,94.239,0.37,0.38,0.62,0.63,0.01,0.01,71675.6,1775972493000
1775972494.652,94.652,0.37,0.38,0.62,0.63,0.01,0.01,71675.6,1775972493000
1775972495.057,95.057,0.37,0.38,0.62,0.63,0.01,0.01,71675.09,1775972494000
1775972495.593,95.593,0.37,0.38,0.62,0.63,0.01,0.01,71675.09,1775972494000
1775972496.02,96.02,0.37,0.38,0.62,0.63,0.01,0.01,71675.09,1775972494000
1775972496.529,96.529,0.37,0.38,0.62,0.63,0.01,0.01,71675.16,1775972495000
1775972497.143,97.143,0.37,0.38,0.62,0.63,0.01,0.01,71675.16,1775972496000
1775972497.522,97.522,0.05,0.37,0.62,0.92,0.32,0.3,71675.16,1775972496000
1775972497.872,97.872,0.35,0.36,0.64,0.65,0.01,0.01,71675.16,1775972496000
1775972498.289,98.289,0.35,0.36,0.64,0.65,0.01,0.01,71675.18,1775972497000
1775972498.714,98.714,0.35,0.36,0.64,0.65,0.01,0.01,71675.18,1775972497000
1775972499.088,99.088,0.34,0.35,0.64,0.66,0.01,0.02,71675.18,1775972497000
1775972499.427,99.427,0.34,0.35,0.65,0.66,0.01,0.01,71675.23,1775972498000
1775972499.764,99.764,0.34,0.36,0.64,0.66,0.02,0.02,71675.23,1775972498000
1775972500.202,100.202,0.35,0.36,0.64,0.65,0.01,0.01,71675.23,1775972499000
1775972500.547,100.547,0.35,0.36,0.64,0.65,0.01,0.01,71675.23,1775972499000
1775972500.882,100.882,0.35,0.36,0.64,0.65,0.01,0.01,71675.23,1775972499000
1775972501.218,101.218,0.36,0.37,0.63,0.64,0.01,0.01,71675.12,1775972500000
1775972501.591,101.591,0.36,0.37,0.63,0.64,0.01,0.01,71675.12,1775972500000
1775972501.974,101.974,0.37,0.38,0.62,0.63,0.01,0.01,71675.12,1775972500000
1775972502.332,102.332,0.36,0.38,0.62,0.63,0.02,0.01,71675.12,1775972501000
1775972502.677,102.677,0.3,0.31,0.69,0.7,0.01,0.01,71675.12,1775972501000
1775972503.149,103.149,0.3,0.31,0.69,0.7,0.01,0.01,71675.12,1775972501000
1775972503.573,103.573,0.3,0.31,0.69,0.7,0.01,0.01,71675.13,1775972502000
1775972504.28,104.28,0.3,0.31,0.69,0.7,0.01,0.01,71675.13,1775972502000
1775972504.624,104.624,0.36,0.4,0.59,0.64,0.04,0.05,71675.13,1775972503000
1775972505.082,105.082,0.4,0.41,0.59,0.6,0.01,0.01,71675.13,1775972503000
1775972505.652,105.652,0.4,0.41,0.59,0.6,0.01,0.01,71672.74,1775972504000
1775972506.516,106.516,0.4,0.41,0.59,0.6,0.01,0.01,71672.74,1775972505000
1775972507.387,107.387,0.4,0.41,0.59,0.6,0.01,0.01,71672.74,1775972505000
1775972507.778,107.778,0.4,0.41,0.59,0.6,0.01,0.01,71672.61,1775972506000
1775972508.131,108.131,0.4,0.41,0.59,0.6,0.01,0.01,71674.17,1775972507000
1775972508.564,108.564,0.07,0.41,0.59,0.6,0.34,0.01,71674.17,1775972507000
1775972509.024,109.024,0.37,0.38,0.59,0.63,0.01,0.04,71674.17,1775972507000
1775972509.358,109.358,0.36,0.38,0.62,0.64,0.02,0.02,71674.17,1775972507000
1775972509.87,109.87,0.36,0.37,0.63,0.64,0.01,0.01,71674.18,1775972508000
1775972510.388,110.388,0.36,0.37,0.63,0.64,0.01,0.01,71674.18,1775972509000
1775972510.73,110.73,0.36,0.37,0.63,0.64,0.01,0.01,71674.18,1775972509000
1775972511.113,111.113,0.36,0.37,0.63,0.64,0.01,0.01,71674.18,1775972510000
1775972512.29,112.29,0.36,0.37,0.63,0.64,0.01,0.01,71674.37,1775972511000
1775972512.99,112.99,0.36,0.37,0.63,0.64,0.01,0.01,71674.37,1775972511000
1775972513.597,113.597,0.36,0.37,0.63,0.64,0.01,0.01,71674.36,1775972512000
1775972514.243,114.243,0.36,0.37,0.63,0.64,0.01,0.01,71674.41,1775972513000
1775972514.847,114.847,0.37,0.38,0.62,0.64,0.01,0.02,71674.41,1775972513000
1775972515.275,115.275,0.37,0.38,0.62,0.63,0.01,0.01,71674.42,1775972514000
1775972515.963,115.963,0.37,0.38,0.62,0.63,0.01,0.01,71674.42,1775972514000
1775972516.388,116.388,0.37,0.38,0.62,0.63,0.01,0.01,71674.42,1775972515000
1775972516.969,116.969,0.37,0.38,0.62,0.63,0.01,0.01,71674.42,1775972515000
1775972517.557,117.557,0.37,0.38,0.62,0.63,0.01,0.01,71674.27,1775972516000
1775972518.403,118.403,0.37,0.38,0.62,0.63,0.01,0.01,71674.27,1775972517000
1775972518.992,118.992,0.37,0.4,0.62,0.63,0.03,0.01,71674.27,1775972517000
1775972519.332,119.332,0.37,0.38,0.61,0.63,0.01,0.02,71674.27,1775972518000
1775972519.698,119.698,0.37,0.38,0.62,0.63,0.01,0.01,71674.27,1775972518000
1775972520.05,120.05,0.35,0.38,0.62,0.65,0.03,0.03,71674.26,1775972519000
1775972520.676,120.676,0.36,0.37,0.63,0.64,0.01,0.01,71674.26,1775972519000
1775972521.06,121.06,0.36,0.37,0.63,0.64,0.01,0.01,71674.26,1775972519000
1775972521.462,121.462,0.36,0.37,0.63,0.64,0.01,0.01,71674.26,1775972520000
1775972521.978,121.978,0.36,0.37,0.63,0.64,0.01,0.01,71674.26,1775972520000
1775972522.832,122.832,0.36,0.37,0.63,0.64,0.01,0.01,71673.92,1775972521000
1775972523.187,123.187,0.36,0.37,0.63,0.64,0.01,0.01,71673.92,1775972522000
1775972523.602,123.602,0.36,0.37,0.63,0.64,0.01,0.01,71673.92,1775972522000
1775972523.937,123.937,0.36,0.37,0.63,0.64,0.01,0.01,71673.92,1775972522000
1775972524.319,124.319,0.35,0.36,0.63,0.64,0.01,0.01,71673.86,1775972523000
1775972525.116,125.116,0.35,0.36,0.64,0.65,0.01,0.01,71673.56,1775972524000
1775972525.495,125.495,0.35,0.36,0.64,0.65,0.01,0.01,71673.56,1775972524000
1775972525.852,125.852,0.35,0.36,0.64,0.65,0.01,0.01,71673.56,1775972524000
1775972526.366,126.366,0.36,0.37,0.63,0.64,0.01,0.01,71673.55,1775972525000
1775972527.038,127.038,0.36,0.38,0.63,0.64,0.02,0.01,71673.55,1775972525000
1775972527.562,127.562,0.35,0.37,0.63,0.64,0.02,0.01,71673.53,1775972526000
1775972527.999,127.999,0.35,0.37,0.63,0.65,0.02,0.02,71673.53,1775972527000
1775972528.686,128.686,0.35,0.36,0.64,0.65,0.01,0.01,71673.53,1775972527000
1775972529.049,129.049,0.35,0.36,0.64,0.65,0.01,0.01,71673.54,1775972528000
1775972529.39,129.39,0.27,0.31,0.69,0.73,0.04,0.04,71673.54,1775972528000
1775972529.913,129.913,0.27,0.28,0.72,0.73,0.01,0.01,71673.54,1775972528000
1775972530.38,130.38,0.27,0.28,0.72,0.73,0.01,0.01,71673.53,1775972529000
1775972530.766,130.766,0.27,0.28,0.72,0.73,0.01,0.01,71673.53,1775972529000
1775972531.182,131.182,0.27,0.28,0.72,0.73,0.01,0.01,71671.42,1775972530000
1775972531.703,131.703,0.27,0.28,0.72,0.73,0.01,0.01,71671.42,1775972530000
1775972532.039,132.039,0.27,0.28,0.72,0.73,0.01,0.01,71671.42,1775972531000
1775972532.405,132.405,0.28,0.29,0.71,0.73,0.01,0.02,71671.42,1775972531000
1775972532.814,132.814,0.28,0.29,0.71,0.72,0.01,0.01,71671.42,1775972531000
1775972533.35,133.35,0.29,0.3,0.7,0.71,0.01,0.01,71670.58,1775972532000
1775972534.117,134.117,0.29,0.3,0.7,0.71,0.01,0.01,71670.58,1775972533000
1775972534.855,134.855,0.3,0.31,0.69,0.7,0.01,0.01,71670.58,1775972533000
1775972535.295,135.295,0.3,0.31,0.69,0.7,0.01,0.01,71671.55,1775972534000
1775972535.821,135.821,0.3,0.31,0.69,0.7,0.01,0.01,71672.56,1775972535000
1775972536.223,136.223,0.31,0.32,0.69,0.7,0.01,0.01,71672.56,1775972535000
1775972536.874,136.874,0.31,0.32,0.68,0.69,0.01,0.01,71672.56,1775972535000
1775972537.257,137.257,0.31,0.32,0.68,0.69,0.01,0.01,71672.56,1775972536000
1775972537.735,137.735,0.31,0.32,0.68,0.69,0.01,0.01,71672.56,1775972536000
1775972538.685,138.685,0.31,0.32,0.68,0.69,0.01,0.01,71672.57,1775972537000
1775972539.293,139.293,0.31,0.32,0.68,0.69,0.01,0.01,71672.56,1775972538000
1775972539.632,139.632,0.3,0.31,0.69,0.7,0.01,0.01,71672.56,1775972538000
1775972540.085,140.085,0.3,0.31,0.69,0.7,0.01,0.01,71672.56,1775972538000
1775972540.571,140.571,0.3,0.31,0.69,0.7,0.01,0.01,71672.57,1775972539000
1775972541.205,141.205,0.3,0.31,0.69,0.7,0.01,0.01,71672.54,1775972540000
1775972542.152,142.152,0.3,0.31,0.69,0.7,0.01,0.01,71672.54,1775972540000
1775972542.641,142.641,0.3,0.31,0.69,0.7,0.01,0.01,71672.54,1775972541000
1775972543.121,143.121,0.3,0.32,0.69,0.7,0.02,0.01,71672.54,1775972541000
1775972543.472,143.472,0.3,0.32,0.68,0.7,0.02,0.02,71672.54,1775972542000
1775972543.982,143.982,0.31,0.32,0.68,0.69,0.01,0.01,71672.54,1775972543000
1775972544.418,144.418,0.31,0.32,0.68,0.69,0.01,0.01,71672.54,1775972543000
1775972544.768,144.768,0.31,0.32,0.68,0.69,0.01,0.01,71672.54,1775972543000
1775972545.292,145.292,0.31,0.32,0.68,0.69,0.01,0.01,71672.54,1775972543000
1775972545.625,145.625,0.31,0.32,0.68,0.69,0.01,0.01,71672.54,1775972544000
1775972546.04,146.04,0.31,0.34,0.68,0.69,0.03,0.01,71672.54,1775972544000
1775972546.545,146.545,0.33,0.34,0.66,0.67,0.01,0.01,71672.54,1775972544000
1775972546.888,146.888,0.34,0.35,0.65,0.67,0.01,0.02,71672.54,1775972545000
1775972547.233,147.233,0.34,0.35,0.65,0.66,0.01,0.01,71672.52,1775972546000
1775972547.693,147.693,0.34,0.35,0.65,0.66,0.01,0.01,71672.52,1775972546000
1775972548.177,148.177,0.35,0.36,0.64,0.66,0.01,0.02,71672.52,1775972546000
1775972548.711,148.711,0.35,0.36,0.64,0.65,0.01,0.01,71672.52,1775972547000
1775972549.148,149.148,0.35,0.36,0.64,0.65,0.01,0.01,71672.52,1775972548000
1775972549.849,149.849,0.35,0.36,0.64,0.65,0.01,0.01,71672.52,1775972548000
1775972550.28,150.28,0.41,0.42,0.57,0.59,0.01,0.02,71672.52,1775972548000
1775972550.618,150.618,0.38,0.41,0.59,0.62,0.03,0.03,71672.67,1775972549000
1775972551.162,151.162,0.33,0.34,0.65,0.66,0.01,0.01,71672.67,1775972549000
1775972551.599,151.599,0.33,0.34,0.66,0.67,0.01,0.01,71672.67,1775972549000
1775972552.106,152.106,0.33,0.34,0.66,0.67,0.01,0.01,71672.67,1775972549000
1775972552.515,152.515,0.33,0.34,0.66,0.67,0.01,0.01,71672.97,1775972551000
1775972552.931,152.931,0.33,0.34,0.66,0.67,0.01,0.01,71672.97,1775972551000
1775972553.391,153.391,0.33,0.34,0.66,0.67,0.01,0.01,71672.97,1775972551000
1775972553.81,153.81,0.34,0.35,0.66,0.67,0.01,0.01,71673.82,1775972552000
1775972554.277,154.277,0.34,0.35,0.65,0.66,0.01,0.01,71673.83,1775972553000
1775972555.105,155.105,0.33,0.34,0.65,0.66,0.01,0.01,71673.83,1775972553000
1775972555.464,155.464,0.34,0.35,0.65,0.67,0.01,0.02,71673.83,1775972553000
1775972555.835,155.835,0.34,0.35,0.65,0.66,0.01,0.01,71673.16,1775972554000
1775972556.739,156.739,0.36,0.8,0.65,0.66,0.44,0.01,71673.16,1775972555000
1775972557.224,157.224,0.41,0.42,0.02,0.62,0.01,0.6,71673.16,1775972555000
1775972557.641,157.641,0.41,0.42,0.58,0.59,0.01,0.01,71672.68,1775972556000
1775972557.988,157.988,0.36,0.42,0.58,0.59,0.06,0.01,71672.68,1775972556000
1775972558.434,158.434,0.39,0.4,0.6,0.61,0.01,0.01,71672.68,1775972557000
1775972558.77,158.77,0.36,0.38,0.62,0.64,0.02,0.02,71672.68,1775972557000
1775972559.318,159.318,0.36,0.37,0.62,0.63,0.01,0.01,71672.68,1775972557000
1775972559.704,159.704,0.35,0.37,0.64,0.65,0.02,0.01,71673.0,1775972558000
1775972560.17,160.17,0.35,0.37,0.63,0.65,0.02,0.02,71672.85,1775972559000
1775972560.706,160.706,0.35,0.36,0.63,0.64,0.01,0.01,71672.85,1775972559000
1775972561.28,161.28,0.35,0.36,0.64,0.65,0.01,0.01,71672.85,1775972560000
1775972561.624,161.624,0.31,0.32,0.68,0.69,0.01,0.01,71672.85,1775972560000
1775972562.08,162.08,0.31,0.32,0.68,0.69,0.01,0.01,71672.85,1775972560000
1775972562.501,162.501,0.31,0.33,0.68,0.69,0.02,0.01,71672.85,1775972560000
1775972562.938,162.938,0.32,0.33,0.66,0.67,0.01,0.01,71672.95,1775972561000
1775972563.603,163.603,0.32,0.33,0.67,0.68,0.01,0.01,71672.91,1775972562000
1775972564.456,164.456,0.32,0.33,0.67,0.68,0.01,0.01,71672.91,1775972563000
1775972564.877,164.877,0.31,0.32,0.68,0.69,0.01,0.01,71672.91,1775972563000
1775972565.92,165.92,0.3,0.32,0.68,0.69,0.02,0.01,71672.93,1775972564000
1775972566.466,166.466,0.31,0.32,0.67,0.69,0.01,0.02,71672.93,1775972565000
1775972567.017,167.017,0.31,0.32,0.68,0.69,0.01,0.01,71672.93,1775972565000
1775972567.413,167.413,0.32,0.96,0.68,0.69,0.64,0.01,71672.93,1775972565000
1775972567.831,167.831,0.39,0.4,0.01,0.68,0.01,0.67,71672.88,1775972566000
1775972568.359,168.359,0.38,0.4,0.6,0.61,0.02,0.01,71672.88,1775972566000
1775972568.699,168.699,0.36,0.38,0.63,0.64,0.02,0.01,71672.52,1775972567000
1775972569.032,169.032,0.37,0.38,0.62,0.63,0.01,0.01,71672.88,1775972568000
1775972569.76,169.76,0.35,0.37,0.63,0.64,0.02,0.01,71672.88,1775972568000
1775972570.678,170.678,0.36,0.37,0.63,0.64,0.01,0.01,71672.88,1775972569000
1775972571.578,171.578,0.35,0.36,0.63,0.66,0.01,0.03,71672.93,1775972570000
1775972571.984,171.984,0.35,0.37,0.63,0.65,0.02,0.02,71672.88,1775972571000
1775972572.365,172.365,0.31,0.32,0.68,0.69,0.01,0.01,71672.88,1775972571000
1775972572.7,172.7,0.31,0.32,0.68,0.69,0.01,0.01,71672.88,1775972571000
1775972573.223,173.223,0.31,0.32,0.68,0.69,0.01,0.01,71672.84,1775972572000
1775972573.635,173.635,0.31,0.32,0.68,0.69,0.01,0.01,71672.84,1775972572000
1775972574.25,174.25,0.31,0.32,0.68,0.69,0.01,0.01,71672.89,1775972573000
1775972574.795,174.795,0.31,0.32,0.68,0.69,0.01,0.01,71672.89,1775972573000
1775972575.223,175.223,0.31,0.32,0.68,0.69,0.01,0.01,71672.85,1775972574000
1775972575.645,175.645,0.31,0.32,0.68,0.69,0.01,0.01,71672.85,1775972574000
1775972576.01,176.01,0.31,0.32,0.68,0.69,0.01,0.01,71672.77,1775972575000
1775972576.471,176.471,0.31,0.32,0.68,0.69,0.01,0.01,71672.77,1775972575000
1775972576.846,176.846,0.31,0.32,0.68,0.69,0.01,0.01,71672.77,1775972575000
1775972577.669,177.669,0.31,0.32,0.68,0.69,0.01,0.01,71672.78,1775972576000
1775972578.366,178.366,0.31,0.32,0.68,0.69,0.01,0.01,71672.92,1775972577000
1775972578.841,178.841,0.31,0.32,0.68,0.69,0.01,0.01,71672.72,1775972578000
1775972579.19,179.19,0.4,0.42,0.01,0.69,0.02,0.68,71672.72,1775972578000
1775972579.67,179.67,0.4,0.41,0.58,0.59,0.01,0.01,71672.72,1775972578000
1775972580.051,180.051,0.39,0.41,0.59,0.6,0.02,0.01,71672.57,1775972579000
1775972580.439,180.439,0.36,0.37,0.61,0.63,0.01,0.02,71672.57,1775972579000
1775972580.827,180.827,0.35,0.36,0.63,0.64,0.01,0.01,71672.57,1775972579000
1775972581.2,181.2,0.35,0.36,0.64,0.65,0.01,0.01,71672.57,1775972579000
1775972581.577,181.577,0.35,0.36,0.64,0.65,0.01,0.01,71672.57,1775972580000
1775972581.913,181.913,0.34,0.35,0.65,0.66,0.01,0.01,71672.55,1775972581000
1775972582.404,182.404,0.34,0.35,0.65,0.66,0.01,0.01,71672.55,1775972581000
1775972582.931,182.931,0.34,0.35,0.65,0.66,0.01,0.01,71672.46,1775972582000
1775972583.317,183.317,0.34,0.35,0.65,0.67,0.01,0.02,71672.46,1775972582000
1775972583.927,183.927,0.34,0.35,0.65,0.66,0.01,0.01,71672.54,1775972583000
1775972584.425,184.425,0.33,0.34,0.65,0.66,0.01,0.01,71672.54,1775972583000
1775972584.822,184.822,0.35,0.36,0.64,0.67,0.01,0.03,71672.54,1775972583000
1775972585.163,185.163,0.36,0.37,0.63,0.64,0.01,0.01,71672.54,1775972584000
1775972585.843,185.843,0.37,0.38,0.62,0.63,0.01,0.01,71672.55,1775972585000
1775972586.513,186.513,0.36,0.37,0.62,0.63,0.01,0.01,71672.55,1775972585000
1775972586.929,186.929,0.36,0.37,0.63,0.64,0.01,0.01,71672.55,1775972586000
1775972587.982,187.982,0.36,0.37,0.63,0.64,0.01,0.01,71672.6,1775972587000
1775972588.988,188.988,0.36,0.37,0.63,0.64,0.01,0.01,71673.25,1775972588000
1775972589.33,189.33,0.36,0.37,0.63,0.64,0.01,0.01,71673.25,1775972588000
1775972589.929,189.929,0.36,0.37,0.63,0.64,0.01,0.01,71673.25,1775972589000
1775972590.307,190.307,0.36,0.38,0.62,0.63,0.02,0.01,71673.25,1775972589000
1775972590.818,190.818,0.36,0.38,0.62,0.64,0.02,0.02,71673.26,1775972590000
1775972591.197,191.197,0.36,0.97,0.62,0.64,0.61,0.02,71673.26,1775972590000
1775972591.768,191.768,0.43,0.44,0.56,0.57,0.01,0.01,71673.26,1775972590000
1775972592.159,192.159,0.43,0.44,0.56,0.57,0.01,0.01,71673.26,1775972590000
1775972592.578,192.578,0.42,0.43,0.57,0.58,0.01,0.01,71673.26,1775972591000
1775972593.284,193.284,0.4,0.41,0.59,0.6,0.01,0.01,71673.28,1775972592000
1775972593.637,193.637,0.39,0.4,0.6,0.61,0.01,0.01,71673.28,1775972592000
1775972594.003,194.003,0.39,0.4,0.6,0.61,0.01,0.01,71673.28,1775972592000
1775972594.476,194.476,0.39,0.4,0.6,0.61,0.01,0.01,71673.28,1775972593000
1775972594.824,194.824,0.39,0.4,0.6,0.61,0.01,0.01,71673.28,1775972593000
1775972595.429,195.429,0.38,0.39,0.61,0.62,0.01,0.01,71673.29,1775972594000
1775972595.842,195.842,0.38,0.39,0.61,0.62,0.01,0.01,71673.29,1775972594000
1775972596.734,196.734,0.38,0.39,0.61,0.62,0.01,0.01,71672.46,1775972595000
1775972597.069,197.069,0.37,0.38,0.62,0.63,0.01,0.01,71672.46,1775972595000
1775972597.43,197.43,0.37,0.38,0.62,0.63,0.01,0.01,71672.44,1775972596000
1775972597.858,197.858,0.34,0.35,0.63,0.66,0.01,0.03,71672.44,1775972596000
1775972599.699,199.699,0.34,0.35,0.65,0.66,0.01,0.01,71672.44,1775972597000
1775972600.091,200.091,0.34,0.35,0.65,0.66,0.01,0.01,71672.51,1775972598000
1775972600.492,200.492,0.34,0.35,0.65,0.66,0.01,0.01,71672.51,1775972599000
1775972600.833,200.833,0.33,0.35,0.65,0.66,0.02,0.01,71672.51,1775972599000
1775972601.171,201.171,0.33,0.34,0.66,0.67,0.01,0.01,71672.52,1775972600000
1775972601.612,201.612,0.33,0.96,0.66,0.67,0.63,0.01,71672.52,1775972600000
1775972601.946,201.946,0.37,0.38,0.01,0.6,0.01,0.59,71672.52,1775972600000
1775972602.359,202.359,0.37,0.38,0.62,0.63,0.01,0.01,71672.52,1775972600000
1775972602.804,202.804,0.37,0.38,0.62,0.63,0.01,0.01,71672.71,1775972601000
1775972603.171,203.171,0.37,0.38,0.62,0.63,0.01,0.01,71672.72,1775972602000
1775972603.828,203.828,0.34,0.35,0.62,0.64,0.01,0.02,71672.72,1775972602000
1775972604.557,204.557,0.34,0.35,0.65,0.66,0.01,0.01,71672.73,1775972603000
1775972604.997,204.997,0.34,0.35,0.65,0.66,0.01,0.01,71672.73,1775972603000
1775972605.492,205.492,0.33,0.34,0.65,0.66,0.01,0.01,71672.73,1775972604000
1775972606.02,206.02,0.33,0.34,0.66,0.67,0.01,0.01,71672.73,1775972604000
1775972606.44,206.44,0.34,0.35,0.65,0.66,0.01,0.01,71672.73,1775972604000
1775972606.888,206.888,0.35,0.36,0.64,0.65,0.01,0.01,71672.73,1775972605000
1775972607.275,207.275,0.35,0.36,0.64,0.65,0.01,0.01,71672.73,1775972605000
1775972608.342,208.342,0.35,0.36,0.64,0.65,0.01,0.01,71672.44,1775972606000
1775972608.685,208.685,0.35,0.36,0.64,0.65,0.01,0.01,71672.44,1775972606000
1775972609.304,209.304,0.35,0.36,0.64,0.65,0.01,0.01,71672.88,1775972608000
1775972609.68,209.68,0.35,0.36,0.64,0.65,0.01,0.01,71672.88,1775972608000
1775972610.06,210.06,0.35,0.36,0.64,0.65,0.01,0.01,71672.88,1775972608000
1775972610.463,210.463,0.35,0.36,0.64,0.65,0.01,0.01,71672.88,1775972608000
1775972610.872,210.872,0.35,0.36,0.64,0.65,0.01,0.01,71672.9,1775972609000
1775972611.234,211.234,0.35,0.36,0.64,0.65,0.01,0.01,71672.9,1775972609000
1775972611.776,211.776,0.33,0.34,0.65,0.66,0.01,0.01,71672.89,1775972610000
1775972612.348,212.348,0.33,0.34,0.66,0.67,0.01,0.01,71672.9,1775972611000
1775972612.887,212.887,0.33,0.35,0.65,0.67,0.02,0.02,71672.9,1775972612000
1775972613.257,213.257,0.34,0.35,0.65,0.67,0.01,0.02,71672.9,1775972612000
1775972613.727,213.727,0.31,0.35,0.65,0.66,0.04,0.01,71672.9,1775972612000
1775972614.11,214.11,0.31,0.32,0.68,0.69,0.01,0.01,71672.9,1775972613000
1775972614.529,214.529,0.35,0.36,0.68,0.69,0.01,0.01,71672.9,1775972613000
1775972615.032,215.032,0.35,0.36,0.64,0.65,0.01,0.01,71672.91,1775972614000
1775972615.648,215.648,0.35,0.36,0.64,0.65,0.01,0.01,71672.91,1775972614000
1775972615.987,215.987,0.35,0.36,0.64,0.65,0.01,0.01,71672.91,1775972614000
1775972616.472,216.472,0.35,0.36,0.64,0.65,0.01,0.01,71672.93,1775972615000
1775972617.021,217.021,0.35,0.36,0.64,0.65,0.01,0.01,71672.93,1775972615000
1775972617.524,217.524,0.35,0.36,0.64,0.65,0.01,0.01,71672.93,1775972616000
1775972617.866,217.866,0.35,0.36,0.64,0.65,0.01,0.01,71672.93,1775972616000
1775972618.227,218.227,0.35,0.36,0.64,0.65,0.01,0.01,71672.93,1775972616000
1775972618.638,218.638,0.35,0.36,0.64,0.65,0.01,0.01,71672.95,1775972617000
1775972619.075,219.075,0.35,0.36,0.64,0.65,0.01,0.01,71672.95,1775972617000
1775972619.663,219.663,0.36,0.37,0.63,0.65,0.01,0.02,71672.96,1775972618000
1775972620.095,220.095,0.36,0.37,0.63,0.64,0.01,0.01,71672.96,1775972618000
1775972620.462,220.462,0.36,0.37,0.63,0.64,0.01,0.01,71672.95,1775972619000
1775972620.905,220.905,0.36,0.37,0.63,0.64,0.01,0.01,71672.95,1775972619000
1775972621.455,221.455,0.35,0.36,0.63,0.64,0.01,0.01,71672.95,1775972620000
1775972622.129,222.129,0.35,0.36,0.64,0.65,0.01,0.01,71673.09,1775972621000
1775972623.144,223.144,0.35,0.37,0.63,0.65,0.02,0.02,71673.39,1775972622000
1775972623.611,223.611,0.36,0.37,0.63,0.64,0.01,0.01,71673.39,1775972622000
1775972624.036,224.036,0.36,0.37,0.63,0.64,0.01,0.01,71673.44,1775972623000
1775972624.732,224.732,0.35,0.36,0.63,0.65,0.01,0.02,71673.44,1775972623000
1775972625.067,225.067,0.35,0.37,0.63,0.65,0.02,0.02,71673.44,1775972624000
1775972625.554,225.554,0.35,0.36,0.64,0.65,0.01,0.01,71673.44,1775972624000
1775972625.981,225.981,0.36,0.37,0.63,0.64,0.01,0.01,71673.44,1775972624000
1775972626.441,226.441,0.35,0.36,0.63,0.64,0.01,0.01,71673.44,1775972625000
1775972626.836,226.836,0.35,0.36,0.64,0.65,0.01,0.01,71673.44,1775972625000
1775972627.282,227.282,0.35,0.36,0.64,0.65,0.01,0.01,71673.44,1775972626000
1775972627.694,227.694,0.35,0.36,0.64,0.65,0.01,0.01,71673.44,1775972626000
1775972628.186,228.186,0.34,0.35,0.64,0.65,0.01,0.01,71673.44,1775972626000
1775972628.597,228.597,0.34,0.35,0.65,0.66,0.01,0.01,71674.75,1775972627000
1775972628.963,228.963,0.32,0.33,0.66,0.68,0.01,0.02,71674.75,1775972627000
1775972630.092,230.092,0.33,0.35,0.65,0.67,0.02,0.02,71674.77,1775972629000
1775972630.831,230.831,0.32,0.33,0.66,0.68,0.01,0.02,71674.77,1775972629000
1775972631.175,231.175,0.32,0.33,0.67,0.68,0.01,0.01,71674.77,1775972630000
1775972631.844,231.844,0.33,0.35,0.67,0.68,0.02,0.01,71674.77,1775972630000
1775972632.441,232.441,0.34,0.35,0.65,0.66,0.01,0.01,71674.82,1775972631000
1775972632.807,232.807,0.34,0.36,0.65,0.66,0.02,0.01,71674.82,1775972631000
1775972633.171,233.171,0.37,0.38,0.62,0.63,0.01,0.01,71674.82,1775972631000
1775972633.512,233.512,0.37,0.38,0.62,0.63,0.01,0.01,71674.82,1775972632000
1775972633.854,233.854,0.35,0.38,0.62,0.65,0.03,0.03,71674.82,1775972632000
1775972634.259,234.259,0.34,0.38,0.62,0.66,0.04,0.04,71674.83,1775972633000
1775972634.739,234.739,0.35,0.37,0.62,0.66,0.02,0.04,71674.83,1775972633000
1775972635.123,235.123,0.33,0.34,0.64,0.67,0.01,0.03,71674.83,1775972633000
1775972635.719,235.719,0.36,0.37,0.66,0.67,0.01,0.01,71674.86,1775972634000
1775972636.229,236.229,0.36,0.37,0.63,0.64,0.01,0.01,71674.9,1775972635000
1775972637.053,237.053,0.33,0.37,0.63,0.67,0.04,0.04,71674.9,1775972636000
1775972637.418,237.418,0.34,0.35,0.65,0.66,0.01,0.01,71674.9,1775972636000
1775972638.143,238.143,0.34,0.36,0.64,0.66,0.02,0.02,71674.92,1775972637000
1775972639.092,239.092,0.33,0.36,0.64,0.67,0.03,0.03,71674.92,1775972638000
1775972639.434,239.434,0.34,0.35,0.64,0.67,0.01,0.03,71674.92,1775972638000
1775972640.419,240.419,0.34,0.35,0.65,0.66,0.01,0.01,71674.68,1775972639000
1775972641.097,241.097,0.35,0.36,0.64,0.65,0.01,0.01,71674.93,1775972640000
1775972641.578,241.578,0.33,0.34,0.65,0.66,0.01,0.01,71674.93,1775972640000
1775972641.946,241.946,0.32,0.33,0.67,0.68,0.01,0.01,71674.93,1775972640000
1775972642.307,242.307,0.32,0.33,0.67,0.68,0.01,0.01,71674.85,1775972641000
1775972642.78,242.78,0.32,0.33,0.67,0.68,0.01,0.01,71674.85,1775972641000
1775972643.241,243.241,0.29,0.31,0.68,0.7,0.02,0.02,71674.85,1775972641000
1775972643.612,243.612,0.29,0.3,0.7,0.71,0.01,0.01,71674.84,1775972642000
1775972644.111,244.111,0.28,0.29,0.71,0.72,0.01,0.01,71674.84,1775972642000
1775972644.52,244.52,0.28,0.29,0.71,0.72,0.01,0.01,71674.84,1775972643000
1775972644.887,244.887,0.28,0.29,0.71,0.72,0.01,0.01,71674.84,1775972643000
1775972645.296,245.296,0.28,0.29,0.71,0.72,0.01,0.01,71674.84,1775972643000
1775972645.721,245.721,0.28,0.29,0.71,0.72,0.01,0.01,71673.51,1775972644000
1775972646.075,246.075,0.28,0.29,0.71,0.72,0.01,0.01,71673.51,1775972644000
1775972646.831,246.831,0.28,0.29,0.71,0.72,0.01,0.01,71673.32,1775972645000
1775972647.522,247.522,0.28,0.29,0.71,0.72,0.01,0.01,71673.32,1775972645000
1775972647.88,247.88,0.27,0.28,0.72,0.73,0.01,0.01,71673.33,1775972646000
1775972648.233,248.233,0.26,0.27,0.72,0.73,0.01,0.01,71673.33,1775972646000
1775972648.643,248.643,0.26,0.27,0.73,0.74,0.01,0.01,71673.33,1775972647000
1775972649.098,249.098,0.25,0.26,0.73,0.74,0.01,0.01,71673.33,1775972647000
1775972649.49,249.49,0.22,0.23,0.74,0.78,0.01,0.04,71673.33,1775972648000
1775972650.006,250.006,0.22,0.23,0.77,0.78,0.01,0.01,71673.33,1775972648000
1775972650.36,250.36,0.22,0.23,0.77,0.78,0.01,0.01,71673.33,1775972648000
1775972650.706,250.706,0.15,0.16,0.78,0.85,0.01,0.07,71673.34,1775972649000
1775972651.044,251.044,0.13,0.15,0.85,0.87,0.02,0.02,71673.34,1775972649000
1775972651.396,251.396,0.08,0.09,0.91,0.92,0.01,0.01,71673.29,1775972650000
1775972651.883,251.883,0.11,0.12,0.89,0.9,0.01,0.01,71673.29,1775972650000
1775972652.277,252.277,0.1,0.12,0.89,0.9,0.02,0.01,71673.29,1775972650000
1775972652.652,252.652,0.11,0.12,0.88,0.89,0.01,0.01,71671.28,1775972651000
1775972653.084,253.084,0.15,0.16,0.84,0.86,0.01,0.02,71671.28,1775972651000
1775972653.45,253.45,0.12,0.13,0.87,0.88,0.01,0.01,71672.64,1775972652000
1775972653.815,253.815,0.18,0.19,0.81,0.82,0.01,0.01,71672.64,1775972652000
1775972654.258,254.258,0.15,0.16,0.84,0.85,0.01,0.01,71672.64,1775972653000
1775972654.75,254.75,0.15,0.16,0.84,0.85,0.01,0.01,71672.64,1775972653000
1775972655.122,255.122,0.15,0.16,0.84,0.85,0.01,0.01,71672.64,1775972653000
1775972655.478,255.478,0.16,0.17,0.83,0.84,0.01,0.01,71672.6,1775972654000
1775972655.813,255.813,0.16,0.17,0.83,0.84,0.01,0.01,71672.6,1775972654000
1775972656.163,256.163,0.15,0.16,0.83,0.84,0.01,0.01,71672.6,1775972654000
1775972656.517,256.517,0.14,0.15,0.84,0.86,0.01,0.02,71672.4,1775972655000
1775972657.005,257.005,0.14,0.15,0.85,0.86,0.01,0.01,71672.4,1775972655000
1775972657.398,257.398,0.14,0.15,0.85,0.86,0.01,0.01,71672.4,1775972656000
1775972657.78,257.78,0.14,0.15,0.85,0.86,0.01,0.01,71672.4,1775972656000
1775972658.271,258.271,0.15,0.16,0.84,0.85,0.01,0.01,71672.24,1775972657000
1775972658.645,258.645,0.15,0.16,0.84,0.85,0.01,0.01,71672.24,1775972657000
1775972659.031,259.031,0.14,0.15,0.84,0.85,0.01,0.01,71672.24,1775972657000
1775972659.762,259.762,0.14,0.15,0.85,0.86,0.01,0.01,71672.03,1775972658000
1775972660.107,260.107,0.14,0.15,0.85,0.86,0.01,0.01,71672.03,1775972659000
1775972660.447,260.447,0.14,0.15,0.85,0.86,0.01,0.01,71672.03,1775972659000
1775972660.79,260.79,0.18,0.19,0.85,0.86,0.01,0.01,71672.03,1775972659000
1775972661.129,261.129,0.2,0.21,0.79,0.8,0.01,0.01,71672.25,1775972660000
1775972661.464,261.464,0.19,0.2,0.8,0.81,0.01,0.01,71672.25,1775972660000
1775972661.848,261.848,0.19,0.21,0.8,0.81,0.02,0.01,71672.25,1775972660000
1775972662.198,262.198,0.19,0.2,0.8,0.81,0.01,0.01,71672.25,1775972661000
1775972662.688,262.688,0.19,0.2,0.8,0.81,0.01,0.01,71672.25,1775972661000
1775972663.029,263.029,0.19,0.2,0.8,0.81,0.01,0.01,71672.27,1775972662000
1775972663.594,263.594,0.19,0.2,0.8,0.81,0.01,0.01,71672.27,1775972662000
1775972663.933,263.933,0.19,0.2,0.8,0.81,0.01,0.01,71672.27,1775972662000
1775972664.703,264.703,0.19,0.2,0.8,0.81,0.01,0.01,71672.46,1775972663000
1775972665.068,265.068,0.19,0.2,0.8,0.81,0.01,0.01,71672.48,1775972664000
1775972665.495,265.495,0.19,0.2,0.8,0.81,0.01,0.01,71672.48,1775972664000
1775972665.896,265.896,0.18,0.2,0.8,0.81,0.02,0.01,71672.48,1775972664000
1775972666.401,266.401,0.18,0.19,0.81,0.82,0.01,0.01,71672.64,1775972665000
1775972666.853,266.853,0.18,0.19,0.81,0.82,0.01,0.01,71672.64,1775972665000
1775972667.217,267.217,0.16,0.17,0.8,0.96,0.01,0.16,71672.72,1775972666000
1775972667.899,267.899,0.15,0.16,0.84,0.85,0.01,0.01,71672.72,1775972666000
1775972668.686,268.686,0.13,0.15,0.84,0.85,0.02,0.01,71672.77,1775972667000
1775972669.235,269.235,0.12,0.13,0.86,0.87,0.01,0.01,71672.77,1775972667000
1775972669.572,269.572,0.12,0.13,0.87,0.88,0.01,0.01,71672.77,1775972667000
1775972669.956,269.956,0.12,0.13,0.87,0.88,0.01,0.01,71672.77,1775972668000
1775972670.383,270.383,0.12,0.13,0.87,0.88,0.01,0.01,71673.06,1775972669000
1775972670.764,270.764,0.08,0.1,0.91,0.92,0.02,0.01,71673.06,1775972669000
1775972671.12,271.12,0.08,0.09,0.91,0.92,0.01,0.01,71673.06,1775972669000
1775972671.568,271.568,0.09,0.1,0.9,0.91,0.01,0.01,71673.06,1775972669000
1775972672.061,272.061,0.08,0.09,0.91,0.92,0.01,0.01,71673.06,1775972669000
1775972672.401,272.401,0.08,0.09,0.91,0.92,0.01,0.01,71673.06,1775972670000
1775972672.747,272.747,0.08,0.09,0.91,0.92,0.01,0.01,71673.07,1775972671000
1775972673.15,273.15,0.08,0.09,0.91,0.92,0.01,0.01,71673.07,1775972671000
1775972673.511,273.511,0.08,0.09,0.91,0.92,0.01,0.01,71673.0,1775972672000
1775972673.852,273.852,0.08,0.09,0.91,0.92,0.01,0.01,71673.0,1775972672000
1775972674.271,274.271,0.08,0.09,0.91,0.92,0.01,0.01,71673.0,1775972672000
1775972674.637,274.637,0.08,0.09,0.91,0.92,0.01,0.01,71673.01,1775972673000
1775972675.057,275.057,0.08,0.09,0.91,0.92,0.01,0.01,71673.55,1775972674000
1775972675.394,275.394,0.08,0.09,0.91,0.92,0.01,0.01,71673.55,1775972674000
1775972676.154,276.154,0.08,0.09,0.91,0.92,0.01,0.01,71673.55,1775972674000
1775972676.588,276.588,0.05,0.06,0.91,0.95,0.01,0.04,71673.58,1775972675000
1775972676.954,276.954,0.05,0.06,0.94,0.95,0.01,0.01,71673.58,1775972675000
1775972677.288,277.288,0.05,0.06,0.94,0.95,0.01,0.01,71673.58,1775972676000
1775972677.673,277.673,0.06,0.08,0.94,0.95,0.02,0.01,71673.58,1775972676000
1775972678.018,278.018,0.06,0.07,0.93,0.94,0.01,0.01,71673.58,1775972676000
1775972678.51,278.51,0.05,0.06,0.94,0.95,0.01,0.01,71673.58,1775972676000
1775972678.859,278.859,0.05,0.06,0.94,0.95,0.01,0.01,71673.49,1775972677000
1775972679.31,279.31,0.07,0.08,0.92,0.95,0.01,0.03,71673.49,1775972678000
1775972679.695,279.695,0.06,0.07,0.93,0.94,0.01,0.01,71673.49,1775972678000
1775972680.062,280.062,0.06,0.07,0.93,0.94,0.01,0.01,71673.49,1775972678000
1775972680.4,280.4,0.06,0.07,0.93,0.95,0.01,0.02,71673.08,1775972679000
1775972680.738,280.738,0.06,0.07,0.93,0.94,0.01,0.01,71673.08,1775972679000
1775972681.184,281.184,0.08,0.09,0.91,0.92,0.01,0.01,71673.08,1775972679000
1775972681.567,281.567,0.08,0.09,0.91,0.92,0.01,0.01,71673.08,1775972680000
1775972681.933,281.933,0.09,0.1,0.9,0.92,0.01,0.02,71673.08,1775972680000
1775972682.284,282.284,0.09,0.1,0.9,0.91,0.01,0.01,71673.08,1775972681000
1775972682.627,282.627,0.09,0.1,0.9,0.91,0.01,0.01,71673.08,1775972681000
1775972682.979,282.979,0.09,0.1,0.9,0.91,0.01,0.01,71673.08,1775972681000
1775972683.315,283.315,0.08,0.09,0.9,0.92,0.01,0.02,71673.12,1775972682000
1775972683.65,283.65,0.08,0.1,0.9,0.92,0.02,0.02,71673.12,1775972682000
1775972684.071,284.071,0.08,0.1,0.91,0.92,0.02,0.01,71673.12,1775972682000
1775972684.549,284.549,0.09,0.1,0.91,0.92,0.01,0.01,71673.37,1775972683000
1775972684.889,284.889,0.09,0.1,0.9,0.91,0.01,0.01,71673.37,1775972683000
1775972685.337,285.337,0.09,0.1,0.9,0.91,0.01,0.01,71673.42,1775972684000
1775972685.816,285.816,0.1,0.12,0.89,0.9,0.02,0.01,71673.42,1775972684000
1775972686.196,286.196,0.07,0.08,0.92,0.93,0.01,0.01,71673.42,1775972684000
1775972686.545,286.545,0.06,0.08,0.92,0.93,0.02,0.01,71673.42,1775972684000
1775972687.097,287.097,0.1,0.11,0.92,0.94,0.01,0.02,71673.42,1775972685000
1775972687.438,287.438,0.07,0.08,0.92,0.93,0.01,0.01,71673.42,1775972685000
1775972687.801,287.801,0.07,0.09,0.91,0.93,0.02,0.02,71673.42,1775972685000
1775972688.151,288.151,0.07,0.08,0.92,0.93,0.01,0.01,71673.52,1775972686000
1775972688.486,288.486,0.07,0.08,0.92,0.93,0.01,0.01,71673.52,1775972686000
1775972688.82,288.82,0.07,0.08,0.92,0.93,0.01,0.01,71673.52,1775972686000
1775972689.157,289.157,0.07,0.08,0.92,0.93,0.01,0.01,71673.76,1775972687000
1775972689.499,289.499,0.07,0.08,0.92,0.93,0.01,0.01,71673.76,1775972687000
1775972689.841,289.841,0.06,0.07,0.92,0.94,0.01,0.02,71673.68,1775972688000
1775972690.819,290.819,0.06,0.07,0.93,0.94,0.01,0.01,71673.68,1775972689000
1775972691.163,291.163,0.06,0.07,0.93,0.94,0.01,0.01,71673.68,1775972689000
1775972691.858,291.858,0.06,0.07,0.92,0.94,0.01,0.02,71673.95,1775972690000
1775972692.196,292.196,0.06,0.07,0.93,0.95,0.01,0.02,71673.95,1775972690000
1775972692.708,292.708,0.05,0.06,0.94,0.95,0.01,0.01,71673.95,1775972691000
1775972693.097,293.097,0.02,0.06,0.93,0.95,0.04,0.02,71673.95,1775972691000
1775972693.559,293.559,0.03,0.05,0.94,0.95,0.02,0.01,71673.96,1775972692000
1775972693.954,293.954,0.04,0.06,0.94,0.96,0.02,0.02,71673.96,1775972692000
1775972694.325,294.325,0.03,0.05,0.95,0.98,0.02,0.03,71674.55,1775972693000
1775972694.695,294.695,0.03,0.04,0.96,0.98,0.01,0.02,71674.55,1775972693000
1775972695.06,295.06,0.02,0.03,0.97,0.98,0.01,0.01,71674.55,1775972693000
1775972695.415,295.415,0.02,0.03,0.97,0.98,0.01,0.01,71673.83,1775972694000
1775972695.889,295.889,0.02,0.03,0.96,0.98,0.01,0.02,71673.83,1775972694000
1775972696.229,296.229,0.03,0.05,0.96,0.97,0.02,0.01,71673.83,1775972695000
1775972696.703,296.703,0.01,0.04,0.94,0.99,0.03,0.05,71673.83,1775972695000
1775972697.044,297.044,0.02,0.04,0.96,0.99,0.02,0.03,71673.83,1775972695000
1775972697.397,297.397,0.01,0.02,0.98,0.99,0.01,0.01,71673.99,1775972696000
1775972697.737,297.737,0.01,0.02,0.98,0.99,0.01,0.01,71673.99,1775972696000
1775972698.133,298.133,0.01,0.02,0.98,0.99,0.01,0.01,71673.99,1775972696000
1775972698.475,298.475,0.01,0.04,0.96,0.99,0.03,0.03,71673.99,1775972697000
1775972698.849,298.849,0.01,0.02,0.98,0.99,0.01,0.01,71673.99,1775972697000
1775972699.335,299.335,0.01,0.01,0.99,0.99,0.0,0.0,71673.99,1775972698000
1775972699.854,299.854,0.01,0.01,0.99,0.99,0.0,0.0,71674.0,1775972699000
1775972700.219,300.219,0.01,0.01,0.99,0.99,0.0,0.0,71674.0,1775972699000
1775972700.741,300.741,0.01,0.01,0.99,0.99,0.0,0.0,71674.0,1775972699000
1775972701.159,301.159,0.01,0.01,0.99,0.99,0.0,0.0,71674.09,1775972700000
1775972702.054,302.054,0.01,0.01,0.99,0.99,0.0,0.0,71674.09,1775972701000

# RESULT,winner=Down,slug=btc-updown-5m-1775972400,ticks=649
