timestamp,elapsed_sec,up_bid,up_ask,down_bid,down_ask,up_spread,down_spread,btc_price
1775832000.561,0.561,0.45,0.46,0.54,0.55,0.01,0.01,73090.2
1775832000.997,0.997,0.44,0.46,0.55,0.56,0.02,0.01,73090.2
1775832001.34,1.34,0.46,0.47,0.54,0.55,0.01,0.01,73090.25
1775832001.767,1.767,0.46,0.47,0.53,0.54,0.01,0.01,73090.25
1775832002.343,2.343,0.46,0.47,0.52,0.54,0.01,0.02,73090.25
1775832002.678,2.678,0.46,0.48,0.52,0.54,0.02,0.02,73089.18
1775832003.051,3.051,0.47,0.48,0.52,0.53,0.01,0.01,73089.18
1775832003.483,3.483,0.47,0.48,0.52,0.53,0.01,0.01,73086.65
1775832003.825,3.825,0.47,0.48,0.52,0.53,0.01,0.01,73086.65
1775832004.453,4.453,0.47,0.48,0.52,0.53,0.01,0.01,73088.53
1775832005.012,5.012,0.47,0.48,0.52,0.53,0.01,0.01,73088.53
1775832005.354,5.354,0.47,0.48,0.52,0.53,0.01,0.01,73088.53
1775832005.721,5.721,0.47,0.48,0.52,0.53,0.01,0.01,73088.53
1775832006.164,6.164,0.46,0.47,0.52,0.53,0.01,0.01,73089.95
1775832006.535,6.535,0.45,0.46,0.54,0.55,0.01,0.01,73087.74
1775832006.954,6.954,0.45,0.46,0.54,0.55,0.01,0.01,73087.74
1775832007.371,7.371,0.45,0.46,0.54,0.55,0.01,0.01,73087.74
1775832007.902,7.902,0.45,0.46,0.54,0.55,0.01,0.01,73086.21
1775832008.248,8.248,0.4,0.41,0.58,0.59,0.01,0.01,73086.21
1775832008.593,8.593,0.38,0.39,0.61,0.62,0.01,0.01,73086.03
1775832008.988,8.988,0.38,0.39,0.61,0.62,0.01,0.01,73086.03
1775832009.383,9.383,0.38,0.39,0.61,0.62,0.01,0.01,73086.03
1775832009.74,9.74,0.39,0.4,0.6,0.61,0.01,0.01,73080.36
1775832010.121,10.121,0.39,0.4,0.6,0.61,0.01,0.01,73080.36
1775832010.492,10.492,0.39,0.4,0.6,0.61,0.01,0.01,73072.33
1775832010.887,10.887,0.39,0.4,0.6,0.61,0.01,0.01,73072.33
1775832011.247,11.247,0.39,0.4,0.6,0.61,0.01,0.01,73064.46
1775832011.707,11.707,0.39,0.4,0.6,0.61,0.01,0.01,73064.46
1775832012.13,12.13,0.39,0.4,0.6,0.61,0.01,0.01,73064.46
1775832012.536,12.536,0.39,0.4,0.6,0.61,0.01,0.01,73064.88
1775832013.059,13.059,0.39,0.4,0.6,0.61,0.01,0.01,73064.88
1775832013.501,13.501,0.39,0.4,0.6,0.61,0.01,0.01,73064.74
1775832013.85,13.85,0.39,0.4,0.6,0.61,0.01,0.01,73064.74
1775832014.205,14.205,0.39,0.4,0.6,0.61,0.01,0.01,73064.74
1775832014.553,14.553,0.39,0.4,0.6,0.61,0.01,0.01,73064.15
1775832014.923,14.923,0.39,0.4,0.6,0.61,0.01,0.01,73064.15
1775832015.267,15.267,0.39,0.4,0.6,0.61,0.01,0.01,73064.15
1775832015.651,15.651,0.38,0.39,0.61,0.62,0.01,0.01,73064.15
1775832015.999,15.999,0.38,0.39,0.61,0.62,0.01,0.01,73063.71
1775832016.346,16.346,0.38,0.39,0.61,0.62,0.01,0.01,73063.71
1775832016.91,16.91,0.38,0.39,0.61,0.62,0.01,0.01,73063.71
1775832017.321,17.321,0.38,0.39,0.61,0.62,0.01,0.01,73063.78
1775832017.804,17.804,0.38,0.39,0.61,0.62,0.01,0.01,73063.78
1775832018.241,18.241,0.38,0.39,0.61,0.62,0.01,0.01,73063.78
1775832018.579,18.579,0.38,0.39,0.61,0.62,0.01,0.01,73063.75
1775832019.258,19.258,0.38,0.39,0.61,0.62,0.01,0.01,73063.75
1775832019.663,19.663,0.38,0.39,0.61,0.62,0.01,0.01,73063.18
1775832020.136,20.136,0.38,0.39,0.61,0.62,0.01,0.01,73063.18
1775832020.664,20.664,0.36,0.37,0.63,0.64,0.01,0.01,73062.47
1775832021.021,21.021,0.35,0.36,0.64,0.65,0.01,0.01,73062.47
1775832021.46,21.46,0.35,0.36,0.64,0.65,0.01,0.01,73061.48
1775832021.826,21.826,0.35,0.36,0.64,0.65,0.01,0.01,73061.48
1775832022.18,22.18,0.35,0.37,0.64,0.65,0.02,0.01,73061.48
1775832022.631,22.631,0.35,0.36,0.64,0.65,0.01,0.01,73055.65
1775832023.065,23.065,0.35,0.36,0.64,0.65,0.01,0.01,73055.65
1775832023.411,23.411,0.35,0.36,0.64,0.65,0.01,0.01,73055.65
1775832023.847,23.847,0.35,0.36,0.64,0.65,0.01,0.01,73050.38
1775832024.184,24.184,0.35,0.36,0.64,0.65,0.01,0.01,73052.53
1775832024.522,24.522,0.35,0.36,0.64,0.65,0.01,0.01,73052.53
1775832025.024,25.024,0.35,0.36,0.64,0.65,0.01,0.01,73052.53
1775832025.423,25.423,0.36,0.37,0.63,0.64,0.01,0.01,73052.72
1775832025.77,25.77,0.36,0.37,0.63,0.64,0.01,0.01,73052.72
1775832026.253,26.253,0.37,0.38,0.62,0.64,0.01,0.02,73052.46
1775832026.62,26.62,0.37,0.38,0.62,0.63,0.01,0.01,73052.46
1775832026.987,26.987,0.37,0.38,0.62,0.63,0.01,0.01,73057.1
1775832027.36,27.36,0.37,0.38,0.62,0.63,0.01,0.01,73057.1
1775832027.831,27.831,0.37,0.38,0.62,0.63,0.01,0.01,73057.1
1775832028.215,28.215,0.36,0.37,0.62,0.64,0.01,0.02,73059.75
1775832028.57,28.57,0.36,0.37,0.63,0.64,0.01,0.01,73059.75
1775832029.289,29.289,0.36,0.37,0.63,0.64,0.01,0.01,73059.75
1775832029.742,29.742,0.36,0.37,0.63,0.64,0.01,0.01,73059.06
1775832030.168,30.168,0.36,0.37,0.63,0.64,0.01,0.01,73059.24
1775832030.553,30.553,0.36,0.37,0.63,0.64,0.01,0.01,73059.24
1775832030.946,30.946,0.36,0.37,0.63,0.64,0.01,0.01,73059.24
1775832031.43,31.43,0.36,0.37,0.63,0.64,0.01,0.01,73059.24
1775832031.829,31.829,0.36,0.37,0.63,0.64,0.01,0.01,73059.5
1775832032.246,32.246,0.36,0.37,0.63,0.64,0.01,0.01,73060.4
1775832032.976,32.976,0.36,0.37,0.63,0.64,0.01,0.01,73060.4
1775832033.311,33.311,0.36,0.37,0.63,0.64,0.01,0.01,73060.4
1775832033.672,33.672,0.36,0.37,0.63,0.64,0.01,0.01,73060.63
1775832034.13,34.13,0.36,0.37,0.63,0.64,0.01,0.01,73060.63
1775832034.594,34.594,0.36,0.37,0.63,0.64,0.01,0.01,73060.63
1775832035.042,35.042,0.36,0.37,0.63,0.64,0.01,0.01,73060.63
1775832035.381,35.381,0.39,0.4,0.6,0.61,0.01,0.01,73060.73
1775832035.754,35.754,0.39,0.4,0.6,0.61,0.01,0.01,73060.73
1775832036.305,36.305,0.39,0.4,0.6,0.61,0.01,0.01,73060.73
1775832037.23,37.23,0.39,0.4,0.6,0.61,0.01,0.01,73063.23
1775832037.616,37.616,0.39,0.4,0.6,0.61,0.01,0.01,73063.23
1775832038.054,38.054,0.39,0.4,0.6,0.61,0.01,0.01,73063.23
1775832038.579,38.579,0.4,0.41,0.59,0.6,0.01,0.01,73066.49
1775832038.936,38.936,0.4,0.41,0.59,0.6,0.01,0.01,73066.49
1775832039.278,39.278,0.4,0.41,0.59,0.6,0.01,0.01,73066.49
1775832039.627,39.627,0.42,0.43,0.57,0.6,0.01,0.03,73066.77
1775832039.976,39.976,0.43,0.45,0.55,0.57,0.02,0.02,73066.77
1775832040.317,40.317,0.43,0.44,0.56,0.57,0.01,0.01,73066.77
1775832040.686,40.686,0.42,0.43,0.56,0.58,0.01,0.02,73066.77
1775832041.156,41.156,0.42,0.43,0.57,0.58,0.01,0.01,73066.77
1775832041.561,41.561,0.4,0.41,0.59,0.6,0.01,0.01,73077.88
1775832041.901,41.901,0.4,0.41,0.59,0.6,0.01,0.01,73077.88
1775832042.607,42.607,0.4,0.41,0.59,0.6,0.01,0.01,73075.36
1775832043.29,43.29,0.4,0.41,0.59,0.6,0.01,0.01,73075.36
1775832043.679,43.679,0.41,0.43,0.58,0.59,0.02,0.01,73069.12
1775832044.402,44.402,0.42,0.43,0.57,0.58,0.01,0.01,73069.12
1775832044.77,44.77,0.4,0.42,0.57,0.59,0.02,0.02,73069.12
1775832045.2,45.2,0.4,0.41,0.59,0.6,0.01,0.01,73069.12
1775832045.533,45.533,0.4,0.41,0.59,0.6,0.01,0.01,73069.12
1775832046.136,46.136,0.41,0.42,0.58,0.59,0.01,0.01,73074.04
1775832046.491,46.491,0.4,0.41,0.59,0.6,0.01,0.01,73074.04
1775832046.91,46.91,0.39,0.41,0.59,0.6,0.02,0.01,73074.04
1775832047.38,47.38,0.39,0.4,0.6,0.61,0.01,0.01,73072.51
1775832047.829,47.829,0.39,0.4,0.6,0.61,0.01,0.01,73072.51
1775832048.311,48.311,0.39,0.4,0.6,0.61,0.01,0.01,73067.71
1775832048.807,48.807,0.39,0.4,0.6,0.61,0.01,0.01,73067.71
1775832049.22,49.22,0.38,0.39,0.6,0.61,0.01,0.01,73067.71
1775832049.57,49.57,0.36,0.37,0.62,0.64,0.01,0.02,73067.61
1775832050.066,50.066,0.36,0.37,0.63,0.64,0.01,0.01,73067.61
1775832050.442,50.442,0.36,0.37,0.63,0.64,0.01,0.01,73067.66
1775832050.805,50.805,0.36,0.37,0.63,0.64,0.01,0.01,73067.66
1775832051.335,51.335,0.36,0.37,0.63,0.64,0.01,0.01,73066.96
1775832051.819,51.819,0.36,0.37,0.63,0.64,0.01,0.01,73066.96
1775832052.288,52.288,0.35,0.36,0.63,0.65,0.01,0.02,73064.09
1775832052.629,52.629,0.35,0.36,0.64,0.65,0.01,0.01,73064.09
1775832053.058,53.058,0.34,0.35,0.65,0.66,0.01,0.01,73064.09
1775832053.463,53.463,0.34,0.35,0.65,0.66,0.01,0.01,73063.38
1775832053.818,53.818,0.34,0.35,0.65,0.66,0.01,0.01,73063.38
1775832054.154,54.154,0.34,0.35,0.65,0.66,0.01,0.01,73063.38
1775832054.541,54.541,0.34,0.35,0.65,0.66,0.01,0.01,73060.09
1775832054.937,54.937,0.34,0.35,0.65,0.66,0.01,0.01,73060.09
1775832055.336,55.336,0.34,0.35,0.65,0.66,0.01,0.01,73057.15
1775832055.717,55.717,0.34,0.35,0.65,0.66,0.01,0.01,73057.15
1775832056.112,56.112,0.34,0.35,0.65,0.66,0.01,0.01,73057.15
1775832056.604,56.604,0.34,0.35,0.65,0.66,0.01,0.01,73057.67
1775832056.972,56.972,0.34,0.35,0.65,0.66,0.01,0.01,73057.67
1775832057.314,57.314,0.33,0.34,0.65,0.67,0.01,0.02,73057.67
1775832057.662,57.662,0.33,0.34,0.66,0.67,0.01,0.01,73057.35
1775832057.998,57.998,0.34,0.35,0.65,0.66,0.01,0.01,73057.35
1775832058.439,58.439,0.34,0.35,0.65,0.66,0.01,0.01,73056.39
1775832059.152,59.152,0.34,0.35,0.65,0.66,0.01,0.01,73054.98
1775832059.525,59.525,0.34,0.35,0.65,0.66,0.01,0.01,73054.98
1775832060.121,60.121,0.34,0.35,0.65,0.66,0.01,0.01,73054.98
1775832060.489,60.489,0.34,0.35,0.65,0.66,0.01,0.01,73055.96
1775832060.838,60.838,0.34,0.35,0.65,0.66,0.01,0.01,73055.96
1775832061.39,61.39,0.34,0.35,0.65,0.66,0.01,0.01,73059.46
1775832061.759,61.759,0.37,0.38,0.63,0.66,0.01,0.03,73059.46
1775832062.152,62.152,0.38,0.39,0.61,0.63,0.01,0.02,73059.46
1775832062.492,62.492,0.35,0.38,0.62,0.63,0.03,0.01,73059.46
1775832062.826,62.826,0.36,0.38,0.62,0.63,0.02,0.01,73059.46
1775832063.172,63.172,0.37,0.38,0.62,0.63,0.01,0.01,73064.01
1775832063.72,63.72,0.37,0.38,0.62,0.63,0.01,0.01,73064.01
1775832064.063,64.063,0.37,0.38,0.62,0.63,0.01,0.01,73064.01
1775832064.409,64.409,0.37,0.38,0.62,0.63,0.01,0.01,73061.18
1775832064.824,64.824,0.37,0.38,0.62,0.63,0.01,0.01,73061.18
1775832065.215,65.215,0.39,0.43,0.57,0.61,0.04,0.04,73061.18
1775832065.552,65.552,0.45,0.47,0.53,0.55,0.02,0.02,73062.44
1775832065.886,65.886,0.47,0.5,0.5,0.53,0.03,0.03,73062.44
1775832066.285,66.285,0.48,0.5,0.5,0.52,0.02,0.02,73062.44
1775832066.619,66.619,0.49,0.5,0.5,0.52,0.01,0.02,73069.1
1775832066.953,66.953,0.5,0.51,0.49,0.5,0.01,0.01,73069.1
1775832067.332,67.332,0.5,0.51,0.49,0.5,0.01,0.01,73085.89
1775832067.671,67.671,0.49,0.5,0.5,0.51,0.01,0.01,73085.89
1775832068.011,68.011,0.48,0.49,0.51,0.52,0.01,0.01,73085.89
1775832068.447,68.447,0.48,0.49,0.51,0.52,0.01,0.01,73085.89
1775832068.782,68.782,0.48,0.49,0.51,0.52,0.01,0.01,73094.76
1775832069.226,69.226,0.47,0.48,0.52,0.53,0.01,0.01,73094.76
1775832069.571,69.571,0.46,0.47,0.53,0.54,0.01,0.01,73094.76
1775832069.916,69.916,0.46,0.47,0.53,0.54,0.01,0.01,73089.17
1775832070.531,70.531,0.46,0.47,0.53,0.54,0.01,0.01,73086.92
1775832071.004,71.004,0.46,0.47,0.53,0.54,0.01,0.01,73086.92
1775832071.388,71.388,0.46,0.47,0.53,0.54,0.01,0.01,73084.22
1775832071.874,71.874,0.46,0.47,0.53,0.54,0.01,0.01,73084.22
1775832072.212,72.212,0.45,0.46,0.54,0.55,0.01,0.01,73084.22
1775832072.664,72.664,0.43,0.44,0.55,0.57,0.01,0.02,73084.22
1775832072.998,72.998,0.43,0.44,0.56,0.57,0.01,0.01,73084.36
1775832073.372,73.372,0.43,0.44,0.56,0.57,0.01,0.01,73085.17
1775832073.757,73.757,0.44,0.45,0.55,0.56,0.01,0.01,73085.17
1775832074.124,74.124,0.46,0.47,0.53,0.56,0.01,0.03,73085.17
1775832074.904,74.904,0.48,0.49,0.51,0.52,0.01,0.01,73080.68
1775832075.33,75.33,0.48,0.49,0.51,0.52,0.01,0.01,73080.68
1775832075.695,75.695,0.48,0.49,0.51,0.52,0.01,0.01,73080.91
1775832076.258,76.258,0.48,0.49,0.51,0.52,0.01,0.01,73080.91
1775832076.632,76.632,0.48,0.49,0.51,0.52,0.01,0.01,73083.4
1775832077.288,77.288,0.48,0.49,0.51,0.52,0.01,0.01,73083.4
1775832077.817,77.817,0.48,0.51,0.49,0.52,0.03,0.03,73087.03
1775832078.285,78.285,0.5,0.51,0.49,0.5,0.01,0.01,73087.03
1775832078.753,78.753,0.51,0.52,0.48,0.49,0.01,0.01,73089.13
1775832079.104,79.104,0.51,0.52,0.48,0.49,0.01,0.01,73089.13
1775832079.51,79.51,0.51,0.52,0.48,0.49,0.01,0.01,73089.92
1775832079.883,79.883,0.5,0.52,0.48,0.49,0.02,0.01,73089.92
1775832080.238,80.238,0.5,0.51,0.49,0.5,0.01,0.01,73089.92
1775832080.883,80.883,0.5,0.51,0.49,0.5,0.01,0.01,73090.44
1775832081.24,81.24,0.5,0.51,0.49,0.5,0.01,0.01,73090.73
1775832081.607,81.607,0.51,0.52,0.48,0.49,0.01,0.01,73090.73
1775832081.985,81.985,0.55,0.56,0.44,0.45,0.01,0.01,73090.73
1775832082.334,82.334,0.55,0.56,0.44,0.45,0.01,0.01,73089.56
1775832082.684,82.684,0.55,0.56,0.44,0.45,0.01,0.01,73089.56
1775832083.027,83.027,0.55,0.56,0.44,0.45,0.01,0.01,73089.56
1775832083.406,83.406,0.55,0.56,0.44,0.45,0.01,0.01,73097.79
1775832083.76,83.76,0.55,0.56,0.44,0.45,0.01,0.01,73097.79
1775832084.152,84.152,0.55,0.56,0.44,0.45,0.01,0.01,73097.79
1775832084.509,84.509,0.55,0.56,0.44,0.45,0.01,0.01,73098.52
1775832084.844,84.844,0.54,0.55,0.44,0.46,0.01,0.02,73098.52
1775832085.211,85.211,0.54,0.55,0.45,0.46,0.01,0.01,73098.77
1775832085.57,85.57,0.54,0.55,0.45,0.46,0.01,0.01,73098.77
1775832085.996,85.996,0.54,0.55,0.45,0.46,0.01,0.01,73098.77
1775832086.503,86.503,0.54,0.55,0.45,0.46,0.01,0.01,73097.97
1775832086.895,86.895,0.54,0.55,0.45,0.46,0.01,0.01,73097.97
1775832087.314,87.314,0.54,0.55,0.45,0.46,0.01,0.01,73097.27
1775832087.662,87.662,0.54,0.55,0.45,0.46,0.01,0.01,73097.27
1775832088.027,88.027,0.58,0.59,0.41,0.42,0.01,0.01,73097.27
1775832088.482,88.482,0.58,0.59,0.41,0.42,0.01,0.01,73096.78
1775832088.823,88.823,0.57,0.58,0.41,0.42,0.01,0.01,73096.78
1775832089.437,89.437,0.55,0.56,0.44,0.45,0.01,0.01,73098.8
1775832089.872,89.872,0.54,0.55,0.44,0.46,0.01,0.02,73098.8
1775832090.328,90.328,0.54,0.55,0.45,0.46,0.01,0.01,73098.8
1775832090.955,90.955,0.54,0.55,0.45,0.46,0.01,0.01,73099.21
1775832091.289,91.289,0.53,0.54,0.45,0.46,0.01,0.01,73099.21
1775832091.768,91.768,0.53,0.54,0.46,0.47,0.01,0.01,73099.21
1775832092.124,92.124,0.55,0.56,0.44,0.45,0.01,0.01,73098.07
1775832092.462,92.462,0.55,0.56,0.44,0.45,0.01,0.01,73098.07
1775832092.8,92.8,0.55,0.56,0.44,0.45,0.01,0.01,73098.07
1775832093.137,93.137,0.53,0.54,0.44,0.45,0.01,0.01,73098.07
1775832093.48,93.48,0.52,0.53,0.47,0.49,0.01,0.02,73096.88
1775832093.842,93.842,0.52,0.53,0.47,0.48,0.01,0.01,73096.88
1775832094.22,94.22,0.52,0.53,0.47,0.48,0.01,0.01,73096.88
1775832094.626,94.626,0.52,0.53,0.47,0.48,0.01,0.01,73097.61
1775832094.971,94.971,0.52,0.53,0.47,0.48,0.01,0.01,73097.45
1775832095.456,95.456,0.52,0.53,0.47,0.48,0.01,0.01,73097.45
1775832095.912,95.912,0.52,0.53,0.47,0.48,0.01,0.01,73097.45
1775832096.302,96.302,0.53,0.54,0.46,0.47,0.01,0.01,73092.62
1775832096.797,96.797,0.53,0.54,0.46,0.47,0.01,0.01,73092.62
1775832097.451,97.451,0.53,0.54,0.46,0.47,0.01,0.01,73092.74
1775832097.858,97.858,0.53,0.54,0.46,0.47,0.01,0.01,73092.74
1775832098.484,98.484,0.53,0.54,0.46,0.47,0.01,0.01,73095.71
1775832098.859,98.859,0.52,0.53,0.46,0.48,0.01,0.02,73095.71
1775832099.582,99.582,0.52,0.53,0.47,0.48,0.01,0.01,73095.95
1775832099.921,99.921,0.5,0.52,0.48,0.5,0.02,0.02,73095.95
1775832100.406,100.406,0.5,0.51,0.49,0.5,0.01,0.01,73095.49
1775832100.922,100.922,0.49,0.5,0.5,0.51,0.01,0.01,73095.5
1775832101.365,101.365,0.49,0.5,0.5,0.51,0.01,0.01,73095.5
1775832101.802,101.802,0.49,0.5,0.5,0.51,0.01,0.01,73095.5
1775832102.603,102.603,0.49,0.5,0.5,0.51,0.01,0.01,73091.5
1775832102.956,102.956,0.48,0.49,0.5,0.52,0.01,0.02,73091.5
1775832103.4,103.4,0.48,0.49,0.51,0.52,0.01,0.01,73091.54
1775832103.848,103.848,0.47,0.48,0.51,0.53,0.01,0.02,73091.54
1775832104.471,104.471,0.47,0.48,0.52,0.53,0.01,0.01,73092.42
1775832104.966,104.966,0.47,0.48,0.52,0.53,0.01,0.01,73092.42
1775832105.305,105.305,0.42,0.43,0.56,0.58,0.01,0.02,73090.63
1775832105.664,105.664,0.4,0.41,0.59,0.6,0.01,0.01,73090.63
1775832106.144,106.144,0.41,0.42,0.58,0.59,0.01,0.01,73090.63
1775832106.598,106.598,0.44,0.45,0.52,0.57,0.01,0.05,73088.22
1775832107.256,107.256,0.45,0.46,0.55,0.56,0.01,0.01,73078.82
1775832107.636,107.636,0.48,0.49,0.51,0.54,0.01,0.03,73078.82
1775832107.997,107.997,0.49,0.5,0.51,0.52,0.01,0.01,73078.82
1775832108.348,108.348,0.49,0.5,0.5,0.51,0.01,0.01,73079.56
1775832108.712,108.712,0.49,0.5,0.5,0.51,0.01,0.01,73079.56
1775832109.179,109.179,0.49,0.5,0.5,0.51,0.01,0.01,73079.56
1775832109.939,109.939,0.49,0.5,0.5,0.51,0.01,0.01,73088.24
1775832110.448,110.448,0.5,0.51,0.49,0.5,0.01,0.01,73090.29
1775832111.275,111.275,0.5,0.51,0.49,0.5,0.01,0.01,73090.22
1775832111.739,111.739,0.5,0.51,0.49,0.5,0.01,0.01,73090.22
1775832112.516,112.516,0.5,0.51,0.49,0.5,0.01,0.01,73090.14
1775832113.161,113.161,0.5,0.51,0.49,0.5,0.01,0.01,73090.14
1775832113.788,113.788,0.5,0.51,0.49,0.5,0.01,0.01,73090.14
1775832114.396,114.396,0.5,0.51,0.49,0.5,0.01,0.01,73090.14
1775832114.786,114.786,0.54,0.55,0.45,0.46,0.01,0.01,73090.14
1775832115.633,115.633,0.55,0.56,0.44,0.45,0.01,0.01,73090.14
1775832115.979,115.979,0.53,0.55,0.44,0.46,0.02,0.02,73090.14
1775832116.408,116.408,0.47,0.48,0.51,0.52,0.01,0.01,73095.98
1775832116.748,116.748,0.44,0.46,0.54,0.56,0.02,0.02,73095.98
1775832117.182,117.182,0.44,0.46,0.54,0.55,0.02,0.01,73097.89
1775832117.559,117.559,0.45,0.46,0.54,0.55,0.01,0.01,73097.89
1775832117.952,117.952,0.44,0.46,0.54,0.55,0.02,0.01,73097.89
1775832118.389,118.389,0.44,0.45,0.54,0.56,0.01,0.02,73085.28
1775832118.734,118.734,0.44,0.45,0.55,0.56,0.01,0.01,73085.28
1775832119.117,119.117,0.44,0.46,0.55,0.56,0.02,0.01,73077.86
1775832119.458,119.458,0.45,0.46,0.54,0.55,0.01,0.01,73077.86
1775832119.808,119.808,0.45,0.46,0.54,0.55,0.01,0.01,73077.86
1775832120.159,120.159,0.44,0.45,0.55,0.56,0.01,0.01,73077.86
1775832120.597,120.597,0.44,0.45,0.55,0.56,0.01,0.01,73077.76
1775832121.032,121.032,0.43,0.44,0.55,0.57,0.01,0.02,73077.76
1775832121.855,121.855,0.43,0.44,0.56,0.57,0.01,0.01,73080.73
1775832122.354,122.354,0.44,0.45,0.55,0.57,0.01,0.02,73080.2
1775832122.792,122.792,0.44,0.45,0.55,0.56,0.01,0.01,73080.2
1775832123.14,123.14,0.44,0.45,0.55,0.56,0.01,0.01,73078.59
1775832123.534,123.534,0.44,0.45,0.55,0.56,0.01,0.01,73078.59
1775832123.946,123.946,0.44,0.45,0.55,0.56,0.01,0.01,73078.59
1775832124.321,124.321,0.44,0.45,0.55,0.56,0.01,0.01,73079.58
1775832124.697,124.697,0.45,0.46,0.54,0.55,0.01,0.01,73079.58
1775832125.087,125.087,0.45,0.46,0.54,0.55,0.01,0.01,73079.58
1775832125.428,125.428,0.45,0.46,0.54,0.55,0.01,0.01,73079.0
1775832125.792,125.792,0.45,0.46,0.54,0.55,0.01,0.01,73079.0
1775832126.338,126.338,0.45,0.46,0.54,0.55,0.01,0.01,73079.0
1775832127.067,127.067,0.44,0.45,0.55,0.56,0.01,0.01,73078.97
1775832127.486,127.486,0.45,0.46,0.54,0.55,0.01,0.01,73078.87
1775832127.85,127.85,0.45,0.46,0.54,0.55,0.01,0.01,73078.87
1775832128.286,128.286,0.45,0.46,0.54,0.55,0.01,0.01,73078.31
1775832128.901,128.901,0.45,0.46,0.54,0.55,0.01,0.01,73078.31
1775832129.408,129.408,0.44,0.45,0.54,0.55,0.01,0.01,73078.31
1775832129.841,129.841,0.44,0.45,0.55,0.56,0.01,0.01,73078.98
1775832130.229,130.229,0.43,0.45,0.55,0.56,0.02,0.01,73078.98
1775832130.758,130.758,0.43,0.44,0.56,0.57,0.01,0.01,73079.92
1775832131.183,131.183,0.43,0.44,0.56,0.57,0.01,0.01,73079.59
1775832131.556,131.556,0.43,0.44,0.56,0.57,0.01,0.01,73079.59
1775832131.999,131.999,0.43,0.44,0.56,0.57,0.01,0.01,73079.42
1775832132.442,132.442,0.43,0.44,0.56,0.57,0.01,0.01,73079.42
1775832132.862,132.862,0.43,0.44,0.56,0.57,0.01,0.01,73079.42
1775832133.289,133.289,0.43,0.44,0.56,0.57,0.01,0.01,73078.88
1775832134.173,134.173,0.43,0.44,0.56,0.57,0.01,0.01,73079.26
1775832134.51,134.51,0.46,0.47,0.53,0.54,0.01,0.01,73079.26
1775832134.894,134.894,0.49,0.5,0.5,0.51,0.01,0.01,73079.26
1775832135.242,135.242,0.51,0.52,0.47,0.49,0.01,0.02,73079.1
1775832135.635,135.635,0.51,0.52,0.48,0.49,0.01,0.01,73079.1
1775832135.999,135.999,0.51,0.52,0.48,0.49,0.01,0.01,73079.1
1775832136.333,136.333,0.49,0.5,0.5,0.51,0.01,0.01,73085.03
1775832136.737,136.737,0.43,0.45,0.55,0.59,0.02,0.04,73085.03
1775832137.34,137.34,0.41,0.42,0.58,0.59,0.01,0.01,73085.03
1775832137.676,137.676,0.4,0.42,0.58,0.6,0.02,0.02,73093.9
1775832138.064,138.064,0.4,0.41,0.59,0.6,0.01,0.01,73088.03
1775832138.44,138.44,0.4,0.41,0.59,0.6,0.01,0.01,73088.03
1775832138.809,138.809,0.4,0.41,0.59,0.6,0.01,0.01,73088.03
1775832139.262,139.262,0.39,0.4,0.59,0.61,0.01,0.02,73075.13
1775832139.612,139.612,0.39,0.4,0.6,0.61,0.01,0.01,73075.13
1775832139.969,139.969,0.39,0.4,0.6,0.61,0.01,0.01,73073.18
1775832140.457,140.457,0.39,0.4,0.6,0.61,0.01,0.01,73073.18
1775832140.889,140.889,0.39,0.4,0.6,0.61,0.01,0.01,73073.18
1775832141.272,141.272,0.39,0.4,0.6,0.61,0.01,0.01,73073.09
1775832142.263,142.263,0.38,0.4,0.6,0.61,0.02,0.01,73073.12
1775832142.608,142.608,0.34,0.36,0.63,0.65,0.02,0.02,73073.12
1775832142.95,142.95,0.34,0.35,0.65,0.66,0.01,0.01,73073.12
1775832143.299,143.299,0.34,0.35,0.65,0.66,0.01,0.01,73073.12
1775832143.706,143.706,0.34,0.35,0.65,0.66,0.01,0.01,73073.12
1775832144.043,144.043,0.34,0.35,0.65,0.66,0.01,0.01,73073.12
1775832144.412,144.412,0.34,0.35,0.65,0.66,0.01,0.01,73071.35
1775832144.779,144.779,0.34,0.35,0.65,0.66,0.01,0.01,73071.35
1775832145.127,145.127,0.34,0.35,0.65,0.66,0.01,0.01,73071.35
1775832145.557,145.557,0.34,0.35,0.65,0.66,0.01,0.01,73071.35
1775832145.894,145.894,0.34,0.35,0.65,0.66,0.01,0.01,73063.35
1775832146.231,146.231,0.34,0.35,0.65,0.66,0.01,0.01,73063.35
1775832146.81,146.81,0.34,0.35,0.65,0.66,0.01,0.01,73064.63
1775832147.192,147.192,0.34,0.35,0.65,0.66,0.01,0.01,73064.63
1775832147.569,147.569,0.34,0.35,0.65,0.66,0.01,0.01,73065.22
1775832148.064,148.064,0.34,0.35,0.65,0.66,0.01,0.01,73064.02
1775832148.671,148.671,0.34,0.35,0.65,0.66,0.01,0.01,73064.02
1775832149.041,149.041,0.34,0.35,0.65,0.66,0.01,0.01,73064.02
1775832149.562,149.562,0.34,0.35,0.65,0.66,0.01,0.01,73063.78
1775832149.901,149.901,0.34,0.35,0.65,0.66,0.01,0.01,73063.78
1775832150.332,150.332,0.34,0.35,0.65,0.66,0.01,0.01,73063.34
1775832150.691,150.691,0.34,0.35,0.65,0.66,0.01,0.01,73063.34
1775832151.26,151.26,0.34,0.35,0.65,0.66,0.01,0.01,73062.88
1775832151.732,151.732,0.34,0.35,0.65,0.66,0.01,0.01,73062.88
1775832152.15,152.15,0.34,0.35,0.65,0.66,0.01,0.01,73062.88
1775832152.486,152.486,0.34,0.35,0.65,0.66,0.01,0.01,73062.76
1775832153.126,153.126,0.34,0.35,0.65,0.66,0.01,0.01,73062.76
1775832153.558,153.558,0.34,0.35,0.65,0.66,0.01,0.01,73062.76
1775832153.91,153.91,0.34,0.35,0.65,0.66,0.01,0.01,73062.76
1775832154.243,154.243,0.34,0.35,0.65,0.66,0.01,0.01,73063.83
1775832154.645,154.645,0.37,0.38,0.62,0.64,0.01,0.02,73063.83
1775832154.993,154.993,0.36,0.38,0.62,0.64,0.02,0.02,73063.83
1775832155.476,155.476,0.35,0.36,0.64,0.65,0.01,0.01,73064.32
1775832155.883,155.883,0.35,0.36,0.64,0.65,0.01,0.01,73064.32
1775832156.233,156.233,0.33,0.34,0.66,0.67,0.01,0.01,73064.32
1775832156.774,156.774,0.32,0.33,0.66,0.68,0.01,0.02,73067.49
1775832157.452,157.452,0.32,0.33,0.67,0.68,0.01,0.01,73066.21
1775832157.8,157.8,0.32,0.33,0.67,0.68,0.01,0.01,73066.21
1775832158.149,158.149,0.32,0.33,0.67,0.68,0.01,0.01,73066.21
1775832158.785,158.785,0.32,0.33,0.67,0.68,0.01,0.01,73063.71
1775832159.118,159.118,0.32,0.33,0.67,0.68,0.01,0.01,73062.22
1775832159.478,159.478,0.31,0.32,0.68,0.69,0.01,0.01,73062.22
1775832159.825,159.825,0.31,0.32,0.68,0.69,0.01,0.01,73062.22
1775832160.183,160.183,0.31,0.32,0.68,0.69,0.01,0.01,73062.22
1775832160.873,160.873,0.31,0.32,0.68,0.69,0.01,0.01,73062.22
1775832161.267,161.267,0.31,0.32,0.68,0.69,0.01,0.01,73061.12
1775832161.689,161.689,0.3,0.31,0.69,0.7,0.01,0.01,73059.22
1775832162.119,162.119,0.3,0.31,0.69,0.7,0.01,0.01,73059.22
1775832162.875,162.875,0.3,0.31,0.69,0.7,0.01,0.01,73059.22
1775832163.266,163.266,0.3,0.31,0.69,0.7,0.01,0.01,73059.25
1775832163.655,163.655,0.3,0.31,0.69,0.7,0.01,0.01,73059.25
1775832164.191,164.191,0.3,0.31,0.69,0.7,0.01,0.01,73059.17
1775832164.6,164.6,0.3,0.31,0.69,0.7,0.01,0.01,73059.17
1775832165.138,165.138,0.3,0.31,0.69,0.7,0.01,0.01,73059.18
1775832165.523,165.523,0.31,0.33,0.69,0.7,0.02,0.01,73059.18
1775832165.881,165.881,0.34,0.35,0.64,0.67,0.01,0.03,73059.18
1775832166.446,166.446,0.36,0.37,0.63,0.64,0.01,0.01,73058.83
1775832166.903,166.903,0.36,0.37,0.63,0.64,0.01,0.01,73059.81
1775832167.366,167.366,0.39,0.4,0.6,0.61,0.01,0.01,73059.81
1775832167.702,167.702,0.39,0.4,0.6,0.61,0.01,0.01,73059.81
1775832168.055,168.055,0.39,0.4,0.6,0.61,0.01,0.01,73068.87
1775832168.396,168.396,0.39,0.4,0.6,0.61,0.01,0.01,73068.87
1775832168.882,168.882,0.37,0.38,0.61,0.62,0.01,0.01,73068.87
1775832169.291,169.291,0.36,0.37,0.63,0.64,0.01,0.01,73073.14
1775832169.93,169.93,0.36,0.37,0.63,0.64,0.01,0.01,73073.14
1775832170.266,170.266,0.36,0.37,0.63,0.64,0.01,0.01,73072.07
1775832170.69,170.69,0.36,0.37,0.63,0.64,0.01,0.01,73072.07
1775832171.051,171.051,0.32,0.33,0.65,0.67,0.01,0.02,73071.4
1775832171.51,171.51,0.32,0.33,0.67,0.68,0.01,0.01,73071.4
1775832171.844,171.844,0.3,0.32,0.68,0.69,0.02,0.01,73071.4
1775832172.274,172.274,0.29,0.3,0.7,0.71,0.01,0.01,73070.53
1775832172.672,172.672,0.29,0.3,0.7,0.71,0.01,0.01,73070.53
1775832173.163,173.163,0.29,0.3,0.7,0.71,0.01,0.01,73063.24
1775832173.512,173.512,0.29,0.3,0.7,0.71,0.01,0.01,73063.24
1775832174.043,174.043,0.29,0.3,0.7,0.71,0.01,0.01,73063.24
1775832175.051,175.051,0.29,0.3,0.7,0.71,0.01,0.01,73061.09
1775832175.403,175.403,0.28,0.29,0.71,0.72,0.01,0.01,73060.52
1775832175.741,175.741,0.24,0.26,0.74,0.76,0.02,0.02,73060.52
1775832176.075,176.075,0.2,0.21,0.79,0.8,0.01,0.01,73060.69
1775832176.43,176.43,0.17,0.21,0.79,0.83,0.04,0.04,73060.69
1775832176.765,176.765,0.14,0.18,0.82,0.86,0.04,0.04,73060.69
1775832177.154,177.154,0.14,0.19,0.81,0.86,0.05,0.05,73047.1
1775832177.569,177.569,0.11,0.14,0.82,0.87,0.03,0.05,73047.1
1775832178.109,178.109,0.11,0.12,0.86,0.89,0.01,0.03,73002.54
1775832178.563,178.563,0.1,0.12,0.88,0.89,0.02,0.01,73002.54
1775832178.898,178.898,0.09,0.1,0.88,0.9,0.01,0.02,72958.2
1775832179.234,179.234,0.09,0.1,0.9,0.91,0.01,0.01,72958.2
1775832179.605,179.605,0.08,0.1,0.9,0.92,0.02,0.02,72958.2
1775832179.939,179.939,0.07,0.1,0.9,0.93,0.03,0.03,72958.2
1775832180.279,180.279,0.07,0.1,0.9,0.93,0.03,0.03,72958.2
1775832180.797,180.797,0.07,0.1,0.9,0.93,0.03,0.03,72878.48
1775832181.133,181.133,0.05,0.1,0.9,0.95,0.05,0.05,72878.48
1775832181.479,181.479,0.05,0.08,0.92,0.95,0.03,0.03,72845.57
1775832181.854,181.854,0.05,0.08,0.92,0.93,0.03,0.01,72845.57
1775832182.192,182.192,0.05,0.08,0.92,0.95,0.03,0.03,72845.57
1775832182.526,182.526,0.04,0.08,0.92,0.96,0.04,0.04,72831.51
1775832182.862,182.862,0.07,0.08,0.92,0.93,0.01,0.01,72831.51
1775832183.198,183.198,0.03,0.05,0.95,0.97,0.02,0.02,72867.27
1775832183.54,183.54,0.04,0.05,0.95,0.96,0.01,0.01,72867.27
1775832183.884,183.884,0.03,0.04,0.96,0.97,0.01,0.01,72867.27
1775832184.228,184.228,0.03,0.04,0.96,0.97,0.01,0.01,72858.41
1775832184.567,184.567,0.03,0.04,0.96,0.97,0.01,0.01,72858.41
1775832184.902,184.902,0.03,0.04,0.96,0.97,0.01,0.01,72858.41
1775832185.242,185.242,0.03,0.04,0.96,0.98,0.01,0.02,72863.1
1775832185.92,185.92,0.02,0.03,0.97,0.98,0.01,0.01,72863.1
1775832186.32,186.32,0.02,0.03,0.97,0.98,0.01,0.01,72863.1
1775832186.756,186.756,0.03,0.04,0.96,0.97,0.01,0.01,72859.87
1775832187.171,187.171,0.02,0.03,0.97,0.98,0.01,0.01,72859.87
1775832187.56,187.56,0.02,0.03,0.97,0.98,0.01,0.01,72860.45
1775832187.896,187.896,0.02,0.03,0.97,0.98,0.01,0.01,72860.45
1775832188.269,188.269,0.02,0.03,0.97,0.98,0.01,0.01,72859.61
1775832188.607,188.607,0.02,0.03,0.97,0.98,0.01,0.01,72859.61
1775832188.961,188.961,0.02,0.03,0.97,0.98,0.01,0.01,72859.61
1775832189.301,189.301,0.02,0.03,0.97,0.98,0.01,0.01,72858.42
1775832189.659,189.659,0.02,0.04,0.96,0.98,0.02,0.02,72858.42
1775832190.017,190.017,0.02,0.03,0.97,0.98,0.01,0.01,72858.42
1775832190.35,190.35,0.02,0.03,0.97,0.98,0.01,0.01,72858.42
1775832190.683,190.683,0.02,0.03,0.97,0.98,0.01,0.01,72859.7
1775832191.018,191.018,0.01,0.02,0.98,0.99,0.01,0.01,72859.7
1775832191.397,191.397,0.01,0.02,0.98,0.99,0.01,0.01,72861.38
1775832191.741,191.741,0.01,0.02,0.98,0.99,0.01,0.01,72861.38
1775832192.091,192.091,0.02,0.03,0.97,0.98,0.01,0.01,72861.38
1775832192.55,192.55,0.02,0.03,0.97,0.98,0.01,0.01,72861.38
1775832192.942,192.942,0.01,0.02,0.98,0.99,0.01,0.01,72871.46
1775832193.528,193.528,0.01,0.02,0.98,0.99,0.01,0.01,72872.4
1775832193.865,193.865,0.01,0.02,0.98,0.99,0.01,0.01,72872.4
1775832194.209,194.209,0.01,0.02,0.98,0.99,0.01,0.01,72872.4
1775832194.642,194.642,0.01,0.02,0.98,0.99,0.01,0.01,72880.49
1775832195.182,195.182,0.01,0.02,0.98,0.99,0.01,0.01,72876.78
1775832195.663,195.663,0.01,0.02,0.98,0.99,0.01,0.01,72876.78
1775832196.162,196.162,0.01,0.02,0.98,0.99,0.01,0.01,72876.78
1775832196.503,196.503,0.01,0.02,0.98,0.99,0.01,0.01,72876.78
1775832196.887,196.887,0.01,0.02,0.98,0.99,0.01,0.01,72872.09
1775832197.222,197.222,0.01,0.02,0.98,0.99,0.01,0.01,72872.09
1775832197.636,197.636,0.01,0.02,0.98,0.99,0.01,0.01,72872.09
1775832198.017,198.017,0.01,0.02,0.98,0.99,0.01,0.01,72875.65
1775832198.35,198.35,0.01,0.02,0.98,0.99,0.01,0.01,72879.59
1775832198.702,198.702,0.01,0.02,0.98,0.99,0.01,0.01,72879.59
1775832199.089,199.089,0.01,0.02,0.98,0.99,0.01,0.01,72879.59
1775832199.845,199.845,0.01,0.02,0.98,0.99,0.01,0.01,72877.02
1775832200.25,200.25,0.01,0.02,0.98,0.99,0.01,0.01,72877.02
1775832200.59,200.59,0.01,0.02,0.98,0.99,0.01,0.01,72877.02
1775832200.971,200.971,0.01,0.01,0.99,0.99,0.0,0.0,72865.09
1775832201.309,201.309,0.01,0.01,0.99,0.99,0.0,0.0,72861.2
1775832201.811,201.811,0.01,0.01,0.99,0.99,0.0,0.0,72861.2
1775832202.156,202.156,0.01,0.01,0.99,0.99,0.0,0.0,72861.2
1775832202.6,202.6,0.01,0.01,0.99,0.99,0.0,0.0,72861.2
1775832202.947,202.947,0.01,0.01,0.99,0.99,0.0,0.0,72861.2
1775832203.393,203.393,0.01,0.02,0.98,0.99,0.01,0.01,72861.2
1775832204.273,204.273,0.01,0.01,0.99,0.99,0.0,0.0,72860.27
1775832205.293,205.293,0.01,0.01,0.99,0.99,0.0,0.0,72836.78
1775832205.652,205.652,0.01,0.01,0.99,0.99,0.0,0.0,72834.81
1775832206.084,206.084,0.01,0.01,0.99,0.99,0.0,0.0,72834.81
1775832206.447,206.447,0.01,0.01,0.99,0.99,0.0,0.0,72834.81
1775832206.997,206.997,0.01,0.01,0.99,0.99,0.0,0.0,72815.76
1775832207.459,207.459,0.01,0.01,0.99,0.99,0.0,0.0,72815.76
1775832208.288,208.288,0.01,0.01,0.99,0.99,0.0,0.0,72800.87
1775832208.636,208.636,0.01,0.01,0.99,0.99,0.0,0.0,72800.87
1775832209.14,209.14,0.01,0.01,0.99,0.99,0.0,0.0,72797.67
1775832209.619,209.619,0.01,0.01,0.99,0.99,0.0,0.0,72797.67
1775832209.961,209.961,0.01,0.01,0.99,0.99,0.0,0.0,72797.67
1775832210.346,210.346,0.01,0.01,0.99,0.99,0.0,0.0,72797.67
1775832210.815,210.815,0.01,0.01,0.99,0.99,0.0,0.0,72797.67
1775832211.199,211.199,0.01,0.01,0.99,0.99,0.0,0.0,72788.4
1775832211.623,211.623,0.01,0.01,0.99,0.99,0.0,0.0,72788.4
1775832212.042,212.042,0.01,0.01,0.99,0.99,0.0,0.0,72792.26
1775832212.458,212.458,0.01,0.01,0.99,0.99,0.0,0.0,72792.26
1775832213.302,213.302,0.01,0.01,0.99,0.99,0.0,0.0,72792.35
1775832213.93,213.93,0.01,0.01,0.99,0.99,0.0,0.0,72785.91
1775832214.439,214.439,0.01,0.01,0.99,0.99,0.0,0.0,72782.94
1775832214.811,214.811,0.01,0.01,0.99,0.99,0.0,0.0,72782.47
1775832215.523,215.523,0.01,0.01,0.99,0.99,0.0,0.0,72779.68
1775832216.316,216.316,0.01,0.01,0.99,0.99,0.0,0.0,72780.58
1775832218.004,218.004,0.01,0.01,0.99,0.99,0.0,0.0,72774.47
1775832218.583,218.583,0.01,0.01,0.99,0.99,0.0,0.0,72774.47
1775832219.046,219.046,0.01,0.01,0.99,0.99,0.0,0.0,72779.87
1775832219.455,219.455,0.01,0.01,0.99,0.99,0.0,0.0,72776.58
1775832219.897,219.897,0.01,0.01,0.99,0.99,0.0,0.0,72776.58
1775832220.241,220.241,0.01,0.01,0.99,0.99,0.0,0.0,72776.58
1775832220.837,220.837,0.01,0.01,0.99,0.99,0.0,0.0,72776.58
1775832221.631,221.631,0.01,0.01,0.99,0.99,0.0,0.0,72778.0
1775832224.739,224.739,0.01,0.01,0.99,0.99,0.0,0.0,72822.56
1775832225.441,225.441,0.01,0.01,0.99,0.99,0.0,0.0,72823.26
1775832226.701,226.701,0.01,0.01,0.99,0.99,0.0,0.0,72823.21
1775832227.241,227.241,0.01,0.01,0.99,0.99,0.0,0.0,72823.21
1775832227.826,227.826,0.01,0.01,0.99,0.99,0.0,0.0,72824.44
1775832228.607,228.607,0.01,0.01,0.99,0.99,0.0,0.0,72824.0
1775832229.216,229.216,0.01,0.01,0.99,0.99,0.0,0.0,72824.0
1775832230.623,230.623,0.01,0.01,0.99,0.99,0.0,0.0,72833.22
1775832231.569,231.569,0.01,0.01,0.99,0.99,0.0,0.0,72837.0
1775832231.982,231.982,0.01,0.01,0.99,0.99,0.0,0.0,72837.0
1775832233.096,233.096,0.01,0.01,0.99,0.99,0.0,0.0,72834.32
1775832234.646,234.646,0.01,0.01,0.99,0.99,0.0,0.0,72842.63
1775832235.58,235.58,0.01,0.01,0.99,0.99,0.0,0.0,72845.03
1775832235.922,235.922,0.01,0.01,0.99,0.99,0.0,0.0,72845.03
1775832236.516,236.516,0.01,0.01,0.99,0.99,0.0,0.0,72845.03
1775832237.308,237.308,0.01,0.01,0.99,0.99,0.0,0.0,72838.07
1775832237.931,237.931,0.01,0.01,0.99,0.99,0.0,0.0,72838.07
1775832238.606,238.606,0.01,0.01,0.99,0.99,0.0,0.0,72838.57
1775832239.026,239.026,0.01,0.01,0.99,0.99,0.0,0.0,72838.57
1775832240.763,240.763,0.01,0.01,0.99,0.99,0.0,0.0,72836.0
1775832243.386,243.386,0.01,0.01,0.99,0.99,0.0,0.0,72823.84
1775832244.222,244.222,0.01,0.01,0.99,0.99,0.0,0.0,72819.37
1775832244.63,244.63,0.01,0.01,0.99,0.99,0.0,0.0,72819.37
1775832245.219,245.219,0.01,0.01,0.99,0.99,0.0,0.0,72819.37
1775832245.944,245.944,0.01,0.01,0.99,0.99,0.0,0.0,72831.51
1775832246.3,246.3,0.01,0.01,0.99,0.99,0.0,0.0,72831.51
1775832246.9,246.9,0.01,0.01,0.99,0.99,0.0,0.0,72828.66
1775832247.345,247.345,0.01,0.01,0.99,0.99,0.0,0.0,72831.96
1775832248.838,248.838,0.01,0.01,0.99,0.99,0.0,0.0,72833.24
1775832251.766,251.766,0.01,0.01,0.99,0.99,0.0,0.0,72868.1
1775832253.222,253.222,0.01,0.01,0.99,0.99,0.0,0.0,72867.97
1775832253.589,253.589,0.01,0.01,0.99,0.99,0.0,0.0,72861.68
1775832254.177,254.177,0.01,0.01,0.99,0.99,0.0,0.0,72867.14
1775832254.677,254.677,0.01,0.01,0.99,0.99,0.0,0.0,72867.14
1775832255.261,255.261,0.01,0.01,0.99,0.99,0.0,0.0,72867.14
1775832255.914,255.914,0.01,0.01,0.99,0.99,0.0,0.0,72868.35
1775832257.866,257.866,0.01,0.01,0.99,0.99,0.0,0.0,72875.47
1775832258.583,258.583,0.01,0.01,0.99,0.99,0.0,0.0,72882.97
1775832261.434,261.434,0.01,0.01,0.99,0.99,0.0,0.0,72883.82
1775832261.769,261.769,0.01,0.01,0.99,0.99,0.0,0.0,72883.82
1775832262.242,262.242,0.01,0.01,0.99,0.99,0.0,0.0,72890.58
1775832262.826,262.826,0.01,0.01,0.99,0.99,0.0,0.0,72890.58
1775832263.352,263.352,0.01,0.01,0.99,0.99,0.0,0.0,72900.98
1775832263.959,263.959,0.01,0.01,0.99,0.99,0.0,0.0,72900.98
1775832265.146,265.146,0.01,0.01,0.99,0.99,0.0,0.0,72904.9
1775832265.601,265.601,0.01,0.01,0.99,0.99,0.0,0.0,72904.9
1775832265.991,265.991,0.01,0.01,0.99,0.99,0.0,0.0,72904.9
1775832266.484,266.484,0.01,0.01,0.99,0.99,0.0,0.0,72908.13
1775832266.936,266.936,0.01,0.01,0.99,0.99,0.0,0.0,72908.13
1775832267.309,267.309,0.01,0.01,0.99,0.99,0.0,0.0,72908.13
1775832268.234,268.234,0.01,0.01,0.99,0.99,0.0,0.0,72907.96
1775832268.578,268.578,0.01,0.01,0.99,0.99,0.0,0.0,72907.04
1775832269.431,269.431,0.01,0.01,0.99,0.99,0.0,0.0,72907.75
1775832270.038,270.038,0.01,0.01,0.99,0.99,0.0,0.0,72907.75
1775832270.569,270.569,0.01,0.01,0.99,0.99,0.0,0.0,72911.05
1775832270.941,270.941,0.01,0.01,0.99,0.99,0.0,0.0,72911.05
1775832271.532,271.532,0.01,0.01,0.99,0.99,0.0,0.0,72911.04
1775832272.05,272.05,0.01,0.01,0.99,0.99,0.0,0.0,72911.04
1775832272.465,272.465,0.01,0.01,0.99,0.99,0.0,0.0,72900.73
1775832272.914,272.914,0.01,0.01,0.99,0.99,0.0,0.0,72900.73
1775832274.703,274.703,0.01,0.01,0.99,0.99,0.0,0.0,72884.95
1775832279.093,279.093,0.01,0.01,0.99,0.99,0.0,0.0,72887.26
1775832279.613,279.613,0.01,0.01,0.99,0.99,0.0,0.0,72869.08
1775832280.209,280.209,0.01,0.01,0.99,0.99,0.0,0.0,72869.08
1775832280.717,280.717,0.01,0.01,0.99,0.99,0.0,0.0,72869.08
1775832281.328,281.328,0.01,0.01,0.99,0.99,0.0,0.0,72872.09
1775832282.373,282.373,0.01,0.01,0.99,0.99,0.0,0.0,72860.68
1775832284.056,284.056,0.01,0.01,0.99,0.99,0.0,0.0,72853.24
1775832285.182,285.182,0.01,0.01,0.99,0.99,0.0,0.0,72839.15
1775832285.942,285.942,0.01,0.01,0.99,0.99,0.0,0.0,72829.11
1775832287.544,287.544,0.01,0.01,0.99,0.99,0.0,0.0,72831.55
1775832288.02,288.02,0.01,0.01,0.99,0.99,0.0,0.0,72831.55
1775832288.607,288.607,0.01,0.01,0.99,0.99,0.0,0.0,72832.31
1775832289.405,289.405,0.01,0.01,0.99,0.99,0.0,0.0,72835.25
1775832289.988,289.988,0.01,0.01,0.99,0.99,0.0,0.0,72835.25
1775832291.758,291.758,0.01,0.01,0.99,0.99,0.0,0.0,72839.14
1775832292.96,292.96,0.01,0.01,0.99,0.99,0.0,0.0,72850.32
1775832294.46,294.46,0.01,0.01,0.99,0.99,0.0,0.0,72897.8
1775832298.492,298.492,0.01,0.01,0.99,0.99,0.0,0.0,72892.32
1775832299.3,299.3,0.01,0.01,0.99,0.99,0.0,0.0,72892.55
1775832299.782,299.782,0.01,0.01,0.99,0.99,0.0,0.0,72892.55
1775832300.39,300.39,0.01,0.01,0.99,0.99,0.0,0.0,72897.44
1775832300.726,300.726,0.01,0.01,0.99,0.99,0.0,0.0,72897.44

# RESULT,winner=Down,slug=btc-updown-5m-1775832000,ticks=590
