timestamp,elapsed_sec,up_bid,up_ask,down_bid,down_ask,up_spread,down_spread,btc_price,btc_oracle_ts
1777092000.508,0.508,0.54,0.55,0.48,0.49,0.01,0.01,77625.2,1777091999000
1777092000.959,0.959,0.54,0.55,0.45,0.46,0.01,0.01,77625.2,1777091999000
1777092001.333,1.333,0.49,0.55,0.45,0.51,0.06,0.06,77625.2,1777092000000
1777092001.692,1.692,0.52,0.53,0.47,0.48,0.01,0.01,77625.2,1777092000000
1777092002.052,2.052,0.42,0.53,0.47,0.48,0.11,0.01,77625.2,1777092000000
1777092002.408,2.408,0.45,0.46,0.54,0.55,0.01,0.01,77625.2,1777092000000
1777092002.749,2.749,0.44,0.45,0.55,0.56,0.01,0.01,77625.2,1777092000000
1777092003.244,3.244,0.43,0.44,0.55,0.57,0.01,0.02,77627.48,1777092001000
1777092003.695,3.695,0.42,0.43,0.57,0.58,0.01,0.01,77625.32,1777092002000
1777092004.047,4.047,0.41,0.42,0.58,0.59,0.01,0.01,77625.32,1777092002000
1777092004.411,4.411,0.42,0.43,0.57,0.58,0.01,0.01,77625.38,1777092003000
1777092004.826,4.826,0.42,0.43,0.57,0.58,0.01,0.01,77625.38,1777092003000
1777092005.161,5.161,0.42,0.43,0.57,0.58,0.01,0.01,77625.38,1777092004000
1777092005.552,5.552,0.42,0.43,0.57,0.58,0.01,0.01,77625.38,1777092004000
1777092005.902,5.902,0.42,0.43,0.57,0.58,0.01,0.01,77625.38,1777092004000
1777092006.377,6.377,0.42,0.44,0.57,0.58,0.02,0.01,77625.42,1777092005000
1777092007.034,7.034,0.42,0.44,0.56,0.58,0.02,0.02,77625.42,1777092006000
1777092007.376,7.376,0.43,0.44,0.56,0.57,0.01,0.01,77625.42,1777092006000
1777092007.816,7.816,0.43,0.44,0.56,0.57,0.01,0.01,77625.42,1777092006000
1777092008.208,8.208,0.43,0.44,0.56,0.57,0.01,0.01,77627.38,1777092007000
1777092008.552,8.552,0.43,0.45,0.56,0.57,0.02,0.01,77627.38,1777092007000
1777092008.961,8.961,0.55,0.57,0.42,0.46,0.02,0.04,77627.38,1777092007000
1777092009.309,9.309,0.57,0.58,0.42,0.43,0.01,0.01,77629.02,1777092008000
1777092009.659,9.659,0.58,0.59,0.41,0.42,0.01,0.01,77629.02,1777092008000
1777092010.001,10.001,0.58,0.59,0.41,0.42,0.01,0.01,77629.02,1777092009000
1777092010.523,10.523,0.58,0.59,0.41,0.42,0.01,0.01,77629.02,1777092009000
1777092010.893,10.893,0.58,0.59,0.41,0.42,0.01,0.01,77629.02,1777092009000
1777092011.276,11.276,0.6,0.62,0.38,0.41,0.02,0.03,77629.12,1777092010000
1777092011.755,11.755,0.61,0.62,0.38,0.39,0.01,0.01,77629.12,1777092010000
1777092012.161,12.161,0.61,0.62,0.38,0.39,0.01,0.01,77630.13,1777092011000
1777092012.67,12.67,0.61,0.62,0.38,0.4,0.01,0.02,77630.13,1777092011000
1777092013.083,13.083,0.61,0.62,0.38,0.39,0.01,0.01,77630.13,1777092012000
1777092013.533,13.533,0.61,0.62,0.38,0.39,0.01,0.01,77630.13,1777092012000
1777092013.884,13.884,0.61,0.62,0.38,0.39,0.01,0.01,77630.13,1777092012000
1777092014.331,14.331,0.6,0.61,0.39,0.4,0.01,0.01,77633.03,1777092013000
1777092014.694,14.694,0.61,0.62,0.38,0.39,0.01,0.01,77633.03,1777092013000
1777092015.111,15.111,0.61,0.62,0.38,0.39,0.01,0.01,77633.03,1777092013000
1777092015.447,15.447,0.61,0.62,0.38,0.39,0.01,0.01,77632.62,1777092014000
1777092016.198,16.198,0.6,0.61,0.39,0.4,0.01,0.01,77632.62,1777092014000
1777092016.777,16.777,0.62,0.63,0.36,0.4,0.01,0.04,77632.63,1777092015000
1777092017.127,17.127,0.62,0.63,0.37,0.38,0.01,0.01,77633.04,1777092016000
1777092017.481,17.481,0.62,0.63,0.37,0.38,0.01,0.01,77633.04,1777092016000
1777092017.862,17.862,0.62,0.63,0.37,0.38,0.01,0.01,77633.04,1777092016000
1777092018.237,18.237,0.62,0.63,0.37,0.38,0.01,0.01,77633.04,1777092016000
1777092018.576,18.576,0.62,0.63,0.37,0.38,0.01,0.01,77633.04,1777092017000
1777092019.276,19.276,0.61,0.62,0.38,0.4,0.01,0.02,77633.04,1777092017000
1777092019.731,19.731,0.61,0.62,0.38,0.39,0.01,0.01,77633.05,1777092018000
1777092020.692,20.692,0.61,0.62,0.38,0.39,0.01,0.01,77633.05,1777092019000
1777092021.175,21.175,0.61,0.62,0.38,0.39,0.01,0.01,77633.05,1777092020000
1777092021.58,21.58,0.62,0.63,0.37,0.38,0.01,0.01,77633.05,1777092020000
1777092021.949,21.949,0.63,0.64,0.36,0.38,0.01,0.02,77633.05,1777092020000
1777092022.382,22.382,0.63,0.64,0.36,0.37,0.01,0.01,77633.05,1777092021000
1777092023.16,23.16,0.63,0.64,0.36,0.37,0.01,0.01,77633.08,1777092022000
1777092023.782,23.782,0.63,0.64,0.36,0.37,0.01,0.01,77633.08,1777092022000
1777092024.175,24.175,0.63,0.64,0.36,0.37,0.01,0.01,77633.08,1777092023000
1777092024.547,24.547,0.63,0.64,0.36,0.37,0.01,0.01,77633.08,1777092023000
1777092024.978,24.978,0.62,0.63,0.36,0.38,0.01,0.02,77633.08,1777092023000
1777092025.868,25.868,0.62,0.63,0.36,0.38,0.01,0.02,77633.47,1777092024000
1777092026.218,26.218,0.62,0.63,0.37,0.38,0.01,0.01,77633.47,1777092024000
1777092026.825,26.825,0.62,0.63,0.37,0.38,0.01,0.01,77633.07,1777092025000
1777092027.173,27.173,0.61,0.63,0.37,0.38,0.02,0.01,77633.07,1777092025000
1777092027.917,27.917,0.61,0.62,0.37,0.39,0.01,0.02,77633.14,1777092026000
1777092028.445,28.445,0.61,0.62,0.38,0.39,0.01,0.01,77633.12,1777092027000
1777092028.869,28.869,0.62,0.63,0.38,0.39,0.01,0.01,77633.12,1777092027000
1777092029.203,29.203,0.62,0.63,0.37,0.38,0.01,0.01,77633.12,1777092028000
1777092029.569,29.569,0.62,0.63,0.37,0.38,0.01,0.01,77633.12,1777092028000
1777092030.065,30.065,0.62,0.63,0.37,0.38,0.01,0.01,77633.12,1777092028000
1777092030.447,30.447,0.63,0.64,0.36,0.38,0.01,0.02,77633.12,1777092028000
1777092030.852,30.852,0.63,0.64,0.36,0.37,0.01,0.01,77629.8,1777092029000
1777092031.187,31.187,0.63,0.64,0.36,0.37,0.01,0.01,77629.8,1777092029000
1777092031.537,31.537,0.63,0.64,0.36,0.37,0.01,0.01,77629.8,1777092030000
1777092032.056,32.056,0.63,0.64,0.36,0.37,0.01,0.01,77633.49,1777092031000
1777092032.424,32.424,0.63,0.64,0.36,0.37,0.01,0.01,77633.49,1777092031000
1777092032.937,32.937,0.63,0.64,0.36,0.37,0.01,0.01,77633.49,1777092031000
1777092033.931,33.931,0.62,0.63,0.36,0.38,0.01,0.02,77633.49,1777092032000
1777092034.468,34.468,0.62,0.63,0.37,0.38,0.01,0.01,77633.05,1777092033000
1777092034.969,34.969,0.62,0.63,0.37,0.38,0.01,0.01,77633.05,1777092033000
1777092035.801,35.801,0.62,0.63,0.37,0.38,0.01,0.01,77633.47,1777092034000
1777092036.273,36.273,0.57,0.58,0.42,0.43,0.01,0.01,77633.47,1777092034000
1777092036.787,36.787,0.56,0.57,0.43,0.44,0.01,0.01,77633.47,1777092035000
1777092037.124,37.124,0.55,0.56,0.44,0.45,0.01,0.01,77633.47,1777092035000
1777092037.577,37.577,0.54,0.55,0.44,0.45,0.01,0.01,77630.14,1777092036000
1777092037.921,37.921,0.5,0.55,0.45,0.5,0.05,0.05,77630.14,1777092036000
1777092038.444,38.444,0.5,0.51,0.49,0.5,0.01,0.01,77628.1,1777092037000
1777092038.952,38.952,0.5,0.51,0.49,0.5,0.01,0.01,77628.1,1777092037000
1777092039.371,39.371,0.5,0.55,0.49,0.5,0.05,0.01,77627.18,1777092038000
1777092039.776,39.776,0.5,0.51,0.49,0.5,0.01,0.01,77627.18,1777092038000
1777092040.359,40.359,0.5,0.51,0.49,0.5,0.01,0.01,77626.07,1777092039000
1777092041.227,41.227,0.5,0.51,0.49,0.5,0.01,0.01,77626.07,1777092039000
1777092041.612,41.612,0.5,0.51,0.49,0.5,0.01,0.01,77626.28,1777092040000
1777092042.014,42.014,0.5,0.51,0.49,0.5,0.01,0.01,77626.32,1777092041000
1777092042.55,42.55,0.5,0.51,0.49,0.5,0.01,0.01,77626.32,1777092041000
1777092043.197,43.197,0.5,0.51,0.49,0.5,0.01,0.01,77626.32,1777092042000
1777092043.537,43.537,0.5,0.51,0.49,0.5,0.01,0.01,77626.32,1777092042000
1777092044.059,44.059,0.5,0.51,0.49,0.5,0.01,0.01,77626.32,1777092042000
1777092044.784,44.784,0.5,0.51,0.49,0.5,0.01,0.01,77626.55,1777092043000
1777092045.2,45.2,0.5,0.51,0.49,0.5,0.01,0.01,77626.55,1777092043000
1777092045.639,45.639,0.5,0.51,0.49,0.5,0.01,0.01,77626.55,1777092043000
1777092045.988,45.988,0.5,0.51,0.49,0.5,0.01,0.01,77627.4,1777092044000
1777092046.333,46.333,0.5,0.51,0.49,0.5,0.01,0.01,77627.4,1777092044000
1777092046.892,46.892,0.53,0.54,0.46,0.47,0.01,0.01,77627.51,1777092046000
1777092047.722,47.722,0.53,0.54,0.46,0.47,0.01,0.01,77627.51,1777092046000
1777092048.182,48.182,0.53,0.54,0.46,0.47,0.01,0.01,77627.51,1777092047000
1777092048.633,48.633,0.53,0.54,0.46,0.47,0.01,0.01,77627.51,1777092047000
1777092048.975,48.975,0.53,0.54,0.46,0.47,0.01,0.01,77627.51,1777092047000
1777092049.438,49.438,0.53,0.54,0.46,0.47,0.01,0.01,77627.38,1777092048000
1777092049.813,49.813,0.53,0.54,0.46,0.47,0.01,0.01,77627.38,1777092048000
1777092050.153,50.153,0.53,0.54,0.46,0.47,0.01,0.01,77627.52,1777092049000
1777092050.672,50.672,0.53,0.54,0.46,0.47,0.01,0.01,77627.52,1777092049000
1777092051.131,51.131,0.53,0.54,0.46,0.47,0.01,0.01,77627.52,1777092050000
1777092051.587,51.587,0.53,0.54,0.46,0.47,0.01,0.01,77627.52,1777092050000
1777092051.959,51.959,0.53,0.54,0.46,0.47,0.01,0.01,77627.52,1777092051000
1777092052.669,52.669,0.53,0.54,0.46,0.47,0.01,0.01,77627.52,1777092051000
1777092053.825,53.825,0.53,0.54,0.46,0.47,0.01,0.01,77627.41,1777092052000
1777092054.247,54.247,0.53,0.54,0.46,0.47,0.01,0.01,77627.27,1777092053000
1777092054.928,54.928,0.53,0.54,0.46,0.47,0.01,0.01,77627.25,1777092054000
1777092055.262,55.262,0.53,0.54,0.46,0.47,0.01,0.01,77627.25,1777092054000
1777092055.719,55.719,0.53,0.54,0.46,0.47,0.01,0.01,77627.25,1777092054000
1777092056.396,56.396,0.53,0.55,0.46,0.47,0.02,0.01,77627.25,1777092054000
1777092057.016,57.016,0.54,0.55,0.45,0.46,0.01,0.01,77627.14,1777092055000
1777092057.99,57.99,0.54,0.55,0.45,0.46,0.01,0.01,77625.4,1777092056000
1777092058.405,58.405,0.54,0.55,0.45,0.46,0.01,0.01,77627.09,1777092057000
1777092058.894,58.894,0.53,0.54,0.46,0.47,0.01,0.01,77627.09,1777092058000
1777092059.268,59.268,0.53,0.54,0.46,0.47,0.01,0.01,77627.09,1777092058000
1777092059.658,59.658,0.53,0.54,0.46,0.47,0.01,0.01,77627.09,1777092058000
1777092060.129,60.129,0.53,0.54,0.46,0.47,0.01,0.01,77627.09,1777092058000
1777092060.471,60.471,0.53,0.54,0.46,0.47,0.01,0.01,77627.17,1777092059000
1777092060.848,60.848,0.53,0.54,0.46,0.47,0.01,0.01,77627.17,1777092059000
1777092061.728,61.728,0.53,0.54,0.46,0.47,0.01,0.01,77627.17,1777092060000
1777092062.377,62.377,0.53,0.54,0.46,0.47,0.01,0.01,77627.04,1777092061000
1777092062.75,62.75,0.53,0.54,0.46,0.47,0.01,0.01,77627.04,1777092061000
1777092063.117,63.117,0.53,0.54,0.46,0.47,0.01,0.01,77627.04,1777092062000
1777092063.686,63.686,0.53,0.54,0.46,0.47,0.01,0.01,77627.04,1777092062000
1777092064.081,64.081,0.53,0.54,0.46,0.47,0.01,0.01,77627.13,1777092063000
1777092064.5,64.5,0.53,0.54,0.46,0.47,0.01,0.01,77627.13,1777092063000
1777092064.862,64.862,0.53,0.55,0.46,0.47,0.02,0.01,77627.13,1777092063000
1777092065.207,65.207,0.53,0.55,0.45,0.47,0.02,0.02,77626.86,1777092064000
1777092065.651,65.651,0.53,0.54,0.46,0.47,0.01,0.01,77626.86,1777092064000
1777092066.17,66.17,0.51,0.54,0.46,0.49,0.03,0.03,77626.61,1777092065000
1777092067.16,67.16,0.51,0.54,0.46,0.49,0.03,0.03,77626.61,1777092066000
1777092067.55,67.55,0.52,0.53,0.47,0.48,0.01,0.01,77626.61,1777092066000
1777092068.137,68.137,0.52,0.53,0.47,0.48,0.01,0.01,77626.61,1777092066000
1777092068.476,68.476,0.52,0.53,0.47,0.48,0.01,0.01,77626.82,1777092067000
1777092069.281,69.281,0.52,0.53,0.47,0.48,0.01,0.01,77626.87,1777092068000
1777092069.693,69.693,0.52,0.53,0.47,0.48,0.01,0.01,77626.87,1777092068000
1777092070.293,70.293,0.52,0.54,0.46,0.48,0.02,0.02,77626.75,1777092069000
1777092071.448,71.448,0.53,0.54,0.46,0.47,0.01,0.01,77627.06,1777092070000
1777092071.974,71.974,0.53,0.54,0.46,0.47,0.01,0.01,77627.06,1777092070000
1777092073.225,73.225,0.53,0.54,0.46,0.47,0.01,0.01,77626.64,1777092071000
1777092073.927,73.927,0.53,0.54,0.46,0.47,0.01,0.01,77626.4,1777092072000
1777092074.285,74.285,0.53,0.54,0.46,0.47,0.01,0.01,77626.4,1777092073000
1777092074.67,74.67,0.53,0.54,0.46,0.47,0.01,0.01,77626.4,1777092073000
1777092075.115,75.115,0.53,0.54,0.46,0.47,0.01,0.01,77626.4,1777092073000
1777092075.448,75.448,0.53,0.54,0.46,0.47,0.01,0.01,77625.92,1777092074000
1777092076.007,76.007,0.53,0.54,0.46,0.47,0.01,0.01,77625.92,1777092074000
1777092076.494,76.494,0.53,0.54,0.46,0.47,0.01,0.01,77625.92,1777092074000
1777092077.215,77.215,0.53,0.54,0.46,0.47,0.01,0.01,77626.12,1777092076000
1777092078.36,78.36,0.53,0.54,0.46,0.47,0.01,0.01,77626.27,1777092077000
1777092078.983,78.983,0.53,0.54,0.46,0.47,0.01,0.01,77626.27,1777092078000
1777092079.571,79.571,0.53,0.54,0.46,0.47,0.01,0.01,77626.27,1777092078000
1777092080.278,80.278,0.53,0.54,0.46,0.47,0.01,0.01,77626.36,1777092079000
1777092081.452,81.452,0.53,0.54,0.46,0.47,0.01,0.01,77627.42,1777092080000
1777092081.888,81.888,0.53,0.54,0.46,0.47,0.01,0.01,77627.42,1777092080000
1777092082.272,82.272,0.52,0.53,0.46,0.47,0.01,0.01,77627.42,1777092081000
1777092082.76,82.76,0.5,0.51,0.49,0.5,0.01,0.01,77627.42,1777092081000
1777092083.136,83.136,0.5,0.51,0.49,0.5,0.01,0.01,77627.42,1777092081000
1777092083.478,83.478,0.49,0.5,0.49,0.52,0.01,0.03,77627.53,1777092082000
1777092083.812,83.812,0.47,0.48,0.52,0.53,0.01,0.01,77627.53,1777092082000
1777092084.156,84.156,0.47,0.48,0.52,0.53,0.01,0.01,77627.53,1777092082000
1777092084.527,84.527,0.48,0.49,0.51,0.52,0.01,0.01,77627.53,1777092083000
1777092084.864,84.864,0.48,0.49,0.51,0.52,0.01,0.01,77627.53,1777092083000
1777092085.198,85.198,0.67,0.7,0.31,0.33,0.03,0.02,77627.53,1777092084000
1777092085.532,85.532,0.69,0.7,0.29,0.31,0.01,0.02,77627.53,1777092084000
1777092085.897,85.897,0.7,0.71,0.29,0.3,0.01,0.01,77627.53,1777092084000
1777092086.297,86.297,0.7,0.71,0.29,0.3,0.01,0.01,77627.62,1777092085000
1777092086.711,86.711,0.69,0.7,0.3,0.31,0.01,0.01,77627.62,1777092085000
1777092087.111,87.111,0.68,0.69,0.31,0.32,0.01,0.01,77627.62,1777092085000
1777092087.508,87.508,0.67,0.68,0.32,0.33,0.01,0.01,77627.62,1777092085000
1777092087.98,87.98,0.67,0.68,0.32,0.33,0.01,0.01,77627.62,1777092085000
1777092088.393,88.393,0.68,0.69,0.31,0.32,0.01,0.01,77635.89,1777092086000
1777092088.766,88.766,0.68,0.69,0.31,0.32,0.01,0.01,77635.89,1777092087000
1777092089.296,89.296,0.68,0.69,0.31,0.32,0.01,0.01,77635.89,1777092087000
1777092089.66,89.66,0.68,0.69,0.31,0.32,0.01,0.01,77636.0,1777092088000
1777092090.007,90.007,0.69,0.7,0.29,0.31,0.01,0.02,77636.66,1777092089000
1777092090.349,90.349,0.7,0.71,0.29,0.3,0.01,0.01,77636.66,1777092089000
1777092090.744,90.744,0.7,0.71,0.29,0.31,0.01,0.02,77636.66,1777092089000
1777092091.304,91.304,0.71,0.72,0.29,0.3,0.01,0.01,77637.5,1777092090000
1777092091.803,91.803,0.72,0.73,0.27,0.28,0.01,0.01,77637.5,1777092090000
1777092092.16,92.16,0.72,0.73,0.27,0.28,0.01,0.01,77637.99,1777092091000
1777092092.499,92.499,0.73,0.74,0.26,0.27,0.01,0.01,77637.99,1777092091000
1777092093.073,93.073,0.73,0.74,0.26,0.27,0.01,0.01,77637.99,1777092091000
1777092093.438,93.438,0.73,0.74,0.26,0.27,0.01,0.01,77637.56,1777092092000
1777092093.956,93.956,0.73,0.74,0.26,0.27,0.01,0.01,77637.56,1777092092000
1777092094.4,94.4,0.73,0.74,0.26,0.27,0.01,0.01,77636.59,1777092093000
1777092094.778,94.778,0.73,0.74,0.26,0.27,0.01,0.01,77636.59,1777092093000
1777092095.124,95.124,0.73,0.74,0.26,0.27,0.01,0.01,77636.59,1777092093000
1777092095.491,95.491,0.72,0.73,0.27,0.28,0.01,0.01,77639.73,1777092094000
1777092096.175,96.175,0.72,0.73,0.27,0.28,0.01,0.01,77639.73,1777092094000
1777092096.53,96.53,0.72,0.73,0.27,0.28,0.01,0.01,77636.59,1777092095000
1777092097.011,97.011,0.71,0.72,0.27,0.29,0.01,0.02,77636.59,1777092096000
1777092097.368,97.368,0.71,0.72,0.28,0.29,0.01,0.01,77636.59,1777092096000
1777092097.712,97.712,0.71,0.72,0.28,0.29,0.01,0.01,77636.59,1777092096000
1777092098.29,98.29,0.65,0.67,0.28,0.35,0.02,0.07,77636.66,1777092097000
1777092098.644,98.644,0.67,0.68,0.32,0.33,0.01,0.01,77636.66,1777092097000
1777092099.062,99.062,0.67,0.68,0.32,0.33,0.01,0.01,77639.86,1777092098000
1777092099.462,99.462,0.66,0.67,0.32,0.34,0.01,0.02,77639.86,1777092098000
1777092099.981,99.981,0.66,0.67,0.33,0.34,0.01,0.01,77636.6,1777092099000
1777092100.555,100.555,0.66,0.67,0.33,0.34,0.01,0.01,77636.6,1777092099000
1777092100.905,100.905,0.66,0.67,0.33,0.34,0.01,0.01,77636.6,1777092099000
1777092101.362,101.362,0.66,0.67,0.33,0.34,0.01,0.01,77639.82,1777092100000
1777092101.771,101.771,0.65,0.66,0.33,0.34,0.01,0.01,77639.82,1777092100000
1777092102.189,102.189,0.65,0.66,0.34,0.35,0.01,0.01,77638.25,1777092101000
1777092102.588,102.588,0.65,0.66,0.34,0.35,0.01,0.01,77638.25,1777092101000
1777092102.954,102.954,0.43,0.5,0.5,0.57,0.07,0.07,77638.25,1777092101000
1777092103.33,103.33,0.43,0.44,0.56,0.57,0.01,0.01,77639.87,1777092102000
1777092103.767,103.767,0.43,0.45,0.55,0.57,0.02,0.02,77639.87,1777092102000
1777092104.128,104.128,0.44,0.45,0.55,0.56,0.01,0.01,77639.87,1777092102000
1777092104.491,104.491,0.44,0.45,0.55,0.56,0.01,0.01,77639.87,1777092102000
1777092104.844,104.844,0.44,0.45,0.55,0.56,0.01,0.01,77639.87,1777092102000
1777092105.267,105.267,0.44,0.45,0.55,0.56,0.01,0.01,77634.11,1777092103000
1777092105.746,105.746,0.44,0.45,0.55,0.56,0.01,0.01,77633.01,1777092104000
1777092106.126,106.126,0.44,0.46,0.54,0.56,0.02,0.02,77633.01,1777092105000
1777092106.551,106.551,0.41,0.42,0.58,0.6,0.01,0.02,77633.01,1777092105000
1777092106.982,106.982,0.39,0.4,0.6,0.61,0.01,0.01,77633.01,1777092105000
1777092107.35,107.35,0.43,0.44,0.5,0.58,0.01,0.08,77633.01,1777092105000
1777092107.763,107.763,0.43,0.5,0.56,0.57,0.07,0.01,77631.43,1777092106000
1777092108.105,108.105,0.48,0.49,0.51,0.52,0.01,0.01,77630.06,1777092107000
1777092108.455,108.455,0.47,0.48,0.52,0.53,0.01,0.01,77630.06,1777092107000
1777092109.252,109.252,0.47,0.48,0.52,0.53,0.01,0.01,77630.06,1777092107000
1777092109.614,109.614,0.44,0.45,0.55,0.56,0.01,0.01,77630.06,1777092107000
1777092109.991,109.991,0.43,0.44,0.56,0.57,0.01,0.01,77630.06,1777092108000
1777092110.506,110.506,0.44,0.45,0.55,0.57,0.01,0.02,77630.06,1777092109000
1777092110.853,110.853,0.44,0.45,0.55,0.56,0.01,0.01,77630.06,1777092109000
1777092111.494,111.494,0.44,0.45,0.55,0.56,0.01,0.01,77630.06,1777092109000
1777092111.929,111.929,0.44,0.45,0.55,0.56,0.01,0.01,77630.78,1777092110000
1777092112.305,112.305,0.44,0.45,0.55,0.56,0.01,0.01,77630.78,1777092110000
1777092112.694,112.694,0.54,0.55,0.45,0.49,0.01,0.04,77630.78,1777092111000
1777092113.064,113.064,0.56,0.57,0.43,0.44,0.01,0.01,77630.78,1777092111000
1777092113.409,113.409,0.55,0.57,0.43,0.44,0.02,0.01,77628.51,1777092112000
1777092113.96,113.96,0.53,0.54,0.45,0.47,0.01,0.02,77628.51,1777092112000
1777092114.364,114.364,0.53,0.54,0.46,0.47,0.01,0.01,77628.51,1777092112000
1777092114.837,114.837,0.53,0.54,0.46,0.47,0.01,0.01,77630.95,1777092113000
1777092115.442,115.442,0.52,0.53,0.47,0.48,0.01,0.01,77630.95,1777092114000
1777092115.907,115.907,0.52,0.53,0.47,0.48,0.01,0.01,77630.95,1777092114000
1777092116.261,116.261,0.51,0.53,0.47,0.48,0.02,0.01,77630.95,1777092114000
1777092116.734,116.734,0.52,0.53,0.47,0.48,0.01,0.01,77632.3,1777092115000
1777092117.129,117.129,0.5,0.51,0.49,0.5,0.01,0.01,77632.3,1777092116000
1777092117.521,117.521,0.5,0.51,0.49,0.5,0.01,0.01,77632.3,1777092116000
1777092117.903,117.903,0.5,0.51,0.49,0.5,0.01,0.01,77632.3,1777092116000
1777092118.519,118.519,0.5,0.51,0.49,0.5,0.01,0.01,77632.3,1777092117000
1777092118.859,118.859,0.5,0.51,0.49,0.5,0.01,0.01,77632.3,1777092117000
1777092119.265,119.265,0.5,0.51,0.49,0.5,0.01,0.01,77632.3,1777092118000
1777092119.721,119.721,0.5,0.51,0.49,0.5,0.01,0.01,77632.3,1777092118000
1777092120.464,120.464,0.5,0.51,0.49,0.5,0.01,0.01,77632.3,1777092118000
1777092120.945,120.945,0.5,0.51,0.49,0.5,0.01,0.01,77632.3,1777092118000
1777092121.382,121.382,0.51,0.52,0.48,0.49,0.01,0.01,77633.59,1777092120000
1777092121.76,121.76,0.51,0.52,0.48,0.49,0.01,0.01,77633.59,1777092120000
1777092122.223,122.223,0.51,0.52,0.48,0.49,0.01,0.01,77633.59,1777092120000
1777092122.59,122.59,0.51,0.52,0.48,0.49,0.01,0.01,77633.6,1777092121000
1777092123.046,123.046,0.52,0.53,0.47,0.49,0.01,0.02,77633.6,1777092121000
1777092123.39,123.39,0.52,0.53,0.47,0.48,0.01,0.01,77633.68,1777092122000
1777092123.881,123.881,0.52,0.53,0.47,0.48,0.01,0.01,77633.68,1777092122000
1777092124.248,124.248,0.52,0.53,0.47,0.48,0.01,0.01,77633.53,1777092123000
1777092124.906,124.906,0.51,0.52,0.47,0.49,0.01,0.02,77633.53,1777092123000
1777092125.399,125.399,0.51,0.52,0.48,0.49,0.01,0.01,77633.65,1777092124000
1777092126.014,126.014,0.51,0.52,0.48,0.49,0.01,0.01,77633.65,1777092124000
1777092126.66,126.66,0.51,0.52,0.48,0.49,0.01,0.01,77633.64,1777092125000
1777092127.197,127.197,0.51,0.52,0.48,0.49,0.01,0.01,77633.6,1777092126000
1777092127.663,127.663,0.51,0.52,0.48,0.49,0.01,0.01,77633.6,1777092126000
1777092128.17,128.17,0.51,0.52,0.48,0.49,0.01,0.01,77633.6,1777092126000
1777092129.279,129.279,0.51,0.52,0.48,0.49,0.01,0.01,77633.58,1777092128000
1777092129.876,129.876,0.51,0.52,0.48,0.49,0.01,0.01,77633.58,1777092128000
1777092130.307,130.307,0.51,0.52,0.48,0.49,0.01,0.01,77633.59,1777092129000
1777092131.171,131.171,0.51,0.52,0.48,0.49,0.01,0.01,77633.59,1777092129000
1777092131.692,131.692,0.51,0.52,0.48,0.49,0.01,0.01,77633.6,1777092130000
1777092132.095,132.095,0.51,0.52,0.48,0.49,0.01,0.01,77633.6,1777092130000
1777092132.492,132.492,0.51,0.52,0.48,0.49,0.01,0.01,77633.64,1777092131000
1777092132.931,132.931,0.51,0.53,0.48,0.49,0.02,0.01,77633.64,1777092131000
1777092133.737,133.737,0.52,0.53,0.47,0.48,0.01,0.01,77633.64,1777092132000
1777092134.276,134.276,0.52,0.53,0.47,0.48,0.01,0.01,77633.77,1777092133000
1777092135.287,135.287,0.52,0.54,0.46,0.48,0.02,0.02,77629.69,1777092134000
1777092135.679,135.679,0.54,0.55,0.45,0.46,0.01,0.01,77629.69,1777092134000
1777092136.053,136.053,0.54,0.55,0.45,0.46,0.01,0.01,77629.69,1777092134000
1777092136.712,136.712,0.54,0.55,0.45,0.46,0.01,0.01,77633.8,1777092135000
1777092137.09,137.09,0.54,0.55,0.45,0.46,0.01,0.01,77633.8,1777092135000
1777092137.499,137.499,0.54,0.55,0.45,0.46,0.01,0.01,77633.8,1777092136000
1777092138.095,138.095,0.54,0.55,0.45,0.46,0.01,0.01,77633.81,1777092137000
1777092138.434,138.434,0.54,0.55,0.45,0.46,0.01,0.01,77633.81,1777092137000
1777092139.222,139.222,0.54,0.55,0.45,0.48,0.01,0.03,77633.81,1777092137000
1777092139.928,139.928,0.54,0.55,0.45,0.46,0.01,0.01,77633.79,1777092138000
1777092140.599,140.599,0.54,0.55,0.45,0.46,0.01,0.01,77633.79,1777092139000
1777092141.315,141.315,0.54,0.55,0.45,0.46,0.01,0.01,77633.79,1777092139000
1777092141.807,141.807,0.54,0.56,0.45,0.46,0.02,0.01,77633.77,1777092140000
1777092142.243,142.243,0.55,0.56,0.44,0.45,0.01,0.01,77633.79,1777092141000
1777092142.839,142.839,0.55,0.56,0.44,0.45,0.01,0.01,77633.79,1777092141000
1777092143.482,143.482,0.55,0.56,0.44,0.45,0.01,0.01,77633.79,1777092141000
1777092144.293,144.293,0.55,0.56,0.44,0.45,0.01,0.01,77633.7,1777092143000
1777092144.762,144.762,0.55,0.56,0.44,0.45,0.01,0.01,77633.7,1777092143000
1777092145.127,145.127,0.55,0.56,0.44,0.45,0.01,0.01,77633.7,1777092143000
1777092145.575,145.575,0.55,0.56,0.44,0.45,0.01,0.01,77633.75,1777092144000
1777092145.976,145.976,0.55,0.56,0.44,0.45,0.01,0.01,77633.75,1777092144000
1777092146.382,146.382,0.54,0.56,0.44,0.46,0.02,0.02,77633.72,1777092145000
1777092147.016,147.016,0.54,0.55,0.45,0.46,0.01,0.01,77633.72,1777092146000
1777092147.665,147.665,0.54,0.55,0.45,0.46,0.01,0.01,77633.72,1777092146000
1777092148.347,148.347,0.54,0.55,0.45,0.46,0.01,0.01,77633.73,1777092147000
1777092148.952,148.952,0.53,0.54,0.45,0.47,0.01,0.02,77633.73,1777092147000
1777092149.598,149.598,0.53,0.54,0.46,0.47,0.01,0.01,77633.73,1777092147000
1777092150.325,150.325,0.53,0.54,0.46,0.47,0.01,0.01,77633.73,1777092149000
1777092150.659,150.659,0.53,0.54,0.46,0.47,0.01,0.01,77633.73,1777092149000
1777092151.351,151.351,0.53,0.54,0.46,0.47,0.01,0.01,77633.73,1777092150000
1777092151.706,151.706,0.53,0.54,0.46,0.48,0.01,0.02,77633.73,1777092150000
1777092153.146,153.146,0.52,0.53,0.46,0.47,0.01,0.01,77633.73,1777092150000
1777092154.641,154.641,0.52,0.53,0.47,0.48,0.01,0.01,77629.8,1777092153000
1777092155.225,155.225,0.52,0.53,0.47,0.48,0.01,0.01,77629.8,1777092153000
1777092155.571,155.571,0.59,0.6,0.4,0.41,0.01,0.01,77629.81,1777092154000
1777092155.933,155.933,0.59,0.6,0.4,0.41,0.01,0.01,77629.81,1777092154000
1777092156.698,156.698,0.59,0.6,0.4,0.41,0.01,0.01,77629.94,1777092155000
1777092157.516,157.516,0.59,0.6,0.4,0.41,0.01,0.01,77629.94,1777092155000
1777092157.88,157.88,0.59,0.6,0.4,0.41,0.01,0.01,77636.54,1777092156000
1777092158.232,158.232,0.59,0.6,0.4,0.41,0.01,0.01,77636.54,1777092156000
1777092158.613,158.613,0.59,0.6,0.4,0.41,0.01,0.01,77634.01,1777092157000
1777092159.315,159.315,0.59,0.6,0.4,0.41,0.01,0.01,77634.01,1777092157000
1777092160.365,160.365,0.59,0.6,0.4,0.41,0.01,0.01,77634.33,1777092158000
1777092160.997,160.997,0.59,0.6,0.4,0.41,0.01,0.01,77637.29,1777092159000
1777092161.95,161.95,0.59,0.6,0.4,0.41,0.01,0.01,77634.31,1777092160000
1777092162.341,162.341,0.59,0.6,0.4,0.41,0.01,0.01,77634.31,1777092160000
1777092162.778,162.778,0.59,0.6,0.4,0.41,0.01,0.01,77634.31,1777092161000
1777092163.138,163.138,0.59,0.6,0.4,0.41,0.01,0.01,77634.31,1777092161000
1777092164.221,164.221,0.59,0.6,0.4,0.41,0.01,0.01,77637.28,1777092163000
1777092164.763,164.763,0.59,0.6,0.4,0.41,0.01,0.01,77637.28,1777092163000
1777092165.391,165.391,0.6,0.61,0.39,0.41,0.01,0.02,77637.28,1777092163000
1777092165.758,165.758,0.6,0.61,0.39,0.4,0.01,0.01,77637.28,1777092163000
1777092166.118,166.118,0.6,0.61,0.39,0.4,0.01,0.01,77637.29,1777092165000
1777092166.975,166.975,0.6,0.61,0.39,0.4,0.01,0.01,77637.29,1777092165000
1777092167.567,167.567,0.6,0.61,0.39,0.4,0.01,0.01,77638.21,1777092166000
1777092168.339,168.339,0.6,0.61,0.39,0.4,0.01,0.01,77635.42,1777092167000
1777092168.943,168.943,0.6,0.61,0.39,0.4,0.01,0.01,77635.42,1777092167000
1777092169.478,169.478,0.6,0.61,0.39,0.4,0.01,0.01,77635.42,1777092167000
1777092169.944,169.944,0.6,0.61,0.39,0.4,0.01,0.01,77638.23,1777092168000
1777092170.528,170.528,0.6,0.61,0.39,0.4,0.01,0.01,77638.22,1777092169000
1777092170.907,170.907,0.61,0.62,0.39,0.4,0.01,0.01,77638.22,1777092169000
1777092171.298,171.298,0.61,0.62,0.38,0.39,0.01,0.01,77635.52,1777092170000
1777092171.686,171.686,0.61,0.62,0.38,0.39,0.01,0.01,77635.52,1777092170000
1777092172.127,172.127,0.61,0.62,0.38,0.39,0.01,0.01,77635.52,1777092170000
1777092172.626,172.626,0.6,0.62,0.38,0.39,0.02,0.01,77635.52,1777092170000
1777092173.035,173.035,0.6,0.61,0.39,0.4,0.01,0.01,77638.23,1777092172000
1777092173.772,173.772,0.6,0.61,0.39,0.4,0.01,0.01,77638.23,1777092172000
1777092174.301,174.301,0.6,0.61,0.39,0.4,0.01,0.01,77638.2,1777092173000
1777092174.661,174.661,0.6,0.61,0.39,0.4,0.01,0.01,77638.2,1777092173000
1777092175.004,175.004,0.6,0.61,0.39,0.4,0.01,0.01,77638.2,1777092173000
1777092175.362,175.362,0.6,0.61,0.39,0.4,0.01,0.01,77638.2,1777092174000
1777092175.721,175.721,0.6,0.61,0.39,0.4,0.01,0.01,77638.2,1777092174000
1777092176.62,176.62,0.6,0.61,0.39,0.4,0.01,0.01,77638.19,1777092175000
1777092177.028,177.028,0.6,0.61,0.39,0.4,0.01,0.01,77638.19,1777092175000
1777092177.603,177.603,0.6,0.61,0.39,0.4,0.01,0.01,77638.21,1777092176000
1777092177.957,177.957,0.6,0.61,0.39,0.4,0.01,0.01,77638.21,1777092176000
1777092178.481,178.481,0.6,0.61,0.39,0.4,0.01,0.01,77635.57,1777092177000
1777092178.968,178.968,0.6,0.61,0.39,0.4,0.01,0.01,77635.57,1777092177000
1777092179.351,179.351,0.61,0.62,0.38,0.39,0.01,0.01,77638.22,1777092178000
1777092179.693,179.693,0.61,0.62,0.38,0.39,0.01,0.01,77638.22,1777092178000
1777092180.328,180.328,0.61,0.62,0.38,0.39,0.01,0.01,77638.22,1777092178000
1777092180.766,180.766,0.61,0.62,0.38,0.39,0.01,0.01,77638.21,1777092179000
1777092181.165,181.165,0.62,0.63,0.37,0.38,0.01,0.01,77638.21,1777092180000
1777092181.529,181.529,0.61,0.62,0.38,0.39,0.01,0.01,77638.21,1777092180000
1777092182.04,182.04,0.61,0.62,0.38,0.39,0.01,0.01,77638.21,1777092180000
1777092182.414,182.414,0.61,0.62,0.38,0.39,0.01,0.01,77638.21,1777092181000
1777092183.086,183.086,0.61,0.62,0.38,0.39,0.01,0.01,77638.21,1777092181000
1777092183.952,183.952,0.61,0.62,0.38,0.39,0.01,0.01,77638.24,1777092182000
1777092184.337,184.337,0.6,0.62,0.38,0.39,0.02,0.01,77638.28,1777092183000
1777092185.192,185.192,0.6,0.61,0.38,0.4,0.01,0.02,77638.28,1777092183000
1777092185.687,185.687,0.59,0.6,0.4,0.43,0.01,0.03,77638.26,1777092184000
1777092186.344,186.344,0.59,0.6,0.4,0.41,0.01,0.01,77638.26,1777092184000
1777092186.682,186.682,0.57,0.58,0.42,0.43,0.01,0.01,77638.36,1777092185000
1777092187.078,187.078,0.57,0.58,0.42,0.43,0.01,0.01,77638.36,1777092185000
1777092187.648,187.648,0.57,0.58,0.42,0.43,0.01,0.01,77638.36,1777092185000
1777092187.993,187.993,0.51,0.58,0.42,0.44,0.07,0.02,77638.36,1777092186000
1777092188.411,188.411,0.45,0.46,0.54,0.55,0.01,0.01,77638.36,1777092187000
1777092188.754,188.754,0.45,0.46,0.54,0.55,0.01,0.01,77638.36,1777092187000
1777092189.265,189.265,0.44,0.46,0.54,0.56,0.02,0.02,77636.83,1777092188000
1777092189.603,189.603,0.44,0.45,0.55,0.56,0.01,0.01,77636.83,1777092188000
1777092189.992,189.992,0.44,0.45,0.55,0.56,0.01,0.01,77636.83,1777092188000
1777092190.755,190.755,0.44,0.45,0.55,0.56,0.01,0.01,77632.65,1777092189000
1777092191.112,191.112,0.42,0.43,0.55,0.58,0.01,0.03,77632.65,1777092189000
1777092191.564,191.564,0.4,0.41,0.58,0.59,0.01,0.01,77631.47,1777092190000
1777092191.925,191.925,0.4,0.41,0.59,0.6,0.01,0.01,77631.47,1777092190000
1777092192.29,192.29,0.39,0.4,0.6,0.61,0.01,0.01,77631.47,1777092190000
1777092192.745,192.745,0.39,0.4,0.6,0.61,0.01,0.01,77631.58,1777092191000
1777092193.282,193.282,0.39,0.41,0.6,0.61,0.02,0.01,77631.58,1777092191000
1777092193.616,193.616,0.4,0.41,0.59,0.6,0.01,0.01,77631.58,1777092192000
1777092194.025,194.025,0.4,0.41,0.59,0.6,0.01,0.01,77630.75,1777092193000
1777092194.903,194.903,0.4,0.41,0.59,0.6,0.01,0.01,77630.75,1777092193000
1777092195.248,195.248,0.4,0.41,0.59,0.6,0.01,0.01,77631.78,1777092194000
1777092196.051,196.051,0.4,0.41,0.59,0.6,0.01,0.01,77631.78,1777092194000
1777092197.019,197.019,0.4,0.41,0.59,0.6,0.01,0.01,77632.3,1777092195000
1777092197.405,197.405,0.4,0.41,0.59,0.6,0.01,0.01,77632.33,1777092196000
1777092198.119,198.119,0.4,0.41,0.59,0.6,0.01,0.01,77632.33,1777092196000
1777092198.494,198.494,0.4,0.42,0.59,0.6,0.02,0.01,77632.37,1777092197000
1777092198.89,198.89,0.41,0.42,0.58,0.59,0.01,0.01,77632.37,1777092197000
1777092199.229,199.229,0.41,0.42,0.58,0.59,0.01,0.01,77632.37,1777092198000
1777092199.64,199.64,0.49,0.5,0.35,0.59,0.01,0.24,77632.37,1777092198000
1777092199.985,199.985,0.49,0.5,0.5,0.51,0.01,0.01,77632.37,1777092198000
1777092200.497,200.497,0.49,0.5,0.5,0.51,0.01,0.01,77632.11,1777092199000
1777092201.503,201.503,0.49,0.5,0.5,0.51,0.01,0.01,77632.11,1777092199000
1777092201.915,201.915,0.49,0.5,0.5,0.51,0.01,0.01,77632.31,1777092200000
1777092202.288,202.288,0.49,0.52,0.48,0.51,0.03,0.03,77632.23,1777092201000
1777092202.737,202.737,0.5,0.51,0.49,0.5,0.01,0.01,77632.23,1777092201000
1777092203.198,203.198,0.5,0.51,0.49,0.5,0.01,0.01,77632.23,1777092202000
1777092204.227,204.227,0.5,0.51,0.49,0.5,0.01,0.01,77632.23,1777092202000
1777092204.581,204.581,0.5,0.51,0.49,0.5,0.01,0.01,77632.25,1777092203000
1777092205.012,205.012,0.5,0.55,0.49,0.5,0.05,0.01,77632.25,1777092203000
1777092205.426,205.426,0.51,0.52,0.45,0.5,0.01,0.05,77632.43,1777092204000
1777092205.792,205.792,0.51,0.53,0.48,0.49,0.02,0.01,77632.43,1777092204000
1777092206.198,206.198,0.56,0.57,0.45,0.46,0.01,0.01,77632.43,1777092204000
1777092206.533,206.533,0.61,0.62,0.38,0.43,0.01,0.05,77632.43,1777092205000
1777092207.223,207.223,0.61,0.62,0.38,0.39,0.01,0.01,77632.43,1777092205000
1777092207.582,207.582,0.61,0.62,0.38,0.39,0.01,0.01,77632.43,1777092206000
1777092207.94,207.94,0.61,0.62,0.38,0.39,0.01,0.01,77632.43,1777092206000
1777092208.311,208.311,0.61,0.62,0.38,0.39,0.01,0.01,77632.46,1777092207000
1777092208.653,208.653,0.61,0.62,0.38,0.39,0.01,0.01,77632.46,1777092207000
1777092209.305,209.305,0.61,0.62,0.38,0.39,0.01,0.01,77632.46,1777092207000
1777092209.909,209.909,0.61,0.62,0.38,0.39,0.01,0.01,77632.14,1777092209000
1777092210.672,210.672,0.61,0.62,0.38,0.39,0.01,0.01,77632.14,1777092209000
1777092211.03,211.03,0.61,0.62,0.38,0.39,0.01,0.01,77632.14,1777092210000
1777092211.858,211.858,0.61,0.62,0.38,0.39,0.01,0.01,77632.14,1777092210000
1777092212.37,212.37,0.61,0.62,0.38,0.39,0.01,0.01,77631.99,1777092211000
1777092212.932,212.932,0.61,0.62,0.38,0.39,0.01,0.01,77631.99,1777092211000
1777092213.381,213.381,0.61,0.62,0.38,0.39,0.01,0.01,77631.95,1777092212000
1777092213.958,213.958,0.6,0.61,0.39,0.4,0.01,0.01,77631.95,1777092212000
1777092214.54,214.54,0.6,0.61,0.39,0.4,0.01,0.01,77632.03,1777092213000
1777092215.03,215.03,0.6,0.61,0.39,0.4,0.01,0.01,77632.03,1777092213000
1777092215.377,215.377,0.63,0.64,0.36,0.37,0.01,0.01,77632.03,1777092214000
1777092216.01,216.01,0.64,0.65,0.35,0.36,0.01,0.01,77632.03,1777092214000
1777092216.442,216.442,0.64,0.65,0.35,0.36,0.01,0.01,77632.03,1777092214000
1777092216.868,216.868,0.64,0.65,0.35,0.36,0.01,0.01,77632.05,1777092215000
1777092217.343,217.343,0.64,0.65,0.35,0.36,0.01,0.01,77632.07,1777092216000
1777092217.684,217.684,0.64,0.65,0.35,0.36,0.01,0.01,77632.07,1777092216000
1777092218.103,218.103,0.64,0.65,0.35,0.36,0.01,0.01,77632.07,1777092216000
1777092218.66,218.66,0.64,0.65,0.35,0.36,0.01,0.01,77633.53,1777092217000
1777092219.069,219.069,0.64,0.65,0.35,0.36,0.01,0.01,77633.53,1777092217000
1777092219.489,219.489,0.64,0.65,0.35,0.36,0.01,0.01,77635.88,1777092218000
1777092220.1,220.1,0.64,0.65,0.35,0.36,0.01,0.01,77633.49,1777092219000
1777092220.957,220.957,0.63,0.64,0.35,0.37,0.01,0.02,77633.49,1777092219000
1777092221.351,221.351,0.63,0.64,0.36,0.37,0.01,0.01,77635.71,1777092220000
1777092222.005,222.005,0.64,0.65,0.35,0.36,0.01,0.01,77633.6,1777092221000
1777092222.572,222.572,0.64,0.65,0.35,0.36,0.01,0.01,77633.6,1777092221000
1777092223.604,223.604,0.64,0.65,0.35,0.36,0.01,0.01,77634.98,1777092222000
1777092223.98,223.98,0.64,0.65,0.35,0.36,0.01,0.01,77634.98,1777092222000
1777092224.763,224.763,0.64,0.65,0.35,0.36,0.01,0.01,77634.98,1777092223000
1777092225.366,225.366,0.64,0.65,0.35,0.36,0.01,0.01,77634.98,1777092223000
1777092225.714,225.714,0.64,0.65,0.35,0.36,0.01,0.01,77633.62,1777092224000
1777092226.189,226.189,0.64,0.65,0.35,0.36,0.01,0.01,77633.4,1777092225000
1777092226.825,226.825,0.64,0.65,0.35,0.36,0.01,0.01,77633.4,1777092225000
1777092227.743,227.743,0.64,0.65,0.35,0.36,0.01,0.01,77635.22,1777092226000
1777092228.126,228.126,0.64,0.65,0.35,0.36,0.01,0.01,77635.22,1777092226000
1777092228.822,228.822,0.64,0.65,0.35,0.36,0.01,0.01,77635.22,1777092227000
1777092230.063,230.063,0.64,0.65,0.35,0.36,0.01,0.01,77635.03,1777092228000
1777092230.413,230.413,0.64,0.65,0.35,0.36,0.01,0.01,77634.89,1777092229000
1777092230.777,230.777,0.64,0.65,0.35,0.36,0.01,0.01,77634.89,1777092229000
1777092231.17,231.17,0.64,0.65,0.35,0.36,0.01,0.01,77634.73,1777092230000
1777092231.645,231.645,0.64,0.65,0.35,0.36,0.01,0.01,77634.73,1777092230000
1777092232.826,232.826,0.64,0.65,0.35,0.36,0.01,0.01,77634.32,1777092231000
1777092233.273,233.273,0.64,0.65,0.35,0.36,0.01,0.01,77634.32,1777092232000
1777092234.023,234.023,0.63,0.65,0.35,0.36,0.02,0.01,77634.32,1777092232000
1777092234.462,234.462,0.63,0.64,0.36,0.37,0.01,0.01,77632.57,1777092233000
1777092234.986,234.986,0.63,0.64,0.36,0.37,0.01,0.01,77632.57,1777092233000
1777092235.362,235.362,0.63,0.64,0.36,0.37,0.01,0.01,77632.2,1777092234000
1777092235.707,235.707,0.63,0.64,0.36,0.37,0.01,0.01,77632.2,1777092234000
1777092236.212,236.212,0.62,0.64,0.36,0.38,0.02,0.02,77632.09,1777092235000
1777092236.989,236.989,0.61,0.63,0.36,0.38,0.02,0.02,77632.09,1777092235000
1777092237.712,237.712,0.59,0.61,0.37,0.4,0.02,0.03,77632,1777092236000
1777092238.191,238.191,0.59,0.6,0.4,0.41,0.01,0.01,77631.35,1777092237000
1777092238.79,238.79,0.59,0.6,0.4,0.41,0.01,0.01,77631.35,1777092237000
1777092239.183,239.183,0.58,0.6,0.4,0.41,0.02,0.01,77631.35,1777092237000
1777092239.654,239.654,0.58,0.59,0.41,0.42,0.01,0.01,77631.26,1777092238000
1777092240.189,240.189,0.56,0.57,0.43,0.44,0.01,0.01,77631.26,1777092238000
1777092240.812,240.812,0.49,0.5,0.44,0.51,0.01,0.07,77631.2,1777092239000
1777092241.225,241.225,0.49,0.5,0.5,0.51,0.01,0.01,77630.85,1777092240000
1777092241.689,241.689,0.48,0.49,0.51,0.52,0.01,0.01,77630.85,1777092240000
1777092242.191,242.191,0.48,0.49,0.51,0.52,0.01,0.01,77630.25,1777092241000
1777092242.72,242.72,0.48,0.49,0.51,0.52,0.01,0.01,77630.25,1777092241000
1777092243.212,243.212,0.48,0.49,0.51,0.52,0.01,0.01,77630.26,1777092242000
1777092244.257,244.257,0.48,0.49,0.51,0.52,0.01,0.01,77630.27,1777092243000
1777092244.59,244.59,0.34,0.38,0.62,0.66,0.04,0.04,77630.27,1777092243000
1777092244.934,244.934,0.34,0.36,0.65,0.66,0.02,0.01,77630.27,1777092243000
1777092245.283,245.283,0.35,0.36,0.64,0.65,0.01,0.01,77630.27,1777092243000
1777092245.646,245.646,0.41,0.42,0.59,0.6,0.01,0.01,77630.27,1777092243000
1777092246.022,246.022,0.43,0.44,0.55,0.59,0.01,0.04,77630.27,1777092243000
1777092246.512,246.512,0.46,0.47,0.53,0.54,0.01,0.01,77630.27,1777092244000
1777092246.968,246.968,0.46,0.47,0.53,0.54,0.01,0.01,77631.13,1777092245000
1777092247.324,247.324,0.46,0.47,0.53,0.54,0.01,0.01,77629.98,1777092246000
1777092248.04,248.04,0.47,0.48,0.52,0.53,0.01,0.01,77629.98,1777092246000
1777092248.382,248.382,0.48,0.49,0.52,0.53,0.01,0.01,77629.98,1777092246000
1777092248.78,248.78,0.48,0.5,0.51,0.52,0.02,0.01,77630.18,1777092247000
1777092249.123,249.123,0.48,0.49,0.51,0.52,0.01,0.01,77630.18,1777092247000
1777092249.747,249.747,0.49,0.5,0.5,0.51,0.01,0.01,77630.18,1777092248000
1777092250.247,250.247,0.49,0.5,0.5,0.51,0.01,0.01,77630.38,1777092249000
1777092250.752,250.752,0.5,0.51,0.49,0.5,0.01,0.01,77630.38,1777092249000
1777092251.273,251.273,0.5,0.51,0.49,0.5,0.01,0.01,77630.38,1777092249000
1777092251.816,251.816,0.5,0.51,0.49,0.5,0.01,0.01,77630.09,1777092250000
1777092252.301,252.301,0.5,0.51,0.49,0.5,0.01,0.01,77630.28,1777092251000
1777092253.326,253.326,0.5,0.51,0.49,0.5,0.01,0.01,77630.46,1777092252000
1777092253.676,253.676,0.5,0.52,0.49,0.5,0.02,0.01,77630.46,1777092252000
1777092254.229,254.229,0.54,0.55,0.47,0.49,0.01,0.02,77630.46,1777092252000
1777092254.764,254.764,0.55,0.56,0.45,0.46,0.01,0.01,77630.64,1777092253000
1777092255.14,255.14,0.55,0.56,0.44,0.45,0.01,0.01,77630.68,1777092254000
1777092255.686,255.686,0.55,0.57,0.44,0.45,0.02,0.01,77630.68,1777092254000
1777092256.115,256.115,0.56,0.57,0.43,0.44,0.01,0.01,77630.68,1777092254000
1777092256.763,256.763,0.6,0.61,0.4,0.41,0.01,0.01,77631.13,1777092255000
1777092257.276,257.276,0.6,0.65,0.39,0.4,0.05,0.01,77630.72,1777092256000
1777092257.623,257.623,0.7,0.71,0.29,0.3,0.01,0.01,77630.72,1777092256000
1777092258.055,258.055,0.68,0.71,0.29,0.3,0.03,0.01,77630.72,1777092256000
1777092258.477,258.477,0.68,0.69,0.31,0.32,0.01,0.01,77631.1,1777092257000
1777092259.027,259.027,0.69,0.7,0.31,0.32,0.01,0.01,77631.1,1777092257000
1777092259.447,259.447,0.69,0.7,0.3,0.31,0.01,0.01,77630.88,1777092258000
1777092259.78,259.78,0.69,0.7,0.3,0.31,0.01,0.01,77630.88,1777092258000
1777092260.143,260.143,0.68,0.69,0.3,0.32,0.01,0.02,77630.88,1777092258000
1777092260.818,260.818,0.68,0.7,0.31,0.32,0.02,0.01,77630.72,1777092259000
1777092261.83,261.83,0.68,0.72,0.28,0.32,0.04,0.04,77631.01,1777092260000
1777092262.422,262.422,0.68,0.72,0.28,0.32,0.04,0.04,77630.17,1777092261000
1777092262.839,262.839,0.69,0.71,0.29,0.32,0.02,0.03,77630.17,1777092261000
1777092263.397,263.397,0.68,0.69,0.31,0.32,0.01,0.01,77631.01,1777092262000
1777092263.831,263.831,0.69,0.7,0.3,0.31,0.01,0.01,77631.01,1777092262000
1777092264.462,264.462,0.69,0.7,0.3,0.31,0.01,0.01,77630.32,1777092263000
1777092265.515,265.515,0.69,0.7,0.3,0.31,0.01,0.01,77631.01,1777092264000
1777092265.942,265.942,0.68,0.7,0.3,0.31,0.02,0.01,77631.01,1777092264000
1777092266.286,266.286,0.69,0.7,0.3,0.31,0.01,0.01,77631.01,1777092264000
1777092266.778,266.778,0.71,0.72,0.28,0.3,0.01,0.02,77630.32,1777092265000
1777092267.195,267.195,0.71,0.72,0.28,0.29,0.01,0.01,77630.98,1777092266000
1777092267.609,267.609,0.71,0.72,0.28,0.29,0.01,0.01,77630.98,1777092266000
1777092268.033,268.033,0.7,0.71,0.29,0.3,0.01,0.01,77630.98,1777092266000
1777092268.484,268.484,0.71,0.72,0.29,0.3,0.01,0.01,77630.98,1777092266000
1777092268.937,268.937,0.71,0.72,0.28,0.29,0.01,0.01,77630.97,1777092267000
1777092269.487,269.487,0.7,0.71,0.3,0.31,0.01,0.01,77630.97,1777092267000
1777092269.895,269.895,0.7,0.71,0.29,0.31,0.01,0.02,77631.06,1777092268000
1777092270.34,270.34,0.71,0.72,0.29,0.3,0.01,0.01,77631.06,1777092268000
1777092270.753,270.753,0.69,0.71,0.3,0.31,0.02,0.01,77631.06,1777092269000
1777092271.205,271.205,0.71,0.72,0.27,0.3,0.01,0.03,77631.06,1777092269000
1777092271.834,271.834,0.7,0.71,0.28,0.29,0.01,0.01,77631.05,1777092270000
1777092272.243,272.243,0.71,0.73,0.29,0.3,0.02,0.01,77631.15,1777092271000
1777092272.856,272.856,0.72,0.73,0.29,0.3,0.01,0.01,77631.15,1777092271000
1777092273.571,273.571,0.69,0.7,0.27,0.28,0.01,0.01,77631.15,1777092271000
1777092274.312,274.312,0.69,0.7,0.3,0.31,0.01,0.01,77631.02,1777092272000
1777092274.693,274.693,0.68,0.7,0.3,0.31,0.02,0.01,77630.34,1777092273000
1777092275.191,275.191,0.68,0.69,0.31,0.32,0.01,0.01,77630.34,1777092274000
1777092275.851,275.851,0.62,0.63,0.31,0.38,0.01,0.07,77630.34,1777092274000
1777092276.208,276.208,0.62,0.63,0.37,0.38,0.01,0.01,77630.34,1777092274000
1777092276.658,276.658,0.62,0.63,0.37,0.38,0.01,0.01,77630.84,1777092275000
1777092277.247,277.247,0.62,0.63,0.37,0.38,0.01,0.01,77630.84,1777092275000
1777092277.628,277.628,0.62,0.63,0.37,0.38,0.01,0.01,77630.87,1777092276000
1777092277.997,277.997,0.62,0.63,0.37,0.38,0.01,0.01,77630.87,1777092276000
1777092278.63,278.63,0.65,0.67,0.37,0.38,0.02,0.01,77630.87,1777092277000
1777092279.06,279.06,0.72,0.73,0.27,0.28,0.01,0.01,77630.87,1777092277000
1777092279.416,279.416,0.73,0.74,0.26,0.27,0.01,0.01,77630.87,1777092277000
1777092279.769,279.769,0.73,0.74,0.26,0.27,0.01,0.01,77630.94,1777092278000
1777092280.124,280.124,0.76,0.78,0.23,0.24,0.02,0.01,77630.94,1777092278000
1777092280.466,280.466,0.77,0.78,0.22,0.23,0.01,0.01,77630.94,1777092278000
1777092280.84,280.84,0.79,0.8,0.2,0.21,0.01,0.01,77631.15,1777092279000
1777092281.252,281.252,0.79,0.8,0.2,0.21,0.01,0.01,77631.15,1777092279000
1777092281.682,281.682,0.79,0.81,0.2,0.21,0.02,0.01,77631.15,1777092280000
1777092282.106,282.106,0.81,0.82,0.19,0.2,0.01,0.01,77631.15,1777092280000
1777092282.532,282.532,0.81,0.82,0.18,0.19,0.01,0.01,77632.83,1777092281000
1777092282.964,282.964,0.82,0.83,0.17,0.18,0.01,0.01,77632.83,1777092281000
1777092283.816,283.816,0.82,0.83,0.17,0.18,0.01,0.01,77632.83,1777092281000
1777092284.177,284.177,0.81,0.82,0.18,0.19,0.01,0.01,77634.86,1777092282000
1777092284.527,284.527,0.81,0.82,0.18,0.19,0.01,0.01,77633.15,1777092283000
1777092285.049,285.049,0.81,0.82,0.18,0.19,0.01,0.01,77633.15,1777092283000
1777092285.502,285.502,0.79,0.82,0.18,0.19,0.03,0.01,77633.15,1777092284000
1777092285.861,285.861,0.82,0.83,0.17,0.18,0.01,0.01,77633.15,1777092284000
1777092286.222,286.222,0.79,0.84,0.16,0.17,0.05,0.01,77633.15,1777092284000
1777092286.619,286.619,0.82,0.84,0.18,0.19,0.02,0.01,77636.27,1777092285000
1777092287.144,287.144,0.83,0.84,0.16,0.17,0.01,0.01,77636.27,1777092285000
1777092287.593,287.593,0.82,0.83,0.17,0.19,0.01,0.02,77636.26,1777092286000
1777092288.015,288.015,0.82,0.83,0.17,0.18,0.01,0.01,77636.26,1777092286000
1777092288.517,288.517,0.8,0.82,0.18,0.2,0.02,0.02,77636.26,1777092286000
1777092289.007,289.007,0.8,0.82,0.18,0.2,0.02,0.02,77636.75,1777092287000
1777092289.423,289.423,0.76,0.79,0.19,0.27,0.03,0.08,77636.75,1777092288000
1777092290.336,290.336,0.78,0.8,0.2,0.22,0.02,0.02,77636.89,1777092289000
1777092290.737,290.737,0.82,0.84,0.17,0.18,0.02,0.01,77636.89,1777092289000
1777092291.24,291.24,0.79,0.8,0.2,0.21,0.01,0.01,77636.89,1777092289000
1777092291.746,291.746,0.81,0.84,0.2,0.22,0.03,0.02,77636.92,1777092290000
1777092292.104,292.104,0.82,0.83,0.17,0.18,0.01,0.01,77636.92,1777092290000
1777092292.465,292.465,0.84,0.85,0.15,0.16,0.01,0.01,77636.89,1777092291000
1777092292.855,292.855,0.84,0.85,0.15,0.16,0.01,0.01,77636.89,1777092291000
1777092293.35,293.35,0.81,0.94,0.05,0.16,0.13,0.11,77636.92,1777092292000
1777092293.684,293.684,0.8,0.82,0.18,0.2,0.02,0.02,77636.92,1777092292000
1777092294.074,294.074,0.85,0.9,0.1,0.15,0.05,0.05,77636.92,1777092293000
1777092294.484,294.484,0.77,0.86,0.11,0.24,0.09,0.13,77636.92,1777092293000
1777092294.875,294.875,0.83,0.84,0.16,0.17,0.01,0.01,77636.92,1777092293000
1777092295.222,295.222,0.86,0.9,0.11,0.28,0.04,0.17,77636.92,1777092293000
1777092295.555,295.555,0.84,0.93,0.05,0.19,0.09,0.14,77636.92,1777092293000
1777092295.905,295.905,0.84,0.92,0.08,0.13,0.08,0.05,77636.92,1777092294000
1777092296.243,296.243,0.9,0.95,0.09,0.1,0.05,0.01,77636.92,1777092294000
1777092296.577,296.577,0.96,0.97,0.03,0.04,0.01,0.01,77636.92,1777092294000
1777092296.915,296.915,0.96,0.97,0.03,0.04,0.01,0.01,77636.92,1777092295000
1777092297.249,297.249,0.96,0.97,0.03,0.04,0.01,0.01,77636.92,1777092296000
1777092297.604,297.604,0.96,0.97,0.03,0.04,0.01,0.01,77636.92,1777092296000
1777092297.982,297.982,0.97,0.98,0.02,0.03,0.01,0.01,77636.92,1777092296000
1777092298.317,298.317,0.98,0.99,0.01,0.02,0.01,0.01,77636.92,1777092297000
1777092298.809,298.809,0.99,0.99,0.01,0.01,0.0,0.0,77636.92,1777092297000
1777092299.319,299.319,0.99,0.99,0.01,0.01,0.0,0.0,77636.92,1777092297000
1777092299.69,299.69,0.99,0.99,0.01,0.01,0.0,0.0,77636.55,1777092298000
1777092300.09,300.09,0.99,0.99,0.01,0.01,0.0,0.0,77633.42,1777092299000
1777092300.426,300.426,0.99,0.99,0.01,0.01,0.0,0.0,77633.42,1777092299000
1777092300.923,300.923,0.99,0.99,0.01,0.01,0.0,0.0,77633.42,1777092299000
1777092302.445,302.445,0.99,0.99,0.01,0.01,0.0,0.0,77632.43,1777092301000
1777092302.988,302.988,0.99,0.99,0.01,0.01,0.0,0.0,77632.79,1777092302000

# RESULT,winner=Up,slug=btc-updown-5m-1777092000,ticks=606
