timestamp,elapsed_sec,up_bid,up_ask,down_bid,down_ask,up_spread,down_spread,btc_price
1775832900.618,0.618,0.47,0.49,0.52,0.53,0.02,0.01,72860.05
1775832901.002,1.002,0.48,0.49,0.51,0.52,0.01,0.01,72860.05
1775832901.364,1.364,0.5,0.51,0.49,0.5,0.01,0.01,72860.16
1775832901.848,1.848,0.5,0.51,0.49,0.5,0.01,0.01,72860.16
1775832902.233,2.233,0.5,0.51,0.49,0.5,0.01,0.01,72862.05
1775832902.583,2.583,0.5,0.51,0.49,0.5,0.01,0.01,72862.05
1775832902.957,2.957,0.5,0.51,0.49,0.5,0.01,0.01,72862.05
1775832903.625,3.625,0.49,0.51,0.49,0.5,0.02,0.01,72867.91
1775832904.026,4.026,0.33,0.34,0.66,0.67,0.01,0.01,72867.91
1775832904.37,4.37,0.33,0.34,0.66,0.67,0.01,0.01,72868.79
1775832904.714,4.714,0.31,0.32,0.68,0.69,0.01,0.01,72868.79
1775832905.08,5.08,0.31,0.32,0.67,0.69,0.01,0.02,72868.96
1775832905.415,5.415,0.32,0.33,0.67,0.68,0.01,0.01,72868.96
1775832905.79,5.79,0.32,0.33,0.67,0.68,0.01,0.01,72868.96
1775832906.277,6.277,0.32,0.33,0.66,0.69,0.01,0.03,72818.03
1775832906.619,6.619,0.32,0.34,0.67,0.68,0.02,0.01,72818.03
1775832906.973,6.973,0.34,0.35,0.65,0.66,0.01,0.01,72818.03
1775832907.465,7.465,0.35,0.36,0.64,0.66,0.01,0.02,72803.71
1775832907.8,7.8,0.35,0.36,0.64,0.65,0.01,0.01,72803.71
1775832908.14,8.14,0.35,0.36,0.64,0.65,0.01,0.01,72803.71
1775832908.474,8.474,0.35,0.36,0.64,0.65,0.01,0.01,72809.45
1775832908.812,8.812,0.35,0.36,0.64,0.65,0.01,0.01,72809.45
1775832909.198,9.198,0.35,0.36,0.64,0.65,0.01,0.01,72809.45
1775832909.567,9.567,0.34,0.35,0.65,0.66,0.01,0.01,72809.45
1775832909.946,9.946,0.34,0.35,0.65,0.66,0.01,0.01,72811.02
1775832910.31,10.31,0.34,0.35,0.65,0.66,0.01,0.01,72811.25
1775832910.646,10.646,0.34,0.35,0.65,0.66,0.01,0.01,72811.25
1775832910.981,10.981,0.34,0.36,0.65,0.66,0.02,0.01,72811.25
1775832911.335,11.335,0.36,0.37,0.63,0.64,0.01,0.01,72811.25
1775832911.787,11.787,0.36,0.37,0.63,0.64,0.01,0.01,72811.25
1775832912.306,12.306,0.36,0.37,0.63,0.64,0.01,0.01,72812.0
1775832912.699,12.699,0.39,0.41,0.59,0.61,0.02,0.02,72811.56
1775832913.098,13.098,0.42,0.44,0.57,0.59,0.02,0.02,72811.56
1775832913.443,13.443,0.43,0.44,0.56,0.58,0.01,0.02,72811.56
1775832913.785,13.785,0.43,0.44,0.56,0.57,0.01,0.01,72813.46
1775832914.159,14.159,0.43,0.44,0.56,0.57,0.01,0.01,72825.05
1775832914.493,14.493,0.43,0.44,0.56,0.57,0.01,0.01,72825.05
1775832915.005,15.005,0.43,0.44,0.56,0.57,0.01,0.01,72825.05
1775832915.422,15.422,0.43,0.44,0.56,0.57,0.01,0.01,72825.05
1775832915.755,15.755,0.43,0.44,0.56,0.57,0.01,0.01,72836.29
1775832916.218,16.218,0.42,0.43,0.57,0.58,0.01,0.01,72837.48
1775832916.565,16.565,0.4,0.41,0.58,0.6,0.01,0.02,72837.48
1775832916.91,16.91,0.39,0.4,0.6,0.61,0.01,0.01,72837.48
1775832917.245,17.245,0.39,0.4,0.6,0.61,0.01,0.01,72837.48
1775832917.582,17.582,0.39,0.4,0.6,0.61,0.01,0.01,72836.87
1775832917.952,17.952,0.39,0.4,0.6,0.61,0.01,0.01,72836.87
1775832918.322,18.322,0.39,0.4,0.6,0.61,0.01,0.01,72834.58
1775832918.668,18.668,0.39,0.4,0.6,0.61,0.01,0.01,72834.58
1775832919.015,19.015,0.39,0.4,0.6,0.61,0.01,0.01,72834.58
1775832919.349,19.349,0.39,0.4,0.6,0.61,0.01,0.01,72834.58
1775832919.709,19.709,0.39,0.4,0.6,0.61,0.01,0.01,72824.07
1775832920.065,20.065,0.36,0.37,0.62,0.63,0.01,0.01,72824.07
1775832920.414,20.414,0.36,0.37,0.63,0.65,0.01,0.02,72825.24
1775832920.85,20.85,0.35,0.36,0.63,0.65,0.01,0.02,72825.24
1775832921.19,21.19,0.3,0.33,0.67,0.7,0.03,0.03,72825.24
1775832921.548,21.548,0.27,0.32,0.69,0.73,0.05,0.04,72824.75
1775832922.046,22.046,0.28,0.3,0.7,0.74,0.02,0.04,72824.75
1775832922.467,22.467,0.26,0.27,0.73,0.74,0.01,0.01,72818.17
1775832922.825,22.825,0.26,0.27,0.73,0.74,0.01,0.01,72818.17
1775832923.189,23.189,0.26,0.27,0.73,0.74,0.01,0.01,72818.17
1775832923.65,23.65,0.26,0.27,0.73,0.74,0.01,0.01,72788.85
1775832924.063,24.063,0.26,0.27,0.73,0.74,0.01,0.01,72788.85
1775832924.448,24.448,0.26,0.27,0.73,0.74,0.01,0.01,72788.85
1775832924.851,24.851,0.26,0.27,0.73,0.74,0.01,0.01,72782.84
1775832925.21,25.21,0.28,0.29,0.71,0.73,0.01,0.02,72782.84
1775832925.653,25.653,0.29,0.3,0.7,0.71,0.01,0.01,72782.84
1775832926.021,26.021,0.29,0.3,0.7,0.71,0.01,0.01,72782.84
1775832926.578,26.578,0.3,0.31,0.69,0.71,0.01,0.02,72783.04
1775832927.049,27.049,0.3,0.31,0.69,0.7,0.01,0.01,72783.04
1775832927.424,27.424,0.3,0.31,0.69,0.7,0.01,0.01,72783.04
1775832927.76,27.76,0.3,0.31,0.69,0.7,0.01,0.01,72783.04
1775832928.145,28.145,0.3,0.31,0.69,0.7,0.01,0.01,72797.85
1775832928.497,28.497,0.3,0.31,0.69,0.7,0.01,0.01,72797.85
1775832928.868,28.868,0.3,0.31,0.69,0.7,0.01,0.01,72802.16
1775832929.273,29.273,0.3,0.31,0.69,0.7,0.01,0.01,72802.44
1775832929.651,29.651,0.3,0.31,0.69,0.7,0.01,0.01,72802.44
1775832930.021,30.021,0.3,0.31,0.69,0.7,0.01,0.01,72802.44
1775832930.429,30.429,0.3,0.31,0.69,0.7,0.01,0.01,72801.69
1775832930.821,30.821,0.3,0.31,0.69,0.7,0.01,0.01,72801.69
1775832931.197,31.197,0.3,0.31,0.69,0.7,0.01,0.01,72802.02
1775832931.558,31.558,0.3,0.31,0.69,0.7,0.01,0.01,72802.02
1775832932.009,32.009,0.3,0.31,0.69,0.7,0.01,0.01,72802.02
1775832932.357,32.357,0.31,0.32,0.68,0.69,0.01,0.01,72802.03
1775832932.747,32.747,0.33,0.34,0.66,0.69,0.01,0.03,72802.03
1775832933.174,33.174,0.33,0.34,0.66,0.67,0.01,0.01,72802.03
1775832933.539,33.539,0.33,0.34,0.66,0.67,0.01,0.01,72802.14
1775832933.914,33.914,0.33,0.34,0.66,0.67,0.01,0.01,72802.14
1775832934.343,34.343,0.33,0.34,0.66,0.67,0.01,0.01,72806.13
1775832934.699,34.699,0.33,0.34,0.66,0.67,0.01,0.01,72806.13
1775832935.119,35.119,0.34,0.35,0.65,0.66,0.01,0.01,72808.18
1775832935.518,35.518,0.34,0.35,0.65,0.66,0.01,0.01,72808.18
1775832935.915,35.915,0.34,0.35,0.65,0.66,0.01,0.01,72808.18
1775832936.254,36.254,0.34,0.35,0.65,0.66,0.01,0.01,72810.29
1775832936.628,36.628,0.34,0.35,0.65,0.66,0.01,0.01,72810.29
1775832937.003,37.003,0.34,0.35,0.65,0.66,0.01,0.01,72810.29
1775832937.343,37.343,0.33,0.34,0.65,0.67,0.01,0.02,72811.71
1775832937.74,37.74,0.33,0.34,0.66,0.67,0.01,0.01,72811.71
1775832938.117,38.117,0.33,0.34,0.66,0.67,0.01,0.01,72811.71
1775832938.523,38.523,0.32,0.34,0.66,0.67,0.02,0.01,72811.08
1775832938.964,38.964,0.32,0.33,0.67,0.68,0.01,0.01,72811.02
1775832939.441,39.441,0.32,0.33,0.67,0.68,0.01,0.01,72811.02
1775832939.779,39.779,0.32,0.33,0.67,0.68,0.01,0.01,72811.02
1775832940.132,40.132,0.32,0.33,0.67,0.68,0.01,0.01,72807.94
1775832940.481,40.481,0.32,0.33,0.67,0.68,0.01,0.01,72807.94
1775832940.822,40.822,0.33,0.34,0.66,0.68,0.01,0.02,72807.94
1775832941.158,41.158,0.33,0.34,0.66,0.67,0.01,0.01,72807.94
1775832941.632,41.632,0.33,0.34,0.66,0.67,0.01,0.01,72807.95
1775832942.015,42.015,0.32,0.33,0.67,0.68,0.01,0.01,72807.95
1775832942.414,42.414,0.3,0.31,0.67,0.72,0.01,0.05,72807.95
1775832942.778,42.778,0.3,0.31,0.69,0.7,0.01,0.01,72808.02
1775832943.127,43.127,0.3,0.31,0.69,0.7,0.01,0.01,72808.02
1775832943.818,43.818,0.3,0.31,0.69,0.7,0.01,0.01,72808.07
1775832944.161,44.161,0.3,0.31,0.69,0.7,0.01,0.01,72808.07
1775832944.507,44.507,0.3,0.31,0.69,0.7,0.01,0.01,72806.61
1775832944.857,44.857,0.3,0.31,0.69,0.7,0.01,0.01,72806.61
1775832945.205,45.205,0.3,0.31,0.69,0.7,0.01,0.01,72803.51
1775832945.569,45.569,0.3,0.31,0.69,0.7,0.01,0.01,72803.51
1775832945.903,45.903,0.3,0.31,0.69,0.7,0.01,0.01,72803.51
1775832946.267,46.267,0.3,0.32,0.69,0.7,0.02,0.01,72803.63
1775832946.721,46.721,0.34,0.35,0.65,0.67,0.01,0.02,72803.63
1775832947.07,47.07,0.34,0.35,0.65,0.66,0.01,0.01,72803.63
1775832947.443,47.443,0.34,0.35,0.65,0.66,0.01,0.01,72803.41
1775832947.823,47.823,0.34,0.35,0.65,0.66,0.01,0.01,72803.41
1775832948.24,48.24,0.34,0.35,0.65,0.66,0.01,0.01,72803.41
1775832948.825,48.825,0.34,0.35,0.65,0.66,0.01,0.01,72809.37
1775832949.202,49.202,0.34,0.35,0.65,0.66,0.01,0.01,72810.69
1775832949.615,49.615,0.36,0.37,0.63,0.65,0.01,0.02,72810.69
1775832950.016,50.016,0.35,0.36,0.63,0.64,0.01,0.01,72810.69
1775832950.377,50.377,0.35,0.36,0.64,0.65,0.01,0.01,72810.08
1775832950.967,50.967,0.34,0.35,0.65,0.66,0.01,0.01,72810.08
1775832951.318,51.318,0.27,0.32,0.68,0.73,0.05,0.05,72814.49
1775832951.66,51.66,0.27,0.28,0.72,0.73,0.01,0.01,72814.49
1775832952.032,52.032,0.27,0.28,0.72,0.73,0.01,0.01,72814.49
1775832952.38,52.38,0.27,0.28,0.72,0.73,0.01,0.01,72813.74
1775832952.738,52.738,0.27,0.28,0.72,0.73,0.01,0.01,72813.74
1775832953.124,53.124,0.27,0.28,0.72,0.73,0.01,0.01,72813.74
1775832953.499,53.499,0.27,0.28,0.72,0.73,0.01,0.01,72805.85
1775832953.846,53.846,0.27,0.28,0.72,0.73,0.01,0.01,72805.85
1775832954.252,54.252,0.27,0.28,0.72,0.73,0.01,0.01,72805.85
1775832955.181,55.181,0.27,0.29,0.72,0.73,0.02,0.01,72800.48
1775832955.605,55.605,0.3,0.31,0.69,0.7,0.01,0.01,72800.48
1775832955.948,55.948,0.31,0.32,0.68,0.69,0.01,0.01,72800.48
1775832956.311,56.311,0.31,0.32,0.68,0.69,0.01,0.01,72800.72
1775832956.745,56.745,0.31,0.32,0.68,0.69,0.01,0.01,72800.72
1775832957.128,57.128,0.31,0.32,0.68,0.69,0.01,0.01,72800.72
1775832957.473,57.473,0.31,0.32,0.68,0.69,0.01,0.01,72805.48
1775832957.822,57.822,0.31,0.32,0.68,0.69,0.01,0.01,72805.48
1775832958.271,58.271,0.31,0.32,0.68,0.69,0.01,0.01,72807.58
1775832958.726,58.726,0.3,0.31,0.68,0.7,0.01,0.02,72807.58
1775832959.237,59.237,0.3,0.31,0.69,0.7,0.01,0.01,72808.49
1775832959.678,59.678,0.3,0.32,0.69,0.7,0.02,0.01,72808.49
1775832960.101,60.101,0.31,0.32,0.68,0.69,0.01,0.01,72808.49
1775832960.449,60.449,0.31,0.32,0.68,0.69,0.01,0.01,72808.49
1775832960.828,60.828,0.31,0.32,0.68,0.69,0.01,0.01,72808.49
1775832961.163,61.163,0.32,0.33,0.67,0.68,0.01,0.01,72809.1
1775832961.507,61.507,0.34,0.36,0.64,0.66,0.02,0.02,72809.1
1775832961.847,61.847,0.35,0.36,0.64,0.65,0.01,0.01,72809.1
1775832962.219,62.219,0.35,0.36,0.64,0.65,0.01,0.01,72809.1
1775832962.711,62.711,0.36,0.37,0.64,0.65,0.01,0.01,72809.1
1775832963.052,63.052,0.36,0.37,0.63,0.64,0.01,0.01,72809.1
1775832963.495,63.495,0.36,0.37,0.63,0.64,0.01,0.01,72820.24
1775832963.839,63.839,0.36,0.37,0.63,0.64,0.01,0.01,72820.24
1775832964.21,64.21,0.36,0.37,0.63,0.64,0.01,0.01,72820.24
1775832964.647,64.647,0.36,0.37,0.63,0.64,0.01,0.01,72820.89
1775832964.987,64.987,0.36,0.37,0.63,0.64,0.01,0.01,72820.89
1775832965.373,65.373,0.35,0.36,0.63,0.65,0.01,0.02,72821.69
1775832965.846,65.846,0.34,0.35,0.64,0.66,0.01,0.02,72821.69
1775832966.336,66.336,0.34,0.35,0.65,0.66,0.01,0.01,72821.04
1775832966.669,66.669,0.32,0.33,0.67,0.68,0.01,0.01,72821.04
1775832967.012,67.012,0.32,0.33,0.67,0.68,0.01,0.01,72821.04
1775832967.346,67.346,0.32,0.33,0.67,0.68,0.01,0.01,72823.44
1775832967.711,67.711,0.32,0.33,0.67,0.68,0.01,0.01,72823.44
1775832968.094,68.094,0.32,0.33,0.67,0.68,0.01,0.01,72820.83
1775832968.528,68.528,0.32,0.33,0.67,0.68,0.01,0.01,72820.83
1775832968.953,68.953,0.32,0.33,0.67,0.68,0.01,0.01,72820.83
1775832969.445,69.445,0.32,0.33,0.67,0.68,0.01,0.01,72819.53
1775832969.787,69.787,0.32,0.33,0.67,0.68,0.01,0.01,72819.53
1775832970.126,70.126,0.31,0.32,0.68,0.69,0.01,0.01,72819.53
1775832970.595,70.595,0.32,0.33,0.67,0.68,0.01,0.01,72819.53
1775832971.132,71.132,0.32,0.33,0.67,0.68,0.01,0.01,72819.6
1775832971.476,71.476,0.35,0.36,0.64,0.65,0.01,0.01,72819.47
1775832971.836,71.836,0.36,0.37,0.63,0.64,0.01,0.01,72819.47
1775832972.177,72.177,0.36,0.37,0.63,0.64,0.01,0.01,72819.47
1775832972.549,72.549,0.35,0.39,0.64,0.65,0.04,0.01,72819.47
1775832972.964,72.964,0.36,0.37,0.63,0.64,0.01,0.01,72818.76
1775832973.303,73.303,0.35,0.36,0.64,0.65,0.01,0.01,72818.76
1775832973.645,73.645,0.35,0.36,0.64,0.65,0.01,0.01,72818.76
1775832974.01,74.01,0.36,0.37,0.62,0.64,0.01,0.02,72818.83
1775832974.345,74.345,0.38,0.4,0.61,0.62,0.02,0.01,72818.83
1775832974.687,74.687,0.38,0.39,0.61,0.62,0.01,0.01,72819.71
1775832975.141,75.141,0.38,0.39,0.61,0.62,0.01,0.01,72819.71
1775832975.492,75.492,0.39,0.4,0.6,0.61,0.01,0.01,72819.71
1775832975.832,75.832,0.39,0.4,0.6,0.61,0.01,0.01,72818.82
1775832976.167,76.167,0.39,0.4,0.6,0.61,0.01,0.01,72818.82
1775832976.512,76.512,0.39,0.4,0.6,0.61,0.01,0.01,72818.82
1775832976.923,76.923,0.4,0.41,0.59,0.6,0.01,0.01,72818.82
1775832977.277,77.277,0.4,0.41,0.59,0.6,0.01,0.01,72818.82
1775832977.639,77.639,0.4,0.42,0.59,0.6,0.02,0.01,72818.82
1775832978.011,78.011,0.41,0.42,0.58,0.59,0.01,0.01,72818.77
1775832978.413,78.413,0.41,0.42,0.58,0.59,0.01,0.01,72818.77
1775832978.757,78.757,0.42,0.43,0.58,0.59,0.01,0.01,72820.46
1775832979.129,79.129,0.42,0.43,0.57,0.58,0.01,0.01,72820.46
1775832979.476,79.476,0.42,0.43,0.57,0.58,0.01,0.01,72820.46
1775832979.84,79.84,0.42,0.43,0.57,0.58,0.01,0.01,72824.24
1775832980.339,80.339,0.42,0.43,0.57,0.58,0.01,0.01,72824.24
1775832980.844,80.844,0.42,0.44,0.57,0.58,0.02,0.01,72825.84
1775832981.183,81.183,0.42,0.44,0.56,0.58,0.02,0.02,72827.5
1775832981.563,81.563,0.43,0.44,0.56,0.57,0.01,0.01,72827.5
1775832982.075,82.075,0.43,0.44,0.56,0.57,0.01,0.01,72827.5
1775832982.558,82.558,0.43,0.44,0.56,0.57,0.01,0.01,72827.5
1775832982.957,82.957,0.43,0.44,0.56,0.57,0.01,0.01,72830.08
1775832983.515,83.515,0.44,0.45,0.55,0.57,0.01,0.02,72834.18
1775832984.166,84.166,0.44,0.45,0.55,0.56,0.01,0.01,72833.3
1775832984.502,84.502,0.44,0.45,0.55,0.56,0.01,0.01,72833.3
1775832984.844,84.844,0.43,0.45,0.55,0.56,0.02,0.01,72833.3
1775832985.181,85.181,0.43,0.44,0.56,0.57,0.01,0.01,72833.3
1775832985.526,85.526,0.42,0.44,0.56,0.57,0.02,0.01,72833.3
1775832985.875,85.875,0.42,0.43,0.57,0.58,0.01,0.01,72833.3
1775832986.357,86.357,0.42,0.43,0.57,0.58,0.01,0.01,72833.17
1775832986.716,86.716,0.43,0.44,0.57,0.58,0.01,0.01,72833.24
1775832987.052,87.052,0.43,0.44,0.56,0.57,0.01,0.01,72833.24
1775832987.513,87.513,0.43,0.44,0.56,0.57,0.01,0.01,72832.51
1775832987.877,87.877,0.45,0.46,0.54,0.56,0.01,0.02,72832.51
1775832988.304,88.304,0.45,0.46,0.54,0.55,0.01,0.01,72832.51
1775832988.835,88.835,0.45,0.46,0.54,0.55,0.01,0.01,72831.91
1775832989.241,89.241,0.46,0.47,0.53,0.54,0.01,0.01,72831.91
1775832989.62,89.62,0.46,0.47,0.53,0.54,0.01,0.01,72831.01
1775832990.05,90.05,0.46,0.47,0.53,0.54,0.01,0.01,72831.01
1775832990.404,90.404,0.46,0.47,0.53,0.54,0.01,0.01,72831.01
1775832990.785,90.785,0.46,0.47,0.53,0.54,0.01,0.01,72834.66
1775832991.222,91.222,0.45,0.46,0.53,0.55,0.01,0.02,72834.66
1775832991.581,91.581,0.45,0.46,0.54,0.55,0.01,0.01,72834.66
1775832991.948,91.948,0.45,0.46,0.54,0.55,0.01,0.01,72834.36
1775832992.29,92.29,0.45,0.46,0.54,0.55,0.01,0.01,72834.36
1775832992.631,92.631,0.45,0.46,0.54,0.55,0.01,0.01,72834.36
1775832993.009,93.009,0.44,0.45,0.54,0.56,0.01,0.02,72833.09
1775832993.35,93.35,0.44,0.45,0.55,0.56,0.01,0.01,72833.09
1775832993.684,93.684,0.44,0.45,0.55,0.56,0.01,0.01,72832.84
1775832994.091,94.091,0.45,0.46,0.54,0.56,0.01,0.02,72832.84
1775832994.478,94.478,0.45,0.46,0.54,0.55,0.01,0.01,72832.86
1775832994.962,94.962,0.47,0.48,0.52,0.53,0.01,0.01,72832.86
1775832995.361,95.361,0.47,0.48,0.52,0.53,0.01,0.01,72832.86
1775832995.698,95.698,0.47,0.48,0.52,0.53,0.01,0.01,72833.43
1775832996.031,96.031,0.47,0.48,0.52,0.53,0.01,0.01,72833.43
1775832996.457,96.457,0.47,0.48,0.52,0.53,0.01,0.01,72833.43
1775832996.811,96.811,0.47,0.48,0.52,0.53,0.01,0.01,72833.43
1775832997.18,97.18,0.47,0.48,0.52,0.53,0.01,0.01,72833.43
1775832997.669,97.669,0.47,0.48,0.52,0.53,0.01,0.01,72834.25
1775832998.006,98.006,0.47,0.48,0.52,0.53,0.01,0.01,72834.25
1775832998.558,98.558,0.47,0.48,0.52,0.53,0.01,0.01,72834.48
1775832998.954,98.954,0.47,0.48,0.52,0.53,0.01,0.01,72834.48
1775832999.292,99.292,0.47,0.48,0.52,0.53,0.01,0.01,72834.48
1775832999.628,99.628,0.47,0.48,0.52,0.53,0.01,0.01,72835.17
1775833000.119,100.119,0.48,0.49,0.51,0.52,0.01,0.01,72835.17
1775833000.726,100.726,0.48,0.49,0.51,0.52,0.01,0.01,72835.17
1775833001.123,101.123,0.48,0.49,0.51,0.52,0.01,0.01,72835.17
1775833001.531,101.531,0.49,0.5,0.5,0.51,0.01,0.01,72835.21
1775833001.951,101.951,0.5,0.51,0.49,0.51,0.01,0.02,72835.21
1775833002.38,102.38,0.5,0.51,0.49,0.5,0.01,0.01,72835.21
1775833002.716,102.716,0.5,0.51,0.49,0.5,0.01,0.01,72835.21
1775833003.173,103.173,0.5,0.51,0.49,0.5,0.01,0.01,72835.21
1775833003.554,103.554,0.5,0.51,0.49,0.5,0.01,0.01,72835.21
1775833003.906,103.906,0.5,0.51,0.49,0.5,0.01,0.01,72835.21
1775833004.244,104.244,0.53,0.56,0.44,0.47,0.03,0.03,72835.07
1775833004.639,104.639,0.56,0.57,0.44,0.45,0.01,0.01,72835.07
1775833004.982,104.982,0.57,0.58,0.42,0.43,0.01,0.01,72835.07
1775833005.316,105.316,0.58,0.59,0.41,0.42,0.01,0.01,72835.07
1775833005.744,105.744,0.58,0.59,0.41,0.42,0.01,0.01,72836.69
1775833006.162,106.162,0.58,0.59,0.41,0.42,0.01,0.01,72847.36
1775833006.541,106.541,0.58,0.59,0.41,0.42,0.01,0.01,72847.36
1775833006.887,106.887,0.58,0.59,0.41,0.42,0.01,0.01,72847.36
1775833007.228,107.228,0.57,0.58,0.41,0.43,0.01,0.02,72847.36
1775833007.629,107.629,0.57,0.58,0.42,0.43,0.01,0.01,72854.37
1775833008.166,108.166,0.58,0.59,0.42,0.43,0.01,0.01,72854.37
1775833008.592,108.592,0.58,0.6,0.41,0.42,0.02,0.01,72854.37
1775833009.069,109.069,0.59,0.6,0.4,0.41,0.01,0.01,72855.57
1775833009.44,109.44,0.58,0.59,0.41,0.42,0.01,0.01,72855.57
1775833009.845,109.845,0.57,0.58,0.42,0.43,0.01,0.01,72856.13
1775833010.314,110.314,0.57,0.58,0.42,0.43,0.01,0.01,72856.35
1775833010.665,110.665,0.57,0.58,0.42,0.43,0.01,0.01,72856.35
1775833011.096,111.096,0.57,0.58,0.42,0.43,0.01,0.01,72856.81
1775833011.512,111.512,0.56,0.57,0.43,0.44,0.01,0.01,72856.81
1775833012.011,112.011,0.56,0.57,0.43,0.44,0.01,0.01,72856.04
1775833012.351,112.351,0.56,0.57,0.43,0.44,0.01,0.01,72856.04
1775833012.722,112.722,0.55,0.56,0.44,0.45,0.01,0.01,72856.04
1775833013.174,113.174,0.55,0.56,0.44,0.45,0.01,0.01,72855.57
1775833013.507,113.507,0.55,0.56,0.44,0.45,0.01,0.01,72855.57
1775833013.923,113.923,0.5,0.53,0.47,0.48,0.03,0.01,72855.56
1775833014.272,114.272,0.5,0.51,0.49,0.5,0.01,0.01,72855.56
1775833014.7,114.7,0.5,0.51,0.49,0.5,0.01,0.01,72855.56
1775833015.047,115.047,0.5,0.52,0.49,0.5,0.02,0.01,72855.56
1775833015.419,115.419,0.51,0.52,0.48,0.49,0.01,0.01,72854.07
1775833015.782,115.782,0.51,0.52,0.48,0.49,0.01,0.01,72854.07
1775833016.205,116.205,0.51,0.52,0.48,0.49,0.01,0.01,72854.07
1775833016.728,116.728,0.51,0.52,0.48,0.49,0.01,0.01,72847.6
1775833017.087,117.087,0.51,0.52,0.48,0.49,0.01,0.01,72847.6
1775833017.444,117.444,0.53,0.54,0.46,0.47,0.01,0.01,72847.98
1775833017.855,117.855,0.53,0.54,0.46,0.47,0.01,0.01,72847.98
1775833018.5,118.5,0.53,0.54,0.46,0.47,0.01,0.01,72848.17
1775833018.93,118.93,0.53,0.54,0.46,0.47,0.01,0.01,72848.17
1775833019.407,119.407,0.54,0.55,0.46,0.47,0.01,0.01,72848.17
1775833020.273,120.273,0.54,0.55,0.45,0.46,0.01,0.01,72852.03
1775833020.624,120.624,0.54,0.55,0.45,0.46,0.01,0.01,72852.87
1775833021.094,121.094,0.54,0.55,0.45,0.46,0.01,0.01,72852.87
1775833021.556,121.556,0.54,0.55,0.45,0.46,0.01,0.01,72852.87
1775833021.932,121.932,0.54,0.55,0.45,0.46,0.01,0.01,72854.87
1775833022.338,122.338,0.55,0.56,0.44,0.45,0.01,0.01,72854.87
1775833022.746,122.746,0.56,0.57,0.44,0.45,0.01,0.01,72854.57
1775833023.166,123.166,0.56,0.57,0.43,0.44,0.01,0.01,72854.08
1775833023.621,123.621,0.56,0.57,0.43,0.44,0.01,0.01,72854.08
1775833023.957,123.957,0.56,0.57,0.43,0.44,0.01,0.01,72854.08
1775833024.535,124.535,0.56,0.57,0.43,0.44,0.01,0.01,72855.34
1775833024.898,124.898,0.56,0.57,0.43,0.44,0.01,0.01,72855.34
1775833025.288,125.288,0.58,0.59,0.41,0.43,0.01,0.02,72855.34
1775833025.652,125.652,0.58,0.59,0.41,0.42,0.01,0.01,72856.18
1775833026.003,126.003,0.59,0.61,0.4,0.41,0.02,0.01,72857.17
1775833026.351,126.351,0.6,0.61,0.38,0.39,0.01,0.01,72857.17
1775833026.688,126.688,0.57,0.58,0.39,0.43,0.01,0.04,72857.17
1775833027.023,127.023,0.53,0.56,0.42,0.48,0.03,0.06,72857.17
1775833027.493,127.493,0.53,0.54,0.44,0.47,0.01,0.03,72857.3
1775833027.936,127.936,0.51,0.52,0.48,0.49,0.01,0.01,72857.3
1775833028.318,128.318,0.5,0.51,0.48,0.5,0.01,0.02,72861.36
1775833028.79,128.79,0.5,0.51,0.49,0.5,0.01,0.01,72861.36
1775833029.178,129.178,0.51,0.52,0.48,0.49,0.01,0.01,72861.36
1775833029.512,129.512,0.5,0.52,0.48,0.5,0.02,0.02,72855.54
1775833029.958,129.958,0.48,0.49,0.51,0.52,0.01,0.01,72855.54
1775833030.516,130.516,0.48,0.49,0.51,0.52,0.01,0.01,72850.57
1775833031.048,131.048,0.5,0.51,0.49,0.5,0.01,0.01,72850.57
1775833031.535,131.535,0.5,0.51,0.49,0.5,0.01,0.01,72850.57
1775833031.869,131.869,0.5,0.51,0.49,0.5,0.01,0.01,72850.57
1775833032.204,132.204,0.5,0.51,0.49,0.5,0.01,0.01,72850.57
1775833032.551,132.551,0.5,0.51,0.49,0.5,0.01,0.01,72845.07
1775833032.978,132.978,0.5,0.51,0.49,0.5,0.01,0.01,72845.07
1775833033.344,133.344,0.5,0.51,0.49,0.5,0.01,0.01,72844.38
1775833033.884,133.884,0.5,0.51,0.49,0.5,0.01,0.01,72844.38
1775833034.359,134.359,0.5,0.51,0.49,0.5,0.01,0.01,72844.38
1775833034.757,134.757,0.5,0.51,0.49,0.5,0.01,0.01,72841.91
1775833035.222,135.222,0.5,0.51,0.49,0.5,0.01,0.01,72840.79
1775833035.615,135.615,0.5,0.51,0.49,0.5,0.01,0.01,72840.79
1775833036.037,136.037,0.5,0.51,0.49,0.5,0.01,0.01,72840.79
1775833036.415,136.415,0.5,0.51,0.49,0.5,0.01,0.01,72840.79
1775833036.993,136.993,0.5,0.51,0.49,0.5,0.01,0.01,72840.79
1775833037.381,137.381,0.52,0.53,0.47,0.5,0.01,0.03,72840.79
1775833037.749,137.749,0.52,0.53,0.47,0.48,0.01,0.01,72840.79
1775833038.101,138.101,0.53,0.54,0.46,0.47,0.01,0.01,72840.79
1775833038.629,138.629,0.53,0.54,0.46,0.47,0.01,0.01,72841.02
1775833038.983,138.983,0.54,0.55,0.45,0.46,0.01,0.01,72841.02
1775833039.399,139.399,0.54,0.55,0.45,0.46,0.01,0.01,72840.25
1775833039.741,139.741,0.54,0.55,0.45,0.46,0.01,0.01,72840.25
1775833040.1,140.1,0.54,0.55,0.45,0.46,0.01,0.01,72840.26
1775833040.661,140.661,0.54,0.56,0.44,0.46,0.02,0.02,72840.26
1775833041.155,141.155,0.55,0.56,0.44,0.45,0.01,0.01,72840.26
1775833041.526,141.526,0.53,0.54,0.45,0.47,0.01,0.02,72840.34
1775833041.882,141.882,0.53,0.54,0.46,0.47,0.01,0.01,72840.34
1775833042.285,142.285,0.54,0.55,0.45,0.47,0.01,0.02,72840.34
1775833042.741,142.741,0.54,0.55,0.45,0.46,0.01,0.01,72840.57
1775833043.182,143.182,0.55,0.56,0.44,0.46,0.01,0.02,72840.6
1775833043.659,143.659,0.55,0.56,0.44,0.45,0.01,0.01,72840.6
1775833044.129,144.129,0.56,0.57,0.43,0.44,0.01,0.01,72840.6
1775833044.514,144.514,0.55,0.57,0.44,0.45,0.02,0.01,72840.6
1775833044.932,144.932,0.56,0.57,0.43,0.44,0.01,0.01,72840.6
1775833045.265,145.265,0.56,0.57,0.43,0.44,0.01,0.01,72840.6
1775833045.652,145.652,0.56,0.57,0.43,0.44,0.01,0.01,72840.58
1775833045.986,145.986,0.56,0.57,0.43,0.44,0.01,0.01,72840.58
1775833046.381,146.381,0.56,0.57,0.43,0.44,0.01,0.01,72841.51
1775833046.715,146.715,0.56,0.58,0.43,0.44,0.02,0.01,72841.51
1775833047.06,147.06,0.57,0.58,0.42,0.43,0.01,0.01,72841.51
1775833047.396,147.396,0.58,0.61,0.4,0.42,0.03,0.02,72841.05
1775833047.744,147.744,0.6,0.61,0.39,0.4,0.01,0.01,72841.05
1775833048.125,148.125,0.6,0.61,0.39,0.4,0.01,0.01,72841.05
1775833048.668,148.668,0.6,0.61,0.39,0.4,0.01,0.01,72841.04
1775833049.084,149.084,0.61,0.62,0.38,0.4,0.01,0.02,72841.04
1775833049.428,149.428,0.62,0.64,0.38,0.39,0.02,0.01,72847.43
1775833049.855,149.855,0.63,0.64,0.36,0.37,0.01,0.01,72847.43
1775833050.271,150.271,0.63,0.64,0.36,0.37,0.01,0.01,72847.44
1775833050.643,150.643,0.63,0.64,0.36,0.37,0.01,0.01,72847.44
1775833051.003,151.003,0.63,0.64,0.36,0.37,0.01,0.01,72847.44
1775833051.34,151.34,0.63,0.64,0.36,0.37,0.01,0.01,72851.77
1775833051.887,151.887,0.63,0.64,0.36,0.37,0.01,0.01,72851.77
1775833052.237,152.237,0.63,0.64,0.36,0.37,0.01,0.01,72851.77
1775833052.598,152.598,0.65,0.66,0.34,0.35,0.01,0.01,72854.51
1775833052.953,152.953,0.66,0.68,0.33,0.34,0.02,0.01,72854.51
1775833053.334,153.334,0.67,0.68,0.32,0.33,0.01,0.01,72860.14
1775833053.771,153.771,0.7,0.71,0.29,0.32,0.01,0.03,72860.14
1775833054.19,154.19,0.71,0.72,0.28,0.29,0.01,0.01,72860.14
1775833054.536,154.536,0.71,0.72,0.28,0.29,0.01,0.01,72863.56
1775833054.889,154.889,0.71,0.72,0.28,0.29,0.01,0.01,72863.56
1775833055.277,155.277,0.71,0.72,0.28,0.29,0.01,0.01,72865.82
1775833055.631,155.631,0.71,0.72,0.28,0.29,0.01,0.01,72865.82
1775833056.037,156.037,0.7,0.72,0.28,0.29,0.02,0.01,72865.82
1775833056.387,156.387,0.7,0.71,0.29,0.3,0.01,0.01,72869.58
1775833056.73,156.73,0.7,0.71,0.29,0.3,0.01,0.01,72869.58
1775833057.141,157.141,0.7,0.71,0.29,0.3,0.01,0.01,72871.7
1775833057.553,157.553,0.72,0.73,0.27,0.28,0.01,0.01,72871.7
1775833058.347,158.347,0.72,0.73,0.27,0.28,0.01,0.01,72871.65
1775833059.357,159.357,0.72,0.73,0.27,0.28,0.01,0.01,72871.33
1775833059.725,159.725,0.72,0.73,0.27,0.28,0.01,0.01,72871.33
1775833060.063,160.063,0.72,0.73,0.27,0.28,0.01,0.01,72871.33
1775833060.477,160.477,0.73,0.74,0.26,0.27,0.01,0.01,72871.79
1775833060.873,160.873,0.73,0.74,0.26,0.27,0.01,0.01,72871.79
1775833061.436,161.436,0.73,0.74,0.26,0.27,0.01,0.01,72871.83
1775833062.143,162.143,0.73,0.74,0.26,0.27,0.01,0.01,72875.56
1775833062.745,162.745,0.73,0.74,0.26,0.27,0.01,0.01,72875.56
1775833063.398,163.398,0.73,0.74,0.26,0.27,0.01,0.01,72878.78
1775833063.779,163.779,0.73,0.74,0.26,0.27,0.01,0.01,72878.78
1775833064.216,164.216,0.73,0.74,0.26,0.27,0.01,0.01,72878.41
1775833064.554,164.554,0.73,0.74,0.26,0.27,0.01,0.01,72878.41
1775833064.932,164.932,0.73,0.74,0.26,0.27,0.01,0.01,72878.41
1775833065.421,165.421,0.72,0.74,0.26,0.27,0.02,0.01,72878.41
1775833065.775,165.775,0.73,0.74,0.26,0.28,0.01,0.02,72878.41
1775833066.145,166.145,0.73,0.74,0.26,0.27,0.01,0.01,72878.41
1775833066.49,166.49,0.72,0.73,0.27,0.28,0.01,0.01,72878.44
1775833066.823,166.823,0.72,0.73,0.27,0.28,0.01,0.01,72878.44
1775833067.259,167.259,0.73,0.74,0.26,0.27,0.01,0.01,72878.44
1775833068.088,168.088,0.73,0.74,0.26,0.27,0.01,0.01,72877.69
1775833068.433,168.433,0.82,0.83,0.17,0.21,0.01,0.04,72877.64
1775833068.78,168.78,0.82,0.85,0.14,0.18,0.03,0.04,72877.64
1775833069.123,169.123,0.84,0.85,0.15,0.16,0.01,0.01,72877.64
1775833069.46,169.46,0.84,0.88,0.12,0.15,0.04,0.03,72877.64
1775833069.829,169.829,0.85,0.86,0.14,0.15,0.01,0.01,72887.36
1775833070.182,170.182,0.85,0.86,0.14,0.15,0.01,0.01,72887.36
1775833070.517,170.517,0.85,0.86,0.14,0.15,0.01,0.01,72897.33
1775833070.87,170.87,0.85,0.86,0.14,0.16,0.01,0.02,72897.33
1775833071.226,171.226,0.85,0.86,0.14,0.15,0.01,0.01,72904.58
1775833071.584,171.584,0.86,0.87,0.13,0.15,0.01,0.02,72904.58
1775833071.935,171.935,0.85,0.86,0.13,0.16,0.01,0.03,72904.58
1775833072.308,172.308,0.85,0.86,0.14,0.15,0.01,0.01,72904.58
1775833073.088,173.088,0.85,0.86,0.14,0.15,0.01,0.01,72906.36
1775833073.832,173.832,0.85,0.86,0.14,0.15,0.01,0.01,72906.36
1775833074.238,174.238,0.85,0.86,0.14,0.15,0.01,0.01,72906.36
1775833074.587,174.587,0.83,0.84,0.15,0.17,0.01,0.02,72904.97
1775833074.963,174.963,0.81,0.82,0.18,0.19,0.01,0.01,72904.97
1775833075.307,175.307,0.81,0.82,0.18,0.19,0.01,0.01,72904.97
1775833075.665,175.665,0.81,0.82,0.18,0.19,0.01,0.01,72904.98
1775833076.129,176.129,0.81,0.82,0.18,0.19,0.01,0.01,72904.98
1775833076.512,176.512,0.81,0.82,0.18,0.19,0.01,0.01,72896.15
1775833076.865,176.865,0.81,0.82,0.18,0.19,0.01,0.01,72896.15
1775833077.358,177.358,0.83,0.84,0.16,0.19,0.01,0.03,72890.4
1775833077.723,177.723,0.84,0.85,0.15,0.17,0.01,0.02,72890.4
1775833078.144,178.144,0.84,0.85,0.15,0.16,0.01,0.01,72890.4
1775833078.55,178.55,0.84,0.85,0.15,0.16,0.01,0.01,72888.99
1775833078.971,178.971,0.83,0.84,0.16,0.17,0.01,0.01,72888.99
1775833079.34,179.34,0.83,0.84,0.16,0.17,0.01,0.01,72889.07
1775833079.79,179.79,0.83,0.84,0.16,0.17,0.01,0.01,72889.07
1775833080.166,180.166,0.83,0.84,0.16,0.17,0.01,0.01,72889.07
1775833080.501,180.501,0.83,0.84,0.16,0.17,0.01,0.01,72890.87
1775833080.846,180.846,0.82,0.83,0.17,0.18,0.01,0.01,72890.87
1775833081.196,181.196,0.81,0.82,0.17,0.19,0.01,0.02,72890.74
1775833081.546,181.546,0.81,0.82,0.18,0.19,0.01,0.01,72890.74
1775833081.945,181.945,0.81,0.83,0.18,0.19,0.02,0.01,72890.74
1775833082.424,182.424,0.84,0.85,0.16,0.17,0.01,0.01,72890.74
1775833082.761,182.761,0.84,0.85,0.15,0.16,0.01,0.01,72890.74
1775833083.11,183.11,0.85,0.86,0.14,0.15,0.01,0.01,72891.13
1775833083.461,183.461,0.86,0.87,0.13,0.14,0.01,0.01,72891.33
1775833083.946,183.946,0.86,0.87,0.13,0.14,0.01,0.01,72891.33
1775833084.316,184.316,0.86,0.87,0.13,0.14,0.01,0.01,72891.46
1775833084.716,184.716,0.86,0.87,0.13,0.14,0.01,0.01,72891.46
1775833085.083,185.083,0.87,0.88,0.12,0.13,0.01,0.01,72891.46
1775833085.432,185.432,0.88,0.89,0.11,0.12,0.01,0.01,72894.5
1775833086.056,186.056,0.88,0.89,0.11,0.12,0.01,0.01,72894.5
1775833086.451,186.451,0.88,0.89,0.11,0.12,0.01,0.01,72895.11
1775833086.818,186.818,0.88,0.89,0.11,0.12,0.01,0.01,72895.11
1775833087.537,187.537,0.86,0.87,0.13,0.14,0.01,0.01,72898.12
1775833087.909,187.909,0.86,0.87,0.13,0.14,0.01,0.01,72898.12
1775833088.356,188.356,0.86,0.87,0.13,0.14,0.01,0.01,72898.12
1775833088.794,188.794,0.86,0.87,0.13,0.14,0.01,0.01,72897.92
1775833089.196,189.196,0.85,0.87,0.13,0.14,0.02,0.01,72897.32
1775833089.753,189.753,0.83,0.85,0.14,0.16,0.02,0.02,72897.32
1775833090.11,190.11,0.83,0.84,0.16,0.17,0.01,0.01,72897.46
1775833090.611,190.611,0.8,0.81,0.19,0.2,0.01,0.01,72897.46
1775833091.114,191.114,0.8,0.81,0.19,0.2,0.01,0.01,72895.09
1775833091.583,191.583,0.8,0.81,0.19,0.2,0.01,0.01,72895.09
1775833092.133,192.133,0.8,0.81,0.19,0.2,0.01,0.01,72895.09
1775833092.532,192.532,0.8,0.81,0.19,0.2,0.01,0.01,72890.24
1775833093.012,193.012,0.8,0.81,0.19,0.2,0.01,0.01,72890.24
1775833093.354,193.354,0.79,0.81,0.19,0.2,0.02,0.01,72890.24
1775833093.94,193.94,0.79,0.8,0.2,0.21,0.01,0.01,72888.37
1775833094.364,194.364,0.81,0.82,0.15,0.2,0.01,0.05,72888.37
1775833094.722,194.722,0.81,0.82,0.18,0.19,0.01,0.01,72888.37
1775833095.21,195.21,0.81,0.82,0.18,0.19,0.01,0.01,72888.37
1775833095.679,195.679,0.81,0.82,0.18,0.19,0.01,0.01,72888.37
1775833096.091,196.091,0.79,0.8,0.19,0.21,0.01,0.02,72888.37
1775833096.557,196.557,0.79,0.8,0.2,0.21,0.01,0.01,72888.53
1775833096.997,196.997,0.76,0.77,0.22,0.23,0.01,0.01,72888.53
1775833097.499,197.499,0.75,0.77,0.23,0.24,0.02,0.01,72888.16
1775833097.934,197.934,0.74,0.76,0.24,0.25,0.02,0.01,72888.16
1775833098.326,198.326,0.74,0.75,0.25,0.26,0.01,0.01,72888.16
1775833098.776,198.776,0.74,0.75,0.25,0.26,0.01,0.01,72887.71
1775833099.269,199.269,0.75,0.76,0.24,0.26,0.01,0.02,72887.71
1775833099.665,199.665,0.75,0.76,0.24,0.26,0.01,0.02,72882.61
1775833100.157,200.157,0.75,0.76,0.24,0.25,0.01,0.01,72880.51
1775833100.521,200.521,0.75,0.76,0.24,0.25,0.01,0.01,72880.51
1775833101.037,201.037,0.75,0.76,0.24,0.25,0.01,0.01,72880.51
1775833101.628,201.628,0.75,0.76,0.24,0.25,0.01,0.01,72880.51
1775833102.102,202.102,0.72,0.73,0.27,0.28,0.01,0.01,72880.13
1775833102.55,202.55,0.72,0.73,0.27,0.28,0.01,0.01,72880.13
1775833103.084,203.084,0.72,0.73,0.27,0.28,0.01,0.01,72879.03
1775833103.431,203.431,0.73,0.74,0.26,0.27,0.01,0.01,72879.03
1775833103.774,203.774,0.75,0.76,0.24,0.25,0.01,0.01,72879.03
1775833104.292,204.292,0.75,0.76,0.24,0.25,0.01,0.01,72874.52
1775833104.673,204.673,0.75,0.77,0.24,0.25,0.02,0.01,72874.52
1775833105.006,205.006,0.77,0.78,0.22,0.23,0.01,0.01,72874.52
1775833105.361,205.361,0.77,0.78,0.22,0.23,0.01,0.01,72874.8
1775833105.703,205.703,0.77,0.78,0.22,0.23,0.01,0.01,72874.8
1775833106.065,206.065,0.77,0.78,0.22,0.23,0.01,0.01,72874.8
1775833106.468,206.468,0.78,0.79,0.21,0.22,0.01,0.01,72875.06
1775833107.087,207.087,0.78,0.79,0.21,0.22,0.01,0.01,72876.84
1775833107.433,207.433,0.78,0.79,0.21,0.22,0.01,0.01,72876.84
1775833107.855,207.855,0.79,0.8,0.2,0.22,0.01,0.02,72876.84
1775833108.192,208.192,0.79,0.8,0.2,0.21,0.01,0.01,72876.99
1775833108.528,208.528,0.79,0.81,0.19,0.21,0.02,0.02,72876.99
1775833108.887,208.887,0.84,0.85,0.15,0.16,0.01,0.01,72876.99
1775833109.26,209.26,0.84,0.85,0.15,0.16,0.01,0.01,72877.16
1775833109.691,209.691,0.84,0.85,0.15,0.16,0.01,0.01,72877.16
1775833110.036,210.036,0.84,0.85,0.15,0.16,0.01,0.01,72877.16
1775833110.396,210.396,0.84,0.85,0.15,0.16,0.01,0.01,72879.04
1775833110.737,210.737,0.84,0.85,0.15,0.16,0.01,0.01,72879.04
1775833111.095,211.095,0.83,0.84,0.16,0.17,0.01,0.01,72883.16
1775833111.473,211.473,0.85,0.86,0.14,0.15,0.01,0.01,72883.16
1775833111.81,211.81,0.85,0.86,0.14,0.15,0.01,0.01,72883.16
1775833112.163,212.163,0.85,0.86,0.14,0.15,0.01,0.01,72884.21
1775833112.526,212.526,0.86,0.87,0.13,0.14,0.01,0.01,72884.21
1775833112.975,212.975,0.86,0.87,0.13,0.14,0.01,0.01,72884.21
1775833113.333,213.333,0.86,0.87,0.13,0.14,0.01,0.01,72884.42
1775833113.694,213.694,0.86,0.87,0.13,0.14,0.01,0.01,72884.42
1775833114.162,214.162,0.86,0.87,0.13,0.14,0.01,0.01,72885.25
1775833114.761,214.761,0.83,0.84,0.16,0.17,0.01,0.01,72885.25
1775833115.217,215.217,0.83,0.84,0.16,0.17,0.01,0.01,72885.31
1775833115.717,215.717,0.83,0.84,0.16,0.17,0.01,0.01,72885.31
1775833116.195,216.195,0.83,0.85,0.16,0.17,0.02,0.01,72885.29
1775833116.589,216.589,0.85,0.86,0.14,0.15,0.01,0.01,72885.29
1775833117.051,217.051,0.86,0.87,0.13,0.14,0.01,0.01,72885.29
1775833118.242,218.242,0.86,0.87,0.13,0.14,0.01,0.01,72885.8
1775833118.579,218.579,0.86,0.87,0.13,0.14,0.01,0.01,72885.8
1775833119.118,219.118,0.85,0.86,0.13,0.15,0.01,0.02,72887.12
1775833119.47,219.47,0.86,0.89,0.13,0.14,0.03,0.01,72887.12
1775833119.872,219.872,0.88,0.89,0.11,0.12,0.01,0.01,72887.12
1775833120.297,220.297,0.88,0.89,0.11,0.12,0.01,0.01,72887.7
1775833120.722,220.722,0.88,0.89,0.11,0.12,0.01,0.01,72887.7
1775833121.142,221.142,0.88,0.89,0.11,0.12,0.01,0.01,72888.17
1775833121.509,221.509,0.89,0.9,0.1,0.11,0.01,0.01,72888.17
1775833121.881,221.881,0.88,0.9,0.1,0.11,0.02,0.01,72888.17
1775833122.333,222.333,0.9,0.91,0.11,0.12,0.01,0.01,72891.3
1775833122.689,222.689,0.88,0.9,0.11,0.12,0.02,0.01,72891.3
1775833123.149,223.149,0.85,0.86,0.11,0.17,0.01,0.06,72892.45
1775833123.488,223.488,0.85,0.86,0.14,0.15,0.01,0.01,72892.45
1775833123.822,223.822,0.87,0.88,0.12,0.13,0.01,0.01,72892.45
1775833124.239,224.239,0.88,0.9,0.11,0.12,0.02,0.01,72892.45
1775833124.716,224.716,0.9,0.91,0.09,0.1,0.01,0.01,72896.06
1775833125.147,225.147,0.9,0.91,0.09,0.1,0.01,0.01,72897.31
1775833125.636,225.636,0.9,0.91,0.09,0.1,0.01,0.01,72897.31
1775833126.252,226.252,0.9,0.91,0.09,0.1,0.01,0.01,72899.97
1775833126.619,226.619,0.9,0.91,0.09,0.1,0.01,0.01,72899.97
1775833127.139,227.139,0.9,0.91,0.09,0.1,0.01,0.01,72901.36
1775833127.512,227.512,0.9,0.91,0.09,0.1,0.01,0.01,72901.36
1775833127.864,227.864,0.9,0.91,0.09,0.1,0.01,0.01,72901.36
1775833128.978,228.978,0.9,0.92,0.09,0.1,0.02,0.01,72901.71
1775833129.338,229.338,0.91,0.92,0.08,0.09,0.01,0.01,72901.71
1775833129.683,229.683,0.91,0.92,0.08,0.09,0.01,0.01,72901.71
1775833130.302,230.302,0.91,0.92,0.08,0.09,0.01,0.01,72901.71
1775833130.729,230.729,0.92,0.93,0.07,0.08,0.01,0.01,72901.86
1775833131.11,231.11,0.92,0.93,0.07,0.08,0.01,0.01,72902.45
1775833131.452,231.452,0.93,0.94,0.06,0.08,0.01,0.02,72902.45
1775833131.84,231.84,0.93,0.94,0.06,0.07,0.01,0.01,72902.45
1775833132.304,232.304,0.93,0.94,0.06,0.07,0.01,0.01,72906.54
1775833132.641,232.641,0.93,0.94,0.06,0.07,0.01,0.01,72906.54
1775833133.108,233.108,0.93,0.94,0.06,0.07,0.01,0.01,72909.92
1775833133.468,233.468,0.94,0.95,0.05,0.07,0.01,0.02,72909.92
1775833133.855,233.855,0.94,0.95,0.05,0.06,0.01,0.01,72909.92
1775833134.216,234.216,0.94,0.95,0.05,0.06,0.01,0.01,72913.19
1775833134.639,234.639,0.94,0.95,0.05,0.06,0.01,0.01,72913.19
1775833135.002,235.002,0.94,0.95,0.05,0.06,0.01,0.01,72913.19
1775833135.427,235.427,0.95,0.96,0.04,0.05,0.01,0.01,72916.07
1775833135.78,235.78,0.95,0.96,0.04,0.05,0.01,0.01,72916.07
1775833136.147,236.147,0.95,0.96,0.04,0.05,0.01,0.01,72923.6
1775833136.563,236.563,0.96,0.97,0.03,0.04,0.01,0.01,72923.6
1775833136.924,236.924,0.96,0.97,0.03,0.04,0.01,0.01,72923.6
1775833137.264,237.264,0.96,0.97,0.03,0.04,0.01,0.01,72923.6
1775833137.688,237.688,0.96,0.97,0.03,0.04,0.01,0.01,72923.6
1775833138.089,238.089,0.96,0.97,0.03,0.04,0.01,0.01,72927.1
1775833138.441,238.441,0.96,0.97,0.03,0.04,0.01,0.01,72934.22
1775833138.777,238.777,0.96,0.97,0.03,0.04,0.01,0.01,72934.22
1775833139.132,239.132,0.96,0.97,0.03,0.04,0.01,0.01,72934.22
1775833139.534,239.534,0.96,0.97,0.03,0.04,0.01,0.01,72938.28
1775833139.88,239.88,0.96,0.97,0.03,0.04,0.01,0.01,72938.28
1775833140.29,240.29,0.96,0.97,0.03,0.04,0.01,0.01,72938.28
1775833140.642,240.642,0.96,0.97,0.03,0.04,0.01,0.01,72938.96
1775833140.977,240.977,0.95,0.97,0.03,0.05,0.02,0.02,72938.96
1775833141.342,241.342,0.96,0.97,0.03,0.04,0.01,0.01,72938.96
1775833141.683,241.683,0.95,0.96,0.04,0.05,0.01,0.01,72939.24
1775833142.085,242.085,0.95,0.96,0.04,0.05,0.01,0.01,72937.54
1775833142.475,242.475,0.96,0.97,0.03,0.05,0.01,0.02,72937.54
1775833142.832,242.832,0.97,0.98,0.02,0.03,0.01,0.01,72937.54
1775833143.194,243.194,0.97,0.98,0.02,0.03,0.01,0.01,72934.25
1775833143.614,243.614,0.96,0.97,0.03,0.04,0.01,0.01,72934.25
1775833144.059,244.059,0.96,0.97,0.03,0.04,0.01,0.01,72934.25
1775833144.394,244.394,0.96,0.97,0.03,0.04,0.01,0.01,72933.1
1775833144.774,244.774,0.96,0.98,0.03,0.05,0.02,0.02,72933.1
1775833145.12,245.12,0.96,0.97,0.03,0.04,0.01,0.01,72933.1
1775833145.46,245.46,0.96,0.97,0.03,0.04,0.01,0.01,72932.17
1775833145.955,245.955,0.97,0.98,0.02,0.03,0.01,0.01,72932.17
1775833146.35,246.35,0.97,0.98,0.02,0.03,0.01,0.01,72932.17
1775833146.685,246.685,0.97,0.98,0.02,0.03,0.01,0.01,72932.16
1775833147.031,247.031,0.97,0.98,0.02,0.03,0.01,0.01,72932.13
1775833147.514,247.514,0.97,0.98,0.02,0.03,0.01,0.01,72932.13
1775833147.986,247.986,0.96,0.97,0.03,0.04,0.01,0.01,72932.13
1775833148.327,248.327,0.96,0.97,0.03,0.04,0.01,0.01,72932.13
1775833148.726,248.726,0.96,0.97,0.03,0.04,0.01,0.01,72936.36
1775833149.229,249.229,0.96,0.97,0.03,0.04,0.01,0.01,72936.36
1775833149.678,249.678,0.96,0.97,0.03,0.04,0.01,0.01,72937.25
1775833150.138,250.138,0.96,0.97,0.03,0.04,0.01,0.01,72937.25
1775833150.474,250.474,0.96,0.97,0.03,0.04,0.01,0.01,72937.3
1775833150.861,250.861,0.96,0.97,0.03,0.04,0.01,0.01,72937.3
1775833151.217,251.217,0.97,0.98,0.02,0.03,0.01,0.01,72937.3
1775833151.577,251.577,0.97,0.98,0.02,0.03,0.01,0.01,72936.98
1775833151.931,251.931,0.97,0.98,0.02,0.03,0.01,0.01,72936.98
1775833152.314,252.314,0.97,0.98,0.02,0.03,0.01,0.01,72936.86
1775833152.675,252.675,0.97,0.98,0.02,0.03,0.01,0.01,72936.86
1775833153.138,253.138,0.97,0.98,0.02,0.03,0.01,0.01,72936.86
1775833153.476,253.476,0.97,0.98,0.02,0.03,0.01,0.01,72936.86
1775833153.826,253.826,0.96,0.97,0.03,0.04,0.01,0.01,72936.86
1775833154.165,254.165,0.96,0.97,0.03,0.04,0.01,0.01,72937.52
1775833154.553,254.553,0.96,0.97,0.03,0.04,0.01,0.01,72937.52
1775833154.892,254.892,0.94,0.95,0.05,0.06,0.01,0.01,72937.52
1775833155.289,255.289,0.94,0.95,0.05,0.06,0.01,0.01,72937.49
1775833155.623,255.623,0.95,0.96,0.04,0.05,0.01,0.01,72937.49
1775833155.965,255.965,0.95,0.96,0.04,0.05,0.01,0.01,72937.49
1775833156.3,256.3,0.94,0.95,0.05,0.06,0.01,0.01,72933.99
1775833156.651,256.651,0.95,0.96,0.02,0.05,0.01,0.03,72933.99
1775833157.193,257.193,0.95,0.96,0.04,0.05,0.01,0.01,72924.43
1775833157.613,257.613,0.96,0.97,0.03,0.04,0.01,0.01,72924.43
1775833158.176,258.176,0.96,0.97,0.03,0.04,0.01,0.01,72920.38
1775833158.554,258.554,0.96,0.97,0.03,0.04,0.01,0.01,72920.38
1775833159.075,259.075,0.96,0.97,0.03,0.04,0.01,0.01,72920.38
1775833159.429,259.429,0.96,0.97,0.03,0.04,0.01,0.01,72919.67
1775833159.99,259.99,0.94,0.95,0.05,0.06,0.01,0.01,72919.65
1775833160.329,260.329,0.93,0.94,0.05,0.07,0.01,0.02,72919.65
1775833160.696,260.696,0.95,0.96,0.04,0.05,0.01,0.01,72919.65
1775833161.122,261.122,0.95,0.96,0.04,0.05,0.01,0.01,72919.24
1775833161.496,261.496,0.95,0.96,0.04,0.05,0.01,0.01,72919.24
1775833161.837,261.837,0.95,0.96,0.04,0.05,0.01,0.01,72919.24
1775833162.187,262.187,0.96,0.97,0.03,0.04,0.01,0.01,72919.24
1775833162.534,262.534,0.96,0.97,0.03,0.04,0.01,0.01,72915.45
1775833162.917,262.917,0.95,0.96,0.04,0.05,0.01,0.01,72915.45
1775833163.372,263.372,0.95,0.96,0.04,0.05,0.01,0.01,72916.52
1775833163.709,263.709,0.95,0.96,0.04,0.05,0.01,0.01,72916.52
1775833164.123,264.123,0.95,0.96,0.04,0.05,0.01,0.01,72916.52
1775833164.51,264.51,0.96,0.97,0.03,0.05,0.01,0.02,72916.52
1775833164.901,264.901,0.96,0.97,0.03,0.04,0.01,0.01,72920.36
1775833165.424,265.424,0.96,0.97,0.03,0.04,0.01,0.01,72921.23
1775833165.873,265.873,0.96,0.97,0.03,0.04,0.01,0.01,72921.23
1775833166.255,266.255,0.95,0.96,0.03,0.05,0.01,0.02,72921.23
1775833166.69,266.69,0.95,0.96,0.04,0.05,0.01,0.01,72922.32
1775833167.251,267.251,0.95,0.96,0.03,0.05,0.01,0.02,72921.66
1775833167.623,267.623,0.96,0.97,0.04,0.05,0.01,0.01,72921.66
1775833168.014,268.014,0.96,0.97,0.03,0.04,0.01,0.01,72921.66
1775833168.474,268.474,0.96,0.97,0.03,0.04,0.01,0.01,72920.79
1775833168.843,268.843,0.96,0.97,0.03,0.04,0.01,0.01,72920.79
1775833169.306,269.306,0.96,0.97,0.03,0.04,0.01,0.01,72920.48
1775833169.893,269.893,0.96,0.97,0.03,0.04,0.01,0.01,72920.48
1775833170.269,270.269,0.96,0.97,0.03,0.04,0.01,0.01,72920.48
1775833170.627,270.627,0.96,0.97,0.03,0.04,0.01,0.01,72920.48
1775833170.977,270.977,0.97,0.98,0.02,0.03,0.01,0.01,72920.48
1775833171.33,271.33,0.97,0.98,0.02,0.03,0.01,0.01,72921.13
1775833171.702,271.702,0.98,0.99,0.01,0.02,0.01,0.01,72921.13
1775833172.045,272.045,0.98,0.99,0.01,0.02,0.01,0.01,72921.13
1775833172.398,272.398,0.98,0.99,0.01,0.02,0.01,0.01,72921.12
1775833172.745,272.745,0.98,0.99,0.01,0.02,0.01,0.01,72921.12
1775833173.235,273.235,0.98,0.99,0.01,0.02,0.01,0.01,72931.8
1775833173.869,273.869,0.98,0.99,0.01,0.02,0.01,0.01,72931.8
1775833174.394,274.394,0.98,0.99,0.01,0.02,0.01,0.01,72935.49
1775833174.736,274.736,0.98,0.99,0.01,0.02,0.01,0.01,72935.49
1775833175.323,275.323,0.98,0.99,0.01,0.02,0.01,0.01,72937.54
1775833175.681,275.681,0.99,0.99,0.01,0.01,0.0,0.0,72937.54
1775833176.145,276.145,0.99,0.99,0.01,0.01,0.0,0.0,72937.65
1775833176.509,276.509,0.99,0.99,0.01,0.01,0.0,0.0,72937.65
1775833176.898,276.898,0.99,0.99,0.01,0.01,0.0,0.0,72937.65
1775833177.299,277.299,0.99,0.99,0.01,0.01,0.0,0.0,72937.65
1775833177.778,277.778,0.99,0.99,0.01,0.01,0.0,0.0,72937.68
1775833178.254,278.254,0.99,0.99,0.01,0.01,0.0,0.0,72937.68
1775833178.66,278.66,0.99,0.99,0.01,0.01,0.0,0.0,72937.79
1775833179.217,279.217,0.99,0.99,0.01,0.01,0.0,0.0,72937.79
1775833179.663,279.663,0.99,0.99,0.01,0.01,0.0,0.0,72937.62
1775833180.111,280.111,0.99,0.99,0.01,0.01,0.0,0.0,72937.61
1775833180.484,280.484,0.99,0.99,0.01,0.01,0.0,0.0,72937.61
1775833181.015,281.015,0.99,0.99,0.01,0.01,0.0,0.0,72937.61
1775833182.445,282.445,0.99,0.99,0.01,0.01,0.0,0.0,72937.45
1775833183.065,283.065,0.99,0.99,0.01,0.01,0.0,0.0,72937.45
1775833183.51,283.51,0.99,0.99,0.01,0.01,0.0,0.0,72937.77
1775833184.148,284.148,0.99,0.99,0.01,0.01,0.0,0.0,72937.9
1775833184.556,284.556,0.99,0.99,0.01,0.01,0.0,0.0,72937.9
1775833185.293,285.293,0.99,0.99,0.01,0.01,0.0,0.0,72937.0
1775833185.862,285.862,0.99,0.99,0.01,0.01,0.0,0.0,72937.0
1775833186.347,286.347,0.99,0.99,0.01,0.01,0.0,0.0,72933.55
1775833186.757,286.757,0.99,0.99,0.01,0.01,0.0,0.0,72933.55
1775833187.34,287.34,0.99,0.99,0.01,0.01,0.0,0.0,72937.82
1775833189.844,289.844,0.99,0.99,0.01,0.01,0.0,0.0,72950.27
1775833190.898,290.898,0.99,0.99,0.01,0.01,0.0,0.0,72951.23
1775833191.644,291.644,0.99,0.99,0.01,0.01,0.0,0.0,72946.85
1775833192.499,292.499,0.99,0.99,0.01,0.01,0.0,0.0,72946.85
1775833193.723,293.723,0.99,0.99,0.01,0.01,0.0,0.0,72937.52
1775833194.272,294.272,0.99,0.99,0.01,0.01,0.0,0.0,72937.53
1775833194.849,294.849,0.99,0.99,0.01,0.01,0.0,0.0,72937.53
1775833195.435,295.435,0.99,0.99,0.01,0.01,0.0,0.0,72937.53
1775833196.027,296.027,0.99,0.99,0.01,0.01,0.0,0.0,72937.69
1775833198.397,298.397,0.99,0.99,0.01,0.01,0.0,0.0,72937.49
1775833198.763,298.763,0.99,0.99,0.01,0.01,0.0,0.0,72937.3
1775833200.607,300.607,0.99,0.99,0.01,0.01,0.0,0.0,72937.43

# RESULT,winner=Up,slug=btc-updown-5m-1775832900,ticks=708
