timestamp,elapsed_sec,up_bid,up_ask,down_bid,down_ask,up_spread,down_spread,btc_price,btc_oracle_ts
1776512400.603,0.603,0.49,0.5,0.5,0.51,0.01,0.01,75864.73,1776512398000
1776512400.948,0.948,0.48,0.5,0.5,0.51,0.02,0.01,75863.76,1776512399000
1776512401.342,1.342,0.4,0.41,0.59,0.6,0.01,0.01,75863.76,1776512399000
1776512401.917,1.917,0.4,0.41,0.59,0.6,0.01,0.01,75857.17,1776512400000
1776512402.307,2.307,0.4,0.41,0.59,0.6,0.01,0.01,75857.17,1776512400000
1776512402.904,2.904,0.41,0.42,0.59,0.6,0.01,0.01,75855.64,1776512401000
1776512403.291,3.291,0.49,0.5,0.5,0.51,0.01,0.01,75855.64,1776512401000
1776512403.635,3.635,0.49,0.5,0.5,0.51,0.01,0.01,75855.64,1776512401000
1776512404.008,4.008,0.49,0.5,0.5,0.51,0.01,0.01,75843.49,1776512402000
1776512404.368,4.368,0.49,0.5,0.5,0.51,0.01,0.01,75843.49,1776512402000
1776512404.787,4.787,0.49,0.5,0.5,0.51,0.01,0.01,75842.53,1776512403000
1776512405.316,5.316,0.49,0.5,0.5,0.51,0.01,0.01,75846.96,1776512404000
1776512405.656,5.656,0.49,0.5,0.5,0.51,0.01,0.01,75846.96,1776512404000
1776512406.044,6.044,0.49,0.5,0.5,0.51,0.01,0.01,75846.96,1776512404000
1776512406.414,6.414,0.49,0.5,0.5,0.51,0.01,0.01,75846.96,1776512404000
1776512406.772,6.772,0.49,0.5,0.5,0.51,0.01,0.01,75851.25,1776512405000
1776512407.121,7.121,0.42,0.45,0.55,0.57,0.03,0.02,75851.25,1776512405000
1776512407.505,7.505,0.43,0.45,0.55,0.57,0.02,0.02,75851.25,1776512405000
1776512407.875,7.875,0.4,0.45,0.55,0.57,0.05,0.02,75853.64,1776512406000
1776512408.271,8.271,0.43,0.44,0.56,0.57,0.01,0.01,75856.93,1776512407000
1776512408.837,8.837,0.42,0.43,0.57,0.58,0.01,0.01,75856.93,1776512407000
1776512409.188,9.188,0.42,0.43,0.57,0.58,0.01,0.01,75856.93,1776512407000
1776512409.53,9.53,0.42,0.43,0.57,0.58,0.01,0.01,75856.93,1776512407000
1776512409.877,9.877,0.42,0.43,0.57,0.58,0.01,0.01,75843.17,1776512408000
1776512410.216,10.216,0.4,0.42,0.58,0.59,0.02,0.01,75843.17,1776512408000
1776512410.592,10.592,0.41,0.42,0.58,0.59,0.01,0.01,75843.44,1776512409000
1776512411.021,11.021,0.41,0.42,0.58,0.59,0.01,0.01,75843.44,1776512409000
1776512411.364,11.364,0.41,0.42,0.58,0.6,0.01,0.02,75843.6,1776512410000
1776512411.718,11.718,0.41,0.42,0.58,0.59,0.01,0.01,75843.6,1776512410000
1776512412.149,12.149,0.41,0.42,0.58,0.59,0.01,0.01,75840.05,1776512411000
1776512412.498,12.498,0.42,0.43,0.57,0.58,0.01,0.01,75840.05,1776512411000
1776512412.903,12.903,0.42,0.43,0.57,0.58,0.01,0.01,75840.05,1776512411000
1776512413.309,13.309,0.42,0.44,0.56,0.57,0.02,0.01,75838.74,1776512412000
1776512413.667,13.667,0.43,0.44,0.56,0.57,0.01,0.01,75838.74,1776512412000
1776512414.079,14.079,0.43,0.44,0.56,0.57,0.01,0.01,75838.74,1776512413000
1776512414.618,14.618,0.43,0.44,0.55,0.57,0.01,0.02,75838.74,1776512413000
1776512414.953,14.953,0.43,0.44,0.56,0.57,0.01,0.01,75838.74,1776512413000
1776512415.409,15.409,0.43,0.44,0.56,0.57,0.01,0.01,75843.9,1776512414000
1776512415.836,15.836,0.44,0.45,0.55,0.56,0.01,0.01,75843.9,1776512414000
1776512416.433,16.433,0.44,0.45,0.55,0.56,0.01,0.01,75844.27,1776512415000
1776512416.77,16.77,0.45,0.47,0.53,0.54,0.02,0.01,75844.27,1776512415000
1776512417.103,17.103,0.46,0.48,0.52,0.54,0.02,0.02,75844.27,1776512415000
1776512417.549,17.549,0.47,0.48,0.51,0.53,0.01,0.02,75844.75,1776512416000
1776512417.891,17.891,0.47,0.48,0.52,0.53,0.01,0.01,75844.75,1776512416000
1776512418.226,18.226,0.47,0.48,0.52,0.53,0.01,0.01,75848.18,1776512417000
1776512418.584,18.584,0.47,0.48,0.52,0.53,0.01,0.01,75848.18,1776512417000
1776512418.923,18.923,0.47,0.48,0.52,0.53,0.01,0.01,75848.18,1776512417000
1776512419.378,19.378,0.47,0.48,0.52,0.53,0.01,0.01,75850.67,1776512418000
1776512419.738,19.738,0.47,0.48,0.52,0.53,0.01,0.01,75850.67,1776512418000
1776512420.164,20.164,0.47,0.49,0.52,0.53,0.02,0.01,75850.67,1776512418000
1776512420.961,20.961,0.48,0.49,0.51,0.52,0.01,0.01,75851.25,1776512419000
1776512421.334,21.334,0.48,0.5,0.5,0.52,0.02,0.02,75850.67,1776512420000
1776512421.684,21.684,0.49,0.5,0.5,0.51,0.01,0.01,75850.67,1776512420000
1776512422.131,22.131,0.49,0.5,0.5,0.51,0.01,0.01,75850.67,1776512420000
1776512422.503,22.503,0.49,0.5,0.5,0.51,0.01,0.01,75851.51,1776512421000
1776512423.082,23.082,0.49,0.5,0.5,0.51,0.01,0.01,75851.51,1776512421000
1776512423.45,23.45,0.49,0.5,0.5,0.51,0.01,0.01,75851.82,1776512422000
1776512424.313,24.313,0.49,0.5,0.5,0.51,0.01,0.01,75853.91,1776512423000
1776512425.007,25.007,0.49,0.5,0.5,0.51,0.01,0.01,75853.91,1776512423000
1776512425.376,25.376,0.49,0.5,0.5,0.51,0.01,0.01,75853.91,1776512423000
1776512425.959,25.959,0.49,0.5,0.5,0.51,0.01,0.01,75853.72,1776512424000
1776512426.445,26.445,0.49,0.5,0.5,0.51,0.01,0.01,75853.46,1776512425000
1776512427.071,27.071,0.49,0.5,0.5,0.51,0.01,0.01,75853.46,1776512425000
1776512427.406,27.406,0.49,0.5,0.5,0.51,0.01,0.01,75853.86,1776512426000
1776512427.792,27.792,0.48,0.49,0.5,0.52,0.01,0.02,75853.86,1776512426000
1776512428.145,28.145,0.48,0.49,0.51,0.52,0.01,0.01,75853.86,1776512426000
1776512428.599,28.599,0.48,0.49,0.51,0.54,0.01,0.03,75855.41,1776512427000
1776512428.933,28.933,0.43,0.47,0.53,0.57,0.04,0.04,75856.21,1776512428000
1776512429.271,29.271,0.43,0.44,0.56,0.57,0.01,0.01,75856.21,1776512428000
1776512429.621,29.621,0.42,0.44,0.56,0.58,0.02,0.02,75856.21,1776512428000
1776512430.046,30.046,0.42,0.43,0.56,0.58,0.01,0.02,75856.21,1776512428000
1776512430.381,30.381,0.4,0.41,0.59,0.6,0.01,0.01,75853.62,1776512429000
1776512430.79,30.79,0.4,0.41,0.59,0.6,0.01,0.01,75853.62,1776512429000
1776512431.146,31.146,0.39,0.41,0.59,0.6,0.02,0.01,75853.62,1776512429000
1776512431.529,31.529,0.38,0.4,0.6,0.62,0.02,0.02,75842.27,1776512430000
1776512431.863,31.863,0.38,0.39,0.61,0.62,0.01,0.01,75842.27,1776512430000
1776512432.369,32.369,0.37,0.38,0.62,0.63,0.01,0.01,75842.27,1776512430000
1776512432.731,32.731,0.37,0.38,0.62,0.63,0.01,0.01,75836.13,1776512431000
1776512433.08,33.08,0.37,0.38,0.62,0.63,0.01,0.01,75834.31,1776512432000
1776512433.423,33.423,0.37,0.38,0.62,0.63,0.01,0.01,75834.31,1776512432000
1776512433.808,33.808,0.37,0.38,0.62,0.63,0.01,0.01,75834.31,1776512432000
1776512434.198,34.198,0.37,0.38,0.62,0.63,0.01,0.01,75834.31,1776512432000
1776512434.542,34.542,0.36,0.38,0.62,0.63,0.02,0.01,75828.41,1776512433000
1776512434.929,34.929,0.35,0.36,0.64,0.65,0.01,0.01,75828.41,1776512433000
1776512435.347,35.347,0.35,0.36,0.64,0.65,0.01,0.01,75828.18,1776512434000
1776512435.721,35.721,0.35,0.36,0.64,0.65,0.01,0.01,75828.18,1776512434000
1776512436.096,36.096,0.35,0.36,0.64,0.65,0.01,0.01,75828.18,1776512434000
1776512436.53,36.53,0.35,0.36,0.64,0.65,0.01,0.01,75826.29,1776512435000
1776512437.061,37.061,0.35,0.36,0.64,0.65,0.01,0.01,75824.36,1776512436000
1776512437.557,37.557,0.35,0.36,0.64,0.65,0.01,0.01,75824.36,1776512436000
1776512437.985,37.985,0.35,0.36,0.64,0.65,0.01,0.01,75824.36,1776512436000
1776512438.381,38.381,0.36,0.37,0.63,0.65,0.01,0.02,75824.36,1776512437000
1776512438.741,38.741,0.36,0.37,0.63,0.64,0.01,0.01,75824.36,1776512437000
1776512439.263,39.263,0.36,0.37,0.63,0.64,0.01,0.01,75823.92,1776512438000
1776512439.818,39.818,0.36,0.37,0.63,0.64,0.01,0.01,75823.92,1776512438000
1776512440.6,40.6,0.36,0.37,0.63,0.64,0.01,0.01,75823.92,1776512438000
1776512441.031,41.031,0.36,0.37,0.63,0.64,0.01,0.01,75823.92,1776512438000
1776512441.56,41.56,0.36,0.37,0.63,0.64,0.01,0.01,75823.92,1776512438000
1776512441.946,41.946,0.39,0.4,0.6,0.61,0.01,0.01,75827.86,1776512440000
1776512442.295,42.295,0.39,0.4,0.6,0.61,0.01,0.01,75827.86,1776512440000
1776512442.675,42.675,0.39,0.4,0.6,0.61,0.01,0.01,75827.86,1776512440000
1776512443.164,43.164,0.39,0.4,0.6,0.61,0.01,0.01,75827.67,1776512441000
1776512443.595,43.595,0.39,0.4,0.6,0.61,0.01,0.01,75827.67,1776512441000
1776512444.089,44.089,0.39,0.4,0.6,0.61,0.01,0.01,75827.76,1776512442000
1776512444.424,44.424,0.39,0.4,0.6,0.61,0.01,0.01,75827.76,1776512442000
1776512445.022,45.022,0.39,0.4,0.6,0.61,0.01,0.01,75827.76,1776512442000
1776512445.374,45.374,0.38,0.4,0.6,0.62,0.02,0.02,75832.4,1776512443000
1776512445.79,45.79,0.38,0.39,0.61,0.62,0.01,0.01,75832.4,1776512443000
1776512446.428,46.428,0.38,0.4,0.6,0.62,0.02,0.02,75831.96,1776512445000
1776512446.853,46.853,0.39,0.4,0.59,0.61,0.01,0.02,75831.96,1776512445000
1776512447.4,47.4,0.39,0.4,0.6,0.61,0.01,0.01,75831.96,1776512445000
1776512447.754,47.754,0.37,0.4,0.6,0.63,0.03,0.03,75831.89,1776512446000
1776512448.096,48.096,0.37,0.38,0.62,0.63,0.01,0.01,75831.89,1776512446000
1776512448.435,48.435,0.36,0.38,0.62,0.64,0.02,0.02,75831.97,1776512447000
1776512448.786,48.786,0.37,0.38,0.62,0.63,0.01,0.01,75831.97,1776512447000
1776512449.234,49.234,0.37,0.38,0.62,0.64,0.01,0.02,75831.97,1776512447000
1776512450.259,50.259,0.37,0.38,0.62,0.63,0.01,0.01,75831.99,1776512448000
1776512450.742,50.742,0.37,0.38,0.62,0.63,0.01,0.01,75826.99,1776512449000
1776512451.165,51.165,0.37,0.38,0.62,0.63,0.01,0.01,75826.99,1776512449000
1776512451.934,51.934,0.38,0.39,0.61,0.62,0.01,0.01,75826.99,1776512450000
1776512452.341,52.341,0.38,0.4,0.61,0.62,0.02,0.01,75826.99,1776512450000
1776512452.837,52.837,0.39,0.4,0.6,0.61,0.01,0.01,75827.45,1776512451000
1776512453.419,53.419,0.39,0.4,0.6,0.61,0.01,0.01,75827.45,1776512451000
1776512453.786,53.786,0.37,0.38,0.62,0.63,0.01,0.01,75827.45,1776512451000
1776512454.186,54.186,0.37,0.38,0.62,0.63,0.01,0.01,75828.49,1776512452000
1776512454.693,54.693,0.36,0.37,0.63,0.64,0.01,0.01,75828.49,1776512452000
1776512455.315,55.315,0.36,0.37,0.63,0.64,0.01,0.01,75828.57,1776512453000
1776512455.873,55.873,0.36,0.37,0.63,0.64,0.01,0.01,75826.89,1776512454000
1776512456.222,56.222,0.36,0.37,0.63,0.64,0.01,0.01,75826.89,1776512454000
1776512456.645,56.645,0.32,0.34,0.66,0.67,0.02,0.01,75825.69,1776512455000
1776512457.005,57.005,0.33,0.34,0.66,0.67,0.01,0.01,75825.69,1776512455000
1776512457.359,57.359,0.33,0.34,0.66,0.67,0.01,0.01,75825.69,1776512455000
1776512457.696,57.696,0.33,0.34,0.66,0.67,0.01,0.01,75825.69,1776512455000
1776512458.087,58.087,0.33,0.34,0.66,0.67,0.01,0.01,75820.05,1776512456000
1776512458.452,58.452,0.33,0.34,0.66,0.67,0.01,0.01,75816.81,1776512457000
1776512458.802,58.802,0.33,0.34,0.66,0.67,0.01,0.01,75816.81,1776512457000
1776512459.512,59.512,0.32,0.33,0.66,0.68,0.01,0.02,75816.81,1776512457000
1776512459.89,59.89,0.32,0.33,0.67,0.68,0.01,0.01,75816.83,1776512458000
1776512460.371,60.371,0.32,0.33,0.67,0.68,0.01,0.01,75816.83,1776512458000
1776512460.717,60.717,0.32,0.33,0.67,0.68,0.01,0.01,75816.58,1776512459000
1776512461.199,61.199,0.32,0.33,0.67,0.68,0.01,0.01,75816.58,1776512459000
1776512461.551,61.551,0.31,0.32,0.68,0.69,0.01,0.01,75816.58,1776512459000
1776512461.91,61.91,0.31,0.32,0.68,0.69,0.01,0.01,75816.3,1776512460000
1776512462.265,62.265,0.31,0.32,0.68,0.69,0.01,0.01,75816.22,1776512461000
1776512462.68,62.68,0.32,0.33,0.67,0.69,0.01,0.02,75816.22,1776512461000
1776512463.072,63.072,0.32,0.33,0.67,0.68,0.01,0.01,75816.22,1776512461000
1776512463.439,63.439,0.32,0.33,0.67,0.68,0.01,0.01,75815.12,1776512462000
1776512463.822,63.822,0.32,0.33,0.67,0.68,0.01,0.01,75815.12,1776512462000
1776512464.163,64.163,0.32,0.33,0.67,0.68,0.01,0.01,75815.12,1776512463000
1776512464.609,64.609,0.32,0.33,0.67,0.68,0.01,0.01,75815.12,1776512463000
1776512465.101,65.101,0.31,0.32,0.67,0.69,0.01,0.02,75815.12,1776512463000
1776512465.498,65.498,0.31,0.32,0.68,0.69,0.01,0.01,75816.61,1776512464000
1776512465.914,65.914,0.31,0.32,0.67,0.69,0.01,0.02,75816.61,1776512464000
1776512466.355,66.355,0.3,0.32,0.68,0.7,0.02,0.02,75816.85,1776512465000
1776512466.715,66.715,0.29,0.31,0.69,0.71,0.02,0.02,75816.85,1776512465000
1776512467.133,67.133,0.29,0.3,0.7,0.71,0.01,0.01,75816.85,1776512465000
1776512467.48,67.48,0.28,0.29,0.71,0.72,0.01,0.01,75816.85,1776512465000
1776512467.856,67.856,0.28,0.29,0.71,0.73,0.01,0.02,75814.1,1776512466000
1776512468.284,68.284,0.27,0.29,0.71,0.72,0.02,0.01,75814.1,1776512466000
1776512468.653,68.653,0.26,0.27,0.72,0.74,0.01,0.02,75808.81,1776512467000
1776512469.006,69.006,0.26,0.27,0.73,0.75,0.01,0.02,75808.81,1776512467000
1776512469.401,69.401,0.26,0.27,0.73,0.74,0.01,0.01,75808.81,1776512467000
1776512469.751,69.751,0.26,0.27,0.73,0.74,0.01,0.01,75808.81,1776512467000
1776512470.097,70.097,0.26,0.27,0.73,0.74,0.01,0.01,75801.03,1776512468000
1776512470.442,70.442,0.31,0.32,0.69,0.71,0.01,0.02,75800.04,1776512469000
1776512470.776,70.776,0.3,0.31,0.68,0.7,0.01,0.02,75800.04,1776512469000
1776512471.167,71.167,0.32,0.35,0.64,0.68,0.03,0.04,75800.04,1776512469000
1776512471.579,71.579,0.34,0.35,0.65,0.66,0.01,0.01,75800.04,1776512469000
1776512471.962,71.962,0.34,0.35,0.65,0.66,0.01,0.01,75803.06,1776512470000
1776512472.302,72.302,0.34,0.35,0.65,0.66,0.01,0.01,75803.06,1776512470000
1776512472.637,72.637,0.34,0.35,0.65,0.66,0.01,0.01,75809.87,1776512471000
1776512472.974,72.974,0.34,0.35,0.65,0.66,0.01,0.01,75809.87,1776512471000
1776512473.361,73.361,0.34,0.35,0.65,0.66,0.01,0.01,75818.27,1776512472000
1776512473.855,73.855,0.34,0.35,0.65,0.66,0.01,0.01,75818.27,1776512472000
1776512474.232,74.232,0.34,0.35,0.65,0.66,0.01,0.01,75818.27,1776512472000
1776512474.567,74.567,0.33,0.34,0.66,0.67,0.01,0.01,75818.27,1776512472000
1776512474.919,74.919,0.33,0.34,0.66,0.67,0.01,0.01,75822.82,1776512473000
1776512475.339,75.339,0.32,0.33,0.67,0.68,0.01,0.01,75822.82,1776512473000
1776512475.735,75.735,0.32,0.33,0.67,0.68,0.01,0.01,75822.46,1776512474000
1776512476.122,76.122,0.32,0.33,0.67,0.68,0.01,0.01,75822.46,1776512474000
1776512476.53,76.53,0.32,0.33,0.67,0.68,0.01,0.01,75819.25,1776512475000
1776512477.059,77.059,0.33,0.34,0.66,0.68,0.01,0.02,75819.25,1776512475000
1776512477.392,77.392,0.33,0.34,0.66,0.67,0.01,0.01,75819.25,1776512475000
1776512477.742,77.742,0.33,0.34,0.66,0.67,0.01,0.01,75819.07,1776512476000
1776512478.334,78.334,0.33,0.34,0.66,0.67,0.01,0.01,75822.43,1776512477000
1776512478.767,78.767,0.33,0.34,0.66,0.67,0.01,0.01,75822.43,1776512477000
1776512479.122,79.122,0.33,0.34,0.66,0.67,0.01,0.01,75822.43,1776512477000
1776512479.462,79.462,0.33,0.34,0.66,0.67,0.01,0.01,75822.43,1776512477000
1776512479.806,79.806,0.33,0.34,0.66,0.67,0.01,0.01,75822.37,1776512478000
1776512480.366,80.366,0.33,0.35,0.65,0.67,0.02,0.02,75822.38,1776512479000
1776512480.847,80.847,0.33,0.34,0.66,0.67,0.01,0.01,75822.38,1776512479000
1776512481.299,81.299,0.33,0.34,0.66,0.67,0.01,0.01,75822.38,1776512479000
1776512481.649,81.649,0.33,0.34,0.66,0.67,0.01,0.01,75821.33,1776512480000
1776512482.024,82.024,0.33,0.34,0.66,0.67,0.01,0.01,75821.22,1776512481000
1776512482.663,82.663,0.34,0.35,0.66,0.67,0.01,0.01,75821.22,1776512481000
1776512483.108,83.108,0.34,0.35,0.65,0.66,0.01,0.01,75822.37,1776512482000
1776512483.677,83.677,0.34,0.35,0.65,0.66,0.01,0.01,75822.37,1776512482000
1776512484.112,84.112,0.34,0.35,0.65,0.66,0.01,0.01,75822.37,1776512483000
1776512484.475,84.475,0.34,0.35,0.65,0.66,0.01,0.01,75822.37,1776512483000
1776512484.882,84.882,0.34,0.35,0.65,0.66,0.01,0.01,75822.72,1776512484000
1776512485.288,85.288,0.34,0.35,0.65,0.66,0.01,0.01,75822.72,1776512484000
1776512485.899,85.899,0.34,0.35,0.65,0.66,0.01,0.01,75822.72,1776512484000
1776512486.309,86.309,0.34,0.35,0.65,0.66,0.01,0.01,75822.72,1776512484000
1776512486.985,86.985,0.34,0.35,0.65,0.66,0.01,0.01,75823.16,1776512485000
1776512487.335,87.335,0.34,0.35,0.65,0.66,0.01,0.01,75823.16,1776512485000
1776512487.886,87.886,0.34,0.35,0.65,0.66,0.01,0.01,75823.43,1776512486000
1776512488.269,88.269,0.34,0.35,0.65,0.66,0.01,0.01,75823.41,1776512487000
1776512488.863,88.863,0.34,0.35,0.65,0.66,0.01,0.01,75823.41,1776512487000
1776512489.285,89.285,0.34,0.35,0.65,0.66,0.01,0.01,75823.52,1776512488000
1776512490.052,90.052,0.34,0.35,0.65,0.66,0.01,0.01,75823.52,1776512488000
1776512490.427,90.427,0.34,0.35,0.65,0.67,0.01,0.02,75823.97,1776512489000
1776512491.063,91.063,0.34,0.35,0.65,0.66,0.01,0.01,75823.97,1776512489000
1776512491.404,91.404,0.33,0.34,0.65,0.67,0.01,0.02,75823.58,1776512490000
1776512491.74,91.74,0.33,0.34,0.66,0.67,0.01,0.01,75823.58,1776512490000
1776512492.118,92.118,0.33,0.34,0.66,0.67,0.01,0.01,75823.58,1776512490000
1776512492.92,92.92,0.33,0.34,0.66,0.67,0.01,0.01,75821.48,1776512491000
1776512493.263,93.263,0.33,0.34,0.66,0.67,0.01,0.01,75821.49,1776512492000
1776512493.598,93.598,0.33,0.34,0.66,0.67,0.01,0.01,75821.49,1776512492000
1776512494.051,94.051,0.33,0.34,0.66,0.67,0.01,0.01,75820.17,1776512493000
1776512494.385,94.385,0.33,0.34,0.66,0.67,0.01,0.01,75820.17,1776512493000
1776512494.778,94.778,0.28,0.31,0.69,0.71,0.03,0.02,75820.17,1776512493000
1776512495.132,95.132,0.28,0.29,0.71,0.72,0.01,0.01,75818.21,1776512494000
1776512495.525,95.525,0.28,0.29,0.71,0.72,0.01,0.01,75818.21,1776512494000
1776512495.858,95.858,0.28,0.29,0.71,0.72,0.01,0.01,75818.21,1776512494000
1776512496.198,96.198,0.28,0.29,0.71,0.72,0.01,0.01,75807.55,1776512495000
1776512496.536,96.536,0.28,0.29,0.71,0.72,0.01,0.01,75807.55,1776512495000
1776512496.885,96.885,0.28,0.29,0.71,0.72,0.01,0.01,75807.55,1776512495000
1776512497.239,97.239,0.28,0.29,0.71,0.72,0.01,0.01,75801.6,1776512496000
1776512497.6,97.6,0.28,0.29,0.71,0.72,0.01,0.01,75801.6,1776512496000
1776512497.97,97.97,0.28,0.29,0.71,0.72,0.01,0.01,75801.6,1776512496000
1776512498.398,98.398,0.27,0.28,0.71,0.73,0.01,0.02,75801.28,1776512497000
1776512498.734,98.734,0.26,0.28,0.73,0.74,0.02,0.01,75801.28,1776512497000
1776512499.113,99.113,0.26,0.28,0.72,0.74,0.02,0.02,75799.3,1776512498000
1776512499.762,99.762,0.25,0.26,0.73,0.75,0.01,0.02,75799.3,1776512498000
1776512500.135,100.135,0.25,0.26,0.74,0.75,0.01,0.01,75799.3,1776512498000
1776512500.512,100.512,0.24,0.25,0.74,0.76,0.01,0.02,75799.3,1776512499000
1776512501.062,101.062,0.24,0.25,0.75,0.76,0.01,0.01,75798.08,1776512500000
1776512501.4,101.4,0.23,0.25,0.75,0.77,0.02,0.02,75798.08,1776512500000
1776512501.809,101.809,0.23,0.24,0.75,0.77,0.01,0.02,75798.08,1776512500000
1776512502.147,102.147,0.23,0.25,0.76,0.77,0.02,0.01,75795.37,1776512501000
1776512502.521,102.521,0.24,0.26,0.75,0.76,0.02,0.01,75795.37,1776512501000
1776512502.915,102.915,0.24,0.25,0.75,0.76,0.01,0.01,75795.37,1776512501000
1776512503.267,103.267,0.24,0.25,0.75,0.76,0.01,0.01,75795.37,1776512502000
1776512503.646,103.646,0.25,0.26,0.74,0.76,0.01,0.02,75795.37,1776512502000
1776512503.994,103.994,0.25,0.26,0.74,0.75,0.01,0.01,75795.37,1776512502000
1776512504.598,104.598,0.25,0.26,0.74,0.75,0.01,0.01,75795.75,1776512503000
1776512504.938,104.938,0.25,0.26,0.74,0.75,0.01,0.01,75795.75,1776512503000
1776512505.316,105.316,0.25,0.26,0.74,0.75,0.01,0.01,75796.08,1776512504000
1776512506.081,106.081,0.25,0.26,0.74,0.75,0.01,0.01,75795.42,1776512505000
1776512507.4,107.4,0.25,0.26,0.74,0.75,0.01,0.01,75795.42,1776512505000
1776512507.735,107.735,0.31,0.37,0.63,0.69,0.06,0.06,75797.56,1776512506000
1776512508.171,108.171,0.32,0.38,0.62,0.68,0.06,0.06,75797.56,1776512506000
1776512508.558,108.558,0.34,0.35,0.65,0.69,0.01,0.04,75797.56,1776512506000
1776512508.921,108.921,0.35,0.37,0.63,0.65,0.02,0.02,75819.31,1776512507000
1776512509.318,109.318,0.35,0.36,0.64,0.65,0.01,0.01,75822.83,1776512508000
1776512509.659,109.659,0.35,0.36,0.64,0.65,0.01,0.01,75822.83,1776512508000
1776512510.002,110.002,0.35,0.36,0.64,0.65,0.01,0.01,75822.83,1776512508000
1776512510.35,110.35,0.35,0.36,0.64,0.65,0.01,0.01,75822.83,1776512508000
1776512510.816,110.816,0.36,0.38,0.63,0.65,0.02,0.02,75829.26,1776512509000
1776512511.15,111.15,0.36,0.38,0.62,0.64,0.02,0.02,75828.92,1776512510000
1776512511.504,111.504,0.37,0.38,0.62,0.63,0.01,0.01,75828.92,1776512510000
1776512511.868,111.868,0.37,0.39,0.62,0.63,0.02,0.01,75828.92,1776512510000
1776512512.244,112.244,0.38,0.39,0.61,0.62,0.01,0.01,75829.29,1776512511000
1776512512.614,112.614,0.4,0.41,0.6,0.62,0.01,0.02,75829.29,1776512511000
1776512512.96,112.96,0.41,0.42,0.58,0.59,0.01,0.01,75829.29,1776512511000
1776512513.345,113.345,0.42,0.44,0.57,0.58,0.02,0.01,75829.29,1776512511000
1776512513.68,113.68,0.43,0.51,0.5,0.57,0.08,0.07,75831.33,1776512512000
1776512514.05,114.05,0.5,0.52,0.48,0.5,0.02,0.02,75834.8,1776512513000
1776512514.39,114.39,0.5,0.53,0.48,0.5,0.03,0.02,75834.8,1776512513000
1776512514.744,114.744,0.51,0.52,0.48,0.49,0.01,0.01,75834.8,1776512513000
1776512515.107,115.107,0.51,0.52,0.48,0.49,0.01,0.01,75834.8,1776512513000
1776512515.459,115.459,0.51,0.52,0.48,0.49,0.01,0.01,75847.93,1776512514000
1776512515.826,115.826,0.51,0.52,0.48,0.49,0.01,0.01,75847.93,1776512514000
1776512516.172,116.172,0.51,0.52,0.48,0.49,0.01,0.01,75847.93,1776512514000
1776512516.732,116.732,0.51,0.52,0.48,0.49,0.01,0.01,75848.9,1776512515000
1776512517.068,117.068,0.52,0.53,0.47,0.49,0.01,0.02,75848.9,1776512515000
1776512517.449,117.449,0.52,0.54,0.47,0.48,0.02,0.01,75852.25,1776512516000
1776512517.8,117.8,0.52,0.53,0.47,0.48,0.01,0.01,75852.25,1776512516000
1776512518.133,118.133,0.52,0.53,0.47,0.48,0.01,0.01,75852.25,1776512516000
1776512518.471,118.471,0.52,0.53,0.47,0.48,0.01,0.01,75858.34,1776512517000
1776512518.812,118.812,0.52,0.53,0.47,0.48,0.01,0.01,75858.34,1776512517000
1776512519.214,119.214,0.52,0.53,0.47,0.48,0.01,0.01,75858.31,1776512518000
1776512519.556,119.556,0.52,0.53,0.47,0.48,0.01,0.01,75858.31,1776512518000
1776512519.899,119.899,0.52,0.53,0.47,0.48,0.01,0.01,75858.31,1776512518000
1776512520.247,120.247,0.52,0.53,0.47,0.48,0.01,0.01,75858.31,1776512518000
1776512520.591,120.591,0.52,0.53,0.47,0.48,0.01,0.01,75857.14,1776512519000
1776512520.943,120.943,0.54,0.55,0.45,0.46,0.01,0.01,75857.14,1776512519000
1776512521.299,121.299,0.54,0.55,0.45,0.46,0.01,0.01,75858.4,1776512520000
1776512521.734,121.734,0.55,0.56,0.44,0.45,0.01,0.01,75858.4,1776512520000
1776512522.157,122.157,0.55,0.56,0.44,0.45,0.01,0.01,75858.75,1776512521000
1776512522.92,122.92,0.55,0.56,0.44,0.45,0.01,0.01,75858.75,1776512521000
1776512523.339,123.339,0.55,0.56,0.44,0.45,0.01,0.01,75860.39,1776512522000
1776512523.76,123.76,0.55,0.56,0.44,0.45,0.01,0.01,75860.39,1776512522000
1776512524.247,124.247,0.57,0.58,0.42,0.43,0.01,0.01,75860.39,1776512522000
1776512524.586,124.586,0.57,0.6,0.4,0.43,0.03,0.03,75861.48,1776512523000
1776512524.927,124.927,0.59,0.6,0.4,0.41,0.01,0.01,75861.48,1776512523000
1776512525.262,125.262,0.59,0.6,0.4,0.41,0.01,0.01,75861.48,1776512523000
1776512525.596,125.596,0.59,0.6,0.4,0.41,0.01,0.01,75868.91,1776512524000
1776512526.05,126.05,0.6,0.62,0.38,0.4,0.02,0.02,75873.17,1776512525000
1776512526.386,126.386,0.61,0.63,0.38,0.39,0.02,0.01,75873.17,1776512525000
1776512526.777,126.777,0.62,0.63,0.37,0.38,0.01,0.01,75873.17,1776512525000
1776512527.278,127.278,0.63,0.64,0.36,0.37,0.01,0.01,75873.17,1776512525000
1776512527.644,127.644,0.66,0.67,0.33,0.36,0.01,0.03,75883.39,1776512526000
1776512528.014,128.014,0.64,0.65,0.35,0.36,0.01,0.01,75883.39,1776512526000
1776512528.352,128.352,0.65,0.66,0.34,0.35,0.01,0.01,75883.39,1776512526000
1776512528.775,128.775,0.67,0.69,0.31,0.33,0.02,0.02,75886.37,1776512527000
1776512529.138,129.138,0.68,0.69,0.31,0.32,0.01,0.01,75886.37,1776512527000
1776512529.582,129.582,0.69,0.7,0.3,0.31,0.01,0.01,75891.1,1776512528000
1776512529.918,129.918,0.69,0.71,0.29,0.31,0.02,0.02,75891.1,1776512528000
1776512530.257,130.257,0.7,0.71,0.29,0.31,0.01,0.02,75892.04,1776512529000
1776512530.597,130.597,0.71,0.72,0.28,0.3,0.01,0.02,75892.04,1776512529000
1776512530.996,130.996,0.71,0.72,0.28,0.29,0.01,0.01,75892.04,1776512529000
1776512531.367,131.367,0.71,0.72,0.28,0.29,0.01,0.01,75894.84,1776512530000
1776512531.704,131.704,0.71,0.72,0.28,0.29,0.01,0.01,75894.84,1776512530000
1776512532.202,132.202,0.71,0.72,0.28,0.29,0.01,0.01,75895.23,1776512531000
1776512532.555,132.555,0.7,0.71,0.28,0.3,0.01,0.02,75895.23,1776512531000
1776512532.899,132.899,0.7,0.71,0.29,0.3,0.01,0.01,75895.23,1776512531000
1776512533.285,133.285,0.7,0.71,0.29,0.3,0.01,0.01,75901.54,1776512532000
1776512533.636,133.636,0.7,0.71,0.29,0.3,0.01,0.01,75901.54,1776512532000
1776512533.987,133.987,0.69,0.71,0.29,0.31,0.02,0.02,75901.54,1776512532000
1776512534.346,134.346,0.68,0.69,0.31,0.32,0.01,0.01,75895.42,1776512533000
1776512534.918,134.918,0.67,0.69,0.31,0.33,0.02,0.02,75895.42,1776512534000
1776512535.319,135.319,0.67,0.68,0.32,0.33,0.01,0.01,75895.42,1776512534000
1776512535.791,135.791,0.67,0.68,0.32,0.33,0.01,0.01,75895.42,1776512534000
1776512536.147,136.147,0.67,0.68,0.32,0.33,0.01,0.01,75892.99,1776512535000
1776512536.598,136.598,0.67,0.69,0.32,0.33,0.02,0.01,75892.99,1776512535000
1776512536.936,136.936,0.68,0.69,0.31,0.33,0.01,0.02,75892.99,1776512535000
1776512537.303,137.303,0.68,0.69,0.31,0.32,0.01,0.01,75892.99,1776512535000
1776512537.638,137.638,0.68,0.69,0.31,0.32,0.01,0.01,75892.51,1776512536000
1776512538.052,138.052,0.68,0.69,0.31,0.32,0.01,0.01,75892.51,1776512536000
1776512538.468,138.468,0.69,0.7,0.3,0.31,0.01,0.01,75893.03,1776512537000
1776512538.81,138.81,0.69,0.7,0.3,0.31,0.01,0.01,75893.03,1776512537000
1776512539.16,139.16,0.69,0.71,0.29,0.31,0.02,0.02,75893.12,1776512538000
1776512539.526,139.526,0.69,0.71,0.3,0.31,0.02,0.01,75893.12,1776512538000
1776512539.87,139.87,0.69,0.71,0.3,0.31,0.02,0.01,75893.12,1776512538000
1776512540.436,140.436,0.7,0.71,0.29,0.31,0.01,0.02,75893.12,1776512538000
1776512540.852,140.852,0.71,0.72,0.28,0.29,0.01,0.01,75893.21,1776512539000
1776512541.26,141.26,0.71,0.72,0.28,0.29,0.01,0.01,75894.99,1776512540000
1776512541.654,141.654,0.73,0.74,0.26,0.27,0.01,0.01,75894.99,1776512540000
1776512542.033,142.033,0.73,0.74,0.26,0.27,0.01,0.01,75894.99,1776512540000
1776512542.502,142.502,0.73,0.74,0.26,0.27,0.01,0.01,75895.13,1776512541000
1776512542.977,142.977,0.74,0.75,0.25,0.27,0.01,0.02,75895.13,1776512541000
1776512543.315,143.315,0.74,0.75,0.25,0.26,0.01,0.01,75895.13,1776512541000
1776512543.651,143.651,0.74,0.75,0.25,0.26,0.01,0.01,75897.03,1776512542000
1776512544.415,144.415,0.71,0.72,0.28,0.29,0.01,0.01,75897.03,1776512543000
1776512544.775,144.775,0.67,0.7,0.31,0.33,0.03,0.02,75897.03,1776512543000
1776512545.16,145.16,0.67,0.68,0.32,0.33,0.01,0.01,75897.03,1776512543000
1776512545.545,145.545,0.67,0.68,0.32,0.33,0.01,0.01,75897.13,1776512544000
1776512545.898,145.898,0.64,0.68,0.32,0.36,0.04,0.04,75897.13,1776512544000
1776512546.39,146.39,0.61,0.65,0.35,0.39,0.04,0.04,75890.59,1776512545000
1776512546.729,146.729,0.57,0.59,0.41,0.43,0.02,0.02,75890.59,1776512545000
1776512547.094,147.094,0.57,0.59,0.41,0.43,0.02,0.02,75880.61,1776512546000
1776512547.448,147.448,0.56,0.59,0.41,0.44,0.03,0.03,75880.61,1776512546000
1776512547.784,147.784,0.58,0.59,0.41,0.42,0.01,0.01,75880.61,1776512546000
1776512548.142,148.142,0.56,0.57,0.41,0.44,0.01,0.03,75870.1,1776512547000
1776512548.497,148.497,0.55,0.56,0.44,0.45,0.01,0.01,75870.1,1776512547000
1776512548.833,148.833,0.54,0.55,0.45,0.46,0.01,0.01,75870.1,1776512547000
1776512549.262,149.262,0.51,0.54,0.45,0.48,0.03,0.03,75870.87,1776512548000
1776512549.622,149.622,0.51,0.53,0.47,0.49,0.02,0.02,75870.87,1776512548000
1776512550.041,150.041,0.51,0.52,0.48,0.5,0.01,0.02,75864.71,1776512549000
1776512550.413,150.413,0.51,0.52,0.48,0.49,0.01,0.01,75864.71,1776512549000
1776512550.761,150.761,0.51,0.53,0.48,0.49,0.02,0.01,75864.71,1776512549000
1776512551.182,151.182,0.51,0.52,0.48,0.49,0.01,0.01,75864.71,1776512549000
1776512551.576,151.576,0.51,0.52,0.48,0.49,0.01,0.01,75864.71,1776512549000
1776512551.926,151.926,0.51,0.52,0.48,0.49,0.01,0.01,75861.66,1776512550000
1776512552.278,152.278,0.51,0.52,0.48,0.49,0.01,0.01,75861.66,1776512551000
1776512552.667,152.667,0.5,0.51,0.49,0.5,0.01,0.01,75861.66,1776512551000
1776512553.011,153.011,0.5,0.51,0.49,0.5,0.01,0.01,75861.66,1776512551000
1776512553.464,153.464,0.49,0.51,0.49,0.5,0.02,0.01,75861.88,1776512552000
1776512553.982,153.982,0.49,0.5,0.5,0.51,0.01,0.01,75861.88,1776512552000
1776512554.357,154.357,0.54,0.56,0.45,0.46,0.02,0.01,75861.88,1776512553000
1776512554.724,154.724,0.57,0.62,0.4,0.43,0.05,0.03,75861.88,1776512553000
1776512555.069,155.069,0.6,0.62,0.38,0.4,0.02,0.02,75861.88,1776512553000
1776512555.403,155.403,0.61,0.63,0.37,0.39,0.02,0.02,75861.88,1776512553000
1776512556.015,156.015,0.61,0.62,0.38,0.39,0.01,0.01,75858.21,1776512554000
1776512556.351,156.351,0.58,0.6,0.4,0.42,0.02,0.02,75858.21,1776512554000
1776512556.705,156.705,0.59,0.6,0.4,0.41,0.01,0.01,75869.72,1776512555000
1776512557.054,157.054,0.57,0.6,0.4,0.41,0.03,0.01,75869.72,1776512555000
1776512557.397,157.397,0.57,0.58,0.42,0.43,0.01,0.01,75870.66,1776512556000
1776512557.732,157.732,0.54,0.56,0.44,0.46,0.02,0.02,75870.66,1776512556000
1776512558.138,158.138,0.54,0.55,0.45,0.46,0.01,0.01,75870.66,1776512556000
1776512558.486,158.486,0.53,0.54,0.46,0.47,0.01,0.01,75869.77,1776512557000
1776512558.89,158.89,0.52,0.53,0.46,0.48,0.01,0.02,75869.77,1776512557000
1776512559.233,159.233,0.52,0.53,0.47,0.48,0.01,0.01,75864.47,1776512558000
1776512559.608,159.608,0.51,0.53,0.47,0.48,0.02,0.01,75864.47,1776512558000
1776512560.052,160.052,0.51,0.52,0.48,0.49,0.01,0.01,75864.47,1776512558000
1776512560.391,160.391,0.51,0.52,0.48,0.49,0.01,0.01,75862.42,1776512559000
1776512560.781,160.781,0.51,0.52,0.48,0.49,0.01,0.01,75862.42,1776512559000
1776512561.159,161.159,0.51,0.52,0.48,0.49,0.01,0.01,75862.42,1776512559000
1776512561.517,161.517,0.51,0.52,0.48,0.49,0.01,0.01,75863.31,1776512560000
1776512561.998,161.998,0.53,0.54,0.46,0.47,0.01,0.01,75863.31,1776512560000
1776512562.334,162.334,0.51,0.52,0.46,0.48,0.01,0.02,75863.26,1776512561000
1776512562.702,162.702,0.5,0.51,0.49,0.5,0.01,0.01,75863.26,1776512561000
1776512563.169,163.169,0.5,0.51,0.49,0.5,0.01,0.01,75863.26,1776512561000
1776512563.638,163.638,0.5,0.51,0.49,0.5,0.01,0.01,75862.64,1776512562000
1776512564.065,164.065,0.49,0.5,0.5,0.51,0.01,0.01,75862.64,1776512562000
1776512564.664,164.664,0.48,0.5,0.5,0.51,0.02,0.01,75859.6,1776512563000
1776512565.008,165.008,0.45,0.47,0.53,0.55,0.02,0.02,75859.6,1776512563000
1776512565.342,165.342,0.44,0.46,0.54,0.56,0.02,0.02,75857.9,1776512564000
1776512565.691,165.691,0.43,0.44,0.56,0.57,0.01,0.01,75857.9,1776512564000
1776512566.052,166.052,0.42,0.43,0.56,0.58,0.01,0.02,75857.9,1776512564000
1776512566.484,166.484,0.42,0.43,0.57,0.58,0.01,0.01,75848.3,1776512565000
1776512566.828,166.828,0.42,0.43,0.57,0.58,0.01,0.01,75848.3,1776512565000
1776512567.169,167.169,0.42,0.43,0.57,0.58,0.01,0.01,75848.3,1776512565000
1776512567.813,167.813,0.42,0.43,0.57,0.58,0.01,0.01,75848.15,1776512566000
1776512568.177,168.177,0.4,0.41,0.59,0.6,0.01,0.01,75848.26,1776512567000
1776512568.579,168.579,0.4,0.41,0.59,0.6,0.01,0.01,75848.26,1776512567000
1776512568.918,168.918,0.38,0.39,0.59,0.62,0.01,0.03,75848.26,1776512567000
1776512569.343,169.343,0.38,0.39,0.61,0.63,0.01,0.02,75846.45,1776512568000
1776512569.689,169.689,0.37,0.39,0.61,0.63,0.02,0.02,75846.45,1776512568000
1776512570.028,170.028,0.37,0.38,0.62,0.63,0.01,0.01,75846.45,1776512568000
1776512570.435,170.435,0.36,0.37,0.62,0.64,0.01,0.02,75840,1776512569000
1776512570.897,170.897,0.36,0.37,0.63,0.64,0.01,0.01,75840,1776512569000
1776512571.264,171.264,0.36,0.37,0.63,0.64,0.01,0.01,75840,1776512569000
1776512571.608,171.608,0.36,0.37,0.63,0.64,0.01,0.01,75839.24,1776512570000
1776512571.971,171.971,0.36,0.37,0.63,0.64,0.01,0.01,75839.24,1776512570000
1776512572.525,172.525,0.36,0.37,0.63,0.64,0.01,0.01,75838.8,1776512571000
1776512572.952,172.952,0.37,0.38,0.62,0.64,0.01,0.02,75838.8,1776512571000
1776512573.293,173.293,0.37,0.38,0.62,0.63,0.01,0.01,75838.8,1776512571000
1776512573.742,173.742,0.36,0.38,0.62,0.63,0.02,0.01,75837.8,1776512572000
1776512574.121,174.121,0.35,0.36,0.64,0.65,0.01,0.01,75838.82,1776512573000
1776512574.62,174.62,0.35,0.36,0.64,0.65,0.01,0.01,75838.82,1776512573000
1776512575.027,175.027,0.35,0.36,0.64,0.65,0.01,0.01,75838.82,1776512573000
1776512575.431,175.431,0.34,0.35,0.65,0.66,0.01,0.01,75839.4,1776512574000
1776512575.827,175.827,0.34,0.35,0.65,0.66,0.01,0.01,75839.4,1776512574000
1776512576.391,176.391,0.34,0.36,0.65,0.66,0.02,0.01,75836.62,1776512575000
1776512576.908,176.908,0.35,0.36,0.64,0.66,0.01,0.02,75836.62,1776512575000
1776512577.303,177.303,0.35,0.36,0.64,0.65,0.01,0.01,75835.23,1776512576000
1776512577.739,177.739,0.35,0.36,0.64,0.65,0.01,0.01,75835.23,1776512576000
1776512578.405,178.405,0.35,0.36,0.64,0.65,0.01,0.01,75833.07,1776512577000
1776512578.751,178.751,0.37,0.38,0.62,0.65,0.01,0.03,75833.07,1776512577000
1776512579.165,179.165,0.37,0.39,0.61,0.63,0.02,0.02,75835.31,1776512578000
1776512579.696,179.696,0.38,0.39,0.61,0.63,0.01,0.02,75835.31,1776512578000
1776512580.174,180.174,0.38,0.39,0.61,0.62,0.01,0.01,75835.16,1776512579000
1776512580.52,180.52,0.38,0.39,0.61,0.62,0.01,0.01,75835.16,1776512579000
1776512580.868,180.868,0.38,0.39,0.61,0.62,0.01,0.01,75835.16,1776512579000
1776512581.245,181.245,0.37,0.39,0.61,0.63,0.02,0.02,75838.34,1776512580000
1776512581.737,181.737,0.37,0.38,0.62,0.63,0.01,0.01,75838.34,1776512580000
1776512582.26,182.26,0.35,0.38,0.62,0.65,0.03,0.03,75838.44,1776512581000
1776512582.722,182.722,0.35,0.36,0.64,0.65,0.01,0.01,75838.44,1776512581000
1776512583.228,183.228,0.34,0.36,0.64,0.65,0.02,0.01,75838.44,1776512581000
1776512583.745,183.745,0.34,0.36,0.64,0.66,0.02,0.02,75837.66,1776512582000
1776512584.247,184.247,0.34,0.35,0.64,0.66,0.01,0.02,75837.66,1776512582000
1776512585.19,185.19,0.33,0.34,0.65,0.66,0.01,0.01,75837.09,1776512583000
1776512585.542,185.542,0.33,0.34,0.66,0.67,0.01,0.01,75833.57,1776512584000
1776512585.886,185.886,0.33,0.34,0.66,0.67,0.01,0.01,75833.57,1776512584000
1776512586.247,186.247,0.33,0.34,0.66,0.67,0.01,0.01,75833.57,1776512585000
1776512586.617,186.617,0.33,0.34,0.66,0.67,0.01,0.01,75833.57,1776512585000
1776512586.968,186.968,0.34,0.35,0.66,0.67,0.01,0.01,75833.57,1776512585000
1776512587.359,187.359,0.34,0.35,0.65,0.66,0.01,0.01,75833.57,1776512585000
1776512588.002,188.002,0.35,0.36,0.64,0.66,0.01,0.02,75833.28,1776512586000
1776512588.339,188.339,0.35,0.37,0.63,0.65,0.02,0.02,75833.53,1776512587000
1776512588.932,188.932,0.36,0.37,0.63,0.65,0.01,0.02,75833.53,1776512587000
1776512589.321,189.321,0.36,0.37,0.63,0.64,0.01,0.01,75833.53,1776512587000
1776512589.692,189.692,0.36,0.37,0.63,0.64,0.01,0.01,75837.44,1776512588000
1776512590.084,190.084,0.36,0.37,0.63,0.64,0.01,0.01,75837.44,1776512589000
1776512590.433,190.433,0.36,0.37,0.63,0.64,0.01,0.01,75837.44,1776512589000
1776512590.789,190.789,0.36,0.37,0.63,0.64,0.01,0.01,75837.44,1776512589000
1776512591.19,191.19,0.36,0.37,0.63,0.64,0.01,0.01,75837.44,1776512589000
1776512591.537,191.537,0.36,0.37,0.63,0.64,0.01,0.01,75837.62,1776512590000
1776512592.139,192.139,0.36,0.37,0.63,0.64,0.01,0.01,75837.62,1776512590000
1776512592.518,192.518,0.36,0.37,0.63,0.64,0.01,0.01,75837.62,1776512590000
1776512592.97,192.97,0.34,0.35,0.65,0.66,0.01,0.01,75837.59,1776512591000
1776512593.408,193.408,0.32,0.34,0.66,0.68,0.02,0.02,75837.59,1776512592000
1776512593.788,193.788,0.31,0.32,0.68,0.69,0.01,0.01,75837.59,1776512592000
1776512594.151,194.151,0.29,0.31,0.68,0.7,0.02,0.02,75837.59,1776512593000
1776512594.487,194.487,0.26,0.27,0.73,0.74,0.01,0.01,75837.59,1776512593000
1776512594.841,194.841,0.24,0.27,0.73,0.76,0.03,0.03,75837.59,1776512593000
1776512595.216,195.216,0.25,0.26,0.74,0.75,0.01,0.01,75837.59,1776512593000
1776512595.66,195.66,0.23,0.25,0.75,0.77,0.02,0.02,75837.59,1776512593000
1776512596.003,196.003,0.22,0.23,0.77,0.78,0.01,0.01,75825.42,1776512594000
1776512596.364,196.364,0.21,0.23,0.76,0.79,0.02,0.03,75825.42,1776512594000
1776512596.834,196.834,0.19,0.21,0.78,0.81,0.02,0.03,75820.01,1776512595000
1776512597.225,197.225,0.19,0.2,0.79,0.81,0.01,0.02,75810.56,1776512596000
1776512597.696,197.696,0.19,0.2,0.8,0.81,0.01,0.01,75810.56,1776512596000
1776512598.032,198.032,0.19,0.2,0.8,0.81,0.01,0.01,75810.56,1776512596000
1776512598.49,198.49,0.19,0.2,0.8,0.81,0.01,0.01,75805.6,1776512597000
1776512598.849,198.849,0.19,0.2,0.8,0.81,0.01,0.01,75805.6,1776512597000
1776512599.259,199.259,0.18,0.2,0.8,0.82,0.02,0.02,75805.6,1776512597000
1776512599.595,199.595,0.16,0.2,0.8,0.84,0.04,0.04,75805.6,1776512597000
1776512599.939,199.939,0.17,0.18,0.82,0.83,0.01,0.01,75798.1,1776512598000
1776512600.307,200.307,0.17,0.18,0.82,0.83,0.01,0.01,75794.72,1776512599000
1776512600.671,200.671,0.17,0.18,0.82,0.83,0.01,0.01,75794.72,1776512599000
1776512601.008,201.008,0.17,0.18,0.82,0.83,0.01,0.01,75794.72,1776512599000
1776512601.396,201.396,0.17,0.18,0.82,0.83,0.01,0.01,75793.04,1776512600000
1776512601.764,201.764,0.17,0.18,0.82,0.83,0.01,0.01,75793.04,1776512600000
1776512602.185,202.185,0.16,0.17,0.82,0.83,0.01,0.01,75793.04,1776512600000
1776512602.861,202.861,0.16,0.17,0.83,0.84,0.01,0.01,75794.5,1776512601000
1776512603.264,203.264,0.16,0.17,0.83,0.84,0.01,0.01,75794.5,1776512602000
1776512603.624,203.624,0.16,0.17,0.83,0.84,0.01,0.01,75794.5,1776512602000
1776512604.174,204.174,0.16,0.17,0.83,0.84,0.01,0.01,75794.5,1776512602000
1776512604.613,204.613,0.15,0.16,0.83,0.84,0.01,0.01,75797.2,1776512603000
1776512604.962,204.962,0.15,0.16,0.84,0.85,0.01,0.01,75797.2,1776512603000
1776512605.3,205.3,0.15,0.16,0.84,0.85,0.01,0.01,75797.2,1776512603000
1776512605.817,205.817,0.15,0.16,0.84,0.85,0.01,0.01,75798.1,1776512604000
1776512606.594,206.594,0.14,0.15,0.84,0.86,0.01,0.02,75798.93,1776512605000
1776512606.95,206.95,0.15,0.16,0.84,0.85,0.01,0.01,75798.93,1776512605000
1776512607.299,207.299,0.15,0.16,0.84,0.85,0.01,0.01,75798.39,1776512606000
1776512607.633,207.633,0.15,0.16,0.84,0.85,0.01,0.01,75798.39,1776512606000
1776512608.039,208.039,0.16,0.17,0.83,0.85,0.01,0.02,75798.39,1776512606000
1776512608.451,208.451,0.16,0.17,0.83,0.84,0.01,0.01,75796.86,1776512607000
1776512608.835,208.835,0.16,0.17,0.83,0.84,0.01,0.01,75796.86,1776512607000
1776512609.429,209.429,0.16,0.17,0.83,0.85,0.01,0.02,75796.86,1776512607000
1776512609.798,209.798,0.15,0.16,0.84,0.85,0.01,0.01,75796.86,1776512608000
1776512610.41,210.41,0.15,0.16,0.84,0.85,0.01,0.01,75797.13,1776512609000
1776512610.746,210.746,0.15,0.16,0.84,0.85,0.01,0.01,75797.13,1776512609000
1776512611.121,211.121,0.15,0.16,0.84,0.85,0.01,0.01,75797.13,1776512609000
1776512611.566,211.566,0.15,0.16,0.84,0.85,0.01,0.01,75797.13,1776512609000
1776512611.915,211.915,0.15,0.16,0.84,0.85,0.01,0.01,75797.13,1776512609000
1776512612.272,212.272,0.15,0.16,0.84,0.85,0.01,0.01,75793.06,1776512611000
1776512612.872,212.872,0.14,0.15,0.85,0.86,0.01,0.01,75793.06,1776512611000
1776512613.213,213.213,0.14,0.15,0.85,0.86,0.01,0.01,75793.06,1776512611000
1776512613.957,213.957,0.14,0.15,0.85,0.86,0.01,0.01,75796.9,1776512613000
1776512614.323,214.323,0.14,0.15,0.85,0.86,0.01,0.01,75796.9,1776512613000
1776512614.776,214.776,0.14,0.15,0.85,0.86,0.01,0.01,75796.9,1776512613000
1776512615.137,215.137,0.14,0.15,0.85,0.86,0.01,0.01,75796.9,1776512613000
1776512615.773,215.773,0.14,0.15,0.85,0.86,0.01,0.01,75796.87,1776512614000
1776512616.301,216.301,0.14,0.15,0.85,0.86,0.01,0.01,75796.87,1776512614000
1776512617.138,217.138,0.14,0.15,0.85,0.86,0.01,0.01,75796.73,1776512615000
1776512617.473,217.473,0.14,0.15,0.85,0.86,0.01,0.01,75796.75,1776512616000
1776512617.907,217.907,0.14,0.15,0.85,0.86,0.01,0.01,75796.75,1776512617000
1776512618.243,218.243,0.14,0.15,0.85,0.86,0.01,0.01,75796.75,1776512617000
1776512618.605,218.605,0.16,0.17,0.82,0.84,0.01,0.02,75796.75,1776512617000
1776512618.959,218.959,0.18,0.19,0.8,0.82,0.01,0.02,75796.75,1776512617000
1776512619.296,219.296,0.18,0.19,0.81,0.82,0.01,0.01,75796.94,1776512618000
1776512619.931,219.931,0.18,0.19,0.81,0.82,0.01,0.01,75796.94,1776512618000
1776512620.395,220.395,0.17,0.19,0.81,0.82,0.02,0.01,75798.02,1776512619000
1776512620.981,220.981,0.17,0.18,0.82,0.83,0.01,0.01,75798.02,1776512619000
1776512621.663,221.663,0.17,0.18,0.82,0.83,0.01,0.01,75805.74,1776512620000
1776512622.414,222.414,0.16,0.18,0.82,0.84,0.02,0.02,75806.25,1776512621000
1776512623.013,223.013,0.16,0.18,0.82,0.84,0.02,0.02,75806.25,1776512622000
1776512623.792,223.792,0.16,0.17,0.82,0.84,0.01,0.02,75806.25,1776512622000
1776512624.544,224.544,0.16,0.17,0.83,0.84,0.01,0.01,75806.2,1776512623000
1776512625.117,225.117,0.16,0.17,0.83,0.84,0.01,0.01,75806.14,1776512624000
1776512625.514,225.514,0.16,0.17,0.83,0.84,0.01,0.01,75806.14,1776512624000
1776512625.861,225.861,0.14,0.15,0.85,0.86,0.01,0.01,75806.14,1776512624000
1776512626.692,226.692,0.13,0.14,0.86,0.87,0.01,0.01,75806.14,1776512624000
1776512627.166,227.166,0.13,0.14,0.86,0.87,0.01,0.01,75806.37,1776512625000
1776512627.661,227.661,0.13,0.14,0.86,0.87,0.01,0.01,75804.96,1776512626000
1776512628.062,228.062,0.12,0.13,0.87,0.88,0.01,0.01,75804.96,1776512626000
1776512628.816,228.816,0.12,0.13,0.87,0.88,0.01,0.01,75803.59,1776512627000
1776512629.366,229.366,0.12,0.13,0.87,0.88,0.01,0.01,75803.93,1776512628000
1776512629.933,229.933,0.12,0.13,0.87,0.88,0.01,0.01,75803.45,1776512629000
1776512630.692,230.692,0.12,0.15,0.87,0.88,0.03,0.01,75803.45,1776512629000
1776512631.194,231.194,0.12,0.13,0.85,0.88,0.01,0.03,75803.54,1776512630000
1776512631.818,231.818,0.12,0.13,0.87,0.88,0.01,0.01,75803.54,1776512630000
1776512632.238,232.238,0.12,0.13,0.87,0.88,0.01,0.01,75799.75,1776512631000
1776512632.664,232.664,0.12,0.13,0.87,0.88,0.01,0.01,75799.75,1776512631000
1776512633.0,233.0,0.12,0.14,0.86,0.88,0.02,0.02,75799.75,1776512631000
1776512633.34,233.34,0.12,0.14,0.86,0.88,0.02,0.02,75801.47,1776512632000
1776512633.73,233.73,0.13,0.15,0.86,0.88,0.02,0.02,75801.47,1776512632000
1776512634.091,234.091,0.13,0.14,0.86,0.87,0.01,0.01,75804.78,1776512633000
1776512634.515,234.515,0.14,0.15,0.85,0.87,0.01,0.02,75804.78,1776512633000
1776512634.975,234.975,0.14,0.15,0.85,0.86,0.01,0.01,75804.78,1776512633000
1776512635.422,235.422,0.14,0.15,0.85,0.86,0.01,0.01,75808.41,1776512634000
1776512635.775,235.775,0.15,0.16,0.84,0.85,0.01,0.01,75808.41,1776512634000
1776512636.897,236.897,0.15,0.16,0.84,0.85,0.01,0.01,75808.46,1776512635000
1776512637.286,237.286,0.15,0.16,0.84,0.85,0.01,0.01,75807.77,1776512636000
1776512637.966,237.966,0.15,0.16,0.84,0.85,0.01,0.01,75808.12,1776512637000
1776512638.44,238.44,0.15,0.16,0.84,0.85,0.01,0.01,75808.12,1776512637000
1776512638.936,238.936,0.15,0.16,0.84,0.85,0.01,0.01,75808.12,1776512637000
1776512639.453,239.453,0.15,0.16,0.84,0.85,0.01,0.01,75808.12,1776512638000
1776512639.89,239.89,0.15,0.16,0.84,0.85,0.01,0.01,75808.12,1776512638000
1776512640.278,240.278,0.15,0.16,0.84,0.85,0.01,0.01,75808.12,1776512638000
1776512640.637,240.637,0.15,0.16,0.84,0.85,0.01,0.01,75808.17,1776512639000
1776512641.36,241.36,0.15,0.16,0.84,0.85,0.01,0.01,75808.17,1776512639000
1776512641.842,241.842,0.15,0.16,0.84,0.85,0.01,0.01,75808.17,1776512639000
1776512642.324,242.324,0.15,0.16,0.84,0.85,0.01,0.01,75808.17,1776512639000
1776512642.671,242.671,0.15,0.16,0.84,0.85,0.01,0.01,75808.18,1776512641000
1776512643.008,243.008,0.15,0.19,0.81,0.85,0.04,0.04,75808.18,1776512641000
1776512643.341,243.341,0.19,0.2,0.8,0.81,0.01,0.01,75808.18,1776512642000
1776512643.676,243.676,0.22,0.24,0.76,0.79,0.02,0.03,75808.18,1776512642000
1776512644.118,244.118,0.22,0.24,0.77,0.79,0.02,0.02,75808.18,1776512642000
1776512644.773,244.773,0.22,0.23,0.76,0.78,0.01,0.02,75808.18,1776512642000
1776512645.318,245.318,0.25,0.27,0.73,0.75,0.02,0.02,75814.31,1776512643000
1776512645.846,245.846,0.28,0.29,0.69,0.72,0.01,0.03,75829.79,1776512644000
1776512646.373,246.373,0.28,0.29,0.71,0.72,0.01,0.01,75829.79,1776512645000
1776512647.161,247.161,0.28,0.3,0.7,0.72,0.02,0.02,75831.05,1776512646000
1776512647.497,247.497,0.28,0.3,0.69,0.72,0.02,0.03,75831.05,1776512646000
1776512647.946,247.946,0.28,0.29,0.71,0.72,0.01,0.01,75831.05,1776512646000
1776512648.477,248.477,0.28,0.29,0.71,0.72,0.01,0.01,75831.05,1776512646000
1776512648.813,248.813,0.28,0.29,0.71,0.72,0.01,0.01,75831.16,1776512647000
1776512649.547,249.547,0.28,0.29,0.71,0.72,0.01,0.01,75831.16,1776512647000
1776512649.884,249.884,0.28,0.29,0.71,0.72,0.01,0.01,75831.17,1776512648000
1776512650.325,250.325,0.28,0.29,0.71,0.72,0.01,0.01,75831.12,1776512649000
1776512650.975,250.975,0.28,0.29,0.71,0.72,0.01,0.01,75831.12,1776512649000
1776512651.37,251.37,0.28,0.29,0.71,0.72,0.01,0.01,75831.12,1776512649000
1776512651.706,251.706,0.28,0.29,0.71,0.72,0.01,0.01,75831.12,1776512649000
1776512652.373,252.373,0.28,0.29,0.71,0.72,0.01,0.01,75831.2,1776512650000
1776512653.017,253.017,0.28,0.29,0.71,0.72,0.01,0.01,75831.34,1776512651000
1776512653.426,253.426,0.28,0.29,0.71,0.72,0.01,0.01,75831.34,1776512651000
1776512654.34,254.34,0.28,0.29,0.71,0.72,0.01,0.01,75831.84,1776512652000
1776512654.966,254.966,0.3,0.31,0.69,0.72,0.01,0.03,75831.85,1776512653000
1776512655.577,255.577,0.3,0.31,0.69,0.7,0.01,0.01,75831.85,1776512653000
1776512656.35,256.35,0.3,0.31,0.69,0.7,0.01,0.01,75831.86,1776512654000
1776512656.795,256.795,0.3,0.31,0.69,0.7,0.01,0.01,75831.86,1776512655000
1776512657.45,257.45,0.3,0.31,0.69,0.7,0.01,0.01,75831.86,1776512655000
1776512657.824,257.824,0.31,0.36,0.67,0.69,0.05,0.02,75832.21,1776512656000
1776512658.173,258.173,0.4,0.43,0.61,0.64,0.03,0.03,75832.21,1776512657000
1776512659.573,259.573,0.43,0.46,0.54,0.57,0.03,0.03,75836.52,1776512658000
1776512660.247,260.247,0.44,0.45,0.54,0.57,0.01,0.03,75836.52,1776512658000
1776512660.617,260.617,0.44,0.46,0.54,0.56,0.02,0.02,75845.81,1776512659000
1776512661.045,261.045,0.46,0.5,0.5,0.54,0.04,0.04,75852.14,1776512660000
1776512661.382,261.382,0.51,0.57,0.43,0.49,0.06,0.06,75852.14,1776512660000
1776512661.735,261.735,0.52,0.54,0.46,0.53,0.02,0.07,75852.14,1776512660000
1776512662.099,262.099,0.53,0.56,0.44,0.47,0.03,0.03,75852.35,1776512661000
1776512662.579,262.579,0.53,0.54,0.44,0.47,0.01,0.03,75852.35,1776512661000
1776512662.914,262.914,0.53,0.56,0.44,0.47,0.03,0.03,75852.35,1776512661000
1776512663.274,263.274,0.54,0.55,0.44,0.46,0.01,0.02,75852.62,1776512662000
1776512663.649,263.649,0.54,0.55,0.45,0.46,0.01,0.01,75852.62,1776512662000
1776512664.028,264.028,0.55,0.56,0.44,0.45,0.01,0.01,75852.63,1776512663000
1776512664.368,264.368,0.55,0.56,0.44,0.45,0.01,0.01,75852.63,1776512663000
1776512664.838,264.838,0.56,0.57,0.43,0.44,0.01,0.01,75852.63,1776512663000
1776512665.193,265.193,0.6,0.61,0.39,0.4,0.01,0.01,75855.47,1776512664000
1776512665.528,265.528,0.61,0.63,0.38,0.39,0.02,0.01,75855.47,1776512664000
1776512665.867,265.867,0.64,0.65,0.35,0.36,0.01,0.01,75855.47,1776512664000
1776512666.21,266.21,0.64,0.65,0.35,0.36,0.01,0.01,75855.9,1776512665000
1776512666.562,266.562,0.64,0.65,0.35,0.36,0.01,0.01,75855.9,1776512665000
1776512666.988,266.988,0.67,0.68,0.32,0.34,0.01,0.02,75855.9,1776512665000
1776512667.361,267.361,0.68,0.69,0.31,0.32,0.01,0.01,75856.03,1776512666000
1776512667.697,267.697,0.68,0.69,0.31,0.32,0.01,0.01,75856.03,1776512666000
1776512668.045,268.045,0.68,0.69,0.31,0.32,0.01,0.01,75861.35,1776512667000
1776512668.408,268.408,0.68,0.69,0.31,0.32,0.01,0.01,75861.35,1776512667000
1776512668.795,268.795,0.72,0.73,0.27,0.29,0.01,0.02,75861.35,1776512667000
1776512669.169,269.169,0.72,0.76,0.25,0.28,0.04,0.03,75866.44,1776512668000
1776512669.507,269.507,0.75,0.76,0.23,0.25,0.01,0.02,75866.44,1776512668000
1776512669.85,269.85,0.75,0.76,0.24,0.25,0.01,0.01,75866.44,1776512668000
1776512670.238,270.238,0.73,0.74,0.26,0.27,0.01,0.01,75868.98,1776512669000
1776512670.599,270.599,0.71,0.72,0.28,0.29,0.01,0.01,75868.98,1776512669000
1776512670.943,270.943,0.72,0.73,0.27,0.28,0.01,0.01,75868.98,1776512669000
1776512671.351,271.351,0.72,0.73,0.27,0.28,0.01,0.01,75871.22,1776512670000
1776512671.735,271.735,0.72,0.73,0.27,0.28,0.01,0.01,75871.22,1776512670000
1776512672.138,272.138,0.74,0.75,0.26,0.28,0.01,0.02,75871.22,1776512670000
1776512672.502,272.502,0.74,0.75,0.25,0.26,0.01,0.01,75871.65,1776512671000
1776512673.087,273.087,0.75,0.76,0.24,0.26,0.01,0.02,75871.65,1776512671000
1776512673.454,273.454,0.75,0.76,0.24,0.25,0.01,0.01,75871.69,1776512672000
1776512674.093,274.093,0.76,0.77,0.23,0.25,0.01,0.02,75871.69,1776512672000
1776512674.55,274.55,0.76,0.77,0.23,0.24,0.01,0.01,75871.69,1776512672000
1776512674.939,274.939,0.76,0.77,0.23,0.24,0.01,0.01,75871.69,1776512672000
1776512675.328,275.328,0.77,0.78,0.22,0.23,0.01,0.01,75871.69,1776512672000
1776512676.178,276.178,0.77,0.78,0.22,0.23,0.01,0.01,75871.94,1776512674000
1776512676.535,276.535,0.77,0.78,0.22,0.23,0.01,0.01,75871.96,1776512675000
1776512677.005,277.005,0.77,0.78,0.22,0.23,0.01,0.01,75871.96,1776512675000
1776512677.347,277.347,0.77,0.78,0.22,0.23,0.01,0.01,75872.0,1776512676000
1776512677.692,277.692,0.79,0.8,0.22,0.23,0.01,0.01,75872.0,1776512676000
1776512678.365,278.365,0.8,0.81,0.19,0.21,0.01,0.02,75872.0,1776512676000
1776512678.734,278.734,0.81,0.82,0.18,0.19,0.01,0.01,75872.37,1776512677000
1776512679.079,279.079,0.8,0.81,0.19,0.2,0.01,0.01,75872.37,1776512677000
1776512679.416,279.416,0.76,0.8,0.19,0.2,0.04,0.01,75872.39,1776512678000
1776512679.792,279.792,0.77,0.78,0.22,0.23,0.01,0.01,75872.39,1776512678000
1776512680.126,280.126,0.77,0.78,0.22,0.23,0.01,0.01,75873.25,1776512679000
1776512680.49,280.49,0.76,0.78,0.22,0.24,0.02,0.02,75873.25,1776512679000
1776512680.849,280.849,0.79,0.8,0.2,0.21,0.01,0.01,75873.25,1776512679000
1776512681.248,281.248,0.81,0.82,0.19,0.21,0.01,0.02,75873.25,1776512679000
1776512681.595,281.595,0.81,0.82,0.18,0.19,0.01,0.01,75873.57,1776512680000
1776512681.958,281.958,0.74,0.75,0.24,0.26,0.01,0.02,75873.57,1776512680000
1776512682.316,282.316,0.74,0.75,0.25,0.26,0.01,0.01,75873.6,1776512681000
1776512682.671,282.671,0.77,0.78,0.22,0.23,0.01,0.01,75873.6,1776512681000
1776512683.058,283.058,0.78,0.79,0.21,0.22,0.01,0.01,75873.6,1776512681000
1776512683.509,283.509,0.78,0.79,0.21,0.22,0.01,0.01,75872.86,1776512682000
1776512683.891,283.891,0.78,0.79,0.21,0.22,0.01,0.01,75872.86,1776512682000
1776512684.365,284.365,0.79,0.8,0.2,0.21,0.01,0.01,75869.24,1776512683000
1776512685.019,285.019,0.79,0.8,0.2,0.21,0.01,0.01,75869.24,1776512683000
1776512685.461,285.461,0.79,0.81,0.2,0.21,0.02,0.01,75869.24,1776512683000
1776512685.795,285.795,0.8,0.83,0.19,0.2,0.03,0.01,75869.44,1776512684000
1776512686.171,286.171,0.8,0.81,0.19,0.2,0.01,0.01,75870.14,1776512685000
1776512686.578,286.578,0.76,0.77,0.19,0.25,0.01,0.06,75870.14,1776512685000
1776512687.222,287.222,0.79,0.8,0.22,0.24,0.01,0.02,75870.14,1776512685000
1776512687.582,287.582,0.79,0.8,0.19,0.22,0.01,0.03,75870.14,1776512685000
1776512687.927,287.927,0.79,0.8,0.2,0.21,0.01,0.01,75870.26,1776512686000
1776512688.36,288.36,0.79,0.81,0.2,0.21,0.02,0.01,75870.26,1776512687000
1776512688.753,288.753,0.8,0.81,0.19,0.2,0.01,0.01,75870.26,1776512687000
1776512689.124,289.124,0.8,0.81,0.19,0.2,0.01,0.01,75870.26,1776512687000
1776512689.616,289.616,0.81,0.83,0.17,0.19,0.02,0.02,75870.93,1776512688000
1776512690.201,290.201,0.83,0.84,0.17,0.18,0.01,0.01,75870.93,1776512688000
1776512690.546,290.546,0.84,0.85,0.15,0.17,0.01,0.02,75870.93,1776512689000
1776512691.041,291.041,0.86,0.87,0.13,0.14,0.01,0.01,75870.83,1776512690000
1776512691.449,291.449,0.87,0.89,0.13,0.14,0.02,0.01,75870.83,1776512690000
1776512691.806,291.806,0.88,0.89,0.11,0.12,0.01,0.01,75870.83,1776512690000
1776512692.338,292.338,0.88,0.89,0.11,0.12,0.01,0.01,75871.18,1776512691000
1776512692.69,292.69,0.9,0.91,0.09,0.11,0.01,0.02,75871.18,1776512691000
1776512693.054,293.054,0.91,0.92,0.08,0.09,0.01,0.01,75871.87,1776512692000
1776512693.401,293.401,0.92,0.93,0.07,0.08,0.01,0.01,75871.87,1776512692000
1776512693.838,293.838,0.89,0.9,0.09,0.11,0.01,0.02,75871.87,1776512692000
1776512694.235,294.235,0.94,0.95,0.08,0.11,0.01,0.03,75872.55,1776512693000
1776512694.581,294.581,0.91,0.95,0.05,0.1,0.04,0.05,75872.55,1776512693000
1776512694.914,294.914,0.95,0.97,0.03,0.05,0.02,0.02,75872.55,1776512693000
1776512695.249,295.249,0.95,0.96,0.04,0.05,0.01,0.01,75872.55,1776512693000
1776512695.598,295.598,0.96,0.97,0.03,0.04,0.01,0.01,75872.55,1776512694000
1776512695.997,295.997,0.97,0.98,0.02,0.03,0.01,0.01,75869.44,1776512695000
1776512696.337,296.337,0.97,0.98,0.02,0.03,0.01,0.01,75869.44,1776512695000
1776512696.676,296.676,0.97,0.98,0.02,0.03,0.01,0.01,75869.44,1776512695000
1776512697.01,297.01,0.97,0.98,0.02,0.03,0.01,0.01,75869.44,1776512695000
1776512697.358,297.358,0.98,0.99,0.01,0.02,0.01,0.01,75869.44,1776512696000
1776512697.692,297.692,0.98,0.99,0.01,0.02,0.01,0.01,75869.44,1776512696000
1776512698.031,298.031,0.98,0.99,0.01,0.02,0.01,0.01,75869.44,1776512696000
1776512698.394,298.394,0.98,0.99,0.01,0.02,0.01,0.01,75869.44,1776512696000
1776512698.791,298.791,0.99,0.99,0.01,0.01,0.0,0.0,75868.2,1776512697000
1776512699.134,299.134,0.99,0.99,0.01,0.01,0.0,0.0,75868.2,1776512698000
1776512699.497,299.497,0.99,0.99,0.01,0.01,0.0,0.0,75868.2,1776512698000
1776512699.97,299.97,0.99,0.99,0.01,0.01,0.0,0.0,75868.2,1776512698000
1776512700.398,300.398,0.99,0.99,0.01,0.01,0.0,0.0,75868.54,1776512699000
1776512701.309,301.309,0.99,0.99,0.01,0.01,0.0,0.0,75868.73,1776512700000
1776512702.546,302.546,0.99,0.99,0.01,0.01,0.0,0.0,75871.33,1776512701000

# RESULT,winner=Up,slug=btc-updown-5m-1776512400,ticks=704
