timestamp,elapsed_sec,up_bid,up_ask,down_bid,down_ask,up_spread,down_spread,btc_price,btc_oracle_ts
1776607800.501,0.501,0.55,0.56,0.44,0.45,0.01,0.01,75728.15,1776607799000
1776607801.19,1.19,0.55,0.57,0.44,0.45,0.02,0.01,75728.15,1776607799000
1776607801.831,1.831,0.56,0.57,0.43,0.44,0.01,0.01,75728.13,1776607800000
1776607802.298,2.298,0.54,0.55,0.45,0.46,0.01,0.01,75728.13,1776607800000
1776607802.829,2.829,0.56,0.57,0.43,0.44,0.01,0.01,75728.85,1776607801000
1776607803.173,3.173,0.56,0.57,0.43,0.44,0.01,0.01,75728.85,1776607801000
1776607803.511,3.511,0.54,0.56,0.43,0.45,0.02,0.02,75732.07,1776607802000
1776607803.847,3.847,0.54,0.55,0.45,0.46,0.01,0.01,75732.07,1776607802000
1776607804.191,4.191,0.54,0.55,0.45,0.46,0.01,0.01,75730.98,1776607803000
1776607804.743,4.743,0.54,0.55,0.45,0.46,0.01,0.01,75730.98,1776607803000
1776607805.156,5.156,0.54,0.55,0.45,0.46,0.01,0.01,75729.63,1776607804000
1776607805.635,5.635,0.54,0.55,0.45,0.46,0.01,0.01,75729.63,1776607804000
1776607805.969,5.969,0.54,0.55,0.45,0.46,0.01,0.01,75729.63,1776607804000
1776607806.347,6.347,0.54,0.55,0.45,0.46,0.01,0.01,75729.63,1776607804000
1776607806.819,6.819,0.54,0.55,0.45,0.46,0.01,0.01,75727.96,1776607805000
1776607807.239,7.239,0.52,0.53,0.47,0.48,0.01,0.01,75727.96,1776607805000
1776607807.756,7.756,0.52,0.53,0.47,0.48,0.01,0.01,75727.71,1776607806000
1776607808.14,8.14,0.51,0.52,0.48,0.49,0.01,0.01,75727.39,1776607807000
1776607808.503,8.503,0.51,0.52,0.48,0.49,0.01,0.01,75727.39,1776607807000
1776607808.871,8.871,0.51,0.52,0.48,0.49,0.01,0.01,75727.39,1776607807000
1776607809.356,9.356,0.51,0.52,0.48,0.49,0.01,0.01,75725.32,1776607808000
1776607809.975,9.975,0.51,0.52,0.48,0.49,0.01,0.01,75725.32,1776607808000
1776607810.417,10.417,0.51,0.52,0.48,0.49,0.01,0.01,75722.78,1776607809000
1776607810.857,10.857,0.51,0.52,0.48,0.49,0.01,0.01,75722.78,1776607809000
1776607811.217,11.217,0.51,0.52,0.48,0.49,0.01,0.01,75722.78,1776607809000
1776607811.677,11.677,0.51,0.52,0.48,0.49,0.01,0.01,75722.78,1776607810000
1776607812.093,12.093,0.51,0.52,0.48,0.49,0.01,0.01,75722.78,1776607810000
1776607812.474,12.474,0.51,0.52,0.48,0.49,0.01,0.01,75722.54,1776607811000
1776607812.809,12.809,0.51,0.52,0.48,0.49,0.01,0.01,75722.54,1776607811000
1776607813.264,13.264,0.51,0.52,0.48,0.49,0.01,0.01,75722.54,1776607812000
1776607813.653,13.653,0.51,0.52,0.48,0.49,0.01,0.01,75722.54,1776607812000
1776607814.013,14.013,0.51,0.52,0.48,0.49,0.01,0.01,75722.54,1776607812000
1776607814.622,14.622,0.51,0.52,0.48,0.49,0.01,0.01,75722.42,1776607813000
1776607814.973,14.973,0.51,0.52,0.48,0.49,0.01,0.01,75722.42,1776607813000
1776607815.307,15.307,0.49,0.5,0.48,0.51,0.01,0.03,75722.42,1776607814000
1776607815.661,15.661,0.49,0.5,0.5,0.51,0.01,0.01,75722.42,1776607814000
1776607816.006,16.006,0.49,0.5,0.5,0.51,0.01,0.01,75722.42,1776607814000
1776607816.599,16.599,0.49,0.5,0.5,0.51,0.01,0.01,75722.55,1776607815000
1776607817.009,17.009,0.49,0.5,0.5,0.51,0.01,0.01,75722.55,1776607815000
1776607817.411,17.411,0.49,0.5,0.5,0.51,0.01,0.01,75722.03,1776607816000
1776607818.147,18.147,0.49,0.5,0.5,0.51,0.01,0.01,75722.03,1776607816000
1776607819.283,19.283,0.49,0.5,0.5,0.51,0.01,0.01,75724.43,1776607818000
1776607819.67,19.67,0.49,0.51,0.5,0.51,0.02,0.01,75724.43,1776607818000
1776607820.024,20.024,0.52,0.55,0.45,0.48,0.03,0.03,75724.43,1776607818000
1776607820.361,20.361,0.51,0.53,0.47,0.49,0.02,0.02,75724.43,1776607818000
1776607820.697,20.697,0.54,0.55,0.45,0.46,0.01,0.01,75734.69,1776607819000
1776607821.044,21.044,0.57,0.58,0.42,0.44,0.01,0.02,75736.59,1776607820000
1776607821.436,21.436,0.57,0.58,0.42,0.43,0.01,0.01,75736.59,1776607820000
1776607821.773,21.773,0.57,0.58,0.42,0.43,0.01,0.01,75736.59,1776607820000
1776607822.114,22.114,0.57,0.58,0.42,0.43,0.01,0.01,75737.91,1776607821000
1776607822.46,22.46,0.57,0.58,0.42,0.43,0.01,0.01,75737.91,1776607821000
1776607822.795,22.795,0.57,0.58,0.42,0.43,0.01,0.01,75737.91,1776607821000
1776607823.197,23.197,0.57,0.58,0.42,0.43,0.01,0.01,75737.9,1776607822000
1776607823.704,23.704,0.57,0.58,0.42,0.43,0.01,0.01,75737.9,1776607822000
1776607824.046,24.046,0.6,0.64,0.36,0.4,0.04,0.04,75738,1776607823000
1776607824.417,24.417,0.6,0.63,0.39,0.4,0.03,0.01,75738,1776607823000
1776607825.088,25.088,0.64,0.66,0.34,0.36,0.02,0.02,75738,1776607824000
1776607825.768,25.768,0.65,0.66,0.33,0.35,0.01,0.02,75738,1776607824000
1776607826.102,26.102,0.65,0.66,0.34,0.35,0.01,0.01,75746.68,1776607825000
1776607826.663,26.663,0.65,0.66,0.34,0.35,0.01,0.01,75746.68,1776607825000
1776607827.008,27.008,0.65,0.66,0.34,0.35,0.01,0.01,75753.48,1776607826000
1776607827.366,27.366,0.65,0.66,0.34,0.35,0.01,0.01,75753.48,1776607826000
1776607827.721,27.721,0.65,0.66,0.34,0.35,0.01,0.01,75753.48,1776607826000
1776607828.091,28.091,0.65,0.66,0.34,0.36,0.01,0.02,75762.42,1776607827000
1776607828.469,28.469,0.68,0.69,0.31,0.32,0.01,0.01,75762.42,1776607827000
1776607828.803,28.803,0.66,0.71,0.29,0.34,0.05,0.05,75762.42,1776607827000
1776607829.437,29.437,0.67,0.68,0.28,0.33,0.01,0.05,75762.42,1776607827000
1776607829.846,29.846,0.68,0.73,0.27,0.32,0.05,0.05,75761.73,1776607828000
1776607830.204,30.204,0.7,0.72,0.28,0.31,0.02,0.03,75767.04,1776607829000
1776607830.601,30.601,0.71,0.73,0.27,0.29,0.02,0.02,75767.04,1776607829000
1776607830.942,30.942,0.72,0.73,0.27,0.28,0.01,0.01,75767.04,1776607829000
1776607831.276,31.276,0.74,0.75,0.24,0.28,0.01,0.04,75767.65,1776607830000
1776607831.625,31.625,0.74,0.75,0.25,0.26,0.01,0.01,75767.65,1776607830000
1776607831.96,31.96,0.74,0.75,0.25,0.26,0.01,0.01,75767.65,1776607830000
1776607832.294,32.294,0.74,0.75,0.25,0.26,0.01,0.01,75771.17,1776607831000
1776607832.638,32.638,0.74,0.75,0.25,0.26,0.01,0.01,75771.17,1776607831000
1776607832.979,32.979,0.74,0.75,0.25,0.26,0.01,0.01,75772.04,1776607832000
1776607833.983,33.983,0.72,0.73,0.27,0.28,0.01,0.01,75772.82,1776607833000
1776607834.893,34.893,0.72,0.73,0.27,0.28,0.01,0.01,75772.82,1776607833000
1776607835.251,35.251,0.72,0.74,0.27,0.28,0.02,0.01,75772.29,1776607834000
1776607835.616,35.616,0.72,0.73,0.27,0.28,0.01,0.01,75772.29,1776607834000
1776607835.962,35.962,0.72,0.73,0.27,0.28,0.01,0.01,75772.02,1776607835000
1776607836.35,36.35,0.72,0.73,0.27,0.28,0.01,0.01,75772.02,1776607835000
1776607836.687,36.687,0.72,0.73,0.27,0.28,0.01,0.01,75772.02,1776607835000
1776607837.076,37.076,0.72,0.73,0.27,0.28,0.01,0.01,75773.75,1776607836000
1776607837.414,37.414,0.72,0.73,0.27,0.3,0.01,0.03,75773.75,1776607836000
1776607837.775,37.775,0.72,0.73,0.27,0.3,0.01,0.03,75773.75,1776607836000
1776607838.109,38.109,0.69,0.71,0.29,0.31,0.02,0.02,75773.75,1776607836000
1776607838.445,38.445,0.68,0.7,0.3,0.31,0.02,0.01,75765.57,1776607837000
1776607838.889,38.889,0.69,0.7,0.3,0.31,0.01,0.01,75765.57,1776607837000
1776607839.235,39.235,0.69,0.7,0.3,0.31,0.01,0.01,75765.57,1776607837000
1776607839.595,39.595,0.69,0.7,0.3,0.31,0.01,0.01,75762.58,1776607838000
1776607840.004,40.004,0.69,0.7,0.3,0.31,0.01,0.01,75762.58,1776607838000
1776607840.401,40.401,0.69,0.7,0.3,0.31,0.01,0.01,75762.88,1776607839000
1776607840.77,40.77,0.69,0.7,0.3,0.31,0.01,0.01,75762.88,1776607839000
1776607841.126,41.126,0.69,0.7,0.3,0.31,0.01,0.01,75762.88,1776607839000
1776607841.778,41.778,0.68,0.69,0.31,0.32,0.01,0.01,75762.88,1776607840000
1776607842.122,42.122,0.68,0.69,0.31,0.32,0.01,0.01,75762.88,1776607840000
1776607842.46,42.46,0.68,0.69,0.31,0.32,0.01,0.01,75762.73,1776607841000
1776607843.104,43.104,0.68,0.69,0.31,0.32,0.01,0.01,75762.73,1776607841000
1776607843.723,43.723,0.68,0.69,0.31,0.32,0.01,0.01,75761.85,1776607842000
1776607844.211,44.211,0.68,0.69,0.31,0.32,0.01,0.01,75763.02,1776607843000
1776607844.684,44.684,0.68,0.69,0.31,0.32,0.01,0.01,75763.02,1776607843000
1776607845.126,45.126,0.68,0.69,0.31,0.32,0.01,0.01,75763.02,1776607844000
1776607845.501,45.501,0.68,0.69,0.31,0.32,0.01,0.01,75763.02,1776607844000
1776607845.874,45.874,0.68,0.7,0.31,0.32,0.02,0.01,75763.02,1776607844000
1776607846.217,46.217,0.69,0.7,0.3,0.31,0.01,0.01,75762.96,1776607845000
1776607846.554,46.554,0.69,0.7,0.3,0.31,0.01,0.01,75762.96,1776607845000
1776607846.889,46.889,0.69,0.7,0.3,0.31,0.01,0.01,75762.96,1776607845000
1776607847.364,47.364,0.69,0.7,0.3,0.31,0.01,0.01,75762.92,1776607846000
1776607847.838,47.838,0.7,0.71,0.29,0.31,0.01,0.02,75762.92,1776607846000
1776607848.204,48.204,0.7,0.72,0.29,0.3,0.02,0.01,75764.2,1776607847000
1776607848.551,48.551,0.71,0.72,0.28,0.29,0.01,0.01,75764.2,1776607847000
1776607848.973,48.973,0.71,0.72,0.28,0.29,0.01,0.01,75764.2,1776607847000
1776607849.453,49.453,0.71,0.72,0.28,0.29,0.01,0.01,75764.47,1776607848000
1776607849.792,49.792,0.71,0.72,0.28,0.29,0.01,0.01,75764.47,1776607848000
1776607850.247,50.247,0.71,0.72,0.28,0.29,0.01,0.01,75765.01,1776607849000
1776607850.929,50.929,0.71,0.72,0.28,0.29,0.01,0.01,75765.01,1776607849000
1776607851.365,51.365,0.71,0.72,0.28,0.29,0.01,0.01,75766.34,1776607850000
1776607851.801,51.801,0.71,0.72,0.28,0.29,0.01,0.01,75765.45,1776607851000
1776607852.325,52.325,0.71,0.72,0.28,0.29,0.01,0.01,75765.45,1776607851000
1776607852.874,52.874,0.7,0.72,0.28,0.29,0.02,0.01,75765.45,1776607851000
1776607853.336,53.336,0.69,0.7,0.3,0.31,0.01,0.01,75765.45,1776607851000
1776607853.769,53.769,0.69,0.7,0.3,0.31,0.01,0.01,75768.28,1776607852000
1776607854.172,54.172,0.69,0.7,0.3,0.31,0.01,0.01,75768.28,1776607852000
1776607854.534,54.534,0.69,0.7,0.3,0.31,0.01,0.01,75768.28,1776607852000
1776607854.947,54.947,0.69,0.7,0.3,0.31,0.01,0.01,75767.77,1776607853000
1776607855.483,55.483,0.69,0.7,0.3,0.31,0.01,0.01,75764.52,1776607854000
1776607855.979,55.979,0.69,0.7,0.3,0.31,0.01,0.01,75764.52,1776607855000
1776607856.371,56.371,0.69,0.71,0.3,0.31,0.02,0.01,75764.52,1776607855000
1776607856.862,56.862,0.69,0.7,0.3,0.31,0.01,0.01,75764.52,1776607855000
1776607857.197,57.197,0.7,0.71,0.29,0.3,0.01,0.01,75763.96,1776607856000
1776607858.006,58.006,0.71,0.72,0.28,0.29,0.01,0.01,75763.96,1776607856000
1776607858.358,58.358,0.72,0.73,0.27,0.28,0.01,0.01,75764.0,1776607857000
1776607858.997,58.997,0.72,0.73,0.27,0.28,0.01,0.01,75764.0,1776607857000
1776607859.415,59.415,0.72,0.73,0.27,0.28,0.01,0.01,75764.28,1776607858000
1776607859.778,59.778,0.72,0.73,0.27,0.28,0.01,0.01,75764.28,1776607858000
1776607860.117,60.117,0.72,0.73,0.27,0.28,0.01,0.01,75764.28,1776607858000
1776607860.505,60.505,0.72,0.73,0.27,0.28,0.01,0.01,75765.61,1776607859000
1776607860.897,60.897,0.72,0.73,0.27,0.28,0.01,0.01,75765.61,1776607859000
1776607861.293,61.293,0.72,0.73,0.27,0.28,0.01,0.01,75765.61,1776607859000
1776607861.948,61.948,0.72,0.73,0.27,0.28,0.01,0.01,75769.71,1776607861000
1776607862.296,62.296,0.72,0.73,0.27,0.28,0.01,0.01,75769.71,1776607861000
1776607862.633,62.633,0.72,0.73,0.27,0.28,0.01,0.01,75769.71,1776607861000
1776607863.005,63.005,0.72,0.73,0.27,0.28,0.01,0.01,75769.71,1776607861000
1776607863.432,63.432,0.72,0.73,0.27,0.28,0.01,0.01,75767.72,1776607862000
1776607863.772,63.772,0.74,0.75,0.25,0.26,0.01,0.01,75767.72,1776607862000
1776607864.118,64.118,0.74,0.75,0.25,0.26,0.01,0.01,75767.72,1776607862000
1776607864.467,64.467,0.74,0.75,0.25,0.26,0.01,0.01,75765.8,1776607863000
1776607864.974,64.974,0.74,0.75,0.25,0.26,0.01,0.01,75765.8,1776607863000
1776607865.318,65.318,0.7,0.72,0.28,0.3,0.02,0.02,75766.65,1776607864000
1776607865.886,65.886,0.7,0.71,0.29,0.3,0.01,0.01,75766.65,1776607864000
1776607866.22,66.22,0.7,0.71,0.29,0.3,0.01,0.01,75766.65,1776607864000
1776607866.861,66.861,0.7,0.71,0.29,0.3,0.01,0.01,75769.75,1776607865000
1776607867.203,67.203,0.7,0.71,0.29,0.3,0.01,0.01,75765.32,1776607866000
1776607867.56,67.56,0.7,0.71,0.29,0.3,0.01,0.01,75765.32,1776607866000
1776607868.01,68.01,0.7,0.71,0.29,0.3,0.01,0.01,75763.61,1776607867000
1776607868.829,68.829,0.7,0.71,0.29,0.3,0.01,0.01,75763.61,1776607867000
1776607869.196,69.196,0.7,0.71,0.29,0.3,0.01,0.01,75763.13,1776607868000
1776607869.713,69.713,0.7,0.71,0.29,0.3,0.01,0.01,75763.13,1776607868000
1776607870.203,70.203,0.7,0.71,0.29,0.3,0.01,0.01,75762.59,1776607869000
1776607870.575,70.575,0.7,0.71,0.29,0.3,0.01,0.01,75762.59,1776607869000
1776607870.961,70.961,0.69,0.7,0.3,0.31,0.01,0.01,75762.59,1776607869000
1776607871.37,71.37,0.69,0.7,0.3,0.31,0.01,0.01,75762.59,1776607869000
1776607871.86,71.86,0.69,0.7,0.3,0.31,0.01,0.01,75762.47,1776607870000
1776607872.291,72.291,0.69,0.7,0.3,0.31,0.01,0.01,75761.18,1776607871000
1776607872.78,72.78,0.69,0.7,0.3,0.31,0.01,0.01,75761.18,1776607871000
1776607873.199,73.199,0.69,0.7,0.3,0.31,0.01,0.01,75761.27,1776607872000
1776607873.815,73.815,0.69,0.7,0.3,0.31,0.01,0.01,75761.27,1776607872000
1776607874.203,74.203,0.69,0.7,0.3,0.31,0.01,0.01,75761.27,1776607872000
1776607874.539,74.539,0.69,0.7,0.3,0.31,0.01,0.01,75761.27,1776607873000
1776607875.033,75.033,0.69,0.7,0.3,0.31,0.01,0.01,75761.27,1776607873000
1776607875.577,75.577,0.69,0.7,0.3,0.31,0.01,0.01,75761.39,1776607874000
1776607875.916,75.916,0.69,0.7,0.3,0.31,0.01,0.01,75761.39,1776607874000
1776607876.42,76.42,0.69,0.7,0.3,0.31,0.01,0.01,75761.39,1776607875000
1776607877.035,77.035,0.69,0.7,0.3,0.31,0.01,0.01,75761.39,1776607875000
1776607877.399,77.399,0.69,0.7,0.3,0.31,0.01,0.01,75761.39,1776607875000
1776607877.754,77.754,0.69,0.7,0.3,0.31,0.01,0.01,75761.25,1776607876000
1776607878.227,78.227,0.69,0.7,0.3,0.31,0.01,0.01,75761.25,1776607876000
1776607878.626,78.626,0.69,0.7,0.3,0.31,0.01,0.01,75761.25,1776607877000
1776607879.001,79.001,0.69,0.7,0.3,0.31,0.01,0.01,75761.25,1776607878000
1776607879.383,79.383,0.69,0.7,0.3,0.31,0.01,0.01,75761.25,1776607878000
1776607880.132,80.132,0.69,0.7,0.3,0.31,0.01,0.01,75761.25,1776607879000
1776607880.677,80.677,0.69,0.7,0.3,0.31,0.01,0.01,75761.25,1776607879000
1776607881.085,81.085,0.69,0.7,0.29,0.31,0.01,0.02,75761.25,1776607879000
1776607881.561,81.561,0.69,0.7,0.3,0.31,0.01,0.01,75761.06,1776607880000
1776607881.983,81.983,0.69,0.7,0.3,0.31,0.01,0.01,75761.06,1776607880000
1776607882.387,82.387,0.69,0.7,0.3,0.31,0.01,0.01,75761.17,1776607881000
1776607882.782,82.782,0.69,0.7,0.3,0.31,0.01,0.01,75761.17,1776607881000
1776607883.237,83.237,0.69,0.7,0.3,0.31,0.01,0.01,75761.17,1776607882000
1776607883.654,83.654,0.69,0.7,0.3,0.31,0.01,0.01,75761.17,1776607882000
1776607884.048,84.048,0.69,0.7,0.3,0.31,0.01,0.01,75761.17,1776607882000
1776607884.395,84.395,0.69,0.7,0.3,0.31,0.01,0.01,75760.75,1776607883000
1776607885.071,85.071,0.69,0.7,0.3,0.31,0.01,0.01,75760.75,1776607883000
1776607885.412,85.412,0.7,0.71,0.29,0.3,0.01,0.01,75760.34,1776607884000
1776607885.753,85.753,0.7,0.71,0.29,0.3,0.01,0.01,75760.34,1776607884000
1776607886.202,86.202,0.7,0.71,0.29,0.3,0.01,0.01,75760.34,1776607884000
1776607886.603,86.603,0.71,0.72,0.28,0.29,0.01,0.01,75760.21,1776607885000
1776607887.098,87.098,0.71,0.72,0.28,0.29,0.01,0.01,75760.21,1776607885000
1776607887.45,87.45,0.71,0.72,0.28,0.29,0.01,0.01,75760.21,1776607885000
1776607887.991,87.991,0.71,0.72,0.28,0.29,0.01,0.01,75760.24,1776607887000
1776607888.575,88.575,0.71,0.72,0.28,0.29,0.01,0.01,75760.24,1776607887000
1776607888.921,88.921,0.71,0.72,0.28,0.29,0.01,0.01,75760.24,1776607887000
1776607889.279,89.279,0.71,0.72,0.28,0.29,0.01,0.01,75760.95,1776607888000
1776607889.679,89.679,0.71,0.72,0.28,0.29,0.01,0.01,75760.95,1776607888000
1776607890.037,90.037,0.71,0.72,0.28,0.29,0.01,0.01,75760.95,1776607888000
1776607890.521,90.521,0.71,0.72,0.28,0.29,0.01,0.01,75760.95,1776607889000
1776607890.877,90.877,0.67,0.68,0.32,0.33,0.01,0.01,75760.95,1776607889000
1776607891.232,91.232,0.67,0.68,0.32,0.33,0.01,0.01,75760.95,1776607889000
1776607891.567,91.567,0.67,0.68,0.32,0.33,0.01,0.01,75760.05,1776607890000
1776607891.935,91.935,0.67,0.68,0.32,0.33,0.01,0.01,75760.05,1776607890000
1776607892.318,92.318,0.67,0.68,0.32,0.33,0.01,0.01,75760.05,1776607890000
1776607892.653,92.653,0.67,0.68,0.32,0.33,0.01,0.01,75755.16,1776607891000
1776607893.046,93.046,0.67,0.68,0.32,0.33,0.01,0.01,75754.65,1776607892000
1776607893.399,93.399,0.67,0.68,0.32,0.33,0.01,0.01,75754.65,1776607892000
1776607893.734,93.734,0.67,0.68,0.32,0.33,0.01,0.01,75754.65,1776607892000
1776607894.224,94.224,0.66,0.67,0.33,0.34,0.01,0.01,75754.65,1776607892000
1776607894.63,94.63,0.66,0.67,0.33,0.34,0.01,0.01,75753.63,1776607893000
1776607895.408,95.408,0.66,0.67,0.33,0.34,0.01,0.01,75753.09,1776607894000
1776607896.004,96.004,0.66,0.67,0.33,0.34,0.01,0.01,75752.63,1776607895000
1776607896.588,96.588,0.66,0.67,0.33,0.34,0.01,0.01,75752.63,1776607895000
1776607897.161,97.161,0.66,0.67,0.33,0.34,0.01,0.01,75752.63,1776607895000
1776607897.597,97.597,0.66,0.67,0.33,0.34,0.01,0.01,75752.23,1776607896000
1776607898.097,98.097,0.66,0.67,0.33,0.34,0.01,0.01,75752.23,1776607896000
1776607898.612,98.612,0.69,0.71,0.3,0.31,0.02,0.01,75752.23,1776607896000
1776607899.138,99.138,0.69,0.7,0.3,0.31,0.01,0.01,75751.27,1776607897000
1776607899.518,99.518,0.69,0.7,0.3,0.31,0.01,0.01,75751.23,1776607898000
1776607899.881,99.881,0.69,0.7,0.3,0.31,0.01,0.01,75751.23,1776607898000
1776607900.282,100.282,0.69,0.7,0.3,0.31,0.01,0.01,75752.95,1776607899000
1776607900.623,100.623,0.69,0.7,0.3,0.31,0.01,0.01,75752.95,1776607899000
1776607900.984,100.984,0.69,0.7,0.3,0.31,0.01,0.01,75752.95,1776607899000
1776607901.376,101.376,0.69,0.7,0.3,0.31,0.01,0.01,75757.95,1776607900000
1776607901.756,101.756,0.69,0.7,0.3,0.31,0.01,0.01,75757.95,1776607900000
1776607902.241,102.241,0.69,0.7,0.3,0.31,0.01,0.01,75760.2,1776607901000
1776607902.599,102.599,0.7,0.71,0.29,0.3,0.01,0.01,75760.2,1776607901000
1776607903.021,103.021,0.71,0.72,0.28,0.3,0.01,0.02,75760.2,1776607901000
1776607903.602,103.602,0.71,0.72,0.28,0.29,0.01,0.01,75760.31,1776607902000
1776607904.007,104.007,0.71,0.72,0.28,0.29,0.01,0.01,75760.31,1776607902000
1776607904.394,104.394,0.71,0.72,0.28,0.29,0.01,0.01,75758.81,1776607903000
1776607904.738,104.738,0.71,0.72,0.28,0.29,0.01,0.01,75758.81,1776607903000
1776607905.16,105.16,0.71,0.72,0.28,0.29,0.01,0.01,75758.71,1776607904000
1776607905.802,105.802,0.71,0.72,0.28,0.29,0.01,0.01,75758.71,1776607904000
1776607906.169,106.169,0.71,0.72,0.28,0.29,0.01,0.01,75759.25,1776607905000
1776607906.622,106.622,0.72,0.73,0.27,0.29,0.01,0.02,75759.25,1776607905000
1776607906.963,106.963,0.72,0.74,0.26,0.28,0.02,0.02,75759.25,1776607905000
1776607907.508,107.508,0.73,0.74,0.26,0.27,0.01,0.01,75759.2,1776607906000
1776607907.906,107.906,0.73,0.74,0.26,0.27,0.01,0.01,75759.2,1776607906000
1776607908.274,108.274,0.73,0.74,0.26,0.27,0.01,0.01,75760.51,1776607907000
1776607908.638,108.638,0.74,0.75,0.25,0.27,0.01,0.02,75760.51,1776607907000
1776607908.975,108.975,0.74,0.75,0.25,0.26,0.01,0.01,75760.51,1776607907000
1776607909.581,109.581,0.74,0.75,0.25,0.26,0.01,0.01,75760.46,1776607908000
1776607910.116,110.116,0.74,0.75,0.25,0.26,0.01,0.01,75762.88,1776607909000
1776607910.449,110.449,0.74,0.75,0.25,0.26,0.01,0.01,75762.88,1776607909000
1776607910.81,110.81,0.74,0.75,0.25,0.26,0.01,0.01,75762.88,1776607909000
1776607911.194,111.194,0.74,0.75,0.25,0.26,0.01,0.01,75765.86,1776607910000
1776607911.792,111.792,0.74,0.75,0.25,0.26,0.01,0.01,75765.86,1776607910000
1776607912.159,112.159,0.74,0.75,0.25,0.26,0.01,0.01,75764.12,1776607911000
1776607912.576,112.576,0.74,0.75,0.25,0.26,0.01,0.01,75764.12,1776607911000
1776607913.26,113.26,0.74,0.75,0.25,0.26,0.01,0.01,75763.47,1776607912000
1776607913.625,113.625,0.74,0.75,0.25,0.26,0.01,0.01,75763.47,1776607912000
1776607914.101,114.101,0.74,0.75,0.25,0.26,0.01,0.01,75763.47,1776607912000
1776607914.455,114.455,0.74,0.75,0.25,0.26,0.01,0.01,75765.27,1776607913000
1776607914.803,114.803,0.75,0.76,0.24,0.25,0.01,0.01,75765.27,1776607913000
1776607915.163,115.163,0.75,0.76,0.24,0.25,0.01,0.01,75765.27,1776607913000
1776607915.545,115.545,0.75,0.76,0.24,0.25,0.01,0.01,75765.27,1776607914000
1776607915.942,115.942,0.75,0.76,0.24,0.25,0.01,0.01,75765.27,1776607914000
1776607916.309,116.309,0.75,0.76,0.24,0.25,0.01,0.01,75765.27,1776607914000
1776607916.707,116.707,0.75,0.76,0.24,0.25,0.01,0.01,75767.44,1776607915000
1776607917.074,117.074,0.75,0.76,0.24,0.25,0.01,0.01,75767.44,1776607916000
1776607917.778,117.778,0.77,0.78,0.23,0.25,0.01,0.02,75767.44,1776607916000
1776607918.232,118.232,0.77,0.78,0.22,0.23,0.01,0.01,75766.61,1776607917000
1776607918.839,118.839,0.77,0.78,0.22,0.23,0.01,0.01,75766.61,1776607917000
1776607919.175,119.175,0.78,0.79,0.21,0.22,0.01,0.01,75766.61,1776607917000
1776607919.524,119.524,0.78,0.79,0.21,0.22,0.01,0.01,75767.78,1776607918000
1776607919.929,119.929,0.79,0.8,0.2,0.21,0.01,0.01,75767.78,1776607918000
1776607920.263,120.263,0.79,0.81,0.19,0.21,0.02,0.02,75768.75,1776607919000
1776607920.609,120.609,0.85,0.89,0.13,0.15,0.04,0.02,75768.75,1776607919000
1776607920.946,120.946,0.85,0.89,0.1,0.15,0.04,0.05,75768.75,1776607919000
1776607921.28,121.28,0.85,0.88,0.12,0.15,0.03,0.03,75768.75,1776607919000
1776607921.621,121.621,0.86,0.87,0.13,0.14,0.01,0.01,75773.41,1776607920000
1776607922.021,122.021,0.86,0.88,0.12,0.14,0.02,0.02,75773.41,1776607920000
1776607922.355,122.355,0.86,0.87,0.13,0.14,0.01,0.01,75792.91,1776607921000
1776607922.695,122.695,0.82,0.83,0.17,0.18,0.01,0.01,75792.91,1776607921000
1776607923.034,123.034,0.82,0.83,0.17,0.18,0.01,0.01,75792.91,1776607921000
1776607923.383,123.383,0.82,0.83,0.17,0.18,0.01,0.01,75793.89,1776607922000
1776607923.719,123.719,0.81,0.82,0.18,0.19,0.01,0.01,75793.89,1776607922000
1776607924.099,124.099,0.81,0.82,0.18,0.19,0.01,0.01,75793.89,1776607922000
1776607924.527,124.527,0.8,0.81,0.19,0.2,0.01,0.01,75785.51,1776607923000
1776607924.883,124.883,0.8,0.81,0.19,0.2,0.01,0.01,75785.51,1776607923000
1776607925.268,125.268,0.8,0.81,0.19,0.2,0.01,0.01,75783.51,1776607924000
1776607925.653,125.653,0.8,0.81,0.19,0.2,0.01,0.01,75783.51,1776607924000
1776607925.991,125.991,0.8,0.81,0.19,0.2,0.01,0.01,75783.51,1776607924000
1776607926.503,126.503,0.79,0.8,0.19,0.21,0.01,0.02,75781.21,1776607925000
1776607926.842,126.842,0.79,0.8,0.2,0.21,0.01,0.01,75781.21,1776607925000
1776607927.24,127.24,0.79,0.8,0.2,0.21,0.01,0.01,75776.3,1776607926000
1776607927.635,127.635,0.79,0.8,0.2,0.21,0.01,0.01,75776.3,1776607926000
1776607928.029,128.029,0.79,0.8,0.2,0.21,0.01,0.01,75776.3,1776607926000
1776607928.592,128.592,0.79,0.8,0.2,0.21,0.01,0.01,75776.3,1776607926000
1776607929.093,129.093,0.79,0.8,0.2,0.21,0.01,0.01,75775.92,1776607927000
1776607929.77,129.77,0.79,0.82,0.2,0.21,0.03,0.01,75776.25,1776607928000
1776607930.116,130.116,0.83,0.84,0.15,0.18,0.01,0.03,75776.25,1776607928000
1776607930.545,130.545,0.83,0.84,0.16,0.17,0.01,0.01,75776.65,1776607929000
1776607930.923,130.923,0.83,0.84,0.16,0.17,0.01,0.01,75776.65,1776607929000
1776607931.798,131.798,0.85,0.87,0.13,0.15,0.02,0.02,75776.65,1776607929000
1776607932.578,132.578,0.85,0.86,0.13,0.15,0.01,0.02,75782.26,1776607931000
1776607932.949,132.949,0.85,0.86,0.14,0.15,0.01,0.01,75782.26,1776607931000
1776607933.351,133.351,0.87,0.88,0.12,0.13,0.01,0.01,75788.68,1776607932000
1776607933.723,133.723,0.87,0.88,0.12,0.13,0.01,0.01,75788.68,1776607932000
1776607934.184,134.184,0.87,0.88,0.12,0.13,0.01,0.01,75788.68,1776607932000
1776607934.559,134.559,0.87,0.88,0.12,0.13,0.01,0.01,75790.43,1776607933000
1776607934.999,134.999,0.87,0.88,0.12,0.13,0.01,0.01,75790.43,1776607933000
1776607935.521,135.521,0.87,0.88,0.12,0.13,0.01,0.01,75790.43,1776607933000
1776607936.115,136.115,0.87,0.88,0.12,0.13,0.01,0.01,75794.85,1776607935000
1776607937.037,137.037,0.87,0.88,0.12,0.13,0.01,0.01,75794.85,1776607935000
1776607937.414,137.414,0.87,0.88,0.12,0.14,0.01,0.02,75794.85,1776607936000
1776607937.771,137.771,0.87,0.88,0.12,0.13,0.01,0.01,75794.85,1776607936000
1776607938.397,138.397,0.87,0.88,0.12,0.13,0.01,0.01,75792.05,1776607937000
1776607938.771,138.771,0.87,0.88,0.12,0.13,0.01,0.01,75792.05,1776607937000
1776607939.875,139.875,0.87,0.88,0.12,0.13,0.01,0.01,75791.66,1776607938000
1776607940.826,140.826,0.87,0.88,0.12,0.13,0.01,0.01,75793.57,1776607939000
1776607941.247,141.247,0.87,0.88,0.12,0.13,0.01,0.01,75793.57,1776607939000
1776607941.802,141.802,0.87,0.88,0.12,0.13,0.01,0.01,75793.57,1776607939000
1776607942.15,142.15,0.87,0.88,0.12,0.13,0.01,0.01,75794.36,1776607940000
1776607942.82,142.82,0.87,0.88,0.12,0.13,0.01,0.01,75794.59,1776607941000
1776607943.355,143.355,0.87,0.88,0.12,0.13,0.01,0.01,75794.75,1776607942000
1776607943.818,143.818,0.87,0.88,0.12,0.13,0.01,0.01,75794.75,1776607942000
1776607944.217,144.217,0.87,0.88,0.12,0.13,0.01,0.01,75794.75,1776607942000
1776607944.783,144.783,0.87,0.88,0.12,0.13,0.01,0.01,75796.52,1776607943000
1776607945.172,145.172,0.87,0.88,0.12,0.13,0.01,0.01,75797.86,1776607944000
1776607945.573,145.573,0.87,0.88,0.12,0.13,0.01,0.01,75797.86,1776607944000
1776607946.186,146.186,0.87,0.88,0.12,0.13,0.01,0.01,75797.86,1776607944000
1776607946.549,146.549,0.87,0.88,0.12,0.13,0.01,0.01,75797.88,1776607945000
1776607946.934,146.934,0.87,0.88,0.12,0.13,0.01,0.01,75797.88,1776607945000
1776607947.276,147.276,0.87,0.88,0.12,0.13,0.01,0.01,75797.88,1776607946000
1776607947.893,147.893,0.87,0.88,0.12,0.13,0.01,0.01,75797.88,1776607946000
1776607948.228,148.228,0.87,0.88,0.12,0.13,0.01,0.01,75797.88,1776607946000
1776607948.58,148.58,0.87,0.88,0.12,0.13,0.01,0.01,75798.02,1776607947000
1776607949.016,149.016,0.87,0.88,0.12,0.13,0.01,0.01,75798.02,1776607947000
1776607949.355,149.355,0.87,0.88,0.12,0.13,0.01,0.01,75798.02,1776607948000
1776607949.745,149.745,0.87,0.88,0.12,0.13,0.01,0.01,75798.02,1776607948000
1776607950.127,150.127,0.87,0.88,0.12,0.13,0.01,0.01,75798.02,1776607948000
1776607950.497,150.497,0.87,0.88,0.12,0.13,0.01,0.01,75797.85,1776607949000
1776607950.859,150.859,0.87,0.88,0.12,0.13,0.01,0.01,75797.85,1776607949000
1776607951.35,151.35,0.87,0.88,0.12,0.13,0.01,0.01,75797.85,1776607949000
1776607952.015,152.015,0.87,0.88,0.12,0.13,0.01,0.01,75797.8,1776607950000
1776607952.361,152.361,0.87,0.88,0.12,0.13,0.01,0.01,75797.8,1776607951000
1776607952.728,152.728,0.87,0.88,0.12,0.13,0.01,0.01,75797.8,1776607951000
1776607953.087,153.087,0.87,0.88,0.12,0.13,0.01,0.01,75797.8,1776607951000
1776607953.432,153.432,0.87,0.88,0.12,0.13,0.01,0.01,75797.8,1776607951000
1776607953.797,153.797,0.87,0.88,0.12,0.13,0.01,0.01,75795.18,1776607952000
1776607954.131,154.131,0.87,0.88,0.12,0.13,0.01,0.01,75796.52,1776607953000
1776607954.491,154.491,0.87,0.88,0.12,0.13,0.01,0.01,75796.52,1776607953000
1776607954.828,154.828,0.87,0.88,0.12,0.13,0.01,0.01,75796.52,1776607953000
1776607955.291,155.291,0.87,0.88,0.12,0.13,0.01,0.01,75796.52,1776607953000
1776607955.744,155.744,0.87,0.88,0.12,0.13,0.01,0.01,75795.66,1776607954000
1776607956.121,156.121,0.87,0.88,0.12,0.13,0.01,0.01,75795.63,1776607955000
1776607956.585,156.585,0.87,0.88,0.12,0.13,0.01,0.01,75795.63,1776607955000
1776607957.153,157.153,0.87,0.88,0.12,0.13,0.01,0.01,75795.63,1776607955000
1776607957.85,157.85,0.87,0.88,0.12,0.13,0.01,0.01,75794.64,1776607956000
1776607958.213,158.213,0.87,0.88,0.12,0.13,0.01,0.01,75794.64,1776607957000
1776607958.85,158.85,0.87,0.88,0.12,0.13,0.01,0.01,75794.64,1776607957000
1776607959.217,159.217,0.87,0.88,0.12,0.13,0.01,0.01,75794.64,1776607957000
1776607960.124,160.124,0.87,0.88,0.12,0.13,0.01,0.01,75794.16,1776607958000
1776607960.611,160.611,0.87,0.88,0.12,0.13,0.01,0.01,75793.25,1776607959000
1776607961.235,161.235,0.87,0.88,0.12,0.13,0.01,0.01,75793.25,1776607959000
1776607961.582,161.582,0.89,0.9,0.1,0.11,0.01,0.01,75793.89,1776607960000
1776607961.989,161.989,0.89,0.9,0.1,0.11,0.01,0.01,75793.89,1776607960000
1776607962.37,162.37,0.89,0.9,0.1,0.11,0.01,0.01,75793.57,1776607961000
1776607962.727,162.727,0.89,0.9,0.1,0.11,0.01,0.01,75793.57,1776607961000
1776607963.105,163.105,0.89,0.9,0.1,0.11,0.01,0.01,75793.57,1776607961000
1776607963.549,163.549,0.89,0.9,0.1,0.11,0.01,0.01,75796.77,1776607962000
1776607964.0,164.0,0.89,0.9,0.1,0.11,0.01,0.01,75796.77,1776607962000
1776607964.409,164.409,0.89,0.9,0.1,0.11,0.01,0.01,75798.48,1776607963000
1776607964.878,164.878,0.89,0.9,0.1,0.11,0.01,0.01,75798.48,1776607963000
1776607965.28,165.28,0.89,0.9,0.1,0.11,0.01,0.01,75798.96,1776607964000
1776607965.754,165.754,0.9,0.91,0.09,0.11,0.01,0.02,75798.96,1776607964000
1776607966.116,166.116,0.9,0.91,0.09,0.1,0.01,0.01,75798.96,1776607964000
1776607966.454,166.454,0.9,0.91,0.09,0.1,0.01,0.01,75796.38,1776607965000
1776607967.083,167.083,0.9,0.91,0.09,0.1,0.01,0.01,75796.38,1776607965000
1776607967.462,167.462,0.9,0.91,0.09,0.1,0.01,0.01,75798.16,1776607966000
1776607967.983,167.983,0.9,0.91,0.09,0.1,0.01,0.01,75798.16,1776607966000
1776607968.424,168.424,0.9,0.91,0.09,0.1,0.01,0.01,75798.29,1776607967000
1776607968.775,168.775,0.9,0.91,0.09,0.1,0.01,0.01,75798.29,1776607967000
1776607969.162,169.162,0.9,0.91,0.09,0.1,0.01,0.01,75798.19,1776607968000
1776607969.546,169.546,0.9,0.91,0.09,0.1,0.01,0.01,75798.19,1776607968000
1776607969.886,169.886,0.9,0.91,0.09,0.1,0.01,0.01,75798.19,1776607968000
1776607970.338,170.338,0.9,0.91,0.09,0.1,0.01,0.01,75797.64,1776607969000
1776607970.698,170.698,0.9,0.91,0.09,0.1,0.01,0.01,75797.64,1776607969000
1776607971.182,171.182,0.9,0.91,0.09,0.1,0.01,0.01,75797.64,1776607969000
1776607971.766,171.766,0.9,0.91,0.09,0.1,0.01,0.01,75797.65,1776607970000
1776607972.118,172.118,0.9,0.91,0.09,0.1,0.01,0.01,75797.65,1776607970000
1776607973.285,173.285,0.9,0.91,0.09,0.1,0.01,0.01,75798.33,1776607972000
1776607974.329,174.329,0.9,0.91,0.09,0.1,0.01,0.01,75798.39,1776607973000
1776607974.841,174.841,0.9,0.92,0.08,0.1,0.02,0.02,75798.39,1776607973000
1776607975.176,175.176,0.9,0.92,0.08,0.1,0.02,0.02,75798.39,1776607973000
1776607975.815,175.815,0.91,0.92,0.08,0.1,0.01,0.02,75798.56,1776607974000
1776607976.196,176.196,0.92,0.93,0.07,0.09,0.01,0.02,75798.56,1776607974000
1776607976.533,176.533,0.91,0.93,0.07,0.09,0.02,0.02,75804.42,1776607975000
1776607976.896,176.896,0.92,0.93,0.07,0.08,0.01,0.01,75804.42,1776607975000
1776607977.231,177.231,0.92,0.94,0.06,0.08,0.02,0.02,75804.42,1776607975000
1776607977.567,177.567,0.93,0.95,0.05,0.07,0.02,0.02,75805.16,1776607976000
1776607977.922,177.922,0.94,0.95,0.05,0.06,0.01,0.01,75805.16,1776607976000
1776607978.261,178.261,0.94,0.95,0.05,0.06,0.01,0.01,75807.34,1776607977000
1776607978.61,178.61,0.94,0.95,0.05,0.06,0.01,0.01,75807.34,1776607977000
1776607978.97,178.97,0.94,0.95,0.05,0.06,0.01,0.01,75815.33,1776607978000
1776607979.823,179.823,0.94,0.95,0.05,0.06,0.01,0.01,75815.33,1776607978000
1776607980.21,180.21,0.94,0.95,0.05,0.06,0.01,0.01,75815.33,1776607978000
1776607981.002,181.002,0.94,0.95,0.05,0.06,0.01,0.01,75819.97,1776607979000
1776607981.358,181.358,0.94,0.95,0.05,0.06,0.01,0.01,75820.47,1776607980000
1776607981.706,181.706,0.94,0.95,0.05,0.06,0.01,0.01,75820.47,1776607980000
1776607982.354,182.354,0.94,0.95,0.05,0.06,0.01,0.01,75820.47,1776607980000
1776607982.803,182.803,0.94,0.95,0.05,0.06,0.01,0.01,75818.2,1776607981000
1776607983.149,183.149,0.94,0.95,0.05,0.06,0.01,0.01,75818.2,1776607981000
1776607983.565,183.565,0.95,0.96,0.04,0.05,0.01,0.01,75819.19,1776607982000
1776607983.941,183.941,0.95,0.96,0.04,0.05,0.01,0.01,75819.19,1776607982000
1776607984.283,184.283,0.95,0.96,0.04,0.05,0.01,0.01,75819.19,1776607982000
1776607984.665,184.665,0.95,0.96,0.04,0.05,0.01,0.01,75816.9,1776607983000
1776607985.012,185.012,0.95,0.96,0.04,0.05,0.01,0.01,75816.9,1776607983000
1776607985.361,185.361,0.95,0.96,0.04,0.05,0.01,0.01,75816.9,1776607983000
1776607985.709,185.709,0.95,0.96,0.04,0.05,0.01,0.01,75816.6,1776607984000
1776607986.062,186.062,0.95,0.96,0.04,0.05,0.01,0.01,75816.6,1776607984000
1776607986.418,186.418,0.95,0.96,0.04,0.05,0.01,0.01,75817.3,1776607985000
1776607986.767,186.767,0.95,0.96,0.04,0.05,0.01,0.01,75817.3,1776607985000
1776607987.249,187.249,0.95,0.96,0.04,0.05,0.01,0.01,75817.3,1776607985000
1776607987.606,187.606,0.95,0.96,0.04,0.05,0.01,0.01,75816.76,1776607986000
1776607988.342,188.342,0.95,0.96,0.04,0.05,0.01,0.01,75816.76,1776607986000
1776607988.688,188.688,0.95,0.96,0.04,0.05,0.01,0.01,75820.22,1776607987000
1776607989.034,189.034,0.95,0.96,0.04,0.05,0.01,0.01,75820.22,1776607987000
1776607989.705,189.705,0.95,0.96,0.04,0.05,0.01,0.01,75820.03,1776607988000
1776607990.053,190.053,0.95,0.96,0.04,0.05,0.01,0.01,75820.03,1776607988000
1776607990.622,190.622,0.95,0.96,0.04,0.05,0.01,0.01,75820.52,1776607989000
1776607991.42,191.42,0.95,0.96,0.04,0.05,0.01,0.01,75823.82,1776607990000
1776607991.938,191.938,0.95,0.96,0.04,0.05,0.01,0.01,75825.37,1776607991000
1776607992.286,192.286,0.95,0.96,0.04,0.05,0.01,0.01,75825.37,1776607991000
1776607992.63,192.63,0.95,0.96,0.04,0.05,0.01,0.01,75825.37,1776607991000
1776607993.067,193.067,0.95,0.96,0.04,0.05,0.01,0.01,75826.23,1776607992000
1776607993.498,193.498,0.95,0.96,0.04,0.05,0.01,0.01,75826.23,1776607992000
1776607993.84,193.84,0.95,0.97,0.03,0.05,0.02,0.02,75826.23,1776607992000
1776607994.202,194.202,0.96,0.97,0.03,0.04,0.01,0.01,75820.57,1776607993000
1776607994.543,194.543,0.95,0.96,0.04,0.05,0.01,0.01,75820.57,1776607993000
1776607994.876,194.876,0.95,0.96,0.04,0.05,0.01,0.01,75820.57,1776607993000
1776607995.379,195.379,0.95,0.96,0.04,0.05,0.01,0.01,75820.57,1776607993000
1776607995.814,195.814,0.95,0.96,0.04,0.05,0.01,0.01,75820.98,1776607994000
1776607996.67,196.67,0.95,0.96,0.04,0.05,0.01,0.01,75818.96,1776607995000
1776607997.029,197.029,0.95,0.96,0.04,0.05,0.01,0.01,75816.68,1776607996000
1776607998.175,198.175,0.95,0.96,0.04,0.05,0.01,0.01,75816.68,1776607996000
1776607998.654,198.654,0.95,0.96,0.04,0.05,0.01,0.01,75816.68,1776607997000
1776607999.052,199.052,0.95,0.96,0.04,0.05,0.01,0.01,75816.68,1776607997000
1776607999.391,199.391,0.95,0.96,0.04,0.05,0.01,0.01,75816.68,1776607997000
1776607999.85,199.85,0.95,0.96,0.04,0.05,0.01,0.01,75815.78,1776607998000
1776608000.39,200.39,0.95,0.96,0.04,0.05,0.01,0.01,75816.57,1776607999000
1776608000.87,200.87,0.95,0.96,0.04,0.05,0.01,0.01,75816.57,1776607999000
1776608001.905,201.905,0.95,0.96,0.04,0.05,0.01,0.01,75816.94,1776608000000
1776608002.628,202.628,0.95,0.96,0.04,0.05,0.01,0.01,75817.0,1776608001000
1776608003.099,203.099,0.96,0.97,0.03,0.04,0.01,0.01,75818.8,1776608002000
1776608003.486,203.486,0.96,0.97,0.03,0.04,0.01,0.01,75818.8,1776608002000
1776608003.986,203.986,0.96,0.97,0.03,0.04,0.01,0.01,75818.8,1776608002000
1776608004.61,204.61,0.96,0.97,0.03,0.04,0.01,0.01,75818.09,1776608003000
1776608005.164,205.164,0.96,0.97,0.03,0.04,0.01,0.01,75818.09,1776608003000
1776608005.712,205.712,0.96,0.97,0.03,0.04,0.01,0.01,75820.02,1776608004000
1776608006.393,206.393,0.96,0.97,0.03,0.04,0.01,0.01,75823.69,1776608005000
1776608006.769,206.769,0.96,0.97,0.03,0.04,0.01,0.01,75823.69,1776608005000
1776608007.208,207.208,0.96,0.97,0.03,0.04,0.01,0.01,75825.88,1776608006000
1776608007.74,207.74,0.96,0.97,0.03,0.04,0.01,0.01,75825.88,1776608006000
1776608008.09,208.09,0.96,0.97,0.03,0.04,0.01,0.01,75825.88,1776608006000
1776608008.834,208.834,0.96,0.97,0.03,0.04,0.01,0.01,75828.78,1776608007000
1776608009.203,209.203,0.96,0.97,0.03,0.04,0.01,0.01,75828.78,1776608007000
1776608009.579,209.579,0.96,0.97,0.03,0.04,0.01,0.01,75829.03,1776608008000
1776608009.981,209.981,0.96,0.97,0.03,0.04,0.01,0.01,75829.03,1776608008000
1776608010.358,210.358,0.96,0.97,0.03,0.04,0.01,0.01,75829.03,1776608008000
1776608010.77,210.77,0.97,0.98,0.02,0.03,0.01,0.01,75829.03,1776608008000
1776608011.116,211.116,0.97,0.98,0.02,0.03,0.01,0.01,75829.03,1776608008000
1776608011.49,211.49,0.97,0.98,0.02,0.03,0.01,0.01,75829.42,1776608010000
1776608012.098,212.098,0.97,0.98,0.02,0.03,0.01,0.01,75829.42,1776608010000
1776608012.44,212.44,0.97,0.98,0.02,0.03,0.01,0.01,75833.76,1776608011000
1776608012.783,212.783,0.97,0.98,0.02,0.03,0.01,0.01,75833.76,1776608011000
1776608013.138,213.138,0.97,0.98,0.02,0.03,0.01,0.01,75833.76,1776608011000
1776608013.521,213.521,0.97,0.98,0.02,0.03,0.01,0.01,75834.69,1776608012000
1776608013.89,213.89,0.97,0.98,0.02,0.03,0.01,0.01,75834.69,1776608012000
1776608015.089,215.089,0.97,0.98,0.02,0.03,0.01,0.01,75836.91,1776608013000
1776608015.501,215.501,0.97,0.98,0.02,0.03,0.01,0.01,75836.91,1776608013000
1776608015.956,215.956,0.97,0.98,0.02,0.03,0.01,0.01,75836.93,1776608014000
1776608016.315,216.315,0.97,0.98,0.02,0.03,0.01,0.01,75836.93,1776608014000
1776608017.052,217.052,0.97,0.98,0.02,0.03,0.01,0.01,75833.55,1776608016000
1776608017.527,217.527,0.97,0.98,0.02,0.03,0.01,0.01,75833.55,1776608016000
1776608018.027,218.027,0.97,0.98,0.02,0.03,0.01,0.01,75833.55,1776608016000
1776608018.366,218.366,0.97,0.98,0.02,0.03,0.01,0.01,75833.55,1776608016000
1776608018.701,218.701,0.97,0.98,0.02,0.03,0.01,0.01,75835.08,1776608017000
1776608019.131,219.131,0.97,0.98,0.02,0.03,0.01,0.01,75828.88,1776608018000
1776608019.798,219.798,0.97,0.98,0.02,0.03,0.01,0.01,75828.88,1776608018000
1776608020.198,220.198,0.97,0.98,0.02,0.03,0.01,0.01,75825.29,1776608019000
1776608020.865,220.865,0.97,0.98,0.02,0.03,0.01,0.01,75825.29,1776608019000
1776608021.389,221.389,0.97,0.98,0.02,0.03,0.01,0.01,75824.46,1776608020000
1776608021.883,221.883,0.97,0.98,0.02,0.03,0.01,0.01,75823.43,1776608021000
1776608022.305,222.305,0.97,0.98,0.02,0.03,0.01,0.01,75823.43,1776608021000
1776608023.134,223.134,0.97,0.98,0.02,0.03,0.01,0.01,75823.43,1776608022000
1776608023.576,223.576,0.97,0.98,0.02,0.03,0.01,0.01,75823.43,1776608022000
1776608024.237,224.237,0.97,0.98,0.02,0.03,0.01,0.01,75823.43,1776608022000
1776608024.739,224.739,0.97,0.98,0.02,0.03,0.01,0.01,75823.31,1776608023000
1776608025.423,225.423,0.97,0.98,0.02,0.03,0.01,0.01,75823.31,1776608024000
1776608025.955,225.955,0.97,0.98,0.02,0.03,0.01,0.01,75823.31,1776608024000
1776608026.422,226.422,0.97,0.98,0.02,0.03,0.01,0.01,75823.31,1776608025000
1776608026.997,226.997,0.97,0.98,0.02,0.04,0.01,0.02,75823.31,1776608025000
1776608027.41,227.41,0.97,0.98,0.02,0.03,0.01,0.01,75823.31,1776608025000
1776608027.781,227.781,0.97,0.98,0.02,0.03,0.01,0.01,75827.47,1776608026000
1776608028.457,228.457,0.97,0.98,0.02,0.03,0.01,0.01,75828.18,1776608027000
1776608029.119,229.119,0.97,0.98,0.02,0.03,0.01,0.01,75829.28,1776608028000
1776608029.466,229.466,0.97,0.98,0.02,0.03,0.01,0.01,75829.28,1776608028000
1776608029.96,229.96,0.97,0.98,0.02,0.03,0.01,0.01,75829.28,1776608028000
1776608030.353,230.353,0.97,0.98,0.02,0.03,0.01,0.01,75830.58,1776608029000
1776608030.968,230.968,0.97,0.98,0.02,0.03,0.01,0.01,75830.58,1776608029000
1776608031.428,231.428,0.97,0.98,0.02,0.03,0.01,0.01,75832.69,1776608030000
1776608031.938,231.938,0.97,0.98,0.02,0.03,0.01,0.01,75832.69,1776608030000
1776608032.544,232.544,0.97,0.98,0.02,0.03,0.01,0.01,75836.91,1776608031000
1776608032.93,232.93,0.97,0.98,0.02,0.03,0.01,0.01,75836.91,1776608031000
1776608033.265,233.265,0.97,0.98,0.02,0.03,0.01,0.01,75836.91,1776608032000
1776608033.79,233.79,0.97,0.98,0.02,0.03,0.01,0.01,75836.91,1776608032000
1776608034.132,234.132,0.97,0.99,0.01,0.03,0.02,0.02,75836.85,1776608033000
1776608034.7,234.7,0.98,0.99,0.01,0.02,0.01,0.01,75836.85,1776608033000
1776608035.064,235.064,0.98,0.99,0.01,0.02,0.01,0.01,75836.85,1776608033000
1776608035.462,235.462,0.98,0.99,0.01,0.02,0.01,0.01,75835.04,1776608034000
1776608036.147,236.147,0.98,0.99,0.01,0.02,0.01,0.01,75835.04,1776608034000
1776608036.783,236.783,0.98,0.99,0.01,0.02,0.01,0.01,75836.8,1776608035000
1776608037.272,237.272,0.98,0.99,0.01,0.02,0.01,0.01,75836.8,1776608035000
1776608037.866,237.866,0.98,0.99,0.01,0.02,0.01,0.01,75838.89,1776608036000
1776608038.286,238.286,0.98,0.99,0.01,0.02,0.01,0.01,75836.24,1776608037000
1776608038.851,238.851,0.98,0.99,0.01,0.02,0.01,0.01,75836.24,1776608037000
1776608039.345,239.345,0.98,0.99,0.01,0.02,0.01,0.01,75838.9,1776608038000
1776608039.867,239.867,0.98,0.99,0.01,0.02,0.01,0.01,75838.9,1776608038000
1776608040.316,240.316,0.98,0.99,0.01,0.02,0.01,0.01,75837.03,1776608039000
1776608040.798,240.798,0.98,0.99,0.01,0.02,0.01,0.01,75837.03,1776608039000
1776608041.372,241.372,0.98,0.99,0.01,0.02,0.01,0.01,75835.72,1776608040000
1776608041.907,241.907,0.98,0.99,0.01,0.02,0.01,0.01,75839.1,1776608041000
1776608042.913,242.913,0.98,0.99,0.01,0.02,0.01,0.01,75839.1,1776608041000
1776608043.388,243.388,0.98,0.99,0.01,0.02,0.01,0.01,75827.05,1776608042000
1776608043.737,243.737,0.98,0.99,0.01,0.02,0.01,0.01,75827.05,1776608042000
1776608044.073,244.073,0.98,0.99,0.01,0.02,0.01,0.01,75827.05,1776608042000
1776608044.616,244.616,0.98,0.99,0.01,0.02,0.01,0.01,75827.05,1776608042000
1776608045.005,245.005,0.98,0.99,0.01,0.02,0.01,0.01,75825.56,1776608043000
1776608045.387,245.387,0.98,0.99,0.01,0.02,0.01,0.01,75825.56,1776608043000
1776608046.071,246.071,0.98,0.99,0.01,0.02,0.01,0.01,75825.56,1776608043000
1776608046.629,246.629,0.98,0.99,0.01,0.02,0.01,0.01,75823.21,1776608044000
1776608047.2,247.2,0.98,0.99,0.01,0.02,0.01,0.01,75823.77,1776608045000
1776608047.645,247.645,0.98,0.99,0.01,0.02,0.01,0.01,75823.77,1776608045000
1776608048.745,248.745,0.98,0.99,0.01,0.02,0.01,0.01,75823.77,1776608047000
1776608049.114,249.114,0.98,0.99,0.01,0.02,0.01,0.01,75823.77,1776608047000
1776608049.499,249.499,0.98,0.99,0.01,0.02,0.01,0.01,75823.77,1776608048000
1776608050.091,250.091,0.98,0.99,0.01,0.02,0.01,0.01,75823.54,1776608049000
1776608050.451,250.451,0.98,0.99,0.01,0.02,0.01,0.01,75823.54,1776608049000
1776608050.949,250.949,0.98,0.99,0.01,0.02,0.01,0.01,75823.54,1776608049000
1776608051.367,251.367,0.98,0.99,0.01,0.02,0.01,0.01,75823.54,1776608049000
1776608051.82,251.82,0.98,0.99,0.01,0.02,0.01,0.01,75824.82,1776608050000
1776608052.186,252.186,0.98,0.99,0.01,0.02,0.01,0.01,75824.82,1776608050000
1776608052.715,252.715,0.98,0.99,0.01,0.02,0.01,0.01,75826.85,1776608051000
1776608053.092,253.092,0.98,0.99,0.01,0.02,0.01,0.01,75826.85,1776608051000
1776608053.667,253.667,0.98,0.99,0.01,0.02,0.01,0.01,75826.85,1776608051000
1776608054.086,254.086,0.98,0.99,0.01,0.02,0.01,0.01,75825.0,1776608052000
1776608054.551,254.551,0.98,0.99,0.01,0.02,0.01,0.01,75825.0,1776608052000
1776608055.18,255.18,0.98,0.99,0.01,0.02,0.01,0.01,75826.86,1776608053000
1776608055.679,255.679,0.98,0.99,0.01,0.02,0.01,0.01,75826.83,1776608054000
1776608056.176,256.176,0.98,0.99,0.01,0.02,0.01,0.01,75826.83,1776608054000
1776608056.586,256.586,0.98,0.99,0.01,0.02,0.01,0.01,75826.83,1776608054000
1776608057.027,257.027,0.98,0.99,0.01,0.02,0.01,0.01,75825.49,1776608055000
1776608057.595,257.595,0.98,0.99,0.01,0.02,0.01,0.01,75824.08,1776608056000
1776608058.214,258.214,0.98,0.99,0.01,0.02,0.01,0.01,75824.08,1776608056000
1776608058.598,258.598,0.98,0.99,0.01,0.02,0.01,0.01,75824.01,1776608057000
1776608059.056,259.056,0.98,0.99,0.01,0.02,0.01,0.01,75824.01,1776608057000
1776608059.618,259.618,0.98,0.99,0.01,0.02,0.01,0.01,75823.9,1776608058000
1776608059.986,259.986,0.98,0.99,0.01,0.02,0.01,0.01,75823.9,1776608058000
1776608060.798,260.798,0.98,0.99,0.01,0.02,0.01,0.01,75823.5,1776608059000
1776608061.136,261.136,0.98,0.99,0.01,0.02,0.01,0.01,75823.5,1776608059000
1776608061.472,261.472,0.98,0.99,0.01,0.02,0.01,0.01,75823.71,1776608060000
1776608061.889,261.889,0.98,0.99,0.01,0.02,0.01,0.01,75823.71,1776608060000
1776608062.32,262.32,0.98,0.99,0.01,0.02,0.01,0.01,75822.73,1776608061000
1776608062.694,262.694,0.98,0.99,0.01,0.02,0.01,0.01,75822.73,1776608061000
1776608063.029,263.029,0.98,0.99,0.01,0.02,0.01,0.01,75822.73,1776608061000
1776608063.453,263.453,0.98,0.99,0.01,0.02,0.01,0.01,75822.73,1776608061000
1776608063.805,263.805,0.98,0.99,0.01,0.02,0.01,0.01,75823.58,1776608062000
1776608064.407,264.407,0.98,0.99,0.01,0.02,0.01,0.01,75823.58,1776608062000
1776608064.802,264.802,0.98,0.99,0.01,0.02,0.01,0.01,75823.58,1776608062000
1776608065.261,265.261,0.98,0.99,0.01,0.02,0.01,0.01,75823.36,1776608063000
1776608065.934,265.934,0.98,0.99,0.01,0.02,0.01,0.01,75823.1,1776608064000
1776608066.267,266.267,0.98,0.99,0.01,0.02,0.01,0.01,75823.1,1776608064000
1776608066.713,266.713,0.99,0.99,0.01,0.01,0.0,0.0,75823.36,1776608065000
1776608067.065,267.065,0.99,0.99,0.01,0.01,0.0,0.0,75823.36,1776608065000
1776608067.418,267.418,0.99,0.99,0.01,0.01,0.0,0.0,75823.36,1776608065000
1776608068.054,268.054,0.99,0.99,0.01,0.01,0.0,0.0,75823.08,1776608066000
1776608068.681,268.681,0.99,0.99,0.01,0.01,0.0,0.0,75823.28,1776608067000
1776608069.094,269.094,0.99,0.99,0.01,0.01,0.0,0.0,75823.52,1776608068000
1776608069.699,269.699,0.99,0.99,0.01,0.01,0.0,0.0,75823.52,1776608068000
1776608070.221,270.221,0.99,0.99,0.01,0.01,0.0,0.0,75823.92,1776608069000
1776608070.641,270.641,0.99,0.99,0.01,0.01,0.0,0.0,75823.92,1776608069000
1776608071.409,271.409,0.99,0.99,0.01,0.01,0.0,0.0,75823.92,1776608069000
1776608071.889,271.889,0.99,0.99,0.01,0.01,0.0,0.0,75822.85,1776608070000
1776608072.596,272.596,0.99,0.99,0.01,0.01,0.0,0.0,75819.11,1776608071000
1776608073.061,273.061,0.99,0.99,0.01,0.01,0.0,0.0,75819.11,1776608071000
1776608073.413,273.413,0.99,0.99,0.01,0.01,0.0,0.0,75822.66,1776608072000
1776608074.069,274.069,0.99,0.99,0.01,0.01,0.0,0.0,75825.66,1776608073000
1776608074.783,274.783,0.99,0.99,0.01,0.01,0.0,0.0,75825.66,1776608073000
1776608075.461,275.461,0.99,0.99,0.01,0.01,0.0,0.0,75821.5,1776608074000
1776608075.982,275.982,0.99,0.99,0.01,0.01,0.0,0.0,75821.5,1776608074000
1776608076.889,276.889,0.99,0.99,0.01,0.01,0.0,0.0,75823.02,1776608075000
1776608077.398,277.398,0.99,0.99,0.01,0.01,0.0,0.0,75823.93,1776608076000
1776608077.889,277.889,0.99,0.99,0.01,0.01,0.0,0.0,75823.93,1776608076000
1776608079.51,279.51,0.99,0.99,0.01,0.01,0.0,0.0,75825.22,1776608078000
1776608080.12,280.12,0.99,0.99,0.01,0.01,0.0,0.0,75820.83,1776608079000
1776608081.607,281.607,0.99,0.99,0.01,0.01,0.0,0.0,75819.11,1776608080000
1776608082.622,282.622,0.99,0.99,0.01,0.01,0.0,0.0,75822.8,1776608081000
1776608083.229,283.229,0.99,0.99,0.01,0.01,0.0,0.0,75825.72,1776608082000
1776608084.252,284.252,0.99,0.99,0.01,0.01,0.0,0.0,75825.86,1776608083000
1776608085.317,285.317,0.99,0.99,0.01,0.01,0.0,0.0,75822.8,1776608084000
1776608085.68,285.68,0.99,0.99,0.01,0.01,0.0,0.0,75822.8,1776608084000
1776608086.342,286.342,0.99,0.99,0.01,0.01,0.0,0.0,75822.8,1776608084000
1776608087.265,287.265,0.99,0.99,0.01,0.01,0.0,0.0,75826.11,1776608085000
1776608088.302,288.302,0.99,0.99,0.01,0.01,0.0,0.0,75826.19,1776608087000
1776608089.184,289.184,0.99,0.99,0.01,0.01,0.0,0.0,75822.8,1776608088000
1776608090.326,290.326,0.99,0.99,0.01,0.01,0.0,0.0,75826.49,1776608089000
1776608091.011,291.011,0.99,0.99,0.01,0.01,0.0,0.0,75826.49,1776608089000
1776608092.019,292.019,0.99,0.99,0.01,0.01,0.0,0.0,75822.69,1776608090000
1776608092.355,292.355,0.99,0.99,0.01,0.01,0.0,0.0,75822.81,1776608091000
1776608093.15,293.15,0.99,0.99,0.01,0.01,0.0,0.0,75822.75,1776608092000
1776608094.015,294.015,0.99,0.99,0.01,0.01,0.0,0.0,75826.5,1776608093000
1776608095.186,295.186,0.99,0.99,0.01,0.01,0.0,0.0,75826.5,1776608093000
1776608095.722,295.722,0.99,0.99,0.01,0.01,0.0,0.0,75826.05,1776608094000
1776608096.315,296.315,0.99,0.99,0.01,0.01,0.0,0.0,75826.05,1776608095000
1776608097.336,297.336,0.99,0.99,0.01,0.01,0.0,0.0,75829.44,1776608096000
1776608098.436,298.436,0.99,0.99,0.01,0.01,0.0,0.0,75825.56,1776608097000
1776608098.983,298.983,0.99,0.99,0.01,0.01,0.0,0.0,75825.56,1776608097000
1776608100.166,300.166,0.99,0.99,0.01,0.01,0.0,0.0,75822.75,1776608099000
1776608100.667,300.667,0.99,0.99,0.01,0.01,0.0,0.0,75822.75,1776608099000

# RESULT,winner=Up,slug=btc-updown-5m-1776607800,ticks=630
