timestamp,elapsed_sec,up_bid,up_ask,down_bid,down_ask,up_spread,down_spread,btc_price,btc_oracle_ts
1777227300.635,0.635,0.46,0.48,0.52,0.53,0.02,0.01,78107.59,1777227299000
1777227301.07,1.07,0.46,0.47,0.53,0.54,0.01,0.01,78107.59,1777227299000
1777227301.589,1.589,0.46,0.47,0.53,0.54,0.01,0.01,78117.19,1777227300000
1777227302.064,2.064,0.46,0.47,0.53,0.54,0.01,0.01,78117.19,1777227300000
1777227302.523,2.523,0.46,0.47,0.52,0.54,0.01,0.02,78117.73,1777227301000
1777227303.735,3.735,0.47,0.48,0.52,0.53,0.01,0.01,78118.18,1777227302000
1777227304.139,4.139,0.47,0.48,0.52,0.53,0.01,0.01,78118.18,1777227302000
1777227304.547,4.547,0.47,0.48,0.52,0.53,0.01,0.01,78118.26,1777227303000
1777227304.949,4.949,0.47,0.48,0.52,0.53,0.01,0.01,78118.26,1777227303000
1777227305.508,5.508,0.46,0.48,0.52,0.54,0.02,0.02,78118.29,1777227304000
1777227305.873,5.873,0.45,0.48,0.52,0.53,0.03,0.01,78118.29,1777227304000
1777227306.235,6.235,0.42,0.48,0.52,0.55,0.06,0.03,78118.29,1777227304000
1777227306.588,6.588,0.36,0.39,0.61,0.64,0.03,0.03,78104.35,1777227305000
1777227306.921,6.921,0.38,0.43,0.57,0.58,0.05,0.01,78104.35,1777227305000
1777227307.282,7.282,0.42,0.44,0.56,0.59,0.02,0.03,78104.35,1777227305000
1777227307.616,7.616,0.41,0.42,0.57,0.59,0.01,0.02,78107.16,1777227306000
1777227307.961,7.961,0.41,0.42,0.58,0.59,0.01,0.01,78107.16,1777227306000
1777227308.35,8.35,0.42,0.43,0.57,0.58,0.01,0.01,78107.16,1777227307000
1777227308.716,8.716,0.42,0.43,0.57,0.58,0.01,0.01,78107.16,1777227307000
1777227309.063,9.063,0.42,0.43,0.57,0.58,0.01,0.01,78107.16,1777227307000
1777227309.484,9.484,0.4,0.43,0.57,0.58,0.03,0.01,78108.07,1777227308000
1777227310.007,10.007,0.4,0.43,0.57,0.6,0.03,0.03,78108.07,1777227309000
1777227311.078,11.078,0.42,0.43,0.57,0.58,0.01,0.01,78109.56,1777227310000
1777227311.568,11.568,0.42,0.43,0.57,0.58,0.01,0.01,78109.56,1777227310000
1777227311.995,11.995,0.42,0.43,0.57,0.58,0.01,0.01,78109.56,1777227310000
1777227312.363,12.363,0.42,0.43,0.57,0.58,0.01,0.01,78108.39,1777227311000
1777227312.708,12.708,0.42,0.46,0.55,0.58,0.04,0.03,78108.39,1777227311000
1777227313.067,13.067,0.44,0.45,0.55,0.58,0.01,0.03,78108.39,1777227311000
1777227313.404,13.404,0.42,0.43,0.57,0.58,0.01,0.01,78108.39,1777227311000
1777227313.805,13.805,0.43,0.44,0.56,0.58,0.01,0.02,78110.8,1777227312000
1777227314.186,14.186,0.43,0.44,0.56,0.57,0.01,0.01,78112.04,1777227313000
1777227314.6,14.6,0.43,0.44,0.56,0.57,0.01,0.01,78112.04,1777227313000
1777227314.944,14.944,0.43,0.44,0.56,0.57,0.01,0.01,78112.04,1777227313000
1777227315.284,15.284,0.47,0.48,0.52,0.53,0.01,0.01,78112.04,1777227313000
1777227315.633,15.633,0.48,0.49,0.51,0.52,0.01,0.01,78114.23,1777227314000
1777227316.271,16.271,0.48,0.49,0.51,0.52,0.01,0.01,78114.23,1777227314000
1777227316.637,16.637,0.48,0.49,0.51,0.52,0.01,0.01,78114.57,1777227315000
1777227317.091,17.091,0.48,0.49,0.51,0.52,0.01,0.01,78114.93,1777227316000
1777227317.427,17.427,0.48,0.5,0.51,0.52,0.02,0.01,78114.93,1777227316000
1777227318.163,18.163,0.49,0.5,0.5,0.52,0.01,0.02,78114.93,1777227316000
1777227318.755,18.755,0.49,0.5,0.5,0.51,0.01,0.01,78117.32,1777227317000
1777227319.147,19.147,0.49,0.5,0.5,0.51,0.01,0.01,78117.33,1777227318000
1777227319.652,19.652,0.49,0.5,0.5,0.51,0.01,0.01,78117.33,1777227318000
1777227320.107,20.107,0.49,0.5,0.5,0.51,0.01,0.01,78117.33,1777227318000
1777227320.535,20.535,0.49,0.5,0.5,0.51,0.01,0.01,78117.4,1777227319000
1777227320.976,20.976,0.49,0.5,0.5,0.51,0.01,0.01,78117.4,1777227319000
1777227321.323,21.323,0.49,0.5,0.5,0.51,0.01,0.01,78117.4,1777227319000
1777227322.055,22.055,0.5,0.52,0.48,0.5,0.02,0.02,78120.03,1777227321000
1777227322.406,22.406,0.54,0.55,0.45,0.48,0.01,0.03,78120.03,1777227321000
1777227322.754,22.754,0.54,0.56,0.44,0.46,0.02,0.02,78120.03,1777227321000
1777227323.106,23.106,0.57,0.58,0.42,0.43,0.01,0.01,78120.03,1777227321000
1777227323.442,23.442,0.57,0.58,0.42,0.43,0.01,0.01,78127.06,1777227322000
1777227323.837,23.837,0.58,0.59,0.41,0.42,0.01,0.01,78127.06,1777227322000
1777227324.209,24.209,0.57,0.58,0.42,0.43,0.01,0.01,78127.06,1777227322000
1777227324.549,24.549,0.56,0.57,0.43,0.44,0.01,0.01,78129.77,1777227323000
1777227325.206,25.206,0.56,0.57,0.43,0.44,0.01,0.01,78129.77,1777227323000
1777227325.621,25.621,0.56,0.57,0.43,0.44,0.01,0.01,78136.78,1777227324000
1777227326.036,26.036,0.56,0.57,0.43,0.44,0.01,0.01,78136.78,1777227324000
1777227326.583,26.583,0.54,0.56,0.45,0.46,0.02,0.01,78136.64,1777227325000
1777227327.316,27.316,0.54,0.55,0.45,0.46,0.01,0.01,78136.64,1777227325000
1777227327.707,27.707,0.54,0.55,0.45,0.46,0.01,0.01,78135.66,1777227326000
1777227328.073,28.073,0.54,0.55,0.45,0.46,0.01,0.01,78135.35,1777227327000
1777227328.412,28.412,0.54,0.55,0.45,0.46,0.01,0.01,78135.35,1777227327000
1777227328.76,28.76,0.54,0.55,0.45,0.46,0.01,0.01,78135.35,1777227327000
1777227329.191,29.191,0.54,0.55,0.45,0.46,0.01,0.01,78134.91,1777227328000
1777227329.554,29.554,0.54,0.55,0.45,0.46,0.01,0.01,78134.91,1777227328000
1777227330.017,30.017,0.54,0.55,0.45,0.46,0.01,0.01,78134.91,1777227328000
1777227330.375,30.375,0.53,0.54,0.45,0.46,0.01,0.01,78134.91,1777227328000
1777227330.757,30.757,0.52,0.53,0.47,0.48,0.01,0.01,78134.35,1777227329000
1777227331.1,31.1,0.52,0.53,0.47,0.48,0.01,0.01,78134.35,1777227329000
1777227331.441,31.441,0.51,0.52,0.48,0.49,0.01,0.01,78135.51,1777227330000
1777227331.868,31.868,0.51,0.52,0.48,0.49,0.01,0.01,78135.51,1777227330000
1777227332.216,32.216,0.51,0.52,0.48,0.49,0.01,0.01,78135.51,1777227330000
1777227332.569,32.569,0.52,0.53,0.47,0.48,0.01,0.01,78135.03,1777227331000
1777227332.967,32.967,0.52,0.53,0.47,0.48,0.01,0.01,78135.03,1777227331000
1777227333.607,33.607,0.52,0.53,0.47,0.48,0.01,0.01,78131.39,1777227332000
1777227334.817,34.817,0.52,0.53,0.47,0.48,0.01,0.01,78130.15,1777227333000
1777227335.21,35.21,0.52,0.53,0.47,0.48,0.01,0.01,78130.15,1777227333000
1777227335.553,35.553,0.52,0.56,0.44,0.48,0.04,0.04,78132.48,1777227334000
1777227335.998,35.998,0.52,0.56,0.44,0.47,0.04,0.03,78132.48,1777227334000
1777227336.365,36.365,0.55,0.56,0.44,0.45,0.01,0.01,78132.48,1777227334000
1777227336.767,36.767,0.55,0.6,0.4,0.45,0.05,0.05,78135.08,1777227335000
1777227337.273,37.273,0.55,0.6,0.4,0.45,0.05,0.05,78135.71,1777227336000
1777227337.645,37.645,0.59,0.6,0.4,0.43,0.01,0.03,78135.71,1777227336000
1777227338.117,38.117,0.59,0.6,0.4,0.41,0.01,0.01,78141.21,1777227337000
1777227338.507,38.507,0.59,0.6,0.4,0.41,0.01,0.01,78141.21,1777227337000
1777227339.013,39.013,0.59,0.6,0.4,0.41,0.01,0.01,78141.21,1777227337000
1777227339.512,39.512,0.59,0.6,0.4,0.41,0.01,0.01,78143.9,1777227338000
1777227339.908,39.908,0.61,0.62,0.38,0.39,0.01,0.01,78143.9,1777227338000
1777227340.312,40.312,0.61,0.62,0.38,0.39,0.01,0.01,78143.92,1777227339000
1777227340.73,40.73,0.61,0.62,0.38,0.39,0.01,0.01,78143.92,1777227339000
1777227341.206,41.206,0.61,0.62,0.38,0.39,0.01,0.01,78143.92,1777227339000
1777227341.561,41.561,0.61,0.62,0.38,0.39,0.01,0.01,78144.22,1777227340000
1777227341.907,41.907,0.61,0.62,0.38,0.39,0.01,0.01,78144.22,1777227340000
1777227342.525,42.525,0.61,0.62,0.38,0.39,0.01,0.01,78145.12,1777227341000
1777227343.183,43.183,0.61,0.62,0.38,0.39,0.01,0.01,78146.06,1777227342000
1777227343.636,43.636,0.61,0.62,0.38,0.39,0.01,0.01,78146.06,1777227342000
1777227343.996,43.996,0.61,0.62,0.38,0.39,0.01,0.01,78146.05,1777227343000
1777227344.374,44.374,0.61,0.64,0.36,0.39,0.03,0.03,78146.05,1777227343000
1777227344.768,44.768,0.63,0.65,0.35,0.37,0.02,0.02,78146.05,1777227343000
1777227345.136,45.136,0.63,0.65,0.35,0.37,0.02,0.02,78146.93,1777227344000
1777227345.505,45.505,0.64,0.65,0.35,0.36,0.01,0.01,78146.93,1777227344000
1777227345.909,45.909,0.64,0.65,0.35,0.36,0.01,0.01,78146.93,1777227344000
1777227346.271,46.271,0.64,0.65,0.35,0.36,0.01,0.01,78148.29,1777227345000
1777227346.691,46.691,0.64,0.65,0.35,0.36,0.01,0.01,78148.29,1777227345000
1777227347.33,47.33,0.64,0.65,0.35,0.36,0.01,0.01,78149.17,1777227346000
1777227347.785,47.785,0.64,0.65,0.35,0.36,0.01,0.01,78149.17,1777227346000
1777227348.413,48.413,0.64,0.65,0.35,0.36,0.01,0.01,78149.17,1777227346000
1777227348.775,48.775,0.65,0.66,0.34,0.36,0.01,0.02,78149.18,1777227347000
1777227349.219,49.219,0.65,0.66,0.34,0.35,0.01,0.01,78149.18,1777227347000
1777227349.743,49.743,0.65,0.66,0.34,0.35,0.01,0.01,78149.07,1777227348000
1777227350.505,50.505,0.65,0.66,0.34,0.35,0.01,0.01,78149.14,1777227349000
1777227351.077,51.077,0.65,0.66,0.34,0.35,0.01,0.01,78149.43,1777227350000
1777227351.41,51.41,0.65,0.67,0.34,0.35,0.02,0.01,78149.43,1777227350000
1777227351.917,51.917,0.66,0.67,0.33,0.34,0.01,0.01,78149.43,1777227350000
1777227352.268,52.268,0.66,0.67,0.33,0.34,0.01,0.01,78151.64,1777227351000
1777227352.63,52.63,0.66,0.67,0.33,0.34,0.01,0.01,78151.64,1777227351000
1777227353.128,53.128,0.66,0.67,0.33,0.34,0.01,0.01,78151.64,1777227351000
1777227353.522,53.522,0.66,0.67,0.33,0.34,0.01,0.01,78151.74,1777227352000
1777227353.885,53.885,0.66,0.67,0.33,0.34,0.01,0.01,78151.74,1777227352000
1777227354.371,54.371,0.66,0.67,0.33,0.34,0.01,0.01,78151.76,1777227353000
1777227354.88,54.88,0.61,0.62,0.38,0.4,0.01,0.02,78151.76,1777227353000
1777227355.333,55.333,0.6,0.61,0.39,0.4,0.01,0.01,78151.78,1777227354000
1777227355.697,55.697,0.59,0.6,0.4,0.41,0.01,0.01,78151.78,1777227354000
1777227356.199,56.199,0.59,0.6,0.4,0.41,0.01,0.01,78150.48,1777227355000
1777227356.628,56.628,0.59,0.6,0.4,0.41,0.01,0.01,78150.48,1777227355000
1777227357.025,57.025,0.59,0.6,0.4,0.41,0.01,0.01,78150.48,1777227355000
1777227357.451,57.451,0.59,0.6,0.4,0.41,0.01,0.01,78146.0,1777227356000
1777227357.91,57.91,0.59,0.6,0.4,0.41,0.01,0.01,78146.0,1777227356000
1777227358.368,58.368,0.59,0.6,0.4,0.41,0.01,0.01,78143.54,1777227357000
1777227359.1,59.1,0.59,0.6,0.4,0.41,0.01,0.01,78143.56,1777227358000
1777227359.617,59.617,0.59,0.6,0.4,0.41,0.01,0.01,78143.56,1777227358000
1777227360.162,60.162,0.59,0.6,0.4,0.41,0.01,0.01,78145.14,1777227359000
1777227360.632,60.632,0.59,0.6,0.4,0.41,0.01,0.01,78145.14,1777227359000
1777227360.968,60.968,0.59,0.6,0.4,0.41,0.01,0.01,78145.14,1777227359000
1777227361.356,61.356,0.59,0.6,0.4,0.41,0.01,0.01,78146.59,1777227360000
1777227361.84,61.84,0.59,0.61,0.39,0.41,0.02,0.02,78146.59,1777227360000
1777227362.193,62.193,0.68,0.7,0.3,0.32,0.02,0.02,78146.59,1777227360000
1777227362.582,62.582,0.69,0.7,0.3,0.31,0.01,0.01,78147.62,1777227361000
1777227362.99,62.99,0.71,0.73,0.26,0.3,0.02,0.04,78147.62,1777227361000
1777227363.431,63.431,0.73,0.74,0.26,0.27,0.01,0.01,78150.66,1777227362000
1777227363.776,63.776,0.73,0.74,0.26,0.27,0.01,0.01,78150.66,1777227362000
1777227364.171,64.171,0.73,0.74,0.26,0.27,0.01,0.01,78150.66,1777227362000
1777227364.614,64.614,0.73,0.74,0.26,0.27,0.01,0.01,78165.34,1777227363000
1777227364.977,64.977,0.71,0.72,0.28,0.29,0.01,0.01,78165.34,1777227363000
1777227365.469,65.469,0.72,0.73,0.27,0.28,0.01,0.01,78166.89,1777227364000
1777227366.023,66.023,0.72,0.73,0.27,0.28,0.01,0.01,78166.89,1777227364000
1777227367.065,67.065,0.72,0.73,0.27,0.28,0.01,0.01,78167.15,1777227365000
1777227367.511,67.511,0.72,0.75,0.27,0.28,0.03,0.01,78167.15,1777227365000
1777227367.92,67.92,0.72,0.75,0.25,0.28,0.03,0.03,78167.04,1777227366000
1777227368.261,68.261,0.72,0.73,0.27,0.28,0.01,0.01,78167.04,1777227366000
1777227368.601,68.601,0.73,0.75,0.25,0.27,0.02,0.02,78170.51,1777227367000
1777227369.223,69.223,0.76,0.77,0.23,0.24,0.01,0.01,78171.73,1777227368000
1777227369.562,69.562,0.76,0.77,0.23,0.24,0.01,0.01,78171.73,1777227368000
1777227369.923,69.923,0.76,0.77,0.23,0.24,0.01,0.01,78171.73,1777227368000
1777227370.272,70.272,0.76,0.77,0.23,0.24,0.01,0.01,78171.73,1777227369000
1777227370.73,70.73,0.77,0.79,0.22,0.23,0.02,0.01,78171.73,1777227369000
1777227371.094,71.094,0.78,0.79,0.21,0.22,0.01,0.01,78171.73,1777227369000
1777227371.522,71.522,0.77,0.78,0.22,0.23,0.01,0.01,78171.79,1777227370000
1777227371.923,71.923,0.74,0.76,0.23,0.24,0.02,0.01,78171.79,1777227370000
1777227372.27,72.27,0.74,0.75,0.25,0.26,0.01,0.01,78172.18,1777227371000
1777227372.722,72.722,0.73,0.74,0.26,0.27,0.01,0.01,78172.18,1777227371000
1777227373.281,73.281,0.73,0.74,0.26,0.27,0.01,0.01,78173.54,1777227372000
1777227373.906,73.906,0.73,0.74,0.26,0.27,0.01,0.01,78173.54,1777227372000
1777227374.256,74.256,0.74,0.75,0.25,0.26,0.01,0.01,78171.29,1777227373000
1777227375.215,75.215,0.75,0.76,0.24,0.25,0.01,0.01,78171.54,1777227374000
1777227375.726,75.726,0.75,0.76,0.24,0.25,0.01,0.01,78171.54,1777227374000
1777227376.154,76.154,0.75,0.76,0.24,0.25,0.01,0.01,78171.54,1777227374000
1777227376.498,76.498,0.75,0.77,0.23,0.25,0.02,0.02,78171.54,1777227374000
1777227377.026,77.026,0.76,0.77,0.23,0.25,0.01,0.02,78172.62,1777227375000
1777227377.363,77.363,0.76,0.77,0.23,0.24,0.01,0.01,78172.65,1777227376000
1777227377.798,77.798,0.76,0.77,0.22,0.24,0.01,0.02,78172.65,1777227376000
1777227378.159,78.159,0.77,0.78,0.22,0.23,0.01,0.01,78172.65,1777227376000
1777227378.508,78.508,0.78,0.79,0.21,0.22,0.01,0.01,78172.82,1777227377000
1777227378.898,78.898,0.77,0.78,0.21,0.23,0.01,0.02,78172.82,1777227377000
1777227379.286,79.286,0.77,0.78,0.22,0.23,0.01,0.01,78172.82,1777227377000
1777227379.63,79.63,0.77,0.78,0.22,0.23,0.01,0.01,78172.82,1777227377000
1777227380.071,80.071,0.77,0.78,0.22,0.23,0.01,0.01,78172.82,1777227377000
1777227380.482,80.482,0.77,0.78,0.22,0.23,0.01,0.01,78172.8,1777227379000
1777227380.892,80.892,0.77,0.78,0.22,0.23,0.01,0.01,78172.8,1777227379000
1777227381.282,81.282,0.77,0.78,0.22,0.23,0.01,0.01,78172.8,1777227379000
1777227381.643,81.643,0.76,0.77,0.23,0.24,0.01,0.01,78172.94,1777227380000
1777227382.254,82.254,0.76,0.77,0.23,0.24,0.01,0.01,78172.94,1777227380000
1777227382.685,82.685,0.76,0.77,0.23,0.24,0.01,0.01,78172.94,1777227380000
1777227383.037,83.037,0.76,0.77,0.23,0.24,0.01,0.01,78172.95,1777227381000
1777227383.542,83.542,0.76,0.77,0.23,0.24,0.01,0.01,78172.96,1777227382000
1777227384.002,84.002,0.76,0.77,0.23,0.24,0.01,0.01,78172.96,1777227382000
1777227384.567,84.567,0.77,0.79,0.22,0.23,0.02,0.01,78172.98,1777227383000
1777227384.955,84.955,0.79,0.82,0.2,0.21,0.03,0.01,78172.98,1777227383000
1777227385.319,85.319,0.8,0.81,0.19,0.2,0.01,0.01,78172.98,1777227383000
1777227385.733,85.733,0.8,0.81,0.19,0.2,0.01,0.01,78172.98,1777227384000
1777227386.127,86.127,0.8,0.82,0.18,0.2,0.02,0.02,78175.24,1777227385000
1777227386.513,86.513,0.83,0.84,0.16,0.17,0.01,0.01,78175.24,1777227385000
1777227386.861,86.861,0.83,0.84,0.16,0.17,0.01,0.01,78175.24,1777227385000
1777227387.239,87.239,0.83,0.84,0.16,0.17,0.01,0.01,78175.24,1777227385000
1777227387.593,87.593,0.83,0.85,0.15,0.16,0.02,0.01,78175.53,1777227386000
1777227388.01,88.01,0.83,0.84,0.16,0.17,0.01,0.01,78175.53,1777227386000
1777227388.362,88.362,0.81,0.83,0.17,0.19,0.02,0.02,78175.53,1777227386000
1777227388.838,88.838,0.81,0.82,0.18,0.2,0.01,0.02,78179.27,1777227387000
1777227389.37,89.37,0.81,0.82,0.18,0.19,0.01,0.01,78180.15,1777227388000
1777227389.742,89.742,0.8,0.82,0.18,0.2,0.02,0.02,78180.15,1777227388000
1777227390.831,90.831,0.77,0.78,0.22,0.24,0.01,0.02,78180.77,1777227389000
1777227391.219,91.219,0.77,0.78,0.22,0.23,0.01,0.01,78180.77,1777227389000
1777227391.641,91.641,0.77,0.78,0.22,0.23,0.01,0.01,78179.54,1777227390000
1777227392.001,92.001,0.77,0.78,0.22,0.23,0.01,0.01,78179.54,1777227390000
1777227392.338,92.338,0.78,0.79,0.21,0.23,0.01,0.02,78178.18,1777227391000
1777227392.704,92.704,0.78,0.79,0.21,0.22,0.01,0.01,78178.18,1777227391000
1777227393.076,93.076,0.78,0.79,0.21,0.22,0.01,0.01,78178.18,1777227391000
1777227393.413,93.413,0.78,0.79,0.21,0.22,0.01,0.01,78178.49,1777227392000
1777227393.897,93.897,0.75,0.76,0.21,0.26,0.01,0.05,78178.49,1777227392000
1777227394.251,94.251,0.75,0.76,0.24,0.25,0.01,0.01,78178.6,1777227393000
1777227394.591,94.591,0.77,0.78,0.23,0.24,0.01,0.01,78178.6,1777227393000
1777227395.037,95.037,0.8,0.81,0.19,0.22,0.01,0.03,78178.6,1777227393000
1777227395.411,95.411,0.8,0.81,0.19,0.2,0.01,0.01,78178.6,1777227393000
1777227395.807,95.807,0.8,0.81,0.19,0.2,0.01,0.01,78178.29,1777227394000
1777227396.369,96.369,0.81,0.82,0.18,0.2,0.01,0.02,78178.29,1777227394000
1777227396.782,96.782,0.81,0.82,0.18,0.19,0.01,0.01,78177.58,1777227395000
1777227397.382,97.382,0.81,0.82,0.18,0.19,0.01,0.01,78177.58,1777227395000
1777227397.765,97.765,0.8,0.82,0.18,0.2,0.02,0.02,78178.43,1777227396000
1777227398.168,98.168,0.8,0.81,0.19,0.2,0.01,0.01,78178.43,1777227396000
1777227398.921,98.921,0.79,0.81,0.19,0.2,0.02,0.01,78179.58,1777227397000
1777227399.482,99.482,0.76,0.81,0.19,0.24,0.05,0.05,78180.12,1777227398000
1777227399.852,99.852,0.8,0.81,0.19,0.24,0.01,0.05,78180.12,1777227398000
1777227400.276,100.276,0.71,0.74,0.25,0.28,0.03,0.03,78180.12,1777227398000
1777227400.643,100.643,0.73,0.74,0.26,0.29,0.01,0.03,78179.31,1777227399000
1777227401.105,101.105,0.73,0.74,0.26,0.27,0.01,0.01,78179.31,1777227399000
1777227401.46,101.46,0.73,0.74,0.26,0.27,0.01,0.01,78179.31,1777227399000
1777227401.966,101.966,0.73,0.74,0.26,0.27,0.01,0.01,78169.05,1777227400000
1777227402.375,102.375,0.73,0.74,0.26,0.27,0.01,0.01,78168.44,1777227401000
1777227402.722,102.722,0.73,0.75,0.26,0.27,0.02,0.01,78168.44,1777227401000
1777227403.227,103.227,0.74,0.75,0.25,0.26,0.01,0.01,78168.44,1777227401000
1777227403.561,103.561,0.74,0.75,0.25,0.26,0.01,0.01,78167.6,1777227402000
1777227403.985,103.985,0.75,0.76,0.24,0.26,0.01,0.02,78167.6,1777227402000
1777227404.387,104.387,0.75,0.76,0.24,0.25,0.01,0.01,78167.6,1777227403000
1777227404.728,104.728,0.75,0.76,0.24,0.25,0.01,0.01,78167.6,1777227403000
1777227405.541,105.541,0.75,0.76,0.24,0.25,0.01,0.01,78168.31,1777227404000
1777227406.055,106.055,0.75,0.76,0.24,0.25,0.01,0.01,78168.83,1777227405000
1777227406.689,106.689,0.75,0.76,0.24,0.25,0.01,0.01,78168.83,1777227405000
1777227407.218,107.218,0.73,0.76,0.24,0.27,0.03,0.03,78168.65,1777227406000
1777227407.652,107.652,0.75,0.76,0.24,0.27,0.01,0.03,78168.65,1777227406000
1777227407.993,107.993,0.73,0.76,0.24,0.25,0.03,0.01,78168.65,1777227406000
1777227408.629,108.629,0.71,0.73,0.27,0.35,0.02,0.08,78167.1,1777227407000
1777227408.986,108.986,0.67,0.69,0.29,0.35,0.02,0.06,78167.1,1777227407000
1777227409.508,109.508,0.68,0.69,0.31,0.32,0.01,0.01,78160.63,1777227408000
1777227409.929,109.929,0.68,0.69,0.31,0.32,0.01,0.01,78160.63,1777227408000
1777227410.576,110.576,0.68,0.69,0.31,0.32,0.01,0.01,78160.08,1777227409000
1777227410.936,110.936,0.68,0.69,0.31,0.32,0.01,0.01,78160.08,1777227409000
1777227411.367,111.367,0.68,0.69,0.31,0.32,0.01,0.01,78160.08,1777227409000
1777227411.9,111.9,0.69,0.7,0.3,0.32,0.01,0.02,78159.09,1777227410000
1777227412.775,112.775,0.69,0.7,0.3,0.31,0.01,0.01,78159.09,1777227411000
1777227413.312,113.312,0.69,0.7,0.3,0.31,0.01,0.01,78159.09,1777227412000
1777227413.886,113.886,0.69,0.7,0.3,0.31,0.01,0.01,78159.09,1777227412000
1777227414.25,114.25,0.69,0.7,0.3,0.31,0.01,0.01,78159.09,1777227412000
1777227414.715,114.715,0.69,0.7,0.3,0.31,0.01,0.01,78159.2,1777227413000
1777227415.12,115.12,0.7,0.71,0.3,0.31,0.01,0.01,78159.29,1777227414000
1777227415.886,115.886,0.7,0.71,0.29,0.3,0.01,0.01,78159.29,1777227414000
1777227416.258,116.258,0.7,0.71,0.29,0.3,0.01,0.01,78159.29,1777227414000
1777227416.674,116.674,0.7,0.71,0.29,0.3,0.01,0.01,78159.29,1777227415000
1777227417.118,117.118,0.7,0.71,0.29,0.3,0.01,0.01,78159.29,1777227415000
1777227417.643,117.643,0.7,0.71,0.29,0.3,0.01,0.01,78159.39,1777227416000
1777227418.098,118.098,0.66,0.71,0.29,0.3,0.05,0.01,78159.39,1777227416000
1777227418.437,118.437,0.68,0.69,0.31,0.32,0.01,0.01,78159.2,1777227417000
1777227419.051,119.051,0.67,0.68,0.32,0.33,0.01,0.01,78159.2,1777227417000
1777227419.584,119.584,0.65,0.66,0.34,0.35,0.01,0.01,78159.2,1777227418000
1777227420.266,120.266,0.65,0.66,0.34,0.35,0.01,0.01,78158.32,1777227419000
1777227420.699,120.699,0.65,0.66,0.34,0.35,0.01,0.01,78158.32,1777227419000
1777227421.517,121.517,0.65,0.66,0.34,0.35,0.01,0.01,78156.86,1777227420000
1777227422.082,122.082,0.65,0.66,0.34,0.35,0.01,0.01,78154.58,1777227421000
1777227422.744,122.744,0.65,0.66,0.34,0.35,0.01,0.01,78154.58,1777227421000
1777227423.171,123.171,0.64,0.66,0.34,0.35,0.02,0.01,78154.58,1777227421000
1777227423.52,123.52,0.63,0.66,0.34,0.37,0.03,0.03,78145.75,1777227422000
1777227423.865,123.865,0.6,0.62,0.38,0.4,0.02,0.02,78145.75,1777227422000
1777227424.205,124.205,0.59,0.6,0.4,0.41,0.01,0.01,78145.75,1777227422000
1777227424.548,124.548,0.62,0.66,0.35,0.38,0.04,0.03,78142.48,1777227423000
1777227424.902,124.902,0.64,0.65,0.35,0.36,0.01,0.01,78142.48,1777227423000
1777227425.236,125.236,0.64,0.65,0.35,0.36,0.01,0.01,78143.01,1777227424000
1777227425.581,125.581,0.64,0.65,0.35,0.36,0.01,0.01,78143.01,1777227424000
1777227426.152,126.152,0.64,0.65,0.35,0.36,0.01,0.01,78143.01,1777227424000
1777227426.551,126.551,0.64,0.65,0.35,0.36,0.01,0.01,78143.01,1777227424000
1777227426.924,126.924,0.64,0.65,0.35,0.36,0.01,0.01,78146.59,1777227425000
1777227427.348,127.348,0.63,0.64,0.35,0.36,0.01,0.01,78147.76,1777227426000
1777227427.711,127.711,0.63,0.64,0.36,0.37,0.01,0.01,78147.76,1777227426000
1777227428.092,128.092,0.63,0.64,0.36,0.37,0.01,0.01,78147.76,1777227426000
1777227428.565,128.565,0.63,0.64,0.36,0.37,0.01,0.01,78150.52,1777227427000
1777227429.189,129.189,0.63,0.64,0.36,0.37,0.01,0.01,78150.52,1777227427000
1777227429.965,129.965,0.63,0.64,0.36,0.37,0.01,0.01,78149.92,1777227428000
1777227430.3,130.3,0.63,0.64,0.36,0.37,0.01,0.01,78149.93,1777227429000
1777227430.682,130.682,0.62,0.64,0.36,0.37,0.02,0.01,78149.93,1777227429000
1777227431.158,131.158,0.61,0.63,0.37,0.38,0.02,0.01,78149.98,1777227430000
1777227431.55,131.55,0.61,0.62,0.38,0.39,0.01,0.01,78149.98,1777227430000
1777227431.893,131.893,0.61,0.62,0.38,0.39,0.01,0.01,78149.99,1777227431000
1777227432.355,132.355,0.62,0.63,0.37,0.38,0.01,0.01,78149.99,1777227431000
1777227432.764,132.764,0.63,0.66,0.36,0.38,0.03,0.02,78149.99,1777227431000
1777227433.171,133.171,0.65,0.66,0.34,0.35,0.01,0.01,78149.62,1777227432000
1777227433.729,133.729,0.65,0.66,0.34,0.35,0.01,0.01,78149.62,1777227432000
1777227434.071,134.071,0.66,0.67,0.33,0.34,0.01,0.01,78149.62,1777227433000
1777227434.422,134.422,0.66,0.68,0.32,0.34,0.02,0.02,78149.62,1777227433000
1777227434.895,134.895,0.67,0.68,0.32,0.33,0.01,0.01,78149.62,1777227433000
1777227435.239,135.239,0.67,0.68,0.32,0.33,0.01,0.01,78150.53,1777227434000
1777227435.719,135.719,0.67,0.68,0.32,0.33,0.01,0.01,78150.53,1777227434000
1777227436.181,136.181,0.67,0.68,0.32,0.33,0.01,0.01,78150.53,1777227434000
1777227436.575,136.575,0.67,0.68,0.32,0.33,0.01,0.01,78150.88,1777227435000
1777227437.231,137.231,0.67,0.68,0.32,0.33,0.01,0.01,78152.14,1777227436000
1777227438.048,138.048,0.67,0.68,0.32,0.33,0.01,0.01,78152.14,1777227436000
1777227438.675,138.675,0.67,0.68,0.32,0.33,0.01,0.01,78152.58,1777227437000
1777227439.139,139.139,0.67,0.68,0.32,0.33,0.01,0.01,78152.52,1777227438000
1777227439.724,139.724,0.67,0.68,0.32,0.33,0.01,0.01,78152.52,1777227438000
1777227440.168,140.168,0.68,0.69,0.32,0.33,0.01,0.01,78152.52,1777227438000
1777227440.707,140.707,0.68,0.69,0.31,0.32,0.01,0.01,78152.52,1777227439000
1777227441.047,141.047,0.68,0.69,0.31,0.32,0.01,0.01,78152.27,1777227440000
1777227441.731,141.731,0.68,0.69,0.31,0.32,0.01,0.01,78152.27,1777227440000
1777227442.24,142.24,0.68,0.69,0.31,0.32,0.01,0.01,78152.27,1777227441000
1777227443.012,143.012,0.68,0.69,0.31,0.32,0.01,0.01,78152.27,1777227441000
1777227443.492,143.492,0.69,0.7,0.3,0.31,0.01,0.01,78154.51,1777227442000
1777227443.856,143.856,0.69,0.7,0.3,0.31,0.01,0.01,78154.51,1777227442000
1777227444.244,144.244,0.69,0.7,0.3,0.31,0.01,0.01,78154.51,1777227443000
1777227444.676,144.676,0.69,0.7,0.3,0.31,0.01,0.01,78154.51,1777227443000
1777227445.097,145.097,0.69,0.7,0.3,0.31,0.01,0.01,78154.7,1777227444000
1777227446.003,146.003,0.69,0.7,0.3,0.31,0.01,0.01,78154.7,1777227444000
1777227446.387,146.387,0.69,0.7,0.3,0.31,0.01,0.01,78154.72,1777227445000
1777227446.749,146.749,0.69,0.7,0.3,0.31,0.01,0.01,78154.72,1777227445000
1777227447.174,147.174,0.69,0.7,0.3,0.31,0.01,0.01,78154.72,1777227445000
1777227447.673,147.673,0.69,0.7,0.3,0.31,0.01,0.01,78153.74,1777227446000
1777227448.239,148.239,0.68,0.7,0.3,0.32,0.02,0.02,78153.74,1777227446000
1777227448.92,148.92,0.69,0.7,0.3,0.31,0.01,0.01,78153.74,1777227447000
1777227449.26,149.26,0.69,0.7,0.3,0.31,0.01,0.01,78153.74,1777227447000
1777227449.611,149.611,0.69,0.7,0.3,0.31,0.01,0.01,78154.68,1777227448000
1777227449.953,149.953,0.69,0.7,0.3,0.31,0.01,0.01,78154.68,1777227448000
1777227450.299,150.299,0.76,0.77,0.23,0.24,0.01,0.01,78154.68,1777227448000
1777227450.691,150.691,0.75,0.77,0.23,0.24,0.02,0.01,78154.68,1777227449000
1777227451.097,151.097,0.75,0.76,0.24,0.25,0.01,0.01,78154.68,1777227449000
1777227451.462,151.462,0.75,0.76,0.24,0.25,0.01,0.01,78154.68,1777227449000
1777227451.884,151.884,0.75,0.76,0.24,0.25,0.01,0.01,78155.19,1777227451000
1777227452.259,152.259,0.73,0.74,0.26,0.27,0.01,0.01,78155.19,1777227451000
1777227452.633,152.633,0.71,0.72,0.28,0.29,0.01,0.01,78155.19,1777227451000
1777227453.016,153.016,0.71,0.73,0.27,0.29,0.02,0.02,78157.45,1777227452000
1777227453.591,153.591,0.72,0.73,0.27,0.28,0.01,0.01,78157.45,1777227452000
1777227454.083,154.083,0.72,0.74,0.27,0.28,0.02,0.01,78157.45,1777227452000
1777227454.46,154.46,0.78,0.79,0.21,0.22,0.01,0.01,78157.45,1777227453000
1777227454.817,154.817,0.78,0.79,0.16,0.22,0.01,0.06,78157.45,1777227453000
1777227455.343,155.343,0.79,0.8,0.2,0.22,0.01,0.02,78157.86,1777227454000
1777227455.761,155.761,0.79,0.8,0.2,0.21,0.01,0.01,78157.86,1777227454000
1777227456.234,156.234,0.77,0.78,0.22,0.23,0.01,0.01,78164.34,1777227455000
1777227456.775,156.775,0.77,0.78,0.22,0.23,0.01,0.01,78164.34,1777227455000
1777227457.256,157.256,0.77,0.78,0.22,0.23,0.01,0.01,78164.34,1777227455000
1777227457.611,157.611,0.77,0.78,0.22,0.23,0.01,0.01,78164.34,1777227455000
1777227457.965,157.965,0.78,0.79,0.21,0.23,0.01,0.02,78164.34,1777227455000
1777227458.311,158.311,0.78,0.79,0.21,0.22,0.01,0.01,78165.47,1777227456000
1777227459.102,159.102,0.78,0.79,0.21,0.22,0.01,0.01,78165.56,1777227458000
1777227459.435,159.435,0.78,0.8,0.21,0.22,0.02,0.01,78165.56,1777227458000
1777227459.859,159.859,0.78,0.79,0.21,0.22,0.01,0.01,78165.56,1777227458000
1777227460.242,160.242,0.79,0.8,0.21,0.22,0.01,0.01,78165.56,1777227458000
1777227460.68,160.68,0.79,0.8,0.2,0.21,0.01,0.01,78165.8,1777227459000
1777227461.323,161.323,0.78,0.8,0.2,0.22,0.02,0.02,78166.41,1777227460000
1777227461.723,161.723,0.78,0.8,0.2,0.22,0.02,0.02,78166.41,1777227460000
1777227462.077,162.077,0.82,0.83,0.17,0.18,0.01,0.01,78166.6,1777227461000
1777227462.465,162.465,0.82,0.83,0.17,0.18,0.01,0.01,78166.6,1777227461000
1777227462.803,162.803,0.82,0.83,0.17,0.18,0.01,0.01,78166.6,1777227461000
1777227463.157,163.157,0.82,0.83,0.17,0.18,0.01,0.01,78167.23,1777227462000
1777227463.614,163.614,0.82,0.83,0.17,0.18,0.01,0.01,78167.23,1777227462000
1777227463.957,163.957,0.82,0.83,0.17,0.18,0.01,0.01,78167.23,1777227462000
1777227464.305,164.305,0.82,0.84,0.17,0.18,0.02,0.01,78167.23,1777227462000
1777227464.804,164.804,0.83,0.84,0.16,0.18,0.01,0.02,78167.23,1777227462000
1777227465.166,165.166,0.83,0.84,0.16,0.17,0.01,0.01,78170.27,1777227463000
1777227465.689,165.689,0.83,0.84,0.16,0.17,0.01,0.01,78171.0,1777227464000
1777227466.41,166.41,0.83,0.84,0.16,0.17,0.01,0.01,78172.3,1777227465000
1777227466.751,166.751,0.82,0.84,0.16,0.17,0.02,0.01,78172.3,1777227465000
1777227467.099,167.099,0.82,0.83,0.16,0.18,0.01,0.02,78173.05,1777227466000
1777227467.462,167.462,0.82,0.83,0.17,0.18,0.01,0.01,78173.05,1777227466000
1777227467.855,167.855,0.82,0.84,0.17,0.18,0.02,0.01,78173.05,1777227466000
1777227468.304,168.304,0.83,0.84,0.16,0.17,0.01,0.01,78173.05,1777227466000
1777227468.659,168.659,0.83,0.84,0.16,0.17,0.01,0.01,78173.89,1777227467000
1777227469.371,169.371,0.83,0.84,0.16,0.17,0.01,0.01,78173.89,1777227467000
1777227469.705,169.705,0.81,0.84,0.16,0.19,0.03,0.03,78173.89,1777227468000
1777227470.112,170.112,0.82,0.83,0.17,0.18,0.01,0.01,78173.89,1777227468000
1777227470.447,170.447,0.82,0.83,0.17,0.18,0.01,0.01,78173.89,1777227468000
1777227470.852,170.852,0.8,0.81,0.19,0.2,0.01,0.01,78173.74,1777227469000
1777227471.229,171.229,0.8,0.81,0.19,0.2,0.01,0.01,78173.74,1777227469000
1777227471.583,171.583,0.79,0.82,0.18,0.21,0.03,0.03,78173.74,1777227469000
1777227471.919,171.919,0.81,0.82,0.18,0.19,0.01,0.01,78173.79,1777227470000
1777227472.278,172.278,0.81,0.82,0.18,0.19,0.01,0.01,78173.79,1777227470000
1777227472.669,172.669,0.84,0.86,0.15,0.16,0.02,0.01,78172.65,1777227471000
1777227473.019,173.019,0.86,0.87,0.13,0.14,0.01,0.01,78172.65,1777227471000
1777227473.353,173.353,0.9,0.91,0.09,0.1,0.01,0.01,78172.65,1777227471000
1777227473.786,173.786,0.88,0.89,0.11,0.12,0.01,0.01,78172.54,1777227472000
1777227474.139,174.139,0.87,0.88,0.12,0.13,0.01,0.01,78172.54,1777227472000
1777227474.509,174.509,0.87,0.88,0.12,0.13,0.01,0.01,78173.26,1777227473000
1777227474.847,174.847,0.87,0.88,0.12,0.13,0.01,0.01,78173.26,1777227473000
1777227475.236,175.236,0.88,0.89,0.11,0.12,0.01,0.01,78173.26,1777227473000
1777227475.67,175.67,0.88,0.89,0.11,0.12,0.01,0.01,78177.74,1777227474000
1777227476.004,176.004,0.86,0.89,0.11,0.14,0.03,0.03,78177.74,1777227474000
1777227476.352,176.352,0.88,0.89,0.11,0.12,0.01,0.01,78177.74,1777227474000
1777227476.762,176.762,0.88,0.89,0.11,0.12,0.01,0.01,78179.48,1777227475000
1777227477.133,177.133,0.88,0.89,0.11,0.12,0.01,0.01,78179.48,1777227475000
1777227477.638,177.638,0.88,0.89,0.11,0.12,0.01,0.01,78180.24,1777227476000
1777227478.332,178.332,0.88,0.89,0.11,0.12,0.01,0.01,78179.01,1777227477000
1777227478.767,178.767,0.88,0.89,0.11,0.12,0.01,0.01,78179.01,1777227477000
1777227479.117,179.117,0.88,0.89,0.11,0.12,0.01,0.01,78179.01,1777227477000
1777227479.459,179.459,0.88,0.89,0.11,0.12,0.01,0.01,78179.01,1777227477000
1777227479.972,179.972,0.89,0.91,0.09,0.11,0.02,0.02,78182.5,1777227478000
1777227480.306,180.306,0.94,0.95,0.05,0.06,0.01,0.01,78182.5,1777227478000
1777227480.644,180.644,0.88,0.97,0.03,0.1,0.09,0.07,78256.31,1777227479000
1777227480.978,180.978,0.95,0.96,0.04,0.05,0.01,0.01,78256.31,1777227479000
1777227481.323,181.323,0.95,0.98,0.02,0.04,0.03,0.02,78256.31,1777227479000
1777227481.656,181.656,0.97,0.98,0.02,0.03,0.01,0.01,78321.11,1777227480000
1777227481.996,181.996,0.95,0.97,0.03,0.05,0.02,0.02,78321.11,1777227480000
1777227482.331,182.331,0.98,0.99,0.01,0.02,0.01,0.01,78325.02,1777227481000
1777227482.67,182.67,0.98,0.99,0.01,0.02,0.01,0.01,78325.02,1777227481000
1777227483.31,183.31,0.98,0.99,0.01,0.02,0.01,0.01,78325.02,1777227481000
1777227483.758,183.758,0.98,0.99,0.01,0.02,0.01,0.01,78325.02,1777227481000
1777227484.134,184.134,0.98,0.99,0.01,0.02,0.01,0.01,78321.43,1777227482000
1777227484.491,184.491,0.98,0.99,0.01,0.02,0.01,0.01,78321.43,1777227482000
1777227485.076,185.076,0.98,0.99,0.01,0.02,0.01,0.01,78307.69,1777227483000
1777227485.41,185.41,0.98,0.99,0.01,0.02,0.01,0.01,78309.59,1777227484000
1777227485.944,185.944,0.98,0.99,0.01,0.02,0.01,0.01,78309.59,1777227484000
1777227486.292,186.292,0.97,0.99,0.01,0.03,0.02,0.02,78309.59,1777227484000
1777227486.64,186.64,0.98,0.99,0.01,0.02,0.01,0.01,78309.59,1777227484000
1777227486.997,186.997,0.98,0.99,0.01,0.02,0.01,0.01,78305.57,1777227485000
1777227487.349,187.349,0.98,0.99,0.01,0.02,0.01,0.01,78305.57,1777227485000
1777227487.696,187.696,0.98,0.99,0.01,0.02,0.01,0.01,78305.34,1777227486000
1777227488.037,188.037,0.97,0.98,0.02,0.03,0.01,0.01,78305.34,1777227486000
1777227488.463,188.463,0.98,0.99,0.01,0.02,0.01,0.01,78309.57,1777227487000
1777227488.855,188.855,0.97,0.99,0.01,0.02,0.02,0.01,78309.57,1777227487000
1777227489.247,189.247,0.98,0.99,0.01,0.02,0.01,0.01,78309.57,1777227487000
1777227489.637,189.637,0.98,0.99,0.01,0.02,0.01,0.01,78310.73,1777227488000
1777227490.066,190.066,0.98,0.99,0.01,0.02,0.01,0.01,78312.82,1777227489000
1777227490.47,190.47,0.97,0.98,0.02,0.03,0.01,0.01,78312.82,1777227489000
1777227490.812,190.812,0.97,0.98,0.02,0.03,0.01,0.01,78312.82,1777227489000
1777227491.193,191.193,0.95,0.96,0.04,0.05,0.01,0.01,78315.59,1777227490000
1777227491.583,191.583,0.97,0.98,0.02,0.03,0.01,0.01,78315.59,1777227490000
1777227492.094,192.094,0.97,0.98,0.02,0.03,0.01,0.01,78315.62,1777227491000
1777227492.503,192.503,0.97,0.98,0.02,0.03,0.01,0.01,78315.62,1777227491000
1777227492.861,192.861,0.97,0.98,0.02,0.03,0.01,0.01,78315.62,1777227491000
1777227493.243,193.243,0.97,0.99,0.02,0.03,0.02,0.01,78316.8,1777227492000
1777227493.639,193.639,0.97,0.99,0.01,0.03,0.02,0.02,78316.8,1777227492000
1777227494.085,194.085,0.98,0.99,0.01,0.02,0.01,0.01,78316.91,1777227493000
1777227494.53,194.53,0.98,0.99,0.01,0.02,0.01,0.01,78316.91,1777227493000
1777227494.94,194.94,0.95,0.96,0.03,0.05,0.01,0.02,78316.91,1777227493000
1777227495.277,195.277,0.95,0.97,0.04,0.05,0.02,0.01,78317.04,1777227494000
1777227495.658,195.658,0.96,0.97,0.03,0.04,0.01,0.01,78317.04,1777227494000
1777227496.058,196.058,0.96,0.97,0.03,0.04,0.01,0.01,78313.62,1777227495000
1777227496.499,196.499,0.96,0.97,0.03,0.04,0.01,0.01,78313.62,1777227495000
1777227497.035,197.035,0.96,0.97,0.03,0.04,0.01,0.01,78313.62,1777227495000
1777227497.645,197.645,0.97,0.98,0.02,0.03,0.01,0.01,78311.86,1777227496000
1777227498.053,198.053,0.97,0.99,0.02,0.03,0.02,0.01,78311.86,1777227496000
1777227498.416,198.416,0.96,0.99,0.02,0.05,0.03,0.03,78309.49,1777227497000
1777227498.787,198.787,0.96,0.98,0.02,0.04,0.02,0.02,78309.49,1777227497000
1777227499.281,199.281,0.97,0.98,0.02,0.03,0.01,0.01,78326.55,1777227498000
1777227499.646,199.646,0.97,0.98,0.02,0.03,0.01,0.01,78326.55,1777227498000
1777227500.101,200.101,0.97,0.98,0.02,0.03,0.01,0.01,78328.86,1777227499000
1777227500.48,200.48,0.97,0.98,0.02,0.03,0.01,0.01,78328.86,1777227499000
1777227500.91,200.91,0.97,0.98,0.02,0.03,0.01,0.01,78328.86,1777227499000
1777227501.365,201.365,0.97,0.98,0.02,0.03,0.01,0.01,78330.34,1777227500000
1777227501.739,201.739,0.97,0.98,0.02,0.03,0.01,0.01,78330.34,1777227500000
1777227502.096,202.096,0.97,0.98,0.02,0.03,0.01,0.01,78328.18,1777227501000
1777227502.675,202.675,0.97,0.99,0.01,0.03,0.02,0.02,78328.18,1777227501000
1777227503.427,203.427,0.99,0.99,0.01,0.01,0.0,0.0,78328.18,1777227501000
1777227503.847,203.847,0.99,0.99,0.01,0.01,0.0,0.0,78328.78,1777227502000
1777227504.275,204.275,0.99,0.99,0.01,0.01,0.0,0.0,78328.78,1777227502000
1777227504.638,204.638,0.99,0.99,0.01,0.01,0.0,0.0,78338.68,1777227503000
1777227505.008,205.008,0.99,0.99,0.01,0.01,0.0,0.0,78341.7,1777227504000
1777227505.537,205.537,0.98,0.99,0.01,0.03,0.01,0.02,78341.7,1777227504000
1777227505.871,205.871,0.98,0.99,0.01,0.02,0.01,0.01,78341.7,1777227504000
1777227506.261,206.261,0.98,0.99,0.01,0.02,0.01,0.01,78357.96,1777227505000
1777227506.692,206.692,0.99,0.99,0.01,0.02,0.0,0.01,78357.96,1777227505000
1777227507.029,207.029,0.99,0.99,0.01,0.01,0.0,0.0,78357.96,1777227505000
1777227507.435,207.435,0.99,0.99,0.01,0.01,0.0,0.0,78336.08,1777227506000
1777227508.006,208.006,0.99,0.99,0.01,0.01,0.0,0.0,78336.08,1777227506000
1777227508.698,208.698,0.99,0.99,0.01,0.01,0.0,0.0,78331.09,1777227507000
1777227509.259,209.259,0.99,0.99,0.01,0.01,0.0,0.0,78331.09,1777227507000
1777227509.634,209.634,0.99,0.99,0.01,0.01,0.0,0.0,78332.61,1777227508000
1777227509.997,209.997,0.99,0.99,0.01,0.01,0.0,0.0,78332.61,1777227508000
1777227510.38,210.38,0.99,0.99,0.01,0.01,0.0,0.0,78334.44,1777227509000
1777227511.074,211.074,0.99,0.99,0.01,0.01,0.0,0.0,78353.28,1777227510000
1777227511.6,211.6,0.99,0.99,0.01,0.01,0.0,0.0,78353.28,1777227510000
1777227511.936,211.936,0.97,0.98,0.02,0.03,0.01,0.01,78353.28,1777227510000
1777227512.315,212.315,0.98,0.99,0.01,0.02,0.01,0.01,78353.5,1777227511000
1777227512.668,212.668,0.98,0.99,0.01,0.02,0.01,0.01,78353.5,1777227511000
1777227513.032,213.032,0.98,0.99,0.01,0.02,0.01,0.01,78353.5,1777227511000
1777227513.422,213.422,0.97,0.98,0.02,0.03,0.01,0.01,78331.47,1777227512000
1777227513.878,213.878,0.96,0.97,0.02,0.04,0.01,0.02,78331.47,1777227512000
1777227514.212,214.212,0.98,0.99,0.01,0.02,0.01,0.01,78291.76,1777227513000
1777227514.559,214.559,0.98,0.99,0.01,0.02,0.01,0.01,78291.76,1777227513000
1777227515.108,215.108,0.98,0.99,0.01,0.02,0.01,0.01,78291.76,1777227513000
1777227515.778,215.778,0.97,0.98,0.01,0.02,0.01,0.01,78284.27,1777227514000
1777227516.126,216.126,0.97,0.98,0.02,0.03,0.01,0.01,78284.27,1777227514000
1777227516.494,216.494,0.96,0.97,0.02,0.04,0.01,0.02,78282.89,1777227515000
1777227516.989,216.989,0.96,0.97,0.03,0.04,0.01,0.01,78282.89,1777227515000
1777227517.371,217.371,0.96,0.97,0.03,0.04,0.01,0.01,78270.26,1777227516000
1777227517.729,217.729,0.96,0.98,0.03,0.04,0.02,0.01,78270.26,1777227516000
1777227518.269,218.269,0.95,0.97,0.02,0.04,0.02,0.02,78266.52,1777227517000
1777227518.674,218.674,0.96,0.97,0.03,0.04,0.01,0.01,78266.52,1777227517000
1777227519.049,219.049,0.96,0.97,0.03,0.04,0.01,0.01,78258.09,1777227518000
1777227519.451,219.451,0.96,0.98,0.03,0.04,0.02,0.01,78258.09,1777227518000
1777227519.787,219.787,0.95,0.96,0.02,0.05,0.01,0.03,78258.09,1777227518000
1777227520.135,220.135,0.95,0.96,0.04,0.05,0.01,0.01,78253.33,1777227519000
1777227520.598,220.598,0.95,0.96,0.04,0.05,0.01,0.01,78253.33,1777227519000
1777227521.078,221.078,0.95,0.96,0.04,0.05,0.01,0.01,78253.33,1777227519000
1777227521.48,221.48,0.95,0.96,0.04,0.05,0.01,0.01,78252.83,1777227520000
1777227521.874,221.874,0.95,0.96,0.04,0.05,0.01,0.01,78252.83,1777227520000
1777227522.209,222.209,0.95,0.96,0.04,0.05,0.01,0.01,78252.54,1777227521000
1777227522.633,222.633,0.95,0.96,0.04,0.05,0.01,0.01,78252.54,1777227521000
1777227523.135,223.135,0.95,0.96,0.04,0.05,0.01,0.01,78252.05,1777227522000
1777227523.566,223.566,0.95,0.96,0.04,0.05,0.01,0.01,78252.05,1777227522000
1777227523.973,223.973,0.95,0.96,0.04,0.05,0.01,0.01,78252.05,1777227522000
1777227524.339,224.339,0.96,0.97,0.03,0.05,0.01,0.02,78250.91,1777227523000
1777227524.907,224.907,0.96,0.97,0.03,0.05,0.01,0.02,78250.91,1777227523000
1777227525.299,225.299,0.94,0.97,0.03,0.06,0.03,0.03,78250.6,1777227524000
1777227525.993,225.993,0.94,0.95,0.05,0.06,0.01,0.01,78250.6,1777227524000
1777227526.329,226.329,0.95,0.96,0.04,0.05,0.01,0.01,78250.69,1777227525000
1777227526.699,226.699,0.95,0.96,0.04,0.05,0.01,0.01,78250.69,1777227525000
1777227527.658,227.658,0.95,0.96,0.04,0.05,0.01,0.01,78252.24,1777227526000
1777227528.042,228.042,0.95,0.98,0.02,0.05,0.03,0.03,78252.25,1777227527000
1777227528.441,228.441,0.96,0.97,0.03,0.05,0.01,0.02,78252.25,1777227527000
1777227528.867,228.867,0.96,0.97,0.03,0.04,0.01,0.01,78252.25,1777227527000
1777227529.203,229.203,0.96,0.98,0.03,0.04,0.02,0.01,78252.21,1777227528000
1777227529.764,229.764,0.95,0.97,0.02,0.04,0.02,0.02,78252.21,1777227528000
1777227530.124,230.124,0.95,0.98,0.02,0.05,0.03,0.03,78250.36,1777227529000
1777227530.738,230.738,0.96,0.97,0.03,0.04,0.01,0.01,78250.36,1777227529000
1777227531.083,231.083,0.96,0.97,0.03,0.04,0.01,0.01,78250.36,1777227529000
1777227531.577,231.577,0.96,0.97,0.03,0.04,0.01,0.01,78249.61,1777227530000
1777227531.979,231.979,0.96,0.97,0.03,0.04,0.01,0.01,78250.94,1777227531000
1777227532.359,232.359,0.96,0.98,0.02,0.04,0.02,0.02,78250.94,1777227531000
1777227532.777,232.777,0.96,0.97,0.04,0.05,0.01,0.01,78250.94,1777227531000
1777227533.247,233.247,0.97,0.98,0.02,0.04,0.01,0.02,78251.76,1777227532000
1777227533.696,233.696,0.96,0.97,0.02,0.04,0.01,0.02,78251.76,1777227532000
1777227534.232,234.232,0.95,0.96,0.03,0.05,0.01,0.02,78250.36,1777227533000
1777227534.634,234.634,0.97,0.98,0.02,0.03,0.01,0.01,78250.36,1777227533000
1777227535.036,235.036,0.97,0.99,0.01,0.02,0.02,0.01,78250.13,1777227534000
1777227535.481,235.481,0.95,0.96,0.04,0.05,0.01,0.01,78250.13,1777227534000
1777227535.921,235.921,0.94,0.95,0.05,0.06,0.01,0.01,78250.13,1777227534000
1777227536.448,236.448,0.94,0.95,0.05,0.06,0.01,0.01,78249.96,1777227535000
1777227536.814,236.814,0.94,0.95,0.05,0.06,0.01,0.01,78249.96,1777227535000
1777227537.296,237.296,0.94,0.95,0.05,0.06,0.01,0.01,78236.9,1777227536000
1777227537.75,237.75,0.95,0.96,0.05,0.06,0.01,0.01,78236.9,1777227536000
1777227538.202,238.202,0.96,0.97,0.04,0.05,0.01,0.01,78236.9,1777227536000
1777227538.718,238.718,0.94,0.95,0.03,0.06,0.01,0.03,78236.55,1777227537000
1777227539.232,239.232,0.95,0.96,0.05,0.06,0.01,0.01,78236.55,1777227537000
1777227539.595,239.595,0.95,0.96,0.04,0.05,0.01,0.01,78234,1777227538000
1777227540.269,240.269,0.95,0.96,0.04,0.05,0.01,0.01,78234,1777227539000
1777227540.628,240.628,0.95,0.96,0.04,0.05,0.01,0.01,78234,1777227539000
1777227541.049,241.049,0.96,0.97,0.03,0.04,0.01,0.01,78234,1777227539000
1777227541.557,241.557,0.96,0.98,0.03,0.04,0.02,0.01,78234.08,1777227540000
1777227541.893,241.893,0.96,0.97,0.03,0.04,0.01,0.01,78234.08,1777227540000
1777227542.267,242.267,0.97,0.98,0.02,0.04,0.01,0.02,78234.08,1777227541000
1777227543.037,243.037,0.96,0.97,0.03,0.04,0.01,0.01,78234.08,1777227541000
1777227543.382,243.382,0.95,0.97,0.04,0.05,0.02,0.01,78234.08,1777227541000
1777227543.773,243.773,0.96,0.97,0.03,0.04,0.01,0.01,78233.99,1777227542000
1777227544.203,244.203,0.96,0.97,0.03,0.04,0.01,0.01,78233.99,1777227542000
1777227544.661,244.661,0.98,0.99,0.03,0.03,0.01,0.0,78233.44,1777227543000
1777227545.064,245.064,0.97,0.99,0.01,0.02,0.02,0.01,78233.44,1777227543000
1777227545.543,245.543,0.97,0.98,0.02,0.03,0.01,0.01,78233.44,1777227543000
1777227545.893,245.893,0.98,0.99,0.01,0.1,0.01,0.09,78234.2,1777227544000
1777227546.367,246.367,0.98,0.99,0.01,0.02,0.01,0.01,78234.55,1777227545000
1777227546.867,246.867,0.97,0.99,0.01,0.02,0.02,0.01,78234.55,1777227545000
1777227547.387,247.387,0.97,0.98,0.02,0.03,0.01,0.01,78236.2,1777227546000
1777227547.852,247.852,0.97,0.98,0.02,0.03,0.01,0.01,78236.2,1777227546000
1777227548.372,248.372,0.97,0.98,0.02,0.03,0.01,0.01,78244.64,1777227547000
1777227548.717,248.717,0.97,0.98,0.02,0.03,0.01,0.01,78244.64,1777227547000
1777227549.05,249.05,0.97,0.98,0.02,0.03,0.01,0.01,78246.3,1777227548000
1777227549.422,249.422,0.97,0.98,0.02,0.03,0.01,0.01,78246.3,1777227548000
1777227549.812,249.812,0.97,0.99,0.02,0.03,0.02,0.01,78246.3,1777227548000
1777227550.35,250.35,0.97,0.98,0.02,0.03,0.01,0.01,78242.26,1777227549000
1777227550.967,250.967,0.97,0.98,0.02,0.03,0.01,0.01,78242.26,1777227549000
1777227551.314,251.314,0.97,0.98,0.02,0.03,0.01,0.01,78240.98,1777227550000
1777227551.665,251.665,0.97,0.98,0.02,0.03,0.01,0.01,78240.98,1777227550000
1777227552.306,252.306,0.98,0.99,0.01,0.03,0.01,0.02,78240.98,1777227550000
1777227552.956,252.956,0.97,0.99,0.01,0.03,0.02,0.02,78240.6,1777227551000
1777227553.407,253.407,0.97,0.99,0.01,0.03,0.02,0.02,78240.6,1777227552000
1777227554.29,254.29,0.97,0.99,0.01,0.03,0.02,0.02,78240.12,1777227553000
1777227554.948,254.948,0.97,0.98,0.01,0.03,0.01,0.02,78240.12,1777227553000
1777227555.282,255.282,0.98,0.99,0.01,0.02,0.01,0.01,78240.12,1777227553000
1777227555.627,255.627,0.98,0.99,0.01,0.02,0.01,0.01,78241.35,1777227554000
1777227556.013,256.013,0.97,0.98,0.01,0.03,0.01,0.02,78241.35,1777227554000
1777227556.445,256.445,0.97,0.99,0.01,0.03,0.02,0.02,78241.45,1777227555000
1777227556.926,256.926,0.98,0.99,0.01,0.03,0.01,0.02,78241.45,1777227555000
1777227557.302,257.302,0.98,0.99,0.01,0.02,0.01,0.01,78241.45,1777227556000
1777227557.693,257.693,0.98,0.99,0.01,0.02,0.01,0.01,78241.45,1777227556000
1777227558.047,258.047,0.98,0.99,0.01,0.02,0.01,0.01,78241.45,1777227556000
1777227558.385,258.385,0.98,0.99,0.01,0.02,0.01,0.01,78241.45,1777227556000
1777227559.13,259.13,0.99,0.99,0.01,0.01,0.0,0.0,78238.77,1777227558000
1777227559.675,259.675,0.99,0.99,0.01,0.01,0.0,0.0,78238.77,1777227558000
1777227560.119,260.119,0.99,0.99,0.01,0.01,0.0,0.0,78239.33,1777227559000
1777227560.48,260.48,0.99,0.99,0.01,0.01,0.0,0.0,78239.33,1777227559000
1777227561.014,261.014,0.99,0.99,0.01,0.01,0.0,0.0,78244.37,1777227560000
1777227561.477,261.477,0.99,0.99,0.01,0.01,0.0,0.0,78244.37,1777227560000
1777227561.995,261.995,0.99,0.99,0.01,0.01,0.0,0.0,78245.87,1777227561000
1777227562.938,262.938,0.99,0.99,0.01,0.01,0.0,0.0,78245.87,1777227561000
1777227563.6,263.6,0.99,0.99,0.01,0.01,0.0,0.0,78246.03,1777227562000
1777227563.983,263.983,0.99,0.99,0.01,0.01,0.0,0.0,78246.03,1777227563000
1777227564.89,264.89,0.99,0.99,0.01,0.01,0.0,0.0,78246.11,1777227564000
1777227565.263,265.263,0.99,0.99,0.01,0.01,0.0,0.0,78246.11,1777227564000
1777227565.964,265.964,0.99,0.99,0.01,0.01,0.0,0.0,78246.07,1777227565000
1777227566.726,266.726,0.99,0.99,0.01,0.01,0.0,0.0,78246.07,1777227565000
1777227567.559,267.559,0.99,0.99,0.01,0.01,0.0,0.0,78246.07,1777227566000
1777227567.917,267.917,0.99,0.99,0.01,0.01,0.0,0.0,78249.88,1777227567000
1777227568.89,268.89,0.99,0.99,0.01,0.01,0.0,0.0,78257.42,1777227568000
1777227569.594,269.594,0.99,0.99,0.01,0.01,0.0,0.0,78257.42,1777227568000
1777227569.937,269.937,0.99,0.99,0.01,0.01,0.0,0.0,78256.47,1777227569000
1777227571.315,271.315,0.99,0.99,0.01,0.01,0.0,0.0,78262.08,1777227570000
1777227571.836,271.836,0.99,0.99,0.01,0.01,0.0,0.0,78262.08,1777227570000
1777227572.412,272.412,0.99,0.99,0.01,0.01,0.0,0.0,78264.54,1777227571000
1777227572.867,272.867,0.99,0.99,0.01,0.01,0.0,0.0,78264.72,1777227572000
1777227573.351,273.351,0.99,0.99,0.01,0.01,0.0,0.0,78264.72,1777227572000
1777227574.031,274.031,0.99,0.99,0.01,0.01,0.0,0.0,78265.05,1777227573000
1777227575.164,275.164,0.99,0.99,0.01,0.01,0.0,0.0,78260.39,1777227574000
1777227575.51,275.51,0.99,0.99,0.01,0.01,0.0,0.0,78260.39,1777227574000
1777227576.365,276.365,0.99,0.99,0.01,0.01,0.0,0.0,78257.57,1777227575000
1777227576.855,276.855,0.99,0.99,0.01,0.01,0.0,0.0,78251.45,1777227576000
1777227577.71,277.71,0.99,0.99,0.01,0.01,0.0,0.0,78251.45,1777227576000
1777227578.057,278.057,0.99,0.99,0.01,0.01,0.0,0.0,78249.9,1777227577000
1777227579.166,279.166,0.99,0.99,0.01,0.01,0.0,0.0,78240.02,1777227578000
1777227580.181,280.181,0.99,0.99,0.01,0.01,0.0,0.0,78236.82,1777227579000
1777227581.232,281.232,0.99,0.99,0.01,0.01,0.0,0.0,78236.82,1777227579000
1777227582.21,282.21,0.99,0.99,0.01,0.01,0.0,0.0,78235.65,1777227580000
1777227582.835,282.835,0.99,0.99,0.01,0.01,0.0,0.0,78235.2,1777227582000
1777227583.961,283.961,0.99,0.99,0.01,0.01,0.0,0.0,78235.17,1777227583000
1777227584.388,284.388,0.99,0.99,0.01,0.01,0.0,0.0,78235.17,1777227583000
1777227584.93,284.93,0.99,0.99,0.01,0.01,0.0,0.0,78235.17,1777227583000
1777227585.34,285.34,0.99,0.99,0.01,0.01,0.0,0.0,78237.41,1777227584000
1777227585.965,285.965,0.99,0.99,0.01,0.01,0.0,0.0,78235.66,1777227585000
1777227586.891,286.891,0.99,0.99,0.01,0.01,0.0,0.0,78230.6,1777227586000
1777227587.906,287.906,0.99,0.99,0.01,0.01,0.0,0.0,78228.42,1777227587000
1777227588.862,288.862,0.99,0.99,0.01,0.01,0.0,0.0,78227.74,1777227588000
1777227589.256,289.256,0.99,0.99,0.01,0.01,0.0,0.0,78227.74,1777227588000
1777227590.333,290.333,0.99,0.99,0.01,0.01,0.0,0.0,78229.17,1777227589000
1777227591.163,291.163,0.99,0.99,0.01,0.01,0.0,0.0,78229.22,1777227590000
1777227592.138,292.138,0.99,0.99,0.01,0.01,0.0,0.0,78230.16,1777227591000
1777227592.815,292.815,0.99,0.99,0.01,0.01,0.0,0.0,78230.16,1777227591000
1777227593.159,293.159,0.99,0.99,0.01,0.01,0.0,0.0,78230.16,1777227592000
1777227594.128,294.128,0.99,0.99,0.01,0.01,0.0,0.0,78228,1777227593000
1777227594.987,294.987,0.99,0.99,0.01,0.01,0.0,0.0,78228,1777227593000
1777227595.925,295.925,0.99,0.99,0.01,0.01,0.0,0.0,78227.52,1777227594000
1777227597.118,297.118,0.99,0.99,0.01,0.01,0.0,0.0,78227.54,1777227596000
1777227598.166,298.166,0.99,0.99,0.01,0.01,0.0,0.0,78227.51,1777227597000
1777227598.935,298.935,0.99,0.99,0.01,0.01,0.0,0.0,78227.51,1777227597000
1777227599.419,299.419,0.99,0.99,0.01,0.01,0.0,0.0,78227.51,1777227597000
1777227600.277,300.277,0.99,0.99,0.01,0.01,0.0,0.0,78226.7,1777227599000
1777227600.625,300.625,0.99,0.99,0.01,0.01,0.0,0.0,78226.7,1777227599000
1777227600.987,300.987,0.99,0.99,0.01,0.01,0.0,0.0,78226.7,1777227599000

# RESULT,winner=Up,slug=btc-updown-5m-1777227300,ticks=640
