timestamp,elapsed_sec,up_bid,up_ask,down_bid,down_ask,up_spread,down_spread,btc_price,btc_oracle_ts
1776325500.512,0.512,0.51,0.52,0.48,0.49,0.01,0.01,74870.12,1776325499000
1776325501.0,1.0,0.51,0.52,0.48,0.49,0.01,0.01,74870.12,1776325499000
1776325501.423,1.423,0.51,0.52,0.48,0.49,0.01,0.01,74870.13,1776325500000
1776325501.759,1.759,0.52,0.53,0.47,0.48,0.01,0.01,74870.13,1776325500000
1776325502.113,2.113,0.53,0.54,0.46,0.47,0.01,0.01,74870.17,1776325501000
1776325502.462,2.462,0.53,0.58,0.46,0.47,0.05,0.01,74870.17,1776325501000
1776325502.832,2.832,0.55,0.56,0.44,0.45,0.01,0.01,74870.17,1776325501000
1776325503.205,3.205,0.56,0.57,0.43,0.44,0.01,0.01,74870.17,1776325501000
1776325503.591,3.591,0.56,0.57,0.43,0.44,0.01,0.01,74870.17,1776325501000
1776325504.02,4.02,0.54,0.55,0.44,0.46,0.01,0.02,74870.17,1776325501000
1776325504.427,4.427,0.54,0.55,0.45,0.46,0.01,0.01,74871.61,1776325503000
1776325504.979,4.979,0.54,0.55,0.45,0.46,0.01,0.01,74871.61,1776325503000
1776325505.36,5.36,0.54,0.55,0.45,0.46,0.01,0.01,74871.59,1776325504000
1776325506.039,6.039,0.52,0.53,0.46,0.47,0.01,0.01,74871.59,1776325504000
1776325506.432,6.432,0.5,0.51,0.49,0.5,0.01,0.01,74871.09,1776325505000
1776325506.8,6.8,0.5,0.51,0.49,0.5,0.01,0.01,74871.09,1776325505000
1776325507.148,7.148,0.5,0.51,0.49,0.5,0.01,0.01,74870.57,1776325506000
1776325507.488,7.488,0.48,0.51,0.49,0.52,0.03,0.03,74870.57,1776325506000
1776325507.889,7.889,0.42,0.44,0.53,0.57,0.02,0.04,74870.57,1776325506000
1776325508.264,8.264,0.42,0.43,0.57,0.58,0.01,0.01,74870.57,1776325506000
1776325508.618,8.618,0.38,0.4,0.58,0.62,0.02,0.04,74869.69,1776325507000
1776325508.968,8.968,0.37,0.38,0.62,0.63,0.01,0.01,74869.69,1776325507000
1776325509.414,9.414,0.35,0.37,0.63,0.64,0.02,0.01,74868.18,1776325508000
1776325509.848,9.848,0.35,0.36,0.64,0.65,0.01,0.01,74868.18,1776325508000
1776325510.347,10.347,0.34,0.35,0.65,0.66,0.01,0.01,74857.76,1776325509000
1776325510.883,10.883,0.34,0.35,0.65,0.66,0.01,0.01,74849.5,1776325510000
1776325512.093,12.093,0.34,0.35,0.65,0.66,0.01,0.01,74849.5,1776325510000
1776325512.541,12.541,0.34,0.35,0.65,0.66,0.01,0.01,74849.5,1776325510000
1776325512.909,12.909,0.34,0.35,0.65,0.66,0.01,0.01,74848.43,1776325511000
1776325513.255,13.255,0.34,0.35,0.65,0.66,0.01,0.01,74848.43,1776325511000
1776325513.715,13.715,0.34,0.35,0.65,0.66,0.01,0.01,74848.37,1776325512000
1776325514.209,14.209,0.34,0.35,0.65,0.66,0.01,0.01,74848.37,1776325512000
1776325514.57,14.57,0.32,0.35,0.65,0.67,0.03,0.02,74848.37,1776325512000
1776325514.921,14.921,0.31,0.32,0.68,0.69,0.01,0.01,74847.91,1776325513000
1776325515.255,15.255,0.25,0.31,0.69,0.75,0.06,0.06,74847.91,1776325513000
1776325515.612,15.612,0.23,0.25,0.75,0.76,0.02,0.01,74847.91,1776325513000
1776325515.99,15.99,0.23,0.25,0.75,0.77,0.02,0.02,74847.91,1776325514000
1776325516.324,16.324,0.24,0.25,0.75,0.76,0.01,0.01,74847.91,1776325514000
1776325516.7,16.7,0.23,0.25,0.75,0.76,0.02,0.01,74847.91,1776325514000
1776325517.125,17.125,0.23,0.24,0.76,0.77,0.01,0.01,74835.25,1776325515000
1776325517.489,17.489,0.23,0.24,0.76,0.77,0.01,0.01,74827.74,1776325516000
1776325517.942,17.942,0.23,0.24,0.76,0.77,0.01,0.01,74827.74,1776325516000
1776325518.277,18.277,0.23,0.24,0.76,0.77,0.01,0.01,74827.74,1776325516000
1776325518.645,18.645,0.23,0.24,0.76,0.77,0.01,0.01,74824.32,1776325517000
1776325519.122,19.122,0.23,0.24,0.76,0.77,0.01,0.01,74824.32,1776325517000
1776325519.456,19.456,0.23,0.24,0.76,0.77,0.01,0.01,74824.32,1776325517000
1776325519.89,19.89,0.24,0.25,0.75,0.77,0.01,0.02,74824.81,1776325518000
1776325520.375,20.375,0.25,0.26,0.74,0.75,0.01,0.01,74824.81,1776325519000
1776325520.876,20.876,0.25,0.26,0.74,0.75,0.01,0.01,74824.81,1776325519000
1776325521.295,21.295,0.25,0.26,0.74,0.75,0.01,0.01,74824.81,1776325519000
1776325521.63,21.63,0.25,0.26,0.74,0.75,0.01,0.01,74824.86,1776325520000
1776325522.013,22.013,0.25,0.26,0.74,0.75,0.01,0.01,74824.86,1776325520000
1776325522.353,22.353,0.25,0.26,0.74,0.75,0.01,0.01,74825.29,1776325521000
1776325522.963,22.963,0.25,0.26,0.74,0.75,0.01,0.01,74825.29,1776325521000
1776325523.382,23.382,0.17,0.24,0.76,0.83,0.07,0.07,74825.29,1776325521000
1776325523.725,23.725,0.17,0.18,0.8,0.83,0.01,0.03,74825.29,1776325521000
1776325524.064,24.064,0.17,0.18,0.82,0.83,0.01,0.01,74825.81,1776325522000
1776325524.398,24.398,0.15,0.17,0.83,0.84,0.02,0.01,74825.81,1776325522000
1776325524.736,24.736,0.14,0.16,0.84,0.86,0.02,0.02,74824.86,1776325523000
1776325525.156,25.156,0.15,0.16,0.84,0.85,0.01,0.01,74824.86,1776325523000
1776325525.567,25.567,0.14,0.15,0.84,0.86,0.01,0.02,74809.8,1776325524000
1776325525.922,25.922,0.13,0.14,0.85,0.86,0.01,0.01,74809.8,1776325524000
1776325526.346,26.346,0.13,0.14,0.86,0.87,0.01,0.01,74809.8,1776325524000
1776325526.689,26.689,0.13,0.14,0.86,0.87,0.01,0.01,74799.95,1776325525000
1776325527.068,27.068,0.12,0.13,0.86,0.88,0.01,0.02,74799.95,1776325525000
1776325527.471,27.471,0.12,0.13,0.87,0.88,0.01,0.01,74792.81,1776325526000
1776325527.911,27.911,0.11,0.12,0.88,0.89,0.01,0.01,74792.81,1776325526000
1776325528.255,28.255,0.11,0.12,0.88,0.89,0.01,0.01,74792.76,1776325527000
1776325528.715,28.715,0.11,0.12,0.88,0.89,0.01,0.01,74792.76,1776325527000
1776325529.085,29.085,0.1,0.12,0.88,0.89,0.02,0.01,74792.76,1776325527000
1776325529.458,29.458,0.1,0.11,0.89,0.9,0.01,0.01,74790.53,1776325528000
1776325529.793,29.793,0.1,0.11,0.89,0.9,0.01,0.01,74790.53,1776325528000
1776325530.361,30.361,0.09,0.1,0.89,0.91,0.01,0.02,74789.95,1776325529000
1776325530.703,30.703,0.09,0.1,0.9,0.91,0.01,0.01,74789.95,1776325529000
1776325531.131,31.131,0.09,0.11,0.9,0.91,0.02,0.01,74789.95,1776325529000
1776325531.506,31.506,0.09,0.1,0.9,0.91,0.01,0.01,74788.09,1776325530000
1776325531.864,31.864,0.1,0.11,0.89,0.9,0.01,0.01,74788.09,1776325530000
1776325532.198,32.198,0.09,0.1,0.9,0.91,0.01,0.01,74788.09,1776325530000
1776325532.672,32.672,0.09,0.1,0.9,0.91,0.01,0.01,74781.2,1776325531000
1776325533.102,33.102,0.09,0.1,0.9,0.91,0.01,0.01,74781.2,1776325531000
1776325533.45,33.45,0.09,0.1,0.9,0.91,0.01,0.01,74781.2,1776325531000
1776325533.881,33.881,0.09,0.1,0.9,0.91,0.01,0.01,74780.08,1776325532000
1776325534.224,34.224,0.09,0.1,0.9,0.91,0.01,0.01,74780.08,1776325532000
1776325534.559,34.559,0.08,0.09,0.91,0.92,0.01,0.01,74780.08,1776325532000
1776325534.898,34.898,0.07,0.08,0.92,0.93,0.01,0.01,74780.03,1776325533000
1776325535.26,35.26,0.07,0.08,0.92,0.93,0.01,0.01,74780.03,1776325534000
1776325535.671,35.671,0.07,0.08,0.92,0.93,0.01,0.01,74780.03,1776325534000
1776325536.094,36.094,0.07,0.08,0.92,0.93,0.01,0.01,74780.03,1776325534000
1776325536.495,36.495,0.06,0.07,0.93,0.94,0.01,0.01,74759.22,1776325535000
1776325536.83,36.83,0.06,0.07,0.93,0.94,0.01,0.01,74759.22,1776325535000
1776325537.213,37.213,0.06,0.07,0.93,0.94,0.01,0.01,74749.96,1776325536000
1776325537.598,37.598,0.06,0.07,0.93,0.94,0.01,0.01,74749.96,1776325536000
1776325537.97,37.97,0.07,0.08,0.92,0.94,0.01,0.02,74749.96,1776325536000
1776325538.346,38.346,0.06,0.07,0.93,0.94,0.01,0.01,74748.5,1776325537000
1776325538.89,38.89,0.06,0.07,0.93,0.94,0.01,0.01,74748.5,1776325537000
1776325539.377,39.377,0.07,0.08,0.92,0.93,0.01,0.01,74748.5,1776325537000
1776325539.804,39.804,0.07,0.08,0.92,0.93,0.01,0.01,74748.5,1776325537000
1776325540.191,40.191,0.06,0.08,0.92,0.93,0.02,0.01,74748.5,1776325537000
1776325540.643,40.643,0.07,0.08,0.92,0.93,0.01,0.01,74748.5,1776325537000
1776325541.066,41.066,0.07,0.08,0.92,0.93,0.01,0.01,74748.5,1776325537000
1776325541.432,41.432,0.07,0.08,0.92,0.93,0.01,0.01,74749.6,1776325540000
1776325541.771,41.771,0.07,0.08,0.92,0.93,0.01,0.01,74749.6,1776325540000
1776325542.137,42.137,0.07,0.08,0.92,0.93,0.01,0.01,74748.49,1776325541000
1776325542.671,42.671,0.06,0.07,0.93,0.94,0.01,0.01,74748.49,1776325541000
1776325543.1,43.1,0.06,0.07,0.93,0.94,0.01,0.01,74748.49,1776325541000
1776325543.461,43.461,0.06,0.07,0.93,0.94,0.01,0.01,74751.29,1776325542000
1776325543.862,43.862,0.06,0.07,0.93,0.94,0.01,0.01,74751.29,1776325542000
1776325544.208,44.208,0.06,0.07,0.93,0.94,0.01,0.01,74751.35,1776325543000
1776325544.707,44.707,0.06,0.07,0.93,0.94,0.01,0.01,74751.35,1776325543000
1776325545.086,45.086,0.06,0.07,0.93,0.94,0.01,0.01,74751.35,1776325543000
1776325545.549,45.549,0.06,0.07,0.93,0.94,0.01,0.01,74751.35,1776325544000
1776325546.073,46.073,0.06,0.07,0.93,0.94,0.01,0.01,74751.35,1776325544000
1776325546.48,46.48,0.06,0.07,0.93,0.94,0.01,0.01,74751.38,1776325545000
1776325546.93,46.93,0.07,0.08,0.92,0.93,0.01,0.01,74751.38,1776325545000
1776325547.297,47.297,0.07,0.08,0.92,0.93,0.01,0.01,74751.37,1776325546000
1776325547.934,47.934,0.07,0.08,0.92,0.93,0.01,0.01,74751.37,1776325546000
1776325548.319,48.319,0.07,0.08,0.92,0.93,0.01,0.01,74751.37,1776325546000
1776325548.695,48.695,0.08,0.09,0.91,0.93,0.01,0.02,74751.38,1776325547000
1776325549.243,49.243,0.08,0.09,0.91,0.92,0.01,0.01,74751.4,1776325548000
1776325549.576,49.576,0.06,0.07,0.93,0.94,0.01,0.01,74751.4,1776325548000
1776325549.91,49.91,0.07,0.08,0.92,0.93,0.01,0.01,74751.4,1776325548000
1776325550.344,50.344,0.07,0.08,0.92,0.93,0.01,0.01,74751.4,1776325549000
1776325550.75,50.75,0.07,0.08,0.92,0.93,0.01,0.01,74751.4,1776325549000
1776325551.166,51.166,0.07,0.08,0.92,0.93,0.01,0.01,74751.35,1776325550000
1776325551.525,51.525,0.07,0.09,0.92,0.93,0.02,0.01,74751.35,1776325550000
1776325551.874,51.874,0.07,0.08,0.92,0.93,0.01,0.01,74751.32,1776325551000
1776325552.216,52.216,0.09,0.1,0.9,0.91,0.01,0.01,74751.32,1776325551000
1776325552.559,52.559,0.1,0.11,0.89,0.9,0.01,0.01,74751.32,1776325551000
1776325552.937,52.937,0.1,0.11,0.89,0.9,0.01,0.01,74751.32,1776325551000
1776325553.286,53.286,0.1,0.11,0.89,0.9,0.01,0.01,74751.26,1776325552000
1776325553.64,53.64,0.1,0.11,0.89,0.9,0.01,0.01,74751.26,1776325552000
1776325554.224,54.224,0.1,0.11,0.89,0.9,0.01,0.01,74751.26,1776325552000
1776325554.63,54.63,0.1,0.11,0.89,0.9,0.01,0.01,74751.26,1776325552000
1776325555.176,55.176,0.1,0.11,0.89,0.9,0.01,0.01,74765.33,1776325553000
1776325555.772,55.772,0.1,0.11,0.89,0.9,0.01,0.01,74765.33,1776325554000
1776325556.112,56.112,0.1,0.11,0.89,0.9,0.01,0.01,74765.33,1776325554000
1776325556.446,56.446,0.09,0.1,0.9,0.91,0.01,0.01,74765.33,1776325554000
1776325556.89,56.89,0.09,0.1,0.9,0.91,0.01,0.01,74765.3,1776325555000
1776325557.328,57.328,0.09,0.1,0.9,0.91,0.01,0.01,74765.86,1776325556000
1776325557.684,57.684,0.09,0.1,0.9,0.91,0.01,0.01,74765.86,1776325556000
1776325558.303,58.303,0.09,0.1,0.9,0.91,0.01,0.01,74766.22,1776325557000
1776325558.784,58.784,0.09,0.1,0.9,0.91,0.01,0.01,74766.22,1776325557000
1776325559.129,59.129,0.09,0.1,0.9,0.91,0.01,0.01,74766.46,1776325558000
1776325559.567,59.567,0.09,0.1,0.9,0.91,0.01,0.01,74766.46,1776325558000
1776325560.059,60.059,0.09,0.1,0.9,0.91,0.01,0.01,74766.46,1776325558000
1776325560.487,60.487,0.07,0.08,0.92,0.93,0.01,0.01,74766.5,1776325559000
1776325560.845,60.845,0.05,0.06,0.94,0.95,0.01,0.01,74766.5,1776325559000
1776325561.183,61.183,0.05,0.06,0.94,0.95,0.01,0.01,74766.5,1776325559000
1776325561.631,61.631,0.05,0.06,0.94,0.95,0.01,0.01,74766.55,1776325560000
1776325562.015,62.015,0.05,0.06,0.93,0.95,0.01,0.02,74766.55,1776325560000
1776325562.432,62.432,0.06,0.07,0.93,0.94,0.01,0.01,74763.26,1776325561000
1776325562.871,62.871,0.07,0.08,0.92,0.93,0.01,0.01,74763.26,1776325561000
1776325563.206,63.206,0.07,0.08,0.92,0.93,0.01,0.01,74763.26,1776325561000
1776325563.623,63.623,0.08,0.09,0.91,0.92,0.01,0.01,74749.86,1776325562000
1776325564.065,64.065,0.08,0.09,0.91,0.92,0.01,0.01,74749.86,1776325563000
1776325564.564,64.564,0.08,0.09,0.91,0.92,0.01,0.01,74749.86,1776325563000
1776325564.978,64.978,0.08,0.09,0.91,0.92,0.01,0.01,74749.86,1776325563000
1776325565.388,65.388,0.08,0.09,0.91,0.92,0.01,0.01,74753.26,1776325564000
1776325565.864,65.864,0.08,0.09,0.91,0.92,0.01,0.01,74753.26,1776325564000
1776325566.211,66.211,0.08,0.09,0.91,0.92,0.01,0.01,74753.26,1776325564000
1776325566.594,66.594,0.08,0.09,0.91,0.92,0.01,0.01,74751.56,1776325565000
1776325567.343,67.343,0.08,0.09,0.91,0.92,0.01,0.01,74751.56,1776325565000
1776325567.738,67.738,0.08,0.09,0.91,0.92,0.01,0.01,74747.9,1776325566000
1776325568.121,68.121,0.08,0.09,0.91,0.92,0.01,0.01,74747.92,1776325567000
1776325568.584,68.584,0.08,0.09,0.91,0.92,0.01,0.01,74747.92,1776325567000
1776325569.12,69.12,0.08,0.09,0.91,0.92,0.01,0.01,74747.92,1776325567000
1776325569.472,69.472,0.07,0.08,0.91,0.92,0.01,0.01,74747.84,1776325568000
1776325570.142,70.142,0.07,0.08,0.92,0.93,0.01,0.01,74747.84,1776325568000
1776325570.483,70.483,0.07,0.08,0.92,0.93,0.01,0.01,74747.84,1776325568000
1776325570.861,70.861,0.07,0.08,0.92,0.93,0.01,0.01,74747.84,1776325568000
1776325571.268,71.268,0.07,0.08,0.92,0.93,0.01,0.01,74747.92,1776325569000
1776325571.61,71.61,0.06,0.08,0.92,0.93,0.02,0.01,74747.25,1776325570000
1776325572.071,72.071,0.06,0.07,0.93,0.94,0.01,0.01,74747.25,1776325570000
1776325572.536,72.536,0.06,0.07,0.93,0.94,0.01,0.01,74747.25,1776325570000
1776325572.891,72.891,0.06,0.07,0.93,0.94,0.01,0.01,74746.68,1776325571000
1776325573.31,73.31,0.06,0.07,0.93,0.94,0.01,0.01,74746.47,1776325572000
1776325573.702,73.702,0.06,0.07,0.93,0.94,0.01,0.01,74746.47,1776325572000
1776325574.176,74.176,0.06,0.07,0.93,0.94,0.01,0.01,74739.04,1776325573000
1776325574.53,74.53,0.06,0.07,0.93,0.94,0.01,0.01,74739.04,1776325573000
1776325574.926,74.926,0.06,0.07,0.93,0.94,0.01,0.01,74739.04,1776325573000
1776325575.318,75.318,0.06,0.07,0.93,0.94,0.01,0.01,74739.04,1776325573000
1776325575.735,75.735,0.06,0.07,0.93,0.94,0.01,0.01,74739.99,1776325574000
1776325576.262,76.262,0.06,0.07,0.93,0.94,0.01,0.01,74740.01,1776325575000
1776325576.644,76.644,0.06,0.07,0.93,0.94,0.01,0.01,74740.01,1776325575000
1776325577.005,77.005,0.06,0.07,0.93,0.94,0.01,0.01,74740.01,1776325575000
1776325577.409,77.409,0.06,0.08,0.93,0.94,0.02,0.01,74740.01,1776325575000
1776325577.837,77.837,0.07,0.08,0.92,0.93,0.01,0.01,74740.66,1776325576000
1776325578.176,78.176,0.08,0.09,0.91,0.92,0.01,0.01,74740.77,1776325577000
1776325578.57,78.57,0.08,0.09,0.91,0.92,0.01,0.01,74740.77,1776325577000
1776325578.961,78.961,0.08,0.09,0.91,0.92,0.01,0.01,74740.77,1776325577000
1776325579.355,79.355,0.08,0.09,0.91,0.92,0.01,0.01,74740.77,1776325577000
1776325579.715,79.715,0.07,0.09,0.91,0.93,0.02,0.02,74748.28,1776325578000
1776325580.268,80.268,0.07,0.08,0.92,0.93,0.01,0.01,74750.07,1776325579000
1776325581.329,81.329,0.07,0.08,0.92,0.93,0.01,0.01,74750.07,1776325579000
1776325581.664,81.664,0.07,0.08,0.92,0.93,0.01,0.01,74751.63,1776325580000
1776325582.3,82.3,0.07,0.08,0.92,0.93,0.01,0.01,74751.67,1776325581000
1776325583.032,83.032,0.07,0.08,0.92,0.93,0.01,0.01,74751.62,1776325582000
1776325583.837,83.837,0.07,0.08,0.92,0.93,0.01,0.01,74751.62,1776325582000
1776325584.192,84.192,0.07,0.08,0.92,0.93,0.01,0.01,74751.62,1776325582000
1776325584.646,84.646,0.07,0.08,0.92,0.93,0.01,0.01,74751.87,1776325583000
1776325585.07,85.07,0.07,0.08,0.92,0.93,0.01,0.01,74751.87,1776325583000
1776325585.853,85.853,0.07,0.08,0.92,0.93,0.01,0.01,74751.87,1776325584000
1776325586.585,86.585,0.07,0.08,0.92,0.93,0.01,0.01,74753.69,1776325585000
1776325586.92,86.92,0.07,0.08,0.92,0.93,0.01,0.01,74753.69,1776325585000
1776325587.286,87.286,0.07,0.08,0.92,0.93,0.01,0.01,74753.69,1776325585000
1776325587.837,87.837,0.07,0.08,0.92,0.93,0.01,0.01,74751.8,1776325586000
1776325588.515,88.515,0.07,0.08,0.92,0.93,0.01,0.01,74751.8,1776325587000
1776325588.854,88.854,0.06,0.07,0.93,0.94,0.01,0.01,74751.8,1776325587000
1776325589.22,89.22,0.05,0.06,0.94,0.95,0.01,0.01,74751.8,1776325588000
1776325589.597,89.597,0.05,0.06,0.94,0.95,0.01,0.01,74751.8,1776325588000
1776325590.199,90.199,0.05,0.06,0.94,0.95,0.01,0.01,74751.8,1776325588000
1776325590.566,90.566,0.05,0.06,0.94,0.95,0.01,0.01,74751.69,1776325589000
1776325590.953,90.953,0.05,0.06,0.94,0.95,0.01,0.01,74751.69,1776325589000
1776325591.561,91.561,0.06,0.07,0.93,0.94,0.01,0.01,74751.96,1776325590000
1776325592.065,92.065,0.06,0.07,0.93,0.94,0.01,0.01,74751.96,1776325590000
1776325592.424,92.424,0.06,0.07,0.93,0.94,0.01,0.01,74751.22,1776325591000
1776325592.841,92.841,0.06,0.07,0.93,0.94,0.01,0.01,74751.22,1776325591000
1776325593.183,93.183,0.06,0.07,0.93,0.94,0.01,0.01,74751.11,1776325592000
1776325593.595,93.595,0.06,0.07,0.93,0.94,0.01,0.01,74751.11,1776325592000
1776325593.929,93.929,0.06,0.07,0.93,0.94,0.01,0.01,74751.11,1776325592000
1776325594.323,94.323,0.06,0.07,0.93,0.94,0.01,0.01,74751.11,1776325593000
1776325594.664,94.664,0.07,0.08,0.92,0.93,0.01,0.01,74751.11,1776325593000
1776325594.998,94.998,0.07,0.08,0.92,0.93,0.01,0.01,74751.11,1776325593000
1776325595.377,95.377,0.07,0.08,0.92,0.93,0.01,0.01,74751.11,1776325593000
1776325595.75,95.75,0.07,0.08,0.92,0.93,0.01,0.01,74751.3,1776325594000
1776325596.129,96.129,0.07,0.08,0.92,0.93,0.01,0.01,74751.29,1776325595000
1776325596.717,96.717,0.07,0.08,0.92,0.93,0.01,0.01,74751.29,1776325595000
1776325597.251,97.251,0.07,0.08,0.92,0.93,0.01,0.01,74751.47,1776325596000
1776325597.891,97.891,0.07,0.08,0.92,0.93,0.01,0.01,74751.47,1776325596000
1776325598.262,98.262,0.07,0.08,0.92,0.93,0.01,0.01,74751.47,1776325596000
1776325598.681,98.681,0.07,0.08,0.92,0.93,0.01,0.01,74751.8,1776325597000
1776325599.142,99.142,0.07,0.08,0.92,0.93,0.01,0.01,74751.81,1776325598000
1776325599.717,99.717,0.07,0.08,0.92,0.93,0.01,0.01,74751.81,1776325598000
1776325600.175,100.175,0.06,0.07,0.93,0.94,0.01,0.01,74751.89,1776325599000
1776325600.533,100.533,0.06,0.07,0.93,0.94,0.01,0.01,74751.89,1776325599000
1776325601.072,101.072,0.05,0.06,0.94,0.95,0.01,0.01,74751.89,1776325599000
1776325601.548,101.548,0.05,0.06,0.94,0.95,0.01,0.01,74752.07,1776325600000
1776325602.297,102.297,0.05,0.06,0.94,0.95,0.01,0.01,74751.8,1776325601000
1776325602.746,102.746,0.04,0.05,0.95,0.96,0.01,0.01,74751.8,1776325601000
1776325603.15,103.15,0.04,0.05,0.95,0.96,0.01,0.01,74751.8,1776325601000
1776325603.715,103.715,0.04,0.05,0.95,0.96,0.01,0.01,74751.23,1776325602000
1776325604.202,104.202,0.04,0.05,0.95,0.96,0.01,0.01,74751.23,1776325602000
1776325604.83,104.83,0.05,0.06,0.94,0.95,0.01,0.01,74751.02,1776325603000
1776325605.206,105.206,0.05,0.06,0.94,0.95,0.01,0.01,74751.02,1776325603000
1776325605.608,105.608,0.05,0.06,0.94,0.95,0.01,0.01,74750.99,1776325604000
1776325605.945,105.945,0.05,0.06,0.94,0.95,0.01,0.01,74750.99,1776325604000
1776325606.307,106.307,0.05,0.06,0.94,0.95,0.01,0.01,74750.99,1776325605000
1776325606.884,106.884,0.05,0.06,0.94,0.95,0.01,0.01,74750.99,1776325605000
1776325607.39,107.39,0.05,0.06,0.94,0.95,0.01,0.01,74751.06,1776325606000
1776325608.122,108.122,0.05,0.07,0.93,0.95,0.02,0.02,74750.99,1776325607000
1776325608.558,108.558,0.06,0.07,0.93,0.94,0.01,0.01,74750.99,1776325607000
1776325609.13,109.13,0.06,0.07,0.93,0.94,0.01,0.01,74750.99,1776325608000
1776325610.014,110.014,0.06,0.07,0.93,0.94,0.01,0.01,74750.99,1776325609000
1776325610.395,110.395,0.06,0.07,0.93,0.94,0.01,0.01,74750.99,1776325609000
1776325611.001,111.001,0.06,0.07,0.93,0.94,0.01,0.01,74750.99,1776325609000
1776325611.433,111.433,0.06,0.07,0.93,0.94,0.01,0.01,74751.0,1776325610000
1776325611.902,111.902,0.06,0.07,0.93,0.94,0.01,0.01,74751.0,1776325610000
1776325612.303,112.303,0.06,0.07,0.93,0.94,0.01,0.01,74751.09,1776325611000
1776325612.657,112.657,0.05,0.06,0.94,0.95,0.01,0.01,74751.09,1776325611000
1776325613.085,113.085,0.04,0.05,0.95,0.96,0.01,0.01,74751.44,1776325612000
1776325613.599,113.599,0.04,0.05,0.95,0.96,0.01,0.01,74751.44,1776325612000
1776325613.95,113.95,0.04,0.05,0.95,0.96,0.01,0.01,74751.44,1776325612000
1776325614.744,114.744,0.04,0.05,0.95,0.96,0.01,0.01,74751.26,1776325613000
1776325615.596,115.596,0.04,0.05,0.95,0.96,0.01,0.01,74751.26,1776325613000
1776325616.016,116.016,0.04,0.05,0.95,0.96,0.01,0.01,74751.26,1776325614000
1776325616.515,116.515,0.04,0.05,0.95,0.96,0.01,0.01,74751.26,1776325614000
1776325616.882,116.882,0.04,0.05,0.95,0.96,0.01,0.01,74751.26,1776325614000
1776325617.461,117.461,0.04,0.05,0.95,0.96,0.01,0.01,74750.77,1776325615000
1776325618.017,118.017,0.04,0.05,0.95,0.96,0.01,0.01,74750.72,1776325616000
1776325618.697,118.697,0.04,0.05,0.95,0.96,0.01,0.01,74750.72,1776325616000
1776325619.191,119.191,0.04,0.05,0.95,0.96,0.01,0.01,74750.75,1776325617000
1776325619.545,119.545,0.03,0.04,0.96,0.97,0.01,0.01,74750.75,1776325617000
1776325619.881,119.881,0.03,0.04,0.96,0.97,0.01,0.01,74750.75,1776325617000
1776325620.235,120.235,0.03,0.04,0.96,0.97,0.01,0.01,74750.88,1776325618000
1776325620.613,120.613,0.03,0.05,0.96,0.97,0.02,0.01,74750.88,1776325618000
1776325620.995,120.995,0.03,0.04,0.95,0.97,0.01,0.02,74750.88,1776325618000
1776325621.432,121.432,0.03,0.04,0.96,0.97,0.01,0.01,74750.9,1776325619000
1776325621.799,121.799,0.04,0.05,0.95,0.96,0.01,0.01,74750.9,1776325619000
1776325622.2,122.2,0.04,0.05,0.95,0.96,0.01,0.01,74750.9,1776325619000
1776325622.595,122.595,0.04,0.05,0.95,0.96,0.01,0.01,74750.86,1776325620000
1776325622.966,122.966,0.04,0.05,0.95,0.96,0.01,0.01,74750.86,1776325620000
1776325623.404,123.404,0.04,0.05,0.95,0.96,0.01,0.01,74750.86,1776325621000
1776325623.752,123.752,0.04,0.05,0.95,0.96,0.01,0.01,74750.86,1776325621000
1776325624.094,124.094,0.06,0.07,0.93,0.94,0.01,0.01,74750.86,1776325621000
1776325624.49,124.49,0.06,0.08,0.93,0.94,0.02,0.01,74750.86,1776325621000
1776325624.852,124.852,0.07,0.08,0.92,0.93,0.01,0.01,74750.88,1776325623000
1776325625.558,125.558,0.06,0.08,0.92,0.94,0.02,0.02,74758.36,1776325624000
1776325626.022,126.022,0.06,0.07,0.93,0.94,0.01,0.01,74758.36,1776325624000
1776325626.736,126.736,0.06,0.07,0.93,0.94,0.01,0.01,74773.4,1776325625000
1776325627.322,127.322,0.06,0.07,0.93,0.94,0.01,0.01,74773.4,1776325625000
1776325627.804,127.804,0.06,0.07,0.93,0.94,0.01,0.01,74773.4,1776325625000
1776325628.188,128.188,0.06,0.07,0.93,0.94,0.01,0.01,74775.59,1776325626000
1776325628.541,128.541,0.06,0.07,0.93,0.94,0.01,0.01,74775.59,1776325626000
1776325629.166,129.166,0.06,0.07,0.93,0.94,0.01,0.01,74778.26,1776325627000
1776325629.51,129.51,0.04,0.05,0.95,0.96,0.01,0.01,74778.26,1776325627000
1776325630.124,130.124,0.03,0.04,0.95,0.97,0.01,0.02,74779.75,1776325628000
1776325630.476,130.476,0.04,0.05,0.95,0.96,0.01,0.01,74779.75,1776325628000
1776325630.887,130.887,0.04,0.05,0.95,0.96,0.01,0.01,74779.75,1776325628000
1776325631.273,131.273,0.03,0.04,0.96,0.97,0.01,0.01,74778.35,1776325629000
1776325631.749,131.749,0.03,0.04,0.96,0.97,0.01,0.01,74778.35,1776325629000
1776325632.1,132.1,0.03,0.04,0.96,0.97,0.01,0.01,74778.35,1776325629000
1776325632.484,132.484,0.03,0.04,0.96,0.97,0.01,0.01,74769.16,1776325630000
1776325632.823,132.823,0.03,0.04,0.96,0.97,0.01,0.01,74769.16,1776325630000
1776325633.272,133.272,0.03,0.04,0.96,0.97,0.01,0.01,74767.38,1776325631000
1776325633.621,133.621,0.04,0.05,0.95,0.96,0.01,0.01,74767.78,1776325632000
1776325634.285,134.285,0.04,0.05,0.95,0.96,0.01,0.01,74767.78,1776325632000
1776325634.724,134.724,0.04,0.05,0.95,0.96,0.01,0.01,74767.5,1776325633000
1776325635.06,135.06,0.04,0.05,0.95,0.96,0.01,0.01,74767.5,1776325633000
1776325635.417,135.417,0.04,0.05,0.95,0.96,0.01,0.01,74772.08,1776325634000
1776325635.769,135.769,0.04,0.05,0.95,0.96,0.01,0.01,74772.08,1776325634000
1776325636.252,136.252,0.04,0.05,0.95,0.96,0.01,0.01,74772.79,1776325635000
1776325636.644,136.644,0.04,0.05,0.95,0.96,0.01,0.01,74772.79,1776325635000
1776325637.58,137.58,0.04,0.05,0.95,0.96,0.01,0.01,74772.79,1776325635000
1776325637.952,137.952,0.04,0.05,0.95,0.96,0.01,0.01,74775.23,1776325636000
1776325638.611,138.611,0.04,0.05,0.95,0.96,0.01,0.01,74769.91,1776325637000
1776325639.234,139.234,0.04,0.05,0.95,0.96,0.01,0.01,74769.91,1776325637000
1776325639.58,139.58,0.04,0.05,0.95,0.96,0.01,0.01,74769.89,1776325638000
1776325640.302,140.302,0.04,0.05,0.95,0.96,0.01,0.01,74769.89,1776325638000
1776325640.696,140.696,0.04,0.05,0.95,0.96,0.01,0.01,74771.16,1776325639000
1776325641.11,141.11,0.04,0.05,0.95,0.96,0.01,0.01,74770.95,1776325640000
1776325642.151,142.151,0.04,0.05,0.95,0.96,0.01,0.01,74769.1,1776325641000
1776325643.115,143.115,0.04,0.05,0.95,0.96,0.01,0.01,74769.04,1776325642000
1776325643.539,143.539,0.04,0.05,0.95,0.96,0.01,0.01,74769.04,1776325642000
1776325643.881,143.881,0.04,0.05,0.95,0.96,0.01,0.01,74769.04,1776325642000
1776325644.365,144.365,0.04,0.05,0.95,0.96,0.01,0.01,74769.04,1776325642000
1776325644.8,144.8,0.04,0.05,0.95,0.96,0.01,0.01,74767.47,1776325643000
1776325645.259,145.259,0.03,0.04,0.96,0.97,0.01,0.01,74767.52,1776325644000
1776325645.596,145.596,0.03,0.04,0.96,0.97,0.01,0.01,74767.52,1776325644000
1776325645.931,145.931,0.03,0.04,0.96,0.97,0.01,0.01,74767.52,1776325644000
1776325646.595,146.595,0.03,0.04,0.96,0.97,0.01,0.01,74767.78,1776325645000
1776325646.962,146.962,0.03,0.04,0.96,0.97,0.01,0.01,74767.78,1776325645000
1776325647.402,147.402,0.03,0.04,0.96,0.97,0.01,0.01,74758.62,1776325646000
1776325647.87,147.87,0.03,0.04,0.96,0.97,0.01,0.01,74758.62,1776325646000
1776325648.312,148.312,0.03,0.04,0.96,0.97,0.01,0.01,74747.56,1776325647000
1776325649.223,149.223,0.03,0.04,0.96,0.97,0.01,0.01,74747.56,1776325647000
1776325649.594,149.594,0.03,0.04,0.96,0.97,0.01,0.01,74747.88,1776325648000
1776325649.931,149.931,0.03,0.04,0.96,0.97,0.01,0.01,74747.88,1776325648000
1776325650.325,150.325,0.03,0.04,0.96,0.97,0.01,0.01,74748.76,1776325649000
1776325650.664,150.664,0.03,0.04,0.96,0.97,0.01,0.01,74748.76,1776325649000
1776325651.239,151.239,0.02,0.03,0.96,0.98,0.01,0.02,74748.76,1776325649000
1776325651.586,151.586,0.02,0.03,0.97,0.98,0.01,0.01,74754.34,1776325650000
1776325651.944,151.944,0.03,0.04,0.96,0.97,0.01,0.01,74754.34,1776325650000
1776325652.367,152.367,0.03,0.04,0.96,0.97,0.01,0.01,74755.35,1776325651000
1776325652.829,152.829,0.03,0.04,0.96,0.97,0.01,0.01,74755.35,1776325651000
1776325653.204,153.204,0.03,0.04,0.96,0.97,0.01,0.01,74757.04,1776325652000
1776325653.821,153.821,0.03,0.04,0.96,0.97,0.01,0.01,74757.04,1776325652000
1776325654.233,154.233,0.03,0.04,0.96,0.97,0.01,0.01,74760.78,1776325653000
1776325654.81,154.81,0.03,0.04,0.96,0.97,0.01,0.01,74760.78,1776325653000
1776325655.144,155.144,0.03,0.04,0.96,0.97,0.01,0.01,74760.78,1776325653000
1776325656.313,156.313,0.03,0.04,0.96,0.97,0.01,0.01,74763.42,1776325654000
1776325657.031,157.031,0.02,0.03,0.96,0.97,0.01,0.01,74763.42,1776325654000
1776325657.527,157.527,0.02,0.03,0.97,0.98,0.01,0.01,74763.17,1776325655000
1776325658.155,158.155,0.02,0.03,0.97,0.98,0.01,0.01,74763.14,1776325656000
1776325658.543,158.543,0.02,0.03,0.97,0.98,0.01,0.01,74763.14,1776325657000
1776325659.175,159.175,0.02,0.03,0.97,0.98,0.01,0.01,74762.83,1776325658000
1776325659.66,159.66,0.02,0.03,0.97,0.98,0.01,0.01,74762.83,1776325658000
1776325660.059,160.059,0.02,0.03,0.97,0.98,0.01,0.01,74762.83,1776325658000
1776325660.662,160.662,0.02,0.03,0.97,0.98,0.01,0.01,74762.83,1776325658000
1776325661.033,161.033,0.02,0.03,0.97,0.98,0.01,0.01,74759.05,1776325659000
1776325662.237,162.237,0.02,0.03,0.97,0.98,0.01,0.01,74756.97,1776325660000
1776325662.587,162.587,0.02,0.03,0.97,0.98,0.01,0.01,74756.92,1776325661000
1776325663.027,163.027,0.02,0.03,0.97,0.98,0.01,0.01,74756.92,1776325661000
1776325664.267,164.267,0.02,0.04,0.97,0.98,0.02,0.01,74756.91,1776325662000
1776325665.03,165.03,0.02,0.04,0.96,0.98,0.02,0.02,74756.88,1776325663000
1776325665.624,165.624,0.02,0.04,0.96,0.98,0.02,0.02,74756.84,1776325664000
1776325666.14,166.14,0.03,0.04,0.96,0.98,0.01,0.02,74756.84,1776325664000
1776325667.056,167.056,0.03,0.04,0.96,0.97,0.01,0.01,74756.88,1776325665000
1776325667.585,167.585,0.03,0.04,0.96,0.97,0.01,0.01,74757.01,1776325666000
1776325668.06,168.06,0.03,0.04,0.96,0.97,0.01,0.01,74757.01,1776325666000
1776325668.483,168.483,0.03,0.04,0.96,0.97,0.01,0.01,74759.67,1776325667000
1776325668.827,168.827,0.03,0.04,0.96,0.97,0.01,0.01,74759.67,1776325667000
1776325669.226,169.226,0.03,0.04,0.96,0.97,0.01,0.01,74761.0,1776325668000
1776325669.862,169.862,0.02,0.03,0.96,0.97,0.01,0.01,74761.0,1776325668000
1776325670.353,170.353,0.02,0.03,0.97,0.98,0.01,0.01,74762.69,1776325669000
1776325670.718,170.718,0.02,0.03,0.97,0.98,0.01,0.01,74762.69,1776325669000
1776325672.09,172.09,0.02,0.03,0.97,0.98,0.01,0.01,74762.69,1776325670000
1776325672.486,172.486,0.02,0.03,0.97,0.98,0.01,0.01,74762.69,1776325670000
1776325673.323,173.323,0.02,0.04,0.96,0.98,0.02,0.02,74760.5,1776325672000
1776325673.942,173.942,0.02,0.03,0.97,0.98,0.01,0.01,74760.5,1776325672000
1776325674.692,174.692,0.02,0.03,0.97,0.98,0.01,0.01,74760.31,1776325673000
1776325675.247,175.247,0.02,0.03,0.97,0.98,0.01,0.01,74760.02,1776325674000
1776325675.733,175.733,0.02,0.03,0.97,0.98,0.01,0.01,74760.02,1776325674000
1776325676.177,176.177,0.02,0.03,0.97,0.98,0.01,0.01,74760.02,1776325674000
1776325676.545,176.545,0.02,0.03,0.97,0.98,0.01,0.01,74760.02,1776325675000
1776325677.308,177.308,0.02,0.03,0.97,0.98,0.01,0.01,74760.09,1776325676000
1776325677.8,177.8,0.02,0.03,0.97,0.98,0.01,0.01,74760.09,1776325676000
1776325678.371,178.371,0.02,0.03,0.97,0.98,0.01,0.01,74761.61,1776325677000
1776325678.962,178.962,0.02,0.03,0.97,0.98,0.01,0.01,74761.9,1776325678000
1776325679.321,179.321,0.02,0.03,0.97,0.98,0.01,0.01,74761.9,1776325678000
1776325679.997,179.997,0.02,0.03,0.97,0.98,0.01,0.01,74761.9,1776325678000
1776325680.366,180.366,0.02,0.03,0.97,0.98,0.01,0.01,74761.88,1776325679000
1776325680.786,180.786,0.02,0.03,0.97,0.98,0.01,0.01,74761.88,1776325679000
1776325681.156,181.156,0.02,0.03,0.97,0.98,0.01,0.01,74761.88,1776325679000
1776325681.658,181.658,0.02,0.03,0.97,0.98,0.01,0.01,74761.97,1776325680000
1776325682.203,182.203,0.02,0.03,0.97,0.98,0.01,0.01,74761.95,1776325681000
1776325682.969,182.969,0.02,0.03,0.97,0.98,0.01,0.01,74761.95,1776325681000
1776325683.379,183.379,0.02,0.03,0.97,0.98,0.01,0.01,74763.8,1776325682000
1776325683.788,183.788,0.02,0.03,0.97,0.98,0.01,0.01,74763.8,1776325682000
1776325684.261,184.261,0.02,0.03,0.97,0.98,0.01,0.01,74763.8,1776325682000
1776325684.63,184.63,0.02,0.03,0.97,0.98,0.01,0.01,74767.73,1776325683000
1776325685.219,185.219,0.02,0.03,0.97,0.98,0.01,0.01,74767.73,1776325683000
1776325685.611,185.611,0.03,0.04,0.96,0.97,0.01,0.01,74769.48,1776325684000
1776325686.465,186.465,0.03,0.04,0.96,0.97,0.01,0.01,74769.48,1776325684000
1776325686.876,186.876,0.03,0.04,0.96,0.97,0.01,0.01,74770.7,1776325685000
1776325687.336,187.336,0.03,0.04,0.96,0.97,0.01,0.01,74770.7,1776325685000
1776325687.781,187.781,0.02,0.03,0.97,0.98,0.01,0.01,74772.05,1776325686000
1776325688.687,188.687,0.02,0.03,0.97,0.98,0.01,0.01,74775.88,1776325687000
1776325689.026,189.026,0.02,0.03,0.97,0.98,0.01,0.01,74772.72,1776325688000
1776325689.391,189.391,0.03,0.04,0.96,0.97,0.01,0.01,74772.72,1776325688000
1776325690.053,190.053,0.03,0.04,0.96,0.97,0.01,0.01,74772.72,1776325688000
1776325690.457,190.457,0.03,0.04,0.96,0.97,0.01,0.01,74772.87,1776325689000
1776325690.795,190.795,0.02,0.04,0.96,0.98,0.02,0.02,74772.87,1776325689000
1776325691.128,191.128,0.02,0.04,0.96,0.98,0.02,0.02,74772.87,1776325689000
1776325691.71,191.71,0.03,0.04,0.97,0.98,0.01,0.01,74780.3,1776325690000
1776325692.572,192.572,0.02,0.04,0.96,0.98,0.02,0.02,74782.33,1776325691000
1776325693.07,193.07,0.02,0.03,0.97,0.98,0.01,0.01,74782.33,1776325692000
1776325693.487,193.487,0.02,0.03,0.97,0.98,0.01,0.01,74782.33,1776325692000
1776325693.904,193.904,0.01,0.02,0.98,0.99,0.01,0.01,74782.33,1776325692000
1776325694.308,194.308,0.01,0.02,0.98,0.99,0.01,0.01,74782.25,1776325693000
1776325694.722,194.722,0.01,0.02,0.98,0.99,0.01,0.01,74782.25,1776325693000
1776325695.202,195.202,0.01,0.02,0.98,0.99,0.01,0.01,74782.25,1776325693000
1776325695.568,195.568,0.01,0.03,0.98,0.99,0.02,0.01,74782.16,1776325694000
1776325696.176,196.176,0.02,0.03,0.97,0.98,0.01,0.01,74782.16,1776325694000
1776325696.647,196.647,0.02,0.03,0.97,0.98,0.01,0.01,74782.07,1776325695000
1776325696.998,196.998,0.02,0.03,0.97,0.98,0.01,0.01,74782.06,1776325696000
1776325697.334,197.334,0.01,0.03,0.97,0.99,0.02,0.02,74782.06,1776325696000
1776325697.933,197.933,0.01,0.02,0.97,0.99,0.01,0.02,74782.06,1776325696000
1776325698.802,198.802,0.01,0.02,0.98,0.99,0.01,0.01,74783.26,1776325697000
1776325699.262,199.262,0.01,0.02,0.98,0.99,0.01,0.01,74783.55,1776325698000
1776325699.66,199.66,0.01,0.02,0.98,0.99,0.01,0.01,74783.55,1776325698000
1776325700.094,200.094,0.01,0.02,0.98,0.99,0.01,0.01,74783.74,1776325699000
1776325700.469,200.469,0.01,0.02,0.98,0.99,0.01,0.01,74783.74,1776325699000
1776325700.813,200.813,0.01,0.02,0.98,0.99,0.01,0.01,74783.74,1776325699000
1776325701.182,201.182,0.01,0.02,0.98,0.99,0.01,0.01,74783.74,1776325699000
1776325701.518,201.518,0.04,0.05,0.95,0.96,0.01,0.01,74783.13,1776325700000
1776325701.986,201.986,0.03,0.04,0.96,0.97,0.01,0.01,74782.07,1776325701000
1776325702.534,202.534,0.03,0.04,0.96,0.97,0.01,0.01,74782.07,1776325701000
1776325703.173,203.173,0.03,0.04,0.96,0.97,0.01,0.01,74783.26,1776325702000
1776325703.739,203.739,0.03,0.04,0.96,0.97,0.01,0.01,74783.26,1776325702000
1776325704.242,204.242,0.03,0.04,0.96,0.97,0.01,0.01,74783.3,1776325703000
1776325704.754,204.754,0.03,0.04,0.96,0.97,0.01,0.01,74783.3,1776325703000
1776325705.097,205.097,0.03,0.04,0.96,0.97,0.01,0.01,74783.3,1776325703000
1776325705.516,205.516,0.03,0.04,0.96,0.97,0.01,0.01,74783.21,1776325704000
1776325705.915,205.915,0.03,0.04,0.95,0.97,0.01,0.02,74783.21,1776325704000
1776325706.473,206.473,0.03,0.04,0.96,0.97,0.01,0.01,74783.22,1776325705000
1776325707.115,207.115,0.03,0.04,0.96,0.97,0.01,0.01,74783.22,1776325706000
1776325707.555,207.555,0.03,0.04,0.96,0.97,0.01,0.01,74783.22,1776325706000
1776325708.431,208.431,0.03,0.04,0.96,0.97,0.01,0.01,74785.22,1776325707000
1776325708.811,208.811,0.02,0.03,0.97,0.99,0.01,0.02,74785.22,1776325707000
1776325709.438,209.438,0.02,0.03,0.97,0.98,0.01,0.01,74785.24,1776325708000
1776325710.32,210.32,0.02,0.03,0.97,0.98,0.01,0.01,74785.22,1776325709000
1776325710.69,210.69,0.01,0.02,0.98,0.99,0.01,0.01,74785.22,1776325709000
1776325711.137,211.137,0.01,0.02,0.98,0.99,0.01,0.01,74785.32,1776325710000
1776325711.744,211.744,0.01,0.02,0.98,0.99,0.01,0.01,74785.32,1776325710000
1776325712.117,212.117,0.01,0.02,0.98,0.99,0.01,0.01,74785.32,1776325711000
1776325712.646,212.646,0.01,0.02,0.98,0.99,0.01,0.01,74785.32,1776325711000
1776325712.996,212.996,0.01,0.02,0.98,0.99,0.01,0.01,74785.32,1776325711000
1776325713.553,213.553,0.01,0.02,0.98,0.99,0.01,0.01,74785.27,1776325712000
1776325714.181,214.181,0.01,0.02,0.98,0.99,0.01,0.01,74785.27,1776325712000
1776325714.558,214.558,0.01,0.02,0.98,0.99,0.01,0.01,74785.26,1776325713000
1776325714.922,214.922,0.01,0.02,0.98,0.99,0.01,0.01,74785.26,1776325713000
1776325715.549,215.549,0.01,0.02,0.98,0.99,0.01,0.01,74785.26,1776325714000
1776325716.057,216.057,0.01,0.02,0.98,0.99,0.01,0.01,74785.26,1776325714000
1776325716.569,216.569,0.01,0.02,0.98,0.99,0.01,0.01,74787.38,1776325715000
1776325716.947,216.947,0.01,0.02,0.98,0.99,0.01,0.01,74790.97,1776325716000
1776325717.404,217.404,0.01,0.02,0.98,0.99,0.01,0.01,74790.97,1776325716000
1776325717.803,217.803,0.01,0.02,0.98,0.99,0.01,0.01,74790.97,1776325716000
1776325718.565,218.565,0.01,0.02,0.98,0.99,0.01,0.01,74791.85,1776325717000
1776325718.902,218.902,0.01,0.02,0.98,0.99,0.01,0.01,74791.85,1776325717000
1776325720.334,220.334,0.01,0.02,0.98,0.99,0.01,0.01,74791.85,1776325717000
1776325720.748,220.748,0.01,0.02,0.98,0.99,0.01,0.01,74791.85,1776325717000
1776325721.161,221.161,0.01,0.02,0.98,0.99,0.01,0.01,74791.85,1776325717000
1776325721.528,221.528,0.01,0.02,0.98,0.99,0.01,0.01,74791.85,1776325717000
1776325722.436,222.436,0.01,0.02,0.98,0.99,0.01,0.01,74791.85,1776325717000
1776325723.139,223.139,0.02,0.03,0.97,0.99,0.01,0.02,74791.85,1776325717000
1776325723.726,223.726,0.02,0.03,0.97,0.98,0.01,0.01,74791.85,1776325717000
1776325725.332,225.332,0.02,0.03,0.97,0.98,0.01,0.01,74791.85,1776325717000
1776325726.226,226.226,0.02,0.03,0.97,0.98,0.01,0.01,74792.08,1776325725000
1776325726.746,226.746,0.01,0.02,0.97,0.98,0.01,0.01,74792.08,1776325725000
1776325728.025,228.025,0.01,0.02,0.98,0.99,0.01,0.01,74795.98,1776325727000
1776325728.673,228.673,0.01,0.02,0.98,0.99,0.01,0.01,74795.98,1776325727000
1776325729.061,229.061,0.01,0.02,0.98,0.99,0.01,0.01,74793.12,1776325728000
1776325729.505,229.505,0.01,0.02,0.98,0.99,0.01,0.01,74793.12,1776325728000
1776325729.926,229.926,0.01,0.02,0.98,0.99,0.01,0.01,74793.12,1776325728000
1776325730.534,230.534,0.01,0.02,0.98,0.99,0.01,0.01,74793.12,1776325728000
1776325731.03,231.03,0.01,0.02,0.98,0.99,0.01,0.01,74786.27,1776325729000
1776325731.372,231.372,0.01,0.02,0.98,0.99,0.01,0.01,74785.5,1776325730000
1776325731.728,231.728,0.01,0.02,0.98,0.99,0.01,0.01,74785.5,1776325730000
1776325732.087,232.087,0.01,0.02,0.98,0.99,0.01,0.01,74785.5,1776325730000
1776325732.771,232.771,0.01,0.02,0.98,0.99,0.01,0.01,74785.92,1776325731000
1776325733.347,233.347,0.01,0.02,0.98,0.99,0.01,0.01,74785.92,1776325731000
1776325733.759,233.759,0.01,0.02,0.98,0.99,0.01,0.01,74785.93,1776325732000
1776325734.245,234.245,0.01,0.02,0.98,0.99,0.01,0.01,74785.93,1776325732000
1776325735.09,235.09,0.01,0.02,0.98,0.99,0.01,0.01,74785.95,1776325734000
1776325735.509,235.509,0.01,0.02,0.98,0.99,0.01,0.01,74785.95,1776325734000
1776325735.953,235.953,0.01,0.02,0.98,0.99,0.01,0.01,74785.95,1776325734000
1776325736.378,236.378,0.01,0.01,0.99,0.99,0.0,0.0,74786.0,1776325735000
1776325736.809,236.809,0.01,0.01,0.99,0.99,0.0,0.0,74786.0,1776325735000
1776325737.265,237.265,0.01,0.01,0.99,0.99,0.0,0.0,74786.0,1776325735000
1776325737.632,237.632,0.01,0.01,0.99,0.99,0.0,0.0,74786.0,1776325736000
1776325737.98,237.98,0.01,0.01,0.99,0.99,0.0,0.0,74786.0,1776325736000
1776325738.497,238.497,0.01,0.01,0.99,0.99,0.0,0.0,74785.99,1776325737000
1776325739.112,239.112,0.01,0.01,0.99,0.99,0.0,0.0,74785.99,1776325737000
1776325739.872,239.872,0.01,0.01,0.99,0.99,0.0,0.0,74786.0,1776325738000
1776325741.169,241.169,0.01,0.01,0.99,0.99,0.0,0.0,74786.55,1776325740000
1776325741.822,241.822,0.01,0.01,0.99,0.99,0.0,0.0,74786.55,1776325740000
1776325742.297,242.297,0.01,0.01,0.99,0.99,0.0,0.0,74786.69,1776325741000
1776325742.957,242.957,0.01,0.01,0.99,0.99,0.0,0.0,74787.41,1776325742000
1776325743.667,243.667,0.01,0.01,0.99,0.99,0.0,0.0,74787.41,1776325742000
1776325744.196,244.196,0.01,0.01,0.99,0.99,0.0,0.0,74787.86,1776325743000
1776325744.962,244.962,0.01,0.01,0.99,0.99,0.0,0.0,74787.86,1776325743000
1776325745.497,245.497,0.01,0.01,0.99,0.99,0.0,0.0,74788.39,1776325744000
1776325746.05,246.05,0.01,0.01,0.99,0.99,0.0,0.0,74788.39,1776325744000
1776325746.399,246.399,0.02,0.03,0.97,0.98,0.01,0.01,74788.39,1776325744000
1776325746.734,246.734,0.02,0.03,0.97,0.98,0.01,0.01,74788.39,1776325744000
1776325747.083,247.083,0.01,0.02,0.98,0.99,0.01,0.01,74788.6,1776325745000
1776325747.491,247.491,0.01,0.02,0.98,0.99,0.01,0.01,74788.6,1776325745000
1776325748.082,248.082,0.01,0.02,0.98,0.99,0.01,0.01,74788.6,1776325745000
1776325748.476,248.476,0.01,0.02,0.98,0.99,0.01,0.01,74788.59,1776325746000
1776325748.865,248.865,0.01,0.01,0.99,0.99,0.0,0.0,74795.88,1776325747000
1776325749.538,249.538,0.01,0.01,0.99,0.99,0.0,0.0,74795.85,1776325748000
1776325749.94,249.94,0.01,0.01,0.99,0.99,0.0,0.0,74795.85,1776325748000
1776325750.752,250.752,0.01,0.01,0.99,0.99,0.0,0.0,74795.41,1776325749000
1776325751.138,251.138,0.01,0.01,0.99,0.99,0.0,0.0,74795.41,1776325749000
1776325752.233,252.233,0.01,0.01,0.99,0.99,0.0,0.0,74792.12,1776325751000
1776325752.57,252.57,0.01,0.01,0.99,0.99,0.0,0.0,74792.12,1776325751000
1776325753.216,253.216,0.01,0.01,0.99,0.99,0.0,0.0,74792.12,1776325751000
1776325753.631,253.631,0.01,0.01,0.99,0.99,0.0,0.0,74792.12,1776325751000
1776325754.244,254.244,0.01,0.01,0.99,0.99,0.0,0.0,74790.86,1776325752000
1776325754.724,254.724,0.01,0.01,0.99,0.99,0.0,0.0,74790.5,1776325753000
1776325755.178,255.178,0.01,0.01,0.99,0.99,0.0,0.0,74790.33,1776325754000
1776325755.524,255.524,0.01,0.01,0.99,0.99,0.0,0.0,74790.33,1776325754000
1776325755.863,255.863,0.01,0.01,0.99,0.99,0.0,0.0,74790.33,1776325754000
1776325756.365,256.365,0.01,0.01,0.99,0.99,0.0,0.0,74790.33,1776325754000
1776325756.721,256.721,0.01,0.01,0.99,0.99,0.0,0.0,74790.3,1776325755000
1776325757.41,257.41,0.01,0.01,0.99,0.99,0.0,0.0,74790.3,1776325756000
1776325758.121,258.121,0.01,0.01,0.99,0.99,0.0,0.0,74790.3,1776325756000
1776325758.742,258.742,0.01,0.01,0.99,0.99,0.0,0.0,74790.16,1776325757000
1776325759.182,259.182,0.01,0.01,0.99,0.99,0.0,0.0,74790.16,1776325757000
1776325759.667,259.667,0.01,0.01,0.99,0.99,0.0,0.0,74790.16,1776325757000
1776325760.294,260.294,0.01,0.01,0.99,0.99,0.0,0.0,74789.95,1776325758000
1776325761.107,261.107,0.01,0.01,0.99,0.99,0.0,0.0,74790.16,1776325760000
1776325761.448,261.448,0.01,0.01,0.99,0.99,0.0,0.0,74790.16,1776325760000
1776325762.059,262.059,0.01,0.01,0.99,0.99,0.0,0.0,74790.16,1776325760000
1776325762.514,262.514,0.01,0.01,0.99,0.99,0.0,0.0,74789.93,1776325761000
1776325762.994,262.994,0.01,0.01,0.99,0.99,0.0,0.0,74789.93,1776325761000
1776325763.61,263.61,0.01,0.01,0.99,0.99,0.0,0.0,74789.95,1776325762000
1776325764.224,264.224,0.01,0.01,0.99,0.99,0.0,0.0,74789.95,1776325762000
1776325764.798,264.798,0.01,0.01,0.99,0.99,0.0,0.0,74789.79,1776325763000
1776325765.477,265.477,0.01,0.01,0.99,0.99,0.0,0.0,74789.8,1776325764000
1776325766.582,266.582,0.01,0.01,0.99,0.99,0.0,0.0,74789.81,1776325765000
1776325767.031,267.031,0.01,0.01,0.99,0.99,0.0,0.0,74789.81,1776325766000
1776325767.504,267.504,0.01,0.01,0.99,0.99,0.0,0.0,74789.81,1776325766000
1776325768.116,268.116,0.01,0.01,0.99,0.99,0.0,0.0,74789.81,1776325766000
1776325768.734,268.734,0.01,0.01,0.99,0.99,0.0,0.0,74789.8,1776325767000
1776325769.296,269.296,0.01,0.01,0.99,0.99,0.0,0.0,74789.79,1776325768000
1776325769.649,269.649,0.01,0.01,0.99,0.99,0.0,0.0,74789.79,1776325768000
1776325770.265,270.265,0.01,0.01,0.99,0.99,0.0,0.0,74789.79,1776325768000
1776325770.876,270.876,0.01,0.01,0.99,0.99,0.0,0.0,74789.76,1776325769000
1776325771.41,271.41,0.01,0.01,0.99,0.99,0.0,0.0,74789.75,1776325770000
1776325771.994,271.994,0.01,0.01,0.99,0.99,0.0,0.0,74789.75,1776325771000
1776325773.148,273.148,0.01,0.01,0.99,0.99,0.0,0.0,74788.18,1776325772000
1776325774.177,274.177,0.01,0.01,0.99,0.99,0.0,0.0,74788.93,1776325773000
1776325775.218,275.218,0.01,0.01,0.99,0.99,0.0,0.0,74788.93,1776325774000
1776325776.273,276.273,0.01,0.01,0.99,0.99,0.0,0.0,74789.09,1776325775000
1776325777.309,277.309,0.01,0.01,0.99,0.99,0.0,0.0,74787.44,1776325776000
1776325778.418,278.418,0.01,0.01,0.99,0.99,0.0,0.0,74787.22,1776325777000
1776325778.951,278.951,0.01,0.01,0.99,0.99,0.0,0.0,74787.25,1776325778000
1776325780.386,280.386,0.01,0.01,0.99,0.99,0.0,0.0,74786.87,1776325779000
1776325780.918,280.918,0.01,0.01,0.99,0.99,0.0,0.0,74786.44,1776325780000
1776325782.058,282.058,0.01,0.01,0.99,0.99,0.0,0.0,74786.43,1776325781000
1776325782.903,282.903,0.01,0.01,0.99,0.99,0.0,0.0,74786.43,1776325782000
1776325783.907,283.907,0.01,0.01,0.99,0.99,0.0,0.0,74786.05,1776325783000
1776325784.752,284.752,0.01,0.01,0.99,0.99,0.0,0.0,74786.05,1776325783000
1776325785.766,285.766,0.01,0.01,0.99,0.99,0.0,0.0,74786.05,1776325784000
1776325786.701,286.701,0.01,0.01,0.99,0.99,0.0,0.0,74781.15,1776325785000
1776325787.922,287.922,0.01,0.01,0.99,0.99,0.0,0.0,74775.33,1776325787000
1776325788.679,288.679,0.01,0.01,0.99,0.99,0.0,0.0,74775.33,1776325787000
1776325789.015,289.015,0.01,0.01,0.99,0.99,0.0,0.0,74773.62,1776325788000
1776325790.326,290.326,0.01,0.01,0.99,0.99,0.0,0.0,74773.7,1776325789000
1776325791.127,291.127,0.01,0.01,0.99,0.99,0.0,0.0,74773.7,1776325790000
1776325792.255,292.255,0.01,0.01,0.99,0.99,0.0,0.0,74773.75,1776325791000
1776325793.695,293.695,0.01,0.01,0.99,0.99,0.0,0.0,74773.74,1776325792000
1776325794.283,294.283,0.01,0.01,0.99,0.99,0.0,0.0,74773.74,1776325792000
1776325795.369,295.369,0.01,0.01,0.99,0.99,0.0,0.0,74773.73,1776325794000
1776325796.05,296.05,0.01,0.01,0.99,0.99,0.0,0.0,74773.73,1776325795000
1776325797.11,297.11,0.01,0.01,0.99,0.99,0.0,0.0,74773.72,1776325796000
1776325797.928,297.928,0.01,0.01,0.99,0.99,0.0,0.0,74773.72,1776325796000
1776325798.349,298.349,0.01,0.01,0.99,0.99,0.0,0.0,74777.58,1776325797000
1776325799.32,299.32,0.01,0.01,0.99,0.99,0.0,0.0,74776.44,1776325798000
1776325800.356,300.356,0.01,0.01,0.99,0.99,0.0,0.0,74776.44,1776325798000
1776325801.006,301.006,0.01,0.01,0.99,0.99,0.0,0.0,74776.4,1776325800000
1776325802.09,302.09,0.01,0.01,0.99,0.99,0.0,0.0,74776.39,1776325801000

# RESULT,winner=Down,slug=btc-updown-5m-1776325500,ticks=593
