timestamp,elapsed_sec,up_bid,up_ask,down_bid,down_ask,up_spread,down_spread,btc_price,btc_oracle_ts
1777154100.508,0.508,0.52,0.53,0.49,0.5,0.01,0.01,77528.75,1777154099000
1777154101.202,1.202,0.52,0.53,0.47,0.48,0.01,0.01,77529.59,1777154100000
1777154101.538,1.538,0.52,0.53,0.47,0.48,0.01,0.01,77529.59,1777154100000
1777154102.257,2.257,0.52,0.53,0.47,0.48,0.01,0.01,77529.59,1777154100000
1777154102.75,2.75,0.52,0.53,0.47,0.48,0.01,0.01,77528.44,1777154101000
1777154103.095,3.095,0.52,0.53,0.47,0.48,0.01,0.01,77528.44,1777154102000
1777154103.526,3.526,0.52,0.53,0.47,0.48,0.01,0.01,77528.44,1777154102000
1777154103.926,3.926,0.52,0.54,0.47,0.48,0.02,0.01,77528.44,1777154102000
1777154104.32,4.32,0.53,0.54,0.46,0.47,0.01,0.01,77528.44,1777154102000
1777154104.681,4.681,0.54,0.55,0.45,0.47,0.01,0.02,77528.44,1777154103000
1777154105.153,5.153,0.54,0.55,0.45,0.46,0.01,0.01,77528.44,1777154104000
1777154105.709,5.709,0.55,0.56,0.44,0.46,0.01,0.02,77528.44,1777154104000
1777154106.172,6.172,0.55,0.56,0.44,0.45,0.01,0.01,77528.43,1777154105000
1777154106.937,6.937,0.55,0.56,0.44,0.45,0.01,0.01,77528.43,1777154105000
1777154107.441,7.441,0.55,0.56,0.44,0.45,0.01,0.01,77528.43,1777154106000
1777154107.778,7.778,0.55,0.57,0.44,0.45,0.02,0.01,77528.43,1777154106000
1777154108.199,8.199,0.57,0.58,0.42,0.43,0.01,0.01,77528.43,1777154106000
1777154108.905,8.905,0.57,0.58,0.42,0.43,0.01,0.01,77528.43,1777154106000
1777154109.276,9.276,0.57,0.58,0.42,0.43,0.01,0.01,77532.77,1777154108000
1777154109.663,9.663,0.57,0.59,0.42,0.43,0.02,0.01,77532.77,1777154108000
1777154110.132,10.132,0.58,0.59,0.41,0.42,0.01,0.01,77532.77,1777154108000
1777154110.515,10.515,0.58,0.59,0.41,0.42,0.01,0.01,77533.61,1777154109000
1777154111.208,11.208,0.58,0.59,0.41,0.42,0.01,0.01,77533.52,1777154110000
1777154111.616,11.616,0.58,0.59,0.41,0.42,0.01,0.01,77533.52,1777154110000
1777154112.215,12.215,0.58,0.59,0.41,0.42,0.01,0.01,77533.52,1777154110000
1777154112.57,12.57,0.58,0.59,0.41,0.42,0.01,0.01,77533.52,1777154110000
1777154113.058,13.058,0.58,0.59,0.41,0.42,0.01,0.01,77533.6,1777154111000
1777154113.397,13.397,0.58,0.59,0.41,0.42,0.01,0.01,77533.6,1777154111000
1777154113.794,13.794,0.58,0.59,0.41,0.42,0.01,0.01,77533.67,1777154112000
1777154114.257,14.257,0.58,0.59,0.41,0.42,0.01,0.01,77533.67,1777154112000
1777154114.696,14.696,0.58,0.59,0.41,0.42,0.01,0.01,77534.12,1777154113000
1777154115.144,15.144,0.58,0.59,0.41,0.42,0.01,0.01,77534.14,1777154114000
1777154115.543,15.543,0.58,0.59,0.41,0.42,0.01,0.01,77534.14,1777154114000
1777154116.342,16.342,0.58,0.59,0.41,0.42,0.01,0.01,77534.14,1777154114000
1777154116.836,16.836,0.58,0.59,0.41,0.42,0.01,0.01,77536.43,1777154115000
1777154117.2,17.2,0.58,0.59,0.41,0.42,0.01,0.01,77536.43,1777154115000
1777154117.541,17.541,0.58,0.59,0.41,0.42,0.01,0.01,77536.43,1777154116000
1777154118.258,18.258,0.58,0.59,0.41,0.42,0.01,0.01,77536.43,1777154117000
1777154118.849,18.849,0.58,0.59,0.41,0.42,0.01,0.01,77536.43,1777154117000
1777154119.314,19.314,0.58,0.59,0.41,0.42,0.01,0.01,77536.45,1777154118000
1777154119.673,19.673,0.58,0.59,0.41,0.42,0.01,0.01,77536.45,1777154118000
1777154120.008,20.008,0.58,0.59,0.41,0.42,0.01,0.01,77536.45,1777154118000
1777154120.36,20.36,0.58,0.6,0.41,0.42,0.02,0.01,77536.6,1777154119000
1777154120.92,20.92,0.59,0.6,0.4,0.41,0.01,0.01,77536.6,1777154119000
1777154121.333,21.333,0.59,0.6,0.38,0.41,0.01,0.03,77536.6,1777154120000
1777154121.7,21.7,0.61,0.64,0.35,0.39,0.03,0.04,77536.6,1777154120000
1777154122.115,22.115,0.61,0.64,0.38,0.39,0.03,0.01,77536.6,1777154120000
1777154122.476,22.476,0.63,0.64,0.36,0.37,0.01,0.01,77536.6,1777154120000
1777154122.833,22.833,0.64,0.65,0.35,0.36,0.01,0.01,77536.1,1777154121000
1777154123.193,23.193,0.64,0.65,0.35,0.36,0.01,0.01,77536.1,1777154121000
1777154123.739,23.739,0.64,0.65,0.35,0.36,0.01,0.01,77537.5,1777154122000
1777154124.258,24.258,0.65,0.66,0.35,0.36,0.01,0.01,77537.5,1777154122000
1777154124.591,24.591,0.65,0.66,0.34,0.35,0.01,0.01,77537.5,1777154122000
1777154125.271,25.271,0.65,0.66,0.34,0.35,0.01,0.01,77539.72,1777154123000
1777154125.695,25.695,0.65,0.66,0.34,0.35,0.01,0.01,77539.8,1777154124000
1777154126.177,26.177,0.65,0.66,0.34,0.35,0.01,0.01,77539.8,1777154124000
1777154126.902,26.902,0.65,0.66,0.34,0.35,0.01,0.01,77539.88,1777154125000
1777154127.408,27.408,0.66,0.67,0.33,0.34,0.01,0.01,77540.49,1777154126000
1777154127.803,27.803,0.66,0.67,0.33,0.34,0.01,0.01,77540.49,1777154126000
1777154128.181,28.181,0.66,0.67,0.33,0.34,0.01,0.01,77540.49,1777154126000
1777154128.562,28.562,0.66,0.67,0.33,0.34,0.01,0.01,77542.87,1777154127000
1777154129.135,29.135,0.66,0.67,0.33,0.34,0.01,0.01,77542.87,1777154127000
1777154129.541,29.541,0.66,0.67,0.33,0.34,0.01,0.01,77542.99,1777154128000
1777154129.948,29.948,0.66,0.67,0.33,0.34,0.01,0.01,77542.99,1777154128000
1777154130.468,30.468,0.66,0.67,0.33,0.34,0.01,0.01,77543.0,1777154129000
1777154130.889,30.889,0.66,0.67,0.33,0.34,0.01,0.01,77543.0,1777154129000
1777154131.261,31.261,0.66,0.67,0.33,0.34,0.01,0.01,77543.0,1777154129000
1777154131.724,31.724,0.66,0.67,0.33,0.34,0.01,0.01,77543.01,1777154130000
1777154132.159,32.159,0.66,0.67,0.33,0.34,0.01,0.01,77543.01,1777154130000
1777154132.791,32.791,0.66,0.68,0.33,0.34,0.02,0.01,77542.98,1777154131000
1777154133.24,33.24,0.66,0.67,0.33,0.34,0.01,0.01,77542.98,1777154131000
1777154133.602,33.602,0.66,0.68,0.32,0.34,0.02,0.02,77542.98,1777154131000
1777154134.101,34.101,0.66,0.67,0.32,0.34,0.01,0.02,77542.93,1777154132000
1777154134.502,34.502,0.67,0.68,0.32,0.33,0.01,0.01,77542.95,1777154133000
1777154134.905,34.905,0.68,0.69,0.31,0.32,0.01,0.01,77542.95,1777154133000
1777154135.242,35.242,0.68,0.69,0.31,0.32,0.01,0.01,77542.96,1777154134000
1777154135.599,35.599,0.68,0.69,0.31,0.32,0.01,0.01,77542.96,1777154134000
1777154135.997,35.997,0.68,0.69,0.31,0.32,0.01,0.01,77542.96,1777154134000
1777154136.342,36.342,0.68,0.69,0.31,0.32,0.01,0.01,77542.96,1777154135000
1777154136.754,36.754,0.68,0.69,0.31,0.32,0.01,0.01,77542.96,1777154135000
1777154137.181,37.181,0.68,0.69,0.31,0.32,0.01,0.01,77542.96,1777154135000
1777154137.559,37.559,0.66,0.67,0.31,0.37,0.01,0.06,77542.89,1777154136000
1777154138.007,38.007,0.65,0.66,0.34,0.35,0.01,0.01,77542.89,1777154136000
1777154138.349,38.349,0.64,0.65,0.35,0.36,0.01,0.01,77543.49,1777154137000
1777154138.697,38.697,0.65,0.66,0.34,0.35,0.01,0.01,77543.49,1777154137000
1777154139.254,39.254,0.66,0.67,0.33,0.34,0.01,0.01,77543.49,1777154137000
1777154139.698,39.698,0.68,0.69,0.31,0.32,0.01,0.01,77544.11,1777154138000
1777154140.05,40.05,0.68,0.69,0.31,0.32,0.01,0.01,77544.11,1777154138000
1777154140.388,40.388,0.68,0.69,0.31,0.32,0.01,0.01,77544.11,1777154138000
1777154140.788,40.788,0.68,0.69,0.31,0.32,0.01,0.01,77544.24,1777154139000
1777154141.163,41.163,0.68,0.69,0.31,0.32,0.01,0.01,77544.57,1777154140000
1777154142.35,42.35,0.68,0.69,0.31,0.32,0.01,0.01,77544.57,1777154140000
1777154142.693,42.693,0.56,0.63,0.37,0.44,0.07,0.07,77545.49,1777154141000
1777154143.047,43.047,0.43,0.53,0.46,0.57,0.1,0.11,77545.49,1777154141000
1777154143.442,43.442,0.41,0.43,0.57,0.59,0.02,0.02,77545.49,1777154141000
1777154143.784,43.784,0.42,0.43,0.57,0.58,0.01,0.01,77539.17,1777154142000
1777154144.133,44.133,0.41,0.43,0.57,0.59,0.02,0.02,77529.57,1777154143000
1777154144.467,44.467,0.41,0.42,0.58,0.59,0.01,0.01,77529.57,1777154143000
1777154144.831,44.831,0.41,0.42,0.58,0.59,0.01,0.01,77529.57,1777154143000
1777154145.215,45.215,0.41,0.42,0.58,0.59,0.01,0.01,77523.17,1777154144000
1777154145.73,45.73,0.41,0.42,0.58,0.59,0.01,0.01,77523.17,1777154144000
1777154146.075,46.075,0.41,0.42,0.58,0.59,0.01,0.01,77523.17,1777154144000
1777154146.41,46.41,0.41,0.42,0.58,0.59,0.01,0.01,77521.92,1777154145000
1777154147.052,47.052,0.41,0.42,0.58,0.59,0.01,0.01,77521.92,1777154145000
1777154147.393,47.393,0.41,0.42,0.58,0.59,0.01,0.01,77521.78,1777154146000
1777154147.729,47.729,0.41,0.42,0.58,0.61,0.01,0.03,77521.78,1777154146000
1777154148.143,48.143,0.41,0.42,0.58,0.59,0.01,0.01,77521.78,1777154146000
1777154148.845,48.845,0.41,0.42,0.58,0.59,0.01,0.01,77523.18,1777154147000
1777154149.193,49.193,0.44,0.45,0.55,0.56,0.01,0.01,77523.18,1777154148000
1777154149.583,49.583,0.5,0.51,0.5,0.51,0.01,0.01,77523.18,1777154148000
1777154149.96,49.96,0.5,0.51,0.49,0.5,0.01,0.01,77523.18,1777154148000
1777154150.373,50.373,0.5,0.51,0.49,0.5,0.01,0.01,77523.76,1777154149000
1777154150.706,50.706,0.5,0.51,0.49,0.5,0.01,0.01,77523.76,1777154149000
1777154151.04,51.04,0.5,0.51,0.49,0.5,0.01,0.01,77523.76,1777154149000
1777154151.403,51.403,0.5,0.51,0.49,0.5,0.01,0.01,77523.76,1777154149000
1777154152.188,52.188,0.5,0.51,0.49,0.5,0.01,0.01,77529.11,1777154150000
1777154152.567,52.567,0.5,0.51,0.49,0.5,0.01,0.01,77531.31,1777154151000
1777154153.052,53.052,0.5,0.51,0.49,0.5,0.01,0.01,77531.16,1777154152000
1777154153.523,53.523,0.51,0.52,0.48,0.49,0.01,0.01,77531.16,1777154152000
1777154153.938,53.938,0.51,0.52,0.48,0.49,0.01,0.01,77531.16,1777154152000
1777154154.542,54.542,0.51,0.52,0.48,0.49,0.01,0.01,77531.15,1777154153000
1777154155.121,55.121,0.52,0.53,0.47,0.49,0.01,0.02,77531.15,1777154153000
1777154155.5,55.5,0.52,0.53,0.47,0.48,0.01,0.01,77531.25,1777154154000
1777154156.041,56.041,0.52,0.53,0.47,0.48,0.01,0.01,77531.25,1777154154000
1777154156.441,56.441,0.53,0.54,0.43,0.48,0.01,0.05,77531.25,1777154154000
1777154156.818,56.818,0.53,0.54,0.46,0.47,0.01,0.01,77531.29,1777154155000
1777154157.192,57.192,0.53,0.54,0.46,0.47,0.01,0.01,77531.29,1777154156000
1777154157.916,57.916,0.53,0.54,0.46,0.47,0.01,0.01,77531.29,1777154156000
1777154158.25,58.25,0.53,0.54,0.46,0.47,0.01,0.01,77531.26,1777154157000
1777154158.685,58.685,0.53,0.54,0.46,0.47,0.01,0.01,77531.26,1777154157000
1777154159.101,59.101,0.53,0.54,0.46,0.47,0.01,0.01,77531.26,1777154157000
1777154159.493,59.493,0.53,0.54,0.46,0.47,0.01,0.01,77531.26,1777154157000
1777154159.939,59.939,0.53,0.54,0.46,0.47,0.01,0.01,77531.15,1777154159000
1777154160.351,60.351,0.53,0.54,0.46,0.47,0.01,0.01,77531.15,1777154159000
1777154160.988,60.988,0.53,0.54,0.46,0.47,0.01,0.01,77531.15,1777154159000
1777154161.388,61.388,0.53,0.54,0.46,0.47,0.01,0.01,77531.08,1777154160000
1777154161.875,61.875,0.53,0.54,0.46,0.47,0.01,0.01,77531.08,1777154160000
1777154162.248,62.248,0.53,0.54,0.46,0.47,0.01,0.01,77531.03,1777154161000
1777154162.659,62.659,0.53,0.54,0.46,0.47,0.01,0.01,77531.03,1777154161000
1777154163.094,63.094,0.53,0.54,0.46,0.47,0.01,0.01,77531.0,1777154162000
1777154163.472,63.472,0.53,0.54,0.46,0.47,0.01,0.01,77531.0,1777154162000
1777154163.852,63.852,0.53,0.54,0.46,0.47,0.01,0.01,77531.0,1777154162000
1777154164.263,64.263,0.53,0.54,0.45,0.47,0.01,0.02,77531.16,1777154163000
1777154164.859,64.859,0.53,0.54,0.46,0.47,0.01,0.01,77531.16,1777154163000
1777154165.204,65.204,0.54,0.55,0.45,0.46,0.01,0.01,77531.16,1777154163000
1777154165.951,65.951,0.53,0.54,0.46,0.47,0.01,0.01,77531.05,1777154164000
1777154166.566,66.566,0.53,0.54,0.46,0.47,0.01,0.01,77530.97,1777154165000
1777154167.225,67.225,0.53,0.54,0.46,0.47,0.01,0.01,77530.97,1777154166000
1777154167.614,67.614,0.52,0.54,0.46,0.47,0.02,0.01,77530.97,1777154166000
1777154168.158,68.158,0.53,0.54,0.46,0.47,0.01,0.01,77531.01,1777154167000
1777154168.682,68.682,0.53,0.54,0.46,0.47,0.01,0.01,77531.01,1777154167000
1777154169.156,69.156,0.53,0.54,0.46,0.47,0.01,0.01,77531.01,1777154167000
1777154169.494,69.494,0.53,0.54,0.46,0.47,0.01,0.01,77530.92,1777154168000
1777154169.897,69.897,0.52,0.54,0.46,0.47,0.02,0.01,77530.92,1777154168000
1777154170.353,70.353,0.53,0.54,0.46,0.47,0.01,0.01,77530.79,1777154169000
1777154170.804,70.804,0.53,0.55,0.46,0.47,0.02,0.01,77530.79,1777154169000
1777154171.325,71.325,0.54,0.55,0.45,0.46,0.01,0.01,77530.71,1777154170000
1777154171.72,71.72,0.54,0.55,0.45,0.46,0.01,0.01,77530.71,1777154170000
1777154172.568,72.568,0.54,0.55,0.45,0.46,0.01,0.01,77530.71,1777154170000
1777154173.26,73.26,0.54,0.55,0.45,0.46,0.01,0.01,77530.76,1777154171000
1777154174.163,74.163,0.54,0.55,0.45,0.46,0.01,0.01,77530.49,1777154173000
1777154174.584,74.584,0.54,0.55,0.45,0.46,0.01,0.01,77530.49,1777154173000
1777154174.973,74.973,0.55,0.56,0.44,0.46,0.01,0.02,77530.49,1777154173000
1777154175.33,75.33,0.55,0.56,0.44,0.45,0.01,0.01,77531.1,1777154174000
1777154176.185,76.185,0.55,0.56,0.44,0.45,0.01,0.01,77531.71,1777154175000
1777154176.574,76.574,0.56,0.57,0.43,0.45,0.01,0.02,77531.71,1777154175000
1777154176.932,76.932,0.56,0.57,0.43,0.44,0.01,0.01,77531.71,1777154175000
1777154177.278,77.278,0.56,0.57,0.43,0.44,0.01,0.01,77531.86,1777154176000
1777154177.621,77.621,0.56,0.57,0.43,0.44,0.01,0.01,77531.86,1777154176000
1777154178.209,78.209,0.56,0.57,0.43,0.44,0.01,0.01,77531.86,1777154177000
1777154178.662,78.662,0.58,0.59,0.41,0.42,0.01,0.01,77531.86,1777154177000
1777154179.127,79.127,0.58,0.59,0.41,0.42,0.01,0.01,77531.87,1777154178000
1777154180.176,80.176,0.58,0.59,0.41,0.42,0.01,0.01,77531.87,1777154178000
1777154181.137,81.137,0.58,0.59,0.41,0.42,0.01,0.01,77531.87,1777154180000
1777154181.512,81.512,0.57,0.59,0.41,0.43,0.02,0.02,77531.87,1777154180000
1777154182.132,82.132,0.57,0.58,0.42,0.43,0.01,0.01,77531.85,1777154181000
1777154182.517,82.517,0.56,0.57,0.42,0.44,0.01,0.02,77531.85,1777154181000
1777154182.904,82.904,0.56,0.57,0.43,0.44,0.01,0.01,77531.85,1777154181000
1777154183.237,83.237,0.56,0.57,0.43,0.44,0.01,0.01,77531.8,1777154182000
1777154183.723,83.723,0.55,0.56,0.43,0.44,0.01,0.01,77531.8,1777154182000
1777154184.271,84.271,0.55,0.56,0.44,0.45,0.01,0.01,77531.61,1777154183000
1777154185.484,85.484,0.54,0.55,0.45,0.46,0.01,0.01,77531.63,1777154184000
1777154186.16,86.16,0.54,0.55,0.45,0.46,0.01,0.01,77531.63,1777154184000
1777154187.513,87.513,0.54,0.55,0.45,0.46,0.01,0.01,77531.62,1777154185000
1777154187.963,87.963,0.54,0.55,0.45,0.46,0.01,0.01,77531.63,1777154186000
1777154189.354,89.354,0.54,0.55,0.45,0.46,0.01,0.01,77531.74,1777154187000
1777154189.705,89.705,0.54,0.55,0.45,0.46,0.01,0.01,77531.82,1777154188000
1777154190.528,90.528,0.54,0.55,0.45,0.46,0.01,0.01,77531.79,1777154189000
1777154190.967,90.967,0.54,0.55,0.45,0.46,0.01,0.01,77531.79,1777154189000
1777154192.255,92.255,0.54,0.55,0.45,0.46,0.01,0.01,77531.76,1777154191000
1777154192.731,92.731,0.54,0.55,0.45,0.46,0.01,0.01,77531.76,1777154191000
1777154193.356,93.356,0.54,0.55,0.45,0.46,0.01,0.01,77531.76,1777154192000
1777154193.947,93.947,0.54,0.55,0.45,0.46,0.01,0.01,77531.77,1777154193000
1777154195.079,95.079,0.54,0.55,0.45,0.46,0.01,0.01,77531.7,1777154194000
1777154196.096,96.096,0.54,0.55,0.45,0.46,0.01,0.01,77531.7,1777154195000
1777154196.535,96.535,0.54,0.55,0.45,0.46,0.01,0.01,77531.7,1777154195000
1777154197.173,97.173,0.54,0.55,0.45,0.46,0.01,0.01,77531.7,1777154195000
1777154198.315,98.315,0.54,0.55,0.45,0.46,0.01,0.01,77531.74,1777154197000
1777154199.12,99.12,0.54,0.55,0.45,0.46,0.01,0.01,77531.74,1777154197000
1777154199.595,99.595,0.54,0.55,0.45,0.46,0.01,0.01,77531.74,1777154198000
1777154199.959,99.959,0.54,0.55,0.45,0.46,0.01,0.01,77531.74,1777154198000
1777154200.472,100.472,0.54,0.55,0.45,0.46,0.01,0.01,77531.74,1777154198000
1777154201.061,101.061,0.54,0.55,0.45,0.46,0.01,0.01,77531.74,1777154200000
1777154201.717,101.717,0.52,0.55,0.45,0.46,0.03,0.01,77531.74,1777154200000
1777154202.058,102.058,0.4,0.43,0.55,0.59,0.03,0.04,77531.74,1777154200000
1777154202.47,102.47,0.35,0.4,0.6,0.65,0.05,0.05,77531.74,1777154200000
1777154202.934,102.934,0.32,0.34,0.66,0.68,0.02,0.02,77531.74,1777154200000
1777154203.385,103.385,0.31,0.32,0.68,0.69,0.01,0.01,77531.73,1777154201000
1777154203.728,103.728,0.31,0.32,0.68,0.69,0.01,0.01,77515.48,1777154202000
1777154204.107,104.107,0.3,0.31,0.68,0.7,0.01,0.02,77515.48,1777154202000
1777154204.487,104.487,0.3,0.31,0.69,0.7,0.01,0.01,77510.69,1777154203000
1777154204.962,104.962,0.3,0.31,0.69,0.7,0.01,0.01,77510.69,1777154203000
1777154205.317,105.317,0.3,0.31,0.69,0.7,0.01,0.01,77510.13,1777154204000
1777154205.654,105.654,0.3,0.31,0.69,0.7,0.01,0.01,77510.13,1777154204000
1777154206.286,106.286,0.3,0.31,0.69,0.7,0.01,0.01,77510.13,1777154204000
1777154206.632,106.632,0.3,0.31,0.69,0.7,0.01,0.01,77509.17,1777154205000
1777154207.034,107.034,0.3,0.31,0.69,0.7,0.01,0.01,77509.17,1777154205000
1777154207.465,107.465,0.3,0.31,0.69,0.7,0.01,0.01,77508.95,1777154206000
1777154207.846,107.846,0.3,0.31,0.69,0.7,0.01,0.01,77508.95,1777154206000
1777154208.284,108.284,0.3,0.31,0.69,0.7,0.01,0.01,77508.95,1777154206000
1777154208.656,108.656,0.3,0.31,0.69,0.7,0.01,0.01,77508.95,1777154206000
1777154209.003,109.003,0.3,0.31,0.69,0.7,0.01,0.01,77509.19,1777154207000
1777154209.363,109.363,0.3,0.31,0.69,0.7,0.01,0.01,77509.18,1777154208000
1777154209.723,109.723,0.29,0.3,0.69,0.7,0.01,0.01,77509.18,1777154208000
1777154210.199,110.199,0.29,0.3,0.7,0.71,0.01,0.01,77509.18,1777154209000
1777154210.737,110.737,0.29,0.3,0.7,0.71,0.01,0.01,77509.18,1777154209000
1777154211.384,111.384,0.29,0.35,0.7,0.71,0.06,0.01,77509.18,1777154209000
1777154211.893,111.893,0.3,0.32,0.69,0.7,0.02,0.01,77508.98,1777154210000
1777154212.32,112.32,0.31,0.35,0.65,0.69,0.04,0.04,77508.64,1777154211000
1777154212.654,112.654,0.36,0.37,0.63,0.64,0.01,0.01,77508.64,1777154211000
1777154213.05,113.05,0.37,0.38,0.62,0.63,0.01,0.01,77508.64,1777154211000
1777154213.395,113.395,0.36,0.37,0.6,0.64,0.01,0.04,77509.18,1777154212000
1777154213.728,113.728,0.37,0.38,0.62,0.63,0.01,0.01,77509.18,1777154212000
1777154214.063,114.063,0.37,0.39,0.61,0.63,0.02,0.02,77509.18,1777154212000
1777154214.424,114.424,0.38,0.39,0.61,0.62,0.01,0.01,77509.18,1777154212000
1777154214.879,114.879,0.4,0.41,0.58,0.61,0.01,0.03,77508.64,1777154213000
1777154215.221,115.221,0.42,0.43,0.57,0.58,0.01,0.01,77508.64,1777154213000
1777154215.557,115.557,0.43,0.44,0.55,0.57,0.01,0.02,77508.74,1777154214000
1777154215.896,115.896,0.44,0.45,0.54,0.55,0.01,0.01,77508.74,1777154214000
1777154216.247,116.247,0.46,0.47,0.53,0.54,0.01,0.01,77508.74,1777154215000
1777154216.614,116.614,0.46,0.47,0.52,0.54,0.01,0.02,77508.74,1777154215000
1777154216.967,116.967,0.47,0.48,0.52,0.53,0.01,0.01,77508.74,1777154215000
1777154217.306,117.306,0.46,0.47,0.53,0.54,0.01,0.01,77508.74,1777154215000
1777154217.639,117.639,0.47,0.48,0.52,0.53,0.01,0.01,77508.74,1777154215000
1777154218.04,118.04,0.47,0.48,0.52,0.53,0.01,0.01,77508.82,1777154216000
1777154218.416,118.416,0.47,0.48,0.52,0.53,0.01,0.01,77508.82,1777154217000
1777154218.849,118.849,0.45,0.48,0.52,0.55,0.03,0.03,77508.82,1777154217000
1777154219.364,119.364,0.47,0.48,0.52,0.53,0.01,0.01,77509.2,1777154218000
1777154219.915,119.915,0.47,0.48,0.52,0.53,0.01,0.01,77509.2,1777154218000
1777154220.351,120.351,0.45,0.46,0.54,0.55,0.01,0.01,77508.77,1777154219000
1777154220.729,120.729,0.44,0.45,0.55,0.56,0.01,0.01,77508.77,1777154219000
1777154221.268,121.268,0.44,0.46,0.54,0.56,0.02,0.02,77508.77,1777154220000
1777154221.896,121.896,0.45,0.46,0.54,0.56,0.01,0.02,77508.77,1777154220000
1777154222.485,122.485,0.45,0.46,0.54,0.55,0.01,0.01,77508.77,1777154220000
1777154223.1,123.1,0.45,0.46,0.53,0.56,0.01,0.03,77508.76,1777154221000
1777154223.532,123.532,0.45,0.46,0.54,0.55,0.01,0.01,77508.75,1777154222000
1777154223.866,123.866,0.46,0.56,0.43,0.46,0.1,0.03,77508.75,1777154222000
1777154224.334,124.334,0.55,0.56,0.44,0.45,0.01,0.01,77508.75,1777154222000
1777154224.722,124.722,0.55,0.56,0.44,0.45,0.01,0.01,77508.73,1777154223000
1777154225.074,125.074,0.55,0.56,0.44,0.45,0.01,0.01,77508.73,1777154223000
1777154225.487,125.487,0.55,0.56,0.44,0.45,0.01,0.01,77508.75,1777154224000
1777154226.034,126.034,0.55,0.56,0.44,0.45,0.01,0.01,77508.75,1777154224000
1777154226.717,126.717,0.55,0.56,0.44,0.45,0.01,0.01,77514.58,1777154225000
1777154227.207,127.207,0.55,0.56,0.44,0.45,0.01,0.01,77514.58,1777154225000
1777154227.674,127.674,0.55,0.56,0.44,0.45,0.01,0.01,77516.4,1777154226000
1777154228.05,128.05,0.55,0.56,0.44,0.45,0.01,0.01,77516.4,1777154226000
1777154228.425,128.425,0.56,0.64,0.42,0.44,0.08,0.02,77516.53,1777154227000
1777154228.817,128.817,0.6,0.61,0.39,0.4,0.01,0.01,77516.53,1777154227000
1777154229.159,129.159,0.6,0.61,0.39,0.4,0.01,0.01,77516.53,1777154227000
1777154229.517,129.517,0.6,0.61,0.39,0.4,0.01,0.01,77516.47,1777154228000
1777154230.012,130.012,0.6,0.61,0.39,0.4,0.01,0.01,77516.47,1777154228000
1777154230.416,130.416,0.6,0.61,0.39,0.4,0.01,0.01,77516.47,1777154228000
1777154230.791,130.791,0.6,0.61,0.39,0.4,0.01,0.01,77519.28,1777154229000
1777154231.184,131.184,0.6,0.61,0.39,0.4,0.01,0.01,77519.28,1777154229000
1777154231.77,131.77,0.6,0.61,0.39,0.4,0.01,0.01,77519.81,1777154230000
1777154232.198,132.198,0.6,0.61,0.39,0.4,0.01,0.01,77519.81,1777154230000
1777154232.536,132.536,0.6,0.61,0.39,0.4,0.01,0.01,77521.05,1777154231000
1777154233.382,133.382,0.59,0.6,0.4,0.41,0.01,0.01,77521.25,1777154232000
1777154233.849,133.849,0.59,0.6,0.4,0.41,0.01,0.01,77521.25,1777154232000
1777154234.184,134.184,0.56,0.6,0.4,0.44,0.04,0.04,77521.25,1777154233000
1777154234.566,134.566,0.55,0.59,0.4,0.44,0.04,0.04,77521.25,1777154233000
1777154234.9,134.9,0.58,0.59,0.41,0.42,0.01,0.01,77521.25,1777154233000
1777154235.247,135.247,0.58,0.59,0.41,0.42,0.01,0.01,77521.22,1777154234000
1777154235.604,135.604,0.55,0.57,0.43,0.44,0.02,0.01,77521.22,1777154234000
1777154236.175,136.175,0.52,0.53,0.45,0.47,0.01,0.02,77521.22,1777154234000
1777154236.579,136.579,0.49,0.5,0.47,0.51,0.01,0.04,77521.54,1777154235000
1777154236.95,136.95,0.45,0.46,0.53,0.55,0.01,0.02,77521.54,1777154235000
1777154237.332,137.332,0.44,0.45,0.54,0.55,0.01,0.01,77521.39,1777154236000
1777154237.831,137.831,0.44,0.45,0.55,0.56,0.01,0.01,77521.39,1777154236000
1777154238.299,138.299,0.44,0.45,0.55,0.56,0.01,0.01,77522.04,1777154237000
1777154238.714,138.714,0.44,0.45,0.55,0.56,0.01,0.01,77522.04,1777154237000
1777154239.193,139.193,0.43,0.44,0.56,0.57,0.01,0.01,77522.04,1777154237000
1777154239.777,139.777,0.43,0.44,0.56,0.57,0.01,0.01,77521.95,1777154238000
1777154240.224,140.224,0.43,0.44,0.56,0.57,0.01,0.01,77521.95,1777154239000
1777154241.041,141.041,0.43,0.44,0.56,0.57,0.01,0.01,77521.95,1777154239000
1777154241.376,141.376,0.43,0.44,0.56,0.57,0.01,0.01,77522.0,1777154240000
1777154241.732,141.732,0.42,0.43,0.56,0.58,0.01,0.02,77522.0,1777154240000
1777154242.145,142.145,0.42,0.43,0.57,0.58,0.01,0.01,77522.0,1777154240000
1777154242.627,142.627,0.42,0.43,0.57,0.58,0.01,0.01,77522.0,1777154241000
1777154243.008,143.008,0.42,0.43,0.57,0.58,0.01,0.01,77522.0,1777154241000
1777154243.43,143.43,0.42,0.43,0.57,0.58,0.01,0.01,77522.05,1777154242000
1777154243.994,143.994,0.42,0.43,0.57,0.58,0.01,0.01,77522.04,1777154243000
1777154244.382,144.382,0.39,0.4,0.57,0.61,0.01,0.04,77522.04,1777154243000
1777154244.739,144.739,0.38,0.4,0.6,0.62,0.02,0.02,77522.04,1777154243000
1777154245.161,145.161,0.39,0.4,0.6,0.61,0.01,0.01,77522.04,1777154243000
1777154245.613,145.613,0.38,0.4,0.6,0.61,0.02,0.01,77522.11,1777154244000
1777154246.384,146.384,0.38,0.39,0.61,0.62,0.01,0.01,77522.11,1777154244000
1777154246.719,146.719,0.38,0.39,0.61,0.62,0.01,0.01,77522.12,1777154245000
1777154247.48,147.48,0.38,0.39,0.61,0.62,0.01,0.01,77522.17,1777154246000
1777154247.878,147.878,0.38,0.39,0.61,0.62,0.01,0.01,77522.17,1777154246000
1777154248.234,148.234,0.38,0.39,0.61,0.62,0.01,0.01,77521.96,1777154247000
1777154248.728,148.728,0.38,0.39,0.61,0.62,0.01,0.01,77521.96,1777154247000
1777154249.077,149.077,0.36,0.39,0.61,0.64,0.03,0.03,77521.96,1777154247000
1777154249.666,149.666,0.36,0.39,0.63,0.64,0.03,0.01,77522.08,1777154248000
1777154250.125,150.125,0.37,0.38,0.62,0.63,0.01,0.01,77522.08,1777154248000
1777154250.53,150.53,0.37,0.38,0.62,0.63,0.01,0.01,77522.08,1777154249000
1777154251.309,151.309,0.37,0.4,0.62,0.63,0.03,0.01,77522.08,1777154249000
1777154251.643,151.643,0.39,0.4,0.6,0.61,0.01,0.01,77522.08,1777154250000
1777154252.187,152.187,0.39,0.4,0.6,0.61,0.01,0.01,77522.08,1777154250000
1777154252.778,152.778,0.39,0.4,0.6,0.61,0.01,0.01,77522.08,1777154251000
1777154253.136,153.136,0.39,0.4,0.58,0.61,0.01,0.03,77522.08,1777154251000
1777154253.701,153.701,0.4,0.41,0.59,0.61,0.01,0.02,77522.11,1777154252000
1777154254.132,154.132,0.4,0.41,0.59,0.6,0.01,0.01,77522.11,1777154252000
1777154254.561,154.561,0.4,0.41,0.59,0.6,0.01,0.01,77522.65,1777154253000
1777154254.9,154.9,0.4,0.41,0.59,0.6,0.01,0.01,77522.65,1777154253000
1777154255.277,155.277,0.4,0.41,0.59,0.6,0.01,0.01,77522.65,1777154253000
1777154255.688,155.688,0.4,0.41,0.59,0.6,0.01,0.01,77522.65,1777154253000
1777154256.159,156.159,0.4,0.41,0.59,0.6,0.01,0.01,77522.11,1777154254000
1777154256.676,156.676,0.39,0.4,0.6,0.61,0.01,0.01,77522.16,1777154255000
1777154257.028,157.028,0.39,0.4,0.6,0.61,0.01,0.01,77522.16,1777154255000
1777154257.418,157.418,0.39,0.41,0.6,0.61,0.02,0.01,77522.12,1777154256000
1777154257.819,157.819,0.4,0.41,0.59,0.6,0.01,0.01,77522.12,1777154256000
1777154258.205,158.205,0.4,0.41,0.59,0.6,0.01,0.01,77521.95,1777154257000
1777154258.606,158.606,0.4,0.41,0.59,0.6,0.01,0.01,77521.95,1777154257000
1777154259.266,159.266,0.4,0.41,0.59,0.6,0.01,0.01,77522.02,1777154258000
1777154259.626,159.626,0.4,0.41,0.59,0.6,0.01,0.01,77522.02,1777154258000
1777154260.285,160.285,0.4,0.41,0.59,0.6,0.01,0.01,77521.99,1777154259000
1777154260.727,160.727,0.4,0.41,0.59,0.6,0.01,0.01,77521.99,1777154259000
1777154261.12,161.12,0.38,0.39,0.59,0.62,0.01,0.03,77521.99,1777154259000
1777154261.458,161.458,0.37,0.38,0.61,0.63,0.01,0.02,77521.99,1777154259000
1777154261.868,161.868,0.37,0.38,0.62,0.63,0.01,0.01,77521.96,1777154260000
1777154262.342,162.342,0.37,0.38,0.62,0.63,0.01,0.01,77521.91,1777154261000
1777154262.775,162.775,0.37,0.38,0.62,0.63,0.01,0.01,77521.91,1777154261000
1777154263.112,163.112,0.37,0.38,0.62,0.63,0.01,0.01,77521.64,1777154262000
1777154263.521,163.521,0.37,0.38,0.62,0.63,0.01,0.01,77521.64,1777154262000
1777154263.977,163.977,0.36,0.37,0.63,0.64,0.01,0.01,77521.64,1777154262000
1777154264.331,164.331,0.36,0.37,0.63,0.64,0.01,0.01,77521.53,1777154263000
1777154264.683,164.683,0.36,0.37,0.63,0.64,0.01,0.01,77521.53,1777154263000
1777154265.036,165.036,0.36,0.37,0.63,0.64,0.01,0.01,77521.53,1777154263000
1777154265.394,165.394,0.36,0.37,0.63,0.64,0.01,0.01,77521.53,1777154263000
1777154265.782,165.782,0.36,0.37,0.63,0.64,0.01,0.01,77521.48,1777154264000
1777154266.327,166.327,0.36,0.37,0.63,0.64,0.01,0.01,77521.48,1777154264000
1777154266.704,166.704,0.36,0.37,0.63,0.64,0.01,0.01,77521.48,1777154265000
1777154267.119,167.119,0.35,0.36,0.64,0.65,0.01,0.01,77521.48,1777154265000
1777154267.476,167.476,0.35,0.36,0.64,0.65,0.01,0.01,77521.48,1777154265000
1777154267.91,167.91,0.35,0.36,0.64,0.65,0.01,0.01,77521.55,1777154266000
1777154268.695,168.695,0.35,0.36,0.64,0.65,0.01,0.01,77521.49,1777154267000
1777154269.044,169.044,0.35,0.36,0.64,0.65,0.01,0.01,77521.46,1777154268000
1777154269.386,169.386,0.36,0.37,0.63,0.64,0.01,0.01,77521.46,1777154268000
1777154269.726,169.726,0.36,0.37,0.63,0.64,0.01,0.01,77521.46,1777154268000
1777154270.107,170.107,0.36,0.37,0.63,0.64,0.01,0.01,77521.65,1777154269000
1777154270.737,170.737,0.36,0.37,0.63,0.64,0.01,0.01,77521.65,1777154269000
1777154271.335,171.335,0.36,0.37,0.63,0.64,0.01,0.01,77521.49,1777154270000
1777154271.743,171.743,0.36,0.37,0.63,0.64,0.01,0.01,77521.49,1777154270000
1777154272.543,172.543,0.36,0.38,0.63,0.64,0.02,0.01,77521.52,1777154271000
1777154272.945,172.945,0.37,0.38,0.62,0.63,0.01,0.01,77521.52,1777154271000
1777154273.456,173.456,0.38,0.4,0.61,0.62,0.02,0.01,77521.52,1777154272000
1777154273.91,173.91,0.39,0.4,0.6,0.61,0.01,0.01,77521.52,1777154272000
1777154274.279,174.279,0.39,0.4,0.6,0.61,0.01,0.01,77521.57,1777154273000
1777154275.055,175.055,0.39,0.4,0.6,0.61,0.01,0.01,77521.57,1777154273000
1777154275.407,175.407,0.39,0.4,0.6,0.61,0.01,0.01,77521.83,1777154274000
1777154275.873,175.873,0.38,0.39,0.6,0.62,0.01,0.02,77521.83,1777154274000
1777154276.352,176.352,0.38,0.41,0.59,0.62,0.03,0.03,77521.83,1777154274000
1777154276.929,176.929,0.4,0.41,0.59,0.6,0.01,0.01,77521.83,1777154275000
1777154277.404,177.404,0.4,0.41,0.59,0.6,0.01,0.01,77521.83,1777154275000
1777154278.342,178.342,0.4,0.41,0.59,0.6,0.01,0.01,77521.81,1777154277000
1777154279.057,179.057,0.4,0.41,0.59,0.6,0.01,0.01,77521.81,1777154277000
1777154279.468,179.468,0.4,0.41,0.59,0.6,0.01,0.01,77521.81,1777154278000
1777154279.939,179.939,0.4,0.41,0.59,0.6,0.01,0.01,77521.82,1777154279000
1777154280.499,180.499,0.4,0.41,0.59,0.6,0.01,0.01,77521.82,1777154279000
1777154280.909,180.909,0.4,0.41,0.59,0.6,0.01,0.01,77521.78,1777154280000
1777154281.288,181.288,0.4,0.41,0.59,0.6,0.01,0.01,77521.78,1777154280000
1777154281.727,181.727,0.4,0.41,0.59,0.6,0.01,0.01,77521.78,1777154280000
1777154282.229,182.229,0.4,0.41,0.59,0.6,0.01,0.01,77521.79,1777154281000
1777154282.736,182.736,0.39,0.4,0.59,0.6,0.01,0.01,77521.79,1777154281000
1777154283.207,183.207,0.39,0.4,0.6,0.61,0.01,0.01,77521.82,1777154282000
1777154283.595,183.595,0.39,0.4,0.6,0.61,0.01,0.01,77521.82,1777154282000
1777154284.577,184.577,0.38,0.39,0.6,0.62,0.01,0.02,77521.82,1777154283000
1777154285.021,185.021,0.38,0.39,0.61,0.62,0.01,0.01,77521.82,1777154284000
1777154286.055,186.055,0.38,0.39,0.61,0.62,0.01,0.01,77521.81,1777154285000
1777154286.403,186.403,0.37,0.38,0.62,0.63,0.01,0.01,77521.81,1777154285000
1777154286.791,186.791,0.37,0.38,0.62,0.63,0.01,0.01,77521.81,1777154285000
1777154287.229,187.229,0.37,0.38,0.62,0.63,0.01,0.01,77521.8,1777154286000
1777154287.616,187.616,0.37,0.38,0.62,0.63,0.01,0.01,77521.8,1777154286000
1777154288.121,188.121,0.37,0.38,0.62,0.63,0.01,0.01,77521.8,1777154287000
1777154288.781,188.781,0.35,0.37,0.62,0.63,0.02,0.01,77521.8,1777154287000
1777154289.172,189.172,0.35,0.36,0.64,0.65,0.01,0.01,77521.79,1777154288000
1777154289.521,189.521,0.35,0.36,0.64,0.65,0.01,0.01,77521.79,1777154288000
1777154290.175,190.175,0.35,0.36,0.64,0.65,0.01,0.01,77521.79,1777154289000
1777154290.513,190.513,0.35,0.36,0.64,0.65,0.01,0.01,77521.79,1777154289000
1777154291.112,191.112,0.35,0.36,0.64,0.65,0.01,0.01,77521.79,1777154289000
1777154291.49,191.49,0.35,0.36,0.64,0.65,0.01,0.01,77521.11,1777154290000
1777154292.701,192.701,0.35,0.36,0.64,0.65,0.01,0.01,77521.09,1777154291000
1777154293.614,193.614,0.35,0.36,0.64,0.65,0.01,0.01,77521.09,1777154292000
1777154294.028,194.028,0.35,0.36,0.64,0.65,0.01,0.01,77521.09,1777154292000
1777154295.236,195.236,0.35,0.36,0.64,0.65,0.01,0.01,77521.2,1777154293000
1777154296.116,196.116,0.36,0.37,0.63,0.64,0.01,0.01,77521.15,1777154295000
1777154296.52,196.52,0.35,0.36,0.64,0.65,0.01,0.01,77521.15,1777154295000
1777154297.127,197.127,0.35,0.36,0.64,0.65,0.01,0.01,77521.15,1777154295000
1777154297.537,197.537,0.36,0.37,0.63,0.64,0.01,0.01,77521.15,1777154296000
1777154298.327,198.327,0.36,0.37,0.63,0.64,0.01,0.01,77521.15,1777154296000
1777154298.789,198.789,0.36,0.37,0.63,0.64,0.01,0.01,77521.3,1777154297000
1777154299.184,199.184,0.36,0.37,0.63,0.64,0.01,0.01,77521.26,1777154298000
1777154300.393,200.393,0.36,0.37,0.63,0.64,0.01,0.01,77521.15,1777154299000
1777154301.414,201.414,0.36,0.37,0.63,0.64,0.01,0.01,77521.2,1777154300000
1777154301.943,201.943,0.36,0.37,0.63,0.64,0.01,0.01,77521.2,1777154301000
1777154302.351,202.351,0.37,0.38,0.62,0.64,0.01,0.02,77521.2,1777154301000
1777154302.878,202.878,0.37,0.38,0.62,0.63,0.01,0.01,77521.2,1777154301000
1777154303.816,203.816,0.37,0.38,0.62,0.63,0.01,0.01,77521.18,1777154302000
1777154304.155,204.155,0.37,0.38,0.62,0.63,0.01,0.01,77521.18,1777154303000
1777154304.751,204.751,0.37,0.38,0.62,0.63,0.01,0.01,77521.18,1777154303000
1777154305.238,205.238,0.37,0.38,0.62,0.63,0.01,0.01,77521.14,1777154304000
1777154305.664,205.664,0.38,0.39,0.61,0.62,0.01,0.01,77521.14,1777154304000
1777154306.013,206.013,0.41,0.42,0.58,0.6,0.01,0.02,77521.14,1777154304000
1777154306.424,206.424,0.41,0.42,0.58,0.59,0.01,0.01,77521.14,1777154304000
1777154306.854,206.854,0.41,0.42,0.58,0.59,0.01,0.01,77521.16,1777154305000
1777154307.284,207.284,0.41,0.42,0.58,0.59,0.01,0.01,77521.14,1777154306000
1777154307.799,207.799,0.41,0.42,0.58,0.59,0.01,0.01,77521.14,1777154306000
1777154308.173,208.173,0.41,0.42,0.58,0.59,0.01,0.01,77521.37,1777154307000
1777154308.927,208.927,0.41,0.42,0.58,0.59,0.01,0.01,77523.38,1777154308000
1777154309.61,209.61,0.42,0.43,0.57,0.59,0.01,0.02,77523.38,1777154308000
1777154310.626,210.626,0.43,0.44,0.56,0.58,0.01,0.02,77523.38,1777154309000
1777154310.984,210.984,0.43,0.44,0.56,0.57,0.01,0.01,77523.4,1777154310000
1777154311.321,211.321,0.38,0.44,0.56,0.58,0.06,0.02,77523.4,1777154310000
1777154311.691,211.691,0.41,0.42,0.58,0.6,0.01,0.02,77523.4,1777154310000
1777154312.145,212.145,0.41,0.42,0.58,0.59,0.01,0.01,77523.4,1777154310000
1777154312.913,212.913,0.41,0.42,0.58,0.59,0.01,0.01,77523.44,1777154311000
1777154313.465,213.465,0.41,0.42,0.58,0.59,0.01,0.01,77523.24,1777154312000
1777154313.968,213.968,0.41,0.42,0.58,0.59,0.01,0.01,77523.24,1777154312000
1777154315.143,215.143,0.41,0.42,0.58,0.59,0.01,0.01,77523.19,1777154314000
1777154315.978,215.978,0.41,0.42,0.58,0.59,0.01,0.01,77523.19,1777154314000
1777154316.438,216.438,0.41,0.42,0.58,0.59,0.01,0.01,77523.24,1777154315000
1777154317.294,217.294,0.41,0.42,0.58,0.59,0.01,0.01,77523.2,1777154316000
1777154318.146,218.146,0.41,0.42,0.58,0.59,0.01,0.01,77523.2,1777154317000
1777154318.861,218.861,0.38,0.39,0.58,0.65,0.01,0.07,77523.2,1777154317000
1777154319.198,219.198,0.38,0.39,0.61,0.62,0.01,0.01,77523.2,1777154318000
1777154320.365,220.365,0.38,0.39,0.61,0.62,0.01,0.01,77523.2,1777154318000
1777154320.833,220.833,0.38,0.39,0.61,0.62,0.01,0.01,77523.2,1777154319000
1777154321.174,221.174,0.41,0.42,0.58,0.59,0.01,0.01,77523.35,1777154320000
1777154321.666,221.666,0.45,0.46,0.55,0.56,0.01,0.01,77523.35,1777154320000
1777154322.231,222.231,0.45,0.46,0.54,0.55,0.01,0.01,77523.35,1777154321000
1777154322.725,222.725,0.45,0.46,0.54,0.55,0.01,0.01,77523.35,1777154321000
1777154323.089,223.089,0.4,0.46,0.54,0.55,0.06,0.01,77523.35,1777154321000
1777154323.493,223.493,0.42,0.43,0.56,0.57,0.01,0.01,77523.46,1777154322000
1777154323.907,223.907,0.42,0.44,0.56,0.58,0.02,0.02,77523.46,1777154322000
1777154324.285,224.285,0.43,0.44,0.56,0.58,0.01,0.02,77523.46,1777154322000
1777154324.657,224.657,0.43,0.44,0.56,0.57,0.01,0.01,77524.38,1777154323000
1777154325.062,225.062,0.42,0.43,0.57,0.58,0.01,0.01,77523.97,1777154324000
1777154325.585,225.585,0.42,0.43,0.57,0.58,0.01,0.01,77523.97,1777154324000
1777154326.011,226.011,0.42,0.43,0.57,0.58,0.01,0.01,77523.97,1777154325000
1777154326.355,226.355,0.42,0.43,0.57,0.58,0.01,0.01,77523.97,1777154325000
1777154326.844,226.844,0.44,0.45,0.55,0.56,0.01,0.01,77523.97,1777154325000
1777154327.297,227.297,0.44,0.45,0.55,0.56,0.01,0.01,77524.29,1777154326000
1777154327.696,227.696,0.44,0.45,0.55,0.56,0.01,0.01,77524.29,1777154326000
1777154328.056,228.056,0.43,0.45,0.55,0.56,0.02,0.01,77524.29,1777154326000
1777154329.042,229.042,0.43,0.44,0.56,0.57,0.01,0.01,77524.27,1777154327000
1777154329.46,229.46,0.41,0.42,0.56,0.59,0.01,0.03,77524.26,1777154328000
1777154329.957,229.957,0.42,0.43,0.57,0.59,0.01,0.02,77524.26,1777154328000
1777154330.429,230.429,0.42,0.43,0.57,0.58,0.01,0.01,77524.26,1777154328000
1777154331.037,231.037,0.42,0.44,0.56,0.58,0.02,0.02,77524.28,1777154330000
1777154331.417,231.417,0.45,0.46,0.54,0.55,0.01,0.01,77524.28,1777154330000
1777154331.784,231.784,0.44,0.45,0.55,0.57,0.01,0.02,77524.28,1777154330000
1777154332.187,232.187,0.44,0.45,0.55,0.56,0.01,0.01,77522.77,1777154331000
1777154332.847,232.847,0.43,0.44,0.56,0.57,0.01,0.01,77522.77,1777154331000
1777154333.278,233.278,0.44,0.45,0.55,0.56,0.01,0.01,77522.77,1777154331000
1777154334.348,234.348,0.44,0.45,0.55,0.56,0.01,0.01,77524.33,1777154332000
1777154334.792,234.792,0.44,0.45,0.55,0.56,0.01,0.01,77524.36,1777154333000
1777154335.173,235.173,0.44,0.45,0.55,0.56,0.01,0.01,77524.36,1777154334000
1777154336.132,236.132,0.44,0.45,0.55,0.56,0.01,0.01,77524.45,1777154335000
1777154336.542,236.542,0.44,0.45,0.55,0.56,0.01,0.01,77524.45,1777154335000
1777154336.909,236.909,0.44,0.45,0.55,0.56,0.01,0.01,77524.45,1777154335000
1777154337.321,237.321,0.44,0.45,0.55,0.56,0.01,0.01,77524.4,1777154336000
1777154338.076,238.076,0.44,0.45,0.55,0.56,0.01,0.01,77524.35,1777154337000
1777154338.445,238.445,0.44,0.45,0.55,0.56,0.01,0.01,77524.35,1777154337000
1777154339.021,239.021,0.44,0.45,0.55,0.56,0.01,0.01,77524.34,1777154338000
1777154339.806,239.806,0.44,0.45,0.55,0.56,0.01,0.01,77524.34,1777154338000
1777154340.265,240.265,0.44,0.45,0.55,0.56,0.01,0.01,77524.41,1777154339000
1777154340.602,240.602,0.49,0.5,0.5,0.51,0.01,0.01,77524.41,1777154339000
1777154340.938,240.938,0.62,0.63,0.37,0.38,0.01,0.01,77524.41,1777154339000
1777154341.452,241.452,0.63,0.64,0.36,0.37,0.01,0.01,77524.54,1777154340000
1777154341.792,241.792,0.64,0.65,0.35,0.36,0.01,0.01,77524.54,1777154340000
1777154342.178,242.178,0.65,0.66,0.34,0.35,0.01,0.01,77524.91,1777154341000
1777154342.581,242.581,0.64,0.65,0.35,0.36,0.01,0.01,77524.91,1777154341000
1777154343.004,243.004,0.64,0.65,0.35,0.36,0.01,0.01,77528.42,1777154342000
1777154343.496,243.496,0.66,0.67,0.33,0.36,0.01,0.03,77528.42,1777154342000
1777154343.885,243.885,0.66,0.67,0.33,0.34,0.01,0.01,77528.42,1777154342000
1777154344.225,244.225,0.66,0.69,0.31,0.34,0.03,0.03,77529.63,1777154343000
1777154344.672,244.672,0.69,0.7,0.3,0.31,0.01,0.01,77529.63,1777154343000
1777154345.022,245.022,0.69,0.73,0.3,0.31,0.04,0.01,77529.99,1777154344000
1777154345.385,245.385,0.74,0.75,0.25,0.27,0.01,0.02,77529.99,1777154344000
1777154345.73,245.73,0.73,0.74,0.26,0.27,0.01,0.01,77529.99,1777154344000
1777154346.129,246.129,0.74,0.75,0.25,0.26,0.01,0.01,77530.42,1777154345000
1777154346.497,246.497,0.73,0.74,0.26,0.27,0.01,0.01,77530.42,1777154345000
1777154347.048,247.048,0.74,0.75,0.25,0.26,0.01,0.01,77530.42,1777154345000
1777154347.487,247.487,0.74,0.75,0.25,0.26,0.01,0.01,77536.39,1777154346000
1777154347.9,247.9,0.76,0.77,0.24,0.25,0.01,0.01,77536.39,1777154346000
1777154348.391,248.391,0.76,0.77,0.23,0.24,0.01,0.01,77536.39,1777154346000
1777154348.989,248.989,0.77,0.8,0.23,0.24,0.03,0.01,77536.9,1777154347000
1777154349.393,249.393,0.79,0.8,0.2,0.21,0.01,0.01,77536.9,1777154347000
1777154349.732,249.732,0.81,0.82,0.18,0.19,0.01,0.01,77536.93,1777154348000
1777154350.09,250.09,0.83,0.84,0.16,0.17,0.01,0.01,77536.93,1777154348000
1777154350.448,250.448,0.83,0.84,0.16,0.17,0.01,0.01,77536.93,1777154348000
1777154350.867,250.867,0.84,0.85,0.15,0.17,0.01,0.02,77537.15,1777154349000
1777154351.201,251.201,0.83,0.85,0.15,0.17,0.02,0.02,77537.15,1777154349000
1777154351.592,251.592,0.76,0.84,0.16,0.17,0.08,0.01,77537.3,1777154350000
1777154351.928,251.928,0.33,0.56,0.44,0.63,0.23,0.19,77537.3,1777154350000
1777154352.271,252.271,0.3,0.31,0.69,0.7,0.01,0.01,77537.98,1777154351000
1777154352.621,252.621,0.3,0.31,0.69,0.7,0.01,0.01,77537.98,1777154351000
1777154352.961,252.961,0.26,0.27,0.73,0.74,0.01,0.01,77537.98,1777154351000
1777154353.452,253.452,0.27,0.28,0.72,0.73,0.01,0.01,77537.98,1777154351000
1777154353.827,253.827,0.27,0.28,0.72,0.73,0.01,0.01,77530.01,1777154352000
1777154354.167,254.167,0.27,0.28,0.72,0.73,0.01,0.01,77530.01,1777154352000
1777154354.544,254.544,0.27,0.28,0.72,0.73,0.01,0.01,77526.27,1777154353000
1777154354.904,254.904,0.27,0.28,0.72,0.73,0.01,0.01,77526.27,1777154353000
1777154355.285,255.285,0.28,0.31,0.71,0.72,0.03,0.01,77525.12,1777154354000
1777154355.716,255.716,0.3,0.31,0.69,0.7,0.01,0.01,77525.12,1777154354000
1777154356.15,256.15,0.32,0.34,0.67,0.68,0.02,0.01,77525.12,1777154354000
1777154356.576,256.576,0.35,0.36,0.64,0.65,0.01,0.01,77522.57,1777154355000
1777154356.97,256.97,0.33,0.34,0.65,0.66,0.01,0.01,77522.57,1777154355000
1777154357.45,257.45,0.3,0.33,0.67,0.68,0.03,0.01,77522.5,1777154356000
1777154358.196,258.196,0.35,0.36,0.67,0.68,0.01,0.01,77522.5,1777154356000
1777154358.55,258.55,0.35,0.36,0.64,0.65,0.01,0.01,77522.26,1777154357000
1777154358.907,258.907,0.37,0.38,0.62,0.63,0.01,0.01,77522.26,1777154357000
1777154359.268,259.268,0.36,0.38,0.62,0.64,0.02,0.02,77522.25,1777154358000
1777154359.644,259.644,0.33,0.34,0.66,0.67,0.01,0.01,77522.25,1777154358000
1777154360.066,260.066,0.35,0.47,0.64,0.65,0.12,0.01,77522.25,1777154358000
1777154360.541,260.541,0.35,0.47,0.53,0.65,0.12,0.12,77522.25,1777154359000
1777154361.031,261.031,0.47,0.49,0.54,0.55,0.02,0.01,77522.25,1777154359000
1777154361.404,261.404,0.45,0.46,0.53,0.55,0.01,0.02,77522.39,1777154360000
1777154361.809,261.809,0.45,0.46,0.54,0.55,0.01,0.01,77522.39,1777154360000
1777154362.267,262.267,0.48,0.49,0.51,0.52,0.01,0.01,77522.39,1777154360000
1777154362.861,262.861,0.48,0.49,0.51,0.52,0.01,0.01,77522.39,1777154361000
1777154363.249,263.249,0.48,0.49,0.51,0.52,0.01,0.01,77522.65,1777154362000
1777154363.583,263.583,0.48,0.49,0.51,0.52,0.01,0.01,77522.65,1777154362000
1777154364.14,264.14,0.45,0.46,0.54,0.55,0.01,0.01,77522.65,1777154362000
1777154364.601,264.601,0.45,0.46,0.54,0.55,0.01,0.01,77522.65,1777154362000
1777154364.954,264.954,0.45,0.46,0.54,0.55,0.01,0.01,77522.69,1777154363000
1777154365.294,265.294,0.44,0.45,0.55,0.56,0.01,0.01,77522.69,1777154363000
1777154365.814,265.814,0.42,0.43,0.57,0.58,0.01,0.01,77522.93,1777154364000
1777154366.367,266.367,0.39,0.4,0.57,0.58,0.01,0.01,77522.93,1777154364000
1777154366.701,266.701,0.45,0.46,0.52,0.58,0.01,0.06,77523.01,1777154365000
1777154367.069,267.069,0.4,0.46,0.54,0.6,0.06,0.06,77523.02,1777154366000
1777154367.459,267.459,0.47,0.49,0.54,0.6,0.02,0.06,77523.02,1777154366000
1777154367.87,267.87,0.47,0.48,0.52,0.53,0.01,0.01,77523.02,1777154366000
1777154368.203,268.203,0.47,0.48,0.52,0.53,0.01,0.01,77523.02,1777154366000
1777154368.648,268.648,0.44,0.45,0.52,0.53,0.01,0.01,77523.04,1777154367000
1777154369.02,269.02,0.38,0.39,0.61,0.62,0.01,0.01,77523.04,1777154367000
1777154369.365,269.365,0.38,0.39,0.61,0.62,0.01,0.01,77523.04,1777154367000
1777154369.963,269.963,0.39,0.4,0.6,0.61,0.01,0.01,77523.12,1777154368000
1777154370.355,270.355,0.38,0.5,0.56,0.64,0.12,0.08,77523.12,1777154369000
1777154370.715,270.715,0.39,0.4,0.5,0.62,0.01,0.12,77523.12,1777154369000
1777154371.132,271.132,0.43,0.44,0.57,0.61,0.01,0.04,77523.12,1777154369000
1777154371.482,271.482,0.43,0.44,0.56,0.57,0.01,0.01,77523.15,1777154370000
1777154371.865,271.865,0.45,0.46,0.55,0.57,0.01,0.02,77523.15,1777154370000
1777154372.376,272.376,0.45,0.46,0.54,0.55,0.01,0.01,77523.34,1777154371000
1777154372.883,272.883,0.45,0.46,0.54,0.55,0.01,0.01,77523.34,1777154371000
1777154373.468,273.468,0.42,0.43,0.56,0.57,0.01,0.01,77523.21,1777154372000
1777154373.889,273.889,0.38,0.4,0.59,0.6,0.02,0.01,77523.21,1777154372000
1777154374.274,274.274,0.36,0.37,0.63,0.64,0.01,0.01,77522.9,1777154373000
1777154374.727,274.727,0.35,0.36,0.63,0.64,0.01,0.01,77522.9,1777154373000
1777154375.344,275.344,0.35,0.36,0.64,0.65,0.01,0.01,77522.9,1777154373000
1777154375.855,275.855,0.35,0.36,0.64,0.65,0.01,0.01,77523.12,1777154374000
1777154376.273,276.273,0.35,0.36,0.64,0.65,0.01,0.01,77522.97,1777154375000
1777154376.62,276.62,0.42,0.5,0.58,0.6,0.08,0.02,77522.97,1777154375000
1777154377.075,277.075,0.44,0.45,0.55,0.56,0.01,0.01,77522.97,1777154375000
1777154377.467,277.467,0.43,0.44,0.56,0.57,0.01,0.01,77522.75,1777154376000
1777154377.837,277.837,0.43,0.44,0.56,0.57,0.01,0.01,77522.75,1777154376000
1777154378.274,278.274,0.42,0.43,0.57,0.58,0.01,0.01,77522.75,1777154376000
1777154378.899,278.899,0.43,0.44,0.56,0.57,0.01,0.01,77521.95,1777154378000
1777154379.259,279.259,0.43,0.44,0.56,0.57,0.01,0.01,77521.95,1777154378000
1777154379.613,279.613,0.42,0.43,0.57,0.58,0.01,0.01,77521.95,1777154378000
1777154380.022,280.022,0.41,0.43,0.57,0.58,0.02,0.01,77521.95,1777154378000
1777154380.366,280.366,0.4,0.41,0.59,0.6,0.01,0.01,77521.93,1777154379000
1777154380.74,280.74,0.4,0.41,0.59,0.6,0.01,0.01,77521.93,1777154379000
1777154381.077,281.077,0.41,0.42,0.58,0.59,0.01,0.01,77521.93,1777154379000
1777154381.411,281.411,0.42,0.43,0.57,0.59,0.01,0.02,77521.93,1777154379000
1777154381.781,281.781,0.42,0.43,0.57,0.58,0.01,0.01,77521.61,1777154380000
1777154382.145,282.145,0.41,0.42,0.58,0.59,0.01,0.01,77521.84,1777154381000
1777154382.623,282.623,0.41,0.42,0.57,0.58,0.01,0.01,77521.84,1777154381000
1777154383.183,283.183,0.4,0.42,0.56,0.58,0.02,0.02,77521.84,1777154381000
1777154383.645,283.645,0.43,0.44,0.5,0.6,0.01,0.1,77521.94,1777154382000
1777154384.109,284.109,0.43,0.44,0.56,0.57,0.01,0.01,77522.18,1777154383000
1777154384.459,284.459,0.42,0.44,0.56,0.58,0.02,0.02,77522.18,1777154383000
1777154384.812,284.812,0.46,0.47,0.53,0.55,0.01,0.02,77522.18,1777154383000
1777154385.295,285.295,0.48,0.49,0.51,0.52,0.01,0.01,77522.14,1777154384000
1777154385.684,285.684,0.4,0.47,0.53,0.54,0.07,0.01,77522.14,1777154384000
1777154386.028,286.028,0.44,0.47,0.56,0.57,0.03,0.01,77522.14,1777154384000
1777154386.387,286.387,0.46,0.48,0.53,0.54,0.02,0.01,77522.14,1777154385000
1777154386.738,286.738,0.47,0.49,0.5,0.53,0.02,0.03,77522.14,1777154385000
1777154387.073,287.073,0.46,0.47,0.53,0.54,0.01,0.01,77522.14,1777154385000
1777154387.425,287.425,0.46,0.47,0.53,0.54,0.01,0.01,77521.92,1777154386000
1777154387.899,287.899,0.4,0.43,0.51,0.6,0.03,0.09,77521.92,1777154386000
1777154388.243,288.243,0.41,0.42,0.58,0.6,0.01,0.02,77522.44,1777154387000
1777154388.615,288.615,0.43,0.45,0.52,0.59,0.02,0.07,77522.44,1777154387000
1777154389.029,289.029,0.45,0.46,0.53,0.55,0.01,0.02,77522.44,1777154387000
1777154389.398,289.398,0.43,0.44,0.54,0.6,0.01,0.06,77522.46,1777154388000
1777154389.817,289.817,0.41,0.42,0.58,0.59,0.01,0.01,77522.46,1777154388000
1777154390.294,290.294,0.41,0.43,0.58,0.59,0.02,0.01,77522.46,1777154388000
1777154390.673,290.673,0.41,0.42,0.58,0.59,0.01,0.01,77522.46,1777154389000
1777154391.044,291.044,0.42,0.45,0.58,0.6,0.03,0.02,77522.28,1777154390000
1777154391.415,291.415,0.29,0.9,0.58,0.72,0.61,0.14,77522.28,1777154390000
1777154391.764,291.764,0.33,0.34,0.66,0.67,0.01,0.01,77522.28,1777154390000
1777154392.113,292.113,0.46,0.48,0.52,0.55,0.02,0.03,77522.28,1777154390000
1777154392.453,292.453,0.55,0.56,0.44,0.46,0.01,0.02,77522.28,1777154391000
1777154392.847,292.847,0.64,0.65,0.32,0.45,0.01,0.13,77522.28,1777154391000
1777154393.2,293.2,0.8,0.82,0.17,0.9,0.02,0.73,77522.28,1777154391000
1777154393.548,293.548,0.08,0.28,0.71,0.73,0.2,0.02,77522.35,1777154392000
1777154393.897,293.897,0.31,0.69,0.48,0.69,0.38,0.21,77522.35,1777154392000
1777154394.278,294.278,0.43,0.44,0.55,0.73,0.01,0.18,77522.35,1777154392000
1777154394.615,294.615,0.07,0.32,0.92,0.93,0.25,0.01,77522.22,1777154393000
1777154394.956,294.956,0.13,0.14,0.85,0.88,0.01,0.03,77522.22,1777154393000
1777154395.313,295.313,0.13,0.14,0.86,0.87,0.01,0.01,77522.22,1777154394000
1777154395.647,295.647,0.67,0.9,0.1,0.33,0.23,0.23,77522.22,1777154394000
1777154395.993,295.993,0.98,0.99,0.01,0.02,0.01,0.01,77522.22,1777154394000
1777154396.334,296.334,0.98,0.99,0.01,0.02,0.01,0.01,77522.22,1777154394000
1777154396.854,296.854,0.99,0.99,0.01,0.01,0.0,0.0,77522.9,1777154395000
1777154397.241,297.241,0.6,0.99,0.01,0.01,0.39,0.0,77523.98,1777154396000
1777154397.58,297.58,0.99,0.95,0.05,0.01,-0.04,-0.04,77523.98,1777154396000
1777154397.927,297.927,0.99,0.95,0.05,0.01,-0.04,-0.04,77523.98,1777154396000
1777154398.336,298.336,0.99,0.95,0.05,0.01,-0.04,-0.04,77539.33,1777154397000
1777154398.711,298.711,0.99,0.95,0.05,0.01,-0.04,-0.04,77539.33,1777154397000
1777154399.059,299.059,0.99,0.95,0.05,0.01,-0.04,-0.04,77539.33,1777154397000
1777154399.869,299.869,0.99,0.95,0.05,0.01,-0.04,-0.04,77544.52,1777154398000
1777154400.212,300.212,0.99,0.95,0.05,0.01,-0.04,-0.04,77545.42,1777154399000
1777154400.63,300.63,0.99,0.95,0.05,0.01,-0.04,-0.04,77545.42,1777154399000

# RESULT,winner=Up,slug=btc-updown-5m-1777154100,ticks=635
