timestamp,elapsed_sec,up_bid,up_ask,down_bid,down_ask,up_spread,down_spread,btc_price,btc_oracle_ts
1775913000.781,0.781,0.54,0.56,0.45,0.46,0.02,0.01,72784.18,1775912999000
1775913001.157,1.157,0.54,0.56,0.44,0.46,0.02,0.02,72784.18,1775913000000
1775913001.509,1.509,0.54,0.55,0.45,0.46,0.01,0.01,72784.18,1775913000000
1775913001.846,1.846,0.54,0.55,0.45,0.46,0.01,0.01,72784.18,1775913000000
1775913002.208,2.208,0.53,0.55,0.45,0.46,0.02,0.01,72784.18,1775913000000
1775913002.545,2.545,0.53,0.54,0.46,0.47,0.01,0.01,72784.18,1775913001000
1775913003.021,3.021,0.52,0.53,0.47,0.48,0.01,0.01,72784.18,1775913001000
1775913004.08,4.08,0.52,0.53,0.47,0.48,0.01,0.01,72780.87,1775913003000
1775913004.511,4.511,0.52,0.53,0.47,0.48,0.01,0.01,72780.87,1775913003000
1775913004.845,4.845,0.51,0.53,0.47,0.49,0.02,0.02,72780.87,1775913003000
1775913005.195,5.195,0.48,0.53,0.47,0.52,0.05,0.05,72775.94,1775913004000
1775913005.53,5.53,0.5,0.51,0.49,0.52,0.01,0.03,72775.94,1775913004000
1775913005.864,5.864,0.49,0.52,0.48,0.5,0.03,0.02,72775.94,1775913004000
1775913006.209,6.209,0.5,0.51,0.49,0.5,0.01,0.01,72770.83,1775913005000
1775913006.721,6.721,0.47,0.48,0.52,0.53,0.01,0.01,72770.83,1775913005000
1775913007.063,7.063,0.47,0.48,0.52,0.53,0.01,0.01,72770.83,1775913005000
1775913007.4,7.4,0.47,0.48,0.52,0.53,0.01,0.01,72771.99,1775913006000
1775913007.844,7.844,0.47,0.48,0.52,0.53,0.01,0.01,72771.99,1775913006000
1775913008.241,8.241,0.43,0.45,0.54,0.57,0.02,0.03,72773.78,1775913007000
1775913008.584,8.584,0.44,0.45,0.55,0.57,0.01,0.02,72773.78,1775913007000
1775913008.933,8.933,0.43,0.44,0.56,0.57,0.01,0.01,72773.78,1775913007000
1775913009.287,9.287,0.42,0.43,0.56,0.57,0.01,0.01,72773.78,1775913007000
1775913009.816,9.816,0.41,0.42,0.58,0.59,0.01,0.01,72773.3,1775913008000
1775913010.26,10.26,0.41,0.42,0.58,0.59,0.01,0.01,72773.3,1775913008000
1775913010.625,10.625,0.4,0.41,0.58,0.6,0.01,0.02,72773.26,1775913009000
1775913011.351,11.351,0.4,0.41,0.59,0.6,0.01,0.01,72773.28,1775913010000
1775913011.732,11.732,0.4,0.41,0.59,0.6,0.01,0.01,72773.28,1775913010000
1775913012.245,12.245,0.39,0.42,0.58,0.61,0.03,0.03,72772.87,1775913011000
1775913012.794,12.794,0.41,0.42,0.58,0.59,0.01,0.01,72772.87,1775913011000
1775913013.178,13.178,0.35,0.36,0.63,0.65,0.01,0.02,72772.87,1775913011000
1775913013.639,13.639,0.35,0.36,0.64,0.65,0.01,0.01,72772.59,1775913012000
1775913013.977,13.977,0.35,0.36,0.64,0.65,0.01,0.01,72772.59,1775913012000
1775913014.35,14.35,0.35,0.36,0.64,0.65,0.01,0.01,72772.55,1775913013000
1775913014.694,14.694,0.34,0.35,0.65,0.66,0.01,0.01,72772.55,1775913013000
1775913015.128,15.128,0.34,0.35,0.65,0.66,0.01,0.01,72772.55,1775913013000
1775913015.48,15.48,0.33,0.34,0.66,0.67,0.01,0.01,72772.55,1775913013000
1775913015.857,15.857,0.33,0.34,0.66,0.67,0.01,0.01,72763.96,1775913014000
1775913016.314,16.314,0.32,0.33,0.66,0.68,0.01,0.02,72763.96,1775913014000
1775913016.653,16.653,0.32,0.34,0.66,0.68,0.02,0.02,72763.21,1775913015000
1775913017.015,17.015,0.33,0.35,0.65,0.67,0.02,0.02,72762.28,1775913016000
1775913017.444,17.444,0.37,0.38,0.62,0.63,0.01,0.01,72762.28,1775913016000
1775913017.943,17.943,0.37,0.38,0.62,0.63,0.01,0.01,72762.28,1775913016000
1775913019.053,19.053,0.37,0.38,0.62,0.63,0.01,0.01,72761.19,1775913017000
1775913020.264,20.264,0.37,0.38,0.62,0.63,0.01,0.01,72716.66,1775913019000
1775913021.31,21.31,0.37,0.38,0.62,0.63,0.01,0.01,72646.56,1775913020000
1775913021.78,21.78,0.37,0.38,0.62,0.63,0.01,0.01,72646.56,1775913020000
1775913022.117,22.117,0.29,0.32,0.68,0.71,0.03,0.03,72646.56,1775913020000
1775913022.472,22.472,0.27,0.32,0.68,0.73,0.05,0.05,72646.56,1775913020000
1775913022.805,22.805,0.23,0.27,0.73,0.77,0.04,0.04,72626.02,1775913021000
1775913023.177,23.177,0.17,0.3,0.7,0.83,0.13,0.13,72624.59,1775913022000
1775913023.531,23.531,0.22,0.36,0.64,0.78,0.14,0.14,72624.59,1775913022000
1775913023.891,23.891,0.14,0.16,0.84,0.86,0.02,0.02,72624.59,1775913022000
1775913024.227,24.227,0.12,0.2,0.8,0.88,0.08,0.08,72624.59,1775913022000
1775913024.567,24.567,0.13,0.22,0.74,0.87,0.09,0.13,72629.5,1775913023000
1775913024.906,24.906,0.26,0.28,0.66,0.72,0.02,0.06,72629.5,1775913023000
1775913025.254,25.254,0.18,0.19,0.81,0.82,0.01,0.01,72629.5,1775913023000
1775913025.593,25.593,0.18,0.19,0.81,0.82,0.01,0.01,72634.68,1775913024000
1775913025.963,25.963,0.18,0.19,0.81,0.82,0.01,0.01,72634.68,1775913024000
1775913026.297,26.297,0.16,0.18,0.82,0.84,0.02,0.02,72634.68,1775913024000
1775913026.663,26.663,0.17,0.18,0.82,0.83,0.01,0.01,72656.6,1775913025000
1775913027.013,27.013,0.18,0.19,0.81,0.83,0.01,0.02,72656.6,1775913025000
1775913027.362,27.362,0.17,0.19,0.81,0.82,0.02,0.01,72656.6,1775913025000
1775913027.76,27.76,0.18,0.19,0.81,0.82,0.01,0.01,72671.7,1775913026000
1775913028.101,28.101,0.2,0.21,0.79,0.8,0.01,0.01,72671.7,1775913026000
1775913028.497,28.497,0.21,0.22,0.78,0.79,0.01,0.01,72674.03,1775913027000
1775913028.869,28.869,0.16,0.2,0.79,0.83,0.04,0.04,72674.03,1775913027000
1775913029.24,29.24,0.16,0.17,0.83,0.84,0.01,0.01,72674.03,1775913027000
1775913029.716,29.716,0.16,0.17,0.83,0.84,0.01,0.01,72674.59,1775913028000
1775913030.056,30.056,0.15,0.16,0.84,0.85,0.01,0.01,72674.59,1775913028000
1775913030.397,30.397,0.15,0.16,0.84,0.85,0.01,0.01,72674.59,1775913028000
1775913030.756,30.756,0.15,0.16,0.84,0.85,0.01,0.01,72678.1,1775913029000
1775913031.136,31.136,0.15,0.18,0.82,0.85,0.03,0.03,72677.6,1775913030000
1775913031.537,31.537,0.16,0.17,0.83,0.84,0.01,0.01,72677.6,1775913030000
1775913031.978,31.978,0.16,0.17,0.83,0.84,0.01,0.01,72677.6,1775913030000
1775913032.408,32.408,0.16,0.17,0.83,0.84,0.01,0.01,72677.6,1775913030000
1775913032.787,32.787,0.16,0.17,0.83,0.84,0.01,0.01,72674.14,1775913031000
1775913033.381,33.381,0.15,0.16,0.82,0.85,0.01,0.03,72674.14,1775913031000
1775913033.74,33.74,0.15,0.16,0.84,0.85,0.01,0.01,72674.14,1775913031000
1775913034.12,34.12,0.14,0.15,0.84,0.87,0.01,0.03,72670.63,1775913032000
1775913034.471,34.471,0.13,0.14,0.86,0.87,0.01,0.01,72670.63,1775913032000
1775913035.091,35.091,0.14,0.15,0.85,0.86,0.01,0.01,72670.63,1775913032000
1775913035.432,35.432,0.14,0.15,0.85,0.86,0.01,0.01,72671.89,1775913033000
1775913035.786,35.786,0.14,0.15,0.85,0.86,0.01,0.01,72669.25,1775913034000
1775913036.195,36.195,0.14,0.15,0.85,0.86,0.01,0.01,72669.25,1775913034000
1775913036.644,36.644,0.14,0.15,0.85,0.86,0.01,0.01,72669.25,1775913034000
1775913036.987,36.987,0.14,0.15,0.85,0.86,0.01,0.01,72669.25,1775913034000
1775913037.341,37.341,0.13,0.15,0.86,0.87,0.02,0.01,72669.25,1775913034000
1775913037.701,37.701,0.13,0.14,0.86,0.87,0.01,0.01,72665.48,1775913035000
1775913038.146,38.146,0.16,0.17,0.83,0.84,0.01,0.01,72667.69,1775913036000
1775913038.506,38.506,0.13,0.14,0.86,0.87,0.01,0.01,72667.69,1775913036000
1775913038.851,38.851,0.13,0.14,0.86,0.87,0.01,0.01,72667.69,1775913036000
1775913039.235,39.235,0.13,0.14,0.86,0.87,0.01,0.01,72667.69,1775913036000
1775913039.623,39.623,0.13,0.14,0.86,0.87,0.01,0.01,72669.11,1775913037000
1775913039.967,39.967,0.13,0.14,0.86,0.87,0.01,0.01,72669.11,1775913037000
1775913040.38,40.38,0.14,0.15,0.85,0.86,0.01,0.01,72669.12,1775913038000
1775913040.758,40.758,0.11,0.15,0.8,0.9,0.04,0.1,72669.12,1775913038000
1775913041.105,41.105,0.15,0.18,0.83,0.85,0.03,0.02,72669.12,1775913038000
1775913041.545,41.545,0.14,0.15,0.85,0.86,0.01,0.01,72671.96,1775913039000
1775913042.07,42.07,0.14,0.15,0.85,0.86,0.01,0.01,72671.96,1775913039000
1775913042.506,42.506,0.15,0.16,0.84,0.85,0.01,0.01,72675.57,1775913040000
1775913042.932,42.932,0.13,0.14,0.79,0.87,0.01,0.08,72675.57,1775913040000
1775913043.518,43.518,0.14,0.15,0.85,0.86,0.01,0.01,72675.57,1775913040000
1775913043.946,43.946,0.15,0.16,0.84,0.85,0.01,0.01,72676.49,1775913041000
1775913044.311,44.311,0.12,0.13,0.87,0.88,0.01,0.01,72676.49,1775913041000
1775913044.708,44.708,0.11,0.12,0.87,0.9,0.01,0.03,72676.49,1775913041000
1775913045.086,45.086,0.11,0.14,0.88,0.89,0.03,0.01,72676.49,1775913041000
1775913045.43,45.43,0.1,0.11,0.89,0.91,0.01,0.02,72676.49,1775913041000
1775913045.814,45.814,0.1,0.11,0.89,0.9,0.01,0.01,72675.77,1775913043000
1775913046.167,46.167,0.1,0.11,0.89,0.9,0.01,0.01,72675.77,1775913043000
1775913046.531,46.531,0.09,0.1,0.9,0.91,0.01,0.01,72675.77,1775913043000
1775913046.893,46.893,0.09,0.1,0.9,0.91,0.01,0.01,72667.72,1775913045000
1775913047.25,47.25,0.07,0.08,0.9,0.93,0.01,0.03,72667.72,1775913045000
1775913047.606,47.606,0.07,0.08,0.92,0.93,0.01,0.01,72667.72,1775913045000
1775913047.977,47.977,0.07,0.08,0.92,0.93,0.01,0.01,72659.22,1775913046000
1775913048.339,48.339,0.05,0.06,0.94,0.95,0.01,0.01,72659.22,1775913046000
1775913049.031,49.031,0.05,0.9,0.94,0.95,0.85,0.01,72651.19,1775913047000
1775913049.372,49.372,0.08,0.09,0.91,0.92,0.01,0.01,72645.85,1775913048000
1775913049.729,49.729,0.1,0.11,0.89,0.9,0.01,0.01,72645.85,1775913048000
1775913050.075,50.075,0.09,0.11,0.89,0.91,0.02,0.02,72645.85,1775913048000
1775913050.451,50.451,0.1,0.11,0.89,0.91,0.01,0.02,72622.87,1775913049000
1775913050.803,50.803,0.08,0.1,0.9,0.91,0.02,0.01,72622.87,1775913049000
1775913051.146,51.146,0.09,0.1,0.9,0.91,0.01,0.01,72621.54,1775913050000
1775913051.586,51.586,0.09,0.1,0.9,0.92,0.01,0.02,72621.54,1775913050000
1775913051.941,51.941,0.09,0.1,0.9,0.91,0.01,0.01,72621.54,1775913050000
1775913052.336,52.336,0.09,0.1,0.9,0.91,0.01,0.01,72619.28,1775913051000
1775913052.805,52.805,0.09,0.1,0.9,0.91,0.01,0.01,72619.28,1775913051000
1775913053.208,53.208,0.09,0.1,0.9,0.91,0.01,0.01,72619.28,1775913051000
1775913053.573,53.573,0.09,0.1,0.9,0.93,0.01,0.03,72619.28,1775913051000
1775913053.918,53.918,0.07,0.08,0.92,0.93,0.01,0.01,72619.28,1775913051000
1775913054.411,54.411,0.07,0.08,0.92,0.93,0.01,0.01,72618.84,1775913052000
1775913054.753,54.753,0.07,0.08,0.92,0.93,0.01,0.01,72618.64,1775913053000
1775913055.159,55.159,0.07,0.08,0.92,0.93,0.01,0.01,72618.64,1775913053000
1775913055.515,55.515,0.07,0.08,0.92,0.93,0.01,0.01,72618.53,1775913054000
1775913055.869,55.869,0.07,0.08,0.92,0.93,0.01,0.01,72618.53,1775913054000
1775913056.255,56.255,0.08,0.09,0.91,0.92,0.01,0.01,72618.53,1775913054000
1775913056.658,56.658,0.08,0.09,0.91,0.92,0.01,0.01,72615.01,1775913055000
1775913057.033,57.033,0.07,0.09,0.91,0.92,0.02,0.01,72615.01,1775913055000
1775913057.484,57.484,0.07,0.08,0.92,0.93,0.01,0.01,72613.78,1775913056000
1775913057.943,57.943,0.07,0.08,0.92,0.93,0.01,0.01,72613.78,1775913056000
1775913058.302,58.302,0.06,0.08,0.02,0.93,0.02,0.91,72613.78,1775913056000
1775913058.637,58.637,0.06,0.07,0.93,0.94,0.01,0.01,72605.79,1775913057000
1775913059.051,59.051,0.07,0.08,0.92,0.93,0.01,0.01,72605.79,1775913057000
1775913059.417,59.417,0.07,0.08,0.92,0.93,0.01,0.01,72605.79,1775913057000
1775913059.762,59.762,0.11,0.12,0.88,0.9,0.01,0.02,72606.11,1775913058000
1775913060.102,60.102,0.11,0.12,0.88,0.89,0.01,0.01,72606.11,1775913058000
1775913060.444,60.444,0.1,0.11,0.89,0.9,0.01,0.01,72606.11,1775913058000
1775913060.801,60.801,0.09,0.1,0.9,0.91,0.01,0.01,72606.11,1775913058000
1775913061.183,61.183,0.07,0.08,0.92,0.93,0.01,0.01,72606.11,1775913058000
1775913061.529,61.529,0.07,0.08,0.91,0.93,0.01,0.02,72606.13,1775913060000
1775913061.948,61.948,0.06,0.08,0.92,0.93,0.02,0.01,72606.13,1775913060000
1775913062.288,62.288,0.06,0.07,0.93,0.94,0.01,0.01,72606.13,1775913060000
1775913062.676,62.676,0.05,0.06,0.94,0.95,0.01,0.01,72606.13,1775913060000
1775913063.058,63.058,0.06,0.07,0.93,0.94,0.01,0.01,72605.71,1775913061000
1775913063.424,63.424,0.06,0.07,0.93,0.94,0.01,0.01,72605.71,1775913061000
1775913063.767,63.767,0.05,0.06,0.93,0.95,0.01,0.02,72605.71,1775913061000
1775913064.122,64.122,0.05,0.07,0.94,0.95,0.02,0.01,72605.71,1775913061000
1775913064.47,64.47,0.06,0.08,0.93,0.94,0.02,0.01,72603.76,1775913062000
1775913064.886,64.886,0.07,0.08,0.92,0.93,0.01,0.01,72603.76,1775913062000
1775913065.247,65.247,0.07,0.08,0.92,0.93,0.01,0.01,72600.44,1775913063000
1775913065.708,65.708,0.06,0.07,0.93,0.94,0.01,0.01,72600.44,1775913063000
1775913066.064,66.064,0.06,0.07,0.93,0.94,0.01,0.01,72598.53,1775913064000
1775913066.42,66.42,0.06,0.07,0.93,0.94,0.01,0.01,72598.53,1775913064000
1775913066.77,66.77,0.06,0.07,0.93,0.94,0.01,0.01,72600.46,1775913065000
1775913067.108,67.108,0.05,0.06,0.94,0.95,0.01,0.01,72600.46,1775913065000
1775913067.502,67.502,0.05,0.06,0.94,0.95,0.01,0.01,72603.25,1775913066000
1775913067.882,67.882,0.05,0.06,0.94,0.95,0.01,0.01,72603.25,1775913066000
1775913068.231,68.231,0.05,0.06,0.94,0.95,0.01,0.01,72603.25,1775913066000
1775913068.586,68.586,0.05,0.06,0.94,0.95,0.01,0.01,72603.25,1775913066000
1775913068.978,68.978,0.05,0.06,0.94,0.95,0.01,0.01,72599.17,1775913067000
1775913069.447,69.447,0.06,0.07,0.93,0.95,0.01,0.02,72599.17,1775913067000
1775913069.792,69.792,0.05,0.07,0.93,0.94,0.02,0.01,72586.45,1775913068000
1775913070.153,70.153,0.04,0.05,0.95,0.96,0.01,0.01,72586.45,1775913068000
1775913070.521,70.521,0.04,0.05,0.95,0.96,0.01,0.01,72570.65,1775913069000
1775913070.987,70.987,0.04,0.99,0.95,0.96,0.95,0.01,72570.65,1775913069000
1775913071.343,71.343,0.05,0.06,0.94,0.95,0.01,0.01,72570.65,1775913069000
1775913071.802,71.802,0.07,0.08,0.92,0.93,0.01,0.01,72570.65,1775913069000
1775913072.141,72.141,0.05,0.09,0.91,0.92,0.04,0.01,72572.04,1775913070000
1775913072.482,72.482,0.06,0.08,0.92,0.94,0.02,0.02,72569.73,1775913071000
1775913072.815,72.815,0.06,0.07,0.93,0.94,0.01,0.01,72569.73,1775913071000
1775913073.172,73.172,0.05,0.06,0.94,0.95,0.01,0.01,72567.59,1775913072000
1775913073.545,73.545,0.04,0.06,0.94,0.95,0.02,0.01,72567.59,1775913072000
1775913073.984,73.984,0.04,0.05,0.95,0.96,0.01,0.01,72567.59,1775913072000
1775913074.338,74.338,0.04,0.05,0.95,0.96,0.01,0.01,72567.59,1775913072000
1775913074.759,74.759,0.04,0.05,0.95,0.97,0.01,0.02,72567.73,1775913073000
1775913075.205,75.205,0.06,0.07,0.93,0.94,0.01,0.01,72567.73,1775913073000
1775913075.543,75.543,0.06,0.07,0.93,0.94,0.01,0.01,72566.28,1775913074000
1775913075.877,75.877,0.05,0.07,0.93,0.95,0.02,0.02,72566.28,1775913074000
1775913076.24,76.24,0.05,0.06,0.94,0.96,0.01,0.02,72566.28,1775913074000
1775913076.58,76.58,0.05,0.06,0.94,0.95,0.01,0.01,72566.28,1775913074000
1775913076.981,76.981,0.05,0.06,0.94,0.97,0.01,0.03,72566.28,1775913074000
1775913077.356,77.356,0.04,0.05,0.94,0.95,0.01,0.01,72555.8,1775913075000
1775913077.731,77.731,0.04,0.05,0.95,0.96,0.01,0.01,72562.97,1775913076000
1775913078.254,78.254,0.05,0.06,0.94,0.95,0.01,0.01,72564.77,1775913077000
1775913078.847,78.847,0.05,0.06,0.94,0.95,0.01,0.01,72564.77,1775913077000
1775913079.385,79.385,0.04,0.05,0.95,0.96,0.01,0.01,72564.77,1775913077000
1775913079.851,79.851,0.04,0.05,0.95,0.96,0.01,0.01,72566.72,1775913078000
1775913080.371,80.371,0.04,0.05,0.95,0.96,0.01,0.01,72566.72,1775913078000
1775913080.707,80.707,0.05,0.06,0.94,0.96,0.01,0.02,72566.17,1775913079000
1775913081.16,81.16,0.05,0.06,0.94,0.95,0.01,0.01,72565.96,1775913080000
1775913081.838,81.838,0.05,0.06,0.94,0.95,0.01,0.01,72565.96,1775913080000
1775913082.185,82.185,0.05,0.06,0.94,0.95,0.01,0.01,72565.89,1775913081000
1775913082.705,82.705,0.05,0.06,0.94,0.95,0.01,0.01,72565.89,1775913081000
1775913083.135,83.135,0.05,0.06,0.94,0.95,0.01,0.01,72565.89,1775913081000
1775913083.502,83.502,0.05,0.06,0.94,0.95,0.01,0.01,72575.15,1775913082000
1775913083.931,83.931,0.05,0.06,0.94,0.95,0.01,0.01,72575.15,1775913082000
1775913084.308,84.308,0.05,0.06,0.94,0.95,0.01,0.01,72575.15,1775913082000
1775913084.651,84.651,0.06,0.07,0.93,0.94,0.01,0.01,72578.44,1775913083000
1775913085.013,85.013,0.06,0.07,0.93,0.94,0.01,0.01,72578.44,1775913083000
1775913085.447,85.447,0.05,0.07,0.93,0.94,0.02,0.01,72580.97,1775913084000
1775913085.797,85.797,0.05,0.06,0.93,0.95,0.01,0.02,72580.97,1775913084000
1775913086.169,86.169,0.05,0.06,0.94,0.95,0.01,0.01,72581.79,1775913085000
1775913086.516,86.516,0.05,0.06,0.94,0.95,0.01,0.01,72581.79,1775913085000
1775913086.904,86.904,0.05,0.06,0.94,0.95,0.01,0.01,72581.79,1775913085000
1775913087.252,87.252,0.05,0.06,0.94,0.95,0.01,0.01,72587.46,1775913086000
1775913087.896,87.896,0.05,0.06,0.94,0.95,0.01,0.01,72587.46,1775913086000
1775913088.308,88.308,0.05,0.06,0.94,0.95,0.01,0.01,72589.46,1775913087000
1775913088.901,88.901,0.05,0.06,0.94,0.95,0.01,0.01,72589.46,1775913087000
1775913089.374,89.374,0.08,0.09,0.91,0.92,0.01,0.01,72589.17,1775913088000
1775913089.894,89.894,0.08,0.09,0.91,0.93,0.01,0.02,72589.17,1775913088000
1775913090.348,90.348,0.08,0.09,0.91,0.92,0.01,0.01,72589.03,1775913089000
1775913090.688,90.688,0.07,0.08,0.92,0.93,0.01,0.01,72589.03,1775913089000
1775913091.042,91.042,0.07,0.08,0.92,0.93,0.01,0.01,72594.98,1775913090000
1775913091.489,91.489,0.07,0.08,0.92,0.93,0.01,0.01,72594.98,1775913090000
1775913091.834,91.834,0.06,0.08,0.92,0.93,0.02,0.01,72594.98,1775913090000
1775913092.35,92.35,0.06,0.07,0.93,0.94,0.01,0.01,72600.91,1775913091000
1775913092.724,92.724,0.05,0.06,0.94,0.95,0.01,0.01,72600.91,1775913091000
1775913093.176,93.176,0.05,0.06,0.94,0.95,0.01,0.01,72600.91,1775913091000
1775913093.523,93.523,0.05,0.06,0.93,0.95,0.01,0.02,72604.06,1775913092000
1775913093.923,93.923,0.05,0.06,0.94,0.95,0.01,0.01,72604.06,1775913092000
1775913094.528,94.528,0.05,0.06,0.94,0.95,0.01,0.01,72603.05,1775913093000
1775913094.968,94.968,0.05,0.06,0.94,0.95,0.01,0.01,72603.05,1775913093000
1775913095.591,95.591,0.05,0.07,0.93,0.95,0.02,0.02,72603.06,1775913094000
1775913095.953,95.953,0.06,0.07,0.93,0.94,0.01,0.01,72603.19,1775913095000
1775913096.343,96.343,0.05,0.06,0.93,0.95,0.01,0.02,72603.19,1775913095000
1775913096.804,96.804,0.05,0.06,0.94,0.95,0.01,0.01,72603.12,1775913096000
1775913097.518,97.518,0.05,0.06,0.94,0.95,0.01,0.01,72603.12,1775913096000
1775913097.961,97.961,0.05,0.06,0.94,0.95,0.01,0.01,72603.12,1775913096000
1775913098.3,98.3,0.08,0.09,0.91,0.92,0.01,0.01,72603.12,1775913097000
1775913099.087,99.087,0.06,0.07,0.92,0.94,0.01,0.02,72603.12,1775913097000
1775913099.463,99.463,0.06,0.07,0.93,0.94,0.01,0.01,72603.61,1775913098000
1775913099.813,99.813,0.06,0.07,0.93,0.94,0.01,0.01,72603.61,1775913098000
1775913100.235,100.235,0.06,0.07,0.93,0.94,0.01,0.01,72608.76,1775913099000
1775913100.644,100.644,0.06,0.07,0.93,0.94,0.01,0.01,72608.76,1775913099000
1775913101.037,101.037,0.05,0.06,0.94,0.95,0.01,0.01,72608.76,1775913099000
1775913101.503,101.503,0.05,0.06,0.94,0.95,0.01,0.01,72616.43,1775913100000
1775913101.873,101.873,0.05,0.06,0.94,0.95,0.01,0.01,72616.43,1775913100000
1775913102.474,102.474,0.05,0.06,0.94,0.95,0.01,0.01,72617.65,1775913101000
1775913102.886,102.886,0.05,0.06,0.94,0.95,0.01,0.01,72617.22,1775913102000
1775913103.505,103.505,0.05,0.06,0.94,0.95,0.01,0.01,72617.22,1775913102000
1775913103.906,103.906,0.05,0.06,0.94,0.95,0.01,0.01,72616.89,1775913103000
1775913104.357,104.357,0.05,0.06,0.94,0.95,0.01,0.01,72616.89,1775913103000
1775913104.982,104.982,0.05,0.06,0.94,0.95,0.01,0.01,72616.89,1775913103000
1775913105.375,105.375,0.04,0.06,0.94,0.95,0.02,0.01,72615.57,1775913104000
1775913105.74,105.74,0.04,0.05,0.95,0.96,0.01,0.01,72615.57,1775913104000
1775913106.153,106.153,0.04,0.05,0.95,0.96,0.01,0.01,72615.57,1775913104000
1775913106.503,106.503,0.04,0.05,0.95,0.96,0.01,0.01,72615.85,1775913105000
1775913107.098,107.098,0.04,0.05,0.95,0.96,0.01,0.01,72610.86,1775913106000
1775913107.553,107.553,0.04,0.05,0.95,0.96,0.01,0.01,72610.86,1775913106000
1775913108.035,108.035,0.04,0.05,0.95,0.96,0.01,0.01,72610.86,1775913106000
1775913108.57,108.57,0.04,0.05,0.95,0.96,0.01,0.01,72605.08,1775913107000
1775913109.071,109.071,0.04,0.05,0.95,0.96,0.01,0.01,72602.06,1775913108000
1775913109.56,109.56,0.04,0.05,0.95,0.96,0.01,0.01,72602.06,1775913108000
1775913110.059,110.059,0.04,0.05,0.95,0.96,0.01,0.01,72602.06,1775913108000
1775913110.445,110.445,0.04,0.05,0.95,0.96,0.01,0.01,72599.58,1775913109000
1775913110.907,110.907,0.04,0.05,0.95,0.96,0.01,0.01,72599.58,1775913109000
1775913111.49,111.49,0.04,0.05,0.95,0.96,0.01,0.01,72598.64,1775913110000
1775913111.868,111.868,0.04,0.05,0.95,0.96,0.01,0.01,72598.64,1775913110000
1775913112.34,112.34,0.04,0.05,0.95,0.96,0.01,0.01,72599.25,1775913111000
1775913112.798,112.798,0.03,0.04,0.95,0.97,0.01,0.02,72599.25,1775913111000
1775913113.248,113.248,0.03,0.04,0.96,0.97,0.01,0.01,72600.25,1775913112000
1775913113.592,113.592,0.04,0.05,0.95,0.96,0.01,0.01,72600.25,1775913112000
1775913114.042,114.042,0.04,0.05,0.95,0.96,0.01,0.01,72601.23,1775913113000
1775913114.387,114.387,0.04,0.05,0.95,0.96,0.01,0.01,72601.23,1775913113000
1775913114.799,114.799,0.05,0.06,0.94,0.96,0.01,0.02,72601.23,1775913113000
1775913115.186,115.186,0.04,0.05,0.94,0.95,0.01,0.01,72602.71,1775913114000
1775913115.595,115.595,0.04,0.05,0.95,0.96,0.01,0.01,72602.71,1775913114000
1775913115.966,115.966,0.04,0.05,0.95,0.96,0.01,0.01,72602.71,1775913114000
1775913116.332,116.332,0.04,0.05,0.95,0.96,0.01,0.01,72605.78,1775913115000
1775913116.666,116.666,0.04,0.06,0.95,0.96,0.02,0.01,72605.78,1775913115000
1775913117.092,117.092,0.04,0.05,0.95,0.96,0.01,0.01,72607.77,1775913116000
1775913117.478,117.478,0.05,0.06,0.94,0.95,0.01,0.01,72607.77,1775913116000
1775913117.859,117.859,0.05,0.06,0.94,0.95,0.01,0.01,72607.77,1775913116000
1775913118.637,118.637,0.05,0.06,0.94,0.95,0.01,0.01,72610.75,1775913117000
1775913119.044,119.044,0.05,0.06,0.94,0.95,0.01,0.01,72611.09,1775913118000
1775913119.638,119.638,0.05,0.06,0.94,0.97,0.01,0.03,72611.09,1775913118000
1775913120.267,120.267,0.05,0.06,0.94,0.95,0.01,0.01,72611.09,1775913118000
1775913120.637,120.637,0.03,0.04,0.96,0.97,0.01,0.01,72611.09,1775913118000
1775913121.0,121.0,0.03,0.04,0.96,0.97,0.01,0.01,72613.28,1775913119000
1775913121.402,121.402,0.03,0.04,0.96,0.97,0.01,0.01,72613.28,1775913119000
1775913121.896,121.896,0.03,0.04,0.96,0.97,0.01,0.01,72614.38,1775913120000
1775913122.38,122.38,0.02,0.03,0.97,0.98,0.01,0.01,72614.38,1775913120000
1775913122.744,122.744,0.02,0.03,0.97,0.98,0.01,0.01,72612.66,1775913121000
1775913123.154,123.154,0.04,0.05,0.96,0.97,0.01,0.01,72612.66,1775913121000
1775913123.487,123.487,0.03,0.04,0.96,0.97,0.01,0.01,72610.48,1775913122000
1775913123.945,123.945,0.02,0.04,0.97,0.98,0.02,0.01,72610.48,1775913122000
1775913124.278,124.278,0.02,0.03,0.97,0.98,0.01,0.01,72610.48,1775913122000
1775913124.682,124.682,0.02,0.03,0.97,0.98,0.01,0.01,72605.6,1775913123000
1775913125.056,125.056,0.02,0.03,0.97,0.98,0.01,0.01,72605.6,1775913123000
1775913125.671,125.671,0.02,0.03,0.97,0.98,0.01,0.01,72608.99,1775913124000
1775913126.032,126.032,0.02,0.03,0.97,0.98,0.01,0.01,72608.99,1775913124000
1775913126.388,126.388,0.02,0.03,0.97,0.98,0.01,0.01,72608.99,1775913125000
1775913127.053,127.053,0.02,0.03,0.97,0.98,0.01,0.01,72608.99,1775913125000
1775913127.49,127.49,0.02,0.03,0.97,0.98,0.01,0.01,72608.99,1775913125000
1775913127.848,127.848,0.02,0.03,0.97,0.98,0.01,0.01,72604.39,1775913126000
1775913128.294,128.294,0.02,0.03,0.97,0.98,0.01,0.01,72604.39,1775913126000
1775913128.659,128.659,0.03,0.04,0.96,0.97,0.01,0.01,72604.4,1775913127000
1775913128.999,128.999,0.04,0.05,0.95,0.96,0.01,0.01,72604.4,1775913127000
1775913129.343,129.343,0.04,0.05,0.95,0.96,0.01,0.01,72605.28,1775913128000
1775913129.678,129.678,0.04,0.05,0.95,0.96,0.01,0.01,72605.28,1775913128000
1775913130.052,130.052,0.04,0.05,0.95,0.96,0.01,0.01,72605.28,1775913128000
1775913130.39,130.39,0.04,0.05,0.95,0.96,0.01,0.01,72605.28,1775913128000
1775913130.772,130.772,0.04,0.06,0.94,0.95,0.02,0.01,72627.51,1775913129000
1775913131.137,131.137,0.04,0.05,0.95,0.97,0.01,0.02,72627.51,1775913129000
1775913131.507,131.507,0.06,0.07,0.93,0.94,0.01,0.01,72627.51,1775913129000
1775913131.848,131.848,0.06,0.07,0.93,0.94,0.01,0.01,72641.03,1775913130000
1775913132.208,132.208,0.03,0.04,0.96,0.97,0.01,0.01,72641.03,1775913130000
1775913132.55,132.55,0.04,0.05,0.95,0.96,0.01,0.01,72643.37,1775913131000
1775913132.895,132.895,0.04,0.05,0.95,0.96,0.01,0.01,72643.37,1775913131000
1775913133.24,133.24,0.04,0.05,0.95,0.96,0.01,0.01,72643.37,1775913131000
1775913133.597,133.597,0.04,0.05,0.95,0.96,0.01,0.01,72643.37,1775913131000
1775913133.938,133.938,0.03,0.04,0.95,0.97,0.01,0.02,72643.37,1775913131000
1775913134.285,134.285,0.03,0.04,0.96,0.97,0.01,0.01,72642.45,1775913132000
1775913134.657,134.657,0.03,0.04,0.96,0.97,0.01,0.01,72642.45,1775913132000
1775913135.004,135.004,0.03,0.04,0.96,0.97,0.01,0.01,72634.98,1775913133000
1775913135.36,135.36,0.03,0.04,0.96,0.97,0.01,0.01,72634.98,1775913133000
1775913135.704,135.704,0.03,0.04,0.96,0.97,0.01,0.01,72634.98,1775913133000
1775913136.048,136.048,0.03,0.04,0.96,0.97,0.01,0.01,72630.37,1775913134000
1775913136.384,136.384,0.03,0.04,0.96,0.97,0.01,0.01,72630.37,1775913134000
1775913136.735,136.735,0.03,0.04,0.96,0.97,0.01,0.01,72629.91,1775913135000
1775913137.136,137.136,0.03,0.04,0.96,0.97,0.01,0.01,72629.91,1775913135000
1775913137.509,137.509,0.03,0.04,0.96,0.97,0.01,0.01,72629.2,1775913136000
1775913137.851,137.851,0.03,0.04,0.96,0.97,0.01,0.01,72629.2,1775913136000
1775913138.189,138.189,0.03,0.04,0.96,0.97,0.01,0.01,72629.2,1775913136000
1775913138.534,138.534,0.03,0.04,0.96,0.97,0.01,0.01,72620.66,1775913137000
1775913138.869,138.869,0.02,0.03,0.97,0.98,0.01,0.01,72620.66,1775913137000
1775913139.223,139.223,0.02,0.03,0.97,0.98,0.01,0.01,72620.66,1775913138000
1775913139.726,139.726,0.02,0.03,0.97,0.98,0.01,0.01,72620.66,1775913138000
1775913140.255,140.255,0.02,0.03,0.97,0.98,0.01,0.01,72620.66,1775913138000
1775913140.666,140.666,0.02,0.03,0.97,0.98,0.01,0.01,72621.18,1775913139000
1775913141.009,141.009,0.02,0.03,0.97,0.98,0.01,0.01,72621.18,1775913139000
1775913141.437,141.437,0.02,0.03,0.97,0.98,0.01,0.01,72620.95,1775913140000
1775913141.777,141.777,0.02,0.03,0.97,0.98,0.01,0.01,72620.95,1775913140000
1775913142.123,142.123,0.02,0.03,0.97,0.98,0.01,0.01,72620.48,1775913141000
1775913142.471,142.471,0.02,0.03,0.97,0.98,0.01,0.01,72620.48,1775913141000
1775913143.143,143.143,0.02,0.03,0.97,0.98,0.01,0.01,72620.48,1775913141000
1775913143.528,143.528,0.02,0.03,0.97,0.98,0.01,0.01,72622.65,1775913142000
1775913144.08,144.08,0.02,0.03,0.97,0.98,0.01,0.01,72622.65,1775913142000
1775913144.808,144.808,0.02,0.03,0.97,0.98,0.01,0.01,72622.69,1775913143000
1775913145.215,145.215,0.02,0.03,0.97,0.98,0.01,0.01,72623.75,1775913144000
1775913145.797,145.797,0.02,0.03,0.97,0.98,0.01,0.01,72623.75,1775913144000
1775913146.193,146.193,0.02,0.03,0.97,0.98,0.01,0.01,72623.75,1775913144000
1775913146.679,146.679,0.02,0.03,0.97,0.98,0.01,0.01,72623.74,1775913145000
1775913147.016,147.016,0.02,0.03,0.97,0.98,0.01,0.01,72623.74,1775913146000
1775913147.426,147.426,0.02,0.03,0.97,0.98,0.01,0.01,72623.74,1775913146000
1775913147.827,147.827,0.02,0.03,0.97,0.98,0.01,0.01,72623.74,1775913146000
1775913148.336,148.336,0.02,0.03,0.97,0.98,0.01,0.01,72620.22,1775913147000
1775913148.843,148.843,0.02,0.03,0.97,0.98,0.01,0.01,72620.22,1775913147000
1775913149.334,149.334,0.02,0.03,0.97,0.98,0.01,0.01,72620.22,1775913147000
1775913149.831,149.831,0.02,0.03,0.97,0.98,0.01,0.01,72618.93,1775913148000
1775913150.347,150.347,0.02,0.03,0.96,0.98,0.01,0.02,72618.82,1775913149000
1775913150.68,150.68,0.02,0.04,0.96,0.98,0.02,0.02,72618.82,1775913149000
1775913151.03,151.03,0.03,0.04,0.97,0.98,0.01,0.01,72618.82,1775913149000
1775913151.419,151.419,0.03,0.04,0.96,0.97,0.01,0.01,72618.66,1775913150000
1775913151.759,151.759,0.03,0.04,0.96,0.97,0.01,0.01,72618.66,1775913150000
1775913152.235,152.235,0.03,0.04,0.96,0.97,0.01,0.01,72618.66,1775913150000
1775913152.8,152.8,0.03,0.04,0.96,0.97,0.01,0.01,72618.66,1775913151000
1775913153.18,153.18,0.03,0.04,0.96,0.97,0.01,0.01,72619.13,1775913152000
1775913153.622,153.622,0.03,0.04,0.96,0.97,0.01,0.01,72619.13,1775913152000
1775913154.244,154.244,0.03,0.04,0.96,0.97,0.01,0.01,72619.6,1775913153000
1775913155.382,155.382,0.01,0.04,0.96,0.97,0.03,0.01,72619.6,1775913153000
1775913156.023,156.023,0.01,0.02,0.98,0.99,0.01,0.01,72622.99,1775913155000
1775913156.617,156.617,0.01,0.02,0.98,0.99,0.01,0.01,72622.99,1775913155000
1775913157.179,157.179,0.01,0.02,0.98,0.99,0.01,0.01,72623.98,1775913156000
1775913157.797,157.797,0.02,0.03,0.98,0.99,0.01,0.01,72623.98,1775913156000
1775913158.147,158.147,0.02,0.03,0.97,0.98,0.01,0.01,72624.04,1775913157000
1775913158.481,158.481,0.01,0.02,0.98,0.99,0.01,0.01,72624.04,1775913157000
1775913159.121,159.121,0.01,0.02,0.98,0.99,0.01,0.01,72624.04,1775913157000
1775913159.456,159.456,0.01,0.02,0.98,0.99,0.01,0.01,72625.95,1775913158000
1775913159.802,159.802,0.01,0.03,0.98,0.99,0.02,0.01,72625.95,1775913158000
1775913160.36,160.36,0.02,0.03,0.97,0.99,0.01,0.02,72625.95,1775913158000
1775913161.059,161.059,0.02,0.03,0.97,0.98,0.01,0.01,72627.78,1775913159000
1775913161.403,161.403,0.02,0.03,0.97,0.98,0.01,0.01,72628.8,1775913160000
1775913161.91,161.91,0.02,0.03,0.97,0.98,0.01,0.01,72628.8,1775913160000
1775913162.43,162.43,0.02,0.03,0.97,0.98,0.01,0.01,72629.75,1775913161000
1775913163.011,163.011,0.02,0.03,0.97,0.98,0.01,0.01,72629.75,1775913161000
1775913163.49,163.49,0.02,0.03,0.97,0.98,0.01,0.01,72633.38,1775913162000
1775913163.887,163.887,0.02,0.03,0.97,0.98,0.01,0.01,72633.38,1775913162000
1775913164.221,164.221,0.02,0.03,0.97,0.98,0.01,0.01,72637.15,1775913163000
1775913165.175,165.175,0.02,0.03,0.97,0.98,0.01,0.01,72637.15,1775913163000
1775913165.756,165.756,0.02,0.03,0.97,0.98,0.01,0.01,72640.48,1775913164000
1775913166.159,166.159,0.02,0.04,0.97,0.98,0.02,0.01,72640.48,1775913164000
1775913166.627,166.627,0.03,0.04,0.96,0.98,0.01,0.02,72640.02,1775913165000
1775913167.446,167.446,0.03,0.04,0.96,0.97,0.01,0.01,72640.02,1775913166000
1775913167.99,167.99,0.03,0.04,0.96,0.97,0.01,0.01,72644.99,1775913167000
1775913168.584,168.584,0.03,0.04,0.96,0.97,0.01,0.01,72644.99,1775913167000
1775913169.034,169.034,0.03,0.04,0.96,0.97,0.01,0.01,72650.01,1775913168000
1775913169.727,169.727,0.03,0.04,0.96,0.97,0.01,0.01,72650.01,1775913168000
1775913170.316,170.316,0.03,0.04,0.96,0.97,0.01,0.01,72654.22,1775913169000
1775913170.724,170.724,0.03,0.04,0.96,0.97,0.01,0.01,72654.22,1775913169000
1775913172.032,172.032,0.03,0.04,0.96,0.97,0.01,0.01,72657.32,1775913171000
1775913172.634,172.634,0.03,0.04,0.96,0.97,0.01,0.01,72657.32,1775913171000
1775913173.039,173.039,0.03,0.04,0.96,0.97,0.01,0.01,72657.32,1775913171000
1775913173.376,173.376,0.03,0.04,0.96,0.97,0.01,0.01,72656.97,1775913172000
1775913173.995,173.995,0.03,0.05,0.95,0.97,0.02,0.02,72654.58,1775913173000
1775913174.423,174.423,0.03,0.04,0.95,0.97,0.01,0.02,72654.58,1775913173000
1775913174.995,174.995,0.03,0.05,0.95,0.97,0.02,0.02,72653.98,1775913174000
1775913175.469,175.469,0.03,0.05,0.95,0.96,0.02,0.01,72653.98,1775913174000
1775913175.827,175.827,0.04,0.05,0.95,0.96,0.01,0.01,72653.98,1775913174000
1775913176.236,176.236,0.04,0.05,0.95,0.96,0.01,0.01,72654.07,1775913175000
1775913176.788,176.788,0.04,0.05,0.95,0.97,0.01,0.02,72654.07,1775913175000
1775913177.123,177.123,0.03,0.04,0.95,0.97,0.01,0.02,72654.26,1775913176000
1775913177.897,177.897,0.03,0.04,0.96,0.97,0.01,0.01,72655.74,1775913177000
1775913178.383,178.383,0.03,0.05,0.96,0.97,0.02,0.01,72655.74,1775913177000
1775913178.879,178.879,0.03,0.05,0.95,0.97,0.02,0.02,72656.2,1775913178000
1775913179.223,179.223,0.06,0.07,0.93,0.94,0.01,0.01,72656.2,1775913178000
1775913179.568,179.568,0.06,0.07,0.93,0.94,0.01,0.01,72656.2,1775913178000
1775913179.919,179.919,0.06,0.07,0.93,0.94,0.01,0.01,72656.2,1775913178000
1775913180.269,180.269,0.05,0.06,0.94,0.95,0.01,0.01,72656.2,1775913178000
1775913180.616,180.616,0.04,0.05,0.95,0.96,0.01,0.01,72658.08,1775913179000
1775913180.965,180.965,0.04,0.05,0.95,0.96,0.01,0.01,72658.08,1775913179000
1775913181.554,181.554,0.03,0.04,0.96,0.97,0.01,0.01,72666.62,1775913180000
1775913181.99,181.99,0.03,0.04,0.96,0.97,0.01,0.01,72666.62,1775913180000
1775913182.427,182.427,0.04,0.05,0.95,0.96,0.01,0.01,72666.55,1775913181000
1775913182.911,182.911,0.04,0.05,0.95,0.96,0.01,0.01,72666.55,1775913181000
1775913183.27,183.27,0.04,0.05,0.95,0.96,0.01,0.01,72666.55,1775913181000
1775913183.653,183.653,0.04,0.05,0.95,0.96,0.01,0.01,72665.82,1775913182000
1775913183.987,183.987,0.04,0.05,0.95,0.96,0.01,0.01,72665.82,1775913182000
1775913184.322,184.322,0.04,0.05,0.95,0.96,0.01,0.01,72665.82,1775913182000
1775913184.662,184.662,0.04,0.05,0.95,0.96,0.01,0.01,72666.26,1775913183000
1775913184.999,184.999,0.04,0.05,0.95,0.96,0.01,0.01,72666.26,1775913183000
1775913185.336,185.336,0.04,0.05,0.95,0.96,0.01,0.01,72666.27,1775913184000
1775913185.687,185.687,0.04,0.05,0.95,0.96,0.01,0.01,72666.27,1775913184000
1775913186.054,186.054,0.04,0.05,0.95,0.96,0.01,0.01,72666.27,1775913184000
1775913186.412,186.412,0.04,0.05,0.95,0.96,0.01,0.01,72665.74,1775913185000
1775913186.745,186.745,0.04,0.05,0.95,0.96,0.01,0.01,72665.74,1775913185000
1775913187.44,187.44,0.04,0.05,0.95,0.96,0.01,0.01,72665.74,1775913185000
1775913187.779,187.779,0.04,0.05,0.95,0.96,0.01,0.01,72664.66,1775913186000
1775913188.186,188.186,0.04,0.05,0.95,0.96,0.01,0.01,72663.35,1775913187000
1775913188.521,188.521,0.04,0.05,0.95,0.96,0.01,0.01,72663.35,1775913187000
1775913188.857,188.857,0.04,0.05,0.95,0.96,0.01,0.01,72663.35,1775913187000
1775913189.226,189.226,0.04,0.05,0.95,0.96,0.01,0.01,72662.5,1775913188000
1775913189.579,189.579,0.04,0.05,0.95,0.96,0.01,0.01,72662.5,1775913188000
1775913189.912,189.912,0.04,0.05,0.95,0.96,0.01,0.01,72662.5,1775913188000
1775913190.664,190.664,0.04,0.05,0.95,0.96,0.01,0.01,72662.5,1775913188000
1775913190.998,190.998,0.01,0.04,0.96,0.97,0.03,0.01,72662.5,1775913188000
1775913191.454,191.454,0.03,0.04,0.96,0.97,0.01,0.01,72662.1,1775913189000
1775913191.817,191.817,0.03,0.04,0.96,0.97,0.01,0.01,72662.24,1775913190000
1775913192.227,192.227,0.03,0.04,0.96,0.97,0.01,0.01,72662.24,1775913191000
1775913192.597,192.597,0.03,0.04,0.96,0.97,0.01,0.01,72662.24,1775913191000
1775913193.351,193.351,0.03,0.04,0.96,0.97,0.01,0.01,72662.22,1775913192000
1775913193.685,193.685,0.01,0.02,0.98,0.99,0.01,0.01,72662.22,1775913192000
1775913194.036,194.036,0.02,0.03,0.97,0.99,0.01,0.02,72662.26,1775913193000
1775913194.65,194.65,0.02,0.03,0.95,0.98,0.01,0.03,72662.26,1775913193000
1775913194.989,194.989,0.01,0.02,0.98,0.99,0.01,0.01,72665.19,1775913194000
1775913196.051,196.051,0.01,0.02,0.98,0.99,0.01,0.01,72665.84,1775913195000
1775913196.904,196.904,0.01,0.02,0.98,0.99,0.01,0.01,72665.84,1775913195000
1775913197.25,197.25,0.01,0.03,0.97,0.99,0.02,0.02,72666.19,1775913196000
1775913197.698,197.698,0.02,0.03,0.97,0.98,0.01,0.01,72666.19,1775913196000
1775913198.038,198.038,0.02,0.05,0.95,0.98,0.03,0.03,72666.17,1775913197000
1775913198.53,198.53,0.03,0.04,0.95,0.97,0.01,0.02,72666.17,1775913197000
1775913198.957,198.957,0.03,0.04,0.96,0.97,0.01,0.01,72668.56,1775913198000
1775913199.41,199.41,0.03,0.04,0.96,0.97,0.01,0.01,72668.56,1775913198000
1775913199.916,199.916,0.03,0.04,0.96,0.97,0.01,0.01,72671.24,1775913199000
1775913200.254,200.254,0.03,0.04,0.96,0.97,0.01,0.01,72671.24,1775913199000
1775913200.78,200.78,0.01,0.03,0.96,0.98,0.02,0.02,72671.24,1775913199000
1775913201.186,201.186,0.02,0.03,0.97,0.99,0.01,0.02,72672.08,1775913200000
1775913201.864,201.864,0.01,0.02,0.97,0.99,0.01,0.02,72672.08,1775913200000
1775913202.257,202.257,0.01,0.05,0.98,0.99,0.04,0.01,72675.34,1775913201000
1775913203.111,203.111,0.03,0.04,0.96,0.97,0.01,0.01,72675.34,1775913201000
1775913203.586,203.586,0.03,0.04,0.96,0.97,0.01,0.01,72676.61,1775913202000
1775913204.075,204.075,0.03,0.04,0.96,0.97,0.01,0.01,72676.61,1775913202000
1775913204.74,204.74,0.03,0.04,0.96,0.97,0.01,0.01,72677.28,1775913203000
1775913205.223,205.223,0.03,0.04,0.96,0.97,0.01,0.01,72676.2,1775913204000
1775913206.202,206.202,0.03,0.04,0.96,0.97,0.01,0.01,72676.26,1775913205000
1775913207.327,207.327,0.03,0.04,0.96,0.97,0.01,0.01,72676.26,1775913205000
1775913207.869,207.869,0.03,0.04,0.96,0.97,0.01,0.01,72676.59,1775913206000
1775913208.285,208.285,0.03,0.04,0.96,0.97,0.01,0.01,72676.59,1775913206000
1775913208.712,208.712,0.02,0.03,0.96,0.98,0.01,0.02,72676.59,1775913206000
1775913209.261,209.261,0.02,0.03,0.97,0.98,0.01,0.01,72677.78,1775913207000
1775913209.613,209.613,0.01,0.03,0.97,0.99,0.02,0.02,72678.5,1775913208000
1775913210.044,210.044,0.01,0.02,0.97,0.99,0.01,0.02,72678.5,1775913208000
1775913210.389,210.389,0.01,0.02,0.98,0.99,0.01,0.01,72678.04,1775913209000
1775913210.728,210.728,0.01,0.02,0.98,0.99,0.01,0.01,72678.04,1775913209000
1775913211.233,211.233,0.02,0.03,0.98,0.99,0.01,0.01,72678.04,1775913209000
1775913211.568,211.568,0.02,0.03,0.97,0.98,0.01,0.01,72672.87,1775913210000
1775913212.278,212.278,0.02,0.03,0.97,0.98,0.01,0.01,72671.17,1775913211000
1775913212.71,212.71,0.02,0.03,0.97,0.98,0.01,0.01,72671.17,1775913211000
1775913213.257,213.257,0.02,0.03,0.97,0.98,0.01,0.01,72671.66,1775913212000
1775913213.865,213.865,0.02,0.03,0.97,0.98,0.01,0.01,72671.66,1775913212000
1775913214.308,214.308,0.02,0.03,0.97,0.98,0.01,0.01,72671.66,1775913212000
1775913214.716,214.716,0.02,0.03,0.97,0.98,0.01,0.01,72673.13,1775913213000
1775913215.101,215.101,0.02,0.03,0.97,0.98,0.01,0.01,72673.13,1775913213000
1775913215.714,215.714,0.02,0.03,0.97,0.98,0.01,0.01,72673.39,1775913214000
1775913216.11,216.11,0.02,0.03,0.97,0.98,0.01,0.01,72673.39,1775913214000
1775913216.542,216.542,0.02,0.03,0.97,0.98,0.01,0.01,72672.88,1775913215000
1775913216.91,216.91,0.02,0.03,0.97,0.98,0.01,0.01,72672.88,1775913215000
1775913217.508,217.508,0.02,0.03,0.97,0.98,0.01,0.01,72672.88,1775913216000
1775913217.891,217.891,0.02,0.03,0.97,0.98,0.01,0.01,72672.83,1775913217000
1775913218.377,218.377,0.02,0.03,0.97,0.98,0.01,0.01,72672.83,1775913217000
1775913218.845,218.845,0.02,0.03,0.97,0.98,0.01,0.01,72672.83,1775913217000
1775913219.195,219.195,0.02,0.03,0.97,0.98,0.01,0.01,72673.55,1775913218000
1775913219.707,219.707,0.02,0.03,0.97,0.98,0.01,0.01,72673.55,1775913218000
1775913220.052,220.052,0.02,0.03,0.97,0.98,0.01,0.01,72673.9,1775913219000
1775913220.901,220.901,0.02,0.03,0.97,0.98,0.01,0.01,72669.63,1775913220000
1775913221.303,221.303,0.02,0.03,0.97,0.98,0.01,0.01,72669.63,1775913220000
1775913222.112,222.112,0.02,0.03,0.97,0.98,0.01,0.01,72669.63,1775913220000
1775913222.546,222.546,0.02,0.03,0.97,0.98,0.01,0.01,72669.63,1775913220000
1775913222.896,222.896,0.02,0.03,0.97,0.98,0.01,0.01,72668.47,1775913221000
1775913223.258,223.258,0.02,0.03,0.97,0.98,0.01,0.01,72668.84,1775913222000
1775913223.788,223.788,0.02,0.03,0.97,0.98,0.01,0.01,72668.84,1775913222000
1775913224.268,224.268,0.02,0.03,0.97,0.98,0.01,0.01,72669.22,1775913223000
1775913225.379,225.379,0.02,0.03,0.97,0.98,0.01,0.01,72669.22,1775913223000
1775913225.988,225.988,0.02,0.03,0.97,0.98,0.01,0.01,72668.71,1775913225000
1775913226.761,226.761,0.02,0.03,0.97,0.98,0.01,0.01,72668.71,1775913225000
1775913227.169,227.169,0.02,0.03,0.97,0.98,0.01,0.01,72668.63,1775913226000
1775913227.616,227.616,0.02,0.03,0.97,0.98,0.01,0.01,72668.63,1775913226000
1775913228.229,228.229,0.02,0.03,0.97,0.98,0.01,0.01,72669.77,1775913227000
1775913229.398,229.398,0.02,0.03,0.97,0.98,0.01,0.01,72669.77,1775913227000
1775913229.819,229.819,0.02,0.03,0.97,0.98,0.01,0.01,72670.39,1775913228000
1775913230.305,230.305,0.02,0.03,0.97,0.98,0.01,0.01,72670.3,1775913229000
1775913230.754,230.754,0.02,0.03,0.97,0.98,0.01,0.01,72670.3,1775913229000
1775913231.388,231.388,0.02,0.03,0.97,0.98,0.01,0.01,72670.15,1775913230000
1775913232.346,232.346,0.02,0.03,0.97,0.98,0.01,0.01,72669.63,1775913231000
1775913232.69,232.69,0.02,0.03,0.97,0.98,0.01,0.01,72669.63,1775913231000
1775913233.29,233.29,0.02,0.03,0.97,0.98,0.01,0.01,72670.19,1775913232000
1775913234.674,234.674,0.02,0.03,0.97,0.98,0.01,0.01,72671.44,1775913233000
1775913235.146,235.146,0.02,0.03,0.97,0.98,0.01,0.01,72672.95,1775913234000
1775913236.173,236.173,0.02,0.03,0.97,0.98,0.01,0.01,72672.95,1775913234000
1775913236.509,236.509,0.02,0.03,0.97,0.98,0.01,0.01,72672.94,1775913235000
1775913236.929,236.929,0.02,0.03,0.97,0.98,0.01,0.01,72672.94,1775913235000
1775913237.626,237.626,0.02,0.03,0.97,0.98,0.01,0.01,72672.81,1775913236000
1775913238.151,238.151,0.02,0.03,0.97,0.98,0.01,0.01,72672.81,1775913236000
1775913238.803,238.803,0.02,0.03,0.97,0.98,0.01,0.01,72671.34,1775913237000
1775913239.318,239.318,0.02,0.03,0.97,0.98,0.01,0.01,72671.34,1775913237000
1775913239.66,239.66,0.02,0.03,0.97,0.98,0.01,0.01,72664.7,1775913238000
1775913240.356,240.356,0.02,0.03,0.97,0.98,0.01,0.01,72665.45,1775913239000
1775913240.83,240.83,0.02,0.03,0.97,0.98,0.01,0.01,72665.45,1775913239000
1775913241.373,241.373,0.02,0.03,0.97,0.98,0.01,0.01,72667.24,1775913240000
1775913241.74,241.74,0.02,0.03,0.97,0.98,0.01,0.01,72667.24,1775913240000
1775913242.141,242.141,0.02,0.03,0.97,0.98,0.01,0.01,72667.24,1775913240000
1775913242.765,242.765,0.02,0.03,0.97,0.98,0.01,0.01,72667.66,1775913241000
1775913243.121,243.121,0.02,0.03,0.97,0.98,0.01,0.01,72667.66,1775913241000
1775913243.48,243.48,0.02,0.03,0.97,0.98,0.01,0.01,72667.91,1775913242000
1775913243.98,243.98,0.02,0.03,0.97,0.98,0.01,0.01,72667.91,1775913242000
1775913244.397,244.397,0.02,0.03,0.97,0.98,0.01,0.01,72667.66,1775913243000
1775913244.816,244.816,0.02,0.03,0.97,0.98,0.01,0.01,72667.66,1775913243000
1775913245.189,245.189,0.02,0.03,0.97,0.98,0.01,0.01,72667.66,1775913243000
1775913245.795,245.795,0.02,0.03,0.97,0.98,0.01,0.01,72666.38,1775913244000
1775913246.2,246.2,0.02,0.03,0.97,0.98,0.01,0.01,72666.38,1775913244000
1775913246.579,246.579,0.02,0.03,0.97,0.98,0.01,0.01,72664.78,1775913245000
1775913246.954,246.954,0.01,0.02,0.98,0.99,0.01,0.01,72664.78,1775913245000
1775913247.395,247.395,0.01,0.02,0.98,0.99,0.01,0.01,72667.39,1775913246000
1775913247.765,247.765,0.01,0.02,0.98,0.99,0.01,0.01,72667.39,1775913246000
1775913248.204,248.204,0.01,0.02,0.98,0.99,0.01,0.01,72667.39,1775913246000
1775913248.722,248.722,0.01,0.02,0.98,0.99,0.01,0.01,72667.05,1775913247000
1775913249.627,249.627,0.01,0.02,0.98,0.99,0.01,0.01,72667.81,1775913248000
1775913250.065,250.065,0.01,0.02,0.98,0.99,0.01,0.01,72668.2,1775913249000
1775913250.534,250.534,0.01,0.02,0.98,0.99,0.01,0.01,72668.2,1775913249000
1775913250.911,250.911,0.01,0.02,0.98,0.99,0.01,0.01,72668.2,1775913249000
1775913251.409,251.409,0.01,0.02,0.98,0.99,0.01,0.01,72668.2,1775913249000
1775913251.895,251.895,0.01,0.02,0.98,0.99,0.01,0.01,72668.2,1775913249000
1775913252.258,252.258,0.01,0.02,0.98,0.99,0.01,0.01,72668.36,1775913250000
1775913252.938,252.938,0.01,0.02,0.98,0.99,0.01,0.01,72667.91,1775913251000
1775913253.328,253.328,0.01,0.02,0.98,0.99,0.01,0.01,72668.31,1775913252000
1775913254.04,254.04,0.01,0.01,0.99,0.99,0.0,0.0,72668.31,1775913252000
1775913254.386,254.386,0.01,0.01,0.99,0.99,0.0,0.0,72668.61,1775913253000
1775913254.791,254.791,0.01,0.01,0.99,0.99,0.0,0.0,72668.61,1775913253000
1775913255.329,255.329,0.01,0.01,0.99,0.99,0.0,0.0,72668.72,1775913254000
1775913255.805,255.805,0.01,0.01,0.99,0.99,0.0,0.0,72668.72,1775913254000
1775913256.329,256.329,0.01,0.01,0.99,0.99,0.0,0.0,72668.58,1775913255000
1775913256.738,256.738,0.01,0.01,0.99,0.99,0.0,0.0,72668.58,1775913255000
1775913257.09,257.09,0.01,0.01,0.99,0.99,0.0,0.0,72667.54,1775913256000
1775913257.644,257.644,0.01,0.01,0.99,0.99,0.0,0.0,72667.54,1775913256000
1775913258.217,258.217,0.01,0.01,0.99,0.99,0.0,0.0,72667.54,1775913256000
1775913258.674,258.674,0.01,0.01,0.99,0.99,0.0,0.0,72666.42,1775913257000
1775913259.346,259.346,0.01,0.01,0.99,0.99,0.0,0.0,72657.86,1775913258000
1775913260.086,260.086,0.01,0.01,0.99,0.99,0.0,0.0,72649.03,1775913259000
1775913260.562,260.562,0.01,0.01,0.99,0.99,0.0,0.0,72649.03,1775913259000
1775913261.263,261.263,0.01,0.01,0.99,0.99,0.0,0.0,72645.78,1775913260000
1775913261.92,261.92,0.01,0.01,0.99,0.99,0.0,0.0,72645.78,1775913260000
1775913262.357,262.357,0.01,0.01,0.99,0.99,0.0,0.0,72645.78,1775913260000
1775913262.911,262.911,0.01,0.01,0.99,0.99,0.0,0.0,72644.63,1775913261000
1775913263.29,263.29,0.01,0.01,0.99,0.99,0.0,0.0,72644.47,1775913262000
1775913264.106,264.106,0.01,0.01,0.99,0.99,0.0,0.0,72644.69,1775913263000
1775913264.603,264.603,0.01,0.01,0.99,0.99,0.0,0.0,72644.69,1775913263000
1775913264.991,264.991,0.01,0.01,0.99,0.99,0.0,0.0,72644.69,1775913263000
1775913265.464,265.464,0.01,0.01,0.99,0.99,0.0,0.0,72644.65,1775913264000
1775913265.955,265.955,0.01,0.01,0.99,0.99,0.0,0.0,72644.65,1775913264000
1775913266.496,266.496,0.01,0.01,0.99,0.99,0.0,0.0,72644.65,1775913264000
1775913266.837,266.837,0.01,0.01,0.99,0.99,0.0,0.0,72644.8,1775913265000
1775913267.386,267.386,0.01,0.01,0.99,0.99,0.0,0.0,72644.68,1775913266000
1775913267.779,267.779,0.001,0.002,0.998,0.999,0.001,0.001,72644.68,1775913266000
1775913268.374,268.374,0.001,0.002,0.998,0.999,0.001,0.001,72641.02,1775913267000
1775913268.902,268.902,0.001,0.002,0.998,0.999,0.001,0.001,72640.59,1775913268000
1775913269.393,269.393,0.001,0.001,0.998,0.999,0.0,0.001,72640.59,1775913268000
1775913269.898,269.898,0.001,0.001,0.999,0.999,0.0,0.0,72640.61,1775913269000
1775913270.513,270.513,0.001,0.001,0.999,0.999,0.0,0.0,72640.61,1775913269000
1775913270.859,270.859,0.001,0.01,0.999,0.999,0.009,0.0,72640.61,1775913269000
1775913271.295,271.295,0.001,0.01,0.99,0.999,0.009,0.009,72641.03,1775913270000
1775913271.811,271.811,0.002,0.003,0.997,0.999,0.001,0.002,72641.03,1775913270000
1775913272.302,272.302,0.002,0.003,0.997,0.998,0.001,0.001,72640.72,1775913271000
1775913272.802,272.802,0.002,0.003,0.997,0.998,0.001,0.001,72640.72,1775913271000
1775913273.162,273.162,0.002,0.003,0.997,0.998,0.001,0.001,72640.72,1775913271000
1775913273.499,273.499,0.002,0.003,0.997,0.998,0.001,0.001,72640.81,1775913272000
1775913274.252,274.252,0.002,0.003,0.997,0.998,0.001,0.001,72641.06,1775913273000
1775913275.336,275.336,0.002,0.003,0.997,0.998,0.001,0.001,72641.5,1775913274000
1775913276.064,276.064,0.002,0.001,0.997,0.998,-0.001,0.001,72641.5,1775913274000
1775913277.107,277.107,0.002,0.001,0.999,0.998,-0.001,-0.001,72643.86,1775913276000
1775913278.105,278.105,0.002,0.001,0.999,0.998,-0.001,-0.001,72645.56,1775913277000
1775913278.687,278.687,0.002,0.009,0.999,0.998,0.007,-0.001,72645.56,1775913277000
1775913279.434,279.434,0.002,0.009,0.991,0.998,0.007,0.007,72645.67,1775913278000
1775913279.782,279.782,0.002,0.009,0.991,0.998,0.007,0.007,72645.67,1775913278000
1775913280.356,280.356,0.002,0.009,0.991,0.998,0.007,0.007,72645.68,1775913279000
1775913280.829,280.829,0.002,0.002,0.991,0.998,0.0,0.007,72645.68,1775913279000
1775913281.4,281.4,0.002,0.009,0.991,0.998,0.007,0.007,72645.68,1775913280000
1775913281.931,281.931,0.002,0.009,0.991,0.998,0.007,0.007,72645.68,1775913280000
1775913282.329,282.329,0.002,0.009,0.991,0.998,0.007,0.007,72645.72,1775913281000
1775913283.386,283.386,0.002,0.009,0.991,0.998,0.007,0.007,72645.71,1775913282000
1775913283.796,283.796,0.002,0.007,0.991,0.998,0.005,0.007,72645.71,1775913282000
1775913284.92,284.92,0.001,0.007,0.993,0.998,0.006,0.005,72645.72,1775913283000
1775913285.284,285.284,0.001,0.007,0.997,0.999,0.006,0.002,72645.82,1775913284000
1775913285.784,285.784,0.001,0.006,0.993,0.999,0.005,0.006,72645.82,1775913284000
1775913286.177,286.177,0.001,0.006,0.994,0.999,0.005,0.005,72645.76,1775913285000
1775913287.366,287.366,0.001,0.006,0.994,0.999,0.005,0.005,72645.76,1775913286000
1775913287.804,287.804,0.001,0.006,0.994,0.999,0.005,0.005,72645.76,1775913286000
1775913288.398,288.398,0.001,0.009,0.991,0.999,0.008,0.008,72645.76,1775913287000
1775913288.828,288.828,0.001,0.009,0.991,0.999,0.008,0.008,72645.76,1775913287000
1775913289.383,289.383,0.001,0.009,0.991,0.999,0.008,0.008,72645.64,1775913288000
1775913289.973,289.973,0.001,0.009,0.991,0.999,0.008,0.008,72645.52,1775913289000
1775913290.314,290.314,0.001,0.008,0.991,0.999,0.007,0.008,72645.52,1775913289000
1775913291.179,291.179,0.001,0.008,0.992,0.999,0.007,0.007,72645.6,1775913290000
1775913291.767,291.767,0.001,0.008,0.992,0.999,0.007,0.007,72645.6,1775913290000
1775913292.154,292.154,0.001,0.008,0.992,0.999,0.007,0.007,72645.6,1775913290000
1775913292.531,292.531,0.001,0.008,0.992,0.999,0.007,0.007,72645.9,1775913291000
1775913292.878,292.878,0.001,0.008,0.992,0.999,0.007,0.007,72645.9,1775913291000
1775913293.259,293.259,0.001,0.008,0.992,0.999,0.007,0.007,72645.9,1775913291000
1775913293.737,293.737,0.001,0.008,0.992,0.999,0.007,0.007,72638.39,1775913292000
1775913294.351,294.351,0.001,0.008,0.992,0.999,0.007,0.007,72638.39,1775913292000
1775913294.898,294.898,0.001,0.001,0.992,0.999,0.0,0.007,72634.51,1775913293000
1775913295.346,295.346,0.001,0.001,0.999,0.999,0.0,0.0,72633.74,1775913294000
1775913296.346,296.346,0.001,0.001,0.999,0.999,0.0,0.0,72634.43,1775913295000
1775913297.208,297.208,0.001,0.001,0.999,0.999,0.0,0.0,72633.18,1775913296000
1775913298.213,298.213,0.001,0.001,0.999,0.999,0.0,0.0,72633.17,1775913297000
1775913299.124,299.124,0.001,0.001,0.999,0.999,0.0,0.0,72633.17,1775913298000
1775913299.781,299.781,0.001,0.001,0.999,0.999,0.0,0.0,72633.17,1775913298000
1775913300.119,300.119,0.001,0.001,0.999,0.999,0.0,0.0,72633.93,1775913299000
1775913300.586,300.586,0.001,0.001,0.999,0.999,0.0,0.0,72633.93,1775913299000
1775913301.137,301.137,0.001,0.001,0.999,0.999,0.0,0.0,72633.93,1775913300000
1775913302.114,302.114,0.001,0.001,0.999,0.999,0.0,0.0,72633.87,1775913301000

# RESULT,winner=Down,slug=btc-updown-5m-1775913000,ticks=649
