timestamp,elapsed_sec,up_bid,up_ask,down_bid,down_ask,up_spread,down_spread,btc_price,btc_oracle_ts
1776768900.568,0.568,0.41,0.42,0.58,0.59,0.01,0.01,76863.88,1776768899000
1776768900.904,0.904,0.43,0.45,0.55,0.57,0.02,0.02,76863.88,1776768899000
1776768901.442,1.442,0.43,0.45,0.55,0.57,0.02,0.02,76859.82,1776768900000
1776768901.789,1.789,0.44,0.45,0.56,0.57,0.01,0.01,76859.82,1776768900000
1776768902.224,2.224,0.44,0.45,0.55,0.56,0.01,0.01,76860.51,1776768901000
1776768902.621,2.621,0.44,0.45,0.55,0.56,0.01,0.01,76860.51,1776768901000
1776768902.99,2.99,0.44,0.45,0.55,0.56,0.01,0.01,76860.51,1776768901000
1776768903.615,3.615,0.44,0.45,0.55,0.56,0.01,0.01,76860.13,1776768902000
1776768904.086,4.086,0.44,0.45,0.55,0.56,0.01,0.01,76860.13,1776768902000
1776768904.427,4.427,0.44,0.45,0.55,0.56,0.01,0.01,76860.05,1776768903000
1776768904.905,4.905,0.44,0.45,0.55,0.56,0.01,0.01,76860.05,1776768903000
1776768905.246,5.246,0.44,0.46,0.54,0.56,0.02,0.02,76860.05,1776768903000
1776768905.592,5.592,0.46,0.47,0.53,0.54,0.01,0.01,76860.87,1776768904000
1776768905.925,5.925,0.46,0.47,0.53,0.54,0.01,0.01,76860.87,1776768904000
1776768906.264,6.264,0.47,0.48,0.52,0.53,0.01,0.01,76860.87,1776768904000
1776768906.644,6.644,0.47,0.48,0.52,0.53,0.01,0.01,76867.15,1776768905000
1776768907.001,7.001,0.46,0.47,0.53,0.54,0.01,0.01,76867.15,1776768905000
1776768907.466,7.466,0.46,0.47,0.53,0.54,0.01,0.01,76871.86,1776768906000
1776768907.801,7.801,0.47,0.48,0.52,0.53,0.01,0.01,76871.86,1776768906000
1776768908.137,8.137,0.47,0.5,0.5,0.53,0.03,0.03,76871.86,1776768906000
1776768908.48,8.48,0.49,0.5,0.5,0.51,0.01,0.01,76872.45,1776768907000
1776768908.825,8.825,0.49,0.5,0.5,0.51,0.01,0.01,76872.45,1776768907000
1776768909.168,9.168,0.49,0.5,0.5,0.51,0.01,0.01,76872.45,1776768907000
1776768909.514,9.514,0.49,0.5,0.5,0.51,0.01,0.01,76874.07,1776768908000
1776768909.958,9.958,0.49,0.5,0.5,0.51,0.01,0.01,76874.07,1776768908000
1776768910.332,10.332,0.49,0.5,0.5,0.51,0.01,0.01,76874.07,1776768908000
1776768910.942,10.942,0.49,0.5,0.5,0.51,0.01,0.01,76887.23,1776768909000
1776768911.395,11.395,0.49,0.51,0.5,0.51,0.02,0.01,76887.23,1776768909000
1776768911.73,11.73,0.51,0.53,0.47,0.49,0.02,0.02,76887.23,1776768909000
1776768912.132,12.132,0.51,0.54,0.46,0.49,0.03,0.03,76890.78,1776768910000
1776768912.465,12.465,0.51,0.54,0.46,0.49,0.03,0.03,76890.78,1776768910000
1776768912.802,12.802,0.52,0.53,0.47,0.48,0.01,0.01,76892.25,1776768911000
1776768913.312,13.312,0.52,0.53,0.47,0.48,0.01,0.01,76892.25,1776768911000
1776768913.656,13.656,0.52,0.53,0.47,0.48,0.01,0.01,76892.25,1776768911000
1776768914.001,14.001,0.52,0.53,0.47,0.48,0.01,0.01,76893.67,1776768912000
1776768914.438,14.438,0.52,0.53,0.47,0.48,0.01,0.01,76893.67,1776768912000
1776768914.841,14.841,0.52,0.53,0.47,0.48,0.01,0.01,76893.67,1776768912000
1776768915.225,15.225,0.52,0.53,0.47,0.48,0.01,0.01,76885.25,1776768913000
1776768915.77,15.77,0.52,0.53,0.47,0.48,0.01,0.01,76884.08,1776768914000
1776768916.251,16.251,0.52,0.53,0.47,0.48,0.01,0.01,76884.08,1776768914000
1776768916.739,16.739,0.52,0.53,0.47,0.48,0.01,0.01,76884.08,1776768914000
1776768917.127,17.127,0.52,0.53,0.47,0.48,0.01,0.01,76884.53,1776768915000
1776768917.55,17.55,0.52,0.53,0.47,0.48,0.01,0.01,76884.53,1776768915000
1776768917.912,17.912,0.52,0.53,0.47,0.48,0.01,0.01,76884.76,1776768916000
1776768918.25,18.25,0.52,0.53,0.47,0.48,0.01,0.01,76884.76,1776768916000
1776768918.584,18.584,0.52,0.53,0.47,0.48,0.01,0.01,76884.76,1776768916000
1776768919.347,19.347,0.52,0.53,0.47,0.48,0.01,0.01,76884.43,1776768917000
1776768919.682,19.682,0.52,0.53,0.47,0.48,0.01,0.01,76883.93,1776768918000
1776768920.065,20.065,0.52,0.54,0.46,0.48,0.02,0.02,76882.24,1776768919000
1776768920.402,20.402,0.53,0.54,0.46,0.47,0.01,0.01,76882.24,1776768919000
1776768920.743,20.743,0.53,0.54,0.46,0.47,0.01,0.01,76882.24,1776768919000
1776768921.109,21.109,0.53,0.54,0.46,0.47,0.01,0.01,76882.24,1776768919000
1776768921.499,21.499,0.54,0.55,0.45,0.47,0.01,0.02,76882.37,1776768920000
1776768921.86,21.86,0.54,0.55,0.45,0.46,0.01,0.01,76882.37,1776768920000
1776768922.221,22.221,0.54,0.55,0.45,0.46,0.01,0.01,76882.37,1776768920000
1776768922.658,22.658,0.56,0.57,0.44,0.45,0.01,0.01,76883.48,1776768921000
1776768922.996,22.996,0.57,0.58,0.42,0.43,0.01,0.01,76883.48,1776768922000
1776768923.418,23.418,0.59,0.6,0.4,0.41,0.01,0.01,76883.48,1776768922000
1776768923.969,23.969,0.59,0.6,0.4,0.41,0.01,0.01,76884.66,1776768923000
1776768924.347,24.347,0.59,0.6,0.4,0.41,0.01,0.01,76884.66,1776768923000
1776768924.705,24.705,0.59,0.6,0.4,0.42,0.01,0.02,76884.66,1776768923000
1776768925.232,25.232,0.59,0.6,0.4,0.41,0.01,0.01,76887.59,1776768924000
1776768925.682,25.682,0.59,0.6,0.4,0.41,0.01,0.01,76887.59,1776768924000
1776768926.04,26.04,0.6,0.61,0.39,0.4,0.01,0.01,76887.59,1776768924000
1776768926.464,26.464,0.6,0.62,0.38,0.4,0.02,0.02,76892.31,1776768925000
1776768926.883,26.883,0.61,0.62,0.38,0.39,0.01,0.01,76892.31,1776768925000
1776768927.223,27.223,0.61,0.62,0.38,0.39,0.01,0.01,76892.31,1776768925000
1776768927.771,27.771,0.61,0.63,0.38,0.39,0.02,0.01,76892.31,1776768925000
1776768928.132,28.132,0.62,0.64,0.37,0.38,0.02,0.01,76892.82,1776768926000
1776768928.561,28.561,0.56,0.64,0.36,0.37,0.08,0.01,76894.64,1776768927000
1776768929.403,29.403,0.57,0.59,0.38,0.42,0.02,0.04,76894.64,1776768927000
1776768930.177,30.177,0.56,0.59,0.41,0.44,0.03,0.03,76895.47,1776768929000
1776768931.24,31.24,0.58,0.59,0.41,0.44,0.01,0.03,76895.47,1776768929000
1776768931.685,31.685,0.58,0.59,0.41,0.42,0.01,0.01,76895.47,1776768929000
1776768932.021,32.021,0.53,0.57,0.43,0.47,0.04,0.04,76887.66,1776768930000
1776768932.412,32.412,0.52,0.53,0.45,0.48,0.01,0.03,76887.66,1776768930000
1776768932.781,32.781,0.52,0.53,0.47,0.48,0.01,0.01,76883.73,1776768931000
1776768933.116,33.116,0.51,0.53,0.47,0.49,0.02,0.02,76883.73,1776768931000
1776768933.502,33.502,0.47,0.48,0.52,0.53,0.01,0.01,76883.5,1776768932000
1776768933.84,33.84,0.47,0.48,0.52,0.53,0.01,0.01,76883.5,1776768932000
1776768934.217,34.217,0.47,0.48,0.52,0.53,0.01,0.01,76883.5,1776768932000
1776768934.592,34.592,0.47,0.48,0.52,0.53,0.01,0.01,76883.5,1776768932000
1776768934.936,34.936,0.46,0.48,0.52,0.54,0.02,0.02,76881.34,1776768933000
1776768935.269,35.269,0.46,0.47,0.53,0.54,0.01,0.01,76881.34,1776768933000
1776768935.656,35.656,0.45,0.46,0.54,0.55,0.01,0.01,76877.91,1776768934000
1776768936.18,36.18,0.45,0.46,0.54,0.55,0.01,0.01,76877.91,1776768934000
1776768936.591,36.591,0.45,0.46,0.54,0.55,0.01,0.01,76875.84,1776768935000
1776768936.987,36.987,0.45,0.46,0.54,0.55,0.01,0.01,76875.84,1776768935000
1776768937.387,37.387,0.43,0.44,0.56,0.57,0.01,0.01,76875.84,1776768935000
1776768937.742,37.742,0.43,0.44,0.56,0.57,0.01,0.01,76875.84,1776768935000
1776768938.114,38.114,0.43,0.44,0.56,0.57,0.01,0.01,76874.54,1776768936000
1776768938.48,38.48,0.43,0.44,0.56,0.57,0.01,0.01,76874.25,1776768937000
1776768939.082,39.082,0.43,0.44,0.56,0.57,0.01,0.01,76874.25,1776768937000
1776768939.475,39.475,0.42,0.43,0.57,0.58,0.01,0.01,76874.43,1776768938000
1776768939.816,39.816,0.42,0.43,0.57,0.58,0.01,0.01,76874.43,1776768938000
1776768940.302,40.302,0.42,0.43,0.57,0.58,0.01,0.01,76874.43,1776768938000
1776768940.652,40.652,0.41,0.43,0.57,0.6,0.02,0.03,76874.43,1776768938000
1776768940.997,40.997,0.4,0.42,0.58,0.59,0.02,0.01,76870.79,1776768939000
1776768941.342,41.342,0.4,0.41,0.59,0.6,0.01,0.01,76870.79,1776768939000
1776768941.752,41.752,0.4,0.41,0.59,0.6,0.01,0.01,76868.85,1776768940000
1776768942.136,42.136,0.4,0.41,0.59,0.6,0.01,0.01,76868.42,1776768941000
1776768942.588,42.588,0.4,0.41,0.59,0.6,0.01,0.01,76868.42,1776768941000
1776768942.927,42.927,0.4,0.41,0.59,0.6,0.01,0.01,76868.42,1776768941000
1776768943.352,43.352,0.41,0.42,0.58,0.59,0.01,0.01,76868.42,1776768941000
1776768943.959,43.959,0.4,0.42,0.58,0.59,0.02,0.01,76865.11,1776768942000
1776768944.598,44.598,0.4,0.41,0.59,0.6,0.01,0.01,76864.26,1776768943000
1776768945.031,45.031,0.4,0.41,0.59,0.6,0.01,0.01,76864.26,1776768943000
1776768945.414,45.414,0.4,0.41,0.59,0.6,0.01,0.01,76864.26,1776768943000
1776768945.95,45.95,0.4,0.41,0.59,0.6,0.01,0.01,76864.26,1776768943000
1776768946.423,46.423,0.36,0.41,0.59,0.64,0.05,0.05,76860.08,1776768945000
1776768946.777,46.777,0.36,0.38,0.62,0.64,0.02,0.02,76860.08,1776768945000
1776768947.127,47.127,0.34,0.38,0.62,0.65,0.04,0.03,76860.08,1776768945000
1776768947.505,47.505,0.31,0.36,0.63,0.68,0.05,0.05,76854.69,1776768946000
1776768947.854,47.854,0.33,0.35,0.65,0.67,0.02,0.02,76854.69,1776768946000
1776768948.264,48.264,0.33,0.34,0.66,0.67,0.01,0.01,76854.69,1776768946000
1776768948.605,48.605,0.32,0.33,0.66,0.67,0.01,0.01,76848.85,1776768947000
1776768948.985,48.985,0.31,0.33,0.67,0.69,0.02,0.02,76848.85,1776768947000
1776768949.356,49.356,0.31,0.33,0.67,0.69,0.02,0.02,76848.85,1776768947000
1776768949.706,49.706,0.31,0.32,0.68,0.69,0.01,0.01,76845.2,1776768948000
1776768950.055,50.055,0.3,0.32,0.68,0.69,0.02,0.01,76845.2,1776768948000
1776768951.135,51.135,0.3,0.32,0.68,0.7,0.02,0.02,76844.08,1776768949000
1776768951.509,51.509,0.3,0.32,0.69,0.7,0.02,0.01,76841.52,1776768950000
1776768951.842,51.842,0.28,0.31,0.69,0.72,0.03,0.03,76841.52,1776768950000
1776768952.225,52.225,0.28,0.3,0.7,0.72,0.02,0.02,76841.52,1776768950000
1776768952.561,52.561,0.28,0.3,0.7,0.72,0.02,0.02,76839.5,1776768951000
1776768952.92,52.92,0.28,0.29,0.71,0.72,0.01,0.01,76839.5,1776768951000
1776768953.292,53.292,0.28,0.29,0.71,0.72,0.01,0.01,76839.5,1776768951000
1776768953.657,53.657,0.3,0.31,0.69,0.71,0.01,0.02,76835.81,1776768952000
1776768954.014,54.014,0.3,0.31,0.69,0.7,0.01,0.01,76833.67,1776768953000
1776768954.439,54.439,0.33,0.34,0.66,0.7,0.01,0.04,76833.67,1776768953000
1776768954.88,54.88,0.33,0.34,0.66,0.67,0.01,0.01,76836.59,1776768954000
1776768955.385,55.385,0.33,0.34,0.66,0.67,0.01,0.01,76836.59,1776768954000
1776768955.72,55.72,0.33,0.34,0.65,0.67,0.01,0.02,76836.59,1776768954000
1776768956.15,56.15,0.33,0.34,0.66,0.67,0.01,0.01,76837.08,1776768955000
1776768956.505,56.505,0.33,0.34,0.66,0.67,0.01,0.01,76837.08,1776768955000
1776768956.897,56.897,0.27,0.32,0.66,0.73,0.05,0.07,76837.08,1776768955000
1776768957.251,57.251,0.28,0.32,0.68,0.73,0.04,0.05,76837.65,1776768956000
1776768957.591,57.591,0.27,0.32,0.68,0.73,0.05,0.05,76837.65,1776768956000
1776768957.975,57.975,0.27,0.31,0.69,0.73,0.04,0.04,76834.7,1776768957000
1776768958.309,58.309,0.3,0.32,0.68,0.7,0.02,0.02,76834.7,1776768957000
1776768958.644,58.644,0.31,0.32,0.67,0.69,0.01,0.02,76834.7,1776768957000
1776768959.233,59.233,0.3,0.31,0.68,0.7,0.01,0.02,76834.7,1776768957000
1776768959.628,59.628,0.3,0.31,0.69,0.7,0.01,0.01,76834.67,1776768958000
1776768959.962,59.962,0.3,0.31,0.69,0.7,0.01,0.01,76834.67,1776768958000
1776768960.383,60.383,0.3,0.31,0.69,0.7,0.01,0.01,76834.4,1776768959000
1776768960.724,60.724,0.3,0.31,0.69,0.7,0.01,0.01,76834.4,1776768959000
1776768961.063,61.063,0.3,0.31,0.69,0.7,0.01,0.01,76834.4,1776768959000
1776768961.421,61.421,0.28,0.29,0.71,0.72,0.01,0.01,76834.4,1776768960000
1776768961.817,61.817,0.27,0.29,0.71,0.73,0.02,0.02,76834.4,1776768960000
1776768962.301,62.301,0.27,0.28,0.72,0.73,0.01,0.01,76834.4,1776768960000
1776768962.68,62.68,0.26,0.27,0.72,0.74,0.01,0.02,76832.82,1776768961000
1776768963.023,63.023,0.26,0.27,0.73,0.74,0.01,0.01,76832.82,1776768961000
1776768963.411,63.411,0.26,0.27,0.73,0.74,0.01,0.01,76831.26,1776768962000
1776768964.037,64.037,0.26,0.27,0.73,0.74,0.01,0.01,76831.26,1776768962000
1776768964.401,64.401,0.26,0.27,0.73,0.74,0.01,0.01,76830.2,1776768963000
1776768964.841,64.841,0.26,0.27,0.73,0.74,0.01,0.01,76830.2,1776768963000
1776768965.232,65.232,0.25,0.27,0.73,0.75,0.02,0.02,76830.2,1776768963000
1776768965.594,65.594,0.26,0.27,0.73,0.74,0.01,0.01,76830.3,1776768964000
1776768965.955,65.955,0.25,0.27,0.73,0.75,0.02,0.02,76830.3,1776768964000
1776768966.307,66.307,0.26,0.27,0.73,0.74,0.01,0.01,76828.94,1776768965000
1776768966.788,66.788,0.26,0.27,0.73,0.74,0.01,0.01,76828.94,1776768965000
1776768967.294,67.294,0.26,0.27,0.73,0.74,0.01,0.01,76828.94,1776768965000
1776768967.713,67.713,0.24,0.25,0.75,0.76,0.01,0.01,76827.59,1776768966000
1776768968.136,68.136,0.24,0.25,0.75,0.76,0.01,0.01,76827.59,1776768966000
1776768968.554,68.554,0.24,0.25,0.75,0.76,0.01,0.01,76826.76,1776768967000
1776768968.929,68.929,0.24,0.25,0.75,0.76,0.01,0.01,76826.76,1776768967000
1776768969.297,69.297,0.23,0.24,0.75,0.77,0.01,0.02,76826.76,1776768967000
1776768969.894,69.894,0.23,0.24,0.76,0.77,0.01,0.01,76826.49,1776768968000
1776768970.911,70.911,0.23,0.24,0.76,0.77,0.01,0.01,76825.5,1776768969000
1776768971.358,71.358,0.23,0.24,0.76,0.77,0.01,0.01,76824.49,1776768970000
1776768971.894,71.894,0.23,0.24,0.76,0.77,0.01,0.01,76824.49,1776768970000
1776768972.4,72.4,0.23,0.24,0.76,0.77,0.01,0.01,76824.49,1776768970000
1776768972.831,72.831,0.23,0.25,0.76,0.77,0.02,0.01,76823.97,1776768971000
1776768973.264,73.264,0.24,0.25,0.75,0.77,0.01,0.02,76823.97,1776768971000
1776768973.772,73.772,0.23,0.24,0.76,0.77,0.01,0.01,76819.92,1776768972000
1776768974.292,74.292,0.23,0.24,0.76,0.77,0.01,0.01,76819.54,1776768973000
1776768974.652,74.652,0.23,0.24,0.76,0.77,0.01,0.01,76819.54,1776768973000
1776768974.996,74.996,0.28,0.3,0.71,0.72,0.02,0.01,76820.71,1776768974000
1776768975.332,75.332,0.28,0.29,0.71,0.72,0.01,0.01,76820.71,1776768974000
1776768975.749,75.749,0.31,0.34,0.59,0.69,0.03,0.1,76820.71,1776768974000
1776768976.105,76.105,0.31,0.33,0.67,0.69,0.02,0.02,76820.71,1776768974000
1776768976.52,76.52,0.33,0.34,0.66,0.67,0.01,0.01,76820.71,1776768974000
1776768976.911,76.911,0.33,0.34,0.66,0.67,0.01,0.01,76821.13,1776768975000
1776768977.248,77.248,0.33,0.34,0.66,0.67,0.01,0.01,76834.9,1776768976000
1776768977.871,77.871,0.33,0.34,0.66,0.67,0.01,0.01,76834.9,1776768976000
1776768978.262,78.262,0.33,0.34,0.66,0.67,0.01,0.01,76834.9,1776768976000
1776768978.639,78.639,0.33,0.34,0.66,0.67,0.01,0.01,76834.9,1776768976000
1776768979.01,79.01,0.33,0.34,0.66,0.67,0.01,0.01,76836.93,1776768977000
1776768979.345,79.345,0.31,0.32,0.68,0.69,0.01,0.01,76836.93,1776768977000
1776768979.712,79.712,0.3,0.31,0.68,0.7,0.01,0.02,76836.93,1776768977000
1776768980.062,80.062,0.3,0.31,0.69,0.7,0.01,0.01,76837.17,1776768978000
1776768980.731,80.731,0.3,0.31,0.69,0.7,0.01,0.01,76836.07,1776768979000
1776768981.105,81.105,0.3,0.31,0.69,0.7,0.01,0.01,76836.07,1776768979000
1776768981.496,81.496,0.29,0.3,0.7,0.71,0.01,0.01,76833.54,1776768980000
1776768982.043,82.043,0.28,0.3,0.7,0.71,0.02,0.01,76833.54,1776768980000
1776768982.381,82.381,0.22,0.23,0.77,0.78,0.01,0.01,76831.32,1776768981000
1776768982.725,82.725,0.18,0.2,0.8,0.82,0.02,0.02,76831.32,1776768981000
1776768983.176,83.176,0.22,0.23,0.77,0.78,0.01,0.01,76831.32,1776768981000
1776768983.518,83.518,0.22,0.23,0.77,0.78,0.01,0.01,76831.08,1776768982000
1776768983.865,83.865,0.23,0.24,0.76,0.77,0.01,0.01,76831.08,1776768982000
1776768984.287,84.287,0.23,0.24,0.76,0.77,0.01,0.01,76818.9,1776768983000
1776768984.641,84.641,0.23,0.24,0.76,0.77,0.01,0.01,76818.9,1776768983000
1776768985.02,85.02,0.23,0.24,0.76,0.77,0.01,0.01,76818.9,1776768983000
1776768985.358,85.358,0.23,0.24,0.76,0.77,0.01,0.01,76818.84,1776768984000
1776768985.77,85.77,0.23,0.25,0.75,0.77,0.02,0.02,76818.84,1776768984000
1776768986.279,86.279,0.23,0.25,0.75,0.77,0.02,0.02,76818.45,1776768985000
1776768986.679,86.679,0.23,0.25,0.75,0.77,0.02,0.02,76818.45,1776768985000
1776768987.042,87.042,0.23,0.25,0.75,0.77,0.02,0.02,76818.45,1776768985000
1776768987.453,87.453,0.24,0.25,0.73,0.77,0.01,0.04,76818.45,1776768985000
1776768987.898,87.898,0.24,0.25,0.75,0.76,0.01,0.01,76818.95,1776768986000
1776768988.257,88.257,0.26,0.27,0.73,0.74,0.01,0.01,76819.06,1776768987000
1776768988.717,88.717,0.24,0.25,0.75,0.77,0.01,0.02,76819.06,1776768987000
1776768989.06,89.06,0.24,0.25,0.75,0.76,0.01,0.01,76819.06,1776768987000
1776768989.407,89.407,0.24,0.25,0.75,0.76,0.01,0.01,76819.06,1776768987000
1776768989.809,89.809,0.23,0.24,0.76,0.77,0.01,0.01,76818.69,1776768988000
1776768990.255,90.255,0.22,0.23,0.77,0.78,0.01,0.01,76818.69,1776768988000
1776768990.616,90.616,0.22,0.23,0.77,0.78,0.01,0.01,76818.22,1776768989000
1776768991.016,91.016,0.22,0.23,0.77,0.78,0.01,0.01,76818.22,1776768989000
1776768991.384,91.384,0.22,0.23,0.77,0.78,0.01,0.01,76818.22,1776768989000
1776768992.51,92.51,0.23,0.24,0.76,0.78,0.01,0.02,76817.0,1776768990000
1776768992.851,92.851,0.23,0.24,0.76,0.77,0.01,0.01,76816.06,1776768991000
1776768993.228,93.228,0.24,0.25,0.75,0.76,0.01,0.01,76816.06,1776768991000
1776768993.621,93.621,0.24,0.25,0.75,0.76,0.01,0.01,76816.27,1776768992000
1776768993.978,93.978,0.24,0.25,0.75,0.76,0.01,0.01,76816.27,1776768992000
1776768994.73,94.73,0.24,0.25,0.75,0.76,0.01,0.01,76817.45,1776768993000
1776768995.243,95.243,0.24,0.25,0.75,0.76,0.01,0.01,76817.45,1776768993000
1776768995.579,95.579,0.24,0.25,0.75,0.76,0.01,0.01,76818.0,1776768994000
1776768995.95,95.95,0.24,0.25,0.75,0.76,0.01,0.01,76818.0,1776768994000
1776768996.314,96.314,0.24,0.25,0.75,0.76,0.01,0.01,76818.59,1776768995000
1776768996.722,96.722,0.24,0.25,0.75,0.76,0.01,0.01,76818.59,1776768995000
1776768997.144,97.144,0.24,0.25,0.75,0.76,0.01,0.01,76818.58,1776768996000
1776768997.809,97.809,0.24,0.25,0.75,0.76,0.01,0.01,76818.58,1776768996000
1776768998.435,98.435,0.24,0.25,0.75,0.76,0.01,0.01,76818.58,1776768996000
1776768998.813,98.813,0.24,0.25,0.75,0.76,0.01,0.01,76819.92,1776768997000
1776768999.424,99.424,0.24,0.25,0.75,0.76,0.01,0.01,76819.92,1776768997000
1776768999.834,99.834,0.23,0.25,0.75,0.76,0.02,0.01,76819.92,1776768997000
1776769000.179,100.179,0.23,0.24,0.76,0.77,0.01,0.01,76819.7,1776768998000
1776769000.534,100.534,0.23,0.24,0.76,0.77,0.01,0.01,76819.7,1776768999000
1776769000.918,100.918,0.22,0.23,0.77,0.78,0.01,0.01,76819.7,1776768999000
1776769001.33,101.33,0.22,0.23,0.77,0.78,0.01,0.01,76819.68,1776769000000
1776769001.992,101.992,0.22,0.23,0.77,0.78,0.01,0.01,76819.68,1776769000000
1776769002.672,102.672,0.21,0.22,0.77,0.78,0.01,0.01,76819.68,1776769000000
1776769003.017,103.017,0.21,0.22,0.78,0.79,0.01,0.01,76819.55,1776769001000
1776769003.494,103.494,0.21,0.22,0.78,0.79,0.01,0.01,76819.55,1776769001000
1776769003.911,103.911,0.21,0.22,0.78,0.79,0.01,0.01,76819.58,1776769002000
1776769004.262,104.262,0.2,0.22,0.78,0.79,0.02,0.01,76819.61,1776769003000
1776769004.601,104.601,0.19,0.2,0.8,0.82,0.01,0.02,76819.61,1776769003000
1776769004.969,104.969,0.18,0.19,0.81,0.82,0.01,0.01,76819.61,1776769003000
1776769005.468,105.468,0.18,0.19,0.81,0.82,0.01,0.01,76819.61,1776769003000
1776769005.826,105.826,0.18,0.19,0.81,0.82,0.01,0.01,76818.24,1776769004000
1776769006.48,106.48,0.18,0.19,0.81,0.82,0.01,0.01,76818.24,1776769004000
1776769007.269,107.269,0.18,0.19,0.81,0.82,0.01,0.01,76814.15,1776769006000
1776769008.069,108.069,0.18,0.19,0.81,0.82,0.01,0.01,76814.15,1776769006000
1776769008.851,108.851,0.17,0.19,0.81,0.82,0.02,0.01,76814.15,1776769006000
1776769009.239,109.239,0.17,0.18,0.82,0.83,0.01,0.01,76813.35,1776769008000
1776769009.593,109.593,0.17,0.18,0.82,0.83,0.01,0.01,76813.35,1776769008000
1776769009.979,109.979,0.17,0.18,0.82,0.83,0.01,0.01,76813.35,1776769008000
1776769010.705,110.705,0.17,0.18,0.82,0.83,0.01,0.01,76812.87,1776769009000
1776769011.355,111.355,0.17,0.18,0.82,0.83,0.01,0.01,76812.87,1776769009000
1776769012.516,112.516,0.17,0.18,0.82,0.83,0.01,0.01,76812.75,1776769011000
1776769013.025,113.025,0.17,0.18,0.82,0.83,0.01,0.01,76812.75,1776769011000
1776769014.086,114.086,0.17,0.18,0.82,0.83,0.01,0.01,76813.32,1776769012000
1776769014.544,114.544,0.17,0.18,0.82,0.83,0.01,0.01,76812.77,1776769013000
1776769014.921,114.921,0.15,0.18,0.82,0.85,0.03,0.03,76812.77,1776769013000
1776769015.261,115.261,0.15,0.16,0.84,0.85,0.01,0.01,76803.77,1776769014000
1776769015.616,115.616,0.15,0.16,0.84,0.85,0.01,0.01,76803.77,1776769014000
1776769016.044,116.044,0.15,0.16,0.84,0.85,0.01,0.01,76803.77,1776769014000
1776769016.401,116.401,0.16,0.19,0.81,0.83,0.03,0.02,76803.77,1776769014000
1776769016.737,116.737,0.17,0.18,0.82,0.83,0.01,0.01,76806.36,1776769015000
1776769017.081,117.081,0.17,0.18,0.82,0.83,0.01,0.01,76806.55,1776769016000
1776769017.458,117.458,0.17,0.18,0.82,0.83,0.01,0.01,76806.55,1776769016000
1776769017.825,117.825,0.17,0.18,0.82,0.83,0.01,0.01,76806.55,1776769016000
1776769018.285,118.285,0.17,0.18,0.82,0.83,0.01,0.01,76806.55,1776769016000
1776769018.994,118.994,0.17,0.18,0.82,0.83,0.01,0.01,76806.79,1776769017000
1776769019.47,119.47,0.16,0.18,0.82,0.84,0.02,0.02,76808.71,1776769018000
1776769019.822,119.822,0.16,0.17,0.83,0.84,0.01,0.01,76808.71,1776769018000
1776769020.416,120.416,0.16,0.17,0.83,0.84,0.01,0.01,76808.71,1776769018000
1776769020.776,120.776,0.16,0.17,0.83,0.84,0.01,0.01,76808.53,1776769019000
1776769021.212,121.212,0.15,0.16,0.84,0.85,0.01,0.01,76808.53,1776769020000
1776769021.632,121.632,0.15,0.16,0.84,0.85,0.01,0.01,76808.53,1776769020000
1776769021.979,121.979,0.15,0.16,0.84,0.85,0.01,0.01,76808.53,1776769020000
1776769022.352,122.352,0.15,0.16,0.84,0.85,0.01,0.01,76808.53,1776769020000
1776769022.908,122.908,0.15,0.16,0.84,0.85,0.01,0.01,76808.45,1776769021000
1776769023.302,123.302,0.15,0.16,0.84,0.85,0.01,0.01,76803.48,1776769022000
1776769023.793,123.793,0.15,0.16,0.84,0.85,0.01,0.01,76803.48,1776769022000
1776769024.154,124.154,0.15,0.16,0.84,0.85,0.01,0.01,76800.22,1776769023000
1776769024.496,124.496,0.15,0.16,0.84,0.85,0.01,0.01,76800.22,1776769023000
1776769024.83,124.83,0.15,0.18,0.82,0.85,0.03,0.03,76800.22,1776769023000
1776769025.193,125.193,0.17,0.18,0.82,0.83,0.01,0.01,76799.69,1776769024000
1776769025.768,125.768,0.17,0.18,0.82,0.83,0.01,0.01,76799.69,1776769024000
1776769026.154,126.154,0.17,0.18,0.82,0.83,0.01,0.01,76799.69,1776769024000
1776769026.538,126.538,0.17,0.18,0.82,0.83,0.01,0.01,76799.71,1776769025000
1776769026.9,126.9,0.17,0.18,0.82,0.83,0.01,0.01,76799.71,1776769025000
1776769027.419,127.419,0.15,0.17,0.82,0.83,0.02,0.01,76804.66,1776769026000
1776769027.919,127.919,0.14,0.15,0.84,0.86,0.01,0.02,76804.66,1776769026000
1776769028.282,128.282,0.14,0.15,0.85,0.86,0.01,0.01,76806.04,1776769027000
1776769028.702,128.702,0.14,0.15,0.85,0.86,0.01,0.01,76806.04,1776769027000
1776769029.173,129.173,0.15,0.16,0.84,0.85,0.01,0.01,76806.48,1776769028000
1776769029.82,129.82,0.15,0.16,0.84,0.85,0.01,0.01,76806.48,1776769028000
1776769030.353,130.353,0.15,0.16,0.84,0.85,0.01,0.01,76805.16,1776769029000
1776769030.73,130.73,0.15,0.16,0.84,0.85,0.01,0.01,76805.16,1776769029000
1776769031.169,131.169,0.15,0.16,0.84,0.85,0.01,0.01,76805.14,1776769030000
1776769031.545,131.545,0.15,0.16,0.84,0.85,0.01,0.01,76805.14,1776769030000
1776769032.081,132.081,0.15,0.16,0.84,0.85,0.01,0.01,76805.14,1776769030000
1776769032.668,132.668,0.15,0.16,0.84,0.85,0.01,0.01,76805.49,1776769031000
1776769033.009,133.009,0.15,0.16,0.84,0.85,0.01,0.01,76805.49,1776769031000
1776769033.435,133.435,0.14,0.16,0.84,0.86,0.02,0.02,76805.49,1776769032000
1776769034.173,134.173,0.14,0.15,0.85,0.86,0.01,0.01,76805.12,1776769033000
1776769035.221,135.221,0.14,0.15,0.85,0.86,0.01,0.01,76805.11,1776769034000
1776769035.921,135.921,0.13,0.14,0.85,0.87,0.01,0.02,76805.11,1776769034000
1776769036.347,136.347,0.13,0.14,0.86,0.87,0.01,0.01,76803.61,1776769035000
1776769036.711,136.711,0.13,0.14,0.86,0.87,0.01,0.01,76803.61,1776769035000
1776769037.099,137.099,0.13,0.14,0.86,0.87,0.01,0.01,76801.85,1776769036000
1776769037.482,137.482,0.13,0.14,0.86,0.87,0.01,0.01,76801.85,1776769036000
1776769037.924,137.924,0.13,0.14,0.86,0.87,0.01,0.01,76801.85,1776769036000
1776769038.283,138.283,0.13,0.14,0.86,0.87,0.01,0.01,76801.85,1776769036000
1776769038.781,138.781,0.14,0.15,0.85,0.86,0.01,0.01,76801.85,1776769037000
1776769039.183,139.183,0.14,0.17,0.85,0.86,0.03,0.01,76801.85,1776769037000
1776769039.517,139.517,0.12,0.13,0.87,0.88,0.01,0.01,76801.74,1776769038000
1776769039.881,139.881,0.12,0.13,0.87,0.88,0.01,0.01,76801.74,1776769038000
1776769040.406,140.406,0.12,0.13,0.87,0.88,0.01,0.01,76801.87,1776769039000
1776769040.758,140.758,0.11,0.12,0.88,0.89,0.01,0.01,76801.87,1776769039000
1776769041.283,141.283,0.11,0.12,0.88,0.89,0.01,0.01,76805.19,1776769040000
1776769041.723,141.723,0.11,0.12,0.88,0.89,0.01,0.01,76805.19,1776769040000
1776769042.084,142.084,0.11,0.12,0.88,0.89,0.01,0.01,76805.19,1776769040000
1776769042.52,142.52,0.11,0.12,0.88,0.89,0.01,0.01,76802.46,1776769041000
1776769042.984,142.984,0.11,0.12,0.88,0.89,0.01,0.01,76802.43,1776769042000
1776769043.66,143.66,0.11,0.12,0.88,0.89,0.01,0.01,76802.43,1776769042000
1776769044.0,144.0,0.11,0.12,0.88,0.89,0.01,0.01,76802.43,1776769042000
1776769044.406,144.406,0.11,0.12,0.88,0.89,0.01,0.01,76801.79,1776769043000
1776769044.964,144.964,0.1,0.11,0.89,0.9,0.01,0.01,76801.79,1776769043000
1776769045.313,145.313,0.1,0.11,0.89,0.9,0.01,0.01,76801.65,1776769044000
1776769045.817,145.817,0.1,0.11,0.89,0.9,0.01,0.01,76801.65,1776769044000
1776769046.219,146.219,0.1,0.11,0.89,0.9,0.01,0.01,76801.65,1776769045000
1776769046.657,146.657,0.1,0.11,0.89,0.9,0.01,0.01,76801.65,1776769045000
1776769047.116,147.116,0.1,0.11,0.89,0.9,0.01,0.01,76801.65,1776769045000
1776769047.57,147.57,0.12,0.14,0.86,0.88,0.02,0.02,76801.34,1776769046000
1776769047.942,147.942,0.14,0.15,0.85,0.86,0.01,0.01,76801.34,1776769046000
1776769048.312,148.312,0.14,0.15,0.85,0.86,0.01,0.01,76800.0,1776769047000
1776769048.689,148.689,0.13,0.15,0.85,0.86,0.02,0.01,76800.0,1776769047000
1776769049.035,149.035,0.13,0.14,0.86,0.87,0.01,0.01,76800.0,1776769047000
1776769049.381,149.381,0.13,0.14,0.86,0.87,0.01,0.01,76800.24,1776769048000
1776769049.727,149.727,0.12,0.13,0.87,0.88,0.01,0.01,76800.24,1776769048000
1776769050.113,150.113,0.12,0.13,0.87,0.88,0.01,0.01,76800.24,1776769048000
1776769050.463,150.463,0.12,0.13,0.87,0.88,0.01,0.01,76802.21,1776769049000
1776769050.806,150.806,0.11,0.12,0.88,0.89,0.01,0.01,76802.21,1776769049000
1776769051.201,151.201,0.11,0.12,0.88,0.89,0.01,0.01,76801.99,1776769050000
1776769051.71,151.71,0.11,0.12,0.88,0.89,0.01,0.01,76801.99,1776769050000
1776769052.118,152.118,0.11,0.12,0.88,0.89,0.01,0.01,76801.8,1776769051000
1776769052.95,152.95,0.11,0.13,0.88,0.89,0.02,0.01,76801.8,1776769051000
1776769053.318,153.318,0.11,0.13,0.87,0.89,0.02,0.02,76801.72,1776769052000
1776769053.679,153.679,0.11,0.12,0.88,0.89,0.01,0.01,76801.72,1776769052000
1776769054.14,154.14,0.11,0.12,0.88,0.89,0.01,0.01,76801.72,1776769052000
1776769054.761,154.761,0.11,0.12,0.88,0.89,0.01,0.01,76801.72,1776769052000
1776769055.205,155.205,0.11,0.12,0.88,0.89,0.01,0.01,76802.65,1776769053000
1776769055.735,155.735,0.11,0.12,0.88,0.89,0.01,0.01,76802.58,1776769054000
1776769056.344,156.344,0.11,0.12,0.88,0.89,0.01,0.01,76802.58,1776769054000
1776769056.851,156.851,0.11,0.12,0.88,0.89,0.01,0.01,76802.15,1776769055000
1776769057.664,157.664,0.11,0.12,0.88,0.89,0.01,0.01,76802.23,1776769056000
1776769058.134,158.134,0.11,0.12,0.88,0.89,0.01,0.01,76802.23,1776769056000
1776769058.674,158.674,0.11,0.12,0.88,0.89,0.01,0.01,76802.23,1776769057000
1776769059.268,159.268,0.11,0.12,0.88,0.89,0.01,0.01,76802.2,1776769058000
1776769059.657,159.657,0.11,0.12,0.88,0.89,0.01,0.01,76802.2,1776769058000
1776769060.019,160.019,0.11,0.12,0.88,0.89,0.01,0.01,76802.2,1776769058000
1776769060.395,160.395,0.11,0.12,0.88,0.89,0.01,0.01,76802.23,1776769059000
1776769060.75,160.75,0.11,0.12,0.88,0.89,0.01,0.01,76802.23,1776769059000
1776769061.114,161.114,0.11,0.12,0.88,0.89,0.01,0.01,76802.04,1776769060000
1776769061.535,161.535,0.11,0.12,0.88,0.89,0.01,0.01,76802.04,1776769060000
1776769062.1,162.1,0.09,0.1,0.88,0.9,0.01,0.02,76802.04,1776769060000
1776769062.645,162.645,0.09,0.1,0.9,0.91,0.01,0.01,76801.98,1776769061000
1776769062.983,162.983,0.07,0.09,0.91,0.93,0.02,0.02,76801.98,1776769061000
1776769063.321,163.321,0.06,0.07,0.93,0.94,0.01,0.01,76801.98,1776769061000
1776769063.664,163.664,0.06,0.07,0.93,0.94,0.01,0.01,76801.98,1776769062000
1776769064.001,164.001,0.06,0.07,0.93,0.94,0.01,0.01,76801.98,1776769062000
1776769064.417,164.417,0.06,0.07,0.93,0.94,0.01,0.01,76801.98,1776769062000
1776769064.75,164.75,0.06,0.07,0.93,0.94,0.01,0.01,76794.56,1776769063000
1776769065.099,165.099,0.06,0.07,0.93,0.94,0.01,0.01,76789.48,1776769064000
1776769066.075,166.075,0.06,0.07,0.93,0.94,0.01,0.01,76789.48,1776769064000
1776769066.649,166.649,0.06,0.07,0.93,0.94,0.01,0.01,76786.33,1776769065000
1776769067.038,167.038,0.05,0.07,0.93,0.94,0.02,0.01,76786.33,1776769065000
1776769067.475,167.475,0.05,0.07,0.93,0.95,0.02,0.02,76785.51,1776769066000
1776769067.849,167.849,0.05,0.06,0.94,0.95,0.01,0.01,76785.51,1776769066000
1776769068.362,168.362,0.05,0.06,0.94,0.95,0.01,0.01,76785.49,1776769067000
1776769068.738,168.738,0.05,0.06,0.94,0.95,0.01,0.01,76785.49,1776769067000
1776769069.199,169.199,0.05,0.06,0.94,0.95,0.01,0.01,76785.49,1776769067000
1776769069.622,169.622,0.05,0.06,0.94,0.95,0.01,0.01,76785.49,1776769067000
1776769070.179,170.179,0.05,0.06,0.94,0.95,0.01,0.01,76785.15,1776769068000
1776769070.703,170.703,0.05,0.06,0.94,0.95,0.01,0.01,76784.36,1776769069000
1776769071.105,171.105,0.05,0.06,0.94,0.95,0.01,0.01,76780.92,1776769070000
1776769071.525,171.525,0.04,0.05,0.95,0.96,0.01,0.01,76780.92,1776769070000
1776769072.226,172.226,0.04,0.05,0.95,0.96,0.01,0.01,76776.61,1776769071000
1776769072.938,172.938,0.04,0.05,0.95,0.96,0.01,0.01,76776.61,1776769071000
1776769073.319,173.319,0.04,0.05,0.95,0.96,0.01,0.01,76776.61,1776769071000
1776769073.716,173.716,0.04,0.05,0.95,0.96,0.01,0.01,76776.61,1776769071000
1776769074.127,174.127,0.04,0.05,0.95,0.96,0.01,0.01,76774.86,1776769072000
1776769074.509,174.509,0.04,0.07,0.95,0.96,0.03,0.01,76774.86,1776769072000
1776769074.871,174.871,0.04,0.05,0.95,0.96,0.01,0.01,76773.57,1776769073000
1776769075.239,175.239,0.04,0.05,0.95,0.96,0.01,0.01,76773.57,1776769073000
1776769075.657,175.657,0.04,0.05,0.95,0.96,0.01,0.01,76771.03,1776769074000
1776769076.644,176.644,0.04,0.05,0.95,0.96,0.01,0.01,76770.7,1776769075000
1776769077.317,177.317,0.04,0.05,0.95,0.96,0.01,0.01,76771.22,1776769076000
1776769077.938,177.938,0.04,0.05,0.95,0.96,0.01,0.01,76771.22,1776769076000
1776769078.611,178.611,0.04,0.06,0.94,0.96,0.02,0.02,76773.59,1776769077000
1776769079.272,179.272,0.04,0.06,0.94,0.96,0.02,0.02,76774.63,1776769078000
1776769080.26,180.26,0.05,0.06,0.94,0.96,0.01,0.02,76774.63,1776769078000
1776769080.682,180.682,0.05,0.06,0.94,0.95,0.01,0.01,76785.47,1776769079000
1776769081.118,181.118,0.05,0.06,0.94,0.95,0.01,0.01,76785.47,1776769079000
1776769081.512,181.512,0.06,0.07,0.93,0.94,0.01,0.01,76788.56,1776769080000
1776769081.896,181.896,0.06,0.07,0.93,0.94,0.01,0.01,76788.56,1776769080000
1776769082.241,182.241,0.07,0.09,0.91,0.93,0.02,0.02,76790.25,1776769081000
1776769082.586,182.586,0.05,0.06,0.94,0.95,0.01,0.01,76790.25,1776769081000
1776769082.919,182.919,0.05,0.06,0.94,0.95,0.01,0.01,76790.25,1776769081000
1776769083.327,183.327,0.06,0.07,0.93,0.95,0.01,0.02,76790.25,1776769081000
1776769083.663,183.663,0.06,0.07,0.93,0.94,0.01,0.01,76789.85,1776769082000
1776769084.071,184.071,0.06,0.08,0.92,0.94,0.02,0.02,76786.46,1776769083000
1776769084.637,184.637,0.07,0.08,0.92,0.93,0.01,0.01,76786.46,1776769083000
1776769084.999,184.999,0.07,0.08,0.92,0.93,0.01,0.01,76786.46,1776769083000
1776769085.621,185.621,0.07,0.08,0.92,0.93,0.01,0.01,76786.42,1776769084000
1776769086.049,186.049,0.07,0.08,0.92,0.93,0.01,0.01,76786.42,1776769084000
1776769086.422,186.422,0.07,0.08,0.92,0.93,0.01,0.01,76788.84,1776769085000
1776769086.846,186.846,0.07,0.08,0.92,0.93,0.01,0.01,76788.84,1776769085000
1776769087.614,187.614,0.07,0.08,0.92,0.93,0.01,0.01,76788.88,1776769086000
1776769088.086,188.086,0.07,0.08,0.92,0.93,0.01,0.01,76788.78,1776769087000
1776769088.467,188.467,0.07,0.08,0.92,0.93,0.01,0.01,76788.78,1776769087000
1776769089.105,189.105,0.07,0.08,0.92,0.93,0.01,0.01,76788.78,1776769088000
1776769089.445,189.445,0.07,0.08,0.92,0.93,0.01,0.01,76788.78,1776769088000
1776769089.999,189.999,0.07,0.08,0.92,0.93,0.01,0.01,76788.78,1776769088000
1776769090.393,190.393,0.07,0.08,0.92,0.93,0.01,0.01,76790.44,1776769089000
1776769090.818,190.818,0.07,0.08,0.92,0.93,0.01,0.01,76790.44,1776769089000
1776769091.327,191.327,0.07,0.08,0.92,0.93,0.01,0.01,76790.44,1776769089000
1776769091.664,191.664,0.07,0.08,0.92,0.93,0.01,0.01,76790.5,1776769090000
1776769092.047,192.047,0.07,0.08,0.92,0.93,0.01,0.01,76790.5,1776769090000
1776769092.403,192.403,0.07,0.08,0.92,0.93,0.01,0.01,76790.49,1776769091000
1776769092.742,192.742,0.07,0.08,0.92,0.93,0.01,0.01,76790.49,1776769091000
1776769093.093,193.093,0.07,0.08,0.92,0.93,0.01,0.01,76790.47,1776769092000
1776769093.591,193.591,0.07,0.08,0.92,0.93,0.01,0.01,76790.47,1776769092000
1776769093.945,193.945,0.06,0.07,0.93,0.94,0.01,0.01,76790.47,1776769092000
1776769094.425,194.425,0.06,0.07,0.93,0.94,0.01,0.01,76790.26,1776769093000
1776769094.759,194.759,0.06,0.07,0.93,0.94,0.01,0.01,76790.26,1776769093000
1776769095.177,195.177,0.06,0.07,0.93,0.94,0.01,0.01,76790.1,1776769094000
1776769095.841,195.841,0.06,0.07,0.93,0.94,0.01,0.01,76790.1,1776769094000
1776769096.215,196.215,0.06,0.07,0.93,0.94,0.01,0.01,76788.68,1776769095000
1776769096.572,196.572,0.06,0.07,0.93,0.94,0.01,0.01,76788.68,1776769095000
1776769096.949,196.949,0.05,0.06,0.94,0.95,0.01,0.01,76788.68,1776769095000
1776769097.353,197.353,0.05,0.06,0.94,0.95,0.01,0.01,76788.15,1776769096000
1776769097.896,197.896,0.04,0.06,0.94,0.95,0.02,0.01,76788.15,1776769096000
1776769098.383,198.383,0.04,0.06,0.94,0.96,0.02,0.02,76786.63,1776769097000
1776769098.719,198.719,0.04,0.05,0.95,0.96,0.01,0.01,76786.63,1776769097000
1776769099.11,199.11,0.04,0.05,0.95,0.96,0.01,0.01,76786.63,1776769097000
1776769099.457,199.457,0.04,0.05,0.95,0.96,0.01,0.01,76786.63,1776769097000
1776769099.803,199.803,0.04,0.05,0.95,0.96,0.01,0.01,76786.63,1776769097000
1776769100.145,200.145,0.03,0.04,0.96,0.97,0.01,0.01,76780.5,1776769098000
1776769100.623,200.623,0.03,0.04,0.96,0.97,0.01,0.01,76780.32,1776769099000
1776769101.009,201.009,0.03,0.04,0.96,0.97,0.01,0.01,76780.32,1776769099000
1776769101.368,201.368,0.03,0.04,0.96,0.97,0.01,0.01,76779.71,1776769100000
1776769102.176,202.176,0.03,0.04,0.96,0.97,0.01,0.01,76779.71,1776769100000
1776769102.743,202.743,0.03,0.04,0.96,0.97,0.01,0.01,76780.85,1776769101000
1776769103.2,203.2,0.03,0.04,0.96,0.97,0.01,0.01,76780.85,1776769101000
1776769103.55,203.55,0.03,0.04,0.96,0.97,0.01,0.01,76781.46,1776769102000
1776769103.926,203.926,0.03,0.04,0.96,0.97,0.01,0.01,76782.74,1776769103000
1776769104.611,204.611,0.03,0.04,0.96,0.97,0.01,0.01,76782.74,1776769103000
1776769105.085,205.085,0.03,0.04,0.96,0.97,0.01,0.01,76782.83,1776769104000
1776769106.136,206.136,0.03,0.04,0.96,0.97,0.01,0.01,76782.83,1776769104000
1776769106.632,206.632,0.04,0.05,0.95,0.97,0.01,0.02,76782.88,1776769105000
1776769107.391,207.391,0.04,0.05,0.95,0.96,0.01,0.01,76782.88,1776769105000
1776769107.869,207.869,0.04,0.05,0.95,0.96,0.01,0.01,76783.05,1776769106000
1776769108.61,208.61,0.04,0.05,0.95,0.96,0.01,0.01,76783.05,1776769107000
1776769109.09,209.09,0.04,0.05,0.95,0.96,0.01,0.01,76783.05,1776769107000
1776769109.504,209.504,0.04,0.05,0.95,0.96,0.01,0.01,76783.09,1776769108000
1776769110.037,210.037,0.04,0.05,0.95,0.96,0.01,0.01,76783.72,1776769109000
1776769110.423,210.423,0.03,0.05,0.95,0.96,0.02,0.01,76783.72,1776769109000
1776769110.83,210.83,0.04,0.05,0.95,0.96,0.01,0.01,76783.72,1776769109000
1776769111.457,211.457,0.03,0.04,0.96,0.97,0.01,0.01,76787.03,1776769110000
1776769111.791,211.791,0.03,0.04,0.96,0.97,0.01,0.01,76787.03,1776769110000
1776769112.203,212.203,0.03,0.04,0.96,0.97,0.01,0.01,76787.01,1776769111000
1776769112.865,212.865,0.03,0.04,0.96,0.97,0.01,0.01,76787.01,1776769111000
1776769113.253,213.253,0.03,0.04,0.96,0.97,0.01,0.01,76785.9,1776769112000
1776769113.717,213.717,0.03,0.04,0.96,0.97,0.01,0.01,76785.9,1776769112000
1776769114.251,214.251,0.03,0.04,0.96,0.97,0.01,0.01,76785.9,1776769112000
1776769114.694,214.694,0.03,0.04,0.96,0.97,0.01,0.01,76785.63,1776769113000
1776769115.12,215.12,0.03,0.04,0.96,0.97,0.01,0.01,76785.63,1776769113000
1776769115.542,215.542,0.03,0.04,0.96,0.97,0.01,0.01,76786.34,1776769114000
1776769115.916,215.916,0.03,0.04,0.96,0.97,0.01,0.01,76786.34,1776769114000
1776769116.291,216.291,0.03,0.04,0.96,0.97,0.01,0.01,76786.86,1776769115000
1776769116.805,216.805,0.02,0.04,0.96,0.97,0.02,0.01,76786.86,1776769115000
1776769117.152,217.152,0.02,0.03,0.97,0.98,0.01,0.01,76786.86,1776769115000
1776769117.491,217.491,0.02,0.03,0.97,0.98,0.01,0.01,76786.57,1776769116000
1776769117.947,217.947,0.02,0.03,0.97,0.98,0.01,0.01,76786.57,1776769116000
1776769118.305,218.305,0.02,0.03,0.97,0.98,0.01,0.01,76786.57,1776769116000
1776769118.684,218.684,0.02,0.03,0.97,0.98,0.01,0.01,76786.51,1776769117000
1776769119.106,219.106,0.02,0.03,0.97,0.98,0.01,0.01,76785.86,1776769118000
1776769119.458,219.458,0.02,0.03,0.97,0.98,0.01,0.01,76785.86,1776769118000
1776769119.818,219.818,0.02,0.03,0.97,0.98,0.01,0.01,76785.86,1776769118000
1776769120.231,220.231,0.02,0.03,0.97,0.98,0.01,0.01,76786.22,1776769119000
1776769120.666,220.666,0.02,0.03,0.97,0.98,0.01,0.01,76786.22,1776769119000
1776769121.333,221.333,0.02,0.03,0.97,0.98,0.01,0.01,76786.22,1776769119000
1776769121.789,221.789,0.02,0.03,0.97,0.98,0.01,0.01,76786.39,1776769120000
1776769122.237,222.237,0.02,0.03,0.97,0.98,0.01,0.01,76786.41,1776769121000
1776769122.946,222.946,0.02,0.03,0.97,0.98,0.01,0.01,76786.41,1776769121000
1776769123.342,223.342,0.02,0.03,0.97,0.98,0.01,0.01,76786.43,1776769122000
1776769124.079,224.079,0.02,0.03,0.97,0.98,0.01,0.01,76786.43,1776769122000
1776769124.667,224.667,0.01,0.02,0.97,0.99,0.01,0.02,76788.35,1776769123000
1776769125.0,225.0,0.01,0.02,0.98,0.99,0.01,0.01,76788.35,1776769123000
1776769125.341,225.341,0.02,0.03,0.97,0.99,0.01,0.02,76788.35,1776769123000
1776769125.779,225.779,0.02,0.03,0.97,0.98,0.01,0.01,76788.86,1776769124000
1776769127.029,227.029,0.02,0.03,0.97,0.98,0.01,0.01,76788.85,1776769126000
1776769127.803,227.803,0.02,0.03,0.97,0.98,0.01,0.01,76788.85,1776769126000
1776769128.153,228.153,0.02,0.03,0.97,0.98,0.01,0.01,76787.69,1776769127000
1776769128.532,228.532,0.02,0.03,0.97,0.98,0.01,0.01,76787.69,1776769127000
1776769128.904,228.904,0.02,0.03,0.97,0.98,0.01,0.01,76787.69,1776769127000
1776769129.283,229.283,0.02,0.03,0.97,0.98,0.01,0.01,76787.45,1776769128000
1776769130.278,230.278,0.02,0.03,0.97,0.98,0.01,0.01,76787.45,1776769128000
1776769130.846,230.846,0.02,0.03,0.97,0.98,0.01,0.01,76787.45,1776769129000
1776769131.268,231.268,0.02,0.03,0.97,0.98,0.01,0.01,76787.45,1776769129000
1776769131.627,231.627,0.02,0.03,0.97,0.98,0.01,0.01,76787.45,1776769130000
1776769132.319,232.319,0.02,0.03,0.97,0.98,0.01,0.01,76787.45,1776769130000
1776769132.832,232.832,0.02,0.03,0.97,0.98,0.01,0.01,76787.11,1776769131000
1776769133.173,233.173,0.02,0.03,0.97,0.98,0.01,0.01,76787.11,1776769132000
1776769134.05,234.05,0.02,0.03,0.97,0.98,0.01,0.01,76787.11,1776769132000
1776769134.564,234.564,0.02,0.03,0.97,0.98,0.01,0.01,76787.07,1776769133000
1776769134.944,234.944,0.02,0.03,0.97,0.98,0.01,0.01,76787.07,1776769133000
1776769135.467,235.467,0.02,0.04,0.96,0.98,0.02,0.02,76787.39,1776769134000
1776769135.991,235.991,0.02,0.03,0.97,0.98,0.01,0.01,76787.1,1776769135000
1776769136.796,236.796,0.02,0.03,0.97,0.98,0.01,0.01,76787.1,1776769135000
1776769137.153,237.153,0.02,0.03,0.97,0.98,0.01,0.01,76786.76,1776769136000
1776769137.492,237.492,0.02,0.03,0.97,0.98,0.01,0.01,76786.76,1776769136000
1776769137.855,237.855,0.02,0.03,0.97,0.98,0.01,0.01,76786.76,1776769136000
1776769138.226,238.226,0.02,0.03,0.97,0.98,0.01,0.01,76786.68,1776769137000
1776769138.757,238.757,0.02,0.03,0.97,0.98,0.01,0.01,76786.68,1776769137000
1776769139.117,239.117,0.02,0.03,0.97,0.98,0.01,0.01,76786.68,1776769137000
1776769139.513,239.513,0.02,0.03,0.97,0.98,0.01,0.01,76786.56,1776769138000
1776769139.993,239.993,0.02,0.03,0.97,0.98,0.01,0.01,76786.56,1776769138000
1776769140.33,240.33,0.02,0.03,0.97,0.98,0.01,0.01,76786.56,1776769138000
1776769140.7,240.7,0.02,0.03,0.97,0.98,0.01,0.01,76786.33,1776769139000
1776769141.057,241.057,0.02,0.03,0.97,0.98,0.01,0.01,76786.29,1776769140000
1776769141.422,241.422,0.02,0.03,0.97,0.98,0.01,0.01,76786.29,1776769140000
1776769141.757,241.757,0.02,0.03,0.97,0.98,0.01,0.01,76786.29,1776769140000
1776769142.142,242.142,0.02,0.03,0.97,0.98,0.01,0.01,76784.86,1776769141000
1776769142.533,242.533,0.02,0.03,0.97,0.98,0.01,0.01,76784.86,1776769141000
1776769143.096,243.096,0.02,0.03,0.97,0.98,0.01,0.01,76784.86,1776769141000
1776769143.432,243.432,0.02,0.03,0.97,0.98,0.01,0.01,76785.11,1776769142000
1776769143.935,243.935,0.02,0.03,0.97,0.98,0.01,0.01,76785.11,1776769142000
1776769144.366,244.366,0.02,0.03,0.97,0.98,0.01,0.01,76784.97,1776769143000
1776769144.845,244.845,0.01,0.02,0.98,0.99,0.01,0.01,76784.97,1776769143000
1776769145.195,245.195,0.01,0.02,0.98,0.99,0.01,0.01,76784.97,1776769143000
1776769145.544,245.544,0.01,0.02,0.98,0.99,0.01,0.01,76784.97,1776769143000
1776769145.918,245.918,0.01,0.02,0.98,0.99,0.01,0.01,76784.81,1776769145000
1776769146.279,246.279,0.01,0.02,0.98,0.99,0.01,0.01,76784.81,1776769145000
1776769146.663,246.663,0.01,0.02,0.98,0.99,0.01,0.01,76784.81,1776769145000
1776769147.239,247.239,0.01,0.02,0.98,0.99,0.01,0.01,76784.81,1776769145000
1776769147.919,247.919,0.01,0.02,0.98,0.99,0.01,0.01,76784.89,1776769146000
1776769148.26,248.26,0.01,0.02,0.98,0.99,0.01,0.01,76784.69,1776769147000
1776769148.638,248.638,0.01,0.02,0.98,0.99,0.01,0.01,76784.69,1776769147000
1776769149.093,249.093,0.01,0.02,0.98,0.99,0.01,0.01,76784.69,1776769147000
1776769149.475,249.475,0.01,0.02,0.98,0.99,0.01,0.01,76784.87,1776769148000
1776769149.929,249.929,0.01,0.02,0.98,0.99,0.01,0.01,76784.87,1776769148000
1776769150.784,250.784,0.01,0.02,0.98,0.99,0.01,0.01,76784.87,1776769149000
1776769151.204,251.204,0.01,0.02,0.98,0.99,0.01,0.01,76784.62,1776769150000
1776769151.8,251.8,0.01,0.02,0.98,0.99,0.01,0.01,76784.62,1776769150000
1776769152.253,252.253,0.01,0.02,0.98,0.99,0.01,0.01,76784.58,1776769151000
1776769152.593,252.593,0.01,0.02,0.98,0.99,0.01,0.01,76784.58,1776769151000
1776769152.953,252.953,0.01,0.02,0.98,0.99,0.01,0.01,76784.58,1776769151000
1776769153.407,253.407,0.01,0.02,0.98,0.99,0.01,0.01,76784.6,1776769152000
1776769153.759,253.759,0.01,0.01,0.99,0.99,0.0,0.0,76784.6,1776769152000
1776769154.15,254.15,0.01,0.01,0.99,0.99,0.0,0.0,76783.5,1776769153000
1776769154.658,254.658,0.01,0.01,0.99,0.99,0.0,0.0,76783.5,1776769153000
1776769155.1,255.1,0.01,0.01,0.99,0.99,0.0,0.0,76775.26,1776769154000
1776769155.925,255.925,0.01,0.01,0.99,0.99,0.0,0.0,76775.26,1776769154000
1776769156.553,256.553,0.01,0.01,0.99,0.99,0.0,0.0,76772.57,1776769155000
1776769156.972,256.972,0.01,0.01,0.99,0.99,0.0,0.0,76772.57,1776769155000
1776769158.228,258.228,0.01,0.01,0.99,0.99,0.0,0.0,76775.7,1776769157000
1776769158.693,258.693,0.01,0.01,0.99,0.99,0.0,0.0,76775.7,1776769157000
1776769159.222,259.222,0.01,0.01,0.99,0.99,0.0,0.0,76774.3,1776769158000
1776769160.245,260.245,0.01,0.01,0.99,0.99,0.0,0.0,76774.3,1776769158000
1776769160.931,260.931,0.01,0.01,0.99,0.99,0.0,0.0,76774.25,1776769160000
1776769161.549,261.549,0.01,0.01,0.99,0.99,0.0,0.0,76774.25,1776769160000
1776769161.924,261.924,0.01,0.01,0.99,0.99,0.0,0.0,76774.25,1776769160000
1776769162.444,262.444,0.01,0.01,0.99,0.99,0.0,0.0,76775.6,1776769161000
1776769162.982,262.982,0.01,0.01,0.99,0.99,0.0,0.0,76775.6,1776769162000
1776769163.636,263.636,0.01,0.01,0.99,0.99,0.0,0.0,76775.6,1776769162000
1776769164.902,264.902,0.01,0.01,0.99,0.99,0.0,0.0,76774.77,1776769164000
1776769165.542,265.542,0.01,0.01,0.99,0.99,0.0,0.0,76774.77,1776769164000
1776769166.953,266.953,0.01,0.01,0.99,0.99,0.0,0.0,76774.67,1776769165000
1776769167.52,267.52,0.01,0.01,0.99,0.99,0.0,0.0,76774.46,1776769166000
1776769168.3,268.3,0.01,0.01,0.99,0.99,0.0,0.0,76774.67,1776769167000
1776769168.875,268.875,0.01,0.01,0.99,0.99,0.0,0.0,76774.97,1776769168000
1776769170.265,270.265,0.01,0.01,0.99,0.99,0.0,0.0,76775.16,1776769169000
1776769170.632,270.632,0.01,0.01,0.99,0.99,0.0,0.0,76775.16,1776769169000
1776769171.208,271.208,0.01,0.01,0.99,0.99,0.0,0.0,76775.04,1776769170000
1776769172.057,272.057,0.01,0.01,0.99,0.99,0.0,0.0,76775.04,1776769170000
1776769172.84,272.84,0.01,0.01,0.99,0.99,0.0,0.0,76773.61,1776769171000
1776769173.189,273.189,0.01,0.01,0.99,0.99,0.0,0.0,76775.09,1776769172000
1776769173.586,273.586,0.01,0.01,0.99,0.99,0.0,0.0,76775.09,1776769172000
1776769174.154,274.154,0.01,0.01,0.99,0.99,0.0,0.0,76776.29,1776769173000
1776769174.562,274.562,0.01,0.01,0.99,0.99,0.0,0.0,76776.29,1776769173000
1776769174.985,274.985,0.01,0.01,0.99,0.99,0.0,0.0,76776.29,1776769173000
1776769175.446,275.446,0.01,0.01,0.99,0.99,0.0,0.0,76776.4,1776769174000
1776769175.986,275.986,0.01,0.01,0.99,0.99,0.0,0.0,76776.4,1776769174000
1776769176.957,276.957,0.01,0.01,0.99,0.99,0.0,0.0,76776.38,1776769176000
1776769177.329,277.329,0.01,0.01,0.99,0.99,0.0,0.0,76776.38,1776769176000
1776769177.948,277.948,0.01,0.01,0.99,0.99,0.0,0.0,76776.42,1776769177000
1776769178.898,278.898,0.01,0.01,0.99,0.99,0.0,0.0,76776.21,1776769178000
1776769179.896,279.896,0.01,0.01,0.99,0.99,0.0,0.0,76776.2,1776769179000
1776769180.829,280.829,0.01,0.01,0.99,0.99,0.0,0.0,76775.34,1776769180000
1776769182.299,282.299,0.01,0.01,0.99,0.99,0.0,0.0,76777.28,1776769181000
1776769184.457,284.457,0.01,0.01,0.99,0.99,0.0,0.0,76776.74,1776769182000
1776769185.354,285.354,0.01,0.01,0.99,0.99,0.0,0.0,76776.74,1776769182000
1776769186.18,286.18,0.01,0.01,0.99,0.99,0.0,0.0,76777.63,1776769184000
1776769187.31,287.31,0.01,0.01,0.99,0.99,0.0,0.0,76777.79,1776769185000
1776769188.087,288.087,0.01,0.01,0.99,0.99,0.0,0.0,76777.89,1776769186000
1776769188.982,288.982,0.01,0.01,0.99,0.99,0.0,0.0,76777.87,1776769187000
1776769189.718,289.718,0.01,0.01,0.99,0.99,0.0,0.0,76777.89,1776769188000
1776769190.368,290.368,0.01,0.01,0.99,0.99,0.0,0.0,76776.2,1776769189000
1776769191.355,291.355,0.01,0.01,0.99,0.99,0.0,0.0,76776.2,1776769189000
1776769191.919,291.919,0.01,0.01,0.99,0.99,0.0,0.0,76777.2,1776769190000
1776769192.533,292.533,0.01,0.01,0.99,0.99,0.0,0.0,76777.19,1776769191000
1776769192.955,292.955,0.01,0.01,0.99,0.99,0.0,0.0,76777.19,1776769191000
1776769193.31,293.31,0.01,0.01,0.99,0.99,0.0,0.0,76777.07,1776769192000
1776769194.055,294.055,0.01,0.01,0.99,0.99,0.0,0.0,76777.07,1776769192000
1776769194.632,294.632,0.01,0.01,0.99,0.99,0.0,0.0,76772.46,1776769193000
1776769195.364,295.364,0.01,0.01,0.99,0.99,0.0,0.0,76771.65,1776769194000
1776769196.065,296.065,0.01,0.01,0.99,0.99,0.0,0.0,76771.66,1776769195000
1776769196.819,296.819,0.01,0.01,0.99,0.99,0.0,0.0,76771.66,1776769195000
1776769197.419,297.419,0.01,0.01,0.99,0.99,0.0,0.0,76772.48,1776769196000
1776769198.033,298.033,0.01,0.01,0.99,0.99,0.0,0.0,76772.38,1776769197000
1776769199.515,299.515,0.01,0.01,0.99,0.99,0.0,0.0,76771.8,1776769198000
1776769200.144,300.144,0.01,0.01,0.99,0.99,0.0,0.0,76771.8,1776769199000
1776769200.569,300.569,0.01,0.01,0.99,0.99,0.0,0.0,76771.8,1776769199000
1776769200.967,300.967,0.01,0.01,0.99,0.99,0.0,0.0,76771.8,1776769199000

# RESULT,winner=Down,slug=btc-updown-5m-1776768900,ticks=629
