timestamp,elapsed_sec,up_bid,up_ask,down_bid,down_ask,up_spread,down_spread,btc_price,btc_oracle_ts
1776895800.74,0.74,0.48,0.5,0.51,0.52,0.02,0.01,78841.99,1776895799000
1776895801.159,1.159,0.49,0.5,0.5,0.51,0.01,0.01,78841.99,1776895799000
1776895801.496,1.496,0.49,0.5,0.5,0.51,0.01,0.01,78842.09,1776895800000
1776895801.874,1.874,0.49,0.5,0.5,0.51,0.01,0.01,78842.09,1776895800000
1776895802.276,2.276,0.49,0.5,0.5,0.51,0.01,0.01,78842.09,1776895800000
1776895802.767,2.767,0.49,0.5,0.5,0.51,0.01,0.01,78842.95,1776895801000
1776895803.15,3.15,0.48,0.5,0.5,0.51,0.02,0.01,78842.95,1776895801000
1776895803.576,3.576,0.42,0.43,0.57,0.58,0.01,0.01,78843.85,1776895802000
1776895803.939,3.939,0.4,0.41,0.59,0.6,0.01,0.01,78843.85,1776895802000
1776895804.315,4.315,0.4,0.41,0.59,0.6,0.01,0.01,78843.64,1776895803000
1776895804.685,4.685,0.4,0.41,0.59,0.6,0.01,0.01,78843.64,1776895803000
1776895805.048,5.048,0.38,0.39,0.61,0.63,0.01,0.02,78843.64,1776895803000
1776895805.452,5.452,0.38,0.39,0.61,0.62,0.01,0.01,78834.89,1776895804000
1776895805.785,5.785,0.35,0.39,0.61,0.65,0.04,0.04,78834.89,1776895804000
1776895806.138,6.138,0.34,0.35,0.65,0.66,0.01,0.01,78834.89,1776895804000
1776895806.647,6.647,0.34,0.35,0.65,0.66,0.01,0.01,78824.31,1776895805000
1776895807.044,7.044,0.34,0.35,0.65,0.66,0.01,0.01,78824.31,1776895805000
1776895807.39,7.39,0.34,0.35,0.65,0.66,0.01,0.01,78819.98,1776895806000
1776895808.022,8.022,0.33,0.35,0.65,0.67,0.02,0.02,78816.5,1776895807000
1776895808.389,8.389,0.33,0.34,0.66,0.67,0.01,0.01,78816.5,1776895807000
1776895808.81,8.81,0.33,0.34,0.66,0.67,0.01,0.01,78816.5,1776895807000
1776895809.144,9.144,0.33,0.34,0.66,0.67,0.01,0.01,78815.19,1776895808000
1776895809.554,9.554,0.33,0.34,0.66,0.67,0.01,0.01,78815.19,1776895808000
1776895809.897,9.897,0.33,0.34,0.66,0.67,0.01,0.01,78815.19,1776895808000
1776895810.292,10.292,0.33,0.34,0.66,0.67,0.01,0.01,78814.74,1776895809000
1776895810.811,10.811,0.33,0.34,0.66,0.67,0.01,0.01,78814.74,1776895809000
1776895811.28,11.28,0.33,0.34,0.66,0.67,0.01,0.01,78815.61,1776895810000
1776895811.617,11.617,0.38,0.4,0.6,0.62,0.02,0.02,78815.61,1776895810000
1776895811.966,11.966,0.38,0.39,0.61,0.62,0.01,0.01,78815.94,1776895811000
1776895812.326,12.326,0.38,0.39,0.61,0.62,0.01,0.01,78815.94,1776895811000
1776895812.688,12.688,0.37,0.38,0.62,0.63,0.01,0.01,78815.94,1776895811000
1776895813.028,13.028,0.33,0.38,0.62,0.67,0.05,0.05,78817.47,1776895812000
1776895813.37,13.37,0.32,0.34,0.66,0.68,0.02,0.02,78817.47,1776895812000
1776895813.71,13.71,0.32,0.33,0.67,0.68,0.01,0.01,78817.47,1776895812000
1776895814.058,14.058,0.32,0.33,0.67,0.68,0.01,0.01,78817.47,1776895812000
1776895814.392,14.392,0.32,0.33,0.67,0.68,0.01,0.01,78820.02,1776895813000
1776895814.757,14.757,0.31,0.32,0.67,0.69,0.01,0.02,78820.02,1776895813000
1776895815.126,15.126,0.3,0.31,0.69,0.7,0.01,0.01,78820.02,1776895813000
1776895815.463,15.463,0.3,0.31,0.69,0.7,0.01,0.01,78813.46,1776895814000
1776895815.845,15.845,0.3,0.31,0.69,0.7,0.01,0.01,78813.46,1776895814000
1776895816.213,16.213,0.3,0.31,0.69,0.7,0.01,0.01,78812.76,1776895815000
1776895816.748,16.748,0.3,0.31,0.69,0.7,0.01,0.01,78812.76,1776895815000
1776895817.159,17.159,0.36,0.37,0.63,0.64,0.01,0.01,78811.8,1776895816000
1776895817.497,17.497,0.36,0.37,0.63,0.64,0.01,0.01,78811.8,1776895816000
1776895817.88,17.88,0.36,0.37,0.63,0.64,0.01,0.01,78811.8,1776895816000
1776895818.243,18.243,0.36,0.37,0.63,0.64,0.01,0.01,78809.83,1776895817000
1776895818.747,18.747,0.36,0.37,0.63,0.64,0.01,0.01,78809.83,1776895817000
1776895819.118,19.118,0.36,0.37,0.63,0.64,0.01,0.01,78812.66,1776895818000
1776895819.453,19.453,0.36,0.37,0.63,0.64,0.01,0.01,78812.66,1776895818000
1776895819.943,19.943,0.36,0.37,0.63,0.64,0.01,0.01,78812.66,1776895818000
1776895820.281,20.281,0.36,0.37,0.63,0.64,0.01,0.01,78817.98,1776895819000
1776895820.784,20.784,0.36,0.37,0.63,0.64,0.01,0.01,78817.98,1776895819000
1776895821.127,21.127,0.36,0.37,0.63,0.64,0.01,0.01,78817.98,1776895819000
1776895821.624,21.624,0.36,0.37,0.63,0.64,0.01,0.01,78818.58,1776895820000
1776895821.97,21.97,0.43,0.44,0.56,0.57,0.01,0.01,78818.58,1776895820000
1776895822.376,22.376,0.43,0.44,0.56,0.57,0.01,0.01,78818.58,1776895820000
1776895822.965,22.965,0.43,0.44,0.56,0.57,0.01,0.01,78821.8,1776895822000
1776895823.375,23.375,0.43,0.44,0.56,0.57,0.01,0.01,78821.8,1776895822000
1776895823.716,23.716,0.43,0.44,0.56,0.57,0.01,0.01,78821.8,1776895822000
1776895824.117,24.117,0.43,0.44,0.56,0.57,0.01,0.01,78821.8,1776895822000
1776895824.651,24.651,0.43,0.44,0.56,0.57,0.01,0.01,78823.44,1776895823000
1776895825.106,25.106,0.44,0.46,0.55,0.56,0.02,0.01,78823.44,1776895823000
1776895825.751,25.751,0.45,0.46,0.54,0.55,0.01,0.01,78824.62,1776895824000
1776895826.106,26.106,0.45,0.46,0.54,0.55,0.01,0.01,78824.62,1776895824000
1776895826.728,26.728,0.45,0.46,0.54,0.55,0.01,0.01,78825.2,1776895825000
1776895827.108,27.108,0.45,0.46,0.54,0.55,0.01,0.01,78825.2,1776895825000
1776895827.454,27.454,0.45,0.46,0.54,0.55,0.01,0.01,78826.68,1776895826000
1776895827.911,27.911,0.46,0.47,0.53,0.54,0.01,0.01,78826.68,1776895826000
1776895828.327,28.327,0.46,0.47,0.53,0.54,0.01,0.01,78826.68,1776895826000
1776895828.725,28.725,0.46,0.47,0.53,0.54,0.01,0.01,78827.21,1776895827000
1776895829.078,29.078,0.46,0.47,0.53,0.54,0.01,0.01,78827.6,1776895828000
1776895829.418,29.418,0.45,0.46,0.54,0.55,0.01,0.01,78827.6,1776895828000
1776895829.753,29.753,0.45,0.46,0.54,0.55,0.01,0.01,78827.6,1776895828000
1776895830.354,30.354,0.45,0.46,0.54,0.55,0.01,0.01,78828.2,1776895829000
1776895830.695,30.695,0.45,0.46,0.54,0.55,0.01,0.01,78828.2,1776895829000
1776895831.304,31.304,0.45,0.46,0.54,0.55,0.01,0.01,78828.2,1776895829000
1776895831.97,31.97,0.45,0.46,0.54,0.55,0.01,0.01,78828.17,1776895830000
1776895832.386,32.386,0.45,0.46,0.54,0.55,0.01,0.01,78827.79,1776895831000
1776895832.862,32.862,0.45,0.46,0.54,0.55,0.01,0.01,78827.79,1776895831000
1776895833.349,33.349,0.44,0.45,0.54,0.55,0.01,0.01,78827.83,1776895832000
1776895833.759,33.759,0.41,0.42,0.58,0.59,0.01,0.01,78827.83,1776895832000
1776895834.194,34.194,0.4,0.41,0.59,0.6,0.01,0.01,78828.87,1776895833000
1776895834.572,34.572,0.39,0.4,0.59,0.61,0.01,0.02,78828.87,1776895833000
1776895835.052,35.052,0.39,0.4,0.6,0.61,0.01,0.01,78828.09,1776895834000
1776895835.756,35.756,0.39,0.4,0.6,0.61,0.01,0.01,78828.09,1776895834000
1776895836.156,36.156,0.39,0.4,0.6,0.61,0.01,0.01,78825.55,1776895835000
1776895836.579,36.579,0.39,0.4,0.6,0.61,0.01,0.01,78825.55,1776895835000
1776895837.007,37.007,0.39,0.4,0.6,0.61,0.01,0.01,78824.77,1776895836000
1776895837.417,37.417,0.39,0.4,0.6,0.61,0.01,0.01,78824.77,1776895836000
1776895837.831,37.831,0.38,0.39,0.61,0.62,0.01,0.01,78824.77,1776895836000
1776895838.245,38.245,0.38,0.39,0.61,0.62,0.01,0.01,78824.75,1776895837000
1776895838.705,38.705,0.35,0.36,0.64,0.65,0.01,0.01,78824.75,1776895837000
1776895839.283,39.283,0.34,0.36,0.64,0.65,0.02,0.01,78824.78,1776895838000
1776895839.679,39.679,0.34,0.35,0.65,0.66,0.01,0.01,78824.78,1776895838000
1776895840.035,40.035,0.32,0.33,0.67,0.68,0.01,0.01,78820.99,1776895839000
1776895840.633,40.633,0.32,0.33,0.67,0.68,0.01,0.01,78820.99,1776895839000
1776895841.003,41.003,0.33,0.34,0.66,0.67,0.01,0.01,78820.99,1776895839000
1776895841.387,41.387,0.35,0.36,0.64,0.65,0.01,0.01,78820.99,1776895839000
1776895841.738,41.738,0.35,0.36,0.64,0.65,0.01,0.01,78820.99,1776895839000
1776895842.078,42.078,0.35,0.36,0.64,0.65,0.01,0.01,78816.9,1776895840000
1776895842.534,42.534,0.35,0.36,0.64,0.65,0.01,0.01,78815.54,1776895841000
1776895842.882,42.882,0.35,0.36,0.64,0.65,0.01,0.01,78815.54,1776895841000
1776895843.219,43.219,0.35,0.36,0.64,0.65,0.01,0.01,78816.6,1776895842000
1776895843.647,43.647,0.35,0.36,0.64,0.65,0.01,0.01,78816.6,1776895842000
1776895844.074,44.074,0.35,0.36,0.64,0.65,0.01,0.01,78816.6,1776895842000
1776895844.425,44.425,0.35,0.36,0.64,0.65,0.01,0.01,78816.89,1776895843000
1776895844.765,44.765,0.35,0.36,0.64,0.65,0.01,0.01,78816.89,1776895843000
1776895845.184,45.184,0.35,0.36,0.64,0.65,0.01,0.01,78816.75,1776895844000
1776895845.571,45.571,0.35,0.36,0.64,0.65,0.01,0.01,78816.75,1776895844000
1776895846.198,46.198,0.35,0.36,0.64,0.65,0.01,0.01,78816.75,1776895844000
1776895846.669,46.669,0.35,0.36,0.64,0.65,0.01,0.01,78817.15,1776895845000
1776895847.035,47.035,0.35,0.36,0.64,0.65,0.01,0.01,78817.15,1776895845000
1776895847.515,47.515,0.35,0.36,0.64,0.65,0.01,0.01,78817.15,1776895845000
1776895848.073,48.073,0.35,0.36,0.64,0.65,0.01,0.01,78816.85,1776895846000
1776895848.692,48.692,0.35,0.36,0.64,0.65,0.01,0.01,78816.85,1776895847000
1776895849.042,49.042,0.35,0.36,0.64,0.65,0.01,0.01,78816.85,1776895847000
1776895849.48,49.48,0.37,0.39,0.62,0.65,0.02,0.03,78816.79,1776895848000
1776895849.844,49.844,0.4,0.41,0.59,0.6,0.01,0.01,78816.79,1776895848000
1776895850.197,50.197,0.4,0.41,0.59,0.6,0.01,0.01,78816.79,1776895848000
1776895850.553,50.553,0.4,0.41,0.59,0.6,0.01,0.01,78816.93,1776895849000
1776895850.895,50.895,0.39,0.4,0.6,0.61,0.01,0.01,78816.93,1776895849000
1776895851.286,51.286,0.38,0.39,0.6,0.62,0.01,0.02,78816.93,1776895849000
1776895851.638,51.638,0.32,0.33,0.67,0.68,0.01,0.01,78818.29,1776895850000
1776895851.973,51.973,0.32,0.33,0.67,0.68,0.01,0.01,78818.29,1776895850000
1776895852.365,52.365,0.32,0.33,0.67,0.68,0.01,0.01,78819.34,1776895851000
1776895852.882,52.882,0.32,0.33,0.67,0.68,0.01,0.01,78819.34,1776895851000
1776895853.223,53.223,0.32,0.33,0.67,0.68,0.01,0.01,78818.86,1776895852000
1776895853.775,53.775,0.32,0.33,0.67,0.68,0.01,0.01,78818.86,1776895852000
1776895854.261,54.261,0.32,0.33,0.67,0.68,0.01,0.01,78816.48,1776895853000
1776895855.049,55.049,0.32,0.33,0.67,0.68,0.01,0.01,78816.48,1776895853000
1776895855.874,55.874,0.32,0.33,0.67,0.68,0.01,0.01,78816.07,1776895854000
1776895856.373,56.373,0.32,0.33,0.67,0.68,0.01,0.01,78816.07,1776895855000
1776895856.826,56.826,0.32,0.33,0.67,0.68,0.01,0.01,78816.07,1776895855000
1776895857.234,57.234,0.32,0.35,0.67,0.68,0.03,0.01,78816.07,1776895855000
1776895857.594,57.594,0.34,0.35,0.65,0.66,0.01,0.01,78815.44,1776895856000
1776895858.096,58.096,0.34,0.35,0.65,0.66,0.01,0.01,78815.44,1776895856000
1776895858.591,58.591,0.34,0.35,0.65,0.66,0.01,0.01,78816.05,1776895857000
1776895858.954,58.954,0.34,0.35,0.65,0.66,0.01,0.01,78816.05,1776895857000
1776895859.298,59.298,0.34,0.35,0.65,0.66,0.01,0.01,78816.05,1776895857000
1776895859.64,59.64,0.34,0.35,0.65,0.66,0.01,0.01,78815.37,1776895858000
1776895860.057,60.057,0.33,0.35,0.65,0.67,0.02,0.02,78815.36,1776895859000
1776895860.675,60.675,0.33,0.34,0.66,0.67,0.01,0.01,78815.36,1776895859000
1776895861.08,61.08,0.31,0.32,0.68,0.69,0.01,0.01,78815.36,1776895859000
1776895861.419,61.419,0.31,0.32,0.68,0.69,0.01,0.01,78815.36,1776895860000
1776895861.758,61.758,0.31,0.32,0.68,0.69,0.01,0.01,78815.36,1776895860000
1776895862.094,62.094,0.36,0.42,0.63,0.64,0.06,0.01,78815.36,1776895860000
1776895862.444,62.444,0.41,0.42,0.58,0.59,0.01,0.01,78815.35,1776895861000
1776895862.867,62.867,0.41,0.42,0.58,0.59,0.01,0.01,78815.35,1776895861000
1776895863.227,63.227,0.41,0.42,0.58,0.59,0.01,0.01,78815.35,1776895861000
1776895863.7,63.7,0.41,0.42,0.58,0.59,0.01,0.01,78815.93,1776895862000
1776895864.542,64.542,0.41,0.42,0.58,0.59,0.01,0.01,78817.39,1776895863000
1776895865.013,65.013,0.41,0.42,0.58,0.59,0.01,0.01,78824.27,1776895864000
1776895865.374,65.374,0.42,0.43,0.57,0.58,0.01,0.01,78824.27,1776895864000
1776895865.886,65.886,0.42,0.43,0.57,0.58,0.01,0.01,78824.27,1776895864000
1776895866.578,66.578,0.42,0.43,0.57,0.58,0.01,0.01,78823.97,1776895865000
1776895866.954,66.954,0.42,0.43,0.57,0.58,0.01,0.01,78823.97,1776895865000
1776895867.517,67.517,0.42,0.43,0.57,0.58,0.01,0.01,78824.37,1776895866000
1776895867.974,67.974,0.42,0.43,0.57,0.58,0.01,0.01,78824.37,1776895866000
1776895868.315,68.315,0.42,0.43,0.57,0.58,0.01,0.01,78824.46,1776895867000
1776895868.969,68.969,0.42,0.43,0.57,0.58,0.01,0.01,78824.46,1776895867000
1776895869.419,69.419,0.42,0.43,0.57,0.58,0.01,0.01,78825.02,1776895868000
1776895869.936,69.936,0.42,0.43,0.57,0.58,0.01,0.01,78825.05,1776895869000
1776895870.541,70.541,0.42,0.43,0.57,0.58,0.01,0.01,78825.05,1776895869000
1776895870.965,70.965,0.42,0.43,0.57,0.58,0.01,0.01,78825.05,1776895869000
1776895871.303,71.303,0.42,0.43,0.57,0.58,0.01,0.01,78824.65,1776895870000
1776895871.959,71.959,0.42,0.43,0.57,0.58,0.01,0.01,78824.65,1776895870000
1776895872.781,72.781,0.42,0.44,0.57,0.58,0.02,0.01,78824.65,1776895870000
1776895873.293,73.293,0.43,0.44,0.56,0.57,0.01,0.01,78824.57,1776895872000
1776895873.904,73.904,0.43,0.44,0.56,0.57,0.01,0.01,78824.57,1776895872000
1776895874.337,74.337,0.43,0.44,0.56,0.57,0.01,0.01,78824.24,1776895873000
1776895874.797,74.797,0.45,0.46,0.54,0.56,0.01,0.02,78824.24,1776895873000
1776895875.267,75.267,0.45,0.46,0.54,0.55,0.01,0.01,78825.61,1776895874000
1776895875.683,75.683,0.45,0.46,0.54,0.55,0.01,0.01,78825.61,1776895874000
1776895876.055,76.055,0.45,0.46,0.54,0.55,0.01,0.01,78825.61,1776895874000
1776895876.514,76.514,0.45,0.46,0.54,0.55,0.01,0.01,78826.39,1776895875000
1776895876.861,76.861,0.45,0.46,0.54,0.55,0.01,0.01,78826.39,1776895875000
1776895877.204,77.204,0.45,0.46,0.54,0.55,0.01,0.01,78826.72,1776895876000
1776895877.671,77.671,0.45,0.46,0.54,0.55,0.01,0.01,78826.72,1776895876000
1776895878.033,78.033,0.45,0.46,0.54,0.55,0.01,0.01,78826.72,1776895876000
1776895878.379,78.379,0.45,0.46,0.54,0.55,0.01,0.01,78826.72,1776895877000
1776895878.894,78.894,0.45,0.46,0.54,0.55,0.01,0.01,78826.72,1776895877000
1776895879.627,79.627,0.45,0.46,0.54,0.55,0.01,0.01,78827.32,1776895878000
1776895880.102,80.102,0.45,0.46,0.54,0.55,0.01,0.01,78827.32,1776895878000
1776895880.86,80.86,0.45,0.46,0.54,0.55,0.01,0.01,78827.6,1776895879000
1776895881.472,81.472,0.44,0.46,0.54,0.55,0.02,0.01,78827.6,1776895880000
1776895881.984,81.984,0.44,0.45,0.55,0.56,0.01,0.01,78827.65,1776895881000
1776895882.523,82.523,0.44,0.45,0.55,0.56,0.01,0.01,78827.65,1776895881000
1776895883.029,83.029,0.44,0.45,0.55,0.56,0.01,0.01,78828.2,1776895882000
1776895883.451,83.451,0.44,0.45,0.55,0.56,0.01,0.01,78828.2,1776895882000
1776895883.897,83.897,0.44,0.45,0.55,0.56,0.01,0.01,78828.2,1776895882000
1776895884.531,84.531,0.44,0.45,0.55,0.56,0.01,0.01,78828.2,1776895883000
1776895884.948,84.948,0.45,0.46,0.54,0.55,0.01,0.01,78828.2,1776895883000
1776895885.382,85.382,0.45,0.46,0.54,0.55,0.01,0.01,78828.22,1776895884000
1776895885.809,85.809,0.44,0.45,0.54,0.55,0.01,0.01,78828.22,1776895884000
1776895886.466,86.466,0.43,0.45,0.55,0.56,0.02,0.01,78828.22,1776895884000
1776895887.065,87.065,0.4,0.41,0.59,0.6,0.01,0.01,78828.26,1776895885000
1776895888.189,88.189,0.4,0.41,0.59,0.6,0.01,0.01,78827.85,1776895887000
1776895888.669,88.669,0.4,0.41,0.59,0.6,0.01,0.01,78827.85,1776895887000
1776895889.049,89.049,0.4,0.41,0.59,0.6,0.01,0.01,78827.85,1776895887000
1776895889.701,89.701,0.4,0.41,0.59,0.6,0.01,0.01,78825.24,1776895888000
1776895890.125,90.125,0.4,0.41,0.59,0.6,0.01,0.01,78825.24,1776895888000
1776895890.472,90.472,0.39,0.41,0.59,0.6,0.02,0.01,78825.23,1776895889000
1776895890.998,90.998,0.38,0.41,0.59,0.62,0.03,0.03,78825.23,1776895889000
1776895891.468,91.468,0.37,0.39,0.61,0.62,0.02,0.01,78825.23,1776895890000
1776895891.962,91.962,0.3,0.34,0.66,0.67,0.04,0.01,78825.23,1776895890000
1776895892.299,92.299,0.26,0.33,0.67,0.72,0.07,0.05,78825.22,1776895891000
1776895892.845,92.845,0.26,0.34,0.67,0.74,0.08,0.07,78825.22,1776895891000
1776895893.282,93.282,0.25,0.32,0.68,0.75,0.07,0.07,78825.22,1776895891000
1776895893.66,93.66,0.29,0.31,0.66,0.75,0.02,0.09,78818.23,1776895892000
1776895894.043,94.043,0.25,0.26,0.74,0.75,0.01,0.01,78818.23,1776895892000
1776895894.38,94.38,0.24,0.25,0.75,0.76,0.01,0.01,78799.06,1776895893000
1776895894.729,94.729,0.24,0.25,0.75,0.76,0.01,0.01,78799.06,1776895893000
1776895895.221,95.221,0.24,0.25,0.75,0.76,0.01,0.01,78798.74,1776895894000
1776895895.559,95.559,0.24,0.25,0.75,0.76,0.01,0.01,78798.74,1776895894000
1776895895.972,95.972,0.24,0.25,0.75,0.76,0.01,0.01,78798.74,1776895894000
1776895896.459,96.459,0.24,0.25,0.75,0.76,0.01,0.01,78798.76,1776895895000
1776895896.844,96.844,0.24,0.25,0.75,0.76,0.01,0.01,78798.76,1776895895000
1776895897.364,97.364,0.24,0.25,0.75,0.76,0.01,0.01,78798.76,1776895895000
1776895898.02,98.02,0.24,0.25,0.75,0.76,0.01,0.01,78798.35,1776895896000
1776895898.396,98.396,0.24,0.25,0.75,0.76,0.01,0.01,78798.21,1776895897000
1776895898.798,98.798,0.23,0.25,0.75,0.77,0.02,0.02,78798.21,1776895897000
1776895899.171,99.171,0.23,0.24,0.76,0.77,0.01,0.01,78798.21,1776895898000
1776895899.684,99.684,0.22,0.23,0.76,0.77,0.01,0.01,78798.21,1776895898000
1776895900.029,100.029,0.22,0.23,0.77,0.78,0.01,0.01,78798.21,1776895898000
1776895900.397,100.397,0.22,0.23,0.77,0.78,0.01,0.01,78798.21,1776895899000
1776895900.743,100.743,0.22,0.23,0.77,0.78,0.01,0.01,78798.21,1776895899000
1776895901.119,101.119,0.22,0.23,0.77,0.78,0.01,0.01,78798.21,1776895899000
1776895901.514,101.514,0.22,0.23,0.77,0.78,0.01,0.01,78798.21,1776895899000
1776895901.879,101.879,0.22,0.23,0.77,0.78,0.01,0.01,78798.16,1776895900000
1776895902.249,102.249,0.22,0.23,0.77,0.78,0.01,0.01,78798.22,1776895901000
1776895902.627,102.627,0.22,0.23,0.77,0.78,0.01,0.01,78798.22,1776895901000
1776895903.017,103.017,0.22,0.23,0.77,0.78,0.01,0.01,78798.22,1776895901000
1776895903.359,103.359,0.22,0.23,0.77,0.78,0.01,0.01,78798.22,1776895901000
1776895903.787,103.787,0.22,0.23,0.77,0.78,0.01,0.01,78797.72,1776895902000
1776895904.223,104.223,0.22,0.23,0.77,0.78,0.01,0.01,78797.72,1776895902000
1776895904.575,104.575,0.28,0.3,0.71,0.76,0.02,0.05,78797.72,1776895903000
1776895904.935,104.935,0.31,0.34,0.66,0.71,0.03,0.05,78797.72,1776895903000
1776895905.306,105.306,0.32,0.33,0.67,0.68,0.01,0.01,78797.72,1776895903000
1776895905.661,105.661,0.32,0.33,0.67,0.68,0.01,0.01,78798.29,1776895904000
1776895906.01,106.01,0.32,0.33,0.67,0.68,0.01,0.01,78798.29,1776895904000
1776895906.344,106.344,0.36,0.37,0.63,0.64,0.01,0.01,78801.23,1776895905000
1776895906.753,106.753,0.36,0.37,0.63,0.64,0.01,0.01,78801.23,1776895905000
1776895907.1,107.1,0.36,0.37,0.63,0.64,0.01,0.01,78801.23,1776895905000
1776895907.458,107.458,0.36,0.37,0.63,0.64,0.01,0.01,78801.23,1776895905000
1776895907.833,107.833,0.36,0.37,0.63,0.64,0.01,0.01,78811.64,1776895906000
1776895908.283,108.283,0.35,0.36,0.63,0.65,0.01,0.02,78811.64,1776895906000
1776895908.647,108.647,0.35,0.36,0.64,0.65,0.01,0.01,78813.51,1776895907000
1776895909.025,109.025,0.35,0.36,0.64,0.65,0.01,0.01,78813.51,1776895907000
1776895909.743,109.743,0.34,0.36,0.64,0.65,0.02,0.01,78814.74,1776895908000
1776895910.126,110.126,0.28,0.29,0.7,0.72,0.01,0.02,78814.74,1776895908000
1776895910.669,110.669,0.28,0.29,0.71,0.72,0.01,0.01,78819.58,1776895909000
1776895911.013,111.013,0.28,0.29,0.71,0.72,0.01,0.01,78819.58,1776895909000
1776895911.401,111.401,0.28,0.29,0.71,0.72,0.01,0.01,78819.47,1776895910000
1776895912.074,112.074,0.28,0.29,0.71,0.72,0.01,0.01,78819.47,1776895910000
1776895912.452,112.452,0.28,0.29,0.71,0.72,0.01,0.01,78809.64,1776895911000
1776895912.805,112.805,0.3,0.31,0.69,0.7,0.01,0.01,78809.64,1776895911000
1776895913.177,113.177,0.3,0.31,0.69,0.7,0.01,0.01,78809.64,1776895911000
1776895913.635,113.635,0.3,0.31,0.69,0.7,0.01,0.01,78809.39,1776895912000
1776895914.069,114.069,0.3,0.31,0.69,0.7,0.01,0.01,78809.39,1776895912000
1776895914.431,114.431,0.3,0.31,0.69,0.7,0.01,0.01,78809.39,1776895912000
1776895914.828,114.828,0.3,0.31,0.69,0.7,0.01,0.01,78809.81,1776895913000
1776895915.268,115.268,0.3,0.31,0.69,0.7,0.01,0.01,78809.81,1776895913000
1776895915.657,115.657,0.3,0.31,0.69,0.7,0.01,0.01,78809.82,1776895914000
1776895916.001,116.001,0.3,0.31,0.69,0.7,0.01,0.01,78809.82,1776895914000
1776895916.335,116.335,0.3,0.31,0.69,0.7,0.01,0.01,78809.82,1776895914000
1776895916.699,116.699,0.3,0.31,0.69,0.7,0.01,0.01,78809.82,1776895914000
1776895917.484,117.484,0.3,0.31,0.69,0.7,0.01,0.01,78809.83,1776895915000
1776895918.25,118.25,0.3,0.31,0.69,0.7,0.01,0.01,78809.83,1776895917000
1776895918.666,118.666,0.3,0.31,0.69,0.7,0.01,0.01,78809.83,1776895917000
1776895919.021,119.021,0.28,0.29,0.71,0.72,0.01,0.01,78809.83,1776895917000
1776895919.699,119.699,0.28,0.29,0.71,0.72,0.01,0.01,78809.79,1776895918000
1776895920.172,120.172,0.28,0.29,0.71,0.72,0.01,0.01,78809.79,1776895919000
1776895920.545,120.545,0.28,0.29,0.71,0.72,0.01,0.01,78809.79,1776895919000
1776895920.979,120.979,0.28,0.29,0.71,0.72,0.01,0.01,78809.79,1776895919000
1776895921.426,121.426,0.28,0.29,0.71,0.72,0.01,0.01,78809.76,1776895920000
1776895921.876,121.876,0.27,0.28,0.72,0.73,0.01,0.01,78809.76,1776895920000
1776895922.364,122.364,0.27,0.28,0.72,0.73,0.01,0.01,78809.79,1776895921000
1776895922.785,122.785,0.27,0.28,0.72,0.73,0.01,0.01,78809.79,1776895921000
1776895923.717,123.717,0.27,0.28,0.72,0.73,0.01,0.01,78809.83,1776895922000
1776895924.05,124.05,0.27,0.28,0.72,0.73,0.01,0.01,78809.89,1776895923000
1776895924.602,124.602,0.27,0.28,0.72,0.73,0.01,0.01,78809.89,1776895923000
1776895925.092,125.092,0.27,0.28,0.72,0.73,0.01,0.01,78809.89,1776895923000
1776895925.497,125.497,0.27,0.28,0.72,0.73,0.01,0.01,78809.51,1776895924000
1776895925.877,125.877,0.27,0.28,0.72,0.73,0.01,0.01,78809.51,1776895924000
1776895926.265,126.265,0.27,0.28,0.72,0.73,0.01,0.01,78809.33,1776895925000
1776895926.599,126.599,0.27,0.28,0.72,0.73,0.01,0.01,78809.33,1776895925000
1776895927.066,127.066,0.27,0.28,0.72,0.73,0.01,0.01,78809.32,1776895926000
1776895927.429,127.429,0.27,0.28,0.72,0.73,0.01,0.01,78809.32,1776895926000
1776895927.785,127.785,0.25,0.26,0.74,0.75,0.01,0.01,78809.32,1776895926000
1776895928.126,128.126,0.25,0.26,0.74,0.75,0.01,0.01,78809.32,1776895927000
1776895928.49,128.49,0.25,0.26,0.74,0.75,0.01,0.01,78809.32,1776895927000
1776895928.859,128.859,0.24,0.26,0.74,0.75,0.02,0.01,78809.32,1776895927000
1776895929.237,129.237,0.24,0.25,0.75,0.76,0.01,0.01,78809.31,1776895928000
1776895930.243,130.243,0.24,0.25,0.75,0.76,0.01,0.01,78809.31,1776895928000
1776895930.688,130.688,0.24,0.25,0.75,0.76,0.01,0.01,78808.71,1776895929000
1776895931.246,131.246,0.24,0.25,0.75,0.76,0.01,0.01,78808.41,1776895930000
1776895932.063,132.063,0.24,0.25,0.75,0.76,0.01,0.01,78808.41,1776895930000
1776895932.429,132.429,0.24,0.25,0.75,0.76,0.01,0.01,78808.27,1776895931000
1776895932.789,132.789,0.24,0.25,0.75,0.76,0.01,0.01,78808.27,1776895931000
1776895933.295,133.295,0.24,0.25,0.75,0.76,0.01,0.01,78808.27,1776895931000
1776895933.727,133.727,0.3,0.32,0.68,0.7,0.02,0.02,78808.08,1776895932000
1776895934.157,134.157,0.37,0.39,0.61,0.67,0.02,0.06,78808.27,1776895933000
1776895934.541,134.541,0.37,0.38,0.62,0.63,0.01,0.01,78808.27,1776895933000
1776895934.912,134.912,0.38,0.39,0.61,0.63,0.01,0.02,78808.27,1776895933000
1776895935.246,135.246,0.38,0.39,0.61,0.62,0.01,0.01,78808.27,1776895933000
1776895935.654,135.654,0.38,0.4,0.61,0.62,0.02,0.01,78815.78,1776895934000
1776895935.988,135.988,0.39,0.4,0.6,0.61,0.01,0.01,78815.78,1776895934000
1776895936.503,136.503,0.41,0.43,0.58,0.59,0.02,0.01,78815.78,1776895934000
1776895936.85,136.85,0.41,0.42,0.58,0.59,0.01,0.01,78820.92,1776895935000
1776895937.273,137.273,0.41,0.42,0.58,0.59,0.01,0.01,78823.71,1776895936000
1776895937.623,137.623,0.41,0.42,0.58,0.59,0.01,0.01,78823.71,1776895936000
1776895937.993,137.993,0.41,0.42,0.58,0.59,0.01,0.01,78823.71,1776895936000
1776895938.327,138.327,0.44,0.48,0.53,0.56,0.04,0.03,78823.71,1776895936000
1776895938.907,138.907,0.47,0.49,0.51,0.53,0.02,0.02,78826.49,1776895938000
1776895939.791,139.791,0.48,0.49,0.51,0.53,0.01,0.02,78826.49,1776895938000
1776895940.173,140.173,0.48,0.5,0.5,0.52,0.02,0.02,78826.49,1776895938000
1776895940.783,140.783,0.48,0.54,0.46,0.52,0.06,0.06,78836.01,1776895939000
1776895941.125,141.125,0.48,0.51,0.49,0.52,0.03,0.03,78839.2,1776895940000
1776895941.46,141.46,0.5,0.51,0.49,0.5,0.01,0.01,78839.2,1776895940000
1776895941.856,141.856,0.5,0.51,0.49,0.5,0.01,0.01,78839.2,1776895940000
1776895942.248,142.248,0.5,0.52,0.49,0.5,0.02,0.01,78840.63,1776895941000
1776895942.613,142.613,0.51,0.52,0.48,0.49,0.01,0.01,78840.63,1776895941000
1776895942.988,142.988,0.51,0.52,0.48,0.49,0.01,0.01,78840.63,1776895941000
1776895943.504,143.504,0.51,0.52,0.48,0.49,0.01,0.01,78840.85,1776895942000
1776895944.029,144.029,0.51,0.52,0.48,0.49,0.01,0.01,78840.85,1776895942000
1776895944.63,144.63,0.51,0.52,0.48,0.49,0.01,0.01,78840.84,1776895943000
1776895945.024,145.024,0.51,0.52,0.48,0.49,0.01,0.01,78840.84,1776895943000
1776895945.359,145.359,0.51,0.52,0.48,0.49,0.01,0.01,78841.35,1776895944000
1776895945.722,145.722,0.48,0.49,0.51,0.52,0.01,0.01,78841.35,1776895944000
1776895946.423,146.423,0.48,0.49,0.51,0.52,0.01,0.01,78841.35,1776895944000
1776895946.838,146.838,0.48,0.49,0.51,0.52,0.01,0.01,78841.4,1776895945000
1776895947.382,147.382,0.48,0.49,0.51,0.52,0.01,0.01,78841.4,1776895946000
1776895947.719,147.719,0.48,0.49,0.51,0.52,0.01,0.01,78841.4,1776895946000
1776895948.121,148.121,0.47,0.48,0.52,0.53,0.01,0.01,78841.4,1776895947000
1776895948.65,148.65,0.46,0.47,0.52,0.54,0.01,0.02,78841.4,1776895947000
1776895949.069,149.069,0.45,0.47,0.53,0.54,0.02,0.01,78841.4,1776895947000
1776895949.404,149.404,0.43,0.47,0.53,0.56,0.04,0.03,78841.15,1776895948000
1776895949.954,149.954,0.39,0.4,0.6,0.61,0.01,0.01,78841.15,1776895948000
1776895950.322,150.322,0.39,0.4,0.6,0.61,0.01,0.01,78840.52,1776895949000
1776895950.755,150.755,0.39,0.4,0.6,0.61,0.01,0.01,78840.52,1776895949000
1776895951.23,151.23,0.39,0.4,0.6,0.61,0.01,0.01,78840.52,1776895949000
1776895951.607,151.607,0.39,0.4,0.6,0.61,0.01,0.01,78835.43,1776895950000
1776895951.977,151.977,0.39,0.4,0.6,0.61,0.01,0.01,78834.25,1776895951000
1776895952.347,152.347,0.39,0.4,0.6,0.61,0.01,0.01,78834.25,1776895951000
1776895952.718,152.718,0.38,0.39,0.61,0.62,0.01,0.01,78834.25,1776895951000
1776895953.196,153.196,0.38,0.39,0.61,0.62,0.01,0.01,78832.98,1776895952000
1776895953.582,153.582,0.38,0.39,0.61,0.62,0.01,0.01,78832.98,1776895952000
1776895954.001,154.001,0.36,0.37,0.62,0.63,0.01,0.01,78832.98,1776895952000
1776895954.461,154.461,0.36,0.37,0.63,0.64,0.01,0.01,78832.59,1776895953000
1776895954.861,154.861,0.36,0.37,0.63,0.64,0.01,0.01,78832.59,1776895953000
1776895955.357,155.357,0.36,0.37,0.63,0.64,0.01,0.01,78830.94,1776895954000
1776895955.873,155.873,0.36,0.37,0.63,0.64,0.01,0.01,78830.94,1776895954000
1776895956.269,156.269,0.4,0.42,0.61,0.62,0.02,0.01,78830.91,1776895955000
1776895956.678,156.678,0.41,0.42,0.58,0.59,0.01,0.01,78830.91,1776895955000
1776895957.151,157.151,0.41,0.42,0.58,0.59,0.01,0.01,78830.3,1776895956000
1776895957.608,157.608,0.41,0.42,0.58,0.59,0.01,0.01,78830.3,1776895956000
1776895958.15,158.15,0.41,0.42,0.58,0.59,0.01,0.01,78830.82,1776895957000
1776895958.971,158.971,0.42,0.43,0.57,0.58,0.01,0.01,78830.82,1776895957000
1776895959.608,159.608,0.42,0.43,0.57,0.58,0.01,0.01,78832.12,1776895958000
1776895960.472,160.472,0.41,0.43,0.57,0.59,0.02,0.02,78832.0,1776895959000
1776895960.933,160.933,0.4,0.42,0.58,0.6,0.02,0.02,78832.0,1776895959000
1776895961.8,161.8,0.38,0.39,0.61,0.62,0.01,0.01,78832.03,1776895960000
1776895962.216,162.216,0.38,0.39,0.61,0.62,0.01,0.01,78832.05,1776895961000
1776895962.553,162.553,0.38,0.39,0.61,0.62,0.01,0.01,78832.05,1776895961000
1776895963.194,163.194,0.37,0.39,0.61,0.62,0.02,0.01,78832.05,1776895961000
1776895963.859,163.859,0.37,0.38,0.62,0.63,0.01,0.01,78831.92,1776895962000
1776895964.411,164.411,0.37,0.38,0.62,0.63,0.01,0.01,78831.91,1776895963000
1776895964.866,164.866,0.37,0.38,0.62,0.63,0.01,0.01,78831.91,1776895963000
1776895965.352,165.352,0.37,0.38,0.62,0.63,0.01,0.01,78831.28,1776895964000
1776895965.863,165.863,0.37,0.38,0.62,0.63,0.01,0.01,78830.98,1776895965000
1776895966.644,166.644,0.37,0.38,0.62,0.63,0.01,0.01,78830.98,1776895965000
1776895967.082,167.082,0.37,0.38,0.62,0.63,0.01,0.01,78831.11,1776895966000
1776895967.541,167.541,0.37,0.38,0.62,0.63,0.01,0.01,78831.11,1776895966000
1776895967.98,167.98,0.37,0.38,0.62,0.63,0.01,0.01,78831.11,1776895966000
1776895968.371,168.371,0.37,0.38,0.62,0.63,0.01,0.01,78831.15,1776895967000
1776895969.194,169.194,0.37,0.38,0.62,0.63,0.01,0.01,78831.78,1776895968000
1776895969.536,169.536,0.35,0.36,0.64,0.65,0.01,0.01,78831.78,1776895968000
1776895969.883,169.883,0.33,0.34,0.66,0.67,0.01,0.01,78831.78,1776895968000
1776895970.238,170.238,0.33,0.34,0.66,0.67,0.01,0.01,78831.78,1776895968000
1776895970.658,170.658,0.33,0.34,0.66,0.67,0.01,0.01,78831.78,1776895969000
1776895971.005,171.005,0.33,0.34,0.66,0.67,0.01,0.01,78831.78,1776895969000
1776895971.416,171.416,0.33,0.34,0.66,0.67,0.01,0.01,78831.78,1776895970000
1776895971.992,171.992,0.35,0.38,0.62,0.65,0.03,0.03,78830.91,1776895971000
1776895972.559,172.559,0.38,0.39,0.62,0.63,0.01,0.01,78830.91,1776895971000
1776895972.994,172.994,0.38,0.39,0.61,0.62,0.01,0.01,78830.91,1776895971000
1776895973.511,173.511,0.39,0.4,0.6,0.61,0.01,0.01,78829.92,1776895972000
1776895973.927,173.927,0.39,0.4,0.6,0.61,0.01,0.01,78829.92,1776895972000
1776895974.291,174.291,0.39,0.4,0.6,0.61,0.01,0.01,78829.92,1776895972000
1776895974.797,174.797,0.39,0.4,0.6,0.61,0.01,0.01,78832.66,1776895973000
1776895975.586,175.586,0.39,0.41,0.6,0.61,0.02,0.01,78832.96,1776895974000
1776895976.118,176.118,0.39,0.41,0.59,0.61,0.02,0.02,78832.68,1776895975000
1776895976.529,176.529,0.4,0.41,0.59,0.6,0.01,0.01,78832.68,1776895975000
1776895977.047,177.047,0.4,0.41,0.59,0.6,0.01,0.01,78832.54,1776895976000
1776895977.475,177.475,0.4,0.41,0.59,0.6,0.01,0.01,78832.54,1776895976000
1776895977.927,177.927,0.4,0.41,0.59,0.6,0.01,0.01,78832.22,1776895977000
1776895978.486,178.486,0.4,0.41,0.59,0.6,0.01,0.01,78832.22,1776895977000
1776895978.887,178.887,0.4,0.41,0.59,0.6,0.01,0.01,78831.9,1776895978000
1776895979.549,179.549,0.4,0.42,0.59,0.6,0.02,0.01,78831.9,1776895978000
1776895979.894,179.894,0.51,0.52,0.48,0.49,0.01,0.01,78831.9,1776895978000
1776895980.291,180.291,0.51,0.52,0.48,0.49,0.01,0.01,78831.9,1776895978000
1776895980.692,180.692,0.51,0.52,0.48,0.49,0.01,0.01,78831.95,1776895979000
1776895981.034,181.034,0.59,0.6,0.4,0.47,0.01,0.07,78832.1,1776895980000
1776895981.373,181.373,0.59,0.6,0.4,0.41,0.01,0.01,78832.1,1776895980000
1776895981.715,181.715,0.59,0.6,0.4,0.41,0.01,0.01,78832.1,1776895980000
1776895982.05,182.05,0.59,0.6,0.4,0.41,0.01,0.01,78832.1,1776895980000
1776895982.467,182.467,0.59,0.6,0.4,0.41,0.01,0.01,78842.19,1776895981000
1776895982.832,182.832,0.59,0.6,0.4,0.41,0.01,0.01,78842.19,1776895981000
1776895983.175,183.175,0.57,0.58,0.42,0.44,0.01,0.02,78842.19,1776895981000
1776895983.543,183.543,0.55,0.56,0.44,0.45,0.01,0.01,78849.71,1776895982000
1776895983.876,183.876,0.54,0.55,0.45,0.46,0.01,0.01,78849.71,1776895982000
1776895984.246,184.246,0.54,0.55,0.45,0.46,0.01,0.01,78850.16,1776895983000
1776895984.701,184.701,0.54,0.55,0.45,0.46,0.01,0.01,78850.16,1776895983000
1776895985.127,185.127,0.54,0.55,0.45,0.46,0.01,0.01,78850.16,1776895983000
1776895986.09,186.09,0.54,0.55,0.45,0.46,0.01,0.01,78849.65,1776895984000
1776895986.609,186.609,0.54,0.55,0.45,0.46,0.01,0.01,78847.61,1776895985000
1776895986.945,186.945,0.54,0.55,0.45,0.46,0.01,0.01,78847.61,1776895985000
1776895987.302,187.302,0.52,0.53,0.47,0.48,0.01,0.01,78847.51,1776895986000
1776895987.742,187.742,0.52,0.53,0.47,0.48,0.01,0.01,78847.51,1776895986000
1776895988.126,188.126,0.51,0.52,0.48,0.49,0.01,0.01,78847.51,1776895986000
1776895988.575,188.575,0.51,0.52,0.48,0.49,0.01,0.01,78847.51,1776895986000
1776895988.934,188.934,0.5,0.51,0.49,0.5,0.01,0.01,78847.51,1776895986000
1776895989.351,189.351,0.5,0.51,0.49,0.5,0.01,0.01,78846.65,1776895988000
1776895989.751,189.751,0.5,0.51,0.49,0.5,0.01,0.01,78846.65,1776895988000
1776895990.398,190.398,0.5,0.51,0.49,0.5,0.01,0.01,78846.65,1776895988000
1776895990.8,190.8,0.5,0.51,0.49,0.5,0.01,0.01,78846.65,1776895988000
1776895991.574,191.574,0.5,0.51,0.49,0.5,0.01,0.01,78845.24,1776895990000
1776895992.042,192.042,0.5,0.51,0.49,0.5,0.01,0.01,78845.24,1776895990000
1776895992.558,192.558,0.5,0.51,0.49,0.5,0.01,0.01,78845.24,1776895991000
1776895992.903,192.903,0.48,0.49,0.5,0.53,0.01,0.03,78845.24,1776895991000
1776895993.28,193.28,0.4,0.41,0.58,0.59,0.01,0.01,78845.24,1776895991000
1776895993.735,193.735,0.4,0.41,0.59,0.6,0.01,0.01,78845.24,1776895991000
1776895994.19,194.19,0.4,0.41,0.59,0.6,0.01,0.01,78845.23,1776895992000
1776895994.527,194.527,0.4,0.41,0.59,0.6,0.01,0.01,78845.31,1776895993000
1776895994.898,194.898,0.4,0.41,0.59,0.6,0.01,0.01,78845.31,1776895993000
1776895995.362,195.362,0.4,0.41,0.59,0.6,0.01,0.01,78845.31,1776895993000
1776895996.055,196.055,0.4,0.41,0.59,0.6,0.01,0.01,78838.1,1776895995000
1776895996.554,196.554,0.4,0.41,0.59,0.6,0.01,0.01,78838.1,1776895995000
1776895996.969,196.969,0.4,0.41,0.59,0.6,0.01,0.01,78838.1,1776895995000
1776895997.306,197.306,0.4,0.41,0.59,0.6,0.01,0.01,78838.1,1776895995000
1776895997.772,197.772,0.41,0.42,0.59,0.6,0.01,0.01,78838.01,1776895996000
1776895998.156,198.156,0.42,0.43,0.56,0.59,0.01,0.03,78838.01,1776895996000
1776895998.517,198.517,0.42,0.43,0.57,0.58,0.01,0.01,78838.01,1776895997000
1776895998.927,198.927,0.42,0.43,0.57,0.58,0.01,0.01,78838.01,1776895997000
1776895999.296,199.296,0.45,0.46,0.54,0.55,0.01,0.01,78838.01,1776895997000
1776895999.739,199.739,0.45,0.46,0.54,0.55,0.01,0.01,78838.01,1776895997000
1776896000.355,200.355,0.47,0.48,0.52,0.53,0.01,0.01,78838.34,1776895998000
1776896000.818,200.818,0.47,0.48,0.52,0.53,0.01,0.01,78838.47,1776895999000
1776896001.173,201.173,0.48,0.49,0.51,0.52,0.01,0.01,78838.47,1776895999000
1776896001.642,201.642,0.48,0.49,0.51,0.52,0.01,0.01,78838.67,1776896000000
1776896002.337,202.337,0.48,0.49,0.51,0.52,0.01,0.01,78838.67,1776896000000
1776896002.712,202.712,0.48,0.49,0.51,0.52,0.01,0.01,78838.67,1776896000000
1776896003.204,203.204,0.47,0.48,0.52,0.53,0.01,0.01,78840.66,1776896001000
1776896004.059,204.059,0.47,0.48,0.52,0.53,0.01,0.01,78840.82,1776896003000
1776896004.507,204.507,0.47,0.48,0.52,0.53,0.01,0.01,78840.82,1776896003000
1776896004.868,204.868,0.47,0.48,0.52,0.53,0.01,0.01,78840.82,1776896003000
1776896005.459,205.459,0.45,0.46,0.54,0.55,0.01,0.01,78840.82,1776896003000
1776896005.857,205.857,0.44,0.45,0.54,0.56,0.01,0.02,78841.02,1776896004000
1776896006.217,206.217,0.44,0.45,0.55,0.56,0.01,0.01,78841.02,1776896004000
1776896007.049,207.049,0.44,0.45,0.55,0.56,0.01,0.01,78840.39,1776896006000
1776896007.49,207.49,0.44,0.45,0.55,0.56,0.01,0.01,78840.39,1776896006000
1776896007.931,207.931,0.44,0.45,0.55,0.56,0.01,0.01,78840.39,1776896006000
1776896008.272,208.272,0.45,0.46,0.54,0.55,0.01,0.01,78840.39,1776896006000
1776896009.126,209.126,0.45,0.46,0.54,0.55,0.01,0.01,78840.09,1776896007000
1776896009.471,209.471,0.45,0.46,0.54,0.55,0.01,0.01,78839.72,1776896008000
1776896010.0,210.0,0.45,0.46,0.54,0.55,0.01,0.01,78839.71,1776896009000
1776896010.348,210.348,0.45,0.46,0.54,0.55,0.01,0.01,78839.71,1776896009000
1776896010.807,210.807,0.45,0.46,0.54,0.55,0.01,0.01,78839.71,1776896009000
1776896011.226,211.226,0.45,0.46,0.54,0.55,0.01,0.01,78839.81,1776896010000
1776896011.586,211.586,0.45,0.46,0.54,0.55,0.01,0.01,78839.81,1776896010000
1776896012.188,212.188,0.44,0.46,0.54,0.55,0.02,0.01,78839.81,1776896010000
1776896012.599,212.599,0.41,0.42,0.58,0.59,0.01,0.01,78839.84,1776896011000
1776896012.963,212.963,0.4,0.41,0.59,0.6,0.01,0.01,78839.84,1776896011000
1776896013.427,213.427,0.4,0.41,0.59,0.6,0.01,0.01,78840.15,1776896012000
1776896013.793,213.793,0.4,0.41,0.59,0.6,0.01,0.01,78840.15,1776896012000
1776896015.122,215.122,0.29,0.35,0.65,0.71,0.06,0.06,78834.26,1776896014000
1776896016.076,216.076,0.29,0.35,0.65,0.71,0.06,0.06,78831.97,1776896015000
1776896016.706,216.706,0.32,0.33,0.67,0.69,0.01,0.02,78831.97,1776896015000
1776896017.246,217.246,0.32,0.33,0.67,0.68,0.01,0.01,78831.31,1776896016000
1776896017.682,217.682,0.31,0.32,0.68,0.69,0.01,0.01,78831.31,1776896016000
1776896018.047,218.047,0.31,0.32,0.68,0.69,0.01,0.01,78831.31,1776896016000
1776896018.403,218.403,0.31,0.32,0.68,0.69,0.01,0.01,78831.06,1776896017000
1776896018.793,218.793,0.31,0.32,0.68,0.69,0.01,0.01,78831.06,1776896017000
1776896019.26,219.26,0.31,0.32,0.68,0.69,0.01,0.01,78831.05,1776896018000
1776896019.868,219.868,0.31,0.32,0.68,0.69,0.01,0.01,78831.05,1776896018000
1776896020.331,220.331,0.31,0.32,0.68,0.69,0.01,0.01,78830.33,1776896019000
1776896020.793,220.793,0.31,0.32,0.68,0.69,0.01,0.01,78830.33,1776896019000
1776896021.249,221.249,0.31,0.32,0.68,0.69,0.01,0.01,78830.33,1776896019000
1776896021.63,221.63,0.31,0.32,0.68,0.69,0.01,0.01,78830.33,1776896020000
1776896021.971,221.971,0.31,0.32,0.68,0.69,0.01,0.01,78830.33,1776896020000
1776896022.31,222.31,0.31,0.32,0.68,0.69,0.01,0.01,78829.68,1776896021000
1776896022.676,222.676,0.31,0.32,0.68,0.69,0.01,0.01,78829.68,1776896021000
1776896023.049,223.049,0.31,0.32,0.68,0.69,0.01,0.01,78829.68,1776896021000
1776896023.466,223.466,0.31,0.33,0.68,0.69,0.02,0.01,78829.68,1776896022000
1776896023.802,223.802,0.32,0.33,0.67,0.68,0.01,0.01,78829.68,1776896022000
1776896024.155,224.155,0.32,0.33,0.67,0.68,0.01,0.01,78829.68,1776896023000
1776896024.592,224.592,0.32,0.33,0.67,0.68,0.01,0.01,78829.68,1776896023000
1776896025.048,225.048,0.32,0.33,0.67,0.68,0.01,0.01,78829.68,1776896023000
1776896025.552,225.552,0.32,0.33,0.67,0.68,0.01,0.01,78829.68,1776896024000
1776896025.93,225.93,0.32,0.33,0.67,0.68,0.01,0.01,78829.68,1776896024000
1776896026.53,226.53,0.32,0.33,0.67,0.68,0.01,0.01,78829.68,1776896025000
1776896026.917,226.917,0.32,0.33,0.67,0.68,0.01,0.01,78829.68,1776896025000
1776896027.265,227.265,0.32,0.33,0.67,0.68,0.01,0.01,78829.68,1776896026000
1776896027.695,227.695,0.33,0.34,0.66,0.67,0.01,0.01,78829.68,1776896026000
1776896028.151,228.151,0.35,0.36,0.64,0.65,0.01,0.01,78829.68,1776896026000
1776896028.508,228.508,0.35,0.36,0.64,0.65,0.01,0.01,78829.68,1776896027000
1776896028.908,228.908,0.35,0.36,0.64,0.65,0.01,0.01,78829.68,1776896027000
1776896029.315,229.315,0.35,0.36,0.64,0.65,0.01,0.01,78829.68,1776896027000
1776896029.778,229.778,0.35,0.36,0.64,0.65,0.01,0.01,78829.86,1776896028000
1776896030.22,230.22,0.35,0.36,0.64,0.65,0.01,0.01,78832.13,1776896029000
1776896030.691,230.691,0.35,0.36,0.64,0.65,0.01,0.01,78832.13,1776896029000
1776896031.24,231.24,0.35,0.36,0.64,0.65,0.01,0.01,78832.13,1776896029000
1776896031.725,231.725,0.35,0.36,0.64,0.65,0.01,0.01,78832.07,1776896030000
1776896032.07,232.07,0.35,0.36,0.64,0.65,0.01,0.01,78832.07,1776896030000
1776896032.62,232.62,0.35,0.36,0.64,0.65,0.01,0.01,78832.01,1776896031000
1776896032.97,232.97,0.35,0.36,0.64,0.65,0.01,0.01,78832.01,1776896031000
1776896033.309,233.309,0.35,0.36,0.64,0.65,0.01,0.01,78832.0,1776896032000
1776896033.708,233.708,0.36,0.37,0.64,0.65,0.01,0.01,78832.0,1776896032000
1776896034.091,234.091,0.36,0.37,0.63,0.64,0.01,0.01,78832.0,1776896032000
1776896034.564,234.564,0.36,0.37,0.63,0.64,0.01,0.01,78832,1776896033000
1776896035.212,235.212,0.36,0.37,0.63,0.64,0.01,0.01,78831.97,1776896034000
1776896035.995,235.995,0.36,0.37,0.63,0.64,0.01,0.01,78831.97,1776896034000
1776896037.196,237.196,0.36,0.37,0.63,0.64,0.01,0.01,78832.17,1776896036000
1776896037.576,237.576,0.36,0.37,0.63,0.64,0.01,0.01,78832.17,1776896036000
1776896038.099,238.099,0.36,0.38,0.63,0.64,0.02,0.01,78832.17,1776896036000
1776896038.581,238.581,0.41,0.42,0.58,0.6,0.01,0.02,78832.17,1776896037000
1776896039.101,239.101,0.48,0.49,0.51,0.52,0.01,0.01,78832.17,1776896037000
1776896039.48,239.48,0.48,0.49,0.51,0.52,0.01,0.01,78832.19,1776896038000
1776896039.848,239.848,0.48,0.49,0.51,0.52,0.01,0.01,78832.19,1776896038000
1776896040.231,240.231,0.48,0.49,0.51,0.52,0.01,0.01,78832.19,1776896038000
1776896040.648,240.648,0.48,0.49,0.51,0.52,0.01,0.01,78833.99,1776896039000
1776896041.017,241.017,0.48,0.49,0.51,0.52,0.01,0.01,78833.99,1776896039000
1776896041.423,241.423,0.52,0.53,0.47,0.49,0.01,0.02,78835.86,1776896040000
1776896041.759,241.759,0.52,0.53,0.47,0.48,0.01,0.01,78835.86,1776896040000
1776896042.194,242.194,0.52,0.53,0.47,0.48,0.01,0.01,78836.95,1776896041000
1776896042.747,242.747,0.52,0.53,0.47,0.48,0.01,0.01,78836.95,1776896041000
1776896043.223,243.223,0.52,0.53,0.47,0.48,0.01,0.01,78837.22,1776896042000
1776896043.918,243.918,0.52,0.53,0.47,0.48,0.01,0.01,78837.22,1776896042000
1776896044.379,244.379,0.52,0.53,0.47,0.48,0.01,0.01,78837.22,1776896042000
1776896045.012,245.012,0.48,0.52,0.47,0.52,0.04,0.05,78838.09,1776896043000
1776896045.797,245.797,0.5,0.51,0.49,0.5,0.01,0.01,78838.09,1776896044000
1776896046.147,246.147,0.48,0.5,0.49,0.5,0.02,0.01,78838.09,1776896044000
1776896046.506,246.506,0.44,0.47,0.53,0.54,0.03,0.01,78838.2,1776896045000
1776896046.97,246.97,0.43,0.45,0.53,0.56,0.02,0.03,78838.2,1776896045000
1776896047.527,247.527,0.43,0.44,0.56,0.57,0.01,0.01,78838.2,1776896045000
1776896048.148,248.148,0.43,0.44,0.56,0.57,0.01,0.01,78838.01,1776896046000
1776896048.501,248.501,0.43,0.44,0.56,0.57,0.01,0.01,78838.01,1776896046000
1776896049.174,249.174,0.42,0.43,0.56,0.57,0.01,0.01,78838.01,1776896047000
1776896049.868,249.868,0.42,0.43,0.57,0.58,0.01,0.01,78838.06,1776896048000
1776896050.527,250.527,0.41,0.42,0.57,0.59,0.01,0.02,78838.06,1776896048000
1776896051.037,251.037,0.41,0.42,0.58,0.59,0.01,0.01,78838.08,1776896050000
1776896051.651,251.651,0.41,0.42,0.58,0.59,0.01,0.01,78838.08,1776896050000
1776896052.004,252.004,0.36,0.42,0.58,0.61,0.06,0.03,78838.08,1776896050000
1776896052.349,252.349,0.38,0.42,0.58,0.62,0.04,0.04,78838.08,1776896050000
1776896052.913,252.913,0.38,0.39,0.61,0.62,0.01,0.01,78838.08,1776896050000
1776896054.401,254.401,0.35,0.39,0.61,0.62,0.04,0.01,78838.08,1776896050000
1776896054.885,254.885,0.32,0.33,0.61,0.73,0.01,0.12,78838.08,1776896050000
1776896055.294,255.294,0.32,0.33,0.67,0.68,0.01,0.01,78838.08,1776896050000
1776896055.772,255.772,0.32,0.33,0.67,0.68,0.01,0.01,78838.08,1776896050000
1776896056.198,256.198,0.32,0.33,0.67,0.68,0.01,0.01,78838.08,1776896050000
1776896056.699,256.699,0.32,0.33,0.67,0.68,0.01,0.01,78838.08,1776896050000
1776896058.298,258.298,0.32,0.33,0.67,0.68,0.01,0.01,78838.08,1776896050000
1776896058.799,258.799,0.32,0.33,0.67,0.68,0.01,0.01,78838.08,1776896050000
1776896059.349,259.349,0.32,0.33,0.67,0.68,0.01,0.01,78838.08,1776896050000
1776896059.739,259.739,0.32,0.33,0.67,0.68,0.01,0.01,78837.04,1776896058000
1776896060.113,260.113,0.32,0.33,0.67,0.68,0.01,0.01,78837.04,1776896058000
1776896060.459,260.459,0.32,0.33,0.67,0.68,0.01,0.01,78837.04,1776896059000
1776896061.002,261.002,0.32,0.33,0.67,0.68,0.01,0.01,78837.04,1776896059000
1776896061.352,261.352,0.32,0.33,0.67,0.68,0.01,0.01,78837.09,1776896060000
1776896061.697,261.697,0.32,0.33,0.67,0.68,0.01,0.01,78837.09,1776896060000
1776896062.097,262.097,0.32,0.33,0.67,0.68,0.01,0.01,78837.09,1776896060000
1776896062.539,262.539,0.32,0.33,0.67,0.68,0.01,0.01,78837.09,1776896060000
1776896062.919,262.919,0.32,0.33,0.67,0.68,0.01,0.01,78837.19,1776896061000
1776896063.349,263.349,0.32,0.33,0.67,0.68,0.01,0.01,78836.73,1776896062000
1776896063.82,263.82,0.32,0.33,0.67,0.68,0.01,0.01,78836.73,1776896062000
1776896064.415,264.415,0.32,0.33,0.67,0.68,0.01,0.01,78836.73,1776896062000
1776896064.79,264.79,0.32,0.33,0.67,0.68,0.01,0.01,78836.73,1776896062000
1776896065.24,265.24,0.32,0.33,0.67,0.68,0.01,0.01,78836.55,1776896063000
1776896065.707,265.707,0.32,0.33,0.67,0.68,0.01,0.01,78836.55,1776896063000
1776896066.318,266.318,0.32,0.33,0.67,0.68,0.01,0.01,78836.55,1776896065000
1776896067.024,267.024,0.32,0.33,0.67,0.68,0.01,0.01,78836.55,1776896065000
1776896067.53,267.53,0.3,0.31,0.69,0.7,0.01,0.01,78836.03,1776896066000
1776896068.053,268.053,0.3,0.31,0.69,0.7,0.01,0.01,78836.03,1776896066000
1776896068.428,268.428,0.3,0.31,0.69,0.7,0.01,0.01,78835.99,1776896067000
1776896068.954,268.954,0.3,0.31,0.69,0.7,0.01,0.01,78835.99,1776896067000
1776896069.349,269.349,0.28,0.29,0.69,0.72,0.01,0.03,78835.97,1776896068000
1776896069.708,269.708,0.28,0.29,0.71,0.72,0.01,0.01,78835.97,1776896068000
1776896070.168,270.168,0.28,0.29,0.71,0.72,0.01,0.01,78836.73,1776896069000
1776896070.508,270.508,0.26,0.27,0.73,0.74,0.01,0.01,78836.73,1776896069000
1776896071.03,271.03,0.26,0.27,0.73,0.74,0.01,0.01,78836.73,1776896069000
1776896071.366,271.366,0.23,0.24,0.76,0.77,0.01,0.01,78836.73,1776896070000
1776896071.904,271.904,0.27,0.29,0.69,0.76,0.02,0.07,78836.73,1776896070000
1776896072.351,272.351,0.27,0.28,0.72,0.73,0.01,0.01,78836.69,1776896071000
1776896072.714,272.714,0.24,0.25,0.74,0.77,0.01,0.03,78836.69,1776896071000
1776896073.155,273.155,0.26,0.27,0.75,0.76,0.01,0.01,78835.95,1776896072000
1776896073.631,273.631,0.26,0.27,0.73,0.74,0.01,0.01,78835.95,1776896072000
1776896073.966,273.966,0.24,0.26,0.73,0.76,0.02,0.03,78835.95,1776896072000
1776896074.477,274.477,0.26,0.27,0.73,0.74,0.01,0.01,78835.56,1776896073000
1776896074.869,274.869,0.24,0.25,0.73,0.76,0.01,0.03,78835.56,1776896073000
1776896075.322,275.322,0.24,0.25,0.75,0.76,0.01,0.01,78834.97,1776896074000
1776896075.915,275.915,0.24,0.25,0.75,0.76,0.01,0.01,78835.54,1776896075000
1776896076.316,276.316,0.25,0.26,0.74,0.75,0.01,0.01,78835.54,1776896075000
1776896076.654,276.654,0.25,0.26,0.74,0.75,0.01,0.01,78835.54,1776896075000
1776896077.041,277.041,0.25,0.26,0.74,0.75,0.01,0.01,78835.55,1776896076000
1776896077.543,277.543,0.26,0.27,0.73,0.74,0.01,0.01,78835.55,1776896076000
1776896078.202,278.202,0.26,0.27,0.73,0.74,0.01,0.01,78835.55,1776896076000
1776896078.614,278.614,0.26,0.27,0.73,0.74,0.01,0.01,78834.97,1776896077000
1776896079.076,279.076,0.26,0.27,0.73,0.74,0.01,0.01,78835.02,1776896078000
1776896079.823,279.823,0.26,0.27,0.73,0.74,0.01,0.01,78835.02,1776896078000
1776896080.304,280.304,0.26,0.27,0.73,0.74,0.01,0.01,78835.02,1776896079000
1776896080.678,280.678,0.29,0.3,0.7,0.71,0.01,0.01,78835.02,1776896079000
1776896081.021,281.021,0.29,0.3,0.7,0.71,0.01,0.01,78835.02,1776896079000
1776896081.41,281.41,0.3,0.31,0.69,0.7,0.01,0.01,78835.01,1776896080000
1776896081.872,281.872,0.3,0.31,0.69,0.7,0.01,0.01,78835.01,1776896080000
1776896082.588,282.588,0.26,0.27,0.73,0.74,0.01,0.01,78834.93,1776896081000
1776896082.967,282.967,0.26,0.27,0.73,0.74,0.01,0.01,78834.93,1776896081000
1776896083.36,283.36,0.26,0.27,0.73,0.74,0.01,0.01,78834.93,1776896082000
1776896083.74,283.74,0.26,0.27,0.73,0.74,0.01,0.01,78834.93,1776896082000
1776896084.19,284.19,0.24,0.25,0.75,0.76,0.01,0.01,78834.93,1776896082000
1776896084.549,284.549,0.22,0.23,0.76,0.78,0.01,0.02,78835.24,1776896083000
1776896084.887,284.887,0.22,0.23,0.77,0.78,0.01,0.01,78835.24,1776896083000
1776896085.465,285.465,0.23,0.24,0.76,0.78,0.01,0.02,78835.24,1776896084000
1776896086.03,286.03,0.23,0.24,0.76,0.77,0.01,0.01,78835.24,1776896084000
1776896086.402,286.402,0.23,0.24,0.76,0.77,0.01,0.01,78835.15,1776896085000
1776896086.747,286.747,0.21,0.22,0.78,0.79,0.01,0.01,78835.15,1776896085000
1776896087.087,287.087,0.21,0.22,0.78,0.79,0.01,0.01,78835.15,1776896085000
1776896087.613,287.613,0.21,0.22,0.78,0.79,0.01,0.01,78835.15,1776896086000
1776896087.966,287.966,0.2,0.21,0.79,0.8,0.01,0.01,78835.15,1776896086000
1776896088.312,288.312,0.16,0.17,0.83,0.84,0.01,0.01,78835.11,1776896087000
1776896088.735,288.735,0.14,0.15,0.85,0.86,0.01,0.01,78835.11,1776896087000
1776896089.127,289.127,0.14,0.15,0.85,0.86,0.01,0.01,78834.91,1776896088000
1776896089.627,289.627,0.14,0.15,0.85,0.86,0.01,0.01,78834.91,1776896088000
1776896090.332,290.332,0.13,0.15,0.85,0.87,0.02,0.02,78834.92,1776896089000
1776896090.764,290.764,0.05,0.06,0.94,0.95,0.01,0.01,78834.92,1776896089000
1776896091.152,291.152,0.04,0.05,0.95,0.96,0.01,0.01,78834.92,1776896089000
1776896091.542,291.542,0.03,0.04,0.95,0.97,0.01,0.02,78834.92,1776896089000
1776896091.893,291.893,0.03,0.04,0.96,0.97,0.01,0.01,78834.76,1776896090000
1776896092.266,292.266,0.03,0.04,0.96,0.97,0.01,0.01,78834.76,1776896090000
1776896092.6,292.6,0.04,0.05,0.95,0.96,0.01,0.01,78827.01,1776896091000
1776896092.942,292.942,0.03,0.04,0.96,0.97,0.01,0.01,78827.01,1776896091000
1776896093.308,293.308,0.02,0.03,0.97,0.98,0.01,0.01,78825.63,1776896092000
1776896093.646,293.646,0.02,0.03,0.97,0.98,0.01,0.01,78825.63,1776896092000
1776896093.997,293.997,0.02,0.03,0.97,0.98,0.01,0.01,78825.63,1776896092000
1776896094.384,294.384,0.02,0.03,0.97,0.98,0.01,0.01,78825.27,1776896093000
1776896094.721,294.721,0.02,0.03,0.97,0.98,0.01,0.01,78825.27,1776896093000
1776896095.056,295.056,0.02,0.03,0.97,0.98,0.01,0.01,78825.27,1776896093000
1776896095.399,295.399,0.02,0.03,0.97,0.98,0.01,0.01,78825.27,1776896093000
1776896095.739,295.739,0.02,0.03,0.97,0.99,0.01,0.02,78825.27,1776896093000
1776896096.119,296.119,0.01,0.02,0.98,0.99,0.01,0.01,78820.47,1776896094000
1776896096.455,296.455,0.01,0.02,0.98,0.99,0.01,0.01,78819.96,1776896095000
1776896096.798,296.798,0.01,0.02,0.98,0.99,0.01,0.01,78819.96,1776896095000
1776896097.162,297.162,0.01,0.01,0.99,0.99,0.0,0.0,78819.96,1776896095000
1776896097.533,297.533,0.01,0.01,0.99,0.99,0.0,0.0,78819.96,1776896095000
1776896098.088,298.088,0.01,0.01,0.99,0.99,0.0,0.0,78819.05,1776896096000
1776896098.845,298.845,0.01,0.01,0.99,0.99,0.0,0.0,78818.88,1776896097000
1776896099.529,299.529,0.01,0.01,0.99,0.99,0.0,0.0,78818.88,1776896097000
1776896099.904,299.904,0.01,0.01,0.99,0.99,0.0,0.0,78793.12,1776896098000
1776896100.27,300.27,0.01,0.01,0.99,0.99,0.0,0.0,78789.58,1776896099000
1776896100.657,300.657,0.01,0.01,0.99,0.99,0.0,0.0,78789.58,1776896099000
1776896101.497,301.497,0.01,0.01,0.99,0.99,0.0,0.0,78790.17,1776896100000
1776896102.252,302.252,0.01,0.01,0.99,0.99,0.0,0.0,78789.83,1776896101000

# RESULT,winner=Down,slug=btc-updown-5m-1776895800,ticks=660
