timestamp,elapsed_sec,up_bid,up_ask,down_bid,down_ask,up_spread,down_spread,btc_price,btc_oracle_ts
1776446400.514,0.514,0.5,0.52,0.48,0.49,0.02,0.01,77554.08,1776446398000
1776446400.873,0.873,0.49,0.5,0.49,0.51,0.01,0.02,77554.08,1776446398000
1776446401.255,1.255,0.4,0.41,0.59,0.6,0.01,0.01,77555.28,1776446399000
1776446401.632,1.632,0.38,0.4,0.59,0.61,0.02,0.02,77555.28,1776446399000
1776446402.19,2.19,0.37,0.38,0.61,0.63,0.01,0.02,77554.78,1776446400000
1776446402.537,2.537,0.37,0.38,0.62,0.63,0.01,0.01,77554.78,1776446400000
1776446402.94,2.94,0.37,0.39,0.6,0.63,0.02,0.03,77528.89,1776446401000
1776446403.277,3.277,0.37,0.38,0.62,0.63,0.01,0.01,77528.89,1776446401000
1776446403.721,3.721,0.37,0.38,0.62,0.63,0.01,0.01,77528.89,1776446401000
1776446404.122,4.122,0.42,0.43,0.57,0.58,0.01,0.01,77508.98,1776446402000
1776446404.456,4.456,0.42,0.43,0.57,0.58,0.01,0.01,77501.65,1776446403000
1776446404.805,4.805,0.43,0.44,0.56,0.57,0.01,0.01,77501.65,1776446403000
1776446405.266,5.266,0.42,0.43,0.56,0.58,0.01,0.02,77501.65,1776446403000
1776446405.696,5.696,0.38,0.4,0.6,0.61,0.02,0.01,77513.69,1776446404000
1776446406.111,6.111,0.37,0.38,0.61,0.63,0.01,0.02,77513.69,1776446404000
1776446406.451,6.451,0.36,0.37,0.63,0.64,0.01,0.01,77513.69,1776446404000
1776446406.807,6.807,0.35,0.36,0.64,0.65,0.01,0.01,77523.03,1776446405000
1776446407.288,7.288,0.33,0.34,0.64,0.66,0.01,0.02,77523.03,1776446405000
1776446407.767,7.767,0.33,0.34,0.66,0.67,0.01,0.01,77520.08,1776446406000
1776446408.106,8.106,0.33,0.34,0.66,0.67,0.01,0.01,77520.08,1776446406000
1776446408.897,8.897,0.33,0.34,0.66,0.67,0.01,0.01,77505.72,1776446407000
1776446409.231,9.231,0.33,0.34,0.66,0.67,0.01,0.01,77505.72,1776446407000
1776446409.635,9.635,0.32,0.33,0.67,0.68,0.01,0.01,77505.72,1776446407000
1776446410.049,10.049,0.32,0.33,0.67,0.68,0.01,0.01,77491.73,1776446408000
1776446410.383,10.383,0.31,0.32,0.68,0.69,0.01,0.01,77491.73,1776446408000
1776446410.74,10.74,0.3,0.31,0.69,0.7,0.01,0.01,77491.73,1776446409000
1776446411.284,11.284,0.29,0.3,0.7,0.71,0.01,0.01,77488.78,1776446410000
1776446411.649,11.649,0.29,0.3,0.7,0.71,0.01,0.01,77488.78,1776446410000
1776446412.14,12.14,0.29,0.3,0.7,0.71,0.01,0.01,77488.78,1776446410000
1776446412.533,12.533,0.29,0.3,0.7,0.71,0.01,0.01,77488.78,1776446410000
1776446412.899,12.899,0.29,0.3,0.7,0.71,0.01,0.01,77474.86,1776446411000
1776446413.336,13.336,0.28,0.29,0.7,0.72,0.01,0.02,77474.86,1776446411000
1776446413.816,13.816,0.27,0.29,0.71,0.72,0.02,0.01,77470.29,1776446412000
1776446414.218,14.218,0.27,0.28,0.72,0.73,0.01,0.01,77470.29,1776446413000
1776446414.566,14.566,0.26,0.27,0.73,0.74,0.01,0.01,77470.29,1776446413000
1776446415.081,15.081,0.26,0.27,0.73,0.75,0.01,0.02,77470.29,1776446413000
1776446415.421,15.421,0.26,0.27,0.73,0.74,0.01,0.01,77470.29,1776446413000
1776446415.755,15.755,0.26,0.27,0.73,0.74,0.01,0.01,77470.29,1776446413000
1776446416.507,16.507,0.26,0.27,0.73,0.74,0.01,0.01,77465.65,1776446414000
1776446416.961,16.961,0.24,0.25,0.75,0.77,0.01,0.02,77459.96,1776446415000
1776446417.301,17.301,0.23,0.24,0.76,0.77,0.01,0.01,77459.96,1776446415000
1776446417.67,17.67,0.23,0.24,0.76,0.77,0.01,0.01,77457.33,1776446416000
1776446418.027,18.027,0.23,0.24,0.76,0.77,0.01,0.01,77457.33,1776446416000
1776446418.399,18.399,0.23,0.24,0.76,0.77,0.01,0.01,77462.28,1776446417000
1776446418.8,18.8,0.23,0.24,0.76,0.77,0.01,0.01,77462.28,1776446417000
1776446419.357,19.357,0.23,0.24,0.76,0.77,0.01,0.01,77462.28,1776446417000
1776446419.805,19.805,0.23,0.24,0.76,0.77,0.01,0.01,77452.69,1776446418000
1776446420.165,20.165,0.23,0.24,0.73,0.77,0.01,0.04,77452.27,1776446419000
1776446420.526,20.526,0.23,0.24,0.76,0.77,0.01,0.01,77452.27,1776446419000
1776446420.866,20.866,0.23,0.24,0.76,0.77,0.01,0.01,77452.27,1776446419000
1776446421.255,21.255,0.23,0.24,0.76,0.77,0.01,0.01,77449.69,1776446420000
1776446422.019,22.019,0.23,0.24,0.76,0.77,0.01,0.01,77449.69,1776446420000
1776446422.362,22.362,0.24,0.25,0.75,0.76,0.01,0.01,77450.8,1776446421000
1776446422.773,22.773,0.26,0.27,0.73,0.74,0.01,0.01,77450.8,1776446421000
1776446423.124,23.124,0.26,0.27,0.73,0.74,0.01,0.01,77450.8,1776446421000
1776446423.699,23.699,0.25,0.26,0.73,0.75,0.01,0.02,77450.8,1776446421000
1776446424.035,24.035,0.24,0.25,0.74,0.76,0.01,0.02,77455.62,1776446422000
1776446424.476,24.476,0.24,0.25,0.75,0.76,0.01,0.01,77457.55,1776446423000
1776446424.86,24.86,0.24,0.25,0.75,0.76,0.01,0.01,77457.55,1776446423000
1776446425.286,25.286,0.24,0.25,0.75,0.76,0.01,0.01,77459.32,1776446424000
1776446425.799,25.799,0.24,0.25,0.75,0.76,0.01,0.01,77459.32,1776446424000
1776446426.223,26.223,0.24,0.25,0.75,0.76,0.01,0.01,77458.46,1776446425000
1776446426.666,26.666,0.24,0.26,0.75,0.76,0.02,0.01,77458.46,1776446425000
1776446427.0,27.0,0.25,0.26,0.74,0.76,0.01,0.02,77458.46,1776446425000
1776446427.344,27.344,0.23,0.24,0.76,0.77,0.01,0.01,77456.28,1776446426000
1776446427.69,27.69,0.22,0.23,0.77,0.78,0.01,0.01,77456.28,1776446426000
1776446428.026,28.026,0.22,0.23,0.77,0.79,0.01,0.02,77456.28,1776446426000
1776446428.366,28.366,0.22,0.23,0.77,0.78,0.01,0.01,77456.28,1776446426000
1776446428.826,28.826,0.22,0.23,0.77,0.78,0.01,0.01,77457.09,1776446427000
1776446429.159,29.159,0.22,0.23,0.77,0.78,0.01,0.01,77451.7,1776446428000
1776446429.559,29.559,0.22,0.23,0.77,0.78,0.01,0.01,77451.7,1776446428000
1776446429.909,29.909,0.21,0.23,0.77,0.78,0.02,0.01,77451.7,1776446428000
1776446430.308,30.308,0.21,0.22,0.78,0.79,0.01,0.01,77441.38,1776446429000
1776446430.723,30.723,0.21,0.22,0.78,0.79,0.01,0.01,77441.38,1776446429000
1776446431.157,31.157,0.21,0.22,0.78,0.79,0.01,0.01,77441.38,1776446429000
1776446431.586,31.586,0.21,0.22,0.78,0.79,0.01,0.01,77441.05,1776446430000
1776446431.938,31.938,0.21,0.22,0.78,0.79,0.01,0.01,77441.05,1776446430000
1776446432.294,32.294,0.21,0.22,0.78,0.79,0.01,0.01,77441.05,1776446430000
1776446432.653,32.653,0.21,0.22,0.78,0.79,0.01,0.01,77441.39,1776446431000
1776446433.055,33.055,0.22,0.23,0.76,0.78,0.01,0.02,77441.96,1776446432000
1776446433.416,33.416,0.22,0.23,0.77,0.78,0.01,0.01,77441.96,1776446432000
1776446433.762,33.762,0.21,0.22,0.78,0.79,0.01,0.01,77441.96,1776446432000
1776446434.314,34.314,0.2,0.21,0.79,0.8,0.01,0.01,77441.96,1776446432000
1776446434.663,34.663,0.2,0.21,0.78,0.8,0.01,0.02,77441.96,1776446432000
1776446435.054,35.054,0.2,0.21,0.79,0.8,0.01,0.01,77442.95,1776446433000
1776446435.403,35.403,0.2,0.21,0.79,0.8,0.01,0.01,77442.94,1776446434000
1776446435.778,35.778,0.2,0.21,0.79,0.8,0.01,0.01,77442.94,1776446434000
1776446436.221,36.221,0.2,0.21,0.79,0.8,0.01,0.01,77442.94,1776446434000
1776446436.728,36.728,0.2,0.21,0.79,0.8,0.01,0.01,77435.13,1776446435000
1776446437.156,37.156,0.2,0.21,0.79,0.8,0.01,0.01,77435.13,1776446436000
1776446437.519,37.519,0.18,0.19,0.81,0.82,0.01,0.01,77435.13,1776446436000
1776446437.853,37.853,0.18,0.19,0.81,0.82,0.01,0.01,77435.13,1776446436000
1776446438.192,38.192,0.18,0.19,0.81,0.82,0.01,0.01,77438.02,1776446437000
1776446438.541,38.541,0.18,0.19,0.81,0.82,0.01,0.01,77438.02,1776446437000
1776446438.921,38.921,0.18,0.19,0.81,0.82,0.01,0.01,77438.02,1776446437000
1776446439.29,39.29,0.19,0.2,0.8,0.81,0.01,0.01,77432.0,1776446438000
1776446439.692,39.692,0.19,0.2,0.8,0.81,0.01,0.01,77432.0,1776446438000
1776446440.054,40.054,0.19,0.2,0.8,0.81,0.01,0.01,77430.37,1776446439000
1776446440.472,40.472,0.17,0.2,0.8,0.81,0.03,0.01,77430.37,1776446439000
1776446440.874,40.874,0.18,0.19,0.8,0.83,0.01,0.03,77430.37,1776446439000
1776446441.226,41.226,0.18,0.19,0.81,0.82,0.01,0.01,77430.39,1776446440000
1776446441.73,41.73,0.17,0.19,0.81,0.82,0.02,0.01,77430.39,1776446440000
1776446442.072,42.072,0.18,0.19,0.81,0.82,0.01,0.01,77430.8,1776446441000
1776446442.433,42.433,0.17,0.19,0.81,0.82,0.02,0.01,77430.8,1776446441000
1776446442.783,42.783,0.17,0.18,0.82,0.83,0.01,0.01,77430.8,1776446441000
1776446443.325,43.325,0.17,0.18,0.82,0.83,0.01,0.01,77428.15,1776446442000
1776446443.777,43.777,0.17,0.18,0.82,0.83,0.01,0.01,77428.15,1776446442000
1776446444.179,44.179,0.16,0.18,0.82,0.84,0.02,0.02,77428.15,1776446443000
1776446444.774,44.774,0.16,0.17,0.82,0.84,0.01,0.02,77428.15,1776446443000
1776446445.191,45.191,0.16,0.17,0.83,0.84,0.01,0.01,77428.15,1776446443000
1776446445.673,45.673,0.15,0.16,0.83,0.85,0.01,0.02,77417.73,1776446444000
1776446446.094,46.094,0.15,0.16,0.84,0.85,0.01,0.01,77417.73,1776446444000
1776446446.482,46.482,0.15,0.16,0.84,0.85,0.01,0.01,77415.06,1776446445000
1776446446.829,46.829,0.15,0.16,0.84,0.85,0.01,0.01,77415.06,1776446445000
1776446447.369,47.369,0.15,0.16,0.84,0.85,0.01,0.01,77414.34,1776446446000
1776446448.056,48.056,0.15,0.16,0.84,0.85,0.01,0.01,77414.34,1776446446000
1776446448.399,48.399,0.15,0.16,0.84,0.85,0.01,0.01,77414.34,1776446446000
1776446449.014,49.014,0.15,0.16,0.84,0.85,0.01,0.01,77414.07,1776446447000
1776446449.364,49.364,0.15,0.16,0.84,0.85,0.01,0.01,77414.07,1776446447000
1776446449.718,49.718,0.15,0.17,0.84,0.85,0.02,0.01,77411.83,1776446448000
1776446450.108,50.108,0.16,0.17,0.83,0.84,0.01,0.01,77411.83,1776446448000
1776446450.456,50.456,0.16,0.17,0.83,0.84,0.01,0.01,77411.83,1776446448000
1776446450.912,50.912,0.16,0.17,0.83,0.84,0.01,0.01,77411.83,1776446448000
1776446451.49,51.49,0.16,0.17,0.83,0.84,0.01,0.01,77411.83,1776446448000
1776446451.883,51.883,0.16,0.17,0.83,0.84,0.01,0.01,77411.83,1776446448000
1776446452.762,52.762,0.16,0.17,0.83,0.84,0.01,0.01,77414.31,1776446451000
1776446453.097,53.097,0.16,0.17,0.83,0.84,0.01,0.01,77414.31,1776446451000
1776446453.449,53.449,0.16,0.17,0.83,0.84,0.01,0.01,77415.5,1776446452000
1776446453.785,53.785,0.16,0.17,0.83,0.84,0.01,0.01,77415.5,1776446452000
1776446454.177,54.177,0.16,0.17,0.83,0.84,0.01,0.01,77415.5,1776446452000
1776446454.511,54.511,0.14,0.15,0.85,0.86,0.01,0.01,77415.5,1776446452000
1776446454.912,54.912,0.14,0.15,0.85,0.86,0.01,0.01,77415.5,1776446452000
1776446455.291,55.291,0.13,0.14,0.85,0.86,0.01,0.01,77415.5,1776446452000
1776446455.682,55.682,0.13,0.14,0.86,0.87,0.01,0.01,77415.93,1776446454000
1776446456.093,56.093,0.13,0.14,0.86,0.87,0.01,0.01,77413.65,1776446455000
1776446456.562,56.562,0.13,0.14,0.86,0.87,0.01,0.01,77413.65,1776446455000
1776446457.166,57.166,0.13,0.14,0.86,0.87,0.01,0.01,77413.65,1776446455000
1776446458.153,58.153,0.13,0.14,0.86,0.87,0.01,0.01,77413.65,1776446455000
1776446458.495,58.495,0.11,0.12,0.88,0.89,0.01,0.01,77413.65,1776446455000
1776446458.829,58.829,0.1,0.11,0.89,0.9,0.01,0.01,77413.65,1776446455000
1776446459.207,59.207,0.11,0.12,0.88,0.89,0.01,0.01,77413.65,1776446455000
1776446459.572,59.572,0.11,0.12,0.88,0.89,0.01,0.01,77413.65,1776446455000
1776446459.987,59.987,0.11,0.13,0.87,0.89,0.02,0.02,77404.31,1776446458000
1776446460.42,60.42,0.12,0.13,0.87,0.88,0.01,0.01,77404.31,1776446458000
1776446460.768,60.768,0.12,0.13,0.87,0.88,0.01,0.01,77383.46,1776446459000
1776446461.217,61.217,0.12,0.13,0.87,0.88,0.01,0.01,77383.46,1776446459000
1776446461.551,61.551,0.12,0.13,0.87,0.88,0.01,0.01,77384.24,1776446460000
1776446461.904,61.904,0.12,0.13,0.87,0.88,0.01,0.01,77384.24,1776446460000
1776446462.239,62.239,0.11,0.12,0.88,0.89,0.01,0.01,77384.55,1776446461000
1776446462.592,62.592,0.11,0.12,0.88,0.89,0.01,0.01,77384.55,1776446461000
1776446462.928,62.928,0.1,0.12,0.88,0.89,0.02,0.01,77384.55,1776446461000
1776446463.265,63.265,0.1,0.11,0.89,0.9,0.01,0.01,77395.33,1776446462000
1776446463.635,63.635,0.09,0.1,0.9,0.91,0.01,0.01,77395.33,1776446462000
1776446463.991,63.991,0.09,0.1,0.9,0.91,0.01,0.01,77395.33,1776446462000
1776446464.378,64.378,0.08,0.1,0.9,0.92,0.02,0.02,77393.29,1776446463000
1776446464.758,64.758,0.08,0.09,0.91,0.92,0.01,0.01,77393.29,1776446463000
1776446465.102,65.102,0.08,0.09,0.91,0.92,0.01,0.01,77389.24,1776446464000
1776446465.529,65.529,0.08,0.09,0.91,0.92,0.01,0.01,77389.24,1776446464000
1776446465.959,65.959,0.08,0.09,0.91,0.92,0.01,0.01,77389.24,1776446464000
1776446466.677,66.677,0.08,0.09,0.91,0.92,0.01,0.01,77375.71,1776446465000
1776446467.167,67.167,0.07,0.08,0.92,0.93,0.01,0.01,77375.71,1776446465000
1776446467.606,67.606,0.07,0.08,0.92,0.93,0.01,0.01,77375.71,1776446465000
1776446468.009,68.009,0.07,0.08,0.92,0.93,0.01,0.01,77363.93,1776446466000
1776446468.402,68.402,0.07,0.08,0.92,0.93,0.01,0.01,77360.0,1776446467000
1776446468.891,68.891,0.07,0.08,0.92,0.93,0.01,0.01,77360.0,1776446467000
1776446469.3,69.3,0.07,0.09,0.92,0.93,0.02,0.01,77360.0,1776446467000
1776446469.682,69.682,0.07,0.08,0.91,0.93,0.01,0.02,77351.2,1776446468000
1776446470.017,70.017,0.06,0.07,0.93,0.94,0.01,0.01,77351.2,1776446468000
1776446470.356,70.356,0.06,0.07,0.93,0.94,0.01,0.01,77346.57,1776446469000
1776446470.716,70.716,0.06,0.07,0.93,0.94,0.01,0.01,77346.57,1776446469000
1776446471.064,71.064,0.06,0.07,0.93,0.94,0.01,0.01,77346.57,1776446469000
1776446471.448,71.448,0.06,0.07,0.93,0.94,0.01,0.01,77346.54,1776446470000
1776446471.786,71.786,0.06,0.07,0.93,0.94,0.01,0.01,77346.54,1776446470000
1776446472.127,72.127,0.06,0.07,0.93,0.94,0.01,0.01,77346.54,1776446470000
1776446472.511,72.511,0.06,0.07,0.93,0.94,0.01,0.01,77340.66,1776446471000
1776446472.849,72.849,0.06,0.07,0.93,0.94,0.01,0.01,77340.66,1776446471000
1776446473.183,73.183,0.06,0.07,0.93,0.94,0.01,0.01,77340.86,1776446472000
1776446473.558,73.558,0.06,0.07,0.93,0.94,0.01,0.01,77340.86,1776446472000
1776446473.9,73.9,0.06,0.07,0.93,0.94,0.01,0.01,77340.86,1776446472000
1776446474.234,74.234,0.07,0.08,0.92,0.93,0.01,0.01,77340.86,1776446472000
1776446474.584,74.584,0.08,0.09,0.91,0.92,0.01,0.01,77334.42,1776446473000
1776446474.998,74.998,0.08,0.09,0.91,0.92,0.01,0.01,77334.42,1776446473000
1776446475.333,75.333,0.08,0.09,0.91,0.92,0.01,0.01,77334.42,1776446473000
1776446475.81,75.81,0.07,0.08,0.92,0.93,0.01,0.01,77334.42,1776446473000
1776446476.256,76.256,0.07,0.08,0.92,0.93,0.01,0.01,77331.18,1776446474000
1776446476.617,76.617,0.06,0.07,0.93,0.94,0.01,0.01,77331.18,1776446474000
1776446476.981,76.981,0.06,0.07,0.93,0.94,0.01,0.01,77347.42,1776446475000
1776446477.376,77.376,0.06,0.07,0.93,0.94,0.01,0.01,77347.42,1776446475000
1776446477.771,77.771,0.06,0.07,0.93,0.94,0.01,0.01,77345.3,1776446476000
1776446478.174,78.174,0.06,0.07,0.93,0.94,0.01,0.01,77345.3,1776446476000
1776446478.55,78.55,0.06,0.07,0.93,0.94,0.01,0.01,77339.41,1776446477000
1776446478.974,78.974,0.06,0.07,0.93,0.94,0.01,0.01,77339.41,1776446477000
1776446479.33,79.33,0.06,0.08,0.93,0.94,0.02,0.01,77339.41,1776446478000
1776446479.743,79.743,0.05,0.06,0.94,0.95,0.01,0.01,77339.41,1776446478000
1776446480.138,80.138,0.05,0.06,0.94,0.95,0.01,0.01,77339.41,1776446478000
1776446480.486,80.486,0.05,0.06,0.94,0.95,0.01,0.01,77339.41,1776446478000
1776446481.008,81.008,0.05,0.06,0.94,0.95,0.01,0.01,77349.08,1776446479000
1776446481.377,81.377,0.06,0.07,0.93,0.94,0.01,0.01,77338.3,1776446480000
1776446482.036,82.036,0.06,0.07,0.93,0.94,0.01,0.01,77337.64,1776446481000
1776446482.488,82.488,0.06,0.07,0.93,0.94,0.01,0.01,77337.64,1776446481000
1776446482.96,82.96,0.06,0.08,0.93,0.94,0.02,0.01,77337.64,1776446481000
1776446483.297,83.297,0.06,0.08,0.92,0.94,0.02,0.02,77338.93,1776446482000
1776446483.659,83.659,0.07,0.08,0.92,0.94,0.01,0.02,77338.93,1776446482000
1776446483.993,83.993,0.07,0.08,0.92,0.93,0.01,0.01,77338.76,1776446483000
1776446484.358,84.358,0.07,0.08,0.92,0.93,0.01,0.01,77338.76,1776446483000
1776446485.17,85.17,0.07,0.08,0.92,0.93,0.01,0.01,77338.76,1776446483000
1776446485.656,85.656,0.06,0.07,0.93,0.94,0.01,0.01,77342.04,1776446484000
1776446486.031,86.031,0.06,0.07,0.93,0.94,0.01,0.01,77345.67,1776446485000
1776446486.377,86.377,0.05,0.06,0.94,0.95,0.01,0.01,77345.67,1776446485000
1776446486.739,86.739,0.05,0.06,0.94,0.95,0.01,0.01,77345.67,1776446485000
1776446487.122,87.122,0.05,0.06,0.94,0.95,0.01,0.01,77345.67,1776446485000
1776446487.639,87.639,0.05,0.06,0.94,0.95,0.01,0.01,77343.48,1776446486000
1776446488.153,88.153,0.05,0.06,0.94,0.95,0.01,0.01,77343.48,1776446486000
1776446488.567,88.567,0.05,0.06,0.94,0.95,0.01,0.01,77343.48,1776446486000
1776446488.943,88.943,0.06,0.07,0.93,0.95,0.01,0.02,77312.35,1776446487000
1776446489.286,89.286,0.06,0.07,0.93,0.94,0.01,0.01,77312.35,1776446488000
1776446489.72,89.72,0.06,0.07,0.93,0.94,0.01,0.01,77312.35,1776446488000
1776446490.232,90.232,0.06,0.07,0.93,0.94,0.01,0.01,77312.35,1776446488000
1776446490.585,90.585,0.06,0.07,0.93,0.94,0.01,0.01,77312.35,1776446488000
1776446490.936,90.936,0.06,0.07,0.93,0.94,0.01,0.01,77319.03,1776446489000
1776446491.277,91.277,0.06,0.07,0.93,0.94,0.01,0.01,77319.03,1776446489000
1776446491.706,91.706,0.06,0.07,0.93,0.94,0.01,0.01,77319.03,1776446490000
1776446492.1,92.1,0.06,0.07,0.93,0.94,0.01,0.01,77319.03,1776446490000
1776446492.71,92.71,0.05,0.06,0.94,0.95,0.01,0.01,77319.5,1776446491000
1776446493.316,93.316,0.05,0.06,0.94,0.95,0.01,0.01,77319.5,1776446491000
1776446493.703,93.703,0.05,0.06,0.94,0.95,0.01,0.01,77319.5,1776446491000
1776446494.136,94.136,0.05,0.06,0.94,0.95,0.01,0.01,77320.34,1776446492000
1776446494.538,94.538,0.05,0.06,0.94,0.95,0.01,0.01,77316.23,1776446493000
1776446494.885,94.885,0.05,0.06,0.94,0.95,0.01,0.01,77316.23,1776446493000
1776446495.24,95.24,0.05,0.06,0.94,0.95,0.01,0.01,77316.23,1776446493000
1776446495.758,95.758,0.05,0.06,0.94,0.95,0.01,0.01,77315.85,1776446494000
1776446496.49,96.49,0.05,0.06,0.94,0.95,0.01,0.01,77315.85,1776446494000
1776446496.866,96.866,0.05,0.06,0.94,0.95,0.01,0.01,77317.24,1776446495000
1776446497.246,97.246,0.05,0.06,0.94,0.95,0.01,0.01,77317.4,1776446496000
1776446497.754,97.754,0.05,0.06,0.94,0.95,0.01,0.01,77317.4,1776446496000
1776446498.101,98.101,0.05,0.06,0.94,0.95,0.01,0.01,77317.4,1776446496000
1776446498.484,98.484,0.05,0.06,0.94,0.95,0.01,0.01,77317.4,1776446496000
1776446499.195,99.195,0.05,0.06,0.94,0.95,0.01,0.01,77320.19,1776446498000
1776446499.751,99.751,0.05,0.06,0.94,0.95,0.01,0.01,77320.19,1776446498000
1776446500.158,100.158,0.04,0.05,0.95,0.96,0.01,0.01,77320.19,1776446498000
1776446500.519,100.519,0.04,0.05,0.95,0.96,0.01,0.01,77320.19,1776446498000
1776446500.891,100.891,0.04,0.05,0.95,0.96,0.01,0.01,77314.61,1776446499000
1776446501.247,101.247,0.04,0.05,0.95,0.96,0.01,0.01,77314.61,1776446499000
1776446501.613,101.613,0.04,0.05,0.95,0.96,0.01,0.01,77313.25,1776446500000
1776446502.058,102.058,0.04,0.05,0.95,0.96,0.01,0.01,77313.25,1776446500000
1776446502.805,102.805,0.04,0.05,0.95,0.96,0.01,0.01,77313.25,1776446500000
1776446503.22,103.22,0.04,0.05,0.95,0.96,0.01,0.01,77306.11,1776446501000
1776446503.64,103.64,0.04,0.05,0.95,0.96,0.01,0.01,77308.87,1776446502000
1776446504.067,104.067,0.04,0.05,0.95,0.96,0.01,0.01,77308.87,1776446502000
1776446504.455,104.455,0.04,0.05,0.95,0.96,0.01,0.01,77313.55,1776446503000
1776446504.798,104.798,0.04,0.05,0.95,0.96,0.01,0.01,77313.55,1776446503000
1776446505.324,105.324,0.04,0.05,0.95,0.96,0.01,0.01,77313.55,1776446503000
1776446505.682,105.682,0.04,0.05,0.95,0.96,0.01,0.01,77315.13,1776446504000
1776446506.108,106.108,0.04,0.05,0.95,0.96,0.01,0.01,77315.13,1776446504000
1776446506.514,106.514,0.04,0.05,0.95,0.96,0.01,0.01,77316.49,1776446505000
1776446507.174,107.174,0.04,0.05,0.95,0.96,0.01,0.01,77316.61,1776446506000
1776446507.636,107.636,0.04,0.05,0.95,0.96,0.01,0.01,77316.61,1776446506000
1776446508.015,108.015,0.04,0.05,0.95,0.96,0.01,0.01,77316.61,1776446506000
1776446508.381,108.381,0.04,0.05,0.95,0.96,0.01,0.01,77316.61,1776446506000
1776446508.854,108.854,0.04,0.05,0.95,0.96,0.01,0.01,77314.43,1776446507000
1776446509.383,109.383,0.04,0.05,0.95,0.96,0.01,0.01,77314.43,1776446508000
1776446509.856,109.856,0.04,0.05,0.95,0.96,0.01,0.01,77314.43,1776446508000
1776446510.269,110.269,0.04,0.05,0.95,0.96,0.01,0.01,77311.61,1776446509000
1776446510.655,110.655,0.04,0.05,0.95,0.96,0.01,0.01,77311.61,1776446509000
1776446510.988,110.988,0.03,0.04,0.96,0.97,0.01,0.01,77311.61,1776446509000
1776446511.324,111.324,0.03,0.04,0.96,0.97,0.01,0.01,77311.61,1776446509000
1776446511.805,111.805,0.03,0.04,0.96,0.97,0.01,0.01,77311.61,1776446509000
1776446512.148,112.148,0.03,0.04,0.96,0.97,0.01,0.01,77311.61,1776446509000
1776446512.856,112.856,0.03,0.04,0.96,0.97,0.01,0.01,77304.38,1776446511000
1776446513.334,113.334,0.04,0.05,0.95,0.97,0.01,0.02,77304.38,1776446511000
1776446513.678,113.678,0.04,0.06,0.95,0.96,0.02,0.01,77288.03,1776446512000
1776446514.057,114.057,0.05,0.06,0.94,0.95,0.01,0.01,77288.03,1776446512000
1776446514.483,114.483,0.05,0.06,0.94,0.95,0.01,0.01,77290.89,1776446513000
1776446514.908,114.908,0.07,0.08,0.92,0.95,0.01,0.03,77290.89,1776446513000
1776446515.351,115.351,0.06,0.08,0.92,0.94,0.02,0.02,77312.5,1776446514000
1776446515.826,115.826,0.06,0.07,0.93,0.94,0.01,0.01,77312.5,1776446514000
1776446516.177,116.177,0.06,0.07,0.93,0.94,0.01,0.01,77317.34,1776446515000
1776446516.805,116.805,0.06,0.07,0.93,0.94,0.01,0.01,77317.34,1776446515000
1776446517.22,117.22,0.05,0.06,0.94,0.95,0.01,0.01,77317.34,1776446515000
1776446517.558,117.558,0.05,0.06,0.94,0.95,0.01,0.01,77329.44,1776446516000
1776446517.897,117.897,0.05,0.06,0.94,0.95,0.01,0.01,77329.44,1776446516000
1776446518.23,118.23,0.05,0.06,0.94,0.95,0.01,0.01,77329.41,1776446517000
1776446518.806,118.806,0.05,0.06,0.94,0.95,0.01,0.01,77329.41,1776446517000
1776446519.141,119.141,0.04,0.05,0.95,0.96,0.01,0.01,77329.41,1776446517000
1776446519.681,119.681,0.03,0.04,0.96,0.97,0.01,0.01,77329.41,1776446518000
1776446520.139,120.139,0.03,0.04,0.96,0.97,0.01,0.01,77329.41,1776446518000
1776446520.58,120.58,0.03,0.04,0.96,0.97,0.01,0.01,77329.91,1776446519000
1776446520.918,120.918,0.03,0.04,0.96,0.97,0.01,0.01,77329.91,1776446519000
1776446521.339,121.339,0.04,0.06,0.95,0.96,0.02,0.01,77320.5,1776446520000
1776446521.855,121.855,0.04,0.05,0.95,0.96,0.01,0.01,77320.5,1776446520000
1776446522.576,122.576,0.04,0.05,0.95,0.96,0.01,0.01,77312.86,1776446521000
1776446522.966,122.966,0.04,0.05,0.95,0.96,0.01,0.01,77312.86,1776446521000
1776446523.318,123.318,0.05,0.06,0.94,0.95,0.01,0.01,77312.86,1776446521000
1776446523.739,123.739,0.04,0.06,0.94,0.96,0.02,0.02,77315.96,1776446522000
1776446524.294,124.294,0.04,0.05,0.95,0.96,0.01,0.01,77315.96,1776446522000
1776446524.669,124.669,0.04,0.05,0.95,0.96,0.01,0.01,77317.91,1776446523000
1776446525.096,125.096,0.04,0.05,0.95,0.96,0.01,0.01,77318.05,1776446524000
1776446525.573,125.573,0.04,0.05,0.95,0.96,0.01,0.01,77318.05,1776446524000
1776446525.947,125.947,0.04,0.05,0.95,0.96,0.01,0.01,77318.05,1776446524000
1776446526.352,126.352,0.04,0.05,0.95,0.96,0.01,0.01,77318.65,1776446525000
1776446526.94,126.94,0.04,0.05,0.95,0.96,0.01,0.01,77318.65,1776446525000
1776446527.46,127.46,0.04,0.05,0.95,0.96,0.01,0.01,77318.65,1776446525000
1776446527.83,127.83,0.04,0.05,0.95,0.96,0.01,0.01,77326.3,1776446526000
1776446528.244,128.244,0.05,0.06,0.94,0.95,0.01,0.01,77326.3,1776446526000
1776446528.668,128.668,0.05,0.06,0.94,0.95,0.01,0.01,77331.3,1776446527000
1776446529.162,129.162,0.05,0.06,0.94,0.95,0.01,0.01,77331.3,1776446527000
1776446529.526,129.526,0.05,0.06,0.94,0.95,0.01,0.01,77340.79,1776446528000
1776446530.206,130.206,0.05,0.06,0.94,0.95,0.01,0.01,77340.79,1776446528000
1776446530.586,130.586,0.06,0.07,0.93,0.94,0.01,0.01,77349.49,1776446529000
1776446530.94,130.94,0.06,0.07,0.93,0.94,0.01,0.01,77349.49,1776446529000
1776446531.359,131.359,0.05,0.06,0.94,0.95,0.01,0.01,77349.04,1776446530000
1776446531.92,131.92,0.05,0.06,0.94,0.95,0.01,0.01,77349.04,1776446530000
1776446532.465,132.465,0.05,0.06,0.94,0.95,0.01,0.01,77350.61,1776446531000
1776446532.973,132.973,0.05,0.06,0.94,0.95,0.01,0.01,77350.61,1776446531000
1776446533.431,133.431,0.05,0.06,0.94,0.95,0.01,0.01,77350.61,1776446531000
1776446534.001,134.001,0.05,0.06,0.94,0.95,0.01,0.01,77356.41,1776446532000
1776446534.552,134.552,0.05,0.06,0.94,0.95,0.01,0.01,77358.18,1776446533000
1776446535.11,135.11,0.05,0.06,0.94,0.95,0.01,0.01,77358.18,1776446533000
1776446535.548,135.548,0.05,0.06,0.94,0.95,0.01,0.01,77364.21,1776446534000
1776446536.128,136.128,0.06,0.07,0.93,0.94,0.01,0.01,77364.61,1776446535000
1776446536.469,136.469,0.06,0.07,0.93,0.94,0.01,0.01,77364.61,1776446535000
1776446536.987,136.987,0.06,0.07,0.93,0.94,0.01,0.01,77364.61,1776446535000
1776446537.412,137.412,0.05,0.06,0.94,0.95,0.01,0.01,77364.61,1776446536000
1776446537.777,137.777,0.05,0.06,0.94,0.95,0.01,0.01,77364.61,1776446536000
1776446538.135,138.135,0.05,0.06,0.94,0.95,0.01,0.01,77364.61,1776446536000
1776446538.518,138.518,0.05,0.06,0.94,0.95,0.01,0.01,77364.61,1776446536000
1776446538.857,138.857,0.05,0.06,0.94,0.95,0.01,0.01,77367.47,1776446537000
1776446539.198,139.198,0.05,0.06,0.94,0.95,0.01,0.01,77364.42,1776446538000
1776446539.558,139.558,0.05,0.06,0.94,0.95,0.01,0.01,77364.42,1776446538000
1776446539.999,139.999,0.05,0.06,0.94,0.95,0.01,0.01,77364.42,1776446538000
1776446540.361,140.361,0.05,0.06,0.94,0.95,0.01,0.01,77366.62,1776446539000
1776446540.763,140.763,0.04,0.05,0.94,0.95,0.01,0.01,77366.62,1776446539000
1776446541.254,141.254,0.04,0.05,0.95,0.96,0.01,0.01,77364.49,1776446540000
1776446541.596,141.596,0.03,0.04,0.95,0.97,0.01,0.02,77364.49,1776446540000
1776446542.191,142.191,0.03,0.04,0.96,0.97,0.01,0.01,77353.28,1776446541000
1776446542.584,142.584,0.03,0.04,0.96,0.97,0.01,0.01,77353.28,1776446541000
1776446543.298,143.298,0.03,0.04,0.96,0.97,0.01,0.01,77341.62,1776446542000
1776446543.716,143.716,0.03,0.04,0.96,0.97,0.01,0.01,77341.62,1776446542000
1776446544.272,144.272,0.04,0.06,0.95,0.97,0.02,0.02,77341.62,1776446542000
1776446544.615,144.615,0.04,0.05,0.95,0.96,0.01,0.01,77340.63,1776446543000
1776446545.443,145.443,0.04,0.05,0.95,0.96,0.01,0.01,77345.68,1776446544000
1776446545.827,145.827,0.04,0.05,0.95,0.96,0.01,0.01,77345.68,1776446544000
1776446546.189,146.189,0.03,0.05,0.95,0.97,0.02,0.02,77349.09,1776446545000
1776446546.577,146.577,0.03,0.04,0.96,0.97,0.01,0.01,77349.09,1776446545000
1776446546.964,146.964,0.03,0.04,0.96,0.97,0.01,0.01,77349.09,1776446545000
1776446547.318,147.318,0.04,0.05,0.96,0.97,0.01,0.01,77355.5,1776446546000
1776446547.709,147.709,0.04,0.05,0.95,0.96,0.01,0.01,77355.5,1776446546000
1776446548.046,148.046,0.04,0.05,0.95,0.96,0.01,0.01,77355.5,1776446546000
1776446548.44,148.44,0.04,0.05,0.95,0.96,0.01,0.01,77347.63,1776446547000
1776446549.103,149.103,0.03,0.05,0.95,0.96,0.02,0.01,77347.63,1776446547000
1776446549.506,149.506,0.03,0.04,0.95,0.97,0.01,0.02,77346.73,1776446548000
1776446550.011,150.011,0.03,0.04,0.96,0.97,0.01,0.01,77346.73,1776446548000
1776446550.409,150.409,0.03,0.04,0.96,0.97,0.01,0.01,77345.31,1776446549000
1776446550.77,150.77,0.03,0.04,0.96,0.97,0.01,0.01,77345.31,1776446549000
1776446551.198,151.198,0.03,0.04,0.96,0.97,0.01,0.01,77338.48,1776446550000
1776446551.546,151.546,0.03,0.04,0.96,0.97,0.01,0.01,77338.48,1776446550000
1776446552.007,152.007,0.04,0.05,0.95,0.96,0.01,0.01,77338.48,1776446550000
1776446552.375,152.375,0.04,0.05,0.95,0.96,0.01,0.01,77333.89,1776446551000
1776446552.892,152.892,0.04,0.05,0.95,0.96,0.01,0.01,77333.89,1776446551000
1776446553.279,153.279,0.04,0.05,0.95,0.96,0.01,0.01,77334.16,1776446552000
1776446553.815,153.815,0.04,0.05,0.95,0.96,0.01,0.01,77334.16,1776446552000
1776446554.18,154.18,0.04,0.05,0.95,0.96,0.01,0.01,77334.16,1776446552000
1776446554.611,154.611,0.04,0.05,0.95,0.96,0.01,0.01,77342.07,1776446553000
1776446554.998,154.998,0.04,0.05,0.95,0.96,0.01,0.01,77342.07,1776446553000
1776446555.647,155.647,0.04,0.05,0.95,0.96,0.01,0.01,77344.63,1776446554000
1776446556.479,156.479,0.04,0.05,0.95,0.96,0.01,0.01,77346.88,1776446555000
1776446556.813,156.813,0.03,0.04,0.96,0.97,0.01,0.01,77346.88,1776446555000
1776446557.289,157.289,0.02,0.04,0.96,0.97,0.02,0.01,77347.57,1776446556000
1776446557.692,157.692,0.02,0.03,0.97,0.98,0.01,0.01,77347.57,1776446556000
1776446558.046,158.046,0.02,0.03,0.97,0.98,0.01,0.01,77347.57,1776446556000
1776446558.443,158.443,0.02,0.03,0.97,0.98,0.01,0.01,77347.57,1776446556000
1776446558.777,158.777,0.02,0.03,0.97,0.98,0.01,0.01,77341.48,1776446557000
1776446559.248,159.248,0.02,0.03,0.97,0.98,0.01,0.01,77341.48,1776446557000
1776446559.727,159.727,0.02,0.03,0.97,0.98,0.01,0.01,77330.75,1776446558000
1776446560.293,160.293,0.02,0.03,0.97,0.98,0.01,0.01,77330.75,1776446558000
1776446560.708,160.708,0.02,0.03,0.97,0.98,0.01,0.01,77330.75,1776446558000
1776446561.062,161.062,0.02,0.03,0.97,0.98,0.01,0.01,77318.46,1776446559000
1776446561.564,161.564,0.02,0.03,0.97,0.98,0.01,0.01,77318.46,1776446559000
1776446561.948,161.948,0.02,0.03,0.97,0.98,0.01,0.01,77319.62,1776446560000
1776446563.039,163.039,0.02,0.03,0.97,0.98,0.01,0.01,77319.62,1776446561000
1776446563.504,163.504,0.02,0.03,0.97,0.98,0.01,0.01,77319.62,1776446561000
1776446563.846,163.846,0.02,0.03,0.97,0.98,0.01,0.01,77314.03,1776446562000
1776446564.251,164.251,0.02,0.03,0.97,0.98,0.01,0.01,77314.03,1776446563000
1776446564.605,164.605,0.02,0.03,0.97,0.98,0.01,0.01,77314.03,1776446563000
1776446565.508,165.508,0.02,0.03,0.97,0.98,0.01,0.01,77314.54,1776446564000
1776446565.841,165.841,0.02,0.03,0.97,0.98,0.01,0.01,77314.54,1776446564000
1776446566.477,166.477,0.02,0.03,0.97,0.98,0.01,0.01,77316.06,1776446565000
1776446567.502,167.502,0.02,0.03,0.97,0.98,0.01,0.01,77325.54,1776446566000
1776446567.925,167.925,0.02,0.03,0.97,0.98,0.01,0.01,77325.54,1776446566000
1776446568.414,168.414,0.03,0.04,0.96,0.98,0.01,0.02,77328.26,1776446567000
1776446569.041,169.041,0.03,0.04,0.96,0.97,0.01,0.01,77328.26,1776446567000
1776446569.705,169.705,0.03,0.04,0.96,0.97,0.01,0.01,77335.85,1776446568000
1776446570.76,170.76,0.02,0.04,0.96,0.97,0.02,0.01,77341.6,1776446569000
1776446571.171,171.171,0.03,0.04,0.96,0.97,0.01,0.01,77347.49,1776446570000
1776446571.665,171.665,0.03,0.04,0.96,0.97,0.01,0.01,77347.49,1776446570000
1776446572.031,172.031,0.04,0.05,0.95,0.96,0.01,0.01,77347.49,1776446570000
1776446572.481,172.481,0.04,0.05,0.95,0.96,0.01,0.01,77347.49,1776446570000
1776446572.818,172.818,0.04,0.05,0.95,0.96,0.01,0.01,77355.2,1776446571000
1776446573.221,173.221,0.04,0.05,0.95,0.96,0.01,0.01,77355.2,1776446572000
1776446574.363,174.363,0.04,0.05,0.95,0.96,0.01,0.01,77365.3,1776446573000
1776446574.769,174.769,0.04,0.05,0.95,0.96,0.01,0.01,77365.3,1776446573000
1776446575.352,175.352,0.04,0.05,0.95,0.96,0.01,0.01,77365.3,1776446573000
1776446575.775,175.775,0.04,0.05,0.95,0.96,0.01,0.01,77369.52,1776446574000
1776446576.221,176.221,0.04,0.05,0.95,0.96,0.01,0.01,77371.5,1776446575000
1776446577.092,177.092,0.04,0.05,0.95,0.96,0.01,0.01,77376.57,1776446576000
1776446578.202,178.202,0.04,0.06,0.95,0.96,0.02,0.01,77376.57,1776446576000
1776446578.714,178.714,0.06,0.07,0.95,0.96,0.01,0.01,77379.89,1776446577000
1776446579.225,179.225,0.06,0.07,0.93,0.94,0.01,0.01,77384.26,1776446578000
1776446579.592,179.592,0.06,0.07,0.93,0.94,0.01,0.01,77384.26,1776446578000
1776446579.941,179.941,0.06,0.07,0.93,0.94,0.01,0.01,77384.26,1776446578000
1776446580.376,180.376,0.05,0.06,0.93,0.94,0.01,0.01,77384.26,1776446578000
1776446580.736,180.736,0.05,0.06,0.94,0.95,0.01,0.01,77386.3,1776446579000
1776446581.326,181.326,0.03,0.04,0.94,0.97,0.01,0.03,77386.3,1776446579000
1776446581.73,181.73,0.03,0.04,0.96,0.97,0.01,0.01,77386.19,1776446580000
1776446582.219,182.219,0.03,0.04,0.96,0.97,0.01,0.01,77381.6,1776446581000
1776446582.579,182.579,0.03,0.06,0.96,0.97,0.03,0.01,77381.6,1776446581000
1776446583.096,183.096,0.03,0.06,0.94,0.97,0.03,0.03,77380.83,1776446582000
1776446583.973,183.973,0.04,0.05,0.94,0.97,0.01,0.03,77380.83,1776446582000
1776446584.352,184.352,0.04,0.05,0.95,0.96,0.01,0.01,77380.77,1776446583000
1776446584.925,184.925,0.04,0.05,0.95,0.96,0.01,0.01,77380.77,1776446583000
1776446585.33,185.33,0.04,0.05,0.95,0.96,0.01,0.01,77371.37,1776446584000
1776446585.933,185.933,0.04,0.05,0.95,0.96,0.01,0.01,77365.02,1776446585000
1776446586.546,186.546,0.03,0.05,0.95,0.97,0.02,0.02,77365.02,1776446585000
1776446586.889,186.889,0.04,0.05,0.95,0.96,0.01,0.01,77365.02,1776446585000
1776446587.274,187.274,0.04,0.05,0.95,0.96,0.01,0.01,77362.64,1776446586000
1776446587.639,187.639,0.04,0.05,0.95,0.96,0.01,0.01,77362.64,1776446586000
1776446588.101,188.101,0.04,0.05,0.95,0.96,0.01,0.01,77359.21,1776446587000
1776446588.449,188.449,0.04,0.05,0.95,0.96,0.01,0.01,77359.21,1776446587000
1776446588.893,188.893,0.04,0.05,0.95,0.96,0.01,0.01,77359.21,1776446587000
1776446589.346,189.346,0.04,0.05,0.95,0.96,0.01,0.01,77359.21,1776446587000
1776446589.726,189.726,0.03,0.04,0.95,0.96,0.01,0.01,77359.21,1776446587000
1776446590.284,190.284,0.03,0.04,0.96,0.97,0.01,0.01,77359.21,1776446587000
1776446590.778,190.778,0.03,0.04,0.96,0.97,0.01,0.01,77374.82,1776446588000
1776446591.122,191.122,0.03,0.04,0.96,0.97,0.01,0.01,77374.82,1776446588000
1776446592.249,192.249,0.03,0.04,0.96,0.97,0.01,0.01,77380.67,1776446590000
1776446592.64,192.64,0.03,0.04,0.96,0.97,0.01,0.01,77379.54,1776446591000
1776446592.979,192.979,0.03,0.04,0.96,0.97,0.01,0.01,77379.54,1776446591000
1776446593.316,193.316,0.03,0.04,0.96,0.97,0.01,0.01,77379.54,1776446591000
1776446594.024,194.024,0.02,0.03,0.97,0.98,0.01,0.01,77364.92,1776446592000
1776446594.409,194.409,0.02,0.03,0.97,0.98,0.01,0.01,77364.92,1776446592000
1776446594.865,194.865,0.02,0.03,0.97,0.98,0.01,0.01,77363.17,1776446593000
1776446595.456,195.456,0.02,0.03,0.97,0.98,0.01,0.01,77363.17,1776446593000
1776446596.452,196.452,0.02,0.03,0.97,0.98,0.01,0.01,77362.44,1776446595000
1776446597.051,197.051,0.02,0.03,0.97,0.98,0.01,0.01,77362.44,1776446595000
1776446597.454,197.454,0.02,0.03,0.97,0.98,0.01,0.01,77362.44,1776446595000
1776446598.078,198.078,0.02,0.03,0.97,0.98,0.01,0.01,77362.44,1776446595000
1776446598.841,198.841,0.02,0.03,0.97,0.98,0.01,0.01,77364.11,1776446597000
1776446600.01,200.01,0.02,0.03,0.97,0.98,0.01,0.01,77364.11,1776446597000
1776446600.478,200.478,0.02,0.03,0.97,0.98,0.01,0.01,77367.35,1776446598000
1776446601.206,201.206,0.02,0.03,0.97,0.98,0.01,0.01,77375.48,1776446599000
1776446601.659,201.659,0.04,0.05,0.95,0.96,0.01,0.01,77377.92,1776446600000
1776446602.128,202.128,0.04,0.05,0.95,0.96,0.01,0.01,77377.92,1776446600000
1776446602.476,202.476,0.04,0.05,0.95,0.96,0.01,0.01,77377.92,1776446600000
1776446602.852,202.852,0.04,0.05,0.95,0.96,0.01,0.01,77377.92,1776446600000
1776446603.217,203.217,0.04,0.05,0.95,0.96,0.01,0.01,77392.36,1776446601000
1776446603.615,203.615,0.04,0.05,0.95,0.96,0.01,0.01,77394.46,1776446602000
1776446604.348,204.348,0.04,0.05,0.95,0.96,0.01,0.01,77397.89,1776446603000
1776446604.683,204.683,0.04,0.05,0.95,0.96,0.01,0.01,77397.89,1776446603000
1776446605.166,205.166,0.04,0.05,0.95,0.96,0.01,0.01,77398.04,1776446604000
1776446606.049,206.049,0.04,0.05,0.95,0.96,0.01,0.01,77398.04,1776446604000
1776446606.602,206.602,0.04,0.05,0.95,0.96,0.01,0.01,77401.55,1776446605000
1776446607.18,207.18,0.04,0.05,0.95,0.96,0.01,0.01,77401.55,1776446605000
1776446607.619,207.619,0.04,0.05,0.95,0.96,0.01,0.01,77402.58,1776446606000
1776446608.484,208.484,0.04,0.05,0.95,0.96,0.01,0.01,77402.58,1776446606000
1776446609.176,209.176,0.04,0.05,0.95,0.96,0.01,0.01,77410.52,1776446607000
1776446609.601,209.601,0.04,0.05,0.95,0.96,0.01,0.01,77410.52,1776446607000
1776446610.047,210.047,0.04,0.05,0.95,0.96,0.01,0.01,77411.08,1776446608000
1776446610.507,210.507,0.04,0.05,0.95,0.96,0.01,0.01,77411.08,1776446608000
1776446610.869,210.869,0.03,0.05,0.95,0.96,0.02,0.01,77409.39,1776446609000
1776446611.315,211.315,0.03,0.04,0.96,0.97,0.01,0.01,77409.39,1776446609000
1776446611.718,211.718,0.03,0.04,0.96,0.97,0.01,0.01,77409.39,1776446609000
1776446612.051,212.051,0.03,0.04,0.96,0.97,0.01,0.01,77403.7,1776446610000
1776446612.523,212.523,0.03,0.04,0.96,0.97,0.01,0.01,77403.7,1776446610000
1776446613.338,213.338,0.03,0.04,0.96,0.97,0.01,0.01,77398.22,1776446612000
1776446613.92,213.92,0.03,0.04,0.96,0.97,0.01,0.01,77398.22,1776446612000
1776446614.863,214.863,0.03,0.04,0.96,0.97,0.01,0.01,77398.85,1776446613000
1776446615.246,215.246,0.03,0.04,0.96,0.97,0.01,0.01,77398.85,1776446613000
1776446615.659,215.659,0.03,0.04,0.96,0.97,0.01,0.01,77399.88,1776446614000
1776446616.15,216.15,0.03,0.04,0.96,0.97,0.01,0.01,77399.88,1776446614000
1776446616.538,216.538,0.03,0.04,0.96,0.97,0.01,0.01,77399.91,1776446615000
1776446617.069,217.069,0.03,0.04,0.96,0.97,0.01,0.01,77399.91,1776446615000
1776446618.282,218.282,0.03,0.04,0.96,0.97,0.01,0.01,77399.85,1776446617000
1776446618.908,218.908,0.03,0.04,0.96,0.97,0.01,0.01,77399.85,1776446617000
1776446619.407,219.407,0.03,0.04,0.96,0.97,0.01,0.01,77400.02,1776446618000
1776446619.887,219.887,0.03,0.04,0.96,0.97,0.01,0.01,77400.02,1776446618000
1776446621.158,221.158,0.03,0.04,0.96,0.97,0.01,0.01,77398.77,1776446620000
1776446622.357,222.357,0.03,0.04,0.96,0.97,0.01,0.01,77393.52,1776446621000
1776446623.156,223.156,0.03,0.04,0.96,0.97,0.01,0.01,77393.52,1776446621000
1776446623.494,223.494,0.02,0.04,0.96,0.98,0.02,0.02,77393.52,1776446621000
1776446623.978,223.978,0.03,0.04,0.96,0.97,0.01,0.01,77393.31,1776446622000
1776446624.315,224.315,0.02,0.04,0.96,0.98,0.02,0.02,77393.1,1776446623000
1776446624.894,224.894,0.02,0.03,0.96,0.98,0.01,0.02,77393.1,1776446623000
1776446625.325,225.325,0.02,0.03,0.97,0.98,0.01,0.01,77389.89,1776446624000
1776446625.839,225.839,0.02,0.03,0.97,0.98,0.01,0.01,77389.89,1776446624000
1776446626.217,226.217,0.02,0.03,0.97,0.98,0.01,0.01,77389.89,1776446624000
1776446626.901,226.901,0.02,0.03,0.97,0.98,0.01,0.01,77393.17,1776446625000
1776446627.326,227.326,0.02,0.03,0.97,0.98,0.01,0.01,77393.17,1776446625000
1776446627.688,227.688,0.02,0.03,0.97,0.98,0.01,0.01,77393.17,1776446625000
1776446628.134,228.134,0.02,0.03,0.97,0.98,0.01,0.01,77393.78,1776446626000
1776446628.697,228.697,0.02,0.03,0.97,0.98,0.01,0.01,77401.76,1776446627000
1776446629.106,229.106,0.02,0.03,0.97,0.98,0.01,0.01,77402.67,1776446628000
1776446629.535,229.535,0.02,0.03,0.97,0.98,0.01,0.01,77402.67,1776446628000
1776446630.47,230.47,0.03,0.04,0.96,0.98,0.01,0.02,77402.67,1776446628000
1776446630.944,230.944,0.04,0.05,0.95,0.97,0.01,0.02,77410.41,1776446629000
1776446631.57,231.57,0.04,0.05,0.95,0.96,0.01,0.01,77410.41,1776446630000
1776446631.91,231.91,0.04,0.05,0.95,0.96,0.01,0.01,77410.41,1776446630000
1776446632.327,232.327,0.04,0.05,0.95,0.96,0.01,0.01,77410.41,1776446630000
1776446632.692,232.692,0.05,0.06,0.94,0.95,0.01,0.01,77410.41,1776446630000
1776446633.132,233.132,0.08,0.09,0.91,0.92,0.01,0.01,77412.32,1776446631000
1776446633.482,233.482,0.08,0.09,0.91,0.92,0.01,0.01,77415.42,1776446632000
1776446633.821,233.821,0.08,0.09,0.91,0.92,0.01,0.01,77415.42,1776446632000
1776446634.171,234.171,0.06,0.08,0.92,0.93,0.02,0.01,77415.42,1776446632000
1776446634.57,234.57,0.07,0.08,0.92,0.93,0.01,0.01,77415.42,1776446632000
1776446634.91,234.91,0.07,0.08,0.92,0.93,0.01,0.01,77442.01,1776446633000
1776446635.452,235.452,0.07,0.08,0.92,0.93,0.01,0.01,77446.23,1776446634000
1776446636.1,236.1,0.07,0.08,0.92,0.93,0.01,0.01,77446.23,1776446634000
1776446636.463,236.463,0.07,0.08,0.92,0.93,0.01,0.01,77448.66,1776446635000
1776446636.917,236.917,0.08,0.09,0.92,0.93,0.01,0.01,77448.66,1776446635000
1776446637.33,237.33,0.08,0.09,0.91,0.92,0.01,0.01,77448.66,1776446635000
1776446637.709,237.709,0.08,0.09,0.91,0.92,0.01,0.01,77455.11,1776446636000
1776446638.072,238.072,0.07,0.09,0.91,0.92,0.02,0.01,77455.11,1776446636000
1776446638.473,238.473,0.08,0.1,0.9,0.92,0.02,0.02,77460.12,1776446637000
1776446638.824,238.824,0.08,0.1,0.9,0.91,0.02,0.01,77460.12,1776446637000
1776446639.157,239.157,0.09,0.1,0.9,0.91,0.01,0.01,77460.12,1776446637000
1776446639.517,239.517,0.08,0.1,0.9,0.92,0.02,0.02,77460.12,1776446637000
1776446639.87,239.87,0.09,0.1,0.9,0.91,0.01,0.01,77463.35,1776446638000
1776446640.287,240.287,0.08,0.1,0.9,0.91,0.02,0.01,77463.35,1776446638000
1776446640.642,240.642,0.08,0.09,0.9,0.92,0.01,0.02,77463.35,1776446639000
1776446641.05,241.05,0.05,0.08,0.92,0.95,0.03,0.03,77463.35,1776446639000
1776446641.395,241.395,0.05,0.06,0.94,0.96,0.01,0.02,77459.07,1776446640000
1776446641.974,241.974,0.04,0.05,0.95,0.97,0.01,0.02,77459.07,1776446640000
1776446642.4,242.4,0.04,0.06,0.95,0.96,0.02,0.01,77459.07,1776446640000
1776446642.821,242.821,0.05,0.06,0.95,0.96,0.01,0.01,77448.23,1776446641000
1776446643.213,243.213,0.06,0.07,0.93,0.94,0.01,0.01,77444.66,1776446642000
1776446643.709,243.709,0.07,0.08,0.92,0.93,0.01,0.01,77444.66,1776446642000
1776446644.098,244.098,0.07,0.08,0.92,0.93,0.01,0.01,77444.66,1776446642000
1776446644.44,244.44,0.04,0.08,0.92,0.93,0.04,0.01,77444.66,1776446642000
1776446644.817,244.817,0.04,0.05,0.95,0.96,0.01,0.01,77446.0,1776446643000
1776446645.282,245.282,0.04,0.05,0.95,0.96,0.01,0.01,77446.0,1776446643000
1776446645.709,245.709,0.04,0.05,0.95,0.96,0.01,0.01,77451.14,1776446644000
1776446646.083,246.083,0.04,0.06,0.94,0.96,0.02,0.02,77451.14,1776446644000
1776446646.472,246.472,0.04,0.05,0.94,0.96,0.01,0.02,77451.14,1776446645000
1776446646.843,246.843,0.04,0.05,0.95,0.96,0.01,0.01,77451.14,1776446645000
1776446647.253,247.253,0.04,0.05,0.95,0.96,0.01,0.01,77451.14,1776446645000
1776446647.604,247.604,0.03,0.04,0.95,0.97,0.01,0.02,77452.58,1776446646000
1776446648.086,248.086,0.04,0.05,0.95,0.96,0.01,0.01,77452.58,1776446646000
1776446648.765,248.765,0.04,0.07,0.95,0.96,0.03,0.01,77453.11,1776446647000
1776446649.443,249.443,0.06,0.07,0.93,0.94,0.01,0.01,77453.11,1776446647000
1776446649.815,249.815,0.03,0.05,0.93,0.97,0.02,0.04,77452.88,1776446648000
1776446650.18,250.18,0.03,0.05,0.96,0.97,0.02,0.01,77452.88,1776446648000
1776446650.771,250.771,0.04,0.05,0.95,0.97,0.01,0.02,77452.88,1776446649000
1776446651.374,251.374,0.03,0.06,0.95,0.96,0.03,0.01,77452.88,1776446649000
1776446651.964,251.964,0.04,0.05,0.94,0.97,0.01,0.03,77452.88,1776446649000
1776446652.417,252.417,0.03,0.04,0.95,0.97,0.01,0.02,77455.3,1776446651000
1776446652.843,252.843,0.03,0.04,0.96,0.97,0.01,0.01,77455.3,1776446651000
1776446653.267,253.267,0.03,0.04,0.96,0.97,0.01,0.01,77455.3,1776446651000
1776446653.601,253.601,0.03,0.04,0.96,0.97,0.01,0.01,77454.85,1776446652000
1776446653.956,253.956,0.03,0.04,0.96,0.97,0.01,0.01,77454.85,1776446652000
1776446654.323,254.323,0.03,0.04,0.96,0.97,0.01,0.01,77452.95,1776446653000
1776446654.868,254.868,0.02,0.03,0.97,0.98,0.01,0.01,77452.95,1776446653000
1776446655.416,255.416,0.02,0.03,0.97,0.98,0.01,0.01,77450.42,1776446654000
1776446655.8,255.8,0.02,0.03,0.97,0.98,0.01,0.01,77450.42,1776446654000
1776446656.155,256.155,0.02,0.03,0.97,0.98,0.01,0.01,77443.04,1776446655000
1776446656.522,256.522,0.02,0.03,0.97,0.98,0.01,0.01,77443.04,1776446655000
1776446657.058,257.058,0.01,0.02,0.97,0.98,0.01,0.01,77443.04,1776446655000
1776446657.397,257.397,0.01,0.02,0.98,0.99,0.01,0.01,77439.21,1776446656000
1776446657.772,257.772,0.01,0.02,0.98,0.99,0.01,0.01,77439.21,1776446656000
1776446658.27,258.27,0.01,0.02,0.98,0.99,0.01,0.01,77439.21,1776446656000
1776446658.617,258.617,0.01,0.02,0.98,0.99,0.01,0.01,77439.21,1776446656000
1776446658.966,258.966,0.01,0.02,0.98,0.99,0.01,0.01,77441.23,1776446657000
1776446659.301,259.301,0.01,0.02,0.98,0.99,0.01,0.01,77436.01,1776446658000
1776446659.685,259.685,0.01,0.02,0.98,0.99,0.01,0.01,77436.01,1776446658000
1776446660.033,260.033,0.01,0.02,0.98,0.99,0.01,0.01,77436.01,1776446658000
1776446660.383,260.383,0.01,0.02,0.98,0.99,0.01,0.01,77436.01,1776446658000
1776446660.737,260.737,0.01,0.02,0.98,0.99,0.01,0.01,77427.04,1776446659000
1776446661.076,261.076,0.01,0.01,0.99,0.99,0.0,0.0,77425.26,1776446660000
1776446661.773,261.773,0.01,0.01,0.99,0.99,0.0,0.0,77425.26,1776446660000
1776446662.117,262.117,0.01,0.01,0.99,0.99,0.0,0.0,77425.26,1776446660000
1776446662.535,262.535,0.01,0.01,0.99,0.99,0.0,0.0,77425.26,1776446660000
1776446663.077,263.077,0.01,0.01,0.99,0.99,0.0,0.0,77383.05,1776446661000
1776446663.571,263.571,0.01,0.01,0.99,0.99,0.0,0.0,77375.65,1776446662000
1776446664.12,264.12,0.01,0.01,0.99,0.99,0.0,0.0,77376.2,1776446663000
1776446665.31,265.31,0.01,0.01,0.99,0.99,0.0,0.0,77379.14,1776446664000
1776446666.49,266.49,0.01,0.01,0.99,0.99,0.0,0.0,77377.06,1776446665000
1776446666.956,266.956,0.01,0.01,0.99,0.99,0.0,0.0,77377.06,1776446665000
1776446667.931,267.931,0.01,0.01,0.99,0.99,0.0,0.0,77377.06,1776446666000
1776446668.363,268.363,0.01,0.01,0.99,0.99,0.0,0.0,77354.58,1776446667000
1776446668.836,268.836,0.01,0.01,0.99,0.99,0.0,0.0,77354.58,1776446667000
1776446669.719,269.719,0.01,0.01,0.99,0.99,0.0,0.0,77351.61,1776446668000
1776446670.27,270.27,0.01,0.01,0.99,0.99,0.0,0.0,77336.35,1776446669000
1776446670.626,270.626,0.01,0.01,0.99,0.99,0.0,0.0,77336.35,1776446669000
1776446671.061,271.061,0.01,0.01,0.99,0.99,0.0,0.0,77311.33,1776446670000
1776446672.227,272.227,0.01,0.01,0.99,0.99,0.0,0.0,77264.97,1776446671000
1776446672.667,272.667,0.01,0.01,0.99,0.99,0.0,0.0,77264.97,1776446671000
1776446673.286,273.286,0.01,0.01,0.99,0.99,0.0,0.0,77239.42,1776446672000
1776446673.796,273.796,0.01,0.01,0.99,0.99,0.0,0.0,77239.42,1776446672000
1776446674.218,274.218,0.01,0.01,0.99,0.99,0.0,0.0,77239.42,1776446672000
1776446674.592,274.592,0.01,0.01,0.99,0.99,0.0,0.0,77256.01,1776446673000
1776446674.962,274.962,0.01,0.01,0.99,0.99,0.0,0.0,77256.01,1776446673000
1776446675.374,275.374,0.01,0.01,0.99,0.99,0.0,0.0,77243.69,1776446674000
1776446675.746,275.746,0.01,0.01,0.99,0.99,0.0,0.0,77243.69,1776446674000
1776446676.127,276.127,0.01,0.01,0.99,0.99,0.0,0.0,77243.69,1776446674000
1776446676.508,276.508,0.01,0.01,0.99,0.99,0.0,0.0,77235.42,1776446675000
1776446677.398,277.398,0.01,0.01,0.99,0.99,0.0,0.0,77235.29,1776446676000
1776446677.76,277.76,0.01,0.01,0.99,0.99,0.0,0.0,77235.29,1776446676000
1776446678.688,278.688,0.01,0.01,0.99,0.99,0.0,0.0,77233.17,1776446677000
1776446679.338,279.338,0.01,0.01,0.99,0.99,0.0,0.0,77228.03,1776446678000
1776446680.174,280.174,0.01,0.01,0.99,0.99,0.0,0.0,77222.8,1776446679000
1776446680.639,280.639,0.01,0.01,0.99,0.99,0.0,0.0,77222.8,1776446679000
1776446681.589,281.589,0.01,0.01,0.99,0.99,0.0,0.0,77204.16,1776446680000
1776446682.206,282.206,0.01,0.01,0.99,0.99,0.0,0.0,77204.64,1776446681000
1776446683.386,283.386,0.01,0.01,0.99,0.99,0.0,0.0,77204.64,1776446681000
1776446684.143,284.143,0.01,0.01,0.99,0.99,0.0,0.0,77197.39,1776446683000
1776446685.038,285.038,0.01,0.01,0.99,0.99,0.0,0.0,77186.45,1776446684000
1776446685.751,285.751,0.01,0.01,0.99,0.99,0.0,0.0,77186.45,1776446684000
1776446686.239,286.239,0.01,0.01,0.99,0.99,0.0,0.0,77167.39,1776446685000
1776446687.553,287.553,0.01,0.01,0.99,0.99,0.0,0.0,77163.79,1776446686000
1776446687.907,287.907,0.01,0.01,0.99,0.99,0.0,0.0,77163.79,1776446686000
1776446688.262,288.262,0.01,0.01,0.99,0.99,0.0,0.0,77177.6,1776446687000
1776446688.6,288.6,0.01,0.01,0.99,0.99,0.0,0.0,77177.6,1776446687000
1776446688.956,288.956,0.01,0.01,0.99,0.99,0.0,0.0,77177.6,1776446687000
1776446689.412,289.412,0.01,0.01,0.99,0.99,0.0,0.0,77177.6,1776446687000
1776446690.43,290.43,0.01,0.01,0.99,0.99,0.0,0.0,77164.26,1776446688000
1776446690.87,290.87,0.01,0.01,0.99,0.99,0.0,0.0,77167.28,1776446689000
1776446691.393,291.393,0.01,0.01,0.99,0.99,0.0,0.0,77164.65,1776446690000
1776446691.735,291.735,0.01,0.01,0.99,0.99,0.0,0.0,77164.65,1776446690000
1776446692.41,292.41,0.01,0.01,0.99,0.99,0.0,0.0,77166.84,1776446691000
1776446693.319,293.319,0.01,0.01,0.99,0.99,0.0,0.0,77168.41,1776446692000
1776446694.417,294.417,0.01,0.01,0.99,0.99,0.0,0.0,77190.9,1776446693000
1776446695.215,295.215,0.01,0.01,0.99,0.99,0.0,0.0,77198.67,1776446694000
1776446695.957,295.957,0.01,0.01,0.99,0.99,0.0,0.0,77198.67,1776446694000
1776446696.354,296.354,0.01,0.01,0.99,0.99,0.0,0.0,77215.95,1776446695000
1776446697.087,297.087,0.01,0.01,0.99,0.99,0.0,0.0,77215.95,1776446695000
1776446698.086,298.086,0.01,0.01,0.99,0.99,0.0,0.0,77247.53,1776446697000
1776446699.019,299.019,0.01,0.01,0.99,0.99,0.0,0.0,77240.47,1776446698000
1776446699.497,299.497,0.01,0.01,0.99,0.99,0.0,0.0,77240.47,1776446698000
1776446700.07,300.07,0.01,0.01,0.99,0.99,0.0,0.0,77247.44,1776446699000
1776446700.608,300.608,0.01,0.01,0.99,0.99,0.0,0.0,77247.44,1776446699000
1776446700.978,300.978,0.01,0.01,0.99,0.99,0.0,0.0,77247.44,1776446699000

# RESULT,winner=Down,slug=btc-updown-5m-1776446400,ticks=639
