timestamp,elapsed_sec,up_bid,up_ask,down_bid,down_ask,up_spread,down_spread,btc_price,btc_oracle_ts
1776420000.5,0.5,0.5,0.51,0.48,0.49,0.01,0.01,75790.57,1776419999000
1776420000.91,0.91,0.49,0.5,0.49,0.51,0.01,0.02,75790.57,1776419999000
1776420001.276,1.276,0.49,0.5,0.5,0.51,0.01,0.01,75790.57,1776419999000
1776420001.915,1.915,0.49,0.5,0.5,0.51,0.01,0.01,75790.68,1776420000000
1776420002.248,2.248,0.46,0.49,0.51,0.54,0.03,0.03,75790.68,1776420001000
1776420002.582,2.582,0.41,0.44,0.56,0.58,0.03,0.02,75790.68,1776420001000
1776420002.923,2.923,0.41,0.42,0.58,0.59,0.01,0.01,75790.68,1776420001000
1776420003.299,3.299,0.41,0.42,0.58,0.59,0.01,0.01,75790.68,1776420001000
1776420003.634,3.634,0.41,0.42,0.58,0.59,0.01,0.01,75790.68,1776420002000
1776420004.182,4.182,0.41,0.42,0.58,0.59,0.01,0.01,75789.17,1776420003000
1776420004.515,4.515,0.41,0.42,0.58,0.59,0.01,0.01,75789.17,1776420003000
1776420004.919,4.919,0.41,0.42,0.58,0.59,0.01,0.01,75789.17,1776420003000
1776420005.299,5.299,0.41,0.42,0.58,0.59,0.01,0.01,75789.17,1776420003000
1776420005.831,5.831,0.41,0.42,0.58,0.59,0.01,0.01,75773.38,1776420004000
1776420006.309,6.309,0.41,0.42,0.58,0.59,0.01,0.01,75773.38,1776420004000
1776420006.662,6.662,0.39,0.4,0.6,0.61,0.01,0.01,75773.58,1776420005000
1776420007.01,7.01,0.39,0.4,0.6,0.61,0.01,0.01,75773.58,1776420005000
1776420007.43,7.43,0.39,0.4,0.6,0.61,0.01,0.01,75773.61,1776420006000
1776420007.77,7.77,0.38,0.39,0.6,0.62,0.01,0.02,75773.61,1776420006000
1776420008.22,8.22,0.38,0.39,0.61,0.62,0.01,0.01,75773.61,1776420006000
1776420008.593,8.593,0.37,0.39,0.61,0.62,0.02,0.01,75773.58,1776420007000
1776420008.927,8.927,0.37,0.38,0.61,0.63,0.01,0.02,75773.58,1776420007000
1776420009.277,9.277,0.37,0.38,0.59,0.63,0.01,0.04,75773.58,1776420007000
1776420009.61,9.61,0.37,0.38,0.62,0.63,0.01,0.01,75766.94,1776420008000
1776420009.952,9.952,0.37,0.38,0.62,0.63,0.01,0.01,75766.94,1776420008000
1776420010.3,10.3,0.37,0.38,0.62,0.63,0.01,0.01,75766.66,1776420009000
1776420010.642,10.642,0.37,0.38,0.62,0.63,0.01,0.01,75766.66,1776420009000
1776420011.145,11.145,0.37,0.38,0.62,0.63,0.01,0.01,75766.66,1776420009000
1776420011.489,11.489,0.37,0.38,0.62,0.63,0.01,0.01,75766.42,1776420010000
1776420011.916,11.916,0.37,0.38,0.62,0.63,0.01,0.01,75766.42,1776420010000
1776420012.275,12.275,0.37,0.38,0.62,0.63,0.01,0.01,75763.11,1776420011000
1776420013.172,13.172,0.36,0.37,0.62,0.64,0.01,0.02,75763.11,1776420011000
1776420013.924,13.924,0.36,0.37,0.63,0.64,0.01,0.01,75763.11,1776420011000
1776420014.299,14.299,0.36,0.37,0.63,0.64,0.01,0.01,75761.87,1776420012000
1776420014.635,14.635,0.24,0.25,0.75,0.76,0.01,0.01,75761.87,1776420012000
1776420014.977,14.977,0.25,0.26,0.74,0.75,0.01,0.01,75749.87,1776420013000
1776420015.31,15.31,0.28,0.31,0.69,0.72,0.03,0.03,75749.87,1776420013000
1776420015.647,15.647,0.28,0.29,0.71,0.72,0.01,0.01,75732.36,1776420014000
1776420015.991,15.991,0.28,0.29,0.71,0.72,0.01,0.01,75732.36,1776420014000
1776420016.355,16.355,0.27,0.29,0.71,0.73,0.02,0.02,75732.15,1776420015000
1776420016.692,16.692,0.27,0.28,0.72,0.73,0.01,0.01,75732.15,1776420015000
1776420017.04,17.04,0.27,0.28,0.72,0.73,0.01,0.01,75732.15,1776420015000
1776420017.385,17.385,0.27,0.28,0.72,0.73,0.01,0.01,75732.15,1776420015000
1776420017.862,17.862,0.27,0.28,0.72,0.73,0.01,0.01,75741.66,1776420016000
1776420018.201,18.201,0.27,0.28,0.72,0.73,0.01,0.01,75740.1,1776420017000
1776420018.587,18.587,0.27,0.28,0.72,0.73,0.01,0.01,75740.1,1776420017000
1776420019.019,19.019,0.27,0.28,0.72,0.73,0.01,0.01,75740.1,1776420017000
1776420019.448,19.448,0.27,0.28,0.72,0.73,0.01,0.01,75740.1,1776420017000
1776420019.781,19.781,0.26,0.27,0.73,0.74,0.01,0.01,75738.49,1776420018000
1776420020.146,20.146,0.26,0.27,0.73,0.74,0.01,0.01,75738.49,1776420018000
1776420020.638,20.638,0.26,0.27,0.73,0.74,0.01,0.01,75738.27,1776420019000
1776420020.998,20.998,0.25,0.26,0.73,0.75,0.01,0.02,75738.27,1776420019000
1776420021.333,21.333,0.24,0.25,0.74,0.75,0.01,0.01,75738.26,1776420020000
1776420021.701,21.701,0.24,0.25,0.75,0.76,0.01,0.01,75738.26,1776420020000
1776420022.059,22.059,0.23,0.24,0.76,0.77,0.01,0.01,75738.26,1776420020000
1776420022.5,22.5,0.23,0.24,0.76,0.77,0.01,0.01,75737.75,1776420021000
1776420022.892,22.892,0.23,0.24,0.76,0.77,0.01,0.01,75737.75,1776420021000
1776420023.504,23.504,0.23,0.24,0.76,0.77,0.01,0.01,75728.38,1776420022000
1776420023.989,23.989,0.23,0.24,0.76,0.77,0.01,0.01,75728.38,1776420022000
1776420024.374,24.374,0.23,0.24,0.76,0.77,0.01,0.01,75726.16,1776420023000
1776420024.815,24.815,0.23,0.25,0.76,0.77,0.02,0.01,75726.16,1776420023000
1776420025.167,25.167,0.25,0.26,0.74,0.76,0.01,0.02,75726.16,1776420023000
1776420025.52,25.52,0.25,0.26,0.74,0.75,0.01,0.01,75726.06,1776420024000
1776420026.066,26.066,0.25,0.26,0.74,0.75,0.01,0.01,75726.06,1776420024000
1776420026.442,26.442,0.25,0.26,0.74,0.75,0.01,0.01,75727.0,1776420025000
1776420026.825,26.825,0.25,0.26,0.74,0.75,0.01,0.01,75727.0,1776420025000
1776420027.479,27.479,0.25,0.26,0.74,0.75,0.01,0.01,75727.0,1776420025000
1776420027.888,27.888,0.24,0.25,0.74,0.76,0.01,0.02,75730.17,1776420026000
1776420028.233,28.233,0.24,0.25,0.75,0.76,0.01,0.01,75730.92,1776420027000
1776420028.598,28.598,0.24,0.25,0.75,0.76,0.01,0.01,75730.92,1776420027000
1776420029.062,29.062,0.23,0.24,0.76,0.77,0.01,0.01,75730.92,1776420027000
1776420029.407,29.407,0.22,0.23,0.77,0.78,0.01,0.01,75730.92,1776420027000
1776420029.863,29.863,0.21,0.22,0.77,0.79,0.01,0.02,75729.18,1776420028000
1776420030.414,30.414,0.21,0.22,0.78,0.79,0.01,0.01,75727.74,1776420029000
1776420030.846,30.846,0.21,0.22,0.78,0.79,0.01,0.01,75727.74,1776420029000
1776420031.197,31.197,0.21,0.22,0.78,0.79,0.01,0.01,75727.74,1776420029000
1776420031.556,31.556,0.21,0.22,0.78,0.79,0.01,0.01,75727.74,1776420029000
1776420031.948,31.948,0.21,0.22,0.78,0.79,0.01,0.01,75727.74,1776420029000
1776420032.319,32.319,0.21,0.22,0.78,0.79,0.01,0.01,75719.55,1776420031000
1776420032.663,32.663,0.21,0.22,0.78,0.79,0.01,0.01,75719.55,1776420031000
1776420033.097,33.097,0.21,0.22,0.78,0.79,0.01,0.01,75719.55,1776420031000
1776420033.437,33.437,0.21,0.22,0.78,0.79,0.01,0.01,75717.79,1776420032000
1776420033.782,33.782,0.21,0.22,0.78,0.79,0.01,0.01,75717.79,1776420032000
1776420034.136,34.136,0.21,0.22,0.78,0.79,0.01,0.01,75716.0,1776420033000
1776420034.583,34.583,0.21,0.22,0.78,0.79,0.01,0.01,75716.0,1776420033000
1776420034.917,34.917,0.21,0.22,0.78,0.79,0.01,0.01,75716.0,1776420033000
1776420035.265,35.265,0.21,0.22,0.78,0.79,0.01,0.01,75716.0,1776420033000
1776420035.674,35.674,0.2,0.21,0.79,0.8,0.01,0.01,75716.0,1776420033000
1776420036.304,36.304,0.2,0.21,0.79,0.8,0.01,0.01,75717.14,1776420034000
1776420036.682,36.682,0.2,0.21,0.79,0.8,0.01,0.01,75717.14,1776420034000
1776420037.121,37.121,0.19,0.2,0.8,0.83,0.01,0.03,75717.14,1776420035000
1776420037.458,37.458,0.19,0.22,0.78,0.81,0.03,0.03,75717.14,1776420035000
1776420037.84,37.84,0.2,0.21,0.79,0.8,0.01,0.01,75718.08,1776420036000
1776420038.208,38.208,0.2,0.21,0.79,0.8,0.01,0.01,75718.08,1776420036000
1776420038.545,38.545,0.21,0.22,0.78,0.79,0.01,0.01,75718.08,1776420036000
1776420038.879,38.879,0.22,0.25,0.77,0.78,0.03,0.01,75714.18,1776420037000
1776420039.264,39.264,0.25,0.26,0.73,0.75,0.01,0.02,75714.18,1776420037000
1776420039.612,39.612,0.26,0.27,0.73,0.74,0.01,0.01,75716.46,1776420038000
1776420040.061,40.061,0.26,0.27,0.73,0.74,0.01,0.01,75716.46,1776420038000
1776420040.432,40.432,0.26,0.27,0.73,0.74,0.01,0.01,75717.11,1776420039000
1776420040.813,40.813,0.25,0.27,0.73,0.75,0.02,0.02,75717.11,1776420039000
1776420041.158,41.158,0.25,0.26,0.74,0.75,0.01,0.01,75717.11,1776420039000
1776420041.492,41.492,0.24,0.25,0.75,0.76,0.01,0.01,75717.11,1776420039000
1776420042.007,42.007,0.24,0.25,0.75,0.76,0.01,0.01,75727.95,1776420040000
1776420042.402,42.402,0.22,0.23,0.77,0.78,0.01,0.01,75727.95,1776420040000
1776420042.819,42.819,0.21,0.23,0.77,0.79,0.02,0.02,75728.57,1776420041000
1776420043.443,43.443,0.21,0.22,0.78,0.79,0.01,0.01,75728.57,1776420041000
1776420043.782,43.782,0.21,0.22,0.78,0.79,0.01,0.01,75725.17,1776420042000
1776420044.334,44.334,0.21,0.22,0.78,0.79,0.01,0.01,75725.17,1776420042000
1776420044.901,44.901,0.21,0.22,0.78,0.79,0.01,0.01,75722.94,1776420043000
1776420045.342,45.342,0.21,0.22,0.78,0.79,0.01,0.01,75719.24,1776420044000
1776420045.715,45.715,0.2,0.21,0.79,0.8,0.01,0.01,75719.24,1776420044000
1776420046.384,46.384,0.2,0.21,0.79,0.8,0.01,0.01,75719.24,1776420044000
1776420046.726,46.726,0.19,0.2,0.8,0.81,0.01,0.01,75719.24,1776420044000
1776420047.091,47.091,0.19,0.2,0.8,0.81,0.01,0.01,75716.9,1776420045000
1776420047.577,47.577,0.19,0.2,0.8,0.81,0.01,0.01,75716.9,1776420045000
1776420047.93,47.93,0.18,0.19,0.8,0.81,0.01,0.01,75716.9,1776420046000
1776420048.62,48.62,0.18,0.19,0.81,0.82,0.01,0.01,75716.9,1776420046000
1776420049.002,49.002,0.18,0.19,0.81,0.82,0.01,0.01,75716.06,1776420047000
1776420049.47,49.47,0.18,0.19,0.81,0.82,0.01,0.01,75716.06,1776420047000
1776420049.875,49.875,0.18,0.19,0.81,0.82,0.01,0.01,75716.06,1776420047000
1776420050.459,50.459,0.18,0.19,0.81,0.82,0.01,0.01,75715.42,1776420048000
1776420050.854,50.854,0.18,0.19,0.81,0.82,0.01,0.01,75715.42,1776420048000
1776420051.332,51.332,0.18,0.19,0.81,0.82,0.01,0.01,75713.06,1776420049000
1776420051.727,51.727,0.2,0.21,0.79,0.8,0.01,0.01,75713.06,1776420049000
1776420052.074,52.074,0.2,0.21,0.79,0.8,0.01,0.01,75711.09,1776420050000
1776420052.474,52.474,0.22,0.23,0.77,0.78,0.01,0.01,75711.09,1776420050000
1776420052.994,52.994,0.23,0.24,0.77,0.78,0.01,0.01,75712.63,1776420051000
1776420053.882,53.882,0.23,0.24,0.76,0.77,0.01,0.01,75716.38,1776420052000
1776420054.349,54.349,0.23,0.24,0.76,0.77,0.01,0.01,75716.38,1776420052000
1776420054.831,54.831,0.23,0.24,0.76,0.77,0.01,0.01,75716.38,1776420052000
1776420055.205,55.205,0.23,0.24,0.76,0.77,0.01,0.01,75716.38,1776420052000
1776420055.85,55.85,0.23,0.24,0.76,0.77,0.01,0.01,75716.38,1776420052000
1776420056.241,56.241,0.23,0.24,0.76,0.77,0.01,0.01,75716.38,1776420052000
1776420057.066,57.066,0.23,0.24,0.76,0.77,0.01,0.01,75716.38,1776420052000
1776420057.505,57.505,0.23,0.25,0.75,0.77,0.02,0.02,75724.88,1776420055000
1776420057.888,57.888,0.24,0.25,0.75,0.76,0.01,0.01,75724.88,1776420055000
1776420058.292,58.292,0.24,0.25,0.75,0.76,0.01,0.01,75726.12,1776420056000
1776420058.699,58.699,0.24,0.25,0.75,0.76,0.01,0.01,75726.12,1776420056000
1776420059.033,59.033,0.24,0.25,0.75,0.76,0.01,0.01,75726.12,1776420057000
1776420059.433,59.433,0.24,0.25,0.75,0.76,0.01,0.01,75726.12,1776420057000
1776420059.869,59.869,0.24,0.25,0.75,0.76,0.01,0.01,75725.85,1776420058000
1776420060.228,60.228,0.24,0.25,0.75,0.76,0.01,0.01,75725.85,1776420058000
1776420060.586,60.586,0.24,0.25,0.75,0.76,0.01,0.01,75726.42,1776420059000
1776420060.983,60.983,0.24,0.25,0.75,0.76,0.01,0.01,75726.42,1776420059000
1776420061.317,61.317,0.24,0.25,0.75,0.76,0.01,0.01,75726.42,1776420059000
1776420061.668,61.668,0.24,0.25,0.75,0.76,0.01,0.01,75726.38,1776420060000
1776420062.093,62.093,0.23,0.24,0.76,0.77,0.01,0.01,75726.38,1776420060000
1776420062.489,62.489,0.22,0.23,0.76,0.78,0.01,0.02,75726.38,1776420061000
1776420062.881,62.881,0.22,0.23,0.77,0.78,0.01,0.01,75726.38,1776420061000
1776420063.295,63.295,0.22,0.23,0.77,0.78,0.01,0.01,75726.38,1776420061000
1776420063.813,63.813,0.22,0.23,0.77,0.78,0.01,0.01,75726.38,1776420061000
1776420064.189,64.189,0.22,0.23,0.77,0.78,0.01,0.01,75726.58,1776420062000
1776420064.785,64.785,0.22,0.23,0.77,0.78,0.01,0.01,75724.92,1776420063000
1776420065.187,65.187,0.22,0.23,0.77,0.78,0.01,0.01,75724.92,1776420063000
1776420065.521,65.521,0.22,0.23,0.77,0.78,0.01,0.01,75721.87,1776420064000
1776420065.902,65.902,0.22,0.23,0.77,0.78,0.01,0.01,75721.87,1776420064000
1776420066.256,66.256,0.22,0.23,0.77,0.78,0.01,0.01,75721.35,1776420065000
1776420066.705,66.705,0.22,0.23,0.77,0.78,0.01,0.01,75721.35,1776420065000
1776420067.206,67.206,0.21,0.22,0.77,0.79,0.01,0.02,75721.35,1776420065000
1776420067.883,67.883,0.21,0.22,0.78,0.79,0.01,0.01,75721.91,1776420066000
1776420068.655,68.655,0.21,0.22,0.78,0.79,0.01,0.01,75721.33,1776420067000
1776420069.064,69.064,0.21,0.22,0.78,0.79,0.01,0.01,75721.33,1776420067000
1776420069.426,69.426,0.21,0.22,0.78,0.79,0.01,0.01,75720.44,1776420068000
1776420069.789,69.789,0.21,0.22,0.78,0.79,0.01,0.01,75720.44,1776420068000
1776420070.142,70.142,0.21,0.22,0.78,0.79,0.01,0.01,75720.44,1776420068000
1776420070.564,70.564,0.21,0.22,0.78,0.79,0.01,0.01,75720.44,1776420068000
1776420070.909,70.909,0.15,0.16,0.83,0.85,0.01,0.02,75720.95,1776420069000
1776420071.261,71.261,0.15,0.16,0.84,0.85,0.01,0.01,75719.73,1776420070000
1776420071.807,71.807,0.15,0.16,0.84,0.85,0.01,0.01,75719.73,1776420070000
1776420072.255,72.255,0.15,0.16,0.84,0.85,0.01,0.01,75719.73,1776420070000
1776420072.778,72.778,0.15,0.16,0.84,0.85,0.01,0.01,75718.88,1776420071000
1776420073.235,73.235,0.15,0.16,0.84,0.85,0.01,0.01,75712.86,1776420072000
1776420073.569,73.569,0.17,0.18,0.82,0.83,0.01,0.01,75712.86,1776420072000
1776420073.987,73.987,0.18,0.19,0.81,0.82,0.01,0.01,75712.86,1776420072000
1776420074.325,74.325,0.18,0.19,0.81,0.82,0.01,0.01,75702.11,1776420073000
1776420074.701,74.701,0.19,0.2,0.8,0.82,0.01,0.02,75702.11,1776420073000
1776420075.053,75.053,0.21,0.23,0.77,0.79,0.02,0.02,75702.11,1776420073000
1776420075.446,75.446,0.22,0.23,0.77,0.78,0.01,0.01,75709.07,1776420074000
1776420075.815,75.815,0.23,0.24,0.76,0.77,0.01,0.01,75709.07,1776420074000
1776420076.239,76.239,0.23,0.24,0.76,0.77,0.01,0.01,75709.07,1776420074000
1776420076.837,76.837,0.23,0.24,0.76,0.77,0.01,0.01,75714.28,1776420075000
1776420077.336,77.336,0.23,0.24,0.76,0.77,0.01,0.01,75720.66,1776420076000
1776420077.72,77.72,0.23,0.24,0.76,0.77,0.01,0.01,75720.66,1776420076000
1776420078.453,78.453,0.23,0.24,0.76,0.77,0.01,0.01,75724.01,1776420077000
1776420079.032,79.032,0.23,0.24,0.76,0.77,0.01,0.01,75724.01,1776420077000
1776420079.43,79.43,0.23,0.24,0.76,0.77,0.01,0.01,75724.88,1776420078000
1776420079.843,79.843,0.23,0.24,0.76,0.77,0.01,0.01,75724.88,1776420078000
1776420080.262,80.262,0.23,0.24,0.76,0.77,0.01,0.01,75727.31,1776420079000
1776420080.633,80.633,0.23,0.24,0.76,0.77,0.01,0.01,75727.31,1776420079000
1776420081.063,81.063,0.26,0.27,0.71,0.74,0.01,0.03,75727.31,1776420079000
1776420081.434,81.434,0.28,0.29,0.71,0.72,0.01,0.01,75723.91,1776420080000
1776420081.781,81.781,0.29,0.3,0.7,0.71,0.01,0.01,75723.91,1776420080000
1776420082.231,82.231,0.29,0.3,0.7,0.71,0.01,0.01,75723.91,1776420080000
1776420082.573,82.573,0.29,0.3,0.7,0.71,0.01,0.01,75730.29,1776420081000
1776420082.921,82.921,0.29,0.3,0.7,0.71,0.01,0.01,75730.29,1776420081000
1776420084.032,84.032,0.29,0.3,0.7,0.71,0.01,0.01,75738.47,1776420082000
1776420084.379,84.379,0.36,0.38,0.63,0.64,0.02,0.01,75739.47,1776420083000
1776420084.716,84.716,0.4,0.45,0.55,0.6,0.05,0.05,75739.47,1776420083000
1776420085.049,85.049,0.4,0.47,0.53,0.6,0.07,0.07,75739.47,1776420083000
1776420085.382,85.382,0.47,0.48,0.52,0.56,0.01,0.04,75752.84,1776420084000
1776420085.722,85.722,0.42,0.48,0.52,0.56,0.06,0.04,75752.84,1776420084000
1776420086.078,86.078,0.46,0.47,0.53,0.54,0.01,0.01,75752.84,1776420084000
1776420086.415,86.415,0.46,0.47,0.53,0.54,0.01,0.01,75752.84,1776420084000
1776420086.753,86.753,0.46,0.47,0.53,0.54,0.01,0.01,75792.54,1776420085000
1776420087.178,87.178,0.46,0.47,0.53,0.54,0.01,0.01,75789.6,1776420086000
1776420087.519,87.519,0.46,0.47,0.53,0.54,0.01,0.01,75789.6,1776420086000
1776420087.909,87.909,0.46,0.47,0.53,0.54,0.01,0.01,75789.6,1776420086000
1776420088.248,88.248,0.46,0.47,0.53,0.54,0.01,0.01,75789.6,1776420086000
1776420088.608,88.608,0.46,0.47,0.53,0.54,0.01,0.01,75789.6,1776420086000
1776420089.028,89.028,0.47,0.48,0.52,0.54,0.01,0.02,75787.36,1776420087000
1776420089.379,89.379,0.47,0.48,0.52,0.53,0.01,0.01,75786.64,1776420088000
1776420089.931,89.931,0.47,0.48,0.52,0.53,0.01,0.01,75786.64,1776420088000
1776420090.289,90.289,0.47,0.48,0.52,0.53,0.01,0.01,75786.64,1776420088000
1776420090.628,90.628,0.53,0.55,0.45,0.47,0.02,0.02,75786.65,1776420089000
1776420090.986,90.986,0.54,0.6,0.4,0.46,0.06,0.06,75785.91,1776420090000
1776420091.359,91.359,0.63,0.64,0.36,0.44,0.01,0.08,75785.91,1776420090000
1776420091.701,91.701,0.62,0.63,0.37,0.39,0.01,0.02,75785.91,1776420090000
1776420092.038,92.038,0.62,0.64,0.36,0.38,0.02,0.02,75805.05,1776420091000
1776420092.384,92.384,0.63,0.64,0.36,0.37,0.01,0.01,75805.05,1776420091000
1776420092.723,92.723,0.63,0.64,0.36,0.37,0.01,0.01,75805.05,1776420091000
1776420093.296,93.296,0.64,0.65,0.35,0.36,0.01,0.01,75826.64,1776420092000
1776420093.648,93.648,0.64,0.65,0.35,0.36,0.01,0.01,75826.64,1776420092000
1776420094.048,94.048,0.64,0.65,0.35,0.36,0.01,0.01,75826.64,1776420092000
1776420094.411,94.411,0.64,0.65,0.35,0.36,0.01,0.01,75827.64,1776420093000
1776420094.808,94.808,0.64,0.65,0.35,0.36,0.01,0.01,75827.64,1776420093000
1776420095.142,95.142,0.65,0.66,0.34,0.35,0.01,0.01,75833.1,1776420094000
1776420095.515,95.515,0.65,0.66,0.34,0.35,0.01,0.01,75833.1,1776420094000
1776420095.848,95.848,0.65,0.69,0.31,0.35,0.04,0.04,75833.1,1776420094000
1776420096.197,96.197,0.71,0.76,0.24,0.29,0.05,0.05,75833.1,1776420094000
1776420096.549,96.549,0.74,0.76,0.24,0.26,0.02,0.02,75831.89,1776420095000
1776420096.922,96.922,0.76,0.77,0.23,0.24,0.01,0.01,75831.89,1776420095000
1776420097.256,97.256,0.76,0.77,0.23,0.24,0.01,0.01,75831.89,1776420095000
1776420097.604,97.604,0.77,0.79,0.21,0.22,0.02,0.01,75846.06,1776420096000
1776420098.002,98.002,0.78,0.79,0.21,0.22,0.01,0.01,75846.06,1776420096000
1776420098.376,98.376,0.79,0.8,0.2,0.21,0.01,0.01,75859.02,1776420097000
1776420098.743,98.743,0.79,0.8,0.2,0.21,0.01,0.01,75859.02,1776420097000
1776420099.087,99.087,0.8,0.81,0.19,0.2,0.01,0.01,75859.02,1776420097000
1776420099.502,99.502,0.8,0.81,0.19,0.2,0.01,0.01,75870.09,1776420098000
1776420099.921,99.921,0.8,0.82,0.19,0.2,0.02,0.01,75870.09,1776420098000
1776420100.255,100.255,0.81,0.82,0.18,0.19,0.01,0.01,75874.2,1776420099000
1776420100.76,100.76,0.81,0.82,0.18,0.19,0.01,0.01,75874.2,1776420099000
1776420101.145,101.145,0.81,0.82,0.18,0.19,0.01,0.01,75874.2,1776420099000
1776420101.516,101.516,0.81,0.82,0.18,0.19,0.01,0.01,75875.67,1776420100000
1776420102.019,102.019,0.83,0.84,0.16,0.19,0.01,0.03,75875.67,1776420100000
1776420102.406,102.406,0.83,0.84,0.16,0.17,0.01,0.01,75875.67,1776420100000
1776420102.767,102.767,0.83,0.84,0.16,0.17,0.01,0.01,75875.67,1776420100000
1776420103.112,103.112,0.83,0.84,0.16,0.17,0.01,0.01,75875.67,1776420100000
1776420103.51,103.51,0.83,0.84,0.16,0.17,0.01,0.01,75877.86,1776420101000
1776420103.935,103.935,0.83,0.84,0.16,0.17,0.01,0.01,75881.07,1776420102000
1776420104.274,104.274,0.83,0.84,0.16,0.17,0.01,0.01,75881.07,1776420102000
1776420104.709,104.709,0.83,0.84,0.16,0.17,0.01,0.01,75881.07,1776420102000
1776420105.065,105.065,0.83,0.84,0.16,0.17,0.01,0.01,75883.52,1776420103000
1776420105.427,105.427,0.83,0.84,0.16,0.17,0.01,0.01,75883.52,1776420103000
1776420105.814,105.814,0.83,0.84,0.16,0.17,0.01,0.01,75883.52,1776420103000
1776420106.15,106.15,0.83,0.85,0.15,0.17,0.02,0.02,75883.6,1776420104000
1776420106.52,106.52,0.84,0.85,0.15,0.16,0.01,0.01,75883.6,1776420104000
1776420106.915,106.915,0.84,0.85,0.15,0.16,0.01,0.01,75883.58,1776420105000
1776420107.282,107.282,0.84,0.85,0.15,0.16,0.01,0.01,75883.58,1776420105000
1776420107.615,107.615,0.85,0.87,0.14,0.15,0.02,0.01,75883.77,1776420106000
1776420107.967,107.967,0.85,0.86,0.14,0.15,0.01,0.01,75883.77,1776420106000
1776420108.33,108.33,0.85,0.86,0.14,0.15,0.01,0.01,75883.77,1776420106000
1776420108.946,108.946,0.85,0.86,0.14,0.15,0.01,0.01,75887.93,1776420107000
1776420109.325,109.325,0.85,0.86,0.14,0.15,0.01,0.01,75887.93,1776420107000
1776420109.68,109.68,0.85,0.86,0.14,0.15,0.01,0.01,75888.33,1776420108000
1776420110.068,110.068,0.85,0.86,0.14,0.15,0.01,0.01,75888.33,1776420108000
1776420110.408,110.408,0.85,0.86,0.14,0.15,0.01,0.01,75888.33,1776420108000
1776420110.894,110.894,0.85,0.86,0.14,0.15,0.01,0.01,75891.17,1776420109000
1776420111.23,111.23,0.85,0.86,0.14,0.15,0.01,0.01,75891.17,1776420109000
1776420111.566,111.566,0.85,0.86,0.14,0.15,0.01,0.01,75891.17,1776420109000
1776420111.917,111.917,0.81,0.83,0.15,0.18,0.02,0.03,75890.0,1776420110000
1776420112.267,112.267,0.78,0.81,0.19,0.22,0.03,0.03,75890.0,1776420110000
1776420112.626,112.626,0.75,0.78,0.21,0.25,0.03,0.04,75895.17,1776420111000
1776420113.234,113.234,0.75,0.76,0.24,0.25,0.01,0.01,75895.17,1776420111000
1776420113.59,113.59,0.71,0.72,0.27,0.28,0.01,0.01,75895.17,1776420111000
1776420113.924,113.924,0.68,0.72,0.28,0.32,0.04,0.04,75892.82,1776420112000
1776420114.262,114.262,0.68,0.7,0.3,0.33,0.02,0.03,75892.82,1776420112000
1776420114.599,114.599,0.68,0.7,0.3,0.32,0.02,0.02,75892.82,1776420112000
1776420114.939,114.939,0.68,0.7,0.31,0.32,0.02,0.01,75868.8,1776420113000
1776420115.289,115.289,0.69,0.7,0.3,0.31,0.01,0.01,75868.8,1776420113000
1776420115.657,115.657,0.68,0.69,0.31,0.32,0.01,0.01,75852.73,1776420114000
1776420116.062,116.062,0.68,0.69,0.31,0.32,0.01,0.01,75852.73,1776420114000
1776420116.458,116.458,0.68,0.69,0.31,0.32,0.01,0.01,75843.98,1776420115000
1776420116.797,116.797,0.67,0.69,0.31,0.32,0.02,0.01,75843.98,1776420115000
1776420117.428,117.428,0.68,0.69,0.3,0.33,0.01,0.03,75843.98,1776420115000
1776420117.853,117.853,0.68,0.69,0.31,0.32,0.01,0.01,75843.98,1776420115000
1776420118.2,118.2,0.68,0.69,0.31,0.32,0.01,0.01,75843.98,1776420115000
1776420118.717,118.717,0.68,0.69,0.31,0.32,0.01,0.01,75839.76,1776420117000
1776420119.096,119.096,0.68,0.69,0.31,0.32,0.01,0.01,75839.76,1776420117000
1776420119.723,119.723,0.68,0.69,0.31,0.32,0.01,0.01,75839.76,1776420117000
1776420120.094,120.094,0.68,0.69,0.31,0.32,0.01,0.01,75838.38,1776420118000
1776420120.462,120.462,0.68,0.69,0.31,0.32,0.01,0.01,75838.38,1776420118000
1776420120.874,120.874,0.68,0.69,0.31,0.32,0.01,0.01,75838.2,1776420119000
1776420121.263,121.263,0.71,0.72,0.28,0.29,0.01,0.01,75838.2,1776420119000
1776420121.628,121.628,0.72,0.73,0.28,0.29,0.01,0.01,75838.2,1776420119000
1776420121.961,121.961,0.72,0.74,0.27,0.28,0.02,0.01,75838.22,1776420120000
1776420122.323,122.323,0.73,0.74,0.26,0.27,0.01,0.01,75838.22,1776420120000
1776420122.659,122.659,0.73,0.75,0.26,0.27,0.02,0.01,75838.22,1776420120000
1776420123.035,123.035,0.75,0.76,0.24,0.25,0.01,0.01,75838.22,1776420121000
1776420123.384,123.384,0.75,0.76,0.24,0.25,0.01,0.01,75838.22,1776420121000
1776420123.915,123.915,0.76,0.77,0.23,0.24,0.01,0.01,75847.3,1776420122000
1776420124.324,124.324,0.76,0.77,0.23,0.24,0.01,0.01,75847.3,1776420122000
1776420124.66,124.66,0.76,0.77,0.23,0.24,0.01,0.01,75847.3,1776420122000
1776420124.993,124.993,0.76,0.77,0.23,0.24,0.01,0.01,75853.71,1776420123000
1776420125.355,125.355,0.77,0.78,0.22,0.24,0.01,0.02,75853.71,1776420123000
1776420125.691,125.691,0.78,0.79,0.21,0.22,0.01,0.01,75853.71,1776420123000
1776420126.118,126.118,0.79,0.8,0.2,0.21,0.01,0.01,75856.74,1776420124000
1776420126.454,126.454,0.79,0.8,0.2,0.21,0.01,0.01,75856.74,1776420124000
1776420126.826,126.826,0.79,0.8,0.2,0.21,0.01,0.01,75856.38,1776420125000
1776420127.236,127.236,0.79,0.8,0.2,0.21,0.01,0.01,75860.09,1776420126000
1776420127.658,127.658,0.79,0.8,0.2,0.21,0.01,0.01,75860.09,1776420126000
1776420128.111,128.111,0.79,0.8,0.2,0.21,0.01,0.01,75860.09,1776420126000
1776420128.478,128.478,0.79,0.8,0.2,0.21,0.01,0.01,75864.24,1776420127000
1776420129.19,129.19,0.79,0.8,0.2,0.21,0.01,0.01,75863.39,1776420128000
1776420129.533,129.533,0.79,0.8,0.2,0.21,0.01,0.01,75863.39,1776420128000
1776420130.352,130.352,0.79,0.81,0.19,0.21,0.02,0.02,75863.35,1776420129000
1776420130.707,130.707,0.81,0.82,0.18,0.19,0.01,0.01,75863.35,1776420129000
1776420131.054,131.054,0.81,0.82,0.18,0.19,0.01,0.01,75863.35,1776420129000
1776420131.445,131.445,0.81,0.82,0.18,0.19,0.01,0.01,75863.35,1776420129000
1776420131.818,131.818,0.81,0.82,0.18,0.19,0.01,0.01,75866.86,1776420130000
1776420132.566,132.566,0.81,0.82,0.18,0.19,0.01,0.01,75870.42,1776420131000
1776420132.954,132.954,0.81,0.82,0.18,0.19,0.01,0.01,75870.42,1776420131000
1776420133.33,133.33,0.81,0.82,0.18,0.19,0.01,0.01,75873.2,1776420132000
1776420133.929,133.929,0.82,0.84,0.16,0.18,0.02,0.02,75873.2,1776420133000
1776420134.337,134.337,0.83,0.84,0.16,0.18,0.01,0.02,75873.2,1776420133000
1776420134.676,134.676,0.83,0.85,0.16,0.17,0.02,0.01,75873.2,1776420133000
1776420135.061,135.061,0.84,0.85,0.15,0.16,0.01,0.01,75873.2,1776420133000
1776420135.562,135.562,0.84,0.85,0.15,0.16,0.01,0.01,75874.6,1776420134000
1776420135.942,135.942,0.83,0.84,0.16,0.17,0.01,0.01,75874.6,1776420134000
1776420136.362,136.362,0.83,0.84,0.16,0.17,0.01,0.01,75875.5,1776420135000
1776420137.195,137.195,0.83,0.84,0.16,0.17,0.01,0.01,75878.32,1776420136000
1776420137.608,137.608,0.83,0.84,0.16,0.17,0.01,0.01,75878.32,1776420136000
1776420137.997,137.997,0.82,0.83,0.16,0.18,0.01,0.02,75878.32,1776420136000
1776420138.541,138.541,0.82,0.83,0.17,0.18,0.01,0.01,75875.68,1776420137000
1776420138.886,138.886,0.82,0.83,0.17,0.18,0.01,0.01,75875.68,1776420137000
1776420139.366,139.366,0.82,0.83,0.17,0.18,0.01,0.01,75875.63,1776420138000
1776420140.033,140.033,0.82,0.83,0.17,0.19,0.01,0.02,75875.63,1776420138000
1776420140.502,140.502,0.82,0.83,0.17,0.18,0.01,0.01,75874.8,1776420139000
1776420140.915,140.915,0.82,0.83,0.17,0.18,0.01,0.01,75874.8,1776420139000
1776420141.278,141.278,0.81,0.82,0.18,0.19,0.01,0.01,75874.8,1776420139000
1776420141.737,141.737,0.81,0.82,0.18,0.19,0.01,0.01,75874.8,1776420139000
1776420142.106,142.106,0.81,0.82,0.18,0.19,0.01,0.01,75870.73,1776420140000
1776420142.774,142.774,0.81,0.82,0.18,0.19,0.01,0.01,75870.41,1776420141000
1776420143.116,143.116,0.77,0.82,0.18,0.19,0.05,0.01,75870.41,1776420141000
1776420143.514,143.514,0.75,0.77,0.23,0.25,0.02,0.02,75869.86,1776420142000
1776420143.903,143.903,0.75,0.76,0.24,0.25,0.01,0.01,75869.86,1776420142000
1776420144.308,144.308,0.75,0.76,0.24,0.25,0.01,0.01,75869.63,1776420143000
1776420144.726,144.726,0.75,0.76,0.24,0.25,0.01,0.01,75869.63,1776420143000
1776420145.156,145.156,0.75,0.76,0.24,0.25,0.01,0.01,75869.63,1776420143000
1776420145.568,145.568,0.75,0.76,0.24,0.25,0.01,0.01,75869.63,1776420143000
1776420146.044,146.044,0.75,0.76,0.24,0.25,0.01,0.01,75860.76,1776420144000
1776420146.397,146.397,0.75,0.76,0.24,0.25,0.01,0.01,75860.76,1776420144000
1776420146.785,146.785,0.75,0.76,0.24,0.25,0.01,0.01,75851.55,1776420145000
1776420147.248,147.248,0.75,0.76,0.24,0.25,0.01,0.01,75851.55,1776420145000
1776420147.597,147.597,0.75,0.76,0.24,0.25,0.01,0.01,75851.91,1776420146000
1776420148.622,148.622,0.75,0.76,0.24,0.25,0.01,0.01,75851.7,1776420147000
1776420148.989,148.989,0.75,0.76,0.24,0.25,0.01,0.01,75851.7,1776420147000
1776420149.346,149.346,0.75,0.76,0.24,0.25,0.01,0.01,75850.79,1776420148000
1776420149.82,149.82,0.75,0.76,0.24,0.25,0.01,0.01,75850.79,1776420148000
1776420150.362,150.362,0.75,0.76,0.24,0.25,0.01,0.01,75850.79,1776420148000
1776420150.733,150.733,0.75,0.76,0.24,0.25,0.01,0.01,75850.79,1776420148000
1776420151.224,151.224,0.75,0.76,0.23,0.25,0.01,0.02,75849.98,1776420149000
1776420151.62,151.62,0.75,0.76,0.24,0.25,0.01,0.01,75849.98,1776420149000
1776420152.506,152.506,0.75,0.76,0.24,0.25,0.01,0.01,75851.06,1776420151000
1776420153.106,153.106,0.75,0.76,0.24,0.25,0.01,0.01,75851.06,1776420151000
1776420153.453,153.453,0.75,0.76,0.24,0.25,0.01,0.01,75850.79,1776420152000
1776420153.843,153.843,0.75,0.76,0.24,0.25,0.01,0.01,75850.79,1776420152000
1776420154.209,154.209,0.7,0.72,0.28,0.29,0.02,0.01,75849.71,1776420153000
1776420154.543,154.543,0.7,0.71,0.29,0.3,0.01,0.01,75849.71,1776420153000
1776420154.908,154.908,0.7,0.71,0.29,0.3,0.01,0.01,75849.71,1776420153000
1776420155.278,155.278,0.7,0.71,0.29,0.3,0.01,0.01,75849.71,1776420153000
1776420155.612,155.612,0.7,0.71,0.29,0.3,0.01,0.01,75849.71,1776420153000
1776420156.246,156.246,0.7,0.71,0.29,0.3,0.01,0.01,75848.97,1776420154000
1776420156.6,156.6,0.7,0.71,0.29,0.3,0.01,0.01,75839.93,1776420155000
1776420157.294,157.294,0.7,0.71,0.29,0.3,0.01,0.01,75839.93,1776420155000
1776420157.784,157.784,0.7,0.71,0.29,0.3,0.01,0.01,75839.93,1776420155000
1776420158.146,158.146,0.71,0.72,0.26,0.3,0.01,0.04,75836.19,1776420156000
1776420158.803,158.803,0.71,0.72,0.28,0.29,0.01,0.01,75835.48,1776420157000
1776420159.215,159.215,0.71,0.72,0.28,0.29,0.01,0.01,75835.48,1776420157000
1776420159.948,159.948,0.71,0.72,0.28,0.29,0.01,0.01,75835.38,1776420158000
1776420160.295,160.295,0.71,0.72,0.28,0.29,0.01,0.01,75835.51,1776420159000
1776420160.751,160.751,0.71,0.72,0.28,0.29,0.01,0.01,75835.51,1776420159000
1776420162.011,162.011,0.71,0.72,0.28,0.29,0.01,0.01,75836.08,1776420161000
1776420162.353,162.353,0.71,0.72,0.28,0.29,0.01,0.01,75836.08,1776420161000
1776420163.027,163.027,0.71,0.72,0.28,0.29,0.01,0.01,75835.4,1776420162000
1776420163.466,163.466,0.71,0.72,0.28,0.29,0.01,0.01,75835.4,1776420162000
1776420163.863,163.863,0.71,0.72,0.28,0.29,0.01,0.01,75835.4,1776420162000
1776420164.344,164.344,0.71,0.72,0.28,0.29,0.01,0.01,75835.44,1776420163000
1776420164.723,164.723,0.71,0.72,0.28,0.29,0.01,0.01,75835.44,1776420163000
1776420165.209,165.209,0.71,0.72,0.28,0.29,0.01,0.01,75835.44,1776420163000
1776420165.543,165.543,0.71,0.74,0.28,0.29,0.03,0.01,75835.82,1776420164000
1776420166.226,166.226,0.71,0.74,0.26,0.29,0.03,0.03,75836.15,1776420165000
1776420167.202,167.202,0.71,0.74,0.26,0.29,0.03,0.03,75835.61,1776420166000
1776420167.63,167.63,0.71,0.72,0.28,0.29,0.01,0.01,75835.61,1776420166000
1776420168.189,168.189,0.71,0.72,0.28,0.29,0.01,0.01,75835.61,1776420166000
1776420168.548,168.548,0.69,0.72,0.28,0.3,0.03,0.02,75825.62,1776420167000
1776420168.885,168.885,0.68,0.69,0.31,0.32,0.01,0.01,75825.62,1776420167000
1776420169.259,169.259,0.68,0.69,0.31,0.32,0.01,0.01,75820.63,1776420168000
1776420169.737,169.737,0.68,0.69,0.31,0.33,0.01,0.02,75820.63,1776420168000
1776420170.071,170.071,0.54,0.61,0.39,0.46,0.07,0.07,75820.63,1776420168000
1776420170.443,170.443,0.51,0.61,0.39,0.49,0.1,0.1,75810.14,1776420169000
1776420170.786,170.786,0.46,0.47,0.53,0.56,0.01,0.03,75810.14,1776420169000
1776420171.205,171.205,0.44,0.45,0.55,0.56,0.01,0.01,75787.64,1776420170000
1776420171.541,171.541,0.44,0.45,0.55,0.56,0.01,0.01,75787.64,1776420170000
1776420171.916,171.916,0.43,0.45,0.55,0.57,0.02,0.02,75787.64,1776420170000
1776420172.336,172.336,0.43,0.45,0.55,0.57,0.02,0.02,75778.98,1776420171000
1776420172.682,172.682,0.41,0.44,0.56,0.57,0.03,0.01,75778.98,1776420171000
1776420173.057,173.057,0.41,0.44,0.56,0.59,0.03,0.03,75778.98,1776420171000
1776420173.488,173.488,0.41,0.44,0.56,0.59,0.03,0.03,75776.91,1776420172000
1776420173.89,173.89,0.41,0.45,0.56,0.59,0.04,0.03,75776.91,1776420172000
1776420174.247,174.247,0.43,0.45,0.55,0.57,0.02,0.02,75774.9,1776420173000
1776420174.648,174.648,0.41,0.43,0.57,0.59,0.02,0.02,75774.9,1776420173000
1776420174.99,174.99,0.41,0.43,0.57,0.59,0.02,0.02,75774.9,1776420173000
1776420175.372,175.372,0.42,0.43,0.57,0.58,0.01,0.01,75774.9,1776420173000
1776420175.762,175.762,0.42,0.43,0.57,0.58,0.01,0.01,75774.7,1776420174000
1776420176.119,176.119,0.42,0.43,0.57,0.59,0.01,0.02,75774.7,1776420174000
1776420176.473,176.473,0.4,0.43,0.57,0.58,0.03,0.01,75772.7,1776420175000
1776420176.816,176.816,0.37,0.41,0.59,0.63,0.04,0.04,75772.7,1776420175000
1776420177.157,177.157,0.42,0.43,0.57,0.6,0.01,0.03,75772.7,1776420175000
1776420177.493,177.493,0.41,0.43,0.54,0.6,0.02,0.06,75766.72,1776420176000
1776420177.836,177.836,0.42,0.43,0.57,0.58,0.01,0.01,75766.72,1776420176000
1776420178.173,178.173,0.42,0.44,0.57,0.58,0.02,0.01,75766.72,1776420176000
1776420178.515,178.515,0.42,0.47,0.54,0.58,0.05,0.04,75773.59,1776420177000
1776420179.025,179.025,0.46,0.52,0.48,0.54,0.06,0.06,75773.59,1776420177000
1776420179.516,179.516,0.46,0.52,0.48,0.54,0.06,0.06,75777.0,1776420178000
1776420180.544,180.544,0.46,0.47,0.53,0.54,0.01,0.01,75782.96,1776420179000
1776420180.962,180.962,0.46,0.47,0.53,0.54,0.01,0.01,75784.1,1776420180000
1776420181.959,181.959,0.46,0.47,0.53,0.54,0.01,0.01,75784.31,1776420181000
1776420182.322,182.322,0.46,0.47,0.53,0.54,0.01,0.01,75784.31,1776420181000
1776420182.871,182.871,0.45,0.47,0.53,0.55,0.02,0.02,75784.31,1776420181000
1776420183.231,183.231,0.45,0.47,0.53,0.55,0.02,0.02,75783.1,1776420182000
1776420183.572,183.572,0.45,0.47,0.53,0.55,0.02,0.02,75783.1,1776420182000
1776420183.94,183.94,0.46,0.47,0.53,0.55,0.01,0.02,75783.1,1776420182000
1776420184.278,184.278,0.46,0.51,0.49,0.54,0.05,0.05,75783.77,1776420183000
1776420184.617,184.617,0.43,0.46,0.54,0.57,0.03,0.03,75783.77,1776420183000
1776420184.97,184.97,0.46,0.52,0.48,0.54,0.06,0.06,75786.41,1776420184000
1776420185.39,185.39,0.47,0.51,0.48,0.54,0.04,0.06,75786.41,1776420184000
1776420185.731,185.731,0.46,0.51,0.49,0.52,0.05,0.03,75786.41,1776420184000
1776420186.07,186.07,0.5,0.52,0.48,0.5,0.02,0.02,75786.91,1776420185000
1776420186.517,186.517,0.5,0.54,0.46,0.5,0.04,0.04,75786.91,1776420185000
1776420186.958,186.958,0.5,0.51,0.49,0.5,0.01,0.01,75786.91,1776420185000
1776420187.326,187.326,0.5,0.51,0.49,0.5,0.01,0.01,75790.0,1776420186000
1776420187.674,187.674,0.5,0.53,0.47,0.5,0.03,0.03,75790.0,1776420186000
1776420188.033,188.033,0.51,0.53,0.47,0.49,0.02,0.02,75791.04,1776420187000
1776420188.372,188.372,0.51,0.52,0.48,0.49,0.01,0.01,75791.04,1776420187000
1776420188.771,188.771,0.51,0.53,0.48,0.49,0.02,0.01,75791.04,1776420187000
1776420189.153,189.153,0.5,0.53,0.47,0.5,0.03,0.03,75791.04,1776420187000
1776420189.488,189.488,0.5,0.51,0.49,0.5,0.01,0.01,75791.04,1776420187000
1776420189.828,189.828,0.5,0.51,0.49,0.5,0.01,0.01,75791.47,1776420188000
1776420190.209,190.209,0.5,0.53,0.47,0.5,0.03,0.03,75792.06,1776420189000
1776420191.512,191.512,0.5,0.51,0.49,0.5,0.01,0.01,75791.73,1776420190000
1776420191.845,191.845,0.5,0.51,0.49,0.5,0.01,0.01,75791.73,1776420190000
1776420192.257,192.257,0.5,0.51,0.49,0.5,0.01,0.01,75792.06,1776420191000
1776420192.867,192.867,0.5,0.51,0.49,0.5,0.01,0.01,75792.06,1776420191000
1776420193.25,193.25,0.5,0.52,0.48,0.5,0.02,0.02,75792.06,1776420191000
1776420193.601,193.601,0.52,0.53,0.44,0.48,0.01,0.04,75803.07,1776420192000
1776420193.986,193.986,0.52,0.54,0.46,0.47,0.02,0.01,75803.07,1776420192000
1776420194.32,194.32,0.53,0.54,0.46,0.47,0.01,0.01,75804.09,1776420193000
1776420194.811,194.811,0.53,0.54,0.44,0.47,0.01,0.03,75804.09,1776420193000
1776420195.159,195.159,0.53,0.54,0.46,0.47,0.01,0.01,75804.09,1776420193000
1776420195.527,195.527,0.53,0.55,0.45,0.47,0.02,0.02,75796.61,1776420194000
1776420195.951,195.951,0.53,0.57,0.45,0.47,0.04,0.02,75796.61,1776420194000
1776420196.659,196.659,0.53,0.55,0.46,0.47,0.02,0.01,75795.76,1776420195000
1776420197.116,197.116,0.53,0.54,0.45,0.47,0.01,0.02,75795.76,1776420195000
1776420197.45,197.45,0.53,0.54,0.46,0.47,0.01,0.01,75795.76,1776420195000
1776420197.854,197.854,0.53,0.54,0.46,0.47,0.01,0.01,75795.76,1776420195000
1776420198.229,198.229,0.51,0.54,0.46,0.47,0.03,0.01,75795.76,1776420195000
1776420198.647,198.647,0.51,0.54,0.46,0.49,0.03,0.03,75795.77,1776420197000
1776420199.049,199.049,0.49,0.52,0.48,0.49,0.03,0.01,75795.77,1776420197000
1776420199.525,199.525,0.5,0.52,0.48,0.49,0.02,0.01,75795.77,1776420197000
1776420200.041,200.041,0.48,0.49,0.49,0.53,0.01,0.04,75794.48,1776420198000
1776420200.544,200.544,0.47,0.48,0.52,0.53,0.01,0.01,75794.48,1776420198000
1776420200.914,200.914,0.47,0.48,0.52,0.53,0.01,0.01,75789.58,1776420199000
1776420201.25,201.25,0.47,0.48,0.52,0.53,0.01,0.01,75789.58,1776420199000
1776420201.598,201.598,0.47,0.48,0.52,0.53,0.01,0.01,75788.65,1776420200000
1776420202.113,202.113,0.47,0.49,0.51,0.53,0.02,0.02,75788.02,1776420201000
1776420202.75,202.75,0.46,0.47,0.52,0.53,0.01,0.01,75788.02,1776420201000
1776420203.244,203.244,0.46,0.47,0.53,0.54,0.01,0.01,75788.02,1776420201000
1776420203.655,203.655,0.46,0.47,0.53,0.54,0.01,0.01,75786.4,1776420202000
1776420203.994,203.994,0.46,0.47,0.53,0.54,0.01,0.01,75786.4,1776420202000
1776420204.601,204.601,0.46,0.47,0.53,0.54,0.01,0.01,75786.4,1776420203000
1776420205.142,205.142,0.46,0.47,0.53,0.54,0.01,0.01,75786.4,1776420203000
1776420205.502,205.502,0.46,0.47,0.53,0.54,0.01,0.01,75786.0,1776420204000
1776420205.953,205.953,0.46,0.47,0.53,0.54,0.01,0.01,75785.73,1776420205000
1776420206.934,206.934,0.46,0.47,0.53,0.54,0.01,0.01,75785.73,1776420205000
1776420207.444,207.444,0.46,0.47,0.53,0.54,0.01,0.01,75785.73,1776420205000
1776420207.855,207.855,0.46,0.47,0.53,0.54,0.01,0.01,75785.51,1776420206000
1776420208.384,208.384,0.46,0.47,0.53,0.54,0.01,0.01,75785.51,1776420206000
1776420208.759,208.759,0.45,0.46,0.53,0.55,0.01,0.02,75785.59,1776420207000
1776420209.164,209.164,0.42,0.43,0.56,0.58,0.01,0.02,75785.59,1776420207000
1776420209.527,209.527,0.41,0.42,0.58,0.59,0.01,0.01,75785.62,1776420208000
1776420209.87,209.87,0.4,0.41,0.59,0.6,0.01,0.01,75785.62,1776420208000
1776420210.221,210.221,0.4,0.41,0.59,0.6,0.01,0.01,75785.62,1776420208000
1776420210.579,210.579,0.4,0.41,0.59,0.6,0.01,0.01,75781.76,1776420209000
1776420211.009,211.009,0.4,0.41,0.59,0.6,0.01,0.01,75781.76,1776420209000
1776420211.362,211.362,0.4,0.41,0.59,0.6,0.01,0.01,75781.76,1776420209000
1776420211.7,211.7,0.4,0.41,0.59,0.6,0.01,0.01,75777.11,1776420210000
1776420212.099,212.099,0.4,0.41,0.59,0.6,0.01,0.01,75773.16,1776420211000
1776420212.484,212.484,0.44,0.46,0.54,0.56,0.02,0.02,75773.16,1776420211000
1776420213.172,213.172,0.45,0.46,0.54,0.55,0.01,0.01,75773.16,1776420211000
1776420213.541,213.541,0.45,0.46,0.54,0.55,0.01,0.01,75775.42,1776420212000
1776420214.065,214.065,0.45,0.46,0.54,0.55,0.01,0.01,75775.42,1776420212000
1776420214.55,214.55,0.45,0.46,0.54,0.55,0.01,0.01,75782.84,1776420213000
1776420215.118,215.118,0.45,0.46,0.54,0.55,0.01,0.01,75782.84,1776420213000
1776420215.607,215.607,0.45,0.46,0.54,0.55,0.01,0.01,75783.13,1776420214000
1776420216.279,216.279,0.45,0.46,0.54,0.55,0.01,0.01,75783.13,1776420214000
1776420216.649,216.649,0.45,0.46,0.54,0.55,0.01,0.01,75784.97,1776420215000
1776420217.038,217.038,0.45,0.46,0.54,0.55,0.01,0.01,75784.97,1776420215000
1776420217.651,217.651,0.45,0.46,0.54,0.55,0.01,0.01,75784.97,1776420215000
1776420218.045,218.045,0.46,0.47,0.53,0.54,0.01,0.01,75784.97,1776420216000
1776420218.53,218.53,0.46,0.47,0.53,0.54,0.01,0.01,75784.97,1776420216000
1776420219.214,219.214,0.47,0.48,0.52,0.53,0.01,0.01,75785.32,1776420218000
1776420219.768,219.768,0.47,0.48,0.52,0.53,0.01,0.01,75785.32,1776420218000
1776420220.311,220.311,0.47,0.48,0.52,0.53,0.01,0.01,75785.32,1776420218000
1776420220.647,220.647,0.47,0.48,0.52,0.53,0.01,0.01,75785.77,1776420219000
1776420221.326,221.326,0.47,0.48,0.52,0.53,0.01,0.01,75785.77,1776420219000
1776420221.842,221.842,0.47,0.48,0.52,0.53,0.01,0.01,75785.76,1776420220000
1776420222.238,222.238,0.47,0.48,0.52,0.53,0.01,0.01,75785.76,1776420220000
1776420222.838,222.838,0.47,0.48,0.52,0.53,0.01,0.01,75785.77,1776420221000
1776420223.307,223.307,0.47,0.48,0.52,0.53,0.01,0.01,75785.77,1776420221000
1776420223.687,223.687,0.47,0.48,0.52,0.53,0.01,0.01,75785.77,1776420222000
1776420224.547,224.547,0.47,0.48,0.52,0.53,0.01,0.01,75785.77,1776420222000
1776420224.915,224.915,0.47,0.48,0.52,0.53,0.01,0.01,75785.76,1776420223000
1776420225.293,225.293,0.47,0.48,0.52,0.53,0.01,0.01,75785.76,1776420223000
1776420225.926,225.926,0.54,0.55,0.45,0.46,0.01,0.01,75785.76,1776420223000
1776420226.315,226.315,0.58,0.59,0.41,0.42,0.01,0.01,75785.76,1776420224000
1776420226.661,226.661,0.58,0.59,0.41,0.42,0.01,0.01,75786.46,1776420225000
1776420227.024,227.024,0.55,0.57,0.43,0.45,0.02,0.02,75786.46,1776420225000
1776420227.357,227.357,0.55,0.57,0.43,0.45,0.02,0.02,75795.53,1776420226000
1776420227.972,227.972,0.55,0.56,0.44,0.45,0.01,0.01,75795.53,1776420226000
1776420228.364,228.364,0.54,0.56,0.44,0.46,0.02,0.02,75798.77,1776420227000
1776420228.753,228.753,0.54,0.55,0.44,0.46,0.01,0.02,75798.77,1776420227000
1776420229.186,229.186,0.54,0.55,0.45,0.46,0.01,0.01,75798.77,1776420227000
1776420229.519,229.519,0.53,0.55,0.45,0.47,0.02,0.02,75798.12,1776420228000
1776420229.868,229.868,0.49,0.51,0.49,0.51,0.02,0.02,75798.12,1776420228000
1776420230.291,230.291,0.49,0.5,0.5,0.52,0.01,0.02,75798.12,1776420228000
1776420230.666,230.666,0.48,0.49,0.5,0.52,0.01,0.02,75796.76,1776420229000
1776420231.003,231.003,0.48,0.5,0.51,0.52,0.02,0.01,75796.76,1776420229000
1776420231.343,231.343,0.48,0.49,0.51,0.52,0.01,0.01,75796.76,1776420229000
1776420231.679,231.679,0.48,0.49,0.51,0.52,0.01,0.01,75789.03,1776420230000
1776420232.022,232.022,0.48,0.49,0.51,0.52,0.01,0.01,75789.03,1776420230000
1776420232.413,232.413,0.48,0.49,0.51,0.52,0.01,0.01,75788.83,1776420231000
1776420232.798,232.798,0.47,0.48,0.52,0.53,0.01,0.01,75788.83,1776420231000
1776420233.204,233.204,0.46,0.47,0.53,0.54,0.01,0.01,75788.34,1776420232000
1776420233.633,233.633,0.46,0.47,0.53,0.54,0.01,0.01,75788.34,1776420232000
1776420233.978,233.978,0.46,0.47,0.53,0.54,0.01,0.01,75788.34,1776420232000
1776420234.704,234.704,0.45,0.46,0.54,0.55,0.01,0.01,75787.96,1776420233000
1776420235.049,235.049,0.45,0.46,0.54,0.55,0.01,0.01,75786.67,1776420234000
1776420236.114,236.114,0.45,0.46,0.54,0.55,0.01,0.01,75786.67,1776420235000
1776420236.928,236.928,0.44,0.45,0.54,0.56,0.01,0.02,75786.67,1776420235000
1776420237.352,237.352,0.44,0.45,0.55,0.56,0.01,0.01,75786.61,1776420236000
1776420237.692,237.692,0.44,0.45,0.55,0.56,0.01,0.01,75786.61,1776420236000
1776420238.058,238.058,0.5,0.51,0.49,0.5,0.01,0.01,75786.61,1776420236000
1776420238.461,238.461,0.5,0.51,0.49,0.5,0.01,0.01,75786.0,1776420237000
1776420238.828,238.828,0.51,0.52,0.48,0.5,0.01,0.02,75786.0,1776420237000
1776420239.177,239.177,0.51,0.52,0.48,0.49,0.01,0.01,75786.0,1776420237000
1776420239.638,239.638,0.51,0.52,0.48,0.49,0.01,0.01,75786.0,1776420237000
1776420239.977,239.977,0.51,0.52,0.48,0.49,0.01,0.01,75791.16,1776420238000
1776420240.438,240.438,0.51,0.52,0.48,0.49,0.01,0.01,75791.16,1776420238000
1776420240.895,240.895,0.51,0.52,0.48,0.49,0.01,0.01,75791.52,1776420239000
1776420241.308,241.308,0.51,0.52,0.48,0.49,0.01,0.01,75791.52,1776420239000
1776420241.668,241.668,0.51,0.52,0.48,0.49,0.01,0.01,75791.53,1776420240000
1776420242.07,242.07,0.54,0.56,0.44,0.46,0.02,0.02,75791.61,1776420241000
1776420242.489,242.489,0.59,0.6,0.4,0.43,0.01,0.03,75791.61,1776420241000
1776420243.504,243.504,0.61,0.63,0.39,0.4,0.02,0.01,75791.61,1776420241000
1776420243.925,243.925,0.67,0.68,0.32,0.33,0.01,0.01,75791.58,1776420242000
1776420244.353,244.353,0.67,0.68,0.32,0.33,0.01,0.01,75802.91,1776420243000
1776420245.04,245.04,0.63,0.68,0.31,0.33,0.05,0.02,75802.91,1776420243000
1776420245.421,245.421,0.67,0.68,0.32,0.33,0.01,0.01,75808.83,1776420244000
1776420245.964,245.964,0.69,0.71,0.3,0.31,0.02,0.01,75808.83,1776420244000
1776420246.409,246.409,0.69,0.7,0.3,0.31,0.01,0.01,75808.83,1776420244000
1776420246.8,246.8,0.71,0.73,0.28,0.3,0.02,0.02,75809.58,1776420245000
1776420247.189,247.189,0.72,0.73,0.27,0.28,0.01,0.01,75809.93,1776420246000
1776420247.54,247.54,0.72,0.73,0.27,0.28,0.01,0.01,75809.93,1776420246000
1776420247.944,247.944,0.72,0.73,0.27,0.28,0.01,0.01,75809.93,1776420246000
1776420248.316,248.316,0.72,0.73,0.27,0.28,0.01,0.01,75809.93,1776420246000
1776420248.698,248.698,0.72,0.73,0.27,0.28,0.01,0.01,75809.93,1776420246000
1776420249.245,249.245,0.72,0.73,0.27,0.28,0.01,0.01,75810.04,1776420247000
1776420249.611,249.611,0.72,0.73,0.27,0.28,0.01,0.01,75810.41,1776420248000
1776420249.958,249.958,0.72,0.74,0.27,0.28,0.02,0.01,75810.41,1776420248000
1776420250.354,250.354,0.73,0.74,0.26,0.27,0.01,0.01,75810.41,1776420248000
1776420250.721,250.721,0.73,0.74,0.26,0.27,0.01,0.01,75813.89,1776420249000
1776420251.352,251.352,0.74,0.75,0.25,0.26,0.01,0.01,75814.51,1776420250000
1776420251.79,251.79,0.74,0.75,0.25,0.26,0.01,0.01,75814.51,1776420250000
1776420252.266,252.266,0.74,0.75,0.25,0.26,0.01,0.01,75814.51,1776420250000
1776420252.732,252.732,0.74,0.75,0.25,0.26,0.01,0.01,75814.51,1776420250000
1776420253.127,253.127,0.74,0.75,0.25,0.26,0.01,0.01,75814.54,1776420251000
1776420253.615,253.615,0.74,0.75,0.25,0.26,0.01,0.01,75813.49,1776420252000
1776420253.984,253.984,0.75,0.76,0.24,0.25,0.01,0.01,75813.49,1776420252000
1776420254.378,254.378,0.76,0.77,0.23,0.24,0.01,0.01,75813.49,1776420252000
1776420254.758,254.758,0.77,0.78,0.22,0.23,0.01,0.01,75813.4,1776420253000
1776420255.101,255.101,0.77,0.78,0.22,0.23,0.01,0.01,75813.4,1776420253000
1776420255.449,255.449,0.77,0.78,0.22,0.23,0.01,0.01,75813.4,1776420254000
1776420255.915,255.915,0.78,0.79,0.21,0.22,0.01,0.01,75813.4,1776420254000
1776420256.311,256.311,0.78,0.79,0.21,0.22,0.01,0.01,75813.4,1776420254000
1776420256.7,256.7,0.79,0.8,0.2,0.21,0.01,0.01,75813.4,1776420254000
1776420257.087,257.087,0.79,0.8,0.2,0.21,0.01,0.01,75813.4,1776420254000
1776420257.638,257.638,0.79,0.8,0.2,0.21,0.01,0.01,75813.37,1776420256000
1776420257.997,257.997,0.69,0.71,0.27,0.32,0.02,0.05,75813.37,1776420256000
1776420258.352,258.352,0.69,0.7,0.3,0.31,0.01,0.01,75813.37,1776420256000
1776420258.698,258.698,0.69,0.7,0.3,0.31,0.01,0.01,75813.84,1776420257000
1776420259.08,259.08,0.69,0.7,0.3,0.31,0.01,0.01,75812.85,1776420258000
1776420259.473,259.473,0.68,0.69,0.28,0.32,0.01,0.04,75812.85,1776420258000
1776420259.859,259.859,0.68,0.69,0.31,0.32,0.01,0.01,75812.85,1776420258000
1776420260.366,260.366,0.68,0.69,0.31,0.32,0.01,0.01,75807.47,1776420259000
1776420260.818,260.818,0.64,0.65,0.31,0.34,0.01,0.03,75807.47,1776420259000
1776420261.161,261.161,0.64,0.65,0.35,0.36,0.01,0.01,75807.47,1776420259000
1776420261.496,261.496,0.64,0.65,0.35,0.36,0.01,0.01,75807.47,1776420259000
1776420261.848,261.848,0.64,0.65,0.35,0.36,0.01,0.01,75807.24,1776420260000
1776420262.318,262.318,0.64,0.65,0.35,0.36,0.01,0.01,75806.18,1776420261000
1776420262.666,262.666,0.64,0.65,0.35,0.36,0.01,0.01,75806.18,1776420261000
1776420263.038,263.038,0.64,0.65,0.35,0.36,0.01,0.01,75806.18,1776420261000
1776420263.406,263.406,0.64,0.66,0.35,0.36,0.02,0.01,75806.18,1776420261000
1776420263.766,263.766,0.65,0.7,0.34,0.36,0.05,0.02,75806.09,1776420262000
1776420264.148,264.148,0.67,0.69,0.31,0.33,0.02,0.02,75806.09,1776420263000
1776420264.497,264.497,0.66,0.67,0.31,0.34,0.01,0.03,75806.09,1776420263000
1776420264.861,264.861,0.66,0.68,0.33,0.34,0.02,0.01,75806.09,1776420263000
1776420265.423,265.423,0.66,0.67,0.33,0.34,0.01,0.01,75806.09,1776420263000
1776420265.999,265.999,0.66,0.67,0.33,0.34,0.01,0.01,75805.83,1776420264000
1776420266.377,266.377,0.66,0.74,0.33,0.34,0.08,0.01,75805.75,1776420265000
1776420266.775,266.775,0.69,0.7,0.27,0.31,0.01,0.04,75805.75,1776420265000
1776420267.282,267.282,0.69,0.7,0.3,0.31,0.01,0.01,75804.48,1776420266000
1776420268.075,268.075,0.69,0.7,0.3,0.31,0.01,0.01,75804.48,1776420266000
1776420268.41,268.41,0.69,0.7,0.3,0.31,0.01,0.01,75804.48,1776420266000
1776420269.211,269.211,0.69,0.7,0.3,0.31,0.01,0.01,75804.32,1776420268000
1776420269.563,269.563,0.69,0.7,0.3,0.31,0.01,0.01,75804.32,1776420268000
1776420270.029,270.029,0.69,0.75,0.3,0.31,0.06,0.01,75804.32,1776420268000
1776420270.42,270.42,0.74,0.75,0.25,0.26,0.01,0.01,75804.32,1776420268000
1776420270.882,270.882,0.71,0.72,0.28,0.29,0.01,0.01,75804.31,1776420269000
1776420271.433,271.433,0.71,0.72,0.28,0.29,0.01,0.01,75804.33,1776420270000
1776420271.998,271.998,0.71,0.72,0.28,0.29,0.01,0.01,75804.33,1776420270000
1776420272.48,272.48,0.71,0.72,0.28,0.29,0.01,0.01,75804.67,1776420271000
1776420273.058,273.058,0.71,0.72,0.28,0.29,0.01,0.01,75804.67,1776420271000
1776420273.42,273.42,0.71,0.72,0.28,0.29,0.01,0.01,75804.68,1776420272000
1776420273.833,273.833,0.71,0.72,0.28,0.29,0.01,0.01,75804.68,1776420272000
1776420274.304,274.304,0.71,0.72,0.28,0.29,0.01,0.01,75804.71,1776420273000
1776420274.698,274.698,0.69,0.7,0.3,0.31,0.01,0.01,75804.71,1776420273000
1776420275.16,275.16,0.68,0.69,0.31,0.32,0.01,0.01,75804.71,1776420274000
1776420275.948,275.948,0.68,0.69,0.31,0.32,0.01,0.01,75804.71,1776420274000
1776420276.35,276.35,0.68,0.69,0.31,0.32,0.01,0.01,75804.67,1776420275000
1776420276.753,276.753,0.68,0.69,0.31,0.32,0.01,0.01,75804.67,1776420275000
1776420277.094,277.094,0.68,0.69,0.31,0.32,0.01,0.01,75804.46,1776420276000
1776420277.462,277.462,0.69,0.7,0.3,0.31,0.01,0.01,75804.46,1776420276000
1776420277.866,277.866,0.62,0.63,0.3,0.38,0.01,0.08,75804.46,1776420276000
1776420278.247,278.247,0.62,0.63,0.37,0.38,0.01,0.01,75804.46,1776420276000
1776420278.622,278.622,0.63,0.64,0.36,0.37,0.01,0.01,75804.46,1776420277000
1776420278.98,278.98,0.62,0.64,0.36,0.37,0.02,0.01,75804.46,1776420277000
1776420279.317,279.317,0.56,0.57,0.43,0.44,0.01,0.01,75804.18,1776420278000
1776420279.733,279.733,0.54,0.55,0.45,0.47,0.01,0.02,75804.18,1776420278000
1776420280.067,280.067,0.54,0.55,0.45,0.46,0.01,0.01,75804.18,1776420278000
1776420280.449,280.449,0.54,0.55,0.45,0.46,0.01,0.01,75802.99,1776420279000
1776420280.831,280.831,0.54,0.55,0.45,0.46,0.01,0.01,75802.99,1776420279000
1776420281.405,281.405,0.54,0.56,0.45,0.46,0.02,0.01,75802.99,1776420279000
1776420281.861,281.861,0.57,0.58,0.42,0.45,0.01,0.03,75797.42,1776420280000
1776420282.264,282.264,0.6,0.61,0.39,0.41,0.01,0.02,75793.64,1776420281000
1776420282.773,282.773,0.61,0.62,0.39,0.4,0.01,0.01,75793.64,1776420281000
1776420283.181,283.181,0.61,0.62,0.38,0.39,0.01,0.01,75793.64,1776420282000
1776420283.523,283.523,0.57,0.58,0.42,0.43,0.01,0.01,75793.64,1776420282000
1776420283.864,283.864,0.6,0.63,0.38,0.41,0.03,0.03,75793.64,1776420282000
1776420284.297,284.297,0.62,0.63,0.37,0.4,0.01,0.03,75793.67,1776420283000
1776420284.637,284.637,0.62,0.63,0.37,0.38,0.01,0.01,75793.67,1776420283000
1776420285.004,285.004,0.62,0.63,0.37,0.38,0.01,0.01,75793.72,1776420284000
1776420285.408,285.408,0.62,0.63,0.37,0.38,0.01,0.01,75793.72,1776420284000
1776420285.792,285.792,0.62,0.63,0.37,0.38,0.01,0.01,75793.72,1776420284000
1776420286.2,286.2,0.63,0.64,0.36,0.37,0.01,0.01,75793.68,1776420285000
1776420286.851,286.851,0.63,0.64,0.36,0.37,0.01,0.01,75793.68,1776420285000
1776420287.392,287.392,0.63,0.64,0.36,0.37,0.01,0.01,75794.2,1776420286000
1776420288.068,288.068,0.58,0.64,0.36,0.37,0.06,0.01,75794.2,1776420286000
1776420288.455,288.455,0.6,0.75,0.38,0.39,0.15,0.01,75794.2,1776420286000
1776420288.94,288.94,0.63,0.64,0.36,0.37,0.01,0.01,75794.2,1776420287000
1776420289.297,289.297,0.63,0.64,0.36,0.37,0.01,0.01,75794.2,1776420287000
1776420289.644,289.644,0.63,0.64,0.36,0.37,0.01,0.01,75793.74,1776420288000
1776420290.284,290.284,0.65,0.66,0.35,0.36,0.01,0.01,75793.74,1776420288000
1776420290.699,290.699,0.71,0.72,0.27,0.3,0.01,0.03,75793.74,1776420288000
1776420291.063,291.063,0.7,0.71,0.28,0.3,0.01,0.02,75793.64,1776420289000
1776420291.536,291.536,0.69,0.7,0.29,0.31,0.01,0.02,75793.64,1776420289000
1776420291.952,291.952,0.69,0.7,0.3,0.31,0.01,0.01,75793.47,1776420290000
1776420292.442,292.442,0.69,0.7,0.3,0.31,0.01,0.01,75793.55,1776420291000
1776420292.974,292.974,0.69,0.7,0.3,0.31,0.01,0.01,75793.55,1776420291000
1776420293.475,293.475,0.7,0.71,0.29,0.3,0.01,0.01,75793.57,1776420292000
1776420293.847,293.847,0.7,0.71,0.29,0.3,0.01,0.01,75793.57,1776420292000
1776420294.19,294.19,0.71,0.72,0.28,0.3,0.01,0.02,75793.57,1776420292000
1776420294.545,294.545,0.7,0.72,0.28,0.29,0.02,0.01,75793.57,1776420292000
1776420295.188,295.188,0.66,0.7,0.3,0.31,0.04,0.01,75793.13,1776420293000
1776420295.53,295.53,0.64,0.65,0.35,0.36,0.01,0.01,75793.07,1776420294000
1776420296.071,296.071,0.68,0.69,0.33,0.34,0.01,0.01,75793.07,1776420294000
1776420296.489,296.489,0.76,0.77,0.23,0.24,0.01,0.01,75792.95,1776420295000
1776420296.849,296.849,0.74,0.75,0.25,0.26,0.01,0.01,75792.95,1776420295000
1776420297.236,297.236,0.73,0.74,0.25,0.27,0.01,0.02,75792.95,1776420295000
1776420297.584,297.584,0.72,0.74,0.26,0.28,0.02,0.02,75793.12,1776420296000
1776420298.167,298.167,0.82,0.83,0.16,0.21,0.01,0.05,75793.12,1776420296000
1776420298.554,298.554,0.87,0.94,0.03,0.15,0.07,0.12,75793.12,1776420297000
1776420298.917,298.917,0.95,0.96,0.04,0.05,0.01,0.01,75793.12,1776420297000
1776420299.253,299.253,0.96,0.97,0.03,0.04,0.01,0.01,75793.13,1776420298000
1776420299.598,299.598,0.98,0.99,0.01,0.02,0.01,0.01,75793.13,1776420298000
1776420299.954,299.954,0.97,0.99,0.01,0.03,0.02,0.02,75793.13,1776420298000
1776420300.363,300.363,0.99,0.99,0.01,0.01,0.0,0.0,75793.13,1776420298000
1776420300.712,300.712,0.99,0.99,0.01,0.01,0.0,0.0,75793.13,1776420299000

# RESULT,winner=Up,slug=btc-updown-5m-1776420000,ticks=698
