timestamp,elapsed_sec,up_bid,up_ask,down_bid,down_ask,up_spread,down_spread,btc_price,btc_oracle_ts
1776414000.56,0.56,0.47,0.48,0.51,0.52,0.01,0.01,75046.16,1776413999000
1776414000.983,0.983,0.48,0.49,0.51,0.52,0.01,0.01,75046.16,1776413999000
1776414001.408,1.408,0.48,0.49,0.51,0.52,0.01,0.01,75046.23,1776414000000
1776414001.844,1.844,0.47,0.49,0.52,0.53,0.02,0.01,75046.23,1776414000000
1776414002.305,2.305,0.48,0.49,0.51,0.52,0.01,0.01,75046.23,1776414001000
1776414002.694,2.694,0.48,0.49,0.51,0.52,0.01,0.01,75046.23,1776414001000
1776414003.106,3.106,0.48,0.49,0.51,0.52,0.01,0.01,75046.23,1776414001000
1776414003.863,3.863,0.48,0.49,0.51,0.52,0.01,0.01,75046.24,1776414002000
1776414004.466,4.466,0.48,0.49,0.51,0.52,0.01,0.01,75046.17,1776414003000
1776414005.018,5.018,0.49,0.5,0.51,0.52,0.01,0.01,75046.17,1776414003000
1776414005.366,5.366,0.49,0.5,0.5,0.51,0.01,0.01,75046.12,1776414004000
1776414006.251,6.251,0.49,0.5,0.5,0.51,0.01,0.01,75046.12,1776414004000
1776414007.396,7.396,0.49,0.5,0.5,0.51,0.01,0.01,75046.2,1776414006000
1776414007.879,7.879,0.49,0.5,0.5,0.51,0.01,0.01,75045.92,1776414007000
1776414008.392,8.392,0.49,0.5,0.5,0.51,0.01,0.01,75045.92,1776414007000
1776414008.902,8.902,0.49,0.5,0.5,0.51,0.01,0.01,75045.92,1776414007000
1776414009.389,9.389,0.49,0.5,0.5,0.51,0.01,0.01,75045.98,1776414008000
1776414009.917,9.917,0.49,0.5,0.5,0.51,0.01,0.01,75045.98,1776414009000
1776414010.271,10.271,0.49,0.5,0.5,0.51,0.01,0.01,75045.98,1776414009000
1776414010.809,10.809,0.49,0.5,0.5,0.51,0.01,0.01,75045.98,1776414009000
1776414011.396,11.396,0.49,0.5,0.5,0.51,0.01,0.01,75046.04,1776414010000
1776414011.757,11.757,0.49,0.5,0.5,0.51,0.01,0.01,75046.04,1776414010000
1776414012.355,12.355,0.49,0.5,0.5,0.51,0.01,0.01,75046.04,1776414010000
1776414012.771,12.771,0.48,0.49,0.5,0.52,0.01,0.02,75046.04,1776414011000
1776414013.125,13.125,0.48,0.49,0.51,0.52,0.01,0.01,75046.04,1776414012000
1776414013.485,13.485,0.48,0.49,0.51,0.52,0.01,0.01,75046.04,1776414012000
1776414014.031,14.031,0.48,0.49,0.51,0.52,0.01,0.01,75046.04,1776414012000
1776414014.657,14.657,0.48,0.49,0.51,0.52,0.01,0.01,75045.72,1776414013000
1776414015.23,15.23,0.48,0.49,0.51,0.52,0.01,0.01,75045.72,1776414014000
1776414015.639,15.639,0.48,0.49,0.51,0.52,0.01,0.01,75045.72,1776414014000
1776414016.151,16.151,0.48,0.49,0.51,0.52,0.01,0.01,75045.72,1776414014000
1776414016.904,16.904,0.48,0.49,0.51,0.52,0.01,0.01,75045.71,1776414015000
1776414017.242,17.242,0.48,0.49,0.51,0.52,0.01,0.01,75045.65,1776414016000
1776414017.601,17.601,0.48,0.49,0.51,0.52,0.01,0.01,75045.65,1776414016000
1776414018.282,18.282,0.48,0.49,0.51,0.52,0.01,0.01,75045.65,1776414016000
1776414019.057,19.057,0.47,0.48,0.52,0.53,0.01,0.01,75045.65,1776414017000
1776414019.405,19.405,0.47,0.48,0.52,0.53,0.01,0.01,75045.2,1776414018000
1776414019.74,19.74,0.47,0.48,0.52,0.53,0.01,0.01,75045.2,1776414018000
1776414020.139,20.139,0.47,0.48,0.52,0.53,0.01,0.01,75045.19,1776414019000
1776414020.594,20.594,0.47,0.48,0.52,0.53,0.01,0.01,75045.19,1776414019000
1776414021.051,21.051,0.47,0.48,0.52,0.53,0.01,0.01,75045.19,1776414019000
1776414022.19,22.19,0.47,0.48,0.52,0.53,0.01,0.01,75045.28,1776414021000
1776414022.732,22.732,0.47,0.48,0.52,0.53,0.01,0.01,75045.28,1776414021000
1776414023.131,23.131,0.47,0.48,0.52,0.53,0.01,0.01,75045.28,1776414021000
1776414024.243,24.243,0.47,0.48,0.52,0.53,0.01,0.01,75045.28,1776414023000
1776414024.959,24.959,0.47,0.48,0.52,0.53,0.01,0.01,75045.28,1776414023000
1776414025.62,25.62,0.47,0.48,0.52,0.53,0.01,0.01,75045.28,1776414023000
1776414026.315,26.315,0.47,0.48,0.52,0.53,0.01,0.01,75045.27,1776414024000
1776414027.107,27.107,0.47,0.48,0.52,0.53,0.01,0.01,75045.16,1776414025000
1776414028.002,28.002,0.47,0.48,0.52,0.53,0.01,0.01,75045.16,1776414026000
1776414028.849,28.849,0.47,0.5,0.52,0.53,0.03,0.01,75045.16,1776414027000
1776414029.564,29.564,0.49,0.5,0.5,0.51,0.01,0.01,75045.15,1776414028000
1776414030.067,30.067,0.49,0.5,0.5,0.51,0.01,0.01,75045.15,1776414029000
1776414030.516,30.516,0.49,0.51,0.5,0.51,0.02,0.01,75045.15,1776414029000
1776414030.86,30.86,0.55,0.56,0.44,0.45,0.01,0.01,75045.15,1776414029000
1776414031.198,31.198,0.56,0.59,0.41,0.44,0.03,0.03,75050.22,1776414030000
1776414031.75,31.75,0.58,0.6,0.4,0.42,0.02,0.02,75050.22,1776414030000
1776414032.13,32.13,0.63,0.64,0.36,0.37,0.01,0.01,75050.22,1776414030000
1776414032.464,32.464,0.64,0.67,0.33,0.36,0.03,0.03,75050.22,1776414030000
1776414032.814,32.814,0.6,0.64,0.36,0.4,0.04,0.04,75057.95,1776414031000
1776414033.162,33.162,0.63,0.64,0.36,0.38,0.01,0.02,75058.41,1776414032000
1776414033.52,33.52,0.63,0.64,0.36,0.37,0.01,0.01,75058.41,1776414032000
1776414033.863,33.863,0.63,0.64,0.36,0.37,0.01,0.01,75058.41,1776414032000
1776414034.238,34.238,0.63,0.64,0.36,0.37,0.01,0.01,75064.83,1776414033000
1776414034.722,34.722,0.63,0.64,0.36,0.37,0.01,0.01,75064.83,1776414033000
1776414035.064,35.064,0.63,0.64,0.36,0.37,0.01,0.01,75064.83,1776414033000
1776414035.442,35.442,0.63,0.64,0.36,0.37,0.01,0.01,75064.6,1776414034000
1776414036.052,36.052,0.64,0.65,0.35,0.36,0.01,0.01,75064.6,1776414035000
1776414036.506,36.506,0.65,0.66,0.34,0.35,0.01,0.01,75064.6,1776414035000
1776414036.902,36.902,0.65,0.66,0.34,0.35,0.01,0.01,75064.6,1776414035000
1776414037.268,37.268,0.65,0.66,0.34,0.35,0.01,0.01,75064.89,1776414036000
1776414037.63,37.63,0.65,0.66,0.34,0.35,0.01,0.01,75064.89,1776414036000
1776414037.985,37.985,0.65,0.66,0.34,0.35,0.01,0.01,75064.89,1776414036000
1776414038.343,38.343,0.65,0.66,0.34,0.35,0.01,0.01,75066.11,1776414037000
1776414038.713,38.713,0.65,0.66,0.34,0.35,0.01,0.01,75066.11,1776414037000
1776414039.238,39.238,0.65,0.66,0.34,0.35,0.01,0.01,75066.11,1776414037000
1776414039.581,39.581,0.65,0.66,0.34,0.35,0.01,0.01,75064.41,1776414038000
1776414039.917,39.917,0.65,0.66,0.34,0.35,0.01,0.01,75064.41,1776414038000
1776414040.255,40.255,0.65,0.66,0.34,0.35,0.01,0.01,75064.41,1776414038000
1776414040.589,40.589,0.65,0.66,0.34,0.35,0.01,0.01,75064.41,1776414038000
1776414040.939,40.939,0.65,0.66,0.34,0.35,0.01,0.01,75064.41,1776414038000
1776414041.322,41.322,0.65,0.66,0.34,0.35,0.01,0.01,75066.02,1776414040000
1776414041.756,41.756,0.65,0.66,0.34,0.37,0.01,0.03,75066.02,1776414040000
1776414042.09,42.09,0.65,0.66,0.34,0.35,0.01,0.01,75066.02,1776414040000
1776414042.428,42.428,0.65,0.66,0.34,0.35,0.01,0.01,75066.02,1776414040000
1776414042.764,42.764,0.66,0.67,0.33,0.34,0.01,0.01,75063.9,1776414041000
1776414043.103,43.103,0.66,0.67,0.33,0.34,0.01,0.01,75063.9,1776414041000
1776414043.454,43.454,0.66,0.67,0.33,0.34,0.01,0.01,75062.76,1776414042000
1776414043.791,43.791,0.66,0.67,0.32,0.34,0.01,0.02,75062.76,1776414042000
1776414044.13,44.13,0.67,0.68,0.32,0.33,0.01,0.01,75062.76,1776414042000
1776414044.468,44.468,0.67,0.68,0.32,0.33,0.01,0.01,75062.61,1776414043000
1776414044.804,44.804,0.68,0.69,0.31,0.32,0.01,0.01,75062.61,1776414043000
1776414045.146,45.146,0.69,0.7,0.3,0.32,0.01,0.02,75062.61,1776414043000
1776414045.479,45.479,0.69,0.7,0.3,0.31,0.01,0.01,75062.61,1776414044000
1776414045.823,45.823,0.7,0.71,0.29,0.3,0.01,0.01,75062.61,1776414044000
1776414046.156,46.156,0.7,0.71,0.29,0.3,0.01,0.01,75062.67,1776414045000
1776414046.494,46.494,0.71,0.72,0.28,0.29,0.01,0.01,75062.67,1776414045000
1776414046.832,46.832,0.71,0.72,0.28,0.29,0.01,0.01,75062.67,1776414045000
1776414047.231,47.231,0.71,0.72,0.28,0.29,0.01,0.01,75065.6,1776414046000
1776414047.644,47.644,0.7,0.71,0.28,0.3,0.01,0.02,75065.6,1776414046000
1776414048.043,48.043,0.68,0.69,0.31,0.32,0.01,0.01,75065.6,1776414046000
1776414048.501,48.501,0.68,0.71,0.29,0.31,0.03,0.02,75066.17,1776414047000
1776414048.931,48.931,0.7,0.71,0.29,0.3,0.01,0.01,75066.17,1776414047000
1776414049.403,49.403,0.7,0.71,0.29,0.3,0.01,0.01,75066.91,1776414048000
1776414049.777,49.777,0.7,0.71,0.29,0.3,0.01,0.01,75066.91,1776414048000
1776414050.153,50.153,0.7,0.71,0.29,0.3,0.01,0.01,75067.11,1776414049000
1776414050.51,50.51,0.7,0.71,0.29,0.3,0.01,0.01,75067.11,1776414049000
1776414050.844,50.844,0.68,0.69,0.31,0.32,0.01,0.01,75067.11,1776414049000
1776414051.267,51.267,0.68,0.69,0.31,0.32,0.01,0.01,75067.11,1776414049000
1776414051.868,51.868,0.66,0.68,0.31,0.32,0.02,0.01,75065.43,1776414050000
1776414052.291,52.291,0.66,0.67,0.33,0.34,0.01,0.01,75065.86,1776414051000
1776414052.631,52.631,0.66,0.67,0.33,0.34,0.01,0.01,75065.86,1776414051000
1776414053.007,53.007,0.66,0.67,0.33,0.34,0.01,0.01,75065.86,1776414051000
1776414053.779,53.779,0.63,0.64,0.33,0.34,0.01,0.01,75066.76,1776414052000
1776414054.117,54.117,0.62,0.64,0.36,0.37,0.02,0.01,75066.76,1776414052000
1776414054.469,54.469,0.62,0.63,0.37,0.38,0.01,0.01,75066.76,1776414052000
1776414055.364,55.364,0.62,0.63,0.37,0.38,0.01,0.01,75065.03,1776414053000
1776414055.87,55.87,0.62,0.63,0.37,0.38,0.01,0.01,75064.64,1776414054000
1776414056.422,56.422,0.62,0.63,0.37,0.38,0.01,0.01,75064.64,1776414054000
1776414056.85,56.85,0.62,0.63,0.37,0.38,0.01,0.01,75064.91,1776414055000
1776414057.48,57.48,0.62,0.63,0.37,0.38,0.01,0.01,75064.91,1776414055000
1776414057.881,57.881,0.62,0.63,0.37,0.38,0.01,0.01,75064.9,1776414056000
1776414058.299,58.299,0.61,0.62,0.37,0.39,0.01,0.02,75064.9,1776414056000
1776414058.975,58.975,0.61,0.62,0.38,0.39,0.01,0.01,75064.86,1776414057000
1776414059.649,59.649,0.61,0.62,0.38,0.39,0.01,0.01,75063.95,1776414058000
1776414060.138,60.138,0.61,0.62,0.38,0.39,0.01,0.01,75063.95,1776414058000
1776414060.52,60.52,0.61,0.62,0.38,0.39,0.01,0.01,75062.95,1776414059000
1776414060.864,60.864,0.61,0.62,0.38,0.39,0.01,0.01,75062.95,1776414059000
1776414061.298,61.298,0.61,0.62,0.38,0.39,0.01,0.01,75062.85,1776414060000
1776414061.816,61.816,0.61,0.62,0.38,0.39,0.01,0.01,75062.85,1776414060000
1776414062.302,62.302,0.6,0.61,0.39,0.4,0.01,0.01,75062.96,1776414061000
1776414062.642,62.642,0.59,0.6,0.39,0.41,0.01,0.02,75062.96,1776414061000
1776414062.987,62.987,0.59,0.6,0.4,0.41,0.01,0.01,75062.96,1776414061000
1776414063.322,63.322,0.58,0.6,0.4,0.42,0.02,0.02,75062.96,1776414061000
1776414063.732,63.732,0.59,0.6,0.4,0.42,0.01,0.02,75062.97,1776414062000
1776414064.073,64.073,0.55,0.59,0.4,0.45,0.04,0.05,75062.97,1776414063000
1776414064.556,64.556,0.55,0.56,0.44,0.45,0.01,0.01,75062.97,1776414063000
1776414064.932,64.932,0.55,0.56,0.44,0.45,0.01,0.01,75062.97,1776414063000
1776414065.295,65.295,0.55,0.56,0.44,0.45,0.01,0.01,75060.96,1776414064000
1776414065.669,65.669,0.55,0.56,0.44,0.45,0.01,0.01,75060.96,1776414064000
1776414066.015,66.015,0.55,0.56,0.44,0.45,0.01,0.01,75060.96,1776414064000
1776414066.382,66.382,0.51,0.52,0.48,0.49,0.01,0.01,75058.22,1776414065000
1776414066.747,66.747,0.49,0.51,0.49,0.5,0.02,0.01,75058.22,1776414065000
1776414067.362,67.362,0.49,0.5,0.49,0.52,0.01,0.03,75058.22,1776414065000
1776414067.707,67.707,0.49,0.5,0.5,0.51,0.01,0.01,75055.06,1776414066000
1776414068.046,68.046,0.47,0.49,0.5,0.51,0.02,0.01,75055.06,1776414066000
1776414068.426,68.426,0.47,0.48,0.52,0.53,0.01,0.01,75053.88,1776414067000
1776414068.822,68.822,0.46,0.47,0.53,0.54,0.01,0.01,75053.88,1776414067000
1776414069.166,69.166,0.46,0.47,0.53,0.54,0.01,0.01,75046.46,1776414068000
1776414069.51,69.51,0.46,0.47,0.53,0.54,0.01,0.01,75046.46,1776414068000
1776414070.14,70.14,0.45,0.46,0.54,0.55,0.01,0.01,75046.46,1776414068000
1776414070.6,70.6,0.45,0.46,0.54,0.55,0.01,0.01,75045.55,1776414069000
1776414071.119,71.119,0.45,0.46,0.54,0.55,0.01,0.01,75045.55,1776414069000
1776414071.525,71.525,0.45,0.46,0.54,0.55,0.01,0.01,75045.55,1776414069000
1776414071.925,71.925,0.45,0.46,0.54,0.55,0.01,0.01,75045.55,1776414069000
1776414072.377,72.377,0.45,0.46,0.54,0.56,0.01,0.02,75043.29,1776414070000
1776414072.753,72.753,0.44,0.45,0.55,0.56,0.01,0.01,75043.29,1776414071000
1776414073.196,73.196,0.44,0.45,0.55,0.56,0.01,0.01,75043.04,1776414072000
1776414073.819,73.819,0.44,0.45,0.55,0.56,0.01,0.01,75043.04,1776414072000
1776414074.183,74.183,0.41,0.42,0.58,0.59,0.01,0.01,75043.04,1776414072000
1776414074.674,74.674,0.41,0.42,0.58,0.59,0.01,0.01,75043.04,1776414072000
1776414075.179,75.179,0.41,0.42,0.58,0.59,0.01,0.01,75043.04,1776414072000
1776414075.645,75.645,0.4,0.42,0.58,0.6,0.02,0.02,75043.02,1776414073000
1776414076.009,76.009,0.39,0.42,0.58,0.61,0.03,0.03,75042.53,1776414074000
1776414076.429,76.429,0.33,0.37,0.63,0.67,0.04,0.04,75041.69,1776414075000
1776414076.763,76.763,0.34,0.36,0.64,0.66,0.02,0.02,75041.69,1776414075000
1776414077.148,77.148,0.33,0.35,0.66,0.67,0.02,0.01,75039.66,1776414076000
1776414077.526,77.526,0.33,0.34,0.66,0.67,0.01,0.01,75039.66,1776414076000
1776414077.896,77.896,0.33,0.34,0.66,0.67,0.01,0.01,75039.66,1776414076000
1776414078.265,78.265,0.33,0.34,0.66,0.67,0.01,0.01,75032.4,1776414077000
1776414078.647,78.647,0.33,0.34,0.66,0.67,0.01,0.01,75032.4,1776414077000
1776414079.192,79.192,0.33,0.34,0.66,0.67,0.01,0.01,75032.4,1776414077000
1776414079.536,79.536,0.32,0.33,0.67,0.68,0.01,0.01,75030.86,1776414078000
1776414079.927,79.927,0.31,0.32,0.67,0.69,0.01,0.02,75030.86,1776414078000
1776414080.291,80.291,0.31,0.32,0.68,0.69,0.01,0.01,75030.86,1776414078000
1776414080.635,80.635,0.31,0.32,0.68,0.69,0.01,0.01,75029.5,1776414079000
1776414081.091,81.091,0.3,0.31,0.69,0.7,0.01,0.01,75029.5,1776414079000
1776414081.469,81.469,0.3,0.31,0.69,0.7,0.01,0.01,75029.5,1776414079000
1776414081.835,81.835,0.3,0.31,0.69,0.7,0.01,0.01,75028.82,1776414080000
1776414082.479,82.479,0.3,0.31,0.69,0.7,0.01,0.01,75026.85,1776414081000
1776414082.998,82.998,0.3,0.31,0.69,0.7,0.01,0.01,75026.85,1776414081000
1776414083.425,83.425,0.3,0.31,0.69,0.7,0.01,0.01,75025.7,1776414082000
1776414083.759,83.759,0.3,0.31,0.69,0.7,0.01,0.01,75025.7,1776414082000
1776414084.118,84.118,0.25,0.26,0.74,0.75,0.01,0.01,75025.7,1776414082000
1776414084.451,84.451,0.24,0.25,0.75,0.76,0.01,0.01,75025.4,1776414083000
1776414084.903,84.903,0.24,0.25,0.75,0.76,0.01,0.01,75025.4,1776414083000
1776414085.32,85.32,0.23,0.24,0.76,0.77,0.01,0.01,75024.89,1776414084000
1776414085.672,85.672,0.23,0.24,0.76,0.77,0.01,0.01,75024.89,1776414084000
1776414086.017,86.017,0.23,0.26,0.76,0.77,0.03,0.01,75024.89,1776414084000
1776414086.536,86.536,0.23,0.24,0.76,0.77,0.01,0.01,75017.93,1776414085000
1776414086.946,86.946,0.23,0.27,0.76,0.77,0.04,0.01,75017.93,1776414085000
1776414087.311,87.311,0.25,0.26,0.74,0.75,0.01,0.01,75017.93,1776414085000
1776414087.672,87.672,0.25,0.26,0.74,0.75,0.01,0.01,75017.04,1776414086000
1776414088.174,88.174,0.25,0.26,0.74,0.75,0.01,0.01,75017.04,1776414086000
1776414088.563,88.563,0.25,0.26,0.74,0.75,0.01,0.01,75017.04,1776414086000
1776414089.042,89.042,0.25,0.26,0.74,0.75,0.01,0.01,75016.51,1776414087000
1776414089.41,89.41,0.25,0.26,0.74,0.75,0.01,0.01,75016.51,1776414088000
1776414089.753,89.753,0.26,0.27,0.73,0.74,0.01,0.01,75016.51,1776414088000
1776414090.134,90.134,0.26,0.27,0.73,0.74,0.01,0.01,75016.02,1776414089000
1776414090.754,90.754,0.26,0.27,0.73,0.74,0.01,0.01,75016.02,1776414089000
1776414091.095,91.095,0.26,0.28,0.73,0.74,0.02,0.01,75016.02,1776414089000
1776414091.57,91.57,0.27,0.28,0.72,0.73,0.01,0.01,75016.0,1776414090000
1776414091.966,91.966,0.26,0.27,0.73,0.74,0.01,0.01,75016.0,1776414090000
1776414092.396,92.396,0.26,0.27,0.73,0.74,0.01,0.01,75015.53,1776414091000
1776414092.76,92.76,0.26,0.27,0.73,0.74,0.01,0.01,75015.53,1776414091000
1776414093.194,93.194,0.26,0.27,0.73,0.74,0.01,0.01,75015.65,1776414092000
1776414093.669,93.669,0.26,0.27,0.73,0.74,0.01,0.01,75015.65,1776414092000
1776414094.026,94.026,0.26,0.27,0.73,0.74,0.01,0.01,75015.79,1776414093000
1776414094.363,94.363,0.26,0.27,0.73,0.74,0.01,0.01,75015.79,1776414093000
1776414094.784,94.784,0.26,0.27,0.73,0.74,0.01,0.01,75015.79,1776414093000
1776414095.118,95.118,0.26,0.27,0.73,0.74,0.01,0.01,75015.76,1776414094000
1776414095.494,95.494,0.26,0.27,0.73,0.74,0.01,0.01,75015.76,1776414094000
1776414095.946,95.946,0.28,0.29,0.71,0.72,0.01,0.01,75015.76,1776414094000
1776414096.339,96.339,0.28,0.29,0.71,0.72,0.01,0.01,75015.78,1776414095000
1776414096.751,96.751,0.28,0.29,0.71,0.72,0.01,0.01,75015.78,1776414095000
1776414097.306,97.306,0.28,0.29,0.71,0.72,0.01,0.01,75015.77,1776414096000
1776414097.731,97.731,0.27,0.28,0.72,0.73,0.01,0.01,75015.77,1776414096000
1776414098.537,98.537,0.27,0.28,0.72,0.73,0.01,0.01,75015.78,1776414097000
1776414098.995,98.995,0.28,0.29,0.71,0.73,0.01,0.02,75015.78,1776414097000
1776414099.341,99.341,0.28,0.29,0.71,0.72,0.01,0.01,75015.75,1776414098000
1776414099.796,99.796,0.28,0.29,0.71,0.72,0.01,0.01,75015.75,1776414098000
1776414100.169,100.169,0.28,0.29,0.71,0.72,0.01,0.01,75015.75,1776414099000
1776414101.535,101.535,0.28,0.29,0.71,0.72,0.01,0.01,75015.75,1776414099000
1776414102.35,102.35,0.28,0.29,0.71,0.72,0.01,0.01,75015.62,1776414101000
1776414102.786,102.786,0.28,0.29,0.71,0.72,0.01,0.01,75015.62,1776414101000
1776414103.385,103.385,0.28,0.29,0.71,0.72,0.01,0.01,75015.62,1776414101000
1776414103.805,103.805,0.27,0.28,0.72,0.73,0.01,0.01,75015.75,1776414102000
1776414104.316,104.316,0.27,0.28,0.72,0.73,0.01,0.01,75015.75,1776414103000
1776414105.265,105.265,0.27,0.28,0.72,0.73,0.01,0.01,75015.75,1776414103000
1776414105.664,105.664,0.27,0.28,0.72,0.73,0.01,0.01,75015.21,1776414104000
1776414106.01,106.01,0.26,0.27,0.73,0.74,0.01,0.01,75015.21,1776414105000
1776414106.363,106.363,0.26,0.27,0.72,0.74,0.01,0.02,75015.21,1776414105000
1776414106.698,106.698,0.25,0.26,0.74,0.75,0.01,0.01,75015.21,1776414105000
1776414107.035,107.035,0.21,0.22,0.78,0.79,0.01,0.01,75013.93,1776414106000
1776414107.454,107.454,0.2,0.21,0.79,0.8,0.01,0.01,75013.93,1776414106000
1776414108.217,108.217,0.2,0.21,0.79,0.8,0.01,0.01,75011.36,1776414107000
1776414108.85,108.85,0.2,0.21,0.79,0.8,0.01,0.01,75011.36,1776414107000
1776414109.366,109.366,0.2,0.21,0.79,0.8,0.01,0.01,75003.89,1776414108000
1776414109.793,109.793,0.21,0.22,0.78,0.8,0.01,0.02,75003.89,1776414108000
1776414110.209,110.209,0.21,0.22,0.78,0.79,0.01,0.01,75004.0,1776414109000
1776414110.555,110.555,0.21,0.22,0.78,0.79,0.01,0.01,75004.0,1776414109000
1776414111.021,111.021,0.21,0.22,0.78,0.79,0.01,0.01,75003.35,1776414110000
1776414111.44,111.44,0.21,0.22,0.78,0.79,0.01,0.01,75003.35,1776414110000
1776414111.78,111.78,0.21,0.22,0.78,0.79,0.01,0.01,75003.35,1776414110000
1776414112.194,112.194,0.21,0.22,0.78,0.79,0.01,0.01,75003.35,1776414110000
1776414112.543,112.543,0.2,0.22,0.78,0.8,0.02,0.02,75003.56,1776414111000
1776414113.05,113.05,0.2,0.21,0.79,0.8,0.01,0.01,75003.56,1776414111000
1776414113.442,113.442,0.2,0.21,0.79,0.8,0.01,0.01,75003.56,1776414111000
1776414113.829,113.829,0.2,0.21,0.79,0.8,0.01,0.01,75004.17,1776414112000
1776414114.549,114.549,0.2,0.21,0.79,0.8,0.01,0.01,75003.95,1776414113000
1776414115.123,115.123,0.2,0.21,0.79,0.8,0.01,0.01,75003.95,1776414113000
1776414115.681,115.681,0.2,0.21,0.79,0.8,0.01,0.01,75003.95,1776414114000
1776414116.068,116.068,0.22,0.23,0.77,0.78,0.01,0.01,75003.95,1776414114000
1776414116.618,116.618,0.22,0.23,0.77,0.78,0.01,0.01,75003.95,1776414114000
1776414116.953,116.953,0.22,0.23,0.77,0.78,0.01,0.01,75003.99,1776414116000
1776414117.308,117.308,0.22,0.23,0.77,0.78,0.01,0.01,75003.99,1776414116000
1776414117.648,117.648,0.22,0.23,0.77,0.78,0.01,0.01,75003.99,1776414116000
1776414118.098,118.098,0.22,0.23,0.77,0.78,0.01,0.01,75003.9,1776414117000
1776414119.039,119.039,0.22,0.23,0.77,0.78,0.01,0.01,75003.9,1776414117000
1776414119.423,119.423,0.22,0.23,0.77,0.78,0.01,0.01,75003.91,1776414118000
1776414119.904,119.904,0.22,0.23,0.77,0.78,0.01,0.01,75003.91,1776414118000
1776414120.411,120.411,0.22,0.23,0.77,0.78,0.01,0.01,75004.07,1776414119000
1776414120.776,120.776,0.22,0.23,0.77,0.78,0.01,0.01,75004.07,1776414119000
1776414121.344,121.344,0.22,0.23,0.77,0.78,0.01,0.01,75004.65,1776414120000
1776414121.981,121.981,0.21,0.22,0.77,0.78,0.01,0.01,75004.65,1776414120000
1776414122.529,122.529,0.21,0.22,0.78,0.79,0.01,0.01,75004.58,1776414121000
1776414123.101,123.101,0.21,0.22,0.78,0.79,0.01,0.01,75004.28,1776414122000
1776414123.473,123.473,0.21,0.22,0.78,0.79,0.01,0.01,75004.28,1776414122000
1776414123.87,123.87,0.21,0.24,0.76,0.8,0.03,0.04,75004.28,1776414122000
1776414124.232,124.232,0.22,0.23,0.77,0.78,0.01,0.01,75004.28,1776414123000
1776414124.601,124.601,0.22,0.23,0.77,0.78,0.01,0.01,75004.28,1776414123000
1776414124.951,124.951,0.23,0.24,0.76,0.77,0.01,0.01,75004.28,1776414123000
1776414125.294,125.294,0.23,0.24,0.76,0.77,0.01,0.01,75004.3,1776414124000
1776414125.656,125.656,0.23,0.24,0.76,0.77,0.01,0.01,75004.3,1776414124000
1776414126.209,126.209,0.23,0.24,0.76,0.77,0.01,0.01,75002.7,1776414125000
1776414126.672,126.672,0.23,0.24,0.76,0.77,0.01,0.01,75002.7,1776414125000
1776414127.023,127.023,0.23,0.24,0.76,0.77,0.01,0.01,75002.7,1776414125000
1776414127.373,127.373,0.23,0.24,0.76,0.77,0.01,0.01,75004.72,1776414126000
1776414127.934,127.934,0.23,0.24,0.76,0.77,0.01,0.01,75004.72,1776414126000
1776414128.447,128.447,0.23,0.24,0.76,0.77,0.01,0.01,75005.62,1776414127000
1776414129.127,129.127,0.23,0.24,0.76,0.77,0.01,0.01,75005.61,1776414128000
1776414129.722,129.722,0.23,0.24,0.76,0.77,0.01,0.01,75005.61,1776414128000
1776414130.13,130.13,0.23,0.25,0.76,0.77,0.02,0.01,75005.62,1776414129000
1776414130.509,130.509,0.24,0.25,0.75,0.76,0.01,0.01,75005.62,1776414129000
1776414130.886,130.886,0.27,0.28,0.72,0.73,0.01,0.01,75005.62,1776414129000
1776414131.351,131.351,0.27,0.28,0.72,0.73,0.01,0.01,75007.79,1776414130000
1776414131.851,131.851,0.27,0.28,0.72,0.73,0.01,0.01,75007.79,1776414130000
1776414132.298,132.298,0.28,0.29,0.71,0.72,0.01,0.01,75009.13,1776414131000
1776414132.816,132.816,0.28,0.29,0.71,0.72,0.01,0.01,75009.13,1776414131000
1776414133.203,133.203,0.28,0.32,0.68,0.72,0.04,0.04,75014.97,1776414132000
1776414133.562,133.562,0.31,0.32,0.68,0.69,0.01,0.01,75014.97,1776414132000
1776414133.935,133.935,0.32,0.33,0.67,0.69,0.01,0.02,75014.97,1776414132000
1776414134.279,134.279,0.32,0.33,0.67,0.68,0.01,0.01,75016.25,1776414133000
1776414135.431,135.431,0.32,0.33,0.67,0.68,0.01,0.01,75016.38,1776414134000
1776414135.826,135.826,0.32,0.33,0.67,0.68,0.01,0.01,75016.38,1776414134000
1776414136.474,136.474,0.32,0.33,0.67,0.68,0.01,0.01,75017.27,1776414135000
1776414136.824,136.824,0.32,0.33,0.67,0.68,0.01,0.01,75017.27,1776414135000
1776414137.716,137.716,0.31,0.32,0.67,0.69,0.01,0.02,75017.8,1776414136000
1776414138.06,138.06,0.31,0.32,0.68,0.69,0.01,0.01,75017.8,1776414136000
1776414138.766,138.766,0.31,0.32,0.68,0.69,0.01,0.01,75017.8,1776414137000
1776414139.131,139.131,0.32,0.33,0.67,0.68,0.01,0.01,75018.92,1776414138000
1776414139.596,139.596,0.32,0.33,0.67,0.68,0.01,0.01,75018.92,1776414138000
1776414140.171,140.171,0.3,0.33,0.67,0.7,0.03,0.03,75018.92,1776414139000
1776414140.63,140.63,0.31,0.32,0.68,0.69,0.01,0.01,75018.92,1776414139000
1776414141.346,141.346,0.31,0.32,0.68,0.69,0.01,0.01,75018.94,1776414140000
1776414141.682,141.682,0.31,0.32,0.68,0.69,0.01,0.01,75018.94,1776414140000
1776414142.298,142.298,0.31,0.32,0.68,0.69,0.01,0.01,75018.94,1776414141000
1776414143.427,143.427,0.31,0.32,0.68,0.69,0.01,0.01,75018.94,1776414141000
1776414143.866,143.866,0.31,0.32,0.68,0.69,0.01,0.01,75018.83,1776414142000
1776414144.237,144.237,0.31,0.33,0.67,0.69,0.02,0.02,75018.83,1776414142000
1776414144.604,144.604,0.32,0.33,0.67,0.68,0.01,0.01,75018.84,1776414143000
1776414144.966,144.966,0.32,0.33,0.67,0.68,0.01,0.01,75018.84,1776414143000
1776414145.391,145.391,0.32,0.33,0.67,0.68,0.01,0.01,75019.93,1776414144000
1776414145.857,145.857,0.32,0.33,0.67,0.68,0.01,0.01,75019.93,1776414144000
1776414146.531,146.531,0.32,0.33,0.67,0.68,0.01,0.01,75020.69,1776414145000
1776414147.07,147.07,0.32,0.33,0.67,0.68,0.01,0.01,75020.69,1776414145000
1776414147.584,147.584,0.32,0.33,0.67,0.68,0.01,0.01,75020.9,1776414146000
1776414148.342,148.342,0.31,0.33,0.67,0.69,0.02,0.02,75021.09,1776414147000
1776414148.879,148.879,0.31,0.32,0.68,0.69,0.01,0.01,75021.09,1776414148000
1776414149.217,149.217,0.31,0.32,0.68,0.69,0.01,0.01,75021.09,1776414148000
1776414149.561,149.561,0.31,0.32,0.68,0.69,0.01,0.01,75021.09,1776414148000
1776414150.069,150.069,0.31,0.32,0.68,0.69,0.01,0.01,75021.09,1776414148000
1776414150.566,150.566,0.31,0.32,0.68,0.69,0.01,0.01,75020.06,1776414149000
1776414150.934,150.934,0.3,0.31,0.69,0.7,0.01,0.01,75020.06,1776414149000
1776414151.371,151.371,0.3,0.31,0.69,0.7,0.01,0.01,75020.06,1776414149000
1776414152.151,152.151,0.3,0.31,0.69,0.7,0.01,0.01,75020.19,1776414150000
1776414152.554,152.554,0.3,0.31,0.69,0.7,0.01,0.01,75020.07,1776414151000
1776414153.105,153.105,0.3,0.31,0.69,0.7,0.01,0.01,75020.07,1776414152000
1776414153.964,153.964,0.3,0.31,0.69,0.7,0.01,0.01,75020.07,1776414152000
1776414154.336,154.336,0.3,0.31,0.69,0.7,0.01,0.01,75020.07,1776414152000
1776414154.788,154.788,0.3,0.31,0.69,0.7,0.01,0.01,75020.06,1776414153000
1776414155.144,155.144,0.3,0.31,0.69,0.7,0.01,0.01,75020.06,1776414154000
1776414156.383,156.383,0.3,0.31,0.69,0.7,0.01,0.01,75020.06,1776414154000
1776414156.773,156.773,0.3,0.31,0.69,0.7,0.01,0.01,75020.52,1776414155000
1776414157.185,157.185,0.3,0.31,0.69,0.7,0.01,0.01,75020.52,1776414155000
1776414157.557,157.557,0.3,0.31,0.69,0.7,0.01,0.01,75020.52,1776414156000
1776414158.26,158.26,0.3,0.31,0.69,0.7,0.01,0.01,75020.52,1776414156000
1776414158.817,158.817,0.3,0.31,0.69,0.7,0.01,0.01,75020.69,1776414157000
1776414159.167,159.167,0.3,0.31,0.69,0.7,0.01,0.01,75020.69,1776414157000
1776414159.548,159.548,0.3,0.31,0.69,0.7,0.01,0.01,75020.92,1776414158000
1776414159.914,159.914,0.3,0.31,0.69,0.7,0.01,0.01,75020.92,1776414158000
1776414160.312,160.312,0.3,0.32,0.68,0.7,0.02,0.02,75021.06,1776414159000
1776414160.769,160.769,0.31,0.32,0.68,0.69,0.01,0.01,75021.06,1776414159000
1776414161.114,161.114,0.37,0.38,0.62,0.63,0.01,0.01,75021.06,1776414159000
1776414161.59,161.59,0.37,0.38,0.61,0.63,0.01,0.02,75021.53,1776414160000
1776414161.932,161.932,0.4,0.45,0.55,0.6,0.05,0.05,75021.53,1776414160000
1776414162.302,162.302,0.43,0.46,0.56,0.57,0.03,0.01,75021.53,1776414160000
1776414162.696,162.696,0.43,0.44,0.56,0.57,0.01,0.01,75022.16,1776414161000
1776414163.042,163.042,0.45,0.46,0.54,0.55,0.01,0.01,75022.16,1776414161000
1776414163.399,163.399,0.45,0.47,0.54,0.55,0.02,0.01,75030.23,1776414162000
1776414163.786,163.786,0.45,0.47,0.53,0.55,0.02,0.02,75030.23,1776414162000
1776414164.165,164.165,0.45,0.47,0.53,0.55,0.02,0.02,75034.87,1776414163000
1776414164.517,164.517,0.45,0.46,0.54,0.55,0.01,0.01,75034.87,1776414163000
1776414164.921,164.921,0.45,0.46,0.54,0.55,0.01,0.01,75034.87,1776414163000
1776414165.42,165.42,0.45,0.46,0.54,0.55,0.01,0.01,75036.36,1776414164000
1776414165.868,165.868,0.45,0.46,0.54,0.55,0.01,0.01,75036.36,1776414164000
1776414166.203,166.203,0.45,0.46,0.54,0.55,0.01,0.01,75036.36,1776414164000
1776414166.642,166.642,0.45,0.46,0.54,0.55,0.01,0.01,75035.95,1776414165000
1776414167.227,167.227,0.45,0.46,0.54,0.55,0.01,0.01,75035.05,1776414166000
1776414167.637,167.637,0.45,0.46,0.54,0.55,0.01,0.01,75035.05,1776414166000
1776414168.324,168.324,0.45,0.46,0.54,0.55,0.01,0.01,75035.28,1776414167000
1776414169.457,169.457,0.45,0.46,0.54,0.55,0.01,0.01,75035.28,1776414167000
1776414169.796,169.796,0.38,0.39,0.6,0.62,0.01,0.02,75035.28,1776414168000
1776414170.148,170.148,0.35,0.36,0.64,0.65,0.01,0.01,75035.28,1776414169000
1776414170.49,170.49,0.35,0.36,0.64,0.65,0.01,0.01,75035.28,1776414169000
1776414170.848,170.848,0.35,0.36,0.64,0.65,0.01,0.01,75035.28,1776414169000
1776414171.263,171.263,0.35,0.36,0.64,0.65,0.01,0.01,75033.52,1776414170000
1776414171.747,171.747,0.35,0.36,0.64,0.65,0.01,0.01,75033.52,1776414170000
1776414172.385,172.385,0.35,0.36,0.64,0.65,0.01,0.01,75029.16,1776414171000
1776414173.005,173.005,0.35,0.36,0.64,0.65,0.01,0.01,75029.16,1776414171000
1776414173.444,173.444,0.35,0.36,0.64,0.65,0.01,0.01,75029.46,1776414172000
1776414173.93,173.93,0.35,0.36,0.64,0.65,0.01,0.01,75029.46,1776414172000
1776414174.269,174.269,0.35,0.36,0.64,0.65,0.01,0.01,75028.64,1776414173000
1776414174.658,174.658,0.35,0.36,0.64,0.65,0.01,0.01,75028.64,1776414173000
1776414175.162,175.162,0.32,0.33,0.67,0.68,0.01,0.01,75028.64,1776414173000
1776414175.562,175.562,0.32,0.33,0.67,0.68,0.01,0.01,75028.4,1776414174000
1776414175.972,175.972,0.32,0.33,0.67,0.68,0.01,0.01,75028.4,1776414174000
1776414176.33,176.33,0.32,0.33,0.67,0.68,0.01,0.01,75028.4,1776414174000
1776414176.664,176.664,0.32,0.33,0.67,0.68,0.01,0.01,75027.72,1776414175000
1776414177.085,177.085,0.32,0.33,0.67,0.68,0.01,0.01,75027.72,1776414175000
1776414177.427,177.427,0.32,0.33,0.67,0.68,0.01,0.01,75027.72,1776414175000
1776414177.967,177.967,0.39,0.41,0.59,0.6,0.02,0.01,75027.95,1776414176000
1776414178.682,178.682,0.4,0.41,0.59,0.61,0.01,0.02,75027.94,1776414177000
1776414179.099,179.099,0.4,0.41,0.59,0.6,0.01,0.01,75027.94,1776414177000
1776414179.509,179.509,0.4,0.41,0.59,0.6,0.01,0.01,75028.04,1776414178000
1776414180.471,180.471,0.4,0.41,0.59,0.6,0.01,0.01,75031.06,1776414179000
1776414180.932,180.932,0.4,0.41,0.59,0.6,0.01,0.01,75031.06,1776414179000
1776414181.292,181.292,0.4,0.41,0.59,0.6,0.01,0.01,75030.99,1776414180000
1776414181.661,181.661,0.4,0.41,0.59,0.6,0.01,0.01,75030.99,1776414180000
1776414182.107,182.107,0.4,0.41,0.59,0.6,0.01,0.01,75030.63,1776414181000
1776414182.449,182.449,0.4,0.41,0.59,0.6,0.01,0.01,75030.63,1776414181000
1776414182.814,182.814,0.4,0.41,0.59,0.6,0.01,0.01,75030.63,1776414181000
1776414183.339,183.339,0.4,0.41,0.59,0.6,0.01,0.01,75030.44,1776414182000
1776414183.682,183.682,0.4,0.41,0.59,0.6,0.01,0.01,75030.44,1776414182000
1776414184.02,184.02,0.37,0.41,0.59,0.63,0.04,0.04,75030.44,1776414182000
1776414184.353,184.353,0.31,0.34,0.66,0.69,0.03,0.03,75029.16,1776414183000
1776414184.765,184.765,0.3,0.31,0.69,0.7,0.01,0.01,75029.16,1776414183000
1776414185.114,185.114,0.3,0.31,0.69,0.7,0.01,0.01,75025.75,1776414184000
1776414185.475,185.475,0.3,0.31,0.69,0.7,0.01,0.01,75025.75,1776414184000
1776414186.268,186.268,0.3,0.31,0.69,0.7,0.01,0.01,75021.06,1776414185000
1776414187.011,187.011,0.3,0.31,0.69,0.7,0.01,0.01,75021.06,1776414185000
1776414187.408,187.408,0.3,0.31,0.69,0.7,0.01,0.01,75020.98,1776414186000
1776414188.343,188.343,0.3,0.31,0.69,0.7,0.01,0.01,75020.98,1776414186000
1776414189.014,189.014,0.3,0.31,0.69,0.7,0.01,0.01,75020.94,1776414187000
1776414190.186,190.186,0.3,0.31,0.69,0.71,0.01,0.02,75020.26,1776414188000
1776414191.05,191.05,0.27,0.29,0.7,0.73,0.02,0.03,75020.21,1776414189000
1776414191.616,191.616,0.26,0.29,0.71,0.74,0.03,0.03,75020.21,1776414190000
1776414192.216,192.216,0.27,0.28,0.72,0.73,0.01,0.01,75019.68,1776414191000
1776414192.615,192.615,0.25,0.26,0.74,0.75,0.01,0.01,75019.68,1776414191000
1776414193.213,193.213,0.25,0.26,0.74,0.75,0.01,0.01,75019.68,1776414191000
1776414193.76,193.76,0.25,0.26,0.74,0.75,0.01,0.01,75019.04,1776414192000
1776414194.521,194.521,0.25,0.26,0.74,0.75,0.01,0.01,75018.88,1776414193000
1776414195.53,195.53,0.25,0.26,0.74,0.75,0.01,0.01,75018.88,1776414193000
1776414196.021,196.021,0.25,0.26,0.74,0.76,0.01,0.02,75018.32,1776414194000
1776414196.408,196.408,0.25,0.26,0.74,0.75,0.01,0.01,75018.31,1776414195000
1776414197.474,197.474,0.24,0.26,0.74,0.76,0.02,0.02,75018.25,1776414196000
1776414198.004,198.004,0.24,0.26,0.74,0.76,0.02,0.02,75018.24,1776414197000
1776414198.342,198.342,0.24,0.25,0.74,0.75,0.01,0.01,75018.24,1776414197000
1776414199.283,199.283,0.24,0.25,0.75,0.76,0.01,0.01,75018.29,1776414198000
1776414200.283,200.283,0.24,0.25,0.75,0.76,0.01,0.01,75018.29,1776414198000
1776414200.676,200.676,0.24,0.25,0.75,0.76,0.01,0.01,75018.29,1776414199000
1776414201.01,201.01,0.24,0.25,0.75,0.76,0.01,0.01,75018.29,1776414199000
1776414201.367,201.367,0.24,0.25,0.75,0.76,0.01,0.01,75017.95,1776414200000
1776414202.009,202.009,0.21,0.23,0.75,0.79,0.02,0.04,75017.95,1776414200000
1776414202.472,202.472,0.22,0.23,0.77,0.79,0.01,0.02,75017.48,1776414201000
1776414202.912,202.912,0.19,0.22,0.78,0.8,0.03,0.02,75017.48,1776414201000
1776414203.682,203.682,0.2,0.21,0.79,0.8,0.01,0.01,75014.79,1776414202000
1776414204.036,204.036,0.2,0.21,0.79,0.8,0.01,0.01,75014.79,1776414202000
1776414204.488,204.488,0.2,0.21,0.79,0.8,0.01,0.01,75014.85,1776414203000
1776414204.867,204.867,0.2,0.21,0.79,0.8,0.01,0.01,75014.85,1776414203000
1776414205.416,205.416,0.2,0.21,0.79,0.8,0.01,0.01,75015.33,1776414204000
1776414205.76,205.76,0.19,0.21,0.79,0.81,0.02,0.02,75015.33,1776414204000
1776414206.29,206.29,0.19,0.2,0.79,0.81,0.01,0.02,75015.34,1776414205000
1776414206.632,206.632,0.19,0.2,0.8,0.81,0.01,0.01,75015.34,1776414205000
1776414207.109,207.109,0.19,0.2,0.8,0.81,0.01,0.01,75015.34,1776414205000
1776414207.855,207.855,0.19,0.2,0.8,0.81,0.01,0.01,75015.34,1776414205000
1776414208.304,208.304,0.18,0.2,0.8,0.81,0.02,0.01,75015.17,1776414206000
1776414208.967,208.967,0.18,0.19,0.81,0.82,0.01,0.01,75014.86,1776414207000
1776414209.939,209.939,0.18,0.19,0.81,0.82,0.01,0.01,75014.8,1776414208000
1776414210.423,210.423,0.18,0.19,0.81,0.82,0.01,0.01,75014.81,1776414209000
1776414210.804,210.804,0.18,0.19,0.81,0.82,0.01,0.01,75014.81,1776414209000
1776414211.149,211.149,0.17,0.18,0.81,0.83,0.01,0.02,75014.86,1776414210000
1776414211.54,211.54,0.17,0.18,0.82,0.83,0.01,0.01,75014.86,1776414210000
1776414212.017,212.017,0.17,0.18,0.82,0.83,0.01,0.01,75014.89,1776414211000
1776414212.423,212.423,0.17,0.18,0.82,0.83,0.01,0.01,75014.89,1776414211000
1776414212.784,212.784,0.16,0.18,0.82,0.84,0.02,0.02,75014.89,1776414211000
1776414213.129,213.129,0.16,0.17,0.83,0.84,0.01,0.01,75014.88,1776414212000
1776414213.638,213.638,0.16,0.17,0.83,0.84,0.01,0.01,75014.88,1776414212000
1776414214.148,214.148,0.16,0.17,0.83,0.84,0.01,0.01,75014.6,1776414213000
1776414215.096,215.096,0.16,0.17,0.83,0.84,0.01,0.01,75014.6,1776414213000
1776414215.511,215.511,0.16,0.17,0.83,0.84,0.01,0.01,75014.79,1776414214000
1776414215.885,215.885,0.16,0.17,0.83,0.84,0.01,0.01,75014.79,1776414214000
1776414216.237,216.237,0.16,0.17,0.83,0.84,0.01,0.01,75014.84,1776414215000
1776414216.762,216.762,0.16,0.17,0.83,0.84,0.01,0.01,75014.84,1776414215000
1776414217.239,217.239,0.16,0.17,0.83,0.84,0.01,0.01,75014.99,1776414216000
1776414218.262,218.262,0.16,0.17,0.83,0.84,0.01,0.01,75015.16,1776414217000
1776414218.795,218.795,0.16,0.17,0.83,0.84,0.01,0.01,75015.16,1776414217000
1776414219.229,219.229,0.15,0.17,0.83,0.84,0.02,0.01,75015.16,1776414217000
1776414219.599,219.599,0.15,0.16,0.83,0.85,0.01,0.02,75015.23,1776414218000
1776414220.232,220.232,0.15,0.16,0.84,0.85,0.01,0.01,75015.23,1776414218000
1776414220.727,220.727,0.15,0.16,0.84,0.85,0.01,0.01,75015.13,1776414219000
1776414221.24,221.24,0.15,0.16,0.84,0.85,0.01,0.01,75015.13,1776414219000
1776414221.604,221.604,0.15,0.16,0.84,0.85,0.01,0.01,75015.07,1776414220000
1776414222.081,222.081,0.15,0.16,0.84,0.85,0.01,0.01,75014.95,1776414221000
1776414222.495,222.495,0.15,0.16,0.84,0.85,0.01,0.01,75014.95,1776414221000
1776414222.842,222.842,0.15,0.16,0.84,0.85,0.01,0.01,75014.95,1776414221000
1776414223.195,223.195,0.14,0.15,0.85,0.86,0.01,0.01,75014.95,1776414221000
1776414223.583,223.583,0.14,0.15,0.85,0.86,0.01,0.01,75015.07,1776414222000
1776414224.064,224.064,0.12,0.13,0.85,0.88,0.01,0.03,75015.07,1776414222000
1776414224.497,224.497,0.12,0.13,0.87,0.88,0.01,0.01,75015.07,1776414222000
1776414224.939,224.939,0.1,0.11,0.87,0.9,0.01,0.03,75014.83,1776414223000
1776414225.276,225.276,0.1,0.11,0.89,0.9,0.01,0.01,75014.97,1776414224000
1776414225.625,225.625,0.11,0.12,0.88,0.9,0.01,0.02,75014.97,1776414224000
1776414226.097,226.097,0.11,0.12,0.88,0.89,0.01,0.01,75014.97,1776414224000
1776414226.589,226.589,0.1,0.11,0.89,0.9,0.01,0.01,75013.43,1776414225000
1776414227.001,227.001,0.1,0.11,0.89,0.9,0.01,0.01,75013.43,1776414225000
1776414227.336,227.336,0.09,0.11,0.89,0.9,0.02,0.01,75012.66,1776414226000
1776414227.679,227.679,0.09,0.1,0.89,0.9,0.01,0.01,75012.66,1776414226000
1776414228.232,228.232,0.09,0.1,0.9,0.91,0.01,0.01,75012.66,1776414226000
1776414228.683,228.683,0.09,0.1,0.9,0.91,0.01,0.01,75012.76,1776414227000
1776414229.15,229.15,0.09,0.1,0.9,0.91,0.01,0.01,75012.76,1776414228000
1776414229.526,229.526,0.09,0.1,0.9,0.91,0.01,0.01,75012.76,1776414228000
1776414230.05,230.05,0.09,0.1,0.9,0.91,0.01,0.01,75012.76,1776414228000
1776414230.419,230.419,0.09,0.1,0.9,0.91,0.01,0.01,75012.68,1776414229000
1776414230.757,230.757,0.09,0.1,0.9,0.91,0.01,0.01,75012.68,1776414229000
1776414231.245,231.245,0.08,0.09,0.91,0.92,0.01,0.01,75012.68,1776414229000
1776414231.761,231.761,0.08,0.09,0.91,0.92,0.01,0.01,75012.66,1776414230000
1776414232.112,232.112,0.08,0.09,0.91,0.92,0.01,0.01,75012.66,1776414230000
1776414232.474,232.474,0.08,0.09,0.91,0.92,0.01,0.01,75012.62,1776414231000
1776414232.819,232.819,0.09,0.1,0.9,0.91,0.01,0.01,75012.62,1776414231000
1776414233.52,233.52,0.09,0.1,0.9,0.91,0.01,0.01,75012.62,1776414232000
1776414234.015,234.015,0.09,0.1,0.9,0.91,0.01,0.01,75012.62,1776414233000
1776414234.662,234.662,0.09,0.1,0.9,0.91,0.01,0.01,75012.62,1776414233000
1776414235.181,235.181,0.09,0.1,0.9,0.91,0.01,0.01,75012.62,1776414233000
1776414235.917,235.917,0.08,0.09,0.91,0.92,0.01,0.01,75013.32,1776414234000
1776414236.253,236.253,0.19,0.22,0.8,0.83,0.03,0.03,75013.32,1776414234000
1776414236.594,236.594,0.19,0.21,0.8,0.81,0.02,0.01,75013.9,1776414235000
1776414236.977,236.977,0.21,0.22,0.78,0.79,0.01,0.01,75013.9,1776414235000
1776414237.548,237.548,0.2,0.21,0.79,0.8,0.01,0.01,75013.9,1776414236000
1776414238.037,238.037,0.29,0.3,0.71,0.72,0.01,0.01,75013.9,1776414236000
1776414238.377,238.377,0.29,0.3,0.7,0.71,0.01,0.01,75021.31,1776414237000
1776414238.755,238.755,0.29,0.3,0.7,0.71,0.01,0.01,75021.31,1776414237000
1776414239.67,239.67,0.29,0.3,0.7,0.71,0.01,0.01,75021.31,1776414237000
1776414240.169,240.169,0.29,0.3,0.7,0.71,0.01,0.01,75029.14,1776414238000
1776414240.511,240.511,0.29,0.3,0.7,0.71,0.01,0.01,75029.14,1776414238000
1776414240.858,240.858,0.29,0.3,0.7,0.71,0.01,0.01,75029.99,1776414239000
1776414241.209,241.209,0.29,0.3,0.7,0.71,0.01,0.01,75029.99,1776414239000
1776414241.608,241.608,0.29,0.3,0.7,0.71,0.01,0.01,75030.47,1776414240000
1776414241.996,241.996,0.29,0.3,0.7,0.71,0.01,0.01,75030.47,1776414240000
1776414242.419,242.419,0.29,0.3,0.7,0.71,0.01,0.01,75030.47,1776414240000
1776414242.879,242.879,0.29,0.32,0.7,0.71,0.03,0.01,75030.47,1776414240000
1776414243.439,243.439,0.31,0.32,0.68,0.71,0.01,0.03,75030.54,1776414241000
1776414244.092,244.092,0.31,0.32,0.68,0.69,0.01,0.01,75032.36,1776414242000
1776414244.911,244.911,0.31,0.32,0.68,0.69,0.01,0.01,75032.59,1776414243000
1776414245.38,245.38,0.31,0.32,0.68,0.69,0.01,0.01,75032.59,1776414243000
1776414246.039,246.039,0.31,0.32,0.68,0.69,0.01,0.01,75032.94,1776414244000
1776414246.383,246.383,0.31,0.32,0.68,0.69,0.01,0.01,75032.96,1776414245000
1776414246.764,246.764,0.31,0.32,0.68,0.69,0.01,0.01,75032.96,1776414245000
1776414247.293,247.293,0.31,0.32,0.68,0.69,0.01,0.01,75032.96,1776414245000
1776414247.69,247.69,0.31,0.32,0.68,0.69,0.01,0.01,75033.03,1776414246000
1776414248.222,248.222,0.31,0.32,0.68,0.69,0.01,0.01,75033.03,1776414246000
1776414248.698,248.698,0.31,0.32,0.68,0.69,0.01,0.01,75033.03,1776414247000
1776414249.185,249.185,0.31,0.32,0.68,0.69,0.01,0.01,75033.04,1776414248000
1776414249.729,249.729,0.31,0.32,0.68,0.69,0.01,0.01,75033.04,1776414248000
1776414250.132,250.132,0.3,0.31,0.69,0.7,0.01,0.01,75033.04,1776414248000
1776414250.509,250.509,0.31,0.32,0.68,0.7,0.01,0.02,75033.04,1776414248000
1776414251.006,251.006,0.31,0.32,0.68,0.69,0.01,0.01,75032.96,1776414249000
1776414251.388,251.388,0.3,0.31,0.69,0.7,0.01,0.01,75032.96,1776414250000
1776414251.832,251.832,0.3,0.31,0.69,0.7,0.01,0.01,75032.96,1776414250000
1776414252.244,252.244,0.3,0.31,0.69,0.7,0.01,0.01,75032.91,1776414251000
1776414252.697,252.697,0.3,0.31,0.69,0.7,0.01,0.01,75032.91,1776414251000
1776414253.047,253.047,0.3,0.31,0.69,0.7,0.01,0.01,75032.91,1776414251000
1776414253.546,253.546,0.3,0.31,0.69,0.7,0.01,0.01,75032.91,1776414252000
1776414254.2,254.2,0.3,0.31,0.69,0.7,0.01,0.01,75032.91,1776414252000
1776414254.61,254.61,0.3,0.31,0.69,0.7,0.01,0.01,75032.96,1776414253000
1776414255.174,255.174,0.3,0.31,0.69,0.7,0.01,0.01,75032.96,1776414253000
1776414255.539,255.539,0.3,0.31,0.69,0.7,0.01,0.01,75032.96,1776414254000
1776414255.962,255.962,0.3,0.31,0.69,0.7,0.01,0.01,75032.96,1776414254000
1776414256.323,256.323,0.3,0.31,0.69,0.7,0.01,0.01,75032.96,1776414254000
1776414256.705,256.705,0.3,0.31,0.69,0.7,0.01,0.01,75033.71,1776414255000
1776414257.129,257.129,0.3,0.31,0.69,0.7,0.01,0.01,75033.71,1776414256000
1776414257.536,257.536,0.3,0.31,0.69,0.7,0.01,0.01,75033.71,1776414256000
1776414257.876,257.876,0.3,0.31,0.69,0.7,0.01,0.01,75033.71,1776414256000
1776414258.327,258.327,0.3,0.31,0.69,0.7,0.01,0.01,75033.7,1776414257000
1776414258.712,258.712,0.3,0.31,0.69,0.7,0.01,0.01,75033.7,1776414257000
1776414259.193,259.193,0.28,0.31,0.69,0.7,0.03,0.01,75033.7,1776414257000
1776414259.71,259.71,0.29,0.3,0.7,0.71,0.01,0.01,75033.7,1776414258000
1776414260.297,260.297,0.29,0.3,0.7,0.71,0.01,0.01,75033.7,1776414258000
1776414260.713,260.713,0.25,0.26,0.7,0.78,0.01,0.08,75033.46,1776414259000
1776414261.138,261.138,0.25,0.26,0.74,0.75,0.01,0.01,75033.46,1776414259000
1776414261.472,261.472,0.26,0.27,0.73,0.75,0.01,0.02,75033.46,1776414260000
1776414261.823,261.823,0.37,0.38,0.66,0.74,0.01,0.08,75033.46,1776414260000
1776414262.163,262.163,0.43,0.44,0.57,0.61,0.01,0.04,75033.46,1776414260000
1776414262.562,262.562,0.44,0.45,0.56,0.57,0.01,0.01,75033.47,1776414261000
1776414262.988,262.988,0.45,0.46,0.54,0.56,0.01,0.02,75033.47,1776414261000
1776414263.324,263.324,0.45,0.46,0.54,0.55,0.01,0.01,75033.47,1776414261000
1776414263.764,263.764,0.46,0.47,0.53,0.55,0.01,0.02,75037.1,1776414262000
1776414264.123,264.123,0.46,0.47,0.53,0.54,0.01,0.01,75037.1,1776414262000
1776414264.548,264.548,0.46,0.49,0.51,0.54,0.03,0.03,75038.63,1776414263000
1776414264.948,264.948,0.45,0.46,0.54,0.55,0.01,0.01,75038.63,1776414263000
1776414265.313,265.313,0.45,0.46,0.54,0.55,0.01,0.01,75040.7,1776414264000
1776414265.823,265.823,0.45,0.46,0.54,0.55,0.01,0.01,75040.7,1776414264000
1776414266.211,266.211,0.45,0.46,0.54,0.55,0.01,0.01,75040.7,1776414264000
1776414266.553,266.553,0.48,0.49,0.51,0.52,0.01,0.01,75040.84,1776414265000
1776414267.045,267.045,0.48,0.49,0.51,0.52,0.01,0.01,75040.84,1776414265000
1776414267.401,267.401,0.48,0.49,0.51,0.52,0.01,0.01,75041.0,1776414266000
1776414267.773,267.773,0.54,0.61,0.43,0.46,0.07,0.03,75041.0,1776414266000
1776414268.11,268.11,0.71,0.72,0.28,0.29,0.01,0.01,75041.0,1776414266000
1776414268.445,268.445,0.75,0.76,0.24,0.25,0.01,0.01,75041.0,1776414266000
1776414268.784,268.784,0.77,0.78,0.22,0.23,0.01,0.01,75040.99,1776414267000
1776414269.147,269.147,0.77,0.78,0.22,0.23,0.01,0.01,75046.57,1776414268000
1776414269.492,269.492,0.77,0.78,0.22,0.24,0.01,0.02,75046.57,1776414268000
1776414269.883,269.883,0.79,0.83,0.2,0.22,0.04,0.02,75046.57,1776414268000
1776414270.216,270.216,0.84,0.85,0.15,0.16,0.01,0.01,75046.57,1776414268000
1776414270.567,270.567,0.84,0.85,0.15,0.16,0.01,0.01,75051.82,1776414269000
1776414270.916,270.916,0.83,0.84,0.15,0.16,0.01,0.01,75051.82,1776414269000
1776414271.266,271.266,0.83,0.84,0.16,0.17,0.01,0.01,75051.82,1776414269000
1776414271.644,271.644,0.83,0.85,0.16,0.17,0.02,0.01,75054.18,1776414270000
1776414272.085,272.085,0.85,0.86,0.14,0.15,0.01,0.01,75057.34,1776414271000
1776414272.419,272.419,0.85,0.87,0.14,0.15,0.02,0.01,75057.34,1776414271000
1776414272.817,272.817,0.87,0.88,0.12,0.14,0.01,0.02,75057.34,1776414271000
1776414273.169,273.169,0.87,0.89,0.12,0.13,0.02,0.01,75057.34,1776414271000
1776414273.507,273.507,0.87,0.88,0.12,0.13,0.01,0.01,75059.68,1776414272000
1776414273.864,273.864,0.86,0.87,0.13,0.14,0.01,0.01,75059.68,1776414272000
1776414274.271,274.271,0.86,0.87,0.13,0.14,0.01,0.01,75059.68,1776414272000
1776414274.617,274.617,0.84,0.87,0.13,0.14,0.03,0.01,75060.62,1776414273000
1776414275.051,275.051,0.85,0.87,0.14,0.15,0.02,0.01,75060.62,1776414273000
1776414275.495,275.495,0.86,0.87,0.13,0.14,0.01,0.01,75060.63,1776414274000
1776414275.879,275.879,0.84,0.85,0.15,0.16,0.01,0.01,75060.63,1776414274000
1776414276.253,276.253,0.86,0.87,0.13,0.14,0.01,0.01,75060.63,1776414274000
1776414276.592,276.592,0.86,0.87,0.13,0.14,0.01,0.01,75060.63,1776414274000
1776414276.99,276.99,0.88,0.89,0.11,0.12,0.01,0.01,75060.61,1776414275000
1776414277.344,277.344,0.88,0.89,0.11,0.12,0.01,0.01,75060.63,1776414276000
1776414277.81,277.81,0.87,0.88,0.12,0.13,0.01,0.01,75060.63,1776414276000
1776414278.185,278.185,0.87,0.88,0.12,0.13,0.01,0.01,75060.63,1776414276000
1776414278.557,278.557,0.87,0.88,0.11,0.13,0.01,0.02,75060.58,1776414277000
1776414278.897,278.897,0.87,0.88,0.12,0.13,0.01,0.01,75060.58,1776414277000
1776414279.231,279.231,0.88,0.9,0.11,0.12,0.02,0.01,75060.67,1776414278000
1776414279.58,279.58,0.89,0.9,0.1,0.11,0.01,0.01,75060.67,1776414278000
1776414279.914,279.914,0.87,0.88,0.12,0.13,0.01,0.01,75060.67,1776414278000
1776414280.317,280.317,0.87,0.88,0.12,0.15,0.01,0.03,75060.67,1776414278000
1776414280.669,280.669,0.87,0.88,0.12,0.13,0.01,0.01,75060.64,1776414279000
1776414281.003,281.003,0.9,0.91,0.09,0.11,0.01,0.02,75060.64,1776414279000
1776414281.338,281.338,0.93,0.94,0.06,0.07,0.01,0.01,75060.64,1776414280000
1776414281.687,281.687,0.93,0.94,0.06,0.09,0.01,0.03,75060.64,1776414280000
1776414282.027,282.027,0.94,0.95,0.05,0.06,0.01,0.01,75060.64,1776414280000
1776414282.378,282.378,0.94,0.95,0.05,0.06,0.01,0.01,75062.13,1776414281000
1776414282.734,282.734,0.93,0.94,0.06,0.07,0.01,0.01,75062.13,1776414281000
1776414283.069,283.069,0.93,0.95,0.05,0.07,0.02,0.02,75062.13,1776414281000
1776414283.402,283.402,0.93,0.94,0.06,0.07,0.01,0.01,75062.13,1776414281000
1776414283.743,283.743,0.94,0.95,0.05,0.06,0.01,0.01,75069.14,1776414282000
1776414284.076,284.076,0.94,0.95,0.05,0.06,0.01,0.01,75070.85,1776414283000
1776414284.443,284.443,0.94,0.96,0.04,0.06,0.02,0.02,75070.85,1776414283000
1776414284.781,284.781,0.95,0.96,0.04,0.05,0.01,0.01,75070.85,1776414283000
1776414285.149,285.149,0.95,0.96,0.04,0.05,0.01,0.01,75070.85,1776414283000
1776414285.483,285.483,0.95,0.96,0.04,0.05,0.01,0.01,75072.36,1776414284000
1776414285.817,285.817,0.96,0.97,0.03,0.04,0.01,0.01,75072.36,1776414284000
1776414286.152,286.152,0.95,0.97,0.03,0.05,0.02,0.02,75072.36,1776414284000
1776414286.488,286.488,0.96,0.97,0.03,0.05,0.01,0.02,75076.97,1776414285000
1776414286.828,286.828,0.95,0.97,0.03,0.05,0.02,0.02,75076.97,1776414285000
1776414287.167,287.167,0.95,0.96,0.03,0.05,0.01,0.02,75076.97,1776414285000
1776414287.524,287.524,0.96,0.97,0.03,0.04,0.01,0.01,75080.42,1776414286000
1776414287.885,287.885,0.96,0.97,0.03,0.04,0.01,0.01,75080.42,1776414286000
1776414288.223,288.223,0.96,0.97,0.03,0.04,0.01,0.01,75080.42,1776414286000
1776414288.572,288.572,0.96,0.97,0.03,0.04,0.01,0.01,75081.26,1776414287000
1776414288.907,288.907,0.97,0.98,0.02,0.03,0.01,0.01,75081.26,1776414287000
1776414289.254,289.254,0.97,0.98,0.02,0.03,0.01,0.01,75081.26,1776414287000
1776414289.598,289.598,0.98,0.99,0.01,0.02,0.01,0.01,75080.6,1776414288000
1776414289.934,289.934,0.98,0.99,0.01,0.02,0.01,0.01,75080.6,1776414288000
1776414290.274,290.274,0.98,0.99,0.01,0.02,0.01,0.01,75080.6,1776414288000
1776414290.61,290.61,0.98,0.99,0.01,0.02,0.01,0.01,75078.8,1776414289000
1776414290.99,290.99,0.98,0.99,0.01,0.02,0.01,0.01,75078.76,1776414290000
1776414291.371,291.371,0.98,0.99,0.01,0.02,0.01,0.01,75078.76,1776414290000
1776414291.711,291.711,0.98,0.99,0.01,0.02,0.01,0.01,75078.76,1776414290000
1776414292.071,292.071,0.98,0.99,0.01,0.02,0.01,0.01,75081.3,1776414291000
1776414292.404,292.404,0.99,0.99,0.01,0.01,0.0,0.0,75081.3,1776414291000
1776414292.742,292.742,0.99,0.99,0.01,0.01,0.0,0.0,75081.3,1776414291000
1776414293.101,293.101,0.99,0.99,0.01,0.01,0.0,0.0,75081.32,1776414292000
1776414293.44,293.44,0.99,0.99,0.01,0.01,0.0,0.0,75081.32,1776414292000
1776414293.775,293.775,0.99,0.99,0.01,0.01,0.0,0.0,75081.32,1776414292000
1776414294.116,294.116,0.99,0.99,0.01,0.01,0.0,0.0,75081.93,1776414293000
1776414294.492,294.492,0.99,0.99,0.01,0.01,0.0,0.0,75081.93,1776414293000
1776414294.83,294.83,0.99,0.99,0.01,0.01,0.0,0.0,75081.93,1776414293000
1776414295.311,295.311,0.99,0.99,0.01,0.01,0.0,0.0,75081.93,1776414294000
1776414295.781,295.781,0.99,0.99,0.01,0.01,0.0,0.0,75081.93,1776414294000
1776414296.119,296.119,0.99,0.99,0.01,0.01,0.0,0.0,75081.94,1776414295000
1776414296.484,296.484,0.99,0.99,0.01,0.01,0.0,0.0,75081.94,1776414295000
1776414296.96,296.96,0.99,0.99,0.01,0.01,0.0,0.0,75081.94,1776414295000
1776414297.4,297.4,0.99,0.99,0.01,0.01,0.0,0.0,75081.93,1776414296000
1776414297.808,297.808,0.99,0.99,0.01,0.01,0.0,0.0,75081.93,1776414296000
1776414298.196,298.196,0.99,0.99,0.01,0.01,0.0,0.0,75081.93,1776414297000
1776414298.599,298.599,0.99,0.99,0.01,0.01,0.0,0.0,75081.93,1776414297000
1776414299.012,299.012,0.99,0.99,0.01,0.01,0.0,0.0,75081.93,1776414297000
1776414299.646,299.646,0.99,0.99,0.01,0.01,0.0,0.0,75082.45,1776414298000
1776414300.272,300.272,0.99,0.99,0.01,0.01,0.0,0.0,75082.45,1776414299000
1776414300.644,300.644,0.99,0.99,0.01,0.01,0.0,0.0,75082.45,1776414299000
1776414300.995,300.995,0.99,0.99,0.01,0.01,0.0,0.0,75082.45,1776414299000
1776414301.34,301.34,0.99,0.99,0.01,0.01,0.0,0.0,75082.45,1776414300000
1776414302.607,302.607,0.99,0.99,0.01,0.01,0.0,0.0,75077.95,1776414301000

# RESULT,winner=Up,slug=btc-updown-5m-1776414000,ticks=659
