timestamp,elapsed_sec,up_bid,up_ask,down_bid,down_ask,up_spread,down_spread,btc_price,btc_oracle_ts
1776856800.526,0.526,0.48,0.49,0.51,0.52,0.01,0.01,78220.57,1776856799000
1776856800.926,0.926,0.48,0.49,0.51,0.52,0.01,0.01,78220.57,1776856799000
1776856801.329,1.329,0.53,0.54,0.46,0.47,0.01,0.01,78220.57,1776856799000
1776856801.711,1.711,0.54,0.56,0.46,0.47,0.02,0.01,78220.62,1776856800000
1776856802.563,2.563,0.55,0.56,0.44,0.45,0.01,0.01,78220.62,1776856801000
1776856802.948,2.948,0.55,0.56,0.44,0.45,0.01,0.01,78222.34,1776856802000
1776856803.422,3.422,0.55,0.56,0.44,0.45,0.01,0.01,78222.34,1776856802000
1776856803.761,3.761,0.55,0.56,0.44,0.45,0.01,0.01,78222.34,1776856802000
1776856804.136,4.136,0.55,0.56,0.44,0.45,0.01,0.01,78227.69,1776856803000
1776856804.579,4.579,0.55,0.56,0.44,0.45,0.01,0.01,78227.69,1776856803000
1776856805.027,5.027,0.55,0.56,0.44,0.45,0.01,0.01,78227.69,1776856803000
1776856805.402,5.402,0.55,0.56,0.44,0.45,0.01,0.01,78228.01,1776856804000
1776856806.016,6.016,0.55,0.56,0.44,0.45,0.01,0.01,78228.01,1776856804000
1776856806.894,6.894,0.55,0.56,0.44,0.45,0.01,0.01,78228.64,1776856805000
1776856807.463,7.463,0.57,0.58,0.42,0.43,0.01,0.01,78227.86,1776856806000
1776856808.067,8.067,0.57,0.58,0.42,0.43,0.01,0.01,78227.86,1776856806000
1776856808.663,8.663,0.52,0.55,0.43,0.49,0.03,0.06,78227.86,1776856807000
1776856809.155,9.155,0.53,0.54,0.46,0.47,0.01,0.01,78228.47,1776856808000
1776856809.751,9.751,0.52,0.53,0.47,0.48,0.01,0.01,78228.47,1776856808000
1776856810.203,10.203,0.52,0.53,0.47,0.48,0.01,0.01,78227.98,1776856809000
1776856810.572,10.572,0.52,0.53,0.47,0.48,0.01,0.01,78227.98,1776856809000
1776856810.943,10.943,0.52,0.53,0.47,0.48,0.01,0.01,78227.98,1776856809000
1776856811.427,11.427,0.52,0.53,0.47,0.48,0.01,0.01,78227.55,1776856810000
1776856811.837,11.837,0.52,0.53,0.47,0.48,0.01,0.01,78227.55,1776856810000
1776856812.182,12.182,0.52,0.53,0.47,0.48,0.01,0.01,78227.09,1776856811000
1776856812.519,12.519,0.48,0.5,0.5,0.52,0.02,0.02,78227.09,1776856811000
1776856812.912,12.912,0.47,0.48,0.52,0.53,0.01,0.01,78227.09,1776856811000
1776856813.446,13.446,0.47,0.48,0.52,0.53,0.01,0.01,78227.09,1776856811000
1776856813.978,13.978,0.45,0.46,0.52,0.55,0.01,0.03,78226.82,1776856812000
1776856814.371,14.371,0.46,0.47,0.53,0.54,0.01,0.01,78225.88,1776856813000
1776856814.722,14.722,0.48,0.49,0.51,0.52,0.01,0.01,78225.88,1776856813000
1776856815.066,15.066,0.54,0.55,0.45,0.46,0.01,0.01,78225.88,1776856813000
1776856815.423,15.423,0.57,0.58,0.42,0.43,0.01,0.01,78223.06,1776856814000
1776856815.757,15.757,0.53,0.56,0.44,0.45,0.03,0.01,78223.06,1776856814000
1776856816.116,16.116,0.53,0.54,0.46,0.47,0.01,0.01,78223.06,1776856814000
1776856816.479,16.479,0.53,0.54,0.46,0.47,0.01,0.01,78222.31,1776856815000
1776856816.858,16.858,0.52,0.53,0.47,0.48,0.01,0.01,78222.31,1776856815000
1776856817.196,17.196,0.52,0.53,0.47,0.48,0.01,0.01,78222.31,1776856815000
1776856817.536,17.536,0.52,0.53,0.47,0.48,0.01,0.01,78230.47,1776856816000
1776856817.915,17.915,0.52,0.53,0.47,0.48,0.01,0.01,78230.47,1776856816000
1776856818.744,18.744,0.52,0.53,0.47,0.48,0.01,0.01,78229.16,1776856817000
1776856819.392,19.392,0.52,0.53,0.47,0.48,0.01,0.01,78228.3,1776856818000
1776856820.071,20.071,0.52,0.53,0.47,0.48,0.01,0.01,78228.3,1776856818000
1776856820.488,20.488,0.52,0.53,0.47,0.48,0.01,0.01,78228.17,1776856819000
1776856821.082,21.082,0.5,0.52,0.48,0.5,0.02,0.02,78228.18,1776856820000
1776856821.543,21.543,0.54,0.55,0.45,0.49,0.01,0.04,78228.18,1776856820000
1776856821.927,21.927,0.54,0.55,0.45,0.46,0.01,0.01,78228.18,1776856820000
1776856822.379,22.379,0.54,0.55,0.45,0.46,0.01,0.01,78228.0,1776856821000
1776856822.95,22.95,0.52,0.55,0.45,0.46,0.03,0.01,78228.0,1776856821000
1776856823.315,23.315,0.52,0.53,0.45,0.48,0.01,0.03,78228.0,1776856821000
1776856823.708,23.708,0.52,0.53,0.47,0.48,0.01,0.01,78226.87,1776856822000
1776856824.098,24.098,0.52,0.53,0.47,0.48,0.01,0.01,78227.37,1776856823000
1776856824.513,24.513,0.52,0.53,0.47,0.48,0.01,0.01,78227.37,1776856823000
1776856825.067,25.067,0.52,0.53,0.47,0.48,0.01,0.01,78227.71,1776856824000
1776856825.754,25.754,0.52,0.53,0.47,0.48,0.01,0.01,78227.71,1776856824000
1776856826.227,26.227,0.52,0.53,0.47,0.48,0.01,0.01,78227.16,1776856825000
1776856827.203,27.203,0.53,0.55,0.46,0.47,0.02,0.01,78227.16,1776856825000
1776856827.542,27.542,0.54,0.55,0.45,0.46,0.01,0.01,78227.21,1776856826000
1776856827.875,27.875,0.54,0.55,0.45,0.46,0.01,0.01,78227.21,1776856826000
1776856828.247,28.247,0.54,0.55,0.45,0.46,0.01,0.01,78227.21,1776856826000
1776856828.775,28.775,0.54,0.55,0.45,0.46,0.01,0.01,78227.21,1776856826000
1776856829.21,29.21,0.54,0.55,0.45,0.46,0.01,0.01,78227.21,1776856826000
1776856829.606,29.606,0.54,0.55,0.45,0.46,0.01,0.01,78227.75,1776856827000
1776856830.418,30.418,0.54,0.55,0.45,0.46,0.01,0.01,78229.11,1776856828000
1776856831.043,31.043,0.54,0.55,0.45,0.46,0.01,0.01,78229.13,1776856829000
1776856831.381,31.381,0.54,0.55,0.45,0.46,0.01,0.01,78229.32,1776856830000
1776856831.87,31.87,0.54,0.55,0.45,0.46,0.01,0.01,78229.32,1776856830000
1776856832.224,32.224,0.54,0.55,0.45,0.46,0.01,0.01,78229.32,1776856831000
1776856832.56,32.56,0.54,0.55,0.45,0.46,0.01,0.01,78229.32,1776856831000
1776856833.001,33.001,0.54,0.55,0.45,0.46,0.01,0.01,78229.32,1776856831000
1776856833.372,33.372,0.54,0.55,0.45,0.46,0.01,0.01,78229.32,1776856831000
1776856833.722,33.722,0.54,0.55,0.45,0.46,0.01,0.01,78229.45,1776856832000
1776856834.08,34.08,0.54,0.55,0.45,0.46,0.01,0.01,78229.45,1776856832000
1776856834.721,34.721,0.54,0.55,0.45,0.46,0.01,0.01,78229.45,1776856832000
1776856835.121,35.121,0.54,0.55,0.45,0.46,0.01,0.01,78232.71,1776856833000
1776856835.614,35.614,0.54,0.55,0.45,0.46,0.01,0.01,78232.71,1776856833000
1776856836.314,36.314,0.53,0.55,0.45,0.47,0.02,0.02,78230.21,1776856835000
1776856836.663,36.663,0.53,0.54,0.45,0.47,0.01,0.02,78230.21,1776856835000
1776856837.16,37.16,0.53,0.54,0.46,0.47,0.01,0.01,78230.22,1776856836000
1776856837.545,37.545,0.53,0.54,0.46,0.47,0.01,0.01,78230.22,1776856836000
1776856838.288,38.288,0.53,0.54,0.46,0.47,0.01,0.01,78230.22,1776856836000
1776856838.854,38.854,0.53,0.54,0.46,0.47,0.01,0.01,78232.75,1776856837000
1776856839.195,39.195,0.53,0.54,0.46,0.47,0.01,0.01,78229.53,1776856838000
1776856839.603,39.603,0.53,0.55,0.46,0.47,0.02,0.01,78229.53,1776856838000
1776856840.17,40.17,0.54,0.55,0.45,0.46,0.01,0.01,78229.53,1776856838000
1776856840.636,40.636,0.54,0.55,0.45,0.46,0.01,0.01,78229.53,1776856839000
1776856841.326,41.326,0.54,0.55,0.45,0.46,0.01,0.01,78229.53,1776856840000
1776856841.802,41.802,0.54,0.55,0.45,0.46,0.01,0.01,78229.53,1776856840000
1776856842.157,42.157,0.54,0.55,0.45,0.46,0.01,0.01,78229.53,1776856840000
1776856842.744,42.744,0.54,0.55,0.45,0.46,0.01,0.01,78229.53,1776856840000
1776856843.137,43.137,0.54,0.55,0.45,0.46,0.01,0.01,78230.01,1776856841000
1776856843.544,43.544,0.55,0.56,0.44,0.45,0.01,0.01,78230.01,1776856841000
1776856843.894,43.894,0.57,0.58,0.42,0.43,0.01,0.01,78230.06,1776856842000
1776856844.322,44.322,0.57,0.58,0.42,0.43,0.01,0.01,78230.06,1776856842000
1776856844.724,44.724,0.56,0.57,0.43,0.44,0.01,0.01,78230.05,1776856843000
1776856845.172,45.172,0.55,0.56,0.44,0.45,0.01,0.01,78230.05,1776856843000
1776856845.558,45.558,0.55,0.56,0.44,0.45,0.01,0.01,78230.05,1776856844000
1776856846.019,46.019,0.55,0.56,0.44,0.45,0.01,0.01,78230.05,1776856844000
1776856846.87,46.87,0.54,0.55,0.44,0.46,0.01,0.02,78230.77,1776856845000
1776856847.308,47.308,0.54,0.55,0.45,0.46,0.01,0.01,78230.27,1776856846000
1776856847.856,47.856,0.53,0.54,0.45,0.46,0.01,0.01,78230.27,1776856846000
1776856848.195,48.195,0.52,0.54,0.46,0.47,0.02,0.01,78230.27,1776856846000
1776856848.738,48.738,0.52,0.53,0.47,0.48,0.01,0.01,78230.27,1776856847000
1776856849.296,49.296,0.52,0.53,0.47,0.48,0.01,0.01,78230.27,1776856847000
1776856849.854,49.854,0.52,0.53,0.47,0.48,0.01,0.01,78230.25,1776856848000
1776856850.199,50.199,0.52,0.53,0.47,0.48,0.01,0.01,78230.08,1776856849000
1776856850.625,50.625,0.52,0.53,0.47,0.48,0.01,0.01,78230.08,1776856849000
1776856851.024,51.024,0.56,0.57,0.43,0.44,0.01,0.01,78230.08,1776856849000
1776856851.375,51.375,0.56,0.57,0.43,0.44,0.01,0.01,78229.95,1776856850000
1776856851.849,51.849,0.56,0.57,0.43,0.44,0.01,0.01,78229.95,1776856850000
1776856852.183,52.183,0.56,0.57,0.43,0.44,0.01,0.01,78229.95,1776856850000
1776856853.065,53.065,0.56,0.57,0.43,0.44,0.01,0.01,78230.07,1776856851000
1776856853.449,53.449,0.56,0.57,0.43,0.44,0.01,0.01,78231.18,1776856852000
1776856853.788,53.788,0.56,0.57,0.43,0.44,0.01,0.01,78231.18,1776856852000
1776856854.25,54.25,0.55,0.56,0.44,0.46,0.01,0.02,78231.18,1776856852000
1776856854.597,54.597,0.55,0.56,0.44,0.45,0.01,0.01,78231.07,1776856853000
1776856854.967,54.967,0.55,0.56,0.44,0.45,0.01,0.01,78231.07,1776856854000
1776856855.397,55.397,0.55,0.56,0.44,0.45,0.01,0.01,78231.07,1776856854000
1776856855.772,55.772,0.55,0.56,0.44,0.45,0.01,0.01,78231.07,1776856854000
1776856857.153,57.153,0.55,0.56,0.44,0.45,0.01,0.01,78230.71,1776856855000
1776856857.643,57.643,0.55,0.56,0.44,0.45,0.01,0.01,78230.64,1776856856000
1776856858.265,58.265,0.55,0.56,0.44,0.45,0.01,0.01,78231.56,1776856857000
1776856858.704,58.704,0.56,0.57,0.43,0.44,0.01,0.01,78231.56,1776856857000
1776856859.311,59.311,0.56,0.57,0.43,0.44,0.01,0.01,78231.56,1776856857000
1776856859.777,59.777,0.56,0.57,0.43,0.44,0.01,0.01,78231.65,1776856858000
1776856860.169,60.169,0.56,0.57,0.43,0.44,0.01,0.01,78231.65,1776856858000
1776856860.558,60.558,0.56,0.57,0.43,0.44,0.01,0.01,78231.65,1776856858000
1776856860.905,60.905,0.56,0.57,0.43,0.44,0.01,0.01,78232.64,1776856859000
1776856861.253,61.253,0.56,0.57,0.43,0.44,0.01,0.01,78232.64,1776856859000
1776856861.597,61.597,0.56,0.57,0.43,0.44,0.01,0.01,78232.65,1776856860000
1776856861.985,61.985,0.56,0.57,0.43,0.44,0.01,0.01,78232.65,1776856860000
1776856863.59,63.59,0.56,0.57,0.43,0.44,0.01,0.01,78232.68,1776856862000
1776856864.375,64.375,0.56,0.57,0.43,0.44,0.01,0.01,78232.73,1776856863000
1776856864.724,64.724,0.59,0.61,0.4,0.41,0.02,0.01,78232.73,1776856863000
1776856865.11,65.11,0.64,0.7,0.3,0.31,0.06,0.01,78232.73,1776856863000
1776856865.596,65.596,0.67,0.69,0.31,0.33,0.02,0.02,78232.73,1776856863000
1776856865.933,65.933,0.65,0.66,0.34,0.35,0.01,0.01,78236.29,1776856864000
1776856866.741,66.741,0.65,0.66,0.34,0.35,0.01,0.01,78236.29,1776856864000
1776856867.139,67.139,0.65,0.66,0.34,0.35,0.01,0.01,78238.92,1776856865000
1776856867.505,67.505,0.65,0.66,0.34,0.35,0.01,0.01,78238.92,1776856865000
1776856867.944,67.944,0.65,0.66,0.34,0.35,0.01,0.01,78246.96,1776856866000
1776856868.298,68.298,0.65,0.66,0.34,0.35,0.01,0.01,78246.96,1776856866000
1776856868.739,68.739,0.65,0.66,0.34,0.35,0.01,0.01,78246.23,1776856867000
1776856869.19,69.19,0.65,0.66,0.34,0.35,0.01,0.01,78246.23,1776856867000
1776856869.734,69.734,0.63,0.64,0.35,0.37,0.01,0.02,78246.23,1776856867000
1776856870.203,70.203,0.63,0.64,0.36,0.37,0.01,0.01,78246.23,1776856867000
1776856870.661,70.661,0.63,0.64,0.36,0.37,0.01,0.01,78244.85,1776856868000
1776856871.1,71.1,0.63,0.64,0.36,0.37,0.01,0.01,78244.67,1776856869000
1776856871.521,71.521,0.63,0.64,0.36,0.37,0.01,0.01,78244.67,1776856869000
1776856871.865,71.865,0.63,0.64,0.36,0.37,0.01,0.01,78244.67,1776856870000
1776856872.327,72.327,0.63,0.64,0.36,0.37,0.01,0.01,78244.67,1776856870000
1776856872.766,72.766,0.63,0.65,0.36,0.37,0.02,0.01,78244.66,1776856871000
1776856873.124,73.124,0.64,0.65,0.35,0.36,0.01,0.01,78244.66,1776856871000
1776856873.465,73.465,0.66,0.67,0.33,0.34,0.01,0.01,78244.66,1776856871000
1776856873.961,73.961,0.66,0.67,0.33,0.34,0.01,0.01,78244.72,1776856872000
1776856874.336,74.336,0.66,0.67,0.33,0.34,0.01,0.01,78244.72,1776856872000
1776856874.689,74.689,0.66,0.67,0.33,0.34,0.01,0.01,78244.77,1776856873000
1776856875.051,75.051,0.66,0.67,0.33,0.34,0.01,0.01,78244.77,1776856873000
1776856875.562,75.562,0.66,0.67,0.33,0.34,0.01,0.01,78244.95,1776856874000
1776856876.065,76.065,0.67,0.68,0.32,0.34,0.01,0.02,78244.95,1776856874000
1776856876.574,76.574,0.67,0.68,0.32,0.33,0.01,0.01,78244.95,1776856874000
1776856876.981,76.981,0.7,0.71,0.29,0.3,0.01,0.01,78245.91,1776856875000
1776856877.358,77.358,0.7,0.71,0.29,0.3,0.01,0.01,78245.91,1776856875000
1776856877.79,77.79,0.7,0.71,0.29,0.3,0.01,0.01,78246.55,1776856876000
1776856878.132,78.132,0.7,0.71,0.29,0.3,0.01,0.01,78247.35,1776856877000
1776856878.723,78.723,0.71,0.72,0.28,0.3,0.01,0.02,78247.35,1776856877000
1776856879.27,79.27,0.71,0.72,0.28,0.29,0.01,0.01,78247.35,1776856877000
1776856879.712,79.712,0.71,0.72,0.28,0.29,0.01,0.01,78250.28,1776856878000
1776856880.082,80.082,0.71,0.72,0.28,0.29,0.01,0.01,78250.28,1776856878000
1776856880.439,80.439,0.7,0.72,0.28,0.29,0.02,0.01,78250.28,1776856878000
1776856880.898,80.898,0.7,0.71,0.29,0.3,0.01,0.01,78250.35,1776856879000
1776856881.275,81.275,0.7,0.71,0.29,0.3,0.01,0.01,78250.36,1776856880000
1776856881.647,81.647,0.67,0.68,0.32,0.33,0.01,0.01,78250.36,1776856880000
1776856882.114,82.114,0.67,0.68,0.32,0.33,0.01,0.01,78250.36,1776856880000
1776856882.463,82.463,0.67,0.68,0.32,0.33,0.01,0.01,78250.65,1776856881000
1776856882.81,82.81,0.67,0.68,0.32,0.33,0.01,0.01,78250.65,1776856881000
1776856883.176,83.176,0.67,0.68,0.32,0.33,0.01,0.01,78250.66,1776856882000
1776856883.522,83.522,0.67,0.68,0.32,0.33,0.01,0.01,78250.66,1776856882000
1776856883.94,83.94,0.67,0.68,0.32,0.33,0.01,0.01,78250.66,1776856882000
1776856884.277,84.277,0.67,0.68,0.32,0.33,0.01,0.01,78250.66,1776856882000
1776856884.691,84.691,0.69,0.7,0.3,0.31,0.01,0.01,78249.6,1776856883000
1776856885.126,85.126,0.69,0.7,0.3,0.31,0.01,0.01,78249.62,1776856884000
1776856885.545,85.545,0.7,0.71,0.29,0.3,0.01,0.01,78249.62,1776856884000
1776856885.885,85.885,0.7,0.71,0.29,0.3,0.01,0.01,78249.62,1776856884000
1776856886.294,86.294,0.71,0.72,0.28,0.3,0.01,0.02,78249.62,1776856884000
1776856886.804,86.804,0.71,0.72,0.28,0.29,0.01,0.01,78249.62,1776856885000
1776856887.186,87.186,0.71,0.72,0.28,0.29,0.01,0.01,78250.15,1776856886000
1776856887.811,87.811,0.68,0.69,0.31,0.32,0.01,0.01,78250.15,1776856886000
1776856888.166,88.166,0.68,0.69,0.31,0.32,0.01,0.01,78250.15,1776856886000
1776856888.503,88.503,0.68,0.69,0.31,0.32,0.01,0.01,78251.03,1776856887000
1776856888.96,88.96,0.68,0.69,0.31,0.32,0.01,0.01,78251.03,1776856887000
1776856889.367,89.367,0.68,0.69,0.31,0.32,0.01,0.01,78251.03,1776856888000
1776856889.815,89.815,0.65,0.66,0.32,0.36,0.01,0.04,78251.03,1776856888000
1776856890.163,90.163,0.65,0.66,0.34,0.35,0.01,0.01,78251.03,1776856888000
1776856890.522,90.522,0.65,0.66,0.34,0.35,0.01,0.01,78248.47,1776856889000
1776856890.907,90.907,0.65,0.66,0.34,0.35,0.01,0.01,78248.47,1776856889000
1776856891.242,91.242,0.65,0.66,0.34,0.35,0.01,0.01,78248.47,1776856889000
1776856891.585,91.585,0.65,0.66,0.34,0.35,0.01,0.01,78247.14,1776856890000
1776856891.97,91.97,0.66,0.67,0.33,0.34,0.01,0.01,78247.07,1776856891000
1776856892.652,92.652,0.66,0.67,0.33,0.34,0.01,0.01,78247.07,1776856891000
1776856893.013,93.013,0.66,0.67,0.33,0.34,0.01,0.01,78247.07,1776856891000
1776856893.476,93.476,0.66,0.67,0.33,0.34,0.01,0.01,78246.84,1776856892000
1776856893.823,93.823,0.66,0.67,0.33,0.34,0.01,0.01,78246.84,1776856892000
1776856894.2,94.2,0.66,0.67,0.33,0.34,0.01,0.01,78246.84,1776856892000
1776856894.538,94.538,0.66,0.67,0.33,0.34,0.01,0.01,78246.79,1776856893000
1776856894.939,94.939,0.66,0.67,0.33,0.34,0.01,0.01,78246.79,1776856893000
1776856895.281,95.281,0.66,0.67,0.33,0.34,0.01,0.01,78246.79,1776856893000
1776856895.698,95.698,0.66,0.67,0.33,0.34,0.01,0.01,78246.84,1776856894000
1776856896.333,96.333,0.66,0.67,0.33,0.34,0.01,0.01,78246.84,1776856894000
1776856896.767,96.767,0.67,0.68,0.32,0.33,0.01,0.01,78246.61,1776856895000
1776856897.427,97.427,0.67,0.68,0.32,0.33,0.01,0.01,78246.61,1776856895000
1776856897.848,97.848,0.67,0.68,0.32,0.33,0.01,0.01,78247.76,1776856896000
1776856898.258,98.258,0.67,0.68,0.32,0.33,0.01,0.01,78245.81,1776856897000
1776856899.053,99.053,0.67,0.68,0.32,0.33,0.01,0.01,78245.81,1776856897000
1776856899.498,99.498,0.67,0.68,0.32,0.33,0.01,0.01,78246.41,1776856898000
1776856899.901,99.901,0.67,0.68,0.32,0.33,0.01,0.01,78246.41,1776856898000
1776856900.444,100.444,0.67,0.68,0.32,0.33,0.01,0.01,78246.37,1776856899000
1776856900.916,100.916,0.67,0.68,0.32,0.33,0.01,0.01,78246.37,1776856899000
1776856901.457,101.457,0.67,0.68,0.32,0.33,0.01,0.01,78246.51,1776856900000
1776856902.01,102.01,0.67,0.68,0.32,0.33,0.01,0.01,78246.51,1776856900000
1776856902.387,102.387,0.67,0.68,0.32,0.33,0.01,0.01,78246.99,1776856901000
1776856902.855,102.855,0.67,0.68,0.32,0.33,0.01,0.01,78246.99,1776856901000
1776856903.467,103.467,0.67,0.68,0.32,0.33,0.01,0.01,78246.67,1776856902000
1776856903.905,103.905,0.67,0.68,0.32,0.33,0.01,0.01,78246.67,1776856902000
1776856904.276,104.276,0.67,0.68,0.32,0.33,0.01,0.01,78246.79,1776856903000
1776856904.87,104.87,0.67,0.68,0.32,0.33,0.01,0.01,78246.79,1776856903000
1776856905.241,105.241,0.67,0.68,0.32,0.33,0.01,0.01,78247.54,1776856904000
1776856905.695,105.695,0.67,0.68,0.32,0.33,0.01,0.01,78247.54,1776856904000
1776856906.041,106.041,0.67,0.68,0.32,0.33,0.01,0.01,78247.54,1776856904000
1776856906.402,106.402,0.67,0.68,0.32,0.33,0.01,0.01,78247.51,1776856905000
1776856906.751,106.751,0.67,0.68,0.32,0.33,0.01,0.01,78247.51,1776856905000
1776856907.384,107.384,0.67,0.68,0.32,0.33,0.01,0.01,78247.51,1776856906000
1776856907.85,107.85,0.67,0.68,0.32,0.33,0.01,0.01,78247.51,1776856906000
1776856908.723,108.723,0.67,0.68,0.32,0.33,0.01,0.01,78247.51,1776856907000
1776856909.138,109.138,0.67,0.68,0.32,0.33,0.01,0.01,78248.58,1776856908000
1776856909.55,109.55,0.67,0.68,0.32,0.33,0.01,0.01,78248.58,1776856908000
1776856909.913,109.913,0.73,0.74,0.26,0.27,0.01,0.01,78248.58,1776856908000
1776856910.35,110.35,0.73,0.74,0.26,0.27,0.01,0.01,78248.49,1776856909000
1776856910.701,110.701,0.73,0.74,0.26,0.27,0.01,0.01,78248.49,1776856909000
1776856911.111,111.111,0.73,0.74,0.26,0.27,0.01,0.01,78248.49,1776856909000
1776856911.587,111.587,0.73,0.74,0.26,0.27,0.01,0.01,78248.94,1776856910000
1776856912.12,112.12,0.73,0.74,0.26,0.27,0.01,0.01,78248.94,1776856910000
1776856912.784,112.784,0.73,0.74,0.26,0.27,0.01,0.01,78250.86,1776856911000
1776856913.197,113.197,0.73,0.74,0.26,0.27,0.01,0.01,78250.86,1776856911000
1776856913.558,113.558,0.73,0.74,0.26,0.27,0.01,0.01,78252.18,1776856912000
1776856914.163,114.163,0.73,0.74,0.26,0.27,0.01,0.01,78252.18,1776856912000
1776856914.549,114.549,0.73,0.74,0.26,0.27,0.01,0.01,78252.18,1776856913000
1776856914.967,114.967,0.73,0.74,0.26,0.27,0.01,0.01,78252.18,1776856913000
1776856915.339,115.339,0.71,0.74,0.26,0.27,0.03,0.01,78252.17,1776856914000
1776856915.99,115.99,0.71,0.72,0.26,0.29,0.01,0.03,78252.17,1776856914000
1776856916.354,116.354,0.71,0.72,0.28,0.29,0.01,0.01,78252.17,1776856914000
1776856916.793,116.793,0.71,0.72,0.28,0.29,0.01,0.01,78252.52,1776856915000
1776856917.313,117.313,0.71,0.72,0.28,0.29,0.01,0.01,78252.87,1776856916000
1776856918.07,118.07,0.71,0.72,0.28,0.29,0.01,0.01,78252.84,1776856917000
1776856918.437,118.437,0.71,0.72,0.28,0.29,0.01,0.01,78252.84,1776856917000
1776856918.845,118.845,0.71,0.72,0.28,0.29,0.01,0.01,78252.84,1776856917000
1776856919.4,119.4,0.71,0.72,0.28,0.29,0.01,0.01,78252.84,1776856917000
1776856919.775,119.775,0.71,0.72,0.28,0.29,0.01,0.01,78253.01,1776856918000
1776856920.138,120.138,0.71,0.72,0.28,0.29,0.01,0.01,78252.48,1776856919000
1776856920.522,120.522,0.71,0.72,0.28,0.29,0.01,0.01,78252.48,1776856919000
1776856920.894,120.894,0.7,0.72,0.28,0.3,0.02,0.02,78252.48,1776856919000
1776856921.243,121.243,0.7,0.71,0.29,0.3,0.01,0.01,78251.52,1776856920000
1776856921.593,121.593,0.69,0.7,0.29,0.33,0.01,0.04,78251.52,1776856920000
1776856921.979,121.979,0.68,0.69,0.31,0.32,0.01,0.01,78251.52,1776856920000
1776856922.411,122.411,0.68,0.69,0.31,0.32,0.01,0.01,78251.46,1776856921000
1776856922.785,122.785,0.68,0.69,0.31,0.32,0.01,0.01,78251.46,1776856921000
1776856923.129,123.129,0.68,0.69,0.31,0.32,0.01,0.01,78251.46,1776856921000
1776856923.492,123.492,0.68,0.69,0.31,0.32,0.01,0.01,78250.53,1776856922000
1776856923.844,123.844,0.68,0.69,0.31,0.32,0.01,0.01,78250.53,1776856922000
1776856924.235,124.235,0.69,0.7,0.31,0.32,0.01,0.01,78248.74,1776856923000
1776856924.64,124.64,0.69,0.7,0.3,0.31,0.01,0.01,78248.74,1776856923000
1776856924.979,124.979,0.69,0.7,0.3,0.31,0.01,0.01,78248.74,1776856923000
1776856925.349,125.349,0.69,0.7,0.3,0.31,0.01,0.01,78248.93,1776856924000
1776856925.724,125.724,0.69,0.7,0.3,0.31,0.01,0.01,78248.93,1776856924000
1776856926.147,126.147,0.69,0.7,0.3,0.31,0.01,0.01,78248.93,1776856924000
1776856926.566,126.566,0.69,0.7,0.3,0.31,0.01,0.01,78249.31,1776856925000
1776856927.045,127.045,0.69,0.7,0.3,0.31,0.01,0.01,78248.91,1776856926000
1776856927.505,127.505,0.69,0.7,0.3,0.31,0.01,0.01,78248.91,1776856926000
1776856927.856,127.856,0.69,0.7,0.3,0.31,0.01,0.01,78248.91,1776856926000
1776856928.409,128.409,0.69,0.7,0.3,0.31,0.01,0.01,78248.91,1776856926000
1776856928.758,128.758,0.7,0.71,0.29,0.3,0.01,0.01,78248.03,1776856927000
1776856929.11,129.11,0.71,0.72,0.27,0.29,0.01,0.02,78248.03,1776856927000
1776856929.451,129.451,0.71,0.72,0.28,0.29,0.01,0.01,78248.36,1776856928000
1776856930.067,130.067,0.71,0.72,0.28,0.29,0.01,0.01,78248.36,1776856928000
1776856930.584,130.584,0.71,0.72,0.28,0.29,0.01,0.01,78248.85,1776856929000
1776856930.918,130.918,0.71,0.72,0.28,0.29,0.01,0.01,78248.85,1776856929000
1776856931.354,131.354,0.71,0.72,0.28,0.29,0.01,0.01,78250.5,1776856930000
1776856931.75,131.75,0.7,0.71,0.29,0.3,0.01,0.01,78250.5,1776856930000
1776856932.266,132.266,0.7,0.71,0.29,0.3,0.01,0.01,78250.5,1776856930000
1776856932.603,132.603,0.66,0.71,0.29,0.34,0.05,0.05,78250.31,1776856931000
1776856932.948,132.948,0.66,0.67,0.33,0.34,0.01,0.01,78249.88,1776856932000
1776856933.347,133.347,0.66,0.67,0.33,0.34,0.01,0.01,78249.88,1776856932000
1776856933.779,133.779,0.66,0.67,0.33,0.34,0.01,0.01,78249.88,1776856932000
1776856934.444,134.444,0.65,0.66,0.34,0.35,0.01,0.01,78249.88,1776856932000
1776856934.781,134.781,0.64,0.66,0.34,0.36,0.02,0.02,78249.0,1776856933000
1776856935.134,135.134,0.59,0.6,0.4,0.41,0.01,0.01,78246.57,1776856934000
1776856935.497,135.497,0.59,0.6,0.4,0.41,0.01,0.01,78246.57,1776856934000
1776856935.862,135.862,0.59,0.6,0.4,0.41,0.01,0.01,78246.57,1776856934000
1776856936.215,136.215,0.67,0.68,0.32,0.33,0.01,0.01,78245.15,1776856935000
1776856936.585,136.585,0.67,0.68,0.32,0.33,0.01,0.01,78245.15,1776856935000
1776856937.079,137.079,0.67,0.68,0.32,0.33,0.01,0.01,78245.15,1776856935000
1776856937.443,137.443,0.67,0.68,0.32,0.33,0.01,0.01,78238.93,1776856936000
1776856937.785,137.785,0.67,0.68,0.32,0.33,0.01,0.01,78238.93,1776856936000
1776856938.296,138.296,0.68,0.69,0.31,0.32,0.01,0.01,78240.09,1776856937000
1776856938.677,138.677,0.68,0.69,0.31,0.32,0.01,0.01,78240.09,1776856937000
1776856939.082,139.082,0.68,0.69,0.31,0.32,0.01,0.01,78240.09,1776856937000
1776856939.548,139.548,0.68,0.69,0.31,0.32,0.01,0.01,78242.76,1776856938000
1776856940.147,140.147,0.68,0.69,0.31,0.32,0.01,0.01,78242.83,1776856939000
1776856941.035,141.035,0.68,0.69,0.31,0.32,0.01,0.01,78242.83,1776856939000
1776856941.624,141.624,0.68,0.69,0.31,0.32,0.01,0.01,78242.83,1776856939000
1776856941.964,141.964,0.68,0.69,0.31,0.32,0.01,0.01,78242.69,1776856940000
1776856942.317,142.317,0.68,0.69,0.31,0.32,0.01,0.01,78243.05,1776856941000
1776856942.741,142.741,0.68,0.69,0.31,0.32,0.01,0.01,78243.05,1776856941000
1776856943.142,143.142,0.68,0.69,0.31,0.32,0.01,0.01,78243.05,1776856941000
1776856943.644,143.644,0.68,0.69,0.31,0.32,0.01,0.01,78243.11,1776856942000
1776856944.194,144.194,0.68,0.69,0.31,0.32,0.01,0.01,78243.12,1776856943000
1776856944.848,144.848,0.68,0.69,0.31,0.32,0.01,0.01,78243.12,1776856943000
1776856945.391,145.391,0.68,0.69,0.31,0.32,0.01,0.01,78242.96,1776856944000
1776856945.9,145.9,0.68,0.69,0.31,0.32,0.01,0.01,78242.96,1776856944000
1776856946.267,146.267,0.68,0.69,0.31,0.32,0.01,0.01,78243.1,1776856945000
1776856946.772,146.772,0.68,0.7,0.31,0.32,0.02,0.01,78243.1,1776856945000
1776856947.231,147.231,0.68,0.7,0.3,0.32,0.02,0.02,78242.5,1776856946000
1776856947.587,147.587,0.69,0.7,0.3,0.31,0.01,0.01,78242.5,1776856946000
1776856948.115,148.115,0.69,0.7,0.3,0.31,0.01,0.01,78242.49,1776856947000
1776856948.487,148.487,0.69,0.7,0.3,0.31,0.01,0.01,78242.49,1776856947000
1776856948.952,148.952,0.7,0.71,0.29,0.31,0.01,0.02,78242.49,1776856947000
1776856949.286,149.286,0.7,0.71,0.29,0.3,0.01,0.01,78242.5,1776856948000
1776856949.62,149.62,0.72,0.75,0.25,0.28,0.03,0.03,78242.5,1776856948000
1776856949.96,149.96,0.74,0.75,0.25,0.26,0.01,0.01,78242.5,1776856948000
1776856950.348,150.348,0.75,0.76,0.24,0.26,0.01,0.02,78243.33,1776856949000
1776856950.745,150.745,0.78,0.79,0.21,0.22,0.01,0.01,78243.33,1776856949000
1776856951.137,151.137,0.78,0.79,0.21,0.22,0.01,0.01,78243.53,1776856950000
1776856951.809,151.809,0.78,0.79,0.21,0.22,0.01,0.01,78243.53,1776856950000
1776856952.163,152.163,0.78,0.79,0.21,0.22,0.01,0.01,78252.68,1776856951000
1776856952.563,152.563,0.78,0.79,0.2,0.22,0.01,0.02,78252.68,1776856951000
1776856953.002,153.002,0.78,0.79,0.21,0.22,0.01,0.01,78252.68,1776856951000
1776856953.377,153.377,0.78,0.79,0.21,0.22,0.01,0.01,78253.89,1776856952000
1776856953.855,153.855,0.77,0.78,0.21,0.23,0.01,0.02,78253.89,1776856952000
1776856954.232,154.232,0.69,0.71,0.28,0.31,0.02,0.03,78253.89,1776856952000
1776856954.624,154.624,0.69,0.7,0.3,0.31,0.01,0.01,78254.41,1776856953000
1776856955.026,155.026,0.67,0.69,0.31,0.32,0.02,0.01,78254.41,1776856953000
1776856955.389,155.389,0.63,0.64,0.35,0.37,0.01,0.02,78254.04,1776856954000
1776856955.752,155.752,0.63,0.64,0.36,0.37,0.01,0.01,78254.04,1776856954000
1776856956.17,156.17,0.63,0.64,0.36,0.37,0.01,0.01,78254.04,1776856954000
1776856956.52,156.52,0.63,0.64,0.36,0.37,0.01,0.01,78247.9,1776856955000
1776856957.118,157.118,0.64,0.65,0.35,0.36,0.01,0.01,78244.63,1776856956000
1776856957.722,157.722,0.64,0.65,0.35,0.36,0.01,0.01,78244.63,1776856956000
1776856958.169,158.169,0.64,0.65,0.35,0.36,0.01,0.01,78242.23,1776856957000
1776856958.555,158.555,0.68,0.69,0.3,0.36,0.01,0.06,78242.23,1776856957000
1776856959.012,159.012,0.68,0.69,0.31,0.32,0.01,0.01,78242.23,1776856957000
1776856959.385,159.385,0.68,0.69,0.31,0.32,0.01,0.01,78242.15,1776856958000
1776856959.738,159.738,0.69,0.7,0.3,0.31,0.01,0.01,78242.15,1776856958000
1776856960.113,160.113,0.69,0.7,0.3,0.31,0.01,0.01,78242.15,1776856958000
1776856960.531,160.531,0.68,0.7,0.3,0.31,0.02,0.01,78242.1,1776856959000
1776856960.893,160.893,0.67,0.68,0.32,0.33,0.01,0.01,78242.1,1776856959000
1776856961.236,161.236,0.67,0.68,0.32,0.33,0.01,0.01,78242.44,1776856960000
1776856961.627,161.627,0.6,0.65,0.35,0.4,0.05,0.05,78242.44,1776856960000
1776856961.968,161.968,0.6,0.65,0.35,0.4,0.05,0.05,78242.44,1776856960000
1776856962.308,162.308,0.66,0.68,0.32,0.34,0.02,0.02,78243.09,1776856961000
1776856962.77,162.77,0.68,0.69,0.31,0.32,0.01,0.01,78243.09,1776856961000
1776856963.185,163.185,0.67,0.68,0.32,0.33,0.01,0.01,78243.09,1776856961000
1776856963.595,163.595,0.64,0.65,0.35,0.36,0.01,0.01,78242.37,1776856962000
1776856964.142,164.142,0.64,0.66,0.35,0.36,0.02,0.01,78242.37,1776856962000
1776856964.765,164.765,0.65,0.66,0.34,0.35,0.01,0.01,78243.41,1776856963000
1776856965.3,165.3,0.65,0.66,0.34,0.35,0.01,0.01,78242.03,1776856964000
1776856965.693,165.693,0.65,0.66,0.34,0.35,0.01,0.01,78242.03,1776856964000
1776856966.06,166.06,0.65,0.66,0.34,0.35,0.01,0.01,78242.03,1776856964000
1776856966.495,166.495,0.65,0.66,0.34,0.35,0.01,0.01,78241.32,1776856965000
1776856966.867,166.867,0.64,0.65,0.35,0.36,0.01,0.01,78241.11,1776856966000
1776856967.203,167.203,0.64,0.65,0.35,0.36,0.01,0.01,78241.11,1776856966000
1776856967.565,167.565,0.64,0.65,0.35,0.36,0.01,0.01,78241.11,1776856966000
1776856967.98,167.98,0.64,0.65,0.35,0.36,0.01,0.01,78241.11,1776856966000
1776856968.381,168.381,0.64,0.65,0.35,0.36,0.01,0.01,78240.36,1776856967000
1776856968.992,168.992,0.64,0.65,0.35,0.36,0.01,0.01,78240.36,1776856968000
1776856969.783,169.783,0.64,0.65,0.35,0.36,0.01,0.01,78240.36,1776856968000
1776856970.33,170.33,0.64,0.65,0.35,0.36,0.01,0.01,78240.26,1776856969000
1776856970.67,170.67,0.64,0.65,0.35,0.36,0.01,0.01,78240.26,1776856969000
1776856971.11,171.11,0.64,0.65,0.35,0.36,0.01,0.01,78240.26,1776856969000
1776856971.463,171.463,0.64,0.65,0.35,0.36,0.01,0.01,78240.25,1776856970000
1776856972.034,172.034,0.64,0.65,0.35,0.36,0.01,0.01,78240.25,1776856970000
1776856972.613,172.613,0.64,0.65,0.35,0.36,0.01,0.01,78239.85,1776856971000
1776856972.97,172.97,0.69,0.7,0.29,0.31,0.01,0.02,78239.85,1776856971000
1776856973.312,173.312,0.68,0.69,0.31,0.32,0.01,0.01,78239.0,1776856972000
1776856973.739,173.739,0.68,0.69,0.31,0.32,0.01,0.01,78239.0,1776856972000
1776856974.184,174.184,0.68,0.69,0.31,0.32,0.01,0.01,78238.94,1776856973000
1776856974.553,174.553,0.68,0.69,0.31,0.32,0.01,0.01,78238.94,1776856973000
1776856975.064,175.064,0.67,0.69,0.31,0.33,0.02,0.02,78238.94,1776856973000
1776856975.417,175.417,0.6,0.65,0.35,0.4,0.05,0.05,78239.11,1776856974000
1776856975.855,175.855,0.57,0.58,0.42,0.43,0.01,0.01,78239.11,1776856974000
1776856976.241,176.241,0.55,0.56,0.44,0.45,0.01,0.01,78239.11,1776856975000
1776856976.59,176.59,0.55,0.56,0.44,0.45,0.01,0.01,78239.11,1776856975000
1776856977.153,177.153,0.55,0.56,0.44,0.45,0.01,0.01,78239.11,1776856975000
1776856977.741,177.741,0.55,0.56,0.44,0.45,0.01,0.01,78238.54,1776856976000
1776856978.094,178.094,0.54,0.55,0.45,0.47,0.01,0.02,78238.54,1776856976000
1776856978.797,178.797,0.51,0.52,0.46,0.49,0.01,0.03,78233.44,1776856977000
1776856979.903,179.903,0.51,0.52,0.48,0.49,0.01,0.01,78230.97,1776856978000
1776856980.237,180.237,0.51,0.53,0.47,0.49,0.02,0.02,78230.97,1776856978000
1776856980.572,180.572,0.51,0.52,0.48,0.49,0.01,0.01,78228.76,1776856979000
1776856980.978,180.978,0.52,0.53,0.48,0.49,0.01,0.01,78228.76,1776856979000
1776856981.312,181.312,0.52,0.53,0.47,0.48,0.01,0.01,78227.29,1776856980000
1776856981.663,181.663,0.52,0.53,0.47,0.48,0.01,0.01,78227.29,1776856980000
1776856982.096,182.096,0.54,0.59,0.45,0.47,0.05,0.02,78227.29,1776856980000
1776856982.511,182.511,0.59,0.6,0.4,0.41,0.01,0.01,78227.38,1776856981000
1776856982.911,182.911,0.59,0.6,0.4,0.41,0.01,0.01,78227.38,1776856981000
1776856983.322,183.322,0.59,0.6,0.4,0.41,0.01,0.01,78227.38,1776856981000
1776856983.664,183.664,0.59,0.6,0.4,0.41,0.01,0.01,78226.87,1776856982000
1776856984.033,184.033,0.59,0.6,0.4,0.41,0.01,0.01,78226.87,1776856982000
1776856984.624,184.624,0.59,0.6,0.4,0.41,0.01,0.01,78228.13,1776856983000
1776856985.045,185.045,0.59,0.6,0.4,0.41,0.01,0.01,78228.13,1776856983000
1776856985.528,185.528,0.59,0.6,0.4,0.41,0.01,0.01,78229.18,1776856984000
1776856985.906,185.906,0.59,0.6,0.4,0.41,0.01,0.01,78229.18,1776856984000
1776856986.342,186.342,0.59,0.6,0.4,0.41,0.01,0.01,78229.56,1776856985000
1776856986.708,186.708,0.59,0.6,0.4,0.41,0.01,0.01,78229.56,1776856985000
1776856987.082,187.082,0.58,0.59,0.4,0.43,0.01,0.03,78229.56,1776856985000
1776856987.475,187.475,0.57,0.58,0.42,0.43,0.01,0.01,78229.56,1776856985000
1776856988.089,188.089,0.57,0.58,0.42,0.43,0.01,0.01,78228.31,1776856986000
1776856988.484,188.484,0.56,0.57,0.43,0.44,0.01,0.01,78227.57,1776856987000
1776856988.95,188.95,0.56,0.57,0.43,0.44,0.01,0.01,78227.57,1776856987000
1776856989.324,189.324,0.56,0.57,0.43,0.44,0.01,0.01,78227.65,1776856988000
1776856989.671,189.671,0.56,0.57,0.43,0.44,0.01,0.01,78227.65,1776856988000
1776856990.041,190.041,0.56,0.58,0.43,0.44,0.02,0.01,78227.65,1776856988000
1776856990.389,190.389,0.56,0.58,0.42,0.44,0.02,0.02,78227.7,1776856989000
1776856990.896,190.896,0.56,0.58,0.42,0.44,0.02,0.02,78227.71,1776856990000
1776856991.27,191.27,0.57,0.58,0.42,0.44,0.01,0.02,78227.71,1776856990000
1776856991.657,191.657,0.57,0.58,0.42,0.43,0.01,0.01,78227.71,1776856990000
1776856992.6,192.6,0.57,0.58,0.42,0.43,0.01,0.01,78227.71,1776856991000
1776856992.958,192.958,0.57,0.58,0.42,0.43,0.01,0.01,78227.51,1776856992000
1776856993.713,193.713,0.57,0.58,0.42,0.43,0.01,0.01,78227.51,1776856992000
1776856994.052,194.052,0.57,0.58,0.42,0.43,0.01,0.01,78227.51,1776856992000
1776856994.715,194.715,0.57,0.58,0.42,0.43,0.01,0.01,78227.53,1776856993000
1776856995.197,195.197,0.57,0.58,0.42,0.43,0.01,0.01,78227.31,1776856994000
1776856995.835,195.835,0.57,0.58,0.42,0.43,0.01,0.01,78227.31,1776856994000
1776856996.169,196.169,0.57,0.59,0.41,0.43,0.02,0.02,78227.31,1776856994000
1776856996.9,196.9,0.58,0.59,0.42,0.43,0.01,0.01,78227.39,1776856995000
1776856997.381,197.381,0.58,0.59,0.41,0.42,0.01,0.01,78227.31,1776856996000
1776856997.836,197.836,0.59,0.6,0.41,0.42,0.01,0.01,78227.31,1776856996000
1776856998.681,198.681,0.57,0.58,0.4,0.41,0.01,0.01,78227.35,1776856997000
1776856999.051,199.051,0.57,0.58,0.42,0.43,0.01,0.01,78227.35,1776856997000
1776856999.403,199.403,0.57,0.58,0.42,0.43,0.01,0.01,78227.35,1776856998000
1776856999.846,199.846,0.55,0.57,0.42,0.43,0.02,0.01,78227.35,1776856998000
1776857000.205,200.205,0.54,0.55,0.45,0.46,0.01,0.01,78227.35,1776856999000
1776857000.546,200.546,0.55,0.56,0.44,0.45,0.01,0.01,78227.35,1776856999000
1776857001.27,201.27,0.54,0.56,0.44,0.45,0.02,0.01,78227.35,1776856999000
1776857001.913,201.913,0.54,0.55,0.45,0.46,0.01,0.01,78226.46,1776857001000
1776857002.327,202.327,0.54,0.55,0.45,0.46,0.01,0.01,78226.46,1776857001000
1776857002.779,202.779,0.53,0.55,0.45,0.46,0.02,0.01,78226.46,1776857001000
1776857003.321,203.321,0.54,0.55,0.45,0.46,0.01,0.01,78226.1,1776857002000
1776857003.73,203.73,0.54,0.55,0.45,0.46,0.01,0.01,78226.1,1776857002000
1776857004.213,204.213,0.54,0.55,0.45,0.46,0.01,0.01,78226.09,1776857003000
1776857004.622,204.622,0.54,0.55,0.45,0.46,0.01,0.01,78226.09,1776857003000
1776857005.214,205.214,0.56,0.58,0.42,0.44,0.02,0.02,78225.41,1776857004000
1776857005.557,205.557,0.57,0.58,0.42,0.44,0.01,0.02,78225.41,1776857004000
1776857005.964,205.964,0.57,0.58,0.42,0.43,0.01,0.01,78225.41,1776857004000
1776857006.453,206.453,0.57,0.58,0.42,0.43,0.01,0.01,78225.85,1776857005000
1776857006.885,206.885,0.57,0.58,0.42,0.43,0.01,0.01,78225.85,1776857005000
1776857007.27,207.27,0.57,0.58,0.42,0.43,0.01,0.01,78225.9,1776857006000
1776857007.649,207.649,0.6,0.63,0.38,0.43,0.03,0.05,78225.9,1776857006000
1776857008.213,208.213,0.61,0.62,0.38,0.39,0.01,0.01,78226.98,1776857007000
1776857009.238,209.238,0.61,0.62,0.38,0.39,0.01,0.01,78227.98,1776857008000
1776857010.38,210.38,0.61,0.62,0.38,0.39,0.01,0.01,78228.57,1776857009000
1776857010.981,210.981,0.61,0.62,0.38,0.39,0.01,0.01,78228.57,1776857010000
1776857011.341,211.341,0.61,0.62,0.38,0.39,0.01,0.01,78228.57,1776857010000
1776857011.768,211.768,0.61,0.62,0.38,0.39,0.01,0.01,78228.57,1776857010000
1776857012.11,212.11,0.61,0.62,0.38,0.39,0.01,0.01,78228.37,1776857011000
1776857012.444,212.444,0.61,0.62,0.38,0.39,0.01,0.01,78228.37,1776857011000
1776857012.896,212.896,0.61,0.62,0.38,0.39,0.01,0.01,78228.37,1776857011000
1776857013.232,213.232,0.61,0.62,0.38,0.39,0.01,0.01,78228.37,1776857011000
1776857013.586,213.586,0.61,0.62,0.38,0.39,0.01,0.01,78228.37,1776857012000
1776857013.991,213.991,0.61,0.62,0.38,0.39,0.01,0.01,78228.37,1776857012000
1776857014.331,214.331,0.61,0.62,0.38,0.39,0.01,0.01,78228.37,1776857012000
1776857014.752,214.752,0.61,0.62,0.38,0.39,0.01,0.01,78228.99,1776857013000
1776857015.101,215.101,0.62,0.63,0.37,0.38,0.01,0.01,78228.99,1776857013000
1776857015.799,215.799,0.6,0.61,0.39,0.4,0.01,0.01,78228.99,1776857014000
1776857016.137,216.137,0.6,0.61,0.39,0.4,0.01,0.01,78228.99,1776857014000
1776857016.755,216.755,0.6,0.61,0.39,0.4,0.01,0.01,78228.66,1776857015000
1776857017.341,217.341,0.6,0.61,0.39,0.4,0.01,0.01,78228.66,1776857015000
1776857017.691,217.691,0.59,0.6,0.39,0.41,0.01,0.02,78230.95,1776857016000
1776857018.055,218.055,0.59,0.6,0.4,0.41,0.01,0.01,78230.53,1776857017000
1776857018.412,218.412,0.59,0.6,0.4,0.41,0.01,0.01,78230.53,1776857017000
1776857019.109,219.109,0.6,0.61,0.4,0.41,0.01,0.01,78230.53,1776857017000
1776857019.538,219.538,0.62,0.65,0.38,0.4,0.03,0.02,78228.68,1776857018000
1776857019.878,219.878,0.71,0.73,0.27,0.29,0.02,0.02,78228.68,1776857018000
1776857020.249,220.249,0.72,0.73,0.27,0.28,0.01,0.01,78229.36,1776857019000
1776857020.585,220.585,0.73,0.76,0.23,0.27,0.03,0.04,78229.36,1776857019000
1776857020.929,220.929,0.76,0.77,0.23,0.24,0.01,0.01,78229.36,1776857019000
1776857021.294,221.294,0.76,0.77,0.23,0.24,0.01,0.01,78229.36,1776857019000
1776857021.629,221.629,0.76,0.77,0.23,0.24,0.01,0.01,78230.75,1776857020000
1776857022.047,222.047,0.76,0.77,0.23,0.24,0.01,0.01,78230.75,1776857020000
1776857022.39,222.39,0.76,0.77,0.23,0.24,0.01,0.01,78233.12,1776857021000
1776857022.901,222.901,0.76,0.77,0.23,0.24,0.01,0.01,78233.12,1776857021000
1776857023.292,223.292,0.77,0.78,0.23,0.24,0.01,0.01,78233.12,1776857021000
1776857023.649,223.649,0.79,0.8,0.2,0.21,0.01,0.01,78238.44,1776857022000
1776857023.984,223.984,0.79,0.8,0.2,0.21,0.01,0.01,78238.44,1776857022000
1776857024.368,224.368,0.79,0.8,0.2,0.21,0.01,0.01,78238.85,1776857023000
1776857024.789,224.789,0.79,0.8,0.2,0.21,0.01,0.01,78238.85,1776857023000
1776857025.328,225.328,0.79,0.8,0.2,0.21,0.01,0.01,78238.85,1776857023000
1776857025.7,225.7,0.79,0.8,0.2,0.21,0.01,0.01,78239.2,1776857024000
1776857026.129,226.129,0.79,0.8,0.2,0.21,0.01,0.01,78239.2,1776857024000
1776857026.476,226.476,0.79,0.8,0.2,0.21,0.01,0.01,78240.63,1776857025000
1776857026.827,226.827,0.79,0.8,0.2,0.21,0.01,0.01,78240.63,1776857025000
1776857027.399,227.399,0.79,0.8,0.2,0.21,0.01,0.01,78240.63,1776857026000
1776857027.77,227.77,0.8,0.81,0.19,0.21,0.01,0.02,78240.63,1776857026000
1776857028.148,228.148,0.8,0.81,0.19,0.2,0.01,0.01,78242.85,1776857027000
1776857028.782,228.782,0.78,0.79,0.2,0.22,0.01,0.02,78242.85,1776857027000
1776857029.163,229.163,0.77,0.78,0.22,0.24,0.01,0.02,78241.42,1776857028000
1776857029.521,229.521,0.77,0.78,0.22,0.23,0.01,0.01,78241.42,1776857028000
1776857029.866,229.866,0.77,0.78,0.22,0.23,0.01,0.01,78241.42,1776857028000
1776857030.259,230.259,0.77,0.79,0.22,0.23,0.02,0.01,78241.52,1776857029000
1776857030.627,230.627,0.79,0.8,0.2,0.21,0.01,0.01,78241.52,1776857029000
1776857030.991,230.991,0.81,0.82,0.18,0.19,0.01,0.01,78241.52,1776857029000
1776857031.351,231.351,0.81,0.82,0.18,0.19,0.01,0.01,78240.81,1776857030000
1776857031.696,231.696,0.79,0.81,0.19,0.21,0.02,0.02,78240.81,1776857030000
1776857032.12,232.12,0.79,0.8,0.2,0.21,0.01,0.01,78241.68,1776857031000
1776857032.483,232.483,0.79,0.8,0.2,0.21,0.01,0.01,78241.68,1776857031000
1776857032.979,232.979,0.8,0.81,0.19,0.21,0.01,0.02,78241.68,1776857031000
1776857033.316,233.316,0.8,0.81,0.19,0.2,0.01,0.01,78242.75,1776857032000
1776857033.695,233.695,0.8,0.81,0.19,0.2,0.01,0.01,78242.75,1776857032000
1776857034.13,234.13,0.81,0.82,0.18,0.19,0.01,0.01,78242.75,1776857032000
1776857034.82,234.82,0.8,0.81,0.18,0.2,0.01,0.02,78242.6,1776857033000
1776857035.17,235.17,0.8,0.81,0.19,0.2,0.01,0.01,78242.6,1776857033000
1776857035.56,235.56,0.8,0.81,0.19,0.2,0.01,0.01,78242.75,1776857034000
1776857036.163,236.163,0.8,0.81,0.19,0.2,0.01,0.01,78242.75,1776857034000
1776857036.871,236.871,0.81,0.82,0.19,0.2,0.01,0.01,78243.0,1776857035000
1776857037.282,237.282,0.81,0.82,0.18,0.19,0.01,0.01,78243.07,1776857036000
1776857037.671,237.671,0.82,0.83,0.17,0.18,0.01,0.01,78243.07,1776857036000
1776857038.044,238.044,0.82,0.83,0.17,0.18,0.01,0.01,78243.08,1776857037000
1776857038.563,238.563,0.84,0.85,0.15,0.18,0.01,0.03,78243.08,1776857037000
1776857038.932,238.932,0.84,0.85,0.15,0.16,0.01,0.01,78243.08,1776857037000
1776857039.339,239.339,0.84,0.85,0.15,0.16,0.01,0.01,78243.08,1776857037000
1776857039.803,239.803,0.84,0.85,0.15,0.16,0.01,0.01,78243.2,1776857038000
1776857040.321,240.321,0.86,0.87,0.13,0.14,0.01,0.01,78243.2,1776857038000
1776857040.686,240.686,0.88,0.89,0.11,0.12,0.01,0.01,78242.67,1776857039000
1776857041.038,241.038,0.88,0.89,0.11,0.12,0.01,0.01,78242.67,1776857039000
1776857041.376,241.376,0.88,0.89,0.11,0.12,0.01,0.01,78243.21,1776857040000
1776857041.841,241.841,0.88,0.89,0.11,0.12,0.01,0.01,78243.21,1776857040000
1776857042.194,242.194,0.88,0.9,0.1,0.12,0.02,0.02,78243.21,1776857040000
1776857042.699,242.699,0.92,0.93,0.07,0.08,0.01,0.01,78243.36,1776857041000
1776857043.054,243.054,0.92,0.93,0.07,0.08,0.01,0.01,78243.36,1776857041000
1776857043.406,243.406,0.93,0.94,0.06,0.07,0.01,0.01,78243.36,1776857041000
1776857043.76,243.76,0.9,0.91,0.09,0.1,0.01,0.01,78243.36,1776857041000
1776857044.106,244.106,0.88,0.89,0.11,0.12,0.01,0.01,78247.07,1776857042000
1776857044.481,244.481,0.9,0.91,0.09,0.1,0.01,0.01,78247.07,1776857042000
1776857044.877,244.877,0.9,0.91,0.09,0.1,0.01,0.01,78249.86,1776857043000
1776857045.218,245.218,0.9,0.91,0.09,0.1,0.01,0.01,78251.97,1776857044000
1776857045.652,245.652,0.9,0.91,0.09,0.1,0.01,0.01,78251.97,1776857044000
1776857046.115,246.115,0.9,0.91,0.09,0.1,0.01,0.01,78251.97,1776857044000
1776857046.577,246.577,0.9,0.91,0.09,0.1,0.01,0.01,78251.97,1776857044000
1776857047.119,247.119,0.9,0.91,0.09,0.1,0.01,0.01,78251.81,1776857045000
1776857047.71,247.71,0.9,0.92,0.08,0.1,0.02,0.02,78252.16,1776857046000
1776857048.388,248.388,0.91,0.92,0.08,0.1,0.01,0.02,78252.16,1776857046000
1776857048.739,248.739,0.91,0.92,0.08,0.09,0.01,0.01,78252.32,1776857047000
1776857049.089,249.089,0.92,0.93,0.07,0.08,0.01,0.01,78253.26,1776857048000
1776857049.506,249.506,0.92,0.94,0.06,0.08,0.02,0.02,78253.26,1776857048000
1776857049.843,249.843,0.91,0.94,0.06,0.07,0.03,0.01,78253.26,1776857048000
1776857050.221,250.221,0.91,0.95,0.05,0.07,0.04,0.02,78253.26,1776857048000
1776857050.562,250.562,0.93,0.94,0.06,0.07,0.01,0.01,78260.11,1776857049000
1776857050.949,250.949,0.94,0.95,0.05,0.07,0.01,0.02,78260.11,1776857049000
1776857051.316,251.316,0.94,0.95,0.05,0.06,0.01,0.01,78260.17,1776857050000
1776857051.656,251.656,0.92,0.93,0.07,0.08,0.01,0.01,78260.17,1776857050000
1776857052.008,252.008,0.91,0.93,0.06,0.08,0.02,0.02,78260.17,1776857050000
1776857052.534,252.534,0.91,0.92,0.08,0.09,0.01,0.01,78260.2,1776857051000
1776857052.909,252.909,0.91,0.92,0.08,0.09,0.01,0.01,78260.2,1776857051000
1776857053.245,253.245,0.91,0.93,0.08,0.09,0.02,0.01,78260.2,1776857051000
1776857053.724,253.724,0.93,0.94,0.06,0.07,0.01,0.01,78258.82,1776857052000
1776857054.091,254.091,0.93,0.94,0.06,0.07,0.01,0.01,78258.82,1776857052000
1776857054.43,254.43,0.94,0.95,0.05,0.06,0.01,0.01,78258.82,1776857052000
1776857054.765,254.765,0.94,0.95,0.05,0.06,0.01,0.01,78257.54,1776857053000
1776857055.113,255.113,0.94,0.95,0.05,0.06,0.01,0.01,78257.09,1776857054000
1776857055.632,255.632,0.94,0.95,0.05,0.06,0.01,0.01,78257.09,1776857054000
1776857056.033,256.033,0.94,0.95,0.05,0.06,0.01,0.01,78257.09,1776857054000
1776857056.663,256.663,0.94,0.95,0.05,0.06,0.01,0.01,78256.87,1776857055000
1776857057.024,257.024,0.94,0.95,0.05,0.06,0.01,0.01,78256.85,1776857056000
1776857057.476,257.476,0.94,0.95,0.05,0.06,0.01,0.01,78256.85,1776857056000
1776857057.867,257.867,0.93,0.94,0.06,0.07,0.01,0.01,78256.85,1776857056000
1776857058.23,258.23,0.93,0.94,0.06,0.07,0.01,0.01,78258.43,1776857057000
1776857058.565,258.565,0.93,0.94,0.06,0.07,0.01,0.01,78258.43,1776857057000
1776857058.927,258.927,0.93,0.94,0.06,0.07,0.01,0.01,78258.42,1776857058000
1776857059.397,259.397,0.94,0.95,0.05,0.07,0.01,0.02,78258.42,1776857058000
1776857059.757,259.757,0.94,0.95,0.05,0.06,0.01,0.01,78258.42,1776857058000
1776857060.219,260.219,0.94,0.95,0.05,0.06,0.01,0.01,78258.42,1776857058000
1776857060.802,260.802,0.94,0.95,0.05,0.06,0.01,0.01,78255.99,1776857059000
1776857061.24,261.24,0.94,0.95,0.05,0.06,0.01,0.01,78255.66,1776857060000
1776857061.77,261.77,0.94,0.95,0.05,0.06,0.01,0.01,78255.66,1776857060000
1776857062.129,262.129,0.94,0.95,0.05,0.06,0.01,0.01,78255.66,1776857060000
1776857062.658,262.658,0.94,0.95,0.05,0.06,0.01,0.01,78254.66,1776857061000
1776857063.068,263.068,0.94,0.95,0.05,0.06,0.01,0.01,78254.39,1776857062000
1776857063.426,263.426,0.94,0.95,0.05,0.06,0.01,0.01,78254.39,1776857062000
1776857063.764,263.764,0.94,0.95,0.05,0.06,0.01,0.01,78254.39,1776857062000
1776857064.247,264.247,0.94,0.95,0.05,0.06,0.01,0.01,78254.39,1776857063000
1776857064.652,264.652,0.94,0.95,0.05,0.06,0.01,0.01,78254.39,1776857063000
1776857064.985,264.985,0.89,0.9,0.1,0.11,0.01,0.01,78254.39,1776857063000
1776857065.484,265.484,0.89,0.9,0.1,0.11,0.01,0.01,78254.45,1776857064000
1776857065.892,265.892,0.89,0.9,0.1,0.11,0.01,0.01,78254.45,1776857064000
1776857066.249,266.249,0.89,0.9,0.1,0.11,0.01,0.01,78256.13,1776857065000
1776857066.701,266.701,0.82,0.87,0.13,0.18,0.05,0.05,78256.13,1776857065000
1776857067.104,267.104,0.84,0.85,0.15,0.16,0.01,0.01,78256.13,1776857065000
1776857067.458,267.458,0.83,0.84,0.16,0.17,0.01,0.01,78246.21,1776857066000
1776857067.846,267.846,0.83,0.84,0.16,0.17,0.01,0.01,78246.21,1776857066000
1776857068.365,268.365,0.83,0.84,0.16,0.17,0.01,0.01,78245.53,1776857067000
1776857069.09,269.09,0.84,0.86,0.16,0.17,0.02,0.01,78245.53,1776857067000
1776857069.46,269.46,0.85,0.86,0.14,0.15,0.01,0.01,78242.66,1776857068000
1776857069.858,269.858,0.85,0.86,0.14,0.15,0.01,0.01,78242.66,1776857068000
1776857070.241,270.241,0.85,0.86,0.14,0.15,0.01,0.01,78241.52,1776857069000
1776857071.392,271.392,0.86,0.88,0.13,0.15,0.02,0.02,78241.52,1776857069000
1776857071.838,271.838,0.86,0.89,0.12,0.14,0.03,0.02,78241.4,1776857070000
1776857072.856,272.856,0.88,0.9,0.11,0.12,0.02,0.01,78242.29,1776857071000
1776857073.516,273.516,0.86,0.87,0.1,0.14,0.01,0.04,78242.69,1776857072000
1776857074.241,274.241,0.84,0.87,0.13,0.16,0.03,0.03,78239.43,1776857073000
1776857074.874,274.874,0.86,0.87,0.13,0.14,0.01,0.01,78239.43,1776857073000
1776857075.348,275.348,0.86,0.87,0.13,0.14,0.01,0.01,78239.43,1776857073000
1776857075.711,275.711,0.86,0.87,0.13,0.14,0.01,0.01,78238.43,1776857074000
1776857076.112,276.112,0.86,0.87,0.13,0.14,0.01,0.01,78238.42,1776857075000
1776857076.536,276.536,0.86,0.87,0.13,0.14,0.01,0.01,78238.42,1776857075000
1776857076.893,276.893,0.87,0.88,0.12,0.13,0.01,0.01,78238.42,1776857075000
1776857077.255,277.255,0.87,0.89,0.12,0.13,0.02,0.01,78238.1,1776857076000
1776857077.617,277.617,0.88,0.89,0.11,0.12,0.01,0.01,78238.1,1776857076000
1776857077.976,277.976,0.88,0.89,0.11,0.12,0.01,0.01,78238.1,1776857076000
1776857078.329,278.329,0.88,0.89,0.11,0.12,0.01,0.01,78238.66,1776857077000
1776857078.753,278.753,0.88,0.89,0.11,0.12,0.01,0.01,78238.66,1776857077000
1776857079.169,279.169,0.89,0.9,0.1,0.11,0.01,0.01,78238.06,1776857078000
1776857079.569,279.569,0.89,0.9,0.1,0.11,0.01,0.01,78238.06,1776857078000
1776857079.981,279.981,0.89,0.9,0.1,0.11,0.01,0.01,78238.06,1776857078000
1776857080.363,280.363,0.91,0.92,0.08,0.09,0.01,0.01,78238.05,1776857079000
1776857080.742,280.742,0.91,0.92,0.08,0.09,0.01,0.01,78238.05,1776857079000
1776857081.158,281.158,0.91,0.92,0.08,0.09,0.01,0.01,78238.05,1776857079000
1776857081.492,281.492,0.85,0.86,0.14,0.15,0.01,0.01,78238.05,1776857079000
1776857081.843,281.843,0.85,0.86,0.14,0.15,0.01,0.01,78238.19,1776857080000
1776857082.313,282.313,0.87,0.88,0.13,0.14,0.01,0.01,78237.75,1776857081000
1776857082.701,282.701,0.87,0.88,0.12,0.13,0.01,0.01,78237.75,1776857081000
1776857083.223,283.223,0.87,0.88,0.12,0.13,0.01,0.01,78236.64,1776857082000
1776857083.592,283.592,0.9,0.91,0.12,0.13,0.01,0.01,78236.64,1776857082000
1776857084.039,284.039,0.92,0.93,0.07,0.08,0.01,0.01,78236.64,1776857082000
1776857084.43,284.43,0.93,0.94,0.06,0.07,0.01,0.01,78236.21,1776857083000
1776857084.801,284.801,0.93,0.94,0.06,0.07,0.01,0.01,78236.21,1776857083000
1776857085.178,285.178,0.93,0.94,0.06,0.07,0.01,0.01,78236.31,1776857084000
1776857085.529,285.529,0.93,0.94,0.06,0.07,0.01,0.01,78236.31,1776857084000
1776857085.9,285.9,0.94,0.96,0.04,0.06,0.02,0.02,78236.42,1776857085000
1776857086.524,286.524,0.95,0.96,0.04,0.05,0.01,0.01,78236.42,1776857085000
1776857086.92,286.92,0.95,0.96,0.04,0.05,0.01,0.01,78236.42,1776857085000
1776857087.347,287.347,0.96,0.97,0.03,0.04,0.01,0.01,78236.45,1776857086000
1776857087.701,287.701,0.96,0.97,0.03,0.04,0.01,0.01,78236.45,1776857086000
1776857088.143,288.143,0.96,0.97,0.03,0.04,0.01,0.01,78236.45,1776857087000
1776857088.559,288.559,0.97,0.98,0.02,0.03,0.01,0.01,78236.45,1776857087000
1776857088.975,288.975,0.97,0.98,0.02,0.03,0.01,0.01,78236.36,1776857088000
1776857089.34,289.34,0.97,0.98,0.02,0.03,0.01,0.01,78236.36,1776857088000
1776857089.784,289.784,0.97,0.98,0.02,0.03,0.01,0.01,78236.36,1776857088000
1776857090.354,290.354,0.97,0.98,0.02,0.03,0.01,0.01,78236.29,1776857089000
1776857090.728,290.728,0.97,0.98,0.02,0.03,0.01,0.01,78236.29,1776857089000
1776857091.082,291.082,0.97,0.98,0.02,0.03,0.01,0.01,78236.29,1776857089000
1776857091.439,291.439,0.97,0.98,0.02,0.03,0.01,0.01,78236.82,1776857090000
1776857092.116,292.116,0.97,0.98,0.02,0.03,0.01,0.01,78236.82,1776857090000
1776857092.521,292.521,0.97,0.98,0.02,0.03,0.01,0.01,78239.13,1776857091000
1776857092.89,292.89,0.97,0.98,0.02,0.03,0.01,0.01,78239.13,1776857091000
1776857093.24,293.24,0.97,0.98,0.02,0.03,0.01,0.01,78236.82,1776857092000
1776857093.577,293.577,0.97,0.98,0.02,0.03,0.01,0.01,78236.82,1776857092000
1776857093.954,293.954,0.98,0.99,0.01,0.03,0.01,0.02,78236.82,1776857092000
1776857094.349,294.349,0.98,0.99,0.01,0.02,0.01,0.01,78236.76,1776857093000
1776857094.736,294.736,0.98,0.99,0.01,0.02,0.01,0.01,78236.76,1776857093000
1776857095.091,295.091,0.98,0.99,0.01,0.02,0.01,0.01,78237.85,1776857094000
1776857095.43,295.43,0.98,0.99,0.01,0.02,0.01,0.01,78237.85,1776857094000
1776857095.895,295.895,0.98,0.99,0.01,0.02,0.01,0.01,78237.85,1776857094000
1776857096.327,296.327,0.98,0.99,0.01,0.02,0.01,0.01,78236.71,1776857095000
1776857096.764,296.764,0.99,0.99,0.01,0.02,0.0,0.01,78236.71,1776857095000
1776857097.178,297.178,0.99,0.99,0.01,0.01,0.0,0.0,78236.71,1776857095000
1776857097.589,297.589,0.99,0.99,0.01,0.01,0.0,0.0,78236.86,1776857096000
1776857098.003,298.003,0.99,0.99,0.01,0.01,0.0,0.0,78236.86,1776857096000
1776857098.48,298.48,0.99,0.99,0.01,0.01,0.0,0.0,78237.2,1776857097000
1776857098.86,298.86,0.87,0.88,0.12,0.13,0.01,0.01,78237.2,1776857097000
1776857099.418,299.418,0.99,0.88,0.12,0.01,-0.11,-0.11,78237.72,1776857098000
1776857099.97,299.97,0.99,0.88,0.12,0.01,-0.11,-0.11,78237.72,1776857098000
1776857100.307,300.307,0.99,0.88,0.12,0.01,-0.11,-0.11,78237.72,1776857099000
1776857100.78,300.78,0.99,0.88,0.12,0.01,-0.11,-0.11,78237.72,1776857099000
1776857101.973,301.973,0.99,0.88,0.12,0.01,-0.11,-0.11,78238.71,1776857101000
1776857102.879,302.879,0.99,0.88,0.12,0.01,-0.11,-0.11,78238.71,1776857102000

# RESULT,winner=Up,slug=btc-updown-5m-1776856800,ticks=674
