timestamp,elapsed_sec,up_bid,up_ask,down_bid,down_ask,up_spread,down_spread,btc_price,btc_oracle_ts
1777234200.621,0.621,0.5,0.51,0.49,0.5,0.01,0.01,78277.73,1777234199000
1777234201.395,1.395,0.5,0.51,0.49,0.5,0.01,0.01,78277.73,1777234199000
1777234201.935,1.935,0.5,0.51,0.49,0.5,0.01,0.01,78276.45,1777234200000
1777234202.349,2.349,0.46,0.49,0.51,0.54,0.03,0.03,78274.91,1777234201000
1777234202.695,2.695,0.45,0.51,0.49,0.54,0.06,0.05,78274.91,1777234201000
1777234203.085,3.085,0.45,0.47,0.53,0.55,0.02,0.02,78274.91,1777234201000
1777234203.555,3.555,0.46,0.47,0.53,0.54,0.01,0.01,78271.84,1777234202000
1777234203.897,3.897,0.46,0.47,0.53,0.54,0.01,0.01,78271.84,1777234202000
1777234204.285,4.285,0.41,0.43,0.58,0.59,0.02,0.01,78267.92,1777234203000
1777234204.972,4.972,0.42,0.43,0.57,0.58,0.01,0.01,78267.92,1777234203000
1777234205.574,5.574,0.42,0.43,0.57,0.58,0.01,0.01,78265.73,1777234204000
1777234206.062,6.062,0.42,0.45,0.55,0.58,0.03,0.03,78265.73,1777234204000
1777234206.405,6.405,0.42,0.43,0.57,0.58,0.01,0.01,78266.13,1777234205000
1777234206.808,6.808,0.42,0.46,0.54,0.58,0.04,0.04,78266.13,1777234205000
1777234207.859,7.859,0.42,0.46,0.54,0.58,0.04,0.04,78266.13,1777234206000
1777234208.354,8.354,0.42,0.44,0.57,0.6,0.02,0.03,78265.97,1777234207000
1777234208.753,8.753,0.42,0.43,0.57,0.58,0.01,0.01,78265.97,1777234207000
1777234209.132,9.132,0.44,0.45,0.55,0.6,0.01,0.05,78265.97,1777234207000
1777234209.642,9.642,0.42,0.43,0.57,0.58,0.01,0.01,78265.94,1777234208000
1777234209.988,9.988,0.41,0.43,0.57,0.58,0.02,0.01,78265.94,1777234208000
1777234210.412,10.412,0.41,0.42,0.58,0.59,0.01,0.01,78265.84,1777234209000
1777234211.02,11.02,0.41,0.42,0.58,0.59,0.01,0.01,78265.84,1777234209000
1777234211.418,11.418,0.4,0.42,0.58,0.59,0.02,0.01,78265.88,1777234210000
1777234211.835,11.835,0.4,0.41,0.59,0.6,0.01,0.01,78265.88,1777234210000
1777234212.241,12.241,0.4,0.41,0.59,0.6,0.01,0.01,78265.88,1777234210000
1777234213.062,13.062,0.4,0.41,0.59,0.6,0.01,0.01,78265.96,1777234212000
1777234213.831,13.831,0.4,0.41,0.59,0.6,0.01,0.01,78265.96,1777234212000
1777234214.797,14.797,0.4,0.41,0.59,0.6,0.01,0.01,78265.96,1777234213000
1777234215.211,15.211,0.38,0.41,0.59,0.62,0.03,0.03,78265.96,1777234213000
1777234215.55,15.55,0.39,0.41,0.59,0.61,0.02,0.02,78265.78,1777234214000
1777234215.888,15.888,0.37,0.41,0.59,0.63,0.04,0.04,78265.78,1777234214000
1777234216.254,16.254,0.39,0.41,0.59,0.64,0.02,0.05,78264.07,1777234215000
1777234216.608,16.608,0.4,0.41,0.59,0.61,0.01,0.02,78264.07,1777234215000
1777234217.199,17.199,0.33,0.39,0.59,0.67,0.06,0.08,78264.07,1777234215000
1777234217.931,17.931,0.36,0.37,0.6,0.65,0.01,0.05,78263.89,1777234216000
1777234218.398,18.398,0.37,0.38,0.62,0.63,0.01,0.01,78263.89,1777234217000
1777234219.174,19.174,0.37,0.38,0.62,0.63,0.01,0.01,78263.89,1777234217000
1777234219.524,19.524,0.37,0.38,0.62,0.63,0.01,0.01,78263.89,1777234218000
1777234219.93,19.93,0.37,0.38,0.62,0.63,0.01,0.01,78263.89,1777234218000
1777234220.288,20.288,0.37,0.38,0.62,0.63,0.01,0.01,78263.89,1777234219000
1777234220.673,20.673,0.37,0.38,0.62,0.63,0.01,0.01,78263.89,1777234219000
1777234221.372,21.372,0.36,0.38,0.62,0.64,0.02,0.02,78263.89,1777234220000
1777234222.342,22.342,0.36,0.37,0.62,0.64,0.01,0.02,78263.89,1777234220000
1777234222.962,22.962,0.36,0.37,0.63,0.64,0.01,0.01,78262.09,1777234222000
1777234223.428,23.428,0.36,0.37,0.63,0.64,0.01,0.01,78262.09,1777234222000
1777234223.854,23.854,0.35,0.37,0.63,0.65,0.02,0.02,78262.09,1777234222000
1777234224.265,24.265,0.32,0.37,0.63,0.68,0.05,0.05,78261.49,1777234223000
1777234224.675,24.675,0.35,0.37,0.63,0.68,0.02,0.05,78261.49,1777234223000
1777234225.01,25.01,0.28,0.31,0.66,0.72,0.03,0.06,78258.39,1777234224000
1777234225.352,25.352,0.3,0.34,0.69,0.7,0.04,0.01,78258.39,1777234224000
1777234225.69,25.69,0.35,0.36,0.64,0.65,0.01,0.01,78258.39,1777234224000
1777234226.03,26.03,0.33,0.34,0.66,0.67,0.01,0.01,78258.39,1777234224000
1777234226.401,26.401,0.33,0.34,0.66,0.67,0.01,0.01,78258.39,1777234224000
1777234226.834,26.834,0.33,0.34,0.66,0.67,0.01,0.01,78258.39,1777234224000
1777234227.168,27.168,0.33,0.34,0.66,0.67,0.01,0.01,78255.82,1777234225000
1777234227.579,27.579,0.33,0.34,0.66,0.67,0.01,0.01,78257.13,1777234226000
1777234227.928,27.928,0.33,0.34,0.66,0.67,0.01,0.01,78257.13,1777234226000
1777234228.63,28.63,0.33,0.34,0.66,0.67,0.01,0.01,78257.13,1777234227000
1777234228.97,28.97,0.33,0.34,0.66,0.67,0.01,0.01,78257.13,1777234227000
1777234229.322,29.322,0.33,0.34,0.66,0.67,0.01,0.01,78257.13,1777234227000
1777234229.884,29.884,0.33,0.34,0.66,0.67,0.01,0.01,78257.21,1777234228000
1777234231.234,31.234,0.32,0.34,0.66,0.67,0.02,0.01,78257.21,1777234229000
1777234231.611,31.611,0.31,0.34,0.66,0.69,0.03,0.03,78256.26,1777234230000
1777234231.992,31.992,0.31,0.34,0.66,0.69,0.03,0.03,78256.26,1777234230000
1777234232.347,32.347,0.32,0.33,0.67,0.69,0.01,0.02,78256.26,1777234230000
1777234232.873,32.873,0.32,0.33,0.67,0.68,0.01,0.01,78256.26,1777234231000
1777234233.241,33.241,0.32,0.33,0.67,0.68,0.01,0.01,78256.26,1777234232000
1777234233.757,33.757,0.32,0.33,0.67,0.68,0.01,0.01,78256.26,1777234232000
1777234234.156,34.156,0.32,0.33,0.67,0.68,0.01,0.01,78256.26,1777234232000
1777234234.529,34.529,0.31,0.32,0.68,0.69,0.01,0.01,78256.27,1777234233000
1777234235.175,35.175,0.31,0.32,0.68,0.69,0.01,0.01,78256.27,1777234233000
1777234235.518,35.518,0.31,0.32,0.68,0.69,0.01,0.01,78256.27,1777234234000
1777234236.43,36.43,0.31,0.32,0.68,0.69,0.01,0.01,78256.27,1777234235000
1777234236.774,36.774,0.3,0.32,0.68,0.69,0.02,0.01,78256.27,1777234235000
1777234237.378,37.378,0.3,0.31,0.68,0.7,0.01,0.02,78256.27,1777234236000
1777234238.284,38.284,0.3,0.31,0.69,0.7,0.01,0.01,78256.28,1777234237000
1777234238.664,38.664,0.3,0.31,0.69,0.7,0.01,0.01,78256.28,1777234237000
1777234239.134,39.134,0.3,0.31,0.69,0.7,0.01,0.01,78256.28,1777234237000
1777234239.88,39.88,0.3,0.31,0.69,0.7,0.01,0.01,78256.28,1777234238000
1777234240.251,40.251,0.3,0.31,0.69,0.7,0.01,0.01,78256.28,1777234238000
1777234240.75,40.75,0.3,0.31,0.69,0.7,0.01,0.01,78256.07,1777234239000
1777234241.173,41.173,0.3,0.31,0.69,0.7,0.01,0.01,78256.07,1777234239000
1777234241.574,41.574,0.3,0.31,0.69,0.7,0.01,0.01,78256.01,1777234240000
1777234241.954,41.954,0.29,0.3,0.69,0.7,0.01,0.01,78256.01,1777234240000
1777234242.449,42.449,0.29,0.3,0.7,0.71,0.01,0.01,78256.06,1777234241000
1777234242.84,42.84,0.29,0.3,0.7,0.71,0.01,0.01,78256.06,1777234241000
1777234243.208,43.208,0.29,0.3,0.7,0.71,0.01,0.01,78256.06,1777234241000
1777234243.734,43.734,0.3,0.31,0.69,0.71,0.01,0.02,78256.43,1777234242000
1777234244.355,44.355,0.3,0.31,0.69,0.7,0.01,0.01,78255.68,1777234243000
1777234244.688,44.688,0.3,0.31,0.69,0.7,0.01,0.01,78255.68,1777234243000
1777234245.122,45.122,0.3,0.31,0.69,0.7,0.01,0.01,78255.68,1777234244000
1777234245.725,45.725,0.3,0.31,0.69,0.7,0.01,0.01,78255.68,1777234244000
1777234246.087,46.087,0.3,0.31,0.69,0.7,0.01,0.01,78255.68,1777234244000
1777234246.497,46.497,0.3,0.31,0.69,0.7,0.01,0.01,78256.3,1777234245000
1777234246.85,46.85,0.3,0.31,0.69,0.7,0.01,0.01,78256.3,1777234245000
1777234247.284,47.284,0.3,0.31,0.69,0.7,0.01,0.01,78256.3,1777234246000
1777234247.624,47.624,0.3,0.32,0.69,0.7,0.02,0.01,78256.3,1777234246000
1777234247.972,47.972,0.31,0.34,0.67,0.69,0.03,0.02,78256.3,1777234246000
1777234248.655,48.655,0.32,0.34,0.66,0.68,0.02,0.02,78256.3,1777234247000
1777234249.207,49.207,0.33,0.34,0.66,0.67,0.01,0.01,78256.3,1777234247000
1777234249.649,49.649,0.33,0.34,0.66,0.67,0.01,0.01,78256.53,1777234248000
1777234250.178,50.178,0.34,0.35,0.65,0.66,0.01,0.01,78257.83,1777234249000
1777234251.006,51.006,0.34,0.35,0.65,0.66,0.01,0.01,78257.83,1777234249000
1777234251.352,51.352,0.34,0.35,0.65,0.66,0.01,0.01,78259.34,1777234250000
1777234251.746,51.746,0.34,0.35,0.65,0.66,0.01,0.01,78259.34,1777234250000
1777234252.185,52.185,0.34,0.35,0.65,0.66,0.01,0.01,78259.34,1777234251000
1777234253.05,53.05,0.34,0.35,0.65,0.66,0.01,0.01,78259.34,1777234251000
1777234253.944,53.944,0.34,0.37,0.65,0.66,0.03,0.01,78259.47,1777234252000
1777234254.287,54.287,0.4,0.41,0.59,0.6,0.01,0.01,78259.47,1777234252000
1777234254.644,54.644,0.38,0.39,0.59,0.62,0.01,0.03,78259.45,1777234253000
1777234254.991,54.991,0.34,0.4,0.61,0.66,0.06,0.05,78259.45,1777234253000
1777234255.538,55.538,0.35,0.4,0.6,0.65,0.05,0.05,78259.52,1777234254000
1777234255.932,55.932,0.39,0.4,0.59,0.61,0.01,0.02,78259.52,1777234254000
1777234256.305,56.305,0.39,0.4,0.6,0.61,0.01,0.01,78259.53,1777234255000
1777234256.701,56.701,0.39,0.4,0.6,0.61,0.01,0.01,78259.53,1777234255000
1777234257.095,57.095,0.47,0.48,0.52,0.53,0.01,0.01,78259.53,1777234255000
1777234257.465,57.465,0.47,0.48,0.52,0.53,0.01,0.01,78260.4,1777234256000
1777234257.8,57.8,0.47,0.48,0.52,0.53,0.01,0.01,78260.4,1777234256000
1777234258.157,58.157,0.47,0.48,0.52,0.53,0.01,0.01,78260.4,1777234256000
1777234259.023,59.023,0.47,0.48,0.52,0.53,0.01,0.01,78261.49,1777234257000
1777234259.439,59.439,0.48,0.49,0.51,0.52,0.01,0.01,78265.08,1777234258000
1777234259.951,59.951,0.48,0.49,0.51,0.52,0.01,0.01,78265.08,1777234258000
1777234260.501,60.501,0.48,0.49,0.51,0.52,0.01,0.01,78267.19,1777234259000
1777234261.328,61.328,0.48,0.49,0.51,0.52,0.01,0.01,78267.46,1777234260000
1777234261.693,61.693,0.48,0.49,0.51,0.52,0.01,0.01,78267.46,1777234260000
1777234262.127,62.127,0.48,0.49,0.51,0.52,0.01,0.01,78267.46,1777234260000
1777234262.501,62.501,0.48,0.49,0.51,0.52,0.01,0.01,78267.46,1777234261000
1777234262.837,62.837,0.48,0.49,0.51,0.52,0.01,0.01,78267.46,1777234261000
1777234263.366,63.366,0.48,0.49,0.51,0.52,0.01,0.01,78268.24,1777234262000
1777234263.909,63.909,0.48,0.49,0.51,0.52,0.01,0.01,78268.24,1777234262000
1777234264.413,64.413,0.48,0.49,0.51,0.52,0.01,0.01,78268.81,1777234263000
1777234264.827,64.827,0.49,0.5,0.51,0.52,0.01,0.01,78268.81,1777234263000
1777234265.215,65.215,0.49,0.5,0.5,0.51,0.01,0.01,78268.81,1777234263000
1777234265.709,65.709,0.49,0.5,0.5,0.51,0.01,0.01,78268.82,1777234264000
1777234266.231,66.231,0.48,0.5,0.5,0.51,0.02,0.01,78268.82,1777234264000
1777234266.61,66.61,0.48,0.49,0.51,0.52,0.01,0.01,78268.82,1777234265000
1777234266.956,66.956,0.48,0.49,0.51,0.52,0.01,0.01,78268.82,1777234265000
1777234267.756,67.756,0.48,0.49,0.51,0.52,0.01,0.01,78268.81,1777234266000
1777234268.175,68.175,0.48,0.49,0.51,0.52,0.01,0.01,78268.9,1777234267000
1777234268.688,68.688,0.48,0.49,0.51,0.52,0.01,0.01,78268.9,1777234267000
1777234269.261,69.261,0.48,0.49,0.51,0.52,0.01,0.01,78268.9,1777234267000
1777234269.649,69.649,0.48,0.49,0.51,0.52,0.01,0.01,78268.89,1777234268000
1777234270.086,70.086,0.48,0.5,0.51,0.52,0.02,0.01,78268.89,1777234268000
1777234270.485,70.485,0.48,0.51,0.49,0.52,0.03,0.03,78268.89,1777234268000
1777234270.969,70.969,0.5,0.51,0.48,0.5,0.01,0.02,78269.75,1777234269000
1777234271.481,71.481,0.5,0.51,0.49,0.5,0.01,0.01,78269.75,1777234270000
1777234272.082,72.082,0.5,0.51,0.49,0.5,0.01,0.01,78269.75,1777234270000
1777234272.951,72.951,0.5,0.51,0.49,0.5,0.01,0.01,78269.78,1777234271000
1777234273.302,73.302,0.49,0.51,0.49,0.51,0.02,0.02,78269.78,1777234271000
1777234273.639,73.639,0.49,0.51,0.49,0.51,0.02,0.02,78269.85,1777234272000
1777234274.049,74.049,0.46,0.47,0.53,0.54,0.01,0.01,78269.85,1777234272000
1777234274.484,74.484,0.46,0.47,0.53,0.54,0.01,0.01,78269.85,1777234273000
1777234275.044,75.044,0.45,0.46,0.54,0.55,0.01,0.01,78269.85,1777234273000
1777234275.499,75.499,0.45,0.46,0.54,0.55,0.01,0.01,78269.85,1777234273000
1777234275.984,75.984,0.45,0.46,0.54,0.55,0.01,0.01,78269.84,1777234274000
1777234276.442,76.442,0.45,0.46,0.54,0.55,0.01,0.01,78269.75,1777234275000
1777234276.823,76.823,0.45,0.46,0.54,0.55,0.01,0.01,78269.75,1777234275000
1777234277.282,77.282,0.45,0.46,0.54,0.55,0.01,0.01,78269.75,1777234276000
1777234277.806,77.806,0.45,0.46,0.54,0.55,0.01,0.01,78269.75,1777234276000
1777234278.411,78.411,0.44,0.45,0.55,0.56,0.01,0.01,78267.64,1777234277000
1777234278.917,78.917,0.44,0.45,0.55,0.56,0.01,0.01,78269.76,1777234278000
1777234279.343,79.343,0.44,0.45,0.55,0.56,0.01,0.01,78269.76,1777234278000
1777234279.759,79.759,0.43,0.45,0.55,0.56,0.02,0.01,78269.76,1777234278000
1777234280.304,80.304,0.43,0.44,0.56,0.57,0.01,0.01,78269.76,1777234278000
1777234280.91,80.91,0.43,0.44,0.56,0.57,0.01,0.01,78269.76,1777234279000
1777234281.31,81.31,0.43,0.44,0.56,0.57,0.01,0.01,78269.76,1777234280000
1777234281.662,81.662,0.43,0.44,0.56,0.57,0.01,0.01,78269.76,1777234280000
1777234282.46,82.46,0.43,0.44,0.56,0.57,0.01,0.01,78269.76,1777234281000
1777234282.836,82.836,0.43,0.44,0.56,0.57,0.01,0.01,78269.76,1777234281000
1777234284.243,84.243,0.43,0.48,0.52,0.57,0.05,0.05,78269.86,1777234283000
1777234285.245,85.245,0.45,0.46,0.52,0.57,0.01,0.05,78269.86,1777234283000
1777234286.068,86.068,0.45,0.46,0.54,0.55,0.01,0.01,78269.87,1777234284000
1777234286.469,86.469,0.45,0.46,0.54,0.55,0.01,0.01,78269.87,1777234285000
1777234286.845,86.845,0.44,0.45,0.55,0.56,0.01,0.01,78269.87,1777234285000
1777234287.232,87.232,0.42,0.45,0.55,0.56,0.03,0.01,78269.81,1777234286000
1777234287.665,87.665,0.39,0.4,0.6,0.61,0.01,0.01,78269.81,1777234286000
1777234287.999,87.999,0.38,0.39,0.6,0.62,0.01,0.02,78269.81,1777234287000
1777234288.48,88.48,0.38,0.39,0.61,0.62,0.01,0.01,78269.81,1777234287000
1777234288.992,88.992,0.38,0.39,0.61,0.62,0.01,0.01,78269.81,1777234287000
1777234289.326,89.326,0.36,0.38,0.62,0.64,0.02,0.02,78269.66,1777234288000
1777234289.767,89.767,0.37,0.38,0.62,0.64,0.01,0.02,78269.66,1777234288000
1777234290.468,90.468,0.37,0.38,0.62,0.63,0.01,0.01,78269.66,1777234289000
1777234291.048,91.048,0.36,0.37,0.63,0.64,0.01,0.01,78269.66,1777234289000
1777234291.462,91.462,0.36,0.37,0.63,0.64,0.01,0.01,78269.7,1777234290000
1777234291.974,91.974,0.36,0.43,0.63,0.64,0.07,0.01,78269.7,1777234290000
1777234292.644,92.644,0.36,0.37,0.57,0.64,0.01,0.07,78269.68,1777234291000
1777234293.091,93.091,0.36,0.37,0.63,0.64,0.01,0.01,78269.68,1777234291000
1777234293.472,93.472,0.3,0.36,0.64,0.7,0.06,0.06,78267.36,1777234292000
1777234293.864,93.864,0.3,0.36,0.64,0.7,0.06,0.06,78267.36,1777234292000
1777234294.23,94.23,0.29,0.3,0.7,0.71,0.01,0.01,78264.85,1777234293000
1777234294.633,94.633,0.29,0.3,0.7,0.71,0.01,0.01,78264.85,1777234293000
1777234294.989,94.989,0.29,0.3,0.7,0.71,0.01,0.01,78264.85,1777234293000
1777234295.355,95.355,0.3,0.31,0.69,0.7,0.01,0.01,78264.52,1777234294000
1777234295.726,95.726,0.32,0.33,0.66,0.68,0.01,0.02,78264.52,1777234294000
1777234296.219,96.219,0.31,0.32,0.68,0.69,0.01,0.01,78264.12,1777234295000
1777234296.557,96.557,0.3,0.31,0.69,0.7,0.01,0.01,78264.12,1777234295000
1777234297.07,97.07,0.3,0.31,0.69,0.7,0.01,0.01,78264.12,1777234295000
1777234297.922,97.922,0.3,0.31,0.69,0.7,0.01,0.01,78263.83,1777234296000
1777234298.263,98.263,0.3,0.31,0.69,0.7,0.01,0.01,78263.83,1777234296000
1777234298.609,98.609,0.3,0.31,0.69,0.7,0.01,0.01,78263.25,1777234297000
1777234298.958,98.958,0.3,0.31,0.69,0.7,0.01,0.01,78263.25,1777234297000
1777234299.311,99.311,0.3,0.31,0.69,0.7,0.01,0.01,78263.4,1777234298000
1777234299.666,99.666,0.3,0.31,0.69,0.7,0.01,0.01,78263.4,1777234298000
1777234300.173,100.173,0.3,0.31,0.69,0.7,0.01,0.01,78263.4,1777234298000
1777234300.509,100.509,0.31,0.32,0.68,0.7,0.01,0.02,78263.4,1777234299000
1777234300.951,100.951,0.31,0.32,0.68,0.69,0.01,0.01,78263.4,1777234299000
1777234301.302,101.302,0.31,0.32,0.68,0.69,0.01,0.01,78263.4,1777234299000
1777234301.762,101.762,0.31,0.32,0.68,0.69,0.01,0.01,78263.4,1777234300000
1777234302.115,102.115,0.31,0.32,0.68,0.69,0.01,0.01,78263.42,1777234301000
1777234302.864,102.864,0.31,0.32,0.68,0.69,0.01,0.01,78263.42,1777234301000
1777234303.382,103.382,0.3,0.44,0.68,0.7,0.14,0.02,78263.42,1777234302000
1777234303.805,103.805,0.3,0.31,0.69,0.7,0.01,0.01,78263.42,1777234302000
1777234304.281,104.281,0.34,0.35,0.55,0.66,0.01,0.11,78263.17,1777234303000
1777234304.621,104.621,0.43,0.44,0.56,0.57,0.01,0.01,78263.17,1777234303000
1777234305.05,105.05,0.43,0.44,0.56,0.57,0.01,0.01,78263.17,1777234303000
1777234305.441,105.441,0.45,0.46,0.54,0.55,0.01,0.01,78261.9,1777234304000
1777234305.78,105.78,0.45,0.48,0.54,0.55,0.03,0.01,78261.9,1777234304000
1777234306.163,106.163,0.45,0.46,0.54,0.55,0.01,0.01,78261.83,1777234305000
1777234307.069,107.069,0.45,0.46,0.54,0.55,0.01,0.01,78261.83,1777234305000
1777234307.568,107.568,0.45,0.46,0.54,0.55,0.01,0.01,78261.82,1777234306000
1777234308.076,108.076,0.45,0.46,0.54,0.56,0.01,0.02,78261.82,1777234306000
1777234308.567,108.567,0.45,0.46,0.54,0.55,0.01,0.01,78261.96,1777234307000
1777234309.004,109.004,0.44,0.46,0.54,0.55,0.02,0.01,78261.96,1777234307000
1777234309.656,109.656,0.47,0.48,0.52,0.53,0.01,0.01,78261.97,1777234308000
1777234310.038,110.038,0.47,0.48,0.52,0.53,0.01,0.01,78261.97,1777234308000
1777234310.492,110.492,0.47,0.48,0.52,0.53,0.01,0.01,78262.75,1777234309000
1777234310.913,110.913,0.47,0.48,0.52,0.53,0.01,0.01,78262.75,1777234309000
1777234311.297,111.297,0.47,0.48,0.52,0.53,0.01,0.01,78262.82,1777234310000
1777234311.988,111.988,0.47,0.48,0.52,0.53,0.01,0.01,78262.82,1777234310000
1777234312.346,112.346,0.47,0.48,0.52,0.53,0.01,0.01,78262.7,1777234311000
1777234312.72,112.72,0.47,0.48,0.52,0.53,0.01,0.01,78262.7,1777234311000
1777234313.24,113.24,0.47,0.48,0.52,0.53,0.01,0.01,78262.7,1777234312000
1777234313.791,113.791,0.47,0.59,0.52,0.53,0.12,0.01,78262.7,1777234312000
1777234314.317,114.317,0.47,0.48,0.41,0.53,0.01,0.12,78262.88,1777234313000
1777234314.666,114.666,0.47,0.48,0.52,0.53,0.01,0.01,78262.88,1777234313000
1777234315.048,115.048,0.46,0.48,0.52,0.54,0.02,0.02,78262.88,1777234313000
1777234315.533,115.533,0.47,0.48,0.52,0.55,0.01,0.03,78262.88,1777234313000
1777234315.898,115.898,0.46,0.47,0.53,0.54,0.01,0.01,78262.82,1777234314000
1777234316.253,116.253,0.46,0.47,0.53,0.54,0.01,0.01,78262.79,1777234315000
1777234316.766,116.766,0.46,0.47,0.53,0.54,0.01,0.01,78262.79,1777234315000
1777234317.1,117.1,0.52,0.53,0.53,0.54,0.01,0.01,78262.79,1777234315000
1777234317.446,117.446,0.52,0.53,0.47,0.48,0.01,0.01,78262.79,1777234315000
1777234317.805,117.805,0.52,0.53,0.47,0.48,0.01,0.01,78262.79,1777234315000
1777234318.395,118.395,0.52,0.53,0.47,0.48,0.01,0.01,78262.82,1777234316000
1777234318.819,118.819,0.52,0.53,0.47,0.48,0.01,0.01,78262.86,1777234317000
1777234319.269,119.269,0.52,0.53,0.47,0.48,0.01,0.01,78262.86,1777234317000
1777234319.616,119.616,0.52,0.53,0.47,0.48,0.01,0.01,78263.76,1777234318000
1777234320.09,120.09,0.52,0.53,0.47,0.48,0.01,0.01,78263.76,1777234318000
1777234320.429,120.429,0.52,0.53,0.47,0.48,0.01,0.01,78263.76,1777234318000
1777234320.818,120.818,0.52,0.53,0.47,0.48,0.01,0.01,78263.76,1777234318000
1777234321.47,121.47,0.52,0.53,0.47,0.48,0.01,0.01,78266.73,1777234320000
1777234322.156,122.156,0.52,0.53,0.47,0.48,0.01,0.01,78266.86,1777234321000
1777234322.613,122.613,0.51,0.52,0.47,0.48,0.01,0.01,78266.86,1777234321000
1777234323.046,123.046,0.51,0.52,0.48,0.49,0.01,0.01,78266.86,1777234321000
1777234323.536,123.536,0.62,0.63,0.37,0.38,0.01,0.01,78266.86,1777234322000
1777234323.88,123.88,0.62,0.63,0.37,0.38,0.01,0.01,78266.86,1777234322000
1777234324.438,124.438,0.62,0.63,0.37,0.38,0.01,0.01,78266.86,1777234323000
1777234324.911,124.911,0.62,0.63,0.37,0.38,0.01,0.01,78266.86,1777234323000
1777234325.376,125.376,0.57,0.58,0.42,0.43,0.01,0.01,78266.86,1777234323000
1777234325.781,125.781,0.57,0.58,0.42,0.43,0.01,0.01,78267.27,1777234324000
1777234326.291,126.291,0.57,0.58,0.42,0.43,0.01,0.01,78267.9,1777234325000
1777234327.687,127.687,0.56,0.58,0.42,0.44,0.02,0.02,78267.9,1777234326000
1777234328.027,128.027,0.56,0.57,0.43,0.44,0.01,0.01,78267.9,1777234326000
1777234328.396,128.396,0.55,0.57,0.43,0.45,0.02,0.02,78267.9,1777234326000
1777234328.915,128.915,0.56,0.57,0.43,0.45,0.01,0.02,78267.9,1777234327000
1777234329.43,129.43,0.56,0.57,0.43,0.44,0.01,0.01,78267.9,1777234328000
1777234329.886,129.886,0.46,0.56,0.44,0.48,0.1,0.04,78267.9,1777234328000
1777234330.464,130.464,0.55,0.56,0.44,0.45,0.01,0.01,78267.9,1777234328000
1777234330.862,130.862,0.52,0.54,0.46,0.48,0.02,0.02,78267.9,1777234329000
1777234331.277,131.277,0.52,0.54,0.46,0.48,0.02,0.02,78267.9,1777234329000
1777234331.633,131.633,0.54,0.56,0.44,0.45,0.02,0.01,78267.89,1777234330000
1777234332.519,132.519,0.53,0.54,0.46,0.47,0.01,0.01,78267.89,1777234330000
1777234332.923,132.923,0.53,0.54,0.46,0.47,0.01,0.01,78267.9,1777234331000
1777234333.375,133.375,0.52,0.53,0.47,0.48,0.01,0.01,78267.9,1777234332000
1777234333.709,133.709,0.52,0.53,0.47,0.48,0.01,0.01,78267.9,1777234332000
1777234334.364,134.364,0.5,0.51,0.49,0.5,0.01,0.01,78267.88,1777234333000
1777234335.066,135.066,0.5,0.51,0.49,0.5,0.01,0.01,78267.89,1777234334000
1777234335.479,135.479,0.5,0.51,0.49,0.5,0.01,0.01,78267.89,1777234334000
1777234336.024,136.024,0.5,0.51,0.49,0.5,0.01,0.01,78267.89,1777234334000
1777234337.178,137.178,0.5,0.51,0.49,0.5,0.01,0.01,78267.85,1777234335000
1777234337.911,137.911,0.5,0.51,0.49,0.5,0.01,0.01,78267.87,1777234336000
1777234338.295,138.295,0.5,0.51,0.49,0.5,0.01,0.01,78267.87,1777234336000
1777234338.865,138.865,0.5,0.8,0.49,0.5,0.3,0.01,78267.92,1777234337000
1777234339.573,139.573,0.51,0.52,0.2,0.5,0.01,0.3,78267.92,1777234338000
1777234339.95,139.95,0.58,0.59,0.41,0.42,0.01,0.01,78267.92,1777234338000
1777234340.343,140.343,0.6,0.61,0.39,0.4,0.01,0.01,78267.92,1777234339000
1777234340.702,140.702,0.6,0.61,0.39,0.4,0.01,0.01,78267.92,1777234339000
1777234341.24,141.24,0.62,0.63,0.37,0.38,0.01,0.01,78267.92,1777234339000
1777234341.766,141.766,0.62,0.63,0.37,0.38,0.01,0.01,78267.92,1777234340000
1777234342.126,142.126,0.62,0.63,0.37,0.38,0.01,0.01,78268.13,1777234341000
1777234342.543,142.543,0.62,0.63,0.37,0.38,0.01,0.01,78268.13,1777234341000
1777234342.883,142.883,0.62,0.63,0.37,0.38,0.01,0.01,78268.13,1777234341000
1777234343.294,143.294,0.62,0.63,0.37,0.38,0.01,0.01,78268.09,1777234342000
1777234343.881,143.881,0.62,0.63,0.37,0.38,0.01,0.01,78268.09,1777234342000
1777234344.214,144.214,0.62,0.63,0.37,0.38,0.01,0.01,78268.03,1777234343000
1777234344.855,144.855,0.62,0.63,0.37,0.38,0.01,0.01,78268.03,1777234343000
1777234345.267,145.267,0.62,0.63,0.37,0.38,0.01,0.01,78268.03,1777234343000
1777234345.64,145.64,0.62,0.63,0.37,0.38,0.01,0.01,78268.03,1777234344000
1777234346.198,146.198,0.62,0.63,0.37,0.38,0.01,0.01,78268.03,1777234345000
1777234346.609,146.609,0.62,0.64,0.37,0.38,0.02,0.01,78268.03,1777234345000
1777234346.954,146.954,0.63,0.64,0.36,0.37,0.01,0.01,78268.03,1777234345000
1777234347.292,147.292,0.62,0.66,0.36,0.37,0.04,0.01,78268.03,1777234345000
1777234348.045,148.045,0.64,0.65,0.35,0.36,0.01,0.01,78268.04,1777234346000
1777234348.439,148.439,0.64,0.65,0.35,0.36,0.01,0.01,78268.04,1777234346000
1777234348.919,148.919,0.64,0.65,0.35,0.36,0.01,0.01,78268.14,1777234347000
1777234349.739,149.739,0.66,0.67,0.33,0.34,0.01,0.01,78268.16,1777234348000
1777234350.323,150.323,0.66,0.67,0.33,0.34,0.01,0.01,78268.16,1777234349000
1777234351.189,151.189,0.66,0.67,0.33,0.34,0.01,0.01,78268.16,1777234349000
1777234351.686,151.686,0.66,0.67,0.33,0.34,0.01,0.01,78269.84,1777234350000
1777234352.096,152.096,0.66,0.67,0.33,0.34,0.01,0.01,78269.87,1777234351000
1777234352.438,152.438,0.66,0.67,0.33,0.34,0.01,0.01,78269.87,1777234351000
1777234352.803,152.803,0.66,0.67,0.33,0.34,0.01,0.01,78269.87,1777234351000
1777234353.169,153.169,0.66,0.67,0.33,0.34,0.01,0.01,78269.87,1777234351000
1777234353.846,153.846,0.67,0.68,0.32,0.33,0.01,0.01,78269.96,1777234352000
1777234354.36,154.36,0.67,0.68,0.32,0.33,0.01,0.01,78269.96,1777234353000
1777234354.852,154.852,0.67,0.68,0.32,0.33,0.01,0.01,78269.96,1777234353000
1777234355.395,155.395,0.67,0.68,0.32,0.33,0.01,0.01,78269.82,1777234354000
1777234356.194,156.194,0.67,0.68,0.32,0.33,0.01,0.01,78269.82,1777234354000
1777234356.891,156.891,0.67,0.68,0.32,0.33,0.01,0.01,78269.82,1777234355000
1777234357.611,157.611,0.65,0.66,0.32,0.33,0.01,0.01,78269.84,1777234356000
1777234358.011,158.011,0.65,0.66,0.34,0.35,0.01,0.01,78269.84,1777234356000
1777234358.575,158.575,0.65,0.66,0.34,0.35,0.01,0.01,78269.85,1777234357000
1777234359.332,159.332,0.65,0.66,0.34,0.35,0.01,0.01,78269.86,1777234358000
1777234359.94,159.94,0.65,0.66,0.34,0.35,0.01,0.01,78269.86,1777234359000
1777234360.325,160.325,0.65,0.66,0.34,0.35,0.01,0.01,78269.86,1777234359000
1777234360.724,160.724,0.65,0.66,0.34,0.35,0.01,0.01,78269.86,1777234359000
1777234361.099,161.099,0.65,0.66,0.34,0.35,0.01,0.01,78269.86,1777234359000
1777234361.451,161.451,0.65,0.66,0.34,0.35,0.01,0.01,78269.8,1777234360000
1777234362.147,162.147,0.64,0.65,0.34,0.36,0.01,0.02,78269.8,1777234360000
1777234362.664,162.664,0.64,0.65,0.35,0.36,0.01,0.01,78269.84,1777234361000
1777234363.054,163.054,0.61,0.62,0.36,0.42,0.01,0.06,78269.84,1777234361000
1777234363.664,163.664,0.61,0.62,0.38,0.39,0.01,0.01,78269.84,1777234362000
1777234364.299,164.299,0.61,0.62,0.38,0.39,0.01,0.01,78269.85,1777234363000
1777234364.711,164.711,0.59,0.62,0.38,0.39,0.03,0.01,78269.85,1777234363000
1777234365.152,165.152,0.59,0.6,0.4,0.41,0.01,0.01,78269.83,1777234364000
1777234366.173,166.173,0.59,0.6,0.4,0.41,0.01,0.01,78271.27,1777234365000
1777234366.579,166.579,0.59,0.6,0.4,0.41,0.01,0.01,78271.27,1777234365000
1777234367.398,167.398,0.59,0.6,0.4,0.41,0.01,0.01,78269.84,1777234366000
1777234367.755,167.755,0.59,0.6,0.4,0.41,0.01,0.01,78269.84,1777234366000
1777234368.237,168.237,0.59,0.6,0.4,0.41,0.01,0.01,78269.86,1777234367000
1777234368.63,168.63,0.59,0.6,0.4,0.41,0.01,0.01,78269.86,1777234367000
1777234369.315,169.315,0.59,0.6,0.4,0.41,0.01,0.01,78269.86,1777234368000
1777234369.94,169.94,0.58,0.59,0.41,0.42,0.01,0.01,78269.86,1777234368000
1777234370.41,170.41,0.58,0.59,0.41,0.42,0.01,0.01,78269.86,1777234368000
1777234370.88,170.88,0.57,0.58,0.42,0.43,0.01,0.01,78269.86,1777234369000
1777234371.253,171.253,0.57,0.58,0.42,0.43,0.01,0.01,78269.86,1777234370000
1777234371.587,171.587,0.55,0.58,0.42,0.43,0.03,0.01,78269.86,1777234370000
1777234372.151,172.151,0.55,0.56,0.44,0.45,0.01,0.01,78269.86,1777234370000
1777234372.574,172.574,0.55,0.56,0.44,0.45,0.01,0.01,78269.87,1777234371000
1777234372.939,172.939,0.55,0.56,0.44,0.45,0.01,0.01,78269.83,1777234372000
1777234373.977,173.977,0.55,0.56,0.44,0.45,0.01,0.01,78269.83,1777234372000
1777234375.148,175.148,0.54,0.56,0.44,0.45,0.02,0.01,78269.83,1777234373000
1777234375.869,175.869,0.53,0.55,0.44,0.48,0.02,0.04,78270.97,1777234374000
1777234376.245,176.245,0.53,0.86,0.45,0.47,0.33,0.02,78270.97,1777234374000
1777234376.587,176.587,0.5,0.54,0.46,0.5,0.04,0.04,78269.83,1777234375000
1777234376.943,176.943,0.53,0.54,0.46,0.47,0.01,0.01,78269.83,1777234375000
1777234377.496,177.496,0.53,0.54,0.46,0.47,0.01,0.01,78269.83,1777234376000
1777234377.837,177.837,0.53,0.54,0.46,0.47,0.01,0.01,78269.83,1777234376000
1777234378.27,178.27,0.53,0.54,0.46,0.47,0.01,0.01,78269.84,1777234377000
1777234378.707,178.707,0.53,0.54,0.46,0.47,0.01,0.01,78269.84,1777234377000
1777234379.041,179.041,0.6,0.62,0.31,0.47,0.02,0.16,78269.84,1777234377000
1777234379.405,179.405,0.59,0.61,0.39,0.41,0.02,0.02,78269.83,1777234378000
1777234379.755,179.755,0.59,0.6,0.4,0.41,0.01,0.01,78269.83,1777234378000
1777234380.139,180.139,0.58,0.6,0.4,0.41,0.02,0.01,78269.83,1777234379000
1777234381.022,181.022,0.57,0.59,0.4,0.42,0.02,0.02,78269.83,1777234379000
1777234381.367,181.367,0.5,0.53,0.47,0.5,0.03,0.03,78269.85,1777234380000
1777234381.766,181.766,0.5,0.53,0.47,0.5,0.03,0.03,78269.85,1777234380000
1777234382.158,182.158,0.5,0.53,0.47,0.5,0.03,0.03,78269.85,1777234380000
1777234382.608,182.608,0.5,0.53,0.47,0.5,0.03,0.03,78269.86,1777234381000
1777234382.944,182.944,0.5,0.53,0.47,0.5,0.03,0.03,78269.86,1777234381000
1777234383.281,183.281,0.51,0.53,0.48,0.49,0.02,0.01,78269.86,1777234381000
1777234383.625,183.625,0.51,0.52,0.48,0.49,0.01,0.01,78266.08,1777234382000
1777234384.056,184.056,0.5,0.52,0.48,0.49,0.02,0.01,78266.08,1777234382000
1777234384.468,184.468,0.5,0.51,0.49,0.5,0.01,0.01,78265.36,1777234383000
1777234384.843,184.843,0.5,0.51,0.49,0.5,0.01,0.01,78265.36,1777234383000
1777234385.199,185.199,0.5,0.51,0.49,0.5,0.01,0.01,78265.37,1777234384000
1777234385.597,185.597,0.5,0.51,0.49,0.5,0.01,0.01,78265.37,1777234384000
1777234385.972,185.972,0.5,0.51,0.49,0.5,0.01,0.01,78265.37,1777234384000
1777234386.316,186.316,0.5,0.51,0.49,0.5,0.01,0.01,78265.37,1777234384000
1777234386.668,186.668,0.49,0.5,0.49,0.51,0.01,0.02,78265.53,1777234385000
1777234387.087,187.087,0.49,0.5,0.5,0.51,0.01,0.01,78265.53,1777234386000
1777234387.806,187.806,0.49,0.5,0.5,0.57,0.01,0.07,78265.53,1777234386000
1777234388.139,188.139,0.41,0.45,0.58,0.59,0.04,0.01,78265.53,1777234386000
1777234388.496,188.496,0.38,0.42,0.58,0.59,0.04,0.01,78265.55,1777234387000
1777234389.169,189.169,0.38,0.42,0.58,0.62,0.04,0.04,78265.55,1777234387000
1777234389.569,189.569,0.37,0.42,0.58,0.62,0.05,0.04,78262.3,1777234388000
1777234390.066,190.066,0.41,0.5,0.58,0.63,0.09,0.05,78262.3,1777234388000
1777234390.424,190.424,0.43,0.45,0.5,0.56,0.02,0.06,78262.3,1777234388000
1777234390.817,190.817,0.41,0.42,0.55,0.63,0.01,0.08,78259.69,1777234389000
1777234391.26,191.26,0.3,0.39,0.61,0.7,0.09,0.09,78251.66,1777234390000
1777234391.601,191.601,0.29,0.38,0.62,0.7,0.09,0.08,78251.66,1777234390000
1777234391.961,191.961,0.25,0.29,0.71,0.75,0.04,0.04,78251.66,1777234390000
1777234392.301,192.301,0.2,0.26,0.74,0.8,0.06,0.06,78246.77,1777234391000
1777234392.638,192.638,0.16,0.2,0.8,0.82,0.04,0.02,78246.77,1777234391000
1777234392.976,192.976,0.17,0.19,0.81,0.84,0.02,0.03,78246.77,1777234391000
1777234393.331,193.331,0.15,0.16,0.84,0.85,0.01,0.01,78241.38,1777234392000
1777234393.737,193.737,0.12,0.13,0.87,0.9,0.01,0.03,78241.38,1777234392000
1777234394.071,194.071,0.11,0.13,0.87,0.89,0.02,0.02,78241.38,1777234392000
1777234394.42,194.42,0.12,0.13,0.87,0.88,0.01,0.01,78239.47,1777234393000
1777234394.769,194.769,0.12,0.16,0.87,0.88,0.04,0.01,78239.47,1777234393000
1777234395.105,195.105,0.13,0.15,0.85,0.87,0.02,0.02,78236.37,1777234394000
1777234395.472,195.472,0.14,0.15,0.85,0.86,0.01,0.01,78236.37,1777234394000
1777234395.809,195.809,0.14,0.15,0.85,0.86,0.01,0.01,78236.37,1777234394000
1777234396.223,196.223,0.14,0.15,0.85,0.86,0.01,0.01,78230.33,1777234395000
1777234396.668,196.668,0.14,0.15,0.85,0.86,0.01,0.01,78230.33,1777234395000
1777234397.234,197.234,0.14,0.15,0.85,0.86,0.01,0.01,78230.05,1777234396000
1777234397.748,197.748,0.14,0.15,0.85,0.86,0.01,0.01,78230.05,1777234396000
1777234398.095,198.095,0.14,0.17,0.83,0.86,0.03,0.03,78230.05,1777234396000
1777234398.448,198.448,0.15,0.16,0.84,0.85,0.01,0.01,78230.28,1777234397000
1777234398.934,198.934,0.15,0.16,0.84,0.85,0.01,0.01,78230.28,1777234397000
1777234399.281,199.281,0.15,0.16,0.84,0.85,0.01,0.01,78230.28,1777234398000
1777234399.663,199.663,0.16,0.17,0.83,0.85,0.01,0.02,78230.28,1777234398000
1777234400.058,200.058,0.16,0.17,0.83,0.84,0.01,0.01,78230.28,1777234398000
1777234400.473,200.473,0.14,0.15,0.84,0.86,0.01,0.02,78230.28,1777234399000
1777234400.99,200.99,0.13,0.14,0.84,0.87,0.01,0.03,78230.28,1777234399000
1777234401.372,201.372,0.12,0.14,0.85,0.87,0.02,0.02,78230.24,1777234400000
1777234401.765,201.765,0.12,0.13,0.87,0.88,0.01,0.01,78230.24,1777234400000
1777234402.141,202.141,0.11,0.13,0.87,0.88,0.02,0.01,78230.24,1777234400000
1777234402.478,202.478,0.11,0.12,0.88,0.89,0.01,0.01,78230.23,1777234401000
1777234402.824,202.824,0.13,0.14,0.86,0.87,0.01,0.01,78230.23,1777234401000
1777234403.246,203.246,0.11,0.14,0.86,0.89,0.03,0.03,78230.22,1777234402000
1777234404.041,204.041,0.11,0.12,0.86,0.89,0.01,0.03,78230.22,1777234402000
1777234405.054,205.054,0.11,0.12,0.88,0.89,0.01,0.01,78230.23,1777234403000
1777234405.446,205.446,0.11,0.12,0.88,0.89,0.01,0.01,78229.63,1777234404000
1777234405.788,205.788,0.11,0.12,0.88,0.89,0.01,0.01,78229.63,1777234404000
1777234406.131,206.131,0.11,0.15,0.85,0.89,0.04,0.04,78229.63,1777234404000
1777234406.49,206.49,0.11,0.16,0.84,0.89,0.05,0.05,78229.17,1777234405000
1777234407.016,207.016,0.12,0.13,0.85,0.89,0.01,0.04,78229.17,1777234405000
1777234407.401,207.401,0.12,0.13,0.87,0.88,0.01,0.01,78229.17,1777234405000
1777234408.04,208.04,0.13,0.14,0.85,0.88,0.01,0.03,78229.17,1777234406000
1777234408.384,208.384,0.14,0.15,0.85,0.86,0.01,0.01,78229.17,1777234406000
1777234408.825,208.825,0.15,0.16,0.84,0.85,0.01,0.01,78230.66,1777234407000
1777234409.182,209.182,0.15,0.16,0.84,0.85,0.01,0.01,78230.66,1777234407000
1777234409.561,209.561,0.15,0.16,0.84,0.85,0.01,0.01,78228.73,1777234408000
1777234409.973,209.973,0.14,0.16,0.84,0.85,0.02,0.01,78228.73,1777234408000
1777234410.693,210.693,0.15,0.16,0.84,0.86,0.01,0.02,78227.39,1777234409000
1777234411.205,211.205,0.14,0.15,0.85,0.86,0.01,0.01,78227.32,1777234410000
1777234411.698,211.698,0.14,0.15,0.85,0.86,0.01,0.01,78227.32,1777234410000
1777234412.5,212.5,0.14,0.15,0.85,0.86,0.01,0.01,78227.32,1777234410000
1777234413.296,213.296,0.12,0.14,0.85,0.87,0.02,0.02,78227.24,1777234411000
1777234413.965,213.965,0.13,0.14,0.86,0.87,0.01,0.01,78227.24,1777234412000
1777234414.333,214.333,0.12,0.14,0.86,0.88,0.02,0.02,78229.92,1777234413000
1777234414.68,214.68,0.13,0.14,0.86,0.87,0.01,0.01,78229.92,1777234413000
1777234415.186,215.186,0.12,0.18,0.87,0.88,0.06,0.01,78229.92,1777234413000
1777234415.54,215.54,0.18,0.19,0.81,0.82,0.01,0.01,78229.92,1777234413000
1777234415.88,215.88,0.15,0.19,0.81,0.85,0.04,0.04,78227.32,1777234414000
1777234416.222,216.222,0.14,0.15,0.84,0.86,0.01,0.02,78227.32,1777234414000
1777234416.574,216.574,0.14,0.15,0.85,0.86,0.01,0.01,78227.42,1777234415000
1777234416.96,216.96,0.13,0.17,0.86,0.87,0.04,0.01,78227.42,1777234415000
1777234417.507,217.507,0.14,0.15,0.84,0.86,0.01,0.02,78227.89,1777234416000
1777234418.083,218.083,0.13,0.14,0.85,0.87,0.01,0.02,78227.89,1777234416000
1777234418.521,218.521,0.13,0.14,0.86,0.87,0.01,0.01,78228.09,1777234417000
1777234419.039,219.039,0.12,0.13,0.87,0.89,0.01,0.02,78228.09,1777234417000
1777234419.786,219.786,0.12,0.13,0.87,0.88,0.01,0.01,78228.19,1777234418000
1777234420.208,220.208,0.12,0.13,0.87,0.88,0.01,0.01,78228.19,1777234418000
1777234420.546,220.546,0.12,0.13,0.87,0.88,0.01,0.01,78228.27,1777234419000
1777234420.918,220.918,0.13,0.14,0.86,0.87,0.01,0.01,78228.27,1777234419000
1777234421.305,221.305,0.13,0.14,0.86,0.87,0.01,0.01,78228.27,1777234420000
1777234421.672,221.672,0.22,0.23,0.77,0.78,0.01,0.01,78228.27,1777234420000
1777234422.008,222.008,0.19,0.2,0.8,0.81,0.01,0.01,78228.27,1777234420000
1777234422.422,222.422,0.19,0.2,0.8,0.81,0.01,0.01,78228.27,1777234420000
1777234422.784,222.784,0.19,0.2,0.8,0.81,0.01,0.01,78229.39,1777234421000
1777234423.244,223.244,0.19,0.2,0.8,0.81,0.01,0.01,78227.86,1777234422000
1777234423.748,223.748,0.18,0.19,0.8,0.81,0.01,0.01,78227.86,1777234422000
1777234424.123,224.123,0.18,0.19,0.81,0.82,0.01,0.01,78227.86,1777234422000
1777234424.484,224.484,0.15,0.19,0.76,0.82,0.04,0.06,78227.86,1777234422000
1777234424.932,224.932,0.2,0.22,0.75,0.81,0.02,0.06,78228.09,1777234423000
1777234425.411,225.411,0.2,0.21,0.79,0.8,0.01,0.01,78228.09,1777234423000
1777234425.748,225.748,0.2,0.21,0.79,0.8,0.01,0.01,78228.12,1777234424000
1777234426.283,226.283,0.2,0.21,0.79,0.8,0.01,0.01,78228.78,1777234425000
1777234427.048,227.048,0.19,0.2,0.8,0.81,0.01,0.01,78228.78,1777234425000
1777234427.528,227.528,0.13,0.19,0.8,0.87,0.06,0.07,78229.78,1777234426000
1777234428.161,228.161,0.14,0.19,0.8,0.87,0.05,0.07,78229.78,1777234426000
1777234428.925,228.925,0.17,0.18,0.82,0.83,0.01,0.01,78230.1,1777234427000
1777234429.39,229.39,0.15,0.26,0.82,0.85,0.11,0.03,78230.1,1777234428000
1777234429.756,229.756,0.15,0.16,0.84,0.85,0.01,0.01,78230.1,1777234428000
1777234430.202,230.202,0.15,0.16,0.84,0.85,0.01,0.01,78229.56,1777234429000
1777234430.71,230.71,0.15,0.16,0.84,0.85,0.01,0.01,78229.56,1777234429000
1777234431.174,231.174,0.15,0.16,0.84,0.85,0.01,0.01,78229.56,1777234429000
1777234431.624,231.624,0.15,0.16,0.84,0.85,0.01,0.01,78229.31,1777234430000
1777234432.122,232.122,0.14,0.15,0.85,0.86,0.01,0.01,78229.31,1777234430000
1777234432.461,232.461,0.14,0.15,0.86,0.87,0.01,0.01,78229.31,1777234431000
1777234432.901,232.901,0.15,0.16,0.84,0.85,0.01,0.01,78229.31,1777234431000
1777234433.402,233.402,0.15,0.16,0.84,0.85,0.01,0.01,78229.31,1777234431000
1777234433.745,233.745,0.15,0.16,0.84,0.85,0.01,0.01,78228.43,1777234432000
1777234434.079,234.079,0.15,0.16,0.84,0.85,0.01,0.01,78228.43,1777234432000
1777234434.413,234.413,0.14,0.16,0.84,0.86,0.02,0.02,78228.25,1777234433000
1777234434.757,234.757,0.14,0.16,0.84,0.86,0.02,0.02,78228.25,1777234433000
1777234435.454,235.454,0.14,0.15,0.85,0.86,0.01,0.01,78228.54,1777234434000
1777234435.811,235.811,0.13,0.14,0.86,0.88,0.01,0.02,78228.54,1777234434000
1777234436.205,236.205,0.13,0.14,0.86,0.87,0.01,0.01,78228.54,1777234435000
1777234436.712,236.712,0.1,0.11,0.86,0.89,0.01,0.03,78228.54,1777234435000
1777234437.279,237.279,0.09,0.11,0.89,0.9,0.02,0.01,78228.69,1777234436000
1777234437.619,237.619,0.09,0.1,0.9,0.91,0.01,0.01,78228.69,1777234436000
1777234437.96,237.96,0.09,0.1,0.9,0.91,0.01,0.01,78228.69,1777234436000
1777234438.322,238.322,0.09,0.1,0.9,0.91,0.01,0.01,78229.28,1777234437000
1777234438.696,238.696,0.08,0.09,0.91,0.92,0.01,0.01,78229.28,1777234437000
1777234439.086,239.086,0.08,0.09,0.91,0.92,0.01,0.01,78229.57,1777234438000
1777234439.426,239.426,0.09,0.11,0.89,0.9,0.02,0.01,78229.57,1777234438000
1777234439.831,239.831,0.09,0.11,0.9,0.91,0.02,0.01,78229.57,1777234438000
1777234440.189,240.189,0.09,0.12,0.88,0.91,0.03,0.03,78229.63,1777234439000
1777234440.723,240.723,0.09,0.1,0.88,0.91,0.01,0.03,78229.63,1777234439000
1777234441.148,241.148,0.07,0.1,0.9,0.93,0.03,0.03,78229.63,1777234439000
1777234441.628,241.628,0.06,0.09,0.91,0.93,0.03,0.02,78230.2,1777234440000
1777234442.023,242.023,0.06,0.09,0.91,0.94,0.03,0.03,78230.2,1777234441000
1777234442.678,242.678,0.07,0.08,0.91,0.94,0.01,0.03,78230.2,1777234441000
1777234443.073,243.073,0.06,0.09,0.91,0.94,0.03,0.03,78230.2,1777234441000
1777234443.435,243.435,0.06,0.07,0.93,0.94,0.01,0.01,78230.37,1777234442000
1777234443.827,243.827,0.07,0.08,0.92,0.93,0.01,0.01,78230.37,1777234442000
1777234444.162,244.162,0.07,0.09,0.91,0.94,0.02,0.03,78230.37,1777234442000
1777234444.499,244.499,0.06,0.08,0.92,0.94,0.02,0.02,78229.34,1777234443000
1777234445.003,245.003,0.05,0.06,0.94,0.95,0.01,0.01,78229.34,1777234443000
1777234445.374,245.374,0.05,0.06,0.94,0.95,0.01,0.01,78229.34,1777234443000
1777234445.717,245.717,0.05,0.06,0.94,0.95,0.01,0.01,78229.34,1777234443000
1777234446.079,246.079,0.05,0.06,0.94,0.95,0.01,0.01,78229.45,1777234445000
1777234446.461,246.461,0.05,0.06,0.94,0.95,0.01,0.01,78229.45,1777234445000
1777234446.924,246.924,0.05,0.06,0.94,0.95,0.01,0.01,78229.45,1777234445000
1777234447.301,247.301,0.05,0.06,0.94,0.95,0.01,0.01,78228.87,1777234446000
1777234447.681,247.681,0.05,0.06,0.94,0.95,0.01,0.01,78228.87,1777234446000
1777234448.018,248.018,0.05,0.06,0.94,0.95,0.01,0.01,78228.87,1777234446000
1777234448.361,248.361,0.05,0.06,0.94,0.95,0.01,0.01,78228.84,1777234447000
1777234448.736,248.736,0.05,0.06,0.94,0.95,0.01,0.01,78228.84,1777234447000
1777234449.324,249.324,0.05,0.06,0.94,0.95,0.01,0.01,78228.84,1777234447000
1777234449.658,249.658,0.05,0.06,0.94,0.95,0.01,0.01,78226.79,1777234448000
1777234450.105,250.105,0.05,0.06,0.94,0.95,0.01,0.01,78226.66,1777234449000
1777234450.441,250.441,0.05,0.06,0.94,0.95,0.01,0.01,78226.66,1777234449000
1777234450.818,250.818,0.05,0.06,0.94,0.95,0.01,0.01,78226.66,1777234449000
1777234451.266,251.266,0.05,0.06,0.93,0.95,0.01,0.02,78226.66,1777234449000
1777234451.625,251.625,0.05,0.06,0.93,0.94,0.01,0.01,78226.0,1777234450000
1777234451.997,251.997,0.05,0.06,0.94,0.95,0.01,0.01,78226.0,1777234450000
1777234452.358,252.358,0.05,0.06,0.94,0.95,0.01,0.01,78226.0,1777234450000
1777234452.701,252.701,0.05,0.06,0.94,0.95,0.01,0.01,78226.07,1777234451000
1777234453.116,253.116,0.05,0.06,0.94,0.95,0.01,0.01,78227.79,1777234452000
1777234453.734,253.734,0.05,0.06,0.94,0.95,0.01,0.01,78227.79,1777234452000
1777234454.233,254.233,0.04,0.05,0.95,0.96,0.01,0.01,78225.9,1777234453000
1777234454.612,254.612,0.04,0.05,0.95,0.96,0.01,0.01,78225.9,1777234453000
1777234454.96,254.96,0.04,0.05,0.95,0.96,0.01,0.01,78225.88,1777234454000
1777234455.552,255.552,0.04,0.05,0.95,0.96,0.01,0.01,78225.88,1777234454000
1777234456.023,256.023,0.04,0.05,0.95,0.96,0.01,0.01,78225.88,1777234455000
1777234456.423,256.423,0.04,0.05,0.95,0.96,0.01,0.01,78225.88,1777234455000
1777234456.844,256.844,0.04,0.05,0.95,0.96,0.01,0.01,78225.88,1777234455000
1777234457.259,257.259,0.03,0.05,0.95,0.96,0.02,0.01,78225.88,1777234455000
1777234457.722,257.722,0.04,0.05,0.95,0.97,0.01,0.02,78226.39,1777234456000
1777234458.233,258.233,0.03,0.05,0.95,0.97,0.02,0.02,78226.65,1777234457000
1777234458.792,258.792,0.03,0.04,0.95,0.97,0.01,0.02,78226.65,1777234457000
1777234459.243,259.243,0.03,0.04,0.96,0.97,0.01,0.01,78226.65,1777234457000
1777234459.68,259.68,0.03,0.04,0.96,0.97,0.01,0.01,78226.67,1777234458000
1777234460.043,260.043,0.03,0.04,0.96,0.97,0.01,0.01,78226.67,1777234458000
1777234460.44,260.44,0.03,0.04,0.96,0.97,0.01,0.01,78226.69,1777234459000
1777234460.899,260.899,0.02,0.03,0.97,0.98,0.01,0.01,78226.69,1777234459000
1777234461.248,261.248,0.04,0.05,0.95,0.98,0.01,0.03,78226.87,1777234460000
1777234461.668,261.668,0.03,0.04,0.95,0.96,0.01,0.01,78226.87,1777234460000
1777234462.039,262.039,0.02,0.05,0.96,0.97,0.03,0.01,78226.87,1777234460000
1777234462.474,262.474,0.02,0.03,0.97,0.98,0.01,0.01,78226.87,1777234461000
1777234463.134,263.134,0.02,0.03,0.97,0.98,0.01,0.01,78226.36,1777234462000
1777234463.544,263.544,0.02,0.03,0.97,0.98,0.01,0.01,78226.36,1777234462000
1777234464.125,264.125,0.02,0.03,0.97,0.98,0.01,0.01,78226.77,1777234463000
1777234464.534,264.534,0.02,0.03,0.97,0.98,0.01,0.01,78226.77,1777234463000
1777234464.902,264.902,0.02,0.03,0.97,0.98,0.01,0.01,78226.77,1777234463000
1777234465.355,265.355,0.02,0.03,0.97,0.98,0.01,0.01,78227.79,1777234464000
1777234465.769,265.769,0.02,0.08,0.97,0.98,0.06,0.01,78227.79,1777234464000
1777234466.146,266.146,0.02,0.03,0.94,0.98,0.01,0.04,78227.79,1777234464000
1777234466.494,266.494,0.03,0.04,0.96,0.97,0.01,0.01,78227.79,1777234464000
1777234466.835,266.835,0.03,0.04,0.96,0.97,0.01,0.01,78227.87,1777234465000
1777234467.221,267.221,0.03,0.04,0.96,0.97,0.01,0.01,78227.82,1777234466000
1777234467.595,267.595,0.02,0.03,0.97,0.98,0.01,0.01,78227.82,1777234466000
1777234467.946,267.946,0.01,0.02,0.98,0.99,0.01,0.01,78227.82,1777234466000
1777234468.344,268.344,0.01,0.02,0.98,0.99,0.01,0.01,78227.82,1777234467000
1777234468.824,268.824,0.01,0.02,0.98,0.99,0.01,0.01,78227.82,1777234467000
1777234469.193,269.193,0.01,0.02,0.98,0.99,0.01,0.01,78227.82,1777234467000
1777234469.648,269.648,0.01,0.02,0.98,0.99,0.01,0.01,78224.75,1777234468000
1777234470.003,270.003,0.01,0.02,0.98,0.99,0.01,0.01,78224.75,1777234468000
1777234470.339,270.339,0.01,0.02,0.98,0.99,0.01,0.01,78220.08,1777234469000
1777234471.01,271.01,0.01,0.02,0.98,0.99,0.01,0.01,78220.08,1777234469000
1777234471.401,271.401,0.01,0.02,0.98,0.99,0.01,0.01,78219.67,1777234470000
1777234471.935,271.935,0.01,0.02,0.98,0.99,0.01,0.01,78219.67,1777234470000
1777234472.324,272.324,0.01,0.02,0.98,0.99,0.01,0.01,78219.67,1777234470000
1777234472.738,272.738,0.01,0.02,0.98,0.99,0.01,0.01,78219.72,1777234471000
1777234473.107,273.107,0.01,0.02,0.98,0.99,0.01,0.01,78219.72,1777234471000
1777234473.569,273.569,0.01,0.01,0.99,0.99,0.0,0.0,78219.72,1777234472000
1777234473.923,273.923,0.01,0.01,0.99,0.99,0.0,0.0,78219.72,1777234472000
1777234474.314,274.314,0.01,0.01,0.99,0.99,0.0,0.0,78219.72,1777234473000
1777234474.857,274.857,0.01,0.01,0.99,0.99,0.0,0.0,78219.72,1777234473000
1777234475.324,275.324,0.01,0.01,0.99,0.99,0.0,0.0,78220.17,1777234474000
1777234475.949,275.949,0.01,0.01,0.99,0.99,0.0,0.0,78220.17,1777234474000
1777234476.642,276.642,0.01,0.01,0.99,0.99,0.0,0.0,78220.55,1777234475000
1777234477.496,277.496,0.01,0.01,0.99,0.99,0.0,0.0,78220.61,1777234476000
1777234478.043,278.043,0.01,0.01,0.99,0.99,0.0,0.0,78220.61,1777234476000
1777234478.431,278.431,0.01,0.01,0.99,0.99,0.0,0.0,78220.61,1777234476000
1777234480.038,280.038,0.01,0.01,0.99,0.99,0.0,0.0,78219.48,1777234478000
1777234480.459,280.459,0.01,0.01,0.99,0.99,0.0,0.0,78219.48,1777234478000
1777234481.126,281.126,0.01,0.01,0.99,0.99,0.0,0.0,78219.59,1777234480000
1777234481.556,281.556,0.01,0.01,0.99,0.99,0.0,0.0,78219.59,1777234480000
1777234481.981,281.981,0.01,0.01,0.99,0.99,0.0,0.0,78219.59,1777234480000
1777234482.445,282.445,0.01,0.01,0.99,0.99,0.0,0.0,78219.44,1777234481000
1777234483.153,283.153,0.01,0.01,0.99,0.99,0.0,0.0,78219.44,1777234481000
1777234484.645,284.645,0.01,0.01,0.99,0.99,0.0,0.0,78219.76,1777234483000
1777234485.137,285.137,0.01,0.01,0.99,0.99,0.0,0.0,78219.76,1777234484000
1777234485.483,285.483,0.01,0.01,0.99,0.99,0.0,0.0,78219.76,1777234484000
1777234486.479,286.479,0.01,0.01,0.99,0.99,0.0,0.0,78219.75,1777234485000
1777234486.991,286.991,0.01,0.01,0.99,0.99,0.0,0.0,78219.75,1777234485000
1777234487.492,287.492,0.01,0.01,0.99,0.99,0.0,0.0,78219.75,1777234486000
1777234488.221,288.221,0.01,0.01,0.99,0.99,0.0,0.0,78219.58,1777234487000
1777234489.354,289.354,0.01,0.01,0.99,0.99,0.0,0.0,78219.58,1777234488000
1777234489.72,289.72,0.01,0.01,0.99,0.99,0.0,0.0,78219.58,1777234488000
1777234490.332,290.332,0.01,0.01,0.99,0.99,0.0,0.0,78219.58,1777234488000
1777234490.963,290.963,0.01,0.01,0.99,0.99,0.0,0.0,78219.66,1777234489000
1777234491.465,291.465,0.01,0.01,0.99,0.99,0.0,0.0,78219.66,1777234490000
1777234492.101,292.101,0.01,0.01,0.99,0.99,0.0,0.0,78219.75,1777234491000
1777234492.545,292.545,0.01,0.01,0.99,0.99,0.0,0.0,78219.75,1777234491000
1777234493.279,293.279,0.01,0.01,0.99,0.99,0.0,0.0,78212.37,1777234492000
1777234493.969,293.969,0.01,0.01,0.99,0.99,0.0,0.0,78212.37,1777234492000
1777234494.493,294.493,0.01,0.01,0.99,0.99,0.0,0.0,78207.16,1777234493000
1777234494.918,294.918,0.01,0.01,0.99,0.99,0.0,0.0,78207.16,1777234493000
1777234495.279,295.279,0.01,0.01,0.99,0.99,0.0,0.0,78207.16,1777234493000
1777234495.734,295.734,0.01,0.01,0.99,0.99,0.0,0.0,78206.66,1777234494000
1777234496.125,296.125,0.01,0.01,0.99,0.99,0.0,0.0,78206.66,1777234495000
1777234496.951,296.951,0.01,0.01,0.99,0.99,0.0,0.0,78206.66,1777234495000
1777234497.388,297.388,0.01,0.01,0.99,0.99,0.0,0.0,78207.32,1777234496000
1777234497.985,297.985,0.01,0.01,0.99,0.99,0.0,0.0,78205.7,1777234497000
1777234498.448,298.448,0.01,0.01,0.99,0.99,0.0,0.0,78205.7,1777234497000
1777234499.003,299.003,0.01,0.01,0.99,0.99,0.0,0.0,78205.7,1777234497000
1777234499.462,299.462,0.01,0.01,0.99,0.99,0.0,0.0,78205.22,1777234498000
1777234499.822,299.822,0.01,0.01,0.99,0.99,0.0,0.0,78205.22,1777234498000
1777234500.566,300.566,0.01,0.01,0.99,0.99,0.0,0.0,78205.42,1777234499000
1777234501.152,301.152,0.01,0.01,0.99,0.99,0.0,0.0,78205.48,1777234500000

# RESULT,winner=Down,slug=btc-updown-5m-1777234200,ticks=626
