timestamp,elapsed_sec,up_bid,up_ask,down_bid,down_ask,up_spread,down_spread,btc_price,btc_oracle_ts
1777241400.503,0.503,0.4,0.41,0.59,0.6,0.01,0.01,78561.69,1777241398000
1777241400.862,0.862,0.44,0.46,0.54,0.56,0.02,0.02,78556.6,1777241399000
1777241401.207,1.207,0.45,0.46,0.54,0.55,0.01,0.01,78556.6,1777241399000
1777241401.54,1.54,0.45,0.46,0.54,0.55,0.01,0.01,78555.7,1777241400000
1777241401.894,1.894,0.45,0.46,0.54,0.55,0.01,0.01,78555.7,1777241400000
1777241402.473,2.473,0.43,0.45,0.54,0.55,0.02,0.01,78554.93,1777241401000
1777241402.834,2.834,0.37,0.38,0.6,0.63,0.01,0.03,78554.93,1777241401000
1777241403.179,3.179,0.37,0.41,0.59,0.63,0.04,0.04,78552.95,1777241402000
1777241403.633,3.633,0.4,0.43,0.59,0.6,0.03,0.01,78552.95,1777241402000
1777241404.104,4.104,0.42,0.43,0.57,0.58,0.01,0.01,78546.05,1777241403000
1777241404.452,4.452,0.44,0.45,0.55,0.56,0.01,0.01,78546.05,1777241403000
1777241405.187,5.187,0.44,0.45,0.55,0.56,0.01,0.01,78538.08,1777241404000
1777241405.625,5.625,0.44,0.45,0.55,0.56,0.01,0.01,78538.08,1777241404000
1777241405.998,5.998,0.44,0.45,0.55,0.56,0.01,0.01,78538.08,1777241404000
1777241406.378,6.378,0.47,0.48,0.52,0.53,0.01,0.01,78538.08,1777241404000
1777241406.712,6.712,0.47,0.48,0.52,0.53,0.01,0.01,78541.84,1777241405000
1777241407.08,7.08,0.47,0.48,0.52,0.53,0.01,0.01,78552.27,1777241406000
1777241407.438,7.438,0.45,0.48,0.52,0.56,0.03,0.04,78552.27,1777241406000
1777241407.777,7.777,0.47,0.48,0.52,0.53,0.01,0.01,78552.27,1777241406000
1777241408.115,8.115,0.45,0.47,0.54,0.55,0.02,0.01,78552.8,1777241407000
1777241408.653,8.653,0.47,0.48,0.54,0.55,0.01,0.01,78552.8,1777241407000
1777241409.016,9.016,0.47,0.48,0.52,0.53,0.01,0.01,78552.8,1777241407000
1777241409.606,9.606,0.47,0.48,0.52,0.53,0.01,0.01,78552.8,1777241408000
1777241409.947,9.947,0.47,0.52,0.52,0.53,0.05,0.01,78552.8,1777241408000
1777241410.38,10.38,0.49,0.5,0.5,0.51,0.01,0.01,78552.73,1777241409000
1777241411.044,11.044,0.49,0.5,0.5,0.51,0.01,0.01,78552.73,1777241409000
1777241411.389,11.389,0.49,0.5,0.5,0.51,0.01,0.01,78553.28,1777241410000
1777241411.968,11.968,0.49,0.5,0.5,0.51,0.01,0.01,78553.83,1777241411000
1777241412.302,12.302,0.49,0.5,0.5,0.51,0.01,0.01,78553.83,1777241411000
1777241412.809,12.809,0.49,0.5,0.5,0.51,0.01,0.01,78553.83,1777241411000
1777241413.17,13.17,0.48,0.5,0.5,0.52,0.02,0.02,78553.83,1777241411000
1777241414.012,14.012,0.48,0.5,0.5,0.52,0.02,0.02,78554.64,1777241413000
1777241414.484,14.484,0.49,0.5,0.5,0.51,0.01,0.01,78554.64,1777241413000
1777241415.117,15.117,0.49,0.5,0.5,0.51,0.01,0.01,78554.64,1777241413000
1777241415.48,15.48,0.49,0.5,0.5,0.51,0.01,0.01,78554.64,1777241413000
1777241415.823,15.823,0.49,0.5,0.5,0.51,0.01,0.01,78554.64,1777241413000
1777241416.425,16.425,0.49,0.5,0.5,0.51,0.01,0.01,78554.54,1777241414000
1777241416.862,16.862,0.45,0.47,0.53,0.55,0.02,0.02,78554.17,1777241415000
1777241417.234,17.234,0.45,0.46,0.53,0.55,0.01,0.02,78554.17,1777241415000
1777241417.596,17.596,0.45,0.46,0.54,0.55,0.01,0.01,78554.17,1777241416000
1777241417.965,17.965,0.45,0.46,0.54,0.55,0.01,0.01,78554.17,1777241416000
1777241418.452,18.452,0.46,0.47,0.53,0.54,0.01,0.01,78554.17,1777241416000
1777241419.123,19.123,0.45,0.46,0.53,0.54,0.01,0.01,78543.26,1777241417000
1777241419.909,19.909,0.45,0.46,0.54,0.55,0.01,0.01,78543.26,1777241418000
1777241420.457,20.457,0.45,0.46,0.54,0.55,0.01,0.01,78542.81,1777241419000
1777241421.229,21.229,0.45,0.46,0.54,0.55,0.01,0.01,78542.81,1777241419000
1777241421.966,21.966,0.45,0.46,0.54,0.55,0.01,0.01,78541.28,1777241421000
1777241422.458,22.458,0.45,0.46,0.54,0.55,0.01,0.01,78541.28,1777241421000
1777241423.044,23.044,0.45,0.46,0.54,0.55,0.01,0.01,78541.22,1777241422000
1777241423.505,23.505,0.45,0.46,0.54,0.55,0.01,0.01,78541.22,1777241422000
1777241423.842,23.842,0.43,0.45,0.56,0.57,0.02,0.01,78541.22,1777241422000
1777241424.227,24.227,0.42,0.45,0.55,0.57,0.03,0.02,78541.22,1777241422000
1777241424.594,24.594,0.42,0.43,0.56,0.58,0.01,0.02,78541.2,1777241423000
1777241425.306,25.306,0.41,0.42,0.57,0.58,0.01,0.01,78541.2,1777241423000
1777241425.644,25.644,0.41,0.42,0.58,0.59,0.01,0.01,78537.16,1777241424000
1777241425.984,25.984,0.4,0.41,0.59,0.6,0.01,0.01,78537.16,1777241424000
1777241426.388,26.388,0.4,0.41,0.59,0.6,0.01,0.01,78532.25,1777241425000
1777241426.864,26.864,0.4,0.41,0.59,0.6,0.01,0.01,78532.25,1777241425000
1777241427.221,27.221,0.4,0.41,0.59,0.6,0.01,0.01,78531.17,1777241426000
1777241427.676,27.676,0.4,0.41,0.59,0.6,0.01,0.01,78531.17,1777241426000
1777241428.079,28.079,0.39,0.41,0.59,0.61,0.02,0.02,78531.17,1777241426000
1777241428.478,28.478,0.39,0.41,0.59,0.61,0.02,0.02,78531.17,1777241426000
1777241429.203,29.203,0.39,0.41,0.59,0.61,0.02,0.02,78522.01,1777241428000
1777241429.602,29.602,0.39,0.4,0.6,0.61,0.01,0.01,78522.01,1777241428000
1777241429.98,29.98,0.39,0.4,0.6,0.61,0.01,0.01,78522.01,1777241428000
1777241430.358,30.358,0.39,0.4,0.6,0.61,0.01,0.01,78518.57,1777241429000
1777241430.761,30.761,0.39,0.4,0.6,0.61,0.01,0.01,78518.57,1777241429000
1777241431.099,31.099,0.39,0.4,0.6,0.61,0.01,0.01,78518.57,1777241429000
1777241431.451,31.451,0.38,0.4,0.6,0.62,0.02,0.02,78518.57,1777241429000
1777241431.787,31.787,0.38,0.4,0.6,0.62,0.02,0.02,78518.57,1777241429000
1777241432.198,32.198,0.37,0.38,0.61,0.64,0.01,0.03,78517.25,1777241431000
1777241432.532,32.532,0.37,0.38,0.62,0.63,0.01,0.01,78517.25,1777241431000
1777241433.025,33.025,0.36,0.37,0.63,0.64,0.01,0.01,78517.25,1777241431000
1777241433.645,33.645,0.36,0.37,0.63,0.64,0.01,0.01,78509.91,1777241432000
1777241434.051,34.051,0.36,0.37,0.63,0.64,0.01,0.01,78506.55,1777241433000
1777241434.396,34.396,0.36,0.38,0.63,0.64,0.02,0.01,78506.55,1777241433000
1777241435.071,35.071,0.37,0.38,0.62,0.64,0.01,0.02,78506.55,1777241433000
1777241435.5,35.5,0.37,0.38,0.62,0.63,0.01,0.01,78504.45,1777241434000
1777241435.9,35.9,0.37,0.38,0.62,0.63,0.01,0.01,78504.45,1777241434000
1777241436.608,36.608,0.37,0.38,0.62,0.63,0.01,0.01,78506.72,1777241435000
1777241437.02,37.02,0.37,0.38,0.62,0.63,0.01,0.01,78506.71,1777241436000
1777241437.442,37.442,0.37,0.38,0.62,0.63,0.01,0.01,78506.71,1777241436000
1777241437.923,37.923,0.36,0.37,0.62,0.64,0.01,0.02,78506.71,1777241436000
1777241438.347,38.347,0.36,0.37,0.63,0.64,0.01,0.01,78505.95,1777241437000
1777241438.813,38.813,0.36,0.37,0.63,0.64,0.01,0.01,78505.95,1777241437000
1777241439.163,39.163,0.37,0.39,0.62,0.64,0.02,0.02,78504.84,1777241438000
1777241439.514,39.514,0.38,0.39,0.61,0.62,0.01,0.01,78504.84,1777241438000
1777241439.929,39.929,0.38,0.39,0.61,0.62,0.01,0.01,78506.6,1777241439000
1777241440.383,40.383,0.38,0.39,0.61,0.62,0.01,0.01,78506.6,1777241439000
1777241440.972,40.972,0.38,0.39,0.61,0.62,0.01,0.01,78506.6,1777241439000
1777241441.321,41.321,0.37,0.39,0.61,0.63,0.02,0.02,78507.07,1777241440000
1777241441.935,41.935,0.37,0.38,0.62,0.63,0.01,0.01,78512.34,1777241441000
1777241442.726,42.726,0.35,0.38,0.62,0.63,0.03,0.01,78512.34,1777241441000
1777241443.243,43.243,0.35,0.36,0.62,0.65,0.01,0.03,78511.9,1777241442000
1777241444.069,44.069,0.35,0.36,0.64,0.65,0.01,0.01,78511.66,1777241443000
1777241444.482,44.482,0.34,0.36,0.64,0.65,0.02,0.01,78511.66,1777241443000
1777241444.881,44.881,0.34,0.36,0.64,0.66,0.02,0.02,78511.66,1777241443000
1777241445.216,45.216,0.34,0.36,0.64,0.66,0.02,0.02,78511.66,1777241443000
1777241445.925,45.925,0.34,0.35,0.64,0.66,0.01,0.02,78503.25,1777241444000
1777241446.262,46.262,0.32,0.35,0.65,0.67,0.03,0.02,78503.25,1777241444000
1777241446.622,46.622,0.36,0.37,0.61,0.64,0.01,0.03,78503.25,1777241444000
1777241447.014,47.014,0.36,0.37,0.63,0.64,0.01,0.01,78503.25,1777241444000
1777241447.374,47.374,0.36,0.37,0.63,0.64,0.01,0.01,78499.68,1777241445000
1777241447.748,47.748,0.36,0.37,0.63,0.64,0.01,0.01,78498.6,1777241446000
1777241448.169,48.169,0.36,0.37,0.63,0.64,0.01,0.01,78498.6,1777241446000
1777241448.523,48.523,0.36,0.37,0.63,0.64,0.01,0.01,78498.6,1777241446000
1777241449.221,49.221,0.36,0.37,0.63,0.64,0.01,0.01,78503.23,1777241448000
1777241449.881,49.881,0.36,0.37,0.63,0.64,0.01,0.01,78503.23,1777241448000
1777241450.552,50.552,0.36,0.37,0.63,0.64,0.01,0.01,78503.57,1777241449000
1777241451.06,51.06,0.36,0.37,0.63,0.64,0.01,0.01,78503.57,1777241449000
1777241451.738,51.738,0.36,0.37,0.63,0.64,0.01,0.01,78503.57,1777241450000
1777241452.347,52.347,0.36,0.37,0.63,0.64,0.01,0.01,78503.57,1777241450000
1777241452.738,52.738,0.36,0.37,0.63,0.64,0.01,0.01,78504.48,1777241451000
1777241453.136,53.136,0.35,0.36,0.63,0.65,0.01,0.02,78504.48,1777241451000
1777241453.662,53.662,0.35,0.36,0.64,0.65,0.01,0.01,78504.48,1777241452000
1777241454.589,54.589,0.35,0.36,0.64,0.66,0.01,0.02,78504.48,1777241452000
1777241454.986,54.986,0.35,0.36,0.64,0.65,0.01,0.01,78503.1,1777241453000
1777241455.32,55.32,0.35,0.36,0.64,0.65,0.01,0.01,78501.77,1777241454000
1777241455.79,55.79,0.35,0.36,0.64,0.65,0.01,0.01,78501.77,1777241454000
1777241456.281,56.281,0.35,0.37,0.63,0.65,0.02,0.02,78501.77,1777241454000
1777241456.884,56.884,0.37,0.38,0.62,0.63,0.01,0.01,78504.23,1777241455000
1777241457.262,57.262,0.37,0.38,0.62,0.63,0.01,0.01,78505.28,1777241456000
1777241457.719,57.719,0.37,0.38,0.62,0.63,0.01,0.01,78505.28,1777241456000
1777241458.642,58.642,0.37,0.38,0.62,0.63,0.01,0.01,78510.05,1777241457000
1777241459.158,59.158,0.37,0.39,0.61,0.63,0.02,0.02,78510.05,1777241457000
1777241459.513,59.513,0.37,0.38,0.62,0.63,0.01,0.01,78514.21,1777241458000
1777241460.01,60.01,0.37,0.38,0.62,0.63,0.01,0.01,78514.21,1777241458000
1777241460.353,60.353,0.38,0.39,0.61,0.62,0.01,0.01,78514.21,1777241458000
1777241460.996,60.996,0.38,0.4,0.6,0.62,0.02,0.02,78514.21,1777241458000
1777241461.646,61.646,0.38,0.39,0.61,0.62,0.01,0.01,78517.51,1777241459000
1777241462.367,62.367,0.39,0.4,0.6,0.62,0.01,0.02,78517.79,1777241460000
1777241462.715,62.715,0.39,0.4,0.6,0.61,0.01,0.01,78518.12,1777241461000
1777241463.049,63.049,0.39,0.4,0.6,0.61,0.01,0.01,78518.12,1777241461000
1777241463.428,63.428,0.38,0.39,0.61,0.62,0.01,0.01,78518.12,1777241461000
1777241463.956,63.956,0.38,0.39,0.61,0.62,0.01,0.01,78518.65,1777241462000
1777241464.336,64.336,0.38,0.39,0.61,0.62,0.01,0.01,78518.65,1777241462000
1777241464.742,64.742,0.38,0.39,0.61,0.62,0.01,0.01,78518.31,1777241463000
1777241465.394,65.394,0.38,0.39,0.61,0.62,0.01,0.01,78518.22,1777241464000
1777241465.813,65.813,0.38,0.39,0.61,0.62,0.01,0.01,78518.22,1777241464000
1777241466.665,66.665,0.38,0.39,0.61,0.62,0.01,0.01,78518.54,1777241465000
1777241467.378,67.378,0.38,0.39,0.61,0.62,0.01,0.01,78518.5,1777241466000
1777241467.837,67.837,0.38,0.43,0.61,0.62,0.05,0.01,78518.5,1777241466000
1777241468.652,68.652,0.38,0.39,0.61,0.62,0.01,0.01,78518.61,1777241467000
1777241469.063,69.063,0.38,0.39,0.61,0.62,0.01,0.01,78518.61,1777241467000
1777241469.482,69.482,0.38,0.39,0.61,0.62,0.01,0.01,78517.58,1777241468000
1777241469.993,69.993,0.38,0.39,0.61,0.62,0.01,0.01,78517.58,1777241468000
1777241470.34,70.34,0.38,0.39,0.61,0.62,0.01,0.01,78518.31,1777241469000
1777241470.72,70.72,0.38,0.39,0.61,0.62,0.01,0.01,78518.31,1777241469000
1777241471.104,71.104,0.38,0.39,0.61,0.62,0.01,0.01,78518.31,1777241469000
1777241471.517,71.517,0.38,0.39,0.61,0.62,0.01,0.01,78518.31,1777241469000
1777241472.057,72.057,0.38,0.39,0.61,0.62,0.01,0.01,78518.5,1777241470000
1777241472.68,72.68,0.38,0.39,0.61,0.62,0.01,0.01,78518.3,1777241471000
1777241473.516,73.516,0.38,0.39,0.61,0.62,0.01,0.01,78517.7,1777241472000
1777241474.259,74.259,0.38,0.39,0.61,0.62,0.01,0.01,78518.12,1777241473000
1777241474.695,74.695,0.38,0.39,0.61,0.62,0.01,0.01,78518.12,1777241473000
1777241475.048,75.048,0.38,0.39,0.61,0.62,0.01,0.01,78518.12,1777241473000
1777241475.395,75.395,0.38,0.41,0.59,0.62,0.03,0.03,78518.12,1777241473000
1777241475.902,75.902,0.39,0.41,0.59,0.61,0.02,0.02,78518.12,1777241473000
1777241476.369,76.369,0.38,0.42,0.58,0.62,0.04,0.04,78530.12,1777241475000
1777241476.729,76.729,0.42,0.43,0.57,0.58,0.01,0.01,78530.12,1777241475000
1777241477.247,77.247,0.43,0.44,0.56,0.57,0.01,0.01,78531.16,1777241476000
1777241478.144,78.144,0.43,0.44,0.56,0.58,0.01,0.02,78531.16,1777241476000
1777241478.554,78.554,0.37,0.38,0.62,0.63,0.01,0.01,78531.16,1777241476000
1777241478.911,78.911,0.36,0.37,0.63,0.64,0.01,0.01,78530.56,1777241477000
1777241479.385,79.385,0.36,0.37,0.63,0.64,0.01,0.01,78530.56,1777241477000
1777241479.764,79.764,0.36,0.37,0.63,0.64,0.01,0.01,78530.39,1777241478000
1777241480.306,80.306,0.36,0.37,0.63,0.64,0.01,0.01,78517.71,1777241479000
1777241481.637,81.637,0.36,0.38,0.63,0.64,0.02,0.01,78517.71,1777241479000
1777241481.974,81.974,0.36,0.38,0.62,0.64,0.02,0.02,78517.81,1777241480000
1777241482.396,82.396,0.36,0.38,0.62,0.64,0.02,0.02,78517.98,1777241481000
1777241482.768,82.768,0.39,0.4,0.62,0.64,0.01,0.02,78517.98,1777241481000
1777241483.122,83.122,0.39,0.4,0.6,0.61,0.01,0.01,78518.11,1777241482000
1777241483.835,83.835,0.39,0.4,0.6,0.61,0.01,0.01,78518.22,1777241483000
1777241484.623,84.623,0.39,0.4,0.6,0.61,0.01,0.01,78518.22,1777241483000
1777241485.058,85.058,0.39,0.4,0.6,0.61,0.01,0.01,78517.4,1777241484000
1777241485.442,85.442,0.38,0.4,0.6,0.61,0.02,0.01,78517.4,1777241484000
1777241486.376,86.376,0.37,0.39,0.61,0.63,0.02,0.02,78518.69,1777241485000
1777241486.752,86.752,0.36,0.38,0.62,0.63,0.02,0.01,78518.69,1777241485000
1777241487.171,87.171,0.36,0.38,0.62,0.64,0.02,0.02,78518.69,1777241485000
1777241488.161,88.161,0.36,0.38,0.62,0.64,0.02,0.02,78514.98,1777241487000
1777241489.239,89.239,0.36,0.37,0.63,0.64,0.01,0.01,78518.24,1777241488000
1777241489.825,89.825,0.36,0.37,0.63,0.64,0.01,0.01,78518.24,1777241488000
1777241490.166,90.166,0.4,0.41,0.59,0.6,0.01,0.01,78517.81,1777241489000
1777241490.702,90.702,0.4,0.41,0.59,0.6,0.01,0.01,78517.81,1777241489000
1777241491.139,91.139,0.38,0.41,0.59,0.62,0.03,0.03,78517.81,1777241489000
1777241491.769,91.769,0.39,0.4,0.59,0.61,0.01,0.02,78520.59,1777241490000
1777241492.505,92.505,0.35,0.36,0.62,0.64,0.01,0.02,78519.7,1777241491000
1777241493.007,93.007,0.35,0.36,0.64,0.65,0.01,0.01,78519.0,1777241492000
1777241493.638,93.638,0.35,0.36,0.64,0.65,0.01,0.01,78519.0,1777241492000
1777241493.978,93.978,0.42,0.44,0.56,0.58,0.02,0.02,78519.0,1777241492000
1777241494.498,94.498,0.44,0.45,0.55,0.56,0.01,0.01,78519.0,1777241492000
1777241494.866,94.866,0.44,0.45,0.55,0.56,0.01,0.01,78517.27,1777241493000
1777241495.557,95.557,0.44,0.45,0.55,0.56,0.01,0.01,78516.97,1777241494000
1777241495.966,95.966,0.43,0.44,0.56,0.57,0.01,0.01,78527.38,1777241495000
1777241496.588,96.588,0.43,0.44,0.56,0.57,0.01,0.01,78527.38,1777241495000
1777241496.974,96.974,0.43,0.44,0.56,0.57,0.01,0.01,78527.38,1777241495000
1777241497.424,97.424,0.43,0.44,0.56,0.57,0.01,0.01,78529.38,1777241496000
1777241498.054,98.054,0.41,0.44,0.56,0.59,0.03,0.03,78528.13,1777241497000
1777241498.398,98.398,0.4,0.43,0.57,0.6,0.03,0.03,78528.13,1777241497000
1777241498.777,98.777,0.4,0.42,0.57,0.6,0.02,0.03,78528.13,1777241497000
1777241499.139,99.139,0.4,0.42,0.58,0.59,0.02,0.01,78528.89,1777241498000
1777241500.063,100.063,0.4,0.41,0.58,0.6,0.01,0.02,78528.89,1777241498000
1777241500.451,100.451,0.4,0.41,0.59,0.6,0.01,0.01,78529.67,1777241499000
1777241500.827,100.827,0.37,0.41,0.59,0.6,0.04,0.01,78529.67,1777241499000
1777241501.185,101.185,0.38,0.39,0.61,0.62,0.01,0.01,78529.88,1777241500000
1777241502.291,102.291,0.38,0.42,0.58,0.62,0.04,0.04,78529.55,1777241501000
1777241502.633,102.633,0.38,0.39,0.61,0.62,0.01,0.01,78529.55,1777241501000
1777241502.993,102.993,0.35,0.36,0.64,0.65,0.01,0.01,78529.55,1777241501000
1777241503.364,103.364,0.35,0.36,0.64,0.65,0.01,0.01,78529.8,1777241502000
1777241504.168,104.168,0.35,0.36,0.64,0.65,0.01,0.01,78526.05,1777241503000
1777241504.683,104.683,0.35,0.36,0.64,0.65,0.01,0.01,78526.05,1777241503000
1777241505.225,105.225,0.35,0.36,0.64,0.65,0.01,0.01,78526.05,1777241503000
1777241505.581,105.581,0.35,0.36,0.64,0.65,0.01,0.01,78523.72,1777241504000
1777241506.271,106.271,0.35,0.36,0.64,0.65,0.01,0.01,78523.67,1777241505000
1777241506.607,106.607,0.35,0.36,0.64,0.65,0.01,0.01,78523.67,1777241505000
1777241507.148,107.148,0.35,0.36,0.64,0.65,0.01,0.01,78523.67,1777241505000
1777241507.674,107.674,0.34,0.36,0.64,0.65,0.02,0.01,78523.67,1777241505000
1777241508.287,108.287,0.33,0.34,0.66,0.67,0.01,0.01,78520.85,1777241507000
1777241508.629,108.629,0.33,0.34,0.66,0.67,0.01,0.01,78520.85,1777241507000
1777241509.006,109.006,0.33,0.34,0.66,0.67,0.01,0.01,78520.85,1777241507000
1777241509.688,109.688,0.33,0.34,0.66,0.67,0.01,0.01,78521.06,1777241508000
1777241510.265,110.265,0.33,0.34,0.66,0.67,0.01,0.01,78521.06,1777241508000
1777241510.731,110.731,0.33,0.34,0.66,0.67,0.01,0.01,78519.75,1777241509000
1777241511.112,111.112,0.33,0.34,0.66,0.67,0.01,0.01,78519.23,1777241510000
1777241511.709,111.709,0.33,0.35,0.66,0.67,0.02,0.01,78519.23,1777241510000
1777241512.044,112.044,0.33,0.35,0.65,0.67,0.02,0.02,78519.25,1777241511000
1777241512.377,112.377,0.33,0.34,0.66,0.67,0.01,0.01,78519.25,1777241511000
1777241512.991,112.991,0.33,0.34,0.66,0.67,0.01,0.01,78519.25,1777241511000
1777241513.879,113.879,0.33,0.34,0.66,0.67,0.01,0.01,78519.63,1777241512000
1777241514.367,114.367,0.33,0.34,0.66,0.67,0.01,0.01,78519.37,1777241513000
1777241514.998,114.998,0.33,0.34,0.66,0.67,0.01,0.01,78519.27,1777241514000
1777241515.363,115.363,0.33,0.34,0.66,0.67,0.01,0.01,78519.27,1777241514000
1777241516.147,116.147,0.33,0.34,0.66,0.67,0.01,0.01,78519.36,1777241515000
1777241516.692,116.692,0.33,0.34,0.66,0.67,0.01,0.01,78519.36,1777241515000
1777241517.085,117.085,0.33,0.34,0.66,0.67,0.01,0.01,78519.36,1777241515000
1777241517.562,117.562,0.33,0.34,0.66,0.67,0.01,0.01,78519.36,1777241516000
1777241517.918,117.918,0.33,0.34,0.66,0.67,0.01,0.01,78519.36,1777241516000
1777241518.381,118.381,0.33,0.35,0.66,0.67,0.02,0.01,78519.36,1777241517000
1777241519.019,119.019,0.34,0.35,0.65,0.66,0.01,0.01,78519.26,1777241518000
1777241520.094,120.094,0.34,0.35,0.65,0.66,0.01,0.01,78519.68,1777241519000
1777241520.905,120.905,0.34,0.37,0.65,0.66,0.03,0.01,78519.68,1777241519000
1777241521.272,121.272,0.35,0.39,0.6,0.66,0.04,0.06,78519.68,1777241519000
1777241521.611,121.611,0.39,0.4,0.6,0.61,0.01,0.01,78519.69,1777241520000
1777241522.05,122.05,0.39,0.4,0.6,0.61,0.01,0.01,78519.69,1777241520000
1777241522.424,122.424,0.39,0.4,0.6,0.61,0.01,0.01,78519.69,1777241520000
1777241522.78,122.78,0.39,0.4,0.6,0.61,0.01,0.01,78524.16,1777241521000
1777241523.141,123.141,0.44,0.45,0.55,0.56,0.01,0.01,78525.96,1777241522000
1777241523.497,123.497,0.44,0.45,0.55,0.56,0.01,0.01,78525.96,1777241522000
1777241523.831,123.831,0.44,0.45,0.55,0.56,0.01,0.01,78525.96,1777241522000
1777241524.178,124.178,0.44,0.45,0.55,0.56,0.01,0.01,78527.53,1777241523000
1777241524.703,124.703,0.45,0.46,0.55,0.56,0.01,0.01,78527.53,1777241523000
1777241525.061,125.061,0.45,0.46,0.54,0.55,0.01,0.01,78527.53,1777241523000
1777241525.547,125.547,0.46,0.47,0.53,0.54,0.01,0.01,78533.16,1777241524000
1777241526.023,126.023,0.46,0.47,0.53,0.54,0.01,0.01,78533.16,1777241524000
1777241526.442,126.442,0.46,0.47,0.53,0.54,0.01,0.01,78538.12,1777241525000
1777241526.864,126.864,0.46,0.47,0.53,0.54,0.01,0.01,78538.12,1777241525000
1777241527.253,127.253,0.46,0.47,0.53,0.54,0.01,0.01,78538.12,1777241525000
1777241527.771,127.771,0.46,0.47,0.53,0.54,0.01,0.01,78538.77,1777241526000
1777241528.224,128.224,0.46,0.47,0.53,0.54,0.01,0.01,78544.98,1777241527000
1777241528.584,128.584,0.46,0.47,0.53,0.54,0.01,0.01,78544.98,1777241527000
1777241528.949,128.949,0.41,0.42,0.58,0.59,0.01,0.01,78544.98,1777241527000
1777241529.331,129.331,0.41,0.45,0.58,0.59,0.04,0.01,78541.61,1777241528000
1777241529.685,129.685,0.42,0.43,0.57,0.58,0.01,0.01,78541.61,1777241528000
1777241530.028,130.028,0.4,0.41,0.58,0.6,0.01,0.02,78541.61,1777241528000
1777241530.435,130.435,0.4,0.41,0.59,0.6,0.01,0.01,78539.97,1777241529000
1777241530.833,130.833,0.4,0.41,0.59,0.6,0.01,0.01,78539.97,1777241529000
1777241531.191,131.191,0.38,0.39,0.61,0.62,0.01,0.01,78541.31,1777241530000
1777241531.589,131.589,0.37,0.38,0.62,0.63,0.01,0.01,78541.31,1777241530000
1777241531.933,131.933,0.37,0.38,0.62,0.63,0.01,0.01,78541.31,1777241530000
1777241532.345,132.345,0.37,0.38,0.62,0.63,0.01,0.01,78540.48,1777241531000
1777241532.718,132.718,0.37,0.38,0.62,0.63,0.01,0.01,78540.48,1777241531000
1777241533.08,133.08,0.38,0.39,0.6,0.63,0.01,0.03,78540.48,1777241531000
1777241533.462,133.462,0.39,0.4,0.6,0.61,0.01,0.01,78532.2,1777241532000
1777241533.943,133.943,0.39,0.4,0.6,0.61,0.01,0.01,78532.2,1777241532000
1777241534.323,134.323,0.38,0.39,0.61,0.62,0.01,0.01,78530.37,1777241533000
1777241535.102,135.102,0.38,0.4,0.61,0.62,0.02,0.01,78530.37,1777241533000
1777241535.472,135.472,0.39,0.41,0.59,0.61,0.02,0.02,78530.6,1777241534000
1777241535.814,135.814,0.38,0.41,0.59,0.61,0.03,0.02,78530.6,1777241534000
1777241536.184,136.184,0.39,0.41,0.59,0.61,0.02,0.02,78530.6,1777241534000
1777241536.543,136.543,0.39,0.4,0.6,0.61,0.01,0.01,78530.6,1777241534000
1777241537.062,137.062,0.39,0.4,0.6,0.61,0.01,0.01,78533.83,1777241535000
1777241537.417,137.417,0.39,0.4,0.6,0.61,0.01,0.01,78536.21,1777241536000
1777241537.828,137.828,0.4,0.41,0.59,0.6,0.01,0.01,78536.21,1777241536000
1777241538.23,138.23,0.43,0.44,0.59,0.6,0.01,0.01,78536.21,1777241536000
1777241538.566,138.566,0.43,0.44,0.56,0.57,0.01,0.01,78531.8,1777241537000
1777241538.907,138.907,0.44,0.45,0.55,0.56,0.01,0.01,78531.8,1777241537000
1777241539.26,139.26,0.44,0.45,0.55,0.56,0.01,0.01,78533.13,1777241538000
1777241539.907,139.907,0.44,0.45,0.55,0.56,0.01,0.01,78533.13,1777241538000
1777241540.304,140.304,0.42,0.45,0.55,0.56,0.03,0.01,78533.25,1777241539000
1777241540.73,140.73,0.44,0.45,0.55,0.56,0.01,0.01,78533.25,1777241539000
1777241541.166,141.166,0.44,0.45,0.55,0.56,0.01,0.01,78533.25,1777241539000
1777241541.869,141.869,0.44,0.45,0.55,0.56,0.01,0.01,78536.13,1777241540000
1777241542.31,142.31,0.44,0.45,0.55,0.56,0.01,0.01,78536.13,1777241541000
1777241542.809,142.809,0.44,0.45,0.55,0.56,0.01,0.01,78536.13,1777241541000
1777241543.245,143.245,0.44,0.45,0.55,0.56,0.01,0.01,78536.11,1777241542000
1777241543.616,143.616,0.5,0.51,0.49,0.51,0.01,0.02,78536.11,1777241542000
1777241544.017,144.017,0.49,0.5,0.5,0.51,0.01,0.01,78536.11,1777241542000
1777241544.795,144.795,0.48,0.49,0.51,0.52,0.01,0.01,78536.12,1777241543000
1777241545.266,145.266,0.48,0.49,0.51,0.52,0.01,0.01,78539.93,1777241544000
1777241545.691,145.691,0.48,0.49,0.51,0.52,0.01,0.01,78539.93,1777241544000
1777241546.168,146.168,0.48,0.49,0.51,0.52,0.01,0.01,78539.93,1777241544000
1777241546.574,146.574,0.48,0.49,0.51,0.52,0.01,0.01,78542.11,1777241545000
1777241546.983,146.983,0.48,0.49,0.51,0.52,0.01,0.01,78542.11,1777241546000
1777241547.72,147.72,0.48,0.49,0.51,0.52,0.01,0.01,78542.11,1777241546000
1777241548.077,148.077,0.48,0.49,0.51,0.52,0.01,0.01,78542.37,1777241547000
1777241548.969,148.969,0.44,0.48,0.51,0.56,0.04,0.05,78542.37,1777241547000
1777241549.44,149.44,0.45,0.46,0.52,0.56,0.01,0.04,78543.96,1777241548000
1777241550.353,150.353,0.45,0.47,0.53,0.55,0.02,0.02,78544.27,1777241549000
1777241550.723,150.723,0.46,0.47,0.53,0.54,0.01,0.01,78544.27,1777241549000
1777241551.088,151.088,0.46,0.47,0.53,0.54,0.01,0.01,78544.27,1777241549000
1777241551.474,151.474,0.46,0.47,0.53,0.54,0.01,0.01,78544.31,1777241550000
1777241551.877,151.877,0.45,0.46,0.54,0.55,0.01,0.01,78544.31,1777241550000
1777241552.619,152.619,0.45,0.46,0.54,0.55,0.01,0.01,78544.27,1777241551000
1777241552.964,152.964,0.45,0.46,0.54,0.55,0.01,0.01,78544.27,1777241551000
1777241553.323,153.323,0.45,0.47,0.54,0.55,0.02,0.01,78544.37,1777241552000
1777241553.669,153.669,0.47,0.48,0.52,0.53,0.01,0.01,78544.37,1777241552000
1777241554.015,154.015,0.47,0.48,0.52,0.53,0.01,0.01,78544.37,1777241552000
1777241555.022,155.022,0.47,0.48,0.52,0.53,0.01,0.01,78544.44,1777241553000
1777241555.565,155.565,0.47,0.48,0.52,0.53,0.01,0.01,78544.67,1777241554000
1777241556.095,156.095,0.47,0.48,0.52,0.53,0.01,0.01,78544.67,1777241554000
1777241556.923,156.923,0.47,0.48,0.52,0.53,0.01,0.01,78546.74,1777241556000
1777241557.279,157.279,0.47,0.48,0.52,0.53,0.01,0.01,78546.74,1777241556000
1777241557.726,157.726,0.47,0.48,0.52,0.53,0.01,0.01,78546.74,1777241556000
1777241558.293,158.293,0.47,0.48,0.52,0.53,0.01,0.01,78546.74,1777241556000
1777241558.71,158.71,0.47,0.48,0.52,0.53,0.01,0.01,78546.38,1777241557000
1777241559.084,159.084,0.47,0.48,0.52,0.53,0.01,0.01,78546.99,1777241558000
1777241559.517,159.517,0.47,0.5,0.52,0.53,0.03,0.01,78546.99,1777241558000
1777241559.872,159.872,0.49,0.5,0.5,0.51,0.01,0.01,78546.99,1777241558000
1777241560.218,160.218,0.52,0.53,0.47,0.48,0.01,0.01,78546.99,1777241558000
1777241560.665,160.665,0.52,0.53,0.47,0.48,0.01,0.01,78547.99,1777241559000
1777241561.067,161.067,0.52,0.53,0.47,0.48,0.01,0.01,78547.99,1777241559000
1777241561.4,161.4,0.52,0.53,0.47,0.48,0.01,0.01,78548.4,1777241560000
1777241561.788,161.788,0.52,0.53,0.47,0.48,0.01,0.01,78548.4,1777241560000
1777241562.22,162.22,0.53,0.54,0.46,0.47,0.01,0.01,78550.38,1777241561000
1777241562.627,162.627,0.53,0.54,0.46,0.47,0.01,0.01,78550.38,1777241561000
1777241563.011,163.011,0.53,0.54,0.46,0.47,0.01,0.01,78550.38,1777241561000
1777241563.584,163.584,0.53,0.54,0.46,0.47,0.01,0.01,78552.68,1777241562000
1777241564.083,164.083,0.51,0.52,0.47,0.49,0.01,0.02,78552.68,1777241562000
1777241564.417,164.417,0.51,0.52,0.48,0.49,0.01,0.01,78553.69,1777241563000
1777241564.916,164.916,0.52,0.53,0.48,0.49,0.01,0.01,78553.69,1777241563000
1777241565.418,165.418,0.52,0.53,0.47,0.48,0.01,0.01,78553.14,1777241564000
1777241566.086,166.086,0.52,0.53,0.47,0.48,0.01,0.01,78553.14,1777241564000
1777241566.534,166.534,0.52,0.53,0.47,0.48,0.01,0.01,78553.14,1777241564000
1777241566.915,166.915,0.52,0.53,0.47,0.48,0.01,0.01,78553.19,1777241565000
1777241567.372,167.372,0.52,0.53,0.47,0.48,0.01,0.01,78553.38,1777241566000
1777241567.721,167.721,0.52,0.53,0.47,0.48,0.01,0.01,78553.38,1777241566000
1777241568.266,168.266,0.52,0.53,0.47,0.48,0.01,0.01,78553.34,1777241567000
1777241568.895,168.895,0.51,0.53,0.47,0.48,0.02,0.01,78553.34,1777241567000
1777241569.24,169.24,0.51,0.52,0.48,0.49,0.01,0.01,78553.35,1777241568000
1777241569.734,169.734,0.51,0.52,0.48,0.49,0.01,0.01,78553.35,1777241568000
1777241570.097,170.097,0.52,0.53,0.47,0.48,0.01,0.01,78553.35,1777241568000
1777241570.555,170.555,0.51,0.52,0.48,0.49,0.01,0.01,78553.38,1777241569000
1777241570.932,170.932,0.51,0.52,0.48,0.49,0.01,0.01,78553.01,1777241570000
1777241571.336,171.336,0.51,0.52,0.48,0.49,0.01,0.01,78553.01,1777241570000
1777241571.671,171.671,0.54,0.55,0.45,0.46,0.01,0.01,78553.01,1777241570000
1777241572.228,172.228,0.54,0.55,0.45,0.46,0.01,0.01,78553.01,1777241570000
1777241572.916,172.916,0.53,0.55,0.45,0.46,0.02,0.01,78552.78,1777241571000
1777241573.253,173.253,0.52,0.55,0.45,0.48,0.03,0.03,78552.78,1777241571000
1777241573.599,173.599,0.53,0.54,0.45,0.48,0.01,0.03,78554.23,1777241572000
1777241573.947,173.947,0.53,0.54,0.46,0.47,0.01,0.01,78554.97,1777241573000
1777241574.37,174.37,0.53,0.54,0.46,0.47,0.01,0.01,78554.97,1777241573000
1777241574.723,174.723,0.53,0.54,0.46,0.47,0.01,0.01,78554.97,1777241573000
1777241575.132,175.132,0.53,0.54,0.46,0.47,0.01,0.01,78555.47,1777241574000
1777241575.586,175.586,0.53,0.54,0.46,0.47,0.01,0.01,78555.47,1777241574000
1777241576.071,176.071,0.53,0.54,0.46,0.47,0.01,0.01,78555.47,1777241574000
1777241576.47,176.47,0.52,0.54,0.46,0.47,0.02,0.01,78556.13,1777241575000
1777241577.258,177.258,0.52,0.53,0.47,0.48,0.01,0.01,78556.13,1777241575000
1777241577.594,177.594,0.52,0.53,0.47,0.48,0.01,0.01,78556.13,1777241576000
1777241578.085,178.085,0.52,0.54,0.46,0.48,0.02,0.02,78556.99,1777241577000
1777241578.422,178.422,0.52,0.53,0.47,0.48,0.01,0.01,78556.99,1777241577000
1777241579.067,179.067,0.52,0.54,0.47,0.48,0.02,0.01,78556.99,1777241577000
1777241579.41,179.41,0.55,0.56,0.44,0.45,0.01,0.01,78557.28,1777241578000
1777241579.79,179.79,0.56,0.57,0.43,0.44,0.01,0.01,78557.28,1777241578000
1777241580.141,180.141,0.56,0.57,0.43,0.44,0.01,0.01,78557.28,1777241578000
1777241580.643,180.643,0.56,0.57,0.43,0.44,0.01,0.01,78557.36,1777241579000
1777241580.978,180.978,0.56,0.57,0.43,0.44,0.01,0.01,78558.68,1777241580000
1777241581.472,181.472,0.56,0.57,0.43,0.44,0.01,0.01,78558.68,1777241580000
1777241581.813,181.813,0.54,0.57,0.43,0.44,0.03,0.01,78558.68,1777241580000
1777241582.238,182.238,0.56,0.57,0.43,0.45,0.01,0.02,78558.68,1777241580000
1777241582.578,182.578,0.59,0.6,0.36,0.44,0.01,0.08,78558.68,1777241580000
1777241583.238,183.238,0.58,0.59,0.41,0.42,0.01,0.01,78561.92,1777241582000
1777241583.673,183.673,0.58,0.59,0.41,0.42,0.01,0.01,78561.92,1777241582000
1777241584.122,184.122,0.58,0.59,0.41,0.42,0.01,0.01,78561.92,1777241582000
1777241584.541,184.541,0.58,0.59,0.41,0.42,0.01,0.01,78562.03,1777241583000
1777241584.95,184.95,0.64,0.66,0.31,0.4,0.02,0.09,78562.03,1777241583000
1777241585.295,185.295,0.59,0.62,0.37,0.4,0.03,0.03,78562.07,1777241584000
1777241585.651,185.651,0.61,0.62,0.38,0.39,0.01,0.01,78562.07,1777241584000
1777241586.08,186.08,0.59,0.6,0.39,0.4,0.01,0.01,78562.07,1777241584000
1777241586.487,186.487,0.59,0.6,0.4,0.41,0.01,0.01,78562.07,1777241585000
1777241586.921,186.921,0.59,0.6,0.4,0.41,0.01,0.01,78562.07,1777241585000
1777241587.42,187.42,0.58,0.59,0.41,0.42,0.01,0.01,78562.36,1777241586000
1777241587.852,187.852,0.58,0.59,0.41,0.42,0.01,0.01,78562.36,1777241586000
1777241588.235,188.235,0.58,0.59,0.41,0.42,0.01,0.01,78562.7,1777241587000
1777241588.623,188.623,0.58,0.59,0.41,0.42,0.01,0.01,78562.7,1777241587000
1777241589.156,189.156,0.6,0.61,0.38,0.42,0.01,0.04,78562.7,1777241587000
1777241589.509,189.509,0.6,0.61,0.39,0.4,0.01,0.01,78563.02,1777241588000
1777241589.974,189.974,0.6,0.61,0.39,0.4,0.01,0.01,78563.02,1777241588000
1777241590.367,190.367,0.6,0.61,0.39,0.4,0.01,0.01,78563.02,1777241588000
1777241590.777,190.777,0.56,0.61,0.39,0.4,0.05,0.01,78562.04,1777241589000
1777241591.185,191.185,0.57,0.58,0.41,0.42,0.01,0.01,78562.07,1777241590000
1777241591.703,191.703,0.56,0.58,0.42,0.43,0.02,0.01,78562.07,1777241590000
1777241592.195,192.195,0.56,0.57,0.43,0.44,0.01,0.01,78563.17,1777241591000
1777241592.889,192.889,0.56,0.57,0.43,0.44,0.01,0.01,78563.17,1777241591000
1777241593.224,193.224,0.56,0.57,0.43,0.44,0.01,0.01,78563.17,1777241591000
1777241593.607,193.607,0.56,0.57,0.43,0.44,0.01,0.01,78561.97,1777241592000
1777241593.978,193.978,0.56,0.57,0.43,0.44,0.01,0.01,78561.97,1777241592000
1777241594.361,194.361,0.56,0.57,0.43,0.44,0.01,0.01,78561.98,1777241593000
1777241594.941,194.941,0.56,0.57,0.43,0.44,0.01,0.01,78561.98,1777241593000
1777241595.374,195.374,0.56,0.57,0.43,0.44,0.01,0.01,78561.87,1777241594000
1777241595.79,195.79,0.56,0.57,0.43,0.44,0.01,0.01,78561.87,1777241594000
1777241596.227,196.227,0.56,0.57,0.43,0.44,0.01,0.01,78561.94,1777241595000
1777241596.561,196.561,0.45,0.46,0.54,0.55,0.01,0.01,78561.94,1777241595000
1777241596.967,196.967,0.49,0.5,0.5,0.51,0.01,0.01,78561.94,1777241595000
1777241597.301,197.301,0.52,0.54,0.46,0.48,0.02,0.02,78561.94,1777241595000
1777241597.695,197.695,0.52,0.53,0.47,0.48,0.01,0.01,78561.94,1777241595000
1777241598.178,198.178,0.53,0.54,0.46,0.47,0.01,0.01,78560.4,1777241597000
1777241598.774,198.774,0.53,0.56,0.46,0.47,0.03,0.01,78560.4,1777241597000
1777241599.139,199.139,0.54,0.55,0.45,0.46,0.01,0.01,78556.27,1777241598000
1777241599.499,199.499,0.54,0.55,0.45,0.46,0.01,0.01,78556.27,1777241598000
1777241599.88,199.88,0.54,0.55,0.45,0.46,0.01,0.01,78556.27,1777241598000
1777241600.218,200.218,0.54,0.55,0.45,0.46,0.01,0.01,78556.65,1777241599000
1777241600.637,200.637,0.54,0.55,0.45,0.46,0.01,0.01,78556.65,1777241599000
1777241601.245,201.245,0.54,0.55,0.45,0.46,0.01,0.01,78556.65,1777241599000
1777241601.593,201.593,0.54,0.55,0.45,0.46,0.01,0.01,78557.05,1777241600000
1777241602.037,202.037,0.54,0.55,0.45,0.46,0.01,0.01,78556.88,1777241601000
1777241602.371,202.371,0.52,0.55,0.45,0.46,0.03,0.01,78556.88,1777241601000
1777241602.798,202.798,0.52,0.53,0.46,0.48,0.01,0.02,78556.88,1777241601000
1777241603.151,203.151,0.52,0.53,0.47,0.48,0.01,0.01,78556.61,1777241602000
1777241603.639,203.639,0.52,0.53,0.47,0.48,0.01,0.01,78556.61,1777241602000
1777241604.302,204.302,0.52,0.53,0.47,0.48,0.01,0.01,78556.65,1777241603000
1777241604.995,204.995,0.52,0.53,0.47,0.48,0.01,0.01,78556.65,1777241603000
1777241605.379,205.379,0.44,0.45,0.55,0.56,0.01,0.01,78554.08,1777241604000
1777241605.844,205.844,0.45,0.46,0.54,0.56,0.01,0.02,78554.08,1777241604000
1777241606.273,206.273,0.45,0.46,0.54,0.55,0.01,0.01,78554.08,1777241605000
1777241606.622,206.622,0.45,0.46,0.54,0.55,0.01,0.01,78554.08,1777241605000
1777241607.139,207.139,0.45,0.46,0.54,0.55,0.01,0.01,78554.08,1777241605000
1777241607.812,207.812,0.45,0.46,0.54,0.55,0.01,0.01,78552.08,1777241606000
1777241608.384,208.384,0.45,0.47,0.54,0.55,0.02,0.01,78552.08,1777241607000
1777241609.076,209.076,0.45,0.47,0.53,0.55,0.02,0.02,78550.14,1777241608000
1777241609.858,209.858,0.46,0.47,0.53,0.55,0.01,0.02,78550.14,1777241608000
1777241610.223,210.223,0.46,0.47,0.53,0.54,0.01,0.01,78550.76,1777241609000
1777241610.653,210.653,0.46,0.47,0.53,0.54,0.01,0.01,78550.76,1777241609000
1777241611.017,211.017,0.46,0.47,0.53,0.54,0.01,0.01,78550.76,1777241609000
1777241611.582,211.582,0.46,0.47,0.53,0.54,0.01,0.01,78550.76,1777241609000
1777241612.05,212.05,0.46,0.47,0.53,0.54,0.01,0.01,78550.75,1777241610000
1777241612.444,212.444,0.46,0.47,0.53,0.54,0.01,0.01,78550.78,1777241611000
1777241612.992,212.992,0.46,0.5,0.5,0.54,0.04,0.04,78550.78,1777241612000
1777241613.523,213.523,0.48,0.49,0.5,0.54,0.01,0.04,78550.78,1777241612000
1777241613.971,213.971,0.48,0.49,0.51,0.52,0.01,0.01,78550.77,1777241613000
1777241614.781,214.781,0.48,0.52,0.51,0.52,0.04,0.01,78550.77,1777241613000
1777241615.154,215.154,0.61,0.64,0.37,0.39,0.03,0.02,78550.77,1777241613000
1777241615.866,215.866,0.62,0.63,0.36,0.39,0.01,0.03,78551.04,1777241614000
1777241616.39,216.39,0.62,0.63,0.37,0.38,0.01,0.01,78551.65,1777241615000
1777241616.736,216.736,0.62,0.64,0.36,0.38,0.02,0.02,78551.65,1777241615000
1777241617.275,217.275,0.63,0.66,0.35,0.37,0.03,0.02,78558.43,1777241616000
1777241617.644,217.644,0.65,0.66,0.34,0.37,0.01,0.03,78558.43,1777241616000
1777241617.994,217.994,0.63,0.64,0.36,0.37,0.01,0.01,78561.72,1777241617000
1777241618.399,218.399,0.64,0.66,0.32,0.36,0.02,0.04,78561.72,1777241617000
1777241618.957,218.957,0.64,0.65,0.35,0.36,0.01,0.01,78566.03,1777241618000
1777241619.302,219.302,0.64,0.65,0.35,0.36,0.01,0.01,78566.03,1777241618000
1777241619.714,219.714,0.64,0.65,0.35,0.36,0.01,0.01,78566.03,1777241618000
1777241620.131,220.131,0.63,0.64,0.35,0.37,0.01,0.02,78570.09,1777241619000
1777241620.512,220.512,0.63,0.64,0.36,0.37,0.01,0.01,78570.09,1777241619000
1777241620.86,220.86,0.63,0.64,0.36,0.37,0.01,0.01,78570.44,1777241620000
1777241621.337,221.337,0.63,0.64,0.36,0.37,0.01,0.01,78570.44,1777241620000
1777241621.817,221.817,0.63,0.64,0.36,0.37,0.01,0.01,78570.44,1777241620000
1777241622.233,222.233,0.55,0.56,0.41,0.43,0.01,0.02,78570.45,1777241621000
1777241622.568,222.568,0.51,0.53,0.47,0.49,0.02,0.02,78570.45,1777241621000
1777241622.937,222.937,0.52,0.53,0.45,0.49,0.01,0.04,78570.45,1777241621000
1777241623.418,223.418,0.52,0.53,0.47,0.48,0.01,0.01,78569.09,1777241622000
1777241623.757,223.757,0.52,0.53,0.47,0.48,0.01,0.01,78569.09,1777241622000
1777241624.487,224.487,0.52,0.53,0.47,0.48,0.01,0.01,78563.85,1777241623000
1777241624.845,224.845,0.52,0.55,0.47,0.48,0.03,0.01,78563.85,1777241623000
1777241625.285,225.285,0.52,0.53,0.47,0.49,0.01,0.02,78563.85,1777241623000
1777241625.789,225.789,0.52,0.53,0.47,0.48,0.01,0.01,78556.2,1777241624000
1777241626.134,226.134,0.52,0.53,0.47,0.48,0.01,0.01,78556.21,1777241625000
1777241626.744,226.744,0.52,0.53,0.47,0.48,0.01,0.01,78556.21,1777241625000
1777241627.115,227.115,0.5,0.51,0.48,0.52,0.01,0.04,78557.06,1777241626000
1777241627.513,227.513,0.5,0.51,0.49,0.5,0.01,0.01,78557.06,1777241626000
1777241627.922,227.922,0.53,0.54,0.46,0.47,0.01,0.01,78557.06,1777241626000
1777241628.297,228.297,0.51,0.54,0.46,0.47,0.03,0.01,78556.22,1777241627000
1777241628.894,228.894,0.51,0.52,0.48,0.49,0.01,0.01,78556.22,1777241627000
1777241629.262,229.262,0.51,0.52,0.48,0.49,0.01,0.01,78554.13,1777241628000
1777241629.796,229.796,0.51,0.52,0.48,0.49,0.01,0.01,78554.13,1777241628000
1777241630.254,230.254,0.5,0.51,0.49,0.5,0.01,0.01,78553.12,1777241629000
1777241631.149,231.149,0.5,0.51,0.49,0.5,0.01,0.01,78552.47,1777241630000
1777241631.514,231.514,0.5,0.51,0.49,0.5,0.01,0.01,78552.47,1777241630000
1777241632.064,232.064,0.5,0.51,0.49,0.5,0.01,0.01,78552.17,1777241631000
1777241632.868,232.868,0.5,0.51,0.49,0.5,0.01,0.01,78552.17,1777241631000
1777241633.204,233.204,0.5,0.51,0.49,0.5,0.01,0.01,78552.2,1777241632000
1777241633.608,233.608,0.61,0.63,0.37,0.39,0.02,0.02,78552.2,1777241632000
1777241633.944,233.944,0.66,0.67,0.33,0.34,0.01,0.01,78552.2,1777241632000
1777241634.295,234.295,0.66,0.67,0.33,0.34,0.01,0.01,78555.85,1777241633000
1777241634.933,234.933,0.64,0.65,0.33,0.36,0.01,0.03,78555.85,1777241633000
1777241635.325,235.325,0.63,0.64,0.36,0.37,0.01,0.01,78557.59,1777241634000
1777241635.721,235.721,0.63,0.64,0.36,0.37,0.01,0.01,78557.59,1777241634000
1777241636.152,236.152,0.63,0.64,0.36,0.37,0.01,0.01,78558.45,1777241635000
1777241636.55,236.55,0.62,0.63,0.36,0.38,0.01,0.02,78558.45,1777241635000
1777241637.142,237.142,0.6,0.61,0.39,0.4,0.01,0.01,78559.3,1777241636000
1777241637.485,237.485,0.58,0.59,0.41,0.42,0.01,0.01,78559.3,1777241636000
1777241638.134,238.134,0.58,0.59,0.41,0.42,0.01,0.01,78559.3,1777241636000
1777241638.627,238.627,0.58,0.59,0.41,0.42,0.01,0.01,78559.9,1777241637000
1777241639.195,239.195,0.58,0.59,0.41,0.42,0.01,0.01,78559.9,1777241638000
1777241640.059,240.059,0.58,0.59,0.41,0.42,0.01,0.01,78559.9,1777241638000
1777241640.395,240.395,0.58,0.59,0.41,0.42,0.01,0.01,78560.32,1777241639000
1777241640.792,240.792,0.58,0.59,0.41,0.42,0.01,0.01,78560.32,1777241639000
1777241641.242,241.242,0.58,0.59,0.41,0.42,0.01,0.01,78560.32,1777241639000
1777241641.763,241.763,0.62,0.63,0.37,0.38,0.01,0.01,78560.43,1777241640000
1777241642.177,242.177,0.62,0.63,0.37,0.38,0.01,0.01,78560.43,1777241640000
1777241642.678,242.678,0.62,0.66,0.37,0.38,0.04,0.01,78560.44,1777241641000
1777241643.106,243.106,0.73,0.74,0.26,0.27,0.01,0.01,78560.44,1777241641000
1777241643.457,243.457,0.7,0.73,0.27,0.28,0.03,0.01,78560.1,1777241642000
1777241643.803,243.803,0.7,0.71,0.29,0.3,0.01,0.01,78560.1,1777241642000
1777241644.157,244.157,0.68,0.69,0.31,0.32,0.01,0.01,78560.25,1777241643000
1777241644.62,244.62,0.69,0.7,0.3,0.31,0.01,0.01,78560.25,1777241643000
1777241644.965,244.965,0.69,0.71,0.3,0.31,0.02,0.01,78562.73,1777241644000
1777241645.355,245.355,0.71,0.72,0.28,0.29,0.01,0.01,78562.73,1777241644000
1777241645.998,245.998,0.72,0.73,0.27,0.28,0.01,0.01,78565.6,1777241645000
1777241646.791,246.791,0.73,0.74,0.26,0.28,0.01,0.02,78565.6,1777241645000
1777241647.604,247.604,0.73,0.75,0.26,0.27,0.02,0.01,78566.66,1777241646000
1777241647.971,247.971,0.73,0.75,0.25,0.27,0.02,0.02,78569.74,1777241647000
1777241648.44,248.44,0.73,0.75,0.26,0.27,0.02,0.01,78569.74,1777241647000
1777241648.9,248.9,0.73,0.75,0.25,0.27,0.02,0.02,78570.51,1777241648000
1777241649.36,249.36,0.74,0.75,0.25,0.26,0.01,0.01,78570.51,1777241648000
1777241649.874,249.874,0.77,0.78,0.22,0.23,0.01,0.01,78570.88,1777241649000
1777241650.211,250.211,0.78,0.79,0.21,0.22,0.01,0.01,78570.88,1777241649000
1777241650.594,250.594,0.78,0.79,0.21,0.22,0.01,0.01,78570.88,1777241649000
1777241650.929,250.929,0.83,0.84,0.2,0.21,0.01,0.01,78571.23,1777241650000
1777241651.56,251.56,0.83,0.84,0.16,0.17,0.01,0.01,78571.23,1777241650000
1777241651.899,251.899,0.83,0.84,0.16,0.17,0.01,0.01,78571.23,1777241650000
1777241652.251,252.251,0.81,0.82,0.18,0.19,0.01,0.01,78571.75,1777241651000
1777241652.588,252.588,0.81,0.82,0.18,0.19,0.01,0.01,78571.75,1777241651000
1777241652.943,252.943,0.81,0.82,0.18,0.19,0.01,0.01,78571.75,1777241651000
1777241653.286,253.286,0.84,0.85,0.15,0.16,0.01,0.01,78577.05,1777241652000
1777241653.63,253.63,0.84,0.85,0.15,0.16,0.01,0.01,78577.05,1777241652000
1777241654.068,254.068,0.84,0.85,0.15,0.16,0.01,0.01,78577.05,1777241652000
1777241654.518,254.518,0.84,0.85,0.15,0.16,0.01,0.01,78577.15,1777241653000
1777241654.912,254.912,0.85,0.86,0.15,0.16,0.01,0.01,78577.15,1777241653000
1777241655.253,255.253,0.85,0.86,0.14,0.15,0.01,0.01,78577.09,1777241654000
1777241655.597,255.597,0.85,0.86,0.14,0.15,0.01,0.01,78577.09,1777241654000
1777241655.932,255.932,0.85,0.86,0.14,0.15,0.01,0.01,78577.09,1777241654000
1777241656.3,256.3,0.85,0.87,0.14,0.15,0.02,0.01,78578.8,1777241655000
1777241656.633,256.633,0.82,0.83,0.16,0.17,0.01,0.01,78578.8,1777241655000
1777241657.011,257.011,0.71,0.73,0.27,0.28,0.02,0.01,78578.8,1777241655000
1777241657.347,257.347,0.71,0.72,0.28,0.29,0.01,0.01,78580.24,1777241656000
1777241657.717,257.717,0.77,0.78,0.22,0.26,0.01,0.04,78580.24,1777241656000
1777241658.095,258.095,0.74,0.75,0.22,0.27,0.01,0.05,78580.24,1777241656000
1777241658.524,258.524,0.78,0.79,0.21,0.23,0.01,0.02,78577.03,1777241657000
1777241658.955,258.955,0.84,0.85,0.15,0.16,0.01,0.01,78577.03,1777241657000
1777241659.345,259.345,0.84,0.85,0.15,0.16,0.01,0.01,78573.12,1777241658000
1777241659.69,259.69,0.84,0.85,0.15,0.16,0.01,0.01,78573.12,1777241658000
1777241660.219,260.219,0.84,0.85,0.15,0.16,0.01,0.01,78573.12,1777241658000
1777241660.699,260.699,0.81,0.85,0.15,0.16,0.04,0.01,78574.27,1777241659000
1777241661.04,261.04,0.82,0.83,0.15,0.19,0.01,0.04,78577.65,1777241660000
1777241661.877,261.877,0.82,0.83,0.17,0.18,0.01,0.01,78577.65,1777241660000
1777241662.459,262.459,0.86,0.87,0.13,0.14,0.01,0.01,78577.67,1777241661000
1777241662.971,262.971,0.86,0.87,0.13,0.14,0.01,0.01,78577.67,1777241661000
1777241663.411,263.411,0.86,0.87,0.13,0.14,0.01,0.01,78577.71,1777241662000
1777241663.843,263.843,0.87,0.88,0.13,0.14,0.01,0.01,78577.71,1777241662000
1777241664.183,264.183,0.87,0.88,0.12,0.13,0.01,0.01,78578.02,1777241663000
1777241664.651,264.651,0.87,0.88,0.12,0.13,0.01,0.01,78578.02,1777241663000
1777241664.987,264.987,0.91,0.93,0.07,0.09,0.02,0.02,78578.02,1777241663000
1777241665.32,265.32,0.92,0.93,0.07,0.08,0.01,0.01,78577.96,1777241664000
1777241665.674,265.674,0.93,0.94,0.06,0.07,0.01,0.01,78577.96,1777241664000
1777241666.103,266.103,0.93,0.94,0.06,0.07,0.01,0.01,78577.96,1777241664000
1777241666.501,266.501,0.93,0.94,0.06,0.07,0.01,0.01,78578.26,1777241665000
1777241666.876,266.876,0.93,0.94,0.06,0.07,0.01,0.01,78578.26,1777241665000
1777241667.223,267.223,0.93,0.94,0.06,0.07,0.01,0.01,78578.26,1777241665000
1777241667.621,267.621,0.89,0.9,0.1,0.11,0.01,0.01,78590.93,1777241666000
1777241667.983,267.983,0.89,0.9,0.1,0.11,0.01,0.01,78590.93,1777241666000
1777241668.369,268.369,0.89,0.9,0.1,0.11,0.01,0.01,78590.93,1777241667000
1777241668.711,268.711,0.88,0.9,0.1,0.12,0.02,0.02,78590.93,1777241667000
1777241669.068,269.068,0.89,0.9,0.1,0.11,0.01,0.01,78590.93,1777241667000
1777241669.418,269.418,0.89,0.93,0.08,0.16,0.04,0.08,78592.58,1777241668000
1777241669.992,269.992,0.89,0.91,0.05,0.1,0.02,0.05,78592.58,1777241668000
1777241670.411,270.411,0.91,0.92,0.07,0.1,0.01,0.03,78591.47,1777241669000
1777241670.763,270.763,0.91,0.92,0.08,0.21,0.01,0.13,78591.47,1777241669000
1777241671.126,271.126,0.91,0.92,0.08,0.09,0.01,0.01,78591.47,1777241669000
1777241671.471,271.471,0.91,0.92,0.08,0.09,0.01,0.01,78591.47,1777241669000
1777241671.855,271.855,0.91,0.92,0.08,0.09,0.01,0.01,78591.11,1777241670000
1777241672.202,272.202,0.91,0.92,0.08,0.09,0.01,0.01,78591.11,1777241670000
1777241672.549,272.549,0.76,0.77,0.23,0.24,0.01,0.01,78591.11,1777241670000
1777241672.999,272.999,0.78,0.79,0.21,0.22,0.01,0.01,78591.11,1777241670000
1777241673.487,273.487,0.8,0.81,0.19,0.22,0.01,0.03,78591.11,1777241670000
1777241673.828,273.828,0.65,0.69,0.25,0.33,0.04,0.08,78592.06,1777241672000
1777241674.162,274.162,0.65,0.66,0.34,0.35,0.01,0.01,78592.06,1777241672000
1777241674.513,274.513,0.67,0.7,0.31,0.34,0.03,0.03,78589.15,1777241673000
1777241674.958,274.958,0.68,0.72,0.29,0.32,0.04,0.03,78589.15,1777241673000
1777241675.293,275.293,0.7,0.72,0.26,0.3,0.02,0.04,78586.64,1777241674000
1777241675.673,275.673,0.72,0.74,0.26,0.28,0.02,0.02,78586.64,1777241674000
1777241676.115,276.115,0.72,0.74,0.26,0.28,0.02,0.02,78586.64,1777241674000
1777241676.462,276.462,0.72,0.74,0.26,0.28,0.02,0.02,78578.26,1777241675000
1777241676.797,276.797,0.72,0.77,0.23,0.28,0.05,0.05,78578.26,1777241675000
1777241677.139,277.139,0.72,0.73,0.23,0.28,0.01,0.05,78578.26,1777241675000
1777241677.526,277.526,0.72,0.73,0.27,0.28,0.01,0.01,78577.88,1777241676000
1777241677.922,277.922,0.74,0.75,0.25,0.26,0.01,0.01,78577.88,1777241676000
1777241678.447,278.447,0.75,0.77,0.24,0.25,0.02,0.01,78577.88,1777241676000
1777241679.111,279.111,0.76,0.77,0.23,0.24,0.01,0.01,78576.01,1777241677000
1777241679.499,279.499,0.76,0.77,0.23,0.24,0.01,0.01,78576.01,1777241677000
1777241679.835,279.835,0.76,0.77,0.23,0.24,0.01,0.01,78576.01,1777241678000
1777241680.168,280.168,0.76,0.77,0.23,0.24,0.01,0.01,78576.01,1777241678000
1777241680.642,280.642,0.8,0.81,0.19,0.2,0.01,0.01,78575.73,1777241679000
1777241681.044,281.044,0.8,0.81,0.19,0.2,0.01,0.01,78575.73,1777241679000
1777241681.557,281.557,0.76,0.77,0.19,0.24,0.01,0.05,78575.73,1777241679000
1777241681.966,281.966,0.76,0.77,0.23,0.24,0.01,0.01,78576.8,1777241680000
1777241682.32,282.32,0.76,0.77,0.23,0.24,0.01,0.01,78576.8,1777241680000
1777241682.713,282.713,0.77,0.78,0.23,0.24,0.01,0.01,78576.27,1777241681000
1777241683.098,283.098,0.75,0.76,0.24,0.25,0.01,0.01,78575.77,1777241682000
1777241683.507,283.507,0.75,0.76,0.24,0.25,0.01,0.01,78575.77,1777241682000
1777241684.199,284.199,0.76,0.83,0.17,0.25,0.07,0.08,78575.77,1777241682000
1777241684.577,284.577,0.77,0.83,0.22,0.23,0.06,0.01,78575.74,1777241683000
1777241684.928,284.928,0.82,0.83,0.16,0.19,0.01,0.03,78575.74,1777241683000
1777241685.41,285.41,0.82,0.83,0.17,0.18,0.01,0.01,78575.74,1777241683000
1777241685.748,285.748,0.82,0.85,0.17,0.18,0.03,0.01,78575.66,1777241684000
1777241686.082,286.082,0.84,0.85,0.15,0.16,0.01,0.01,78575.66,1777241684000
1777241686.45,286.45,0.81,0.82,0.18,0.2,0.01,0.02,78575.66,1777241684000
1777241686.819,286.819,0.81,0.82,0.18,0.19,0.01,0.01,78575.67,1777241685000
1777241687.17,287.17,0.84,0.85,0.15,0.17,0.01,0.02,78575.67,1777241685000
1777241687.566,287.566,0.84,0.85,0.15,0.16,0.01,0.01,78576.07,1777241686000
1777241688.028,288.028,0.87,0.89,0.11,0.17,0.02,0.06,78576.07,1777241686000
1777241688.437,288.437,0.89,0.9,0.1,0.11,0.01,0.01,78576.07,1777241686000
1777241688.854,288.854,0.89,0.9,0.1,0.11,0.01,0.01,78575.68,1777241687000
1777241689.221,289.221,0.89,0.92,0.08,0.11,0.03,0.03,78575.68,1777241688000
1777241689.56,289.56,0.92,0.95,0.07,0.09,0.03,0.02,78575.68,1777241688000
1777241689.9,289.9,0.94,0.95,0.05,0.06,0.01,0.01,78575.68,1777241688000
1777241690.263,290.263,0.95,0.96,0.04,0.05,0.01,0.01,78575.68,1777241688000
1777241690.596,290.596,0.96,0.97,0.03,0.04,0.01,0.01,78573.79,1777241689000
1777241691.042,291.042,0.96,0.98,0.02,0.04,0.02,0.02,78575.31,1777241690000
1777241691.448,291.448,0.97,0.98,0.02,0.03,0.01,0.01,78575.31,1777241690000
1777241691.883,291.883,0.97,0.98,0.02,0.03,0.01,0.01,78575.31,1777241690000
1777241692.261,292.261,0.97,0.98,0.02,0.03,0.01,0.01,78575.31,1777241690000
1777241692.787,292.787,0.97,0.98,0.02,0.03,0.01,0.01,78587.48,1777241691000
1777241693.139,293.139,0.97,0.98,0.02,0.03,0.01,0.01,78588.86,1777241692000
1777241693.522,293.522,0.97,0.98,0.02,0.03,0.01,0.01,78588.86,1777241692000
1777241693.882,293.882,0.98,0.99,0.01,0.02,0.01,0.01,78588.86,1777241692000
1777241694.243,294.243,0.98,0.99,0.01,0.02,0.01,0.01,78588.86,1777241692000
1777241694.625,294.625,0.99,0.99,0.01,0.01,0.0,0.0,78588.86,1777241692000
1777241695.074,295.074,0.99,0.99,0.01,0.01,0.0,0.0,78589.5,1777241693000
1777241695.41,295.41,0.99,0.99,0.01,0.01,0.0,0.0,78589.49,1777241694000
1777241695.999,295.999,0.99,0.99,0.01,0.01,0.0,0.0,78589.49,1777241694000
1777241696.335,296.335,0.99,0.99,0.01,0.01,0.0,0.0,78588.18,1777241695000
1777241697.075,297.075,0.99,0.99,0.01,0.01,0.0,0.0,78588.18,1777241695000
1777241697.486,297.486,0.99,0.99,0.01,0.01,0.0,0.0,78588.18,1777241695000
1777241698.186,298.186,0.99,0.99,0.01,0.01,0.0,0.0,78586.41,1777241696000
1777241698.521,298.521,0.99,0.99,0.01,0.01,0.0,0.0,78586.49,1777241697000
1777241698.935,298.935,0.99,0.99,0.01,0.01,0.0,0.0,78586.49,1777241697000
1777241699.355,299.355,0.99,0.99,0.01,0.01,0.0,0.0,78586.76,1777241698000
1777241699.821,299.821,0.99,0.99,0.01,0.01,0.0,0.0,78586.76,1777241698000
1777241700.351,300.351,0.99,0.99,0.01,0.01,0.0,0.0,78586.68,1777241699000
1777241701.018,301.018,0.99,0.99,0.01,0.01,0.0,0.0,78586.22,1777241700000

# RESULT,winner=Up,slug=btc-updown-5m-1777241400,ticks=650
