timestamp,elapsed_sec,up_bid,up_ask,down_bid,down_ask,up_spread,down_spread,btc_price,btc_oracle_ts
1777278600.518,0.518,0.52,0.53,0.46,0.49,0.01,0.03,77582.01,1777278599000
1777278600.861,0.861,0.53,0.54,0.46,0.49,0.01,0.03,77582.01,1777278599000
1777278601.2,1.2,0.53,0.54,0.46,0.47,0.01,0.01,77582.01,1777278599000
1777278601.551,1.551,0.53,0.54,0.46,0.47,0.01,0.01,77583.09,1777278600000
1777278601.972,1.972,0.53,0.54,0.46,0.47,0.01,0.01,77583.09,1777278600000
1777278602.579,2.579,0.52,0.53,0.46,0.48,0.01,0.02,77585.22,1777278601000
1777278602.941,2.941,0.52,0.53,0.47,0.48,0.01,0.01,77585.22,1777278601000
1777278603.376,3.376,0.51,0.52,0.47,0.48,0.01,0.01,77586.5,1777278602000
1777278603.71,3.71,0.51,0.54,0.46,0.49,0.03,0.03,77586.5,1777278602000
1777278604.043,4.043,0.53,0.54,0.46,0.47,0.01,0.01,77586.5,1777278602000
1777278604.485,4.485,0.53,0.54,0.45,0.47,0.01,0.02,77586.6,1777278603000
1777278604.84,4.84,0.53,0.54,0.46,0.47,0.01,0.01,77586.6,1777278603000
1777278605.216,5.216,0.53,0.54,0.46,0.47,0.01,0.01,77586.6,1777278603000
1777278605.582,5.582,0.53,0.55,0.45,0.47,0.02,0.02,77586.13,1777278604000
1777278606.19,6.19,0.53,0.55,0.45,0.46,0.02,0.01,77586.13,1777278604000
1777278606.669,6.669,0.53,0.54,0.45,0.47,0.01,0.02,77586.64,1777278605000
1777278607.078,7.078,0.53,0.54,0.46,0.47,0.01,0.01,77586.64,1777278605000
1777278608.35,8.35,0.53,0.54,0.46,0.47,0.01,0.01,77585.92,1777278607000
1777278608.694,8.694,0.5,0.54,0.46,0.5,0.04,0.04,77585.92,1777278607000
1777278609.036,9.036,0.5,0.51,0.49,0.5,0.01,0.01,77585.92,1777278607000
1777278609.369,9.369,0.5,0.51,0.49,0.5,0.01,0.01,77585.5,1777278608000
1777278609.733,9.733,0.5,0.51,0.49,0.5,0.01,0.01,77585.5,1777278608000
1777278610.073,10.073,0.43,0.45,0.55,0.6,0.02,0.05,77585.5,1777278608000
1777278610.429,10.429,0.43,0.44,0.55,0.57,0.01,0.02,77583.6,1777278609000
1777278611.022,11.022,0.42,0.43,0.57,0.58,0.01,0.01,77583.6,1777278609000
1777278611.371,11.371,0.42,0.43,0.57,0.58,0.01,0.01,77579.73,1777278610000
1777278611.782,11.782,0.42,0.43,0.57,0.58,0.01,0.01,77579.73,1777278610000
1777278612.132,12.132,0.42,0.43,0.57,0.58,0.01,0.01,77579.73,1777278610000
1777278612.475,12.475,0.42,0.43,0.57,0.58,0.01,0.01,77570.74,1777278611000
1777278613.041,13.041,0.42,0.43,0.57,0.58,0.01,0.01,77570.74,1777278611000
1777278613.422,13.422,0.42,0.43,0.57,0.58,0.01,0.01,77570.74,1777278611000
1777278613.762,13.762,0.42,0.43,0.57,0.58,0.01,0.01,77570.68,1777278612000
1777278614.168,14.168,0.42,0.43,0.57,0.58,0.01,0.01,77570.68,1777278612000
1777278614.521,14.521,0.42,0.43,0.57,0.58,0.01,0.01,77570.64,1777278613000
1777278614.88,14.88,0.42,0.43,0.57,0.58,0.01,0.01,77570.64,1777278613000
1777278615.458,15.458,0.42,0.43,0.57,0.58,0.01,0.01,77570.64,1777278613000
1777278616.169,16.169,0.42,0.43,0.57,0.58,0.01,0.01,77568.89,1777278615000
1777278616.639,16.639,0.42,0.43,0.57,0.58,0.01,0.01,77568.89,1777278615000
1777278617.245,17.245,0.42,0.43,0.57,0.58,0.01,0.01,77568.89,1777278615000
1777278617.699,17.699,0.42,0.43,0.57,0.58,0.01,0.01,77569.35,1777278616000
1777278618.224,18.224,0.42,0.43,0.57,0.58,0.01,0.01,77569.35,1777278616000
1777278618.724,18.724,0.4,0.41,0.59,0.6,0.01,0.01,77569.05,1777278617000
1777278619.205,19.205,0.4,0.41,0.59,0.6,0.01,0.01,77569.05,1777278617000
1777278619.616,19.616,0.4,0.41,0.59,0.6,0.01,0.01,77569.25,1777278618000
1777278620.062,20.062,0.42,0.43,0.57,0.58,0.01,0.01,77569.25,1777278618000
1777278620.409,20.409,0.47,0.5,0.51,0.53,0.03,0.02,77569.25,1777278618000
1777278620.762,20.762,0.49,0.5,0.5,0.52,0.01,0.02,77568.31,1777278619000
1777278621.154,21.154,0.5,0.51,0.49,0.5,0.01,0.01,77567.87,1777278620000
1777278621.648,21.648,0.5,0.52,0.49,0.5,0.02,0.01,77567.87,1777278620000
1777278622.271,22.271,0.51,0.53,0.47,0.49,0.02,0.02,77577.15,1777278621000
1777278623.313,23.313,0.52,0.53,0.47,0.49,0.01,0.02,77577.15,1777278621000
1777278623.683,23.683,0.51,0.53,0.47,0.48,0.02,0.01,77580.23,1777278622000
1777278624.275,24.275,0.51,0.52,0.48,0.49,0.01,0.01,77580.23,1777278622000
1777278624.699,24.699,0.5,0.51,0.48,0.5,0.01,0.02,77582.12,1777278623000
1777278625.157,25.157,0.48,0.51,0.49,0.51,0.03,0.02,77582.12,1777278623000
1777278625.599,25.599,0.46,0.47,0.52,0.54,0.01,0.02,77581.82,1777278624000
1777278625.945,25.945,0.46,0.47,0.53,0.54,0.01,0.01,77581.82,1777278624000
1777278626.333,26.333,0.46,0.47,0.53,0.54,0.01,0.01,77581.85,1777278625000
1777278626.763,26.763,0.46,0.47,0.53,0.54,0.01,0.01,77581.85,1777278625000
1777278627.106,27.106,0.42,0.43,0.57,0.58,0.01,0.01,77581.85,1777278625000
1777278627.449,27.449,0.42,0.43,0.57,0.58,0.01,0.01,77581.85,1777278625000
1777278627.805,27.805,0.42,0.43,0.57,0.58,0.01,0.01,77580.47,1777278626000
1777278628.191,28.191,0.42,0.43,0.57,0.58,0.01,0.01,77576.66,1777278627000
1777278628.683,28.683,0.42,0.43,0.57,0.58,0.01,0.01,77576.66,1777278627000
1777278629.096,29.096,0.42,0.43,0.57,0.58,0.01,0.01,77572.25,1777278628000
1777278629.658,29.658,0.42,0.43,0.57,0.58,0.01,0.01,77572.25,1777278628000
1777278630.93,30.93,0.42,0.43,0.57,0.58,0.01,0.01,77573.31,1777278630000
1777278631.519,31.519,0.42,0.45,0.55,0.58,0.03,0.03,77573.31,1777278630000
1777278631.932,31.932,0.46,0.47,0.53,0.54,0.01,0.01,77574.43,1777278631000
1777278632.275,32.275,0.49,0.51,0.49,0.51,0.02,0.02,77574.43,1777278631000
1777278632.693,32.693,0.49,0.51,0.51,0.52,0.02,0.01,77574.43,1777278631000
1777278633.051,33.051,0.52,0.55,0.44,0.48,0.03,0.04,77582.58,1777278632000
1777278633.419,33.419,0.52,0.54,0.43,0.48,0.02,0.05,77582.58,1777278632000
1777278633.755,33.755,0.55,0.58,0.42,0.45,0.03,0.03,77582.58,1777278632000
1777278634.089,34.089,0.57,0.59,0.41,0.43,0.02,0.02,77590,1777278633000
1777278634.436,34.436,0.58,0.6,0.4,0.42,0.02,0.02,77590,1777278633000
1777278634.831,34.831,0.6,0.61,0.39,0.4,0.01,0.01,77590,1777278633000
1777278635.351,35.351,0.61,0.62,0.38,0.39,0.01,0.01,77596.66,1777278634000
1777278635.688,35.688,0.62,0.63,0.37,0.38,0.01,0.01,77596.66,1777278634000
1777278636.025,36.025,0.63,0.65,0.35,0.37,0.02,0.02,77596.66,1777278634000
1777278636.379,36.379,0.64,0.65,0.33,0.36,0.01,0.03,77598.8,1777278635000
1777278636.747,36.747,0.66,0.67,0.33,0.34,0.01,0.01,77598.8,1777278635000
1777278637.201,37.201,0.66,0.67,0.33,0.34,0.01,0.01,77599.54,1777278636000
1777278637.576,37.576,0.66,0.67,0.33,0.34,0.01,0.01,77599.54,1777278636000
1777278638.161,38.161,0.67,0.68,0.32,0.33,0.01,0.01,77607.66,1777278637000
1777278638.677,38.677,0.67,0.68,0.32,0.33,0.01,0.01,77607.66,1777278637000
1777278639.138,39.138,0.67,0.68,0.32,0.33,0.01,0.01,77607.66,1777278637000
1777278639.596,39.596,0.67,0.68,0.32,0.33,0.01,0.01,77607.66,1777278637000
1777278640.007,40.007,0.67,0.68,0.32,0.33,0.01,0.01,77610.95,1777278638000
1777278640.35,40.35,0.68,0.72,0.28,0.32,0.04,0.04,77610.95,1777278639000
1777278640.685,40.685,0.7,0.71,0.29,0.3,0.01,0.01,77610.95,1777278639000
1777278641.019,41.019,0.7,0.71,0.29,0.3,0.01,0.01,77610.95,1777278639000
1777278641.366,41.366,0.7,0.71,0.29,0.3,0.01,0.01,77610.95,1777278639000
1777278641.794,41.794,0.68,0.69,0.3,0.31,0.01,0.01,77617.6,1777278640000
1777278642.351,42.351,0.68,0.69,0.31,0.32,0.01,0.01,77617.6,1777278640000
1777278642.749,42.749,0.68,0.69,0.31,0.32,0.01,0.01,77617.6,1777278640000
1777278643.189,43.189,0.68,0.69,0.31,0.32,0.01,0.01,77619.87,1777278641000
1777278643.643,43.643,0.68,0.69,0.31,0.32,0.01,0.01,77614.84,1777278642000
1777278643.98,43.98,0.68,0.69,0.31,0.32,0.01,0.01,77614.84,1777278642000
1777278644.363,44.363,0.68,0.69,0.31,0.32,0.01,0.01,77614.84,1777278642000
1777278644.817,44.817,0.68,0.69,0.31,0.32,0.01,0.01,77613.47,1777278643000
1777278645.469,45.469,0.68,0.69,0.31,0.32,0.01,0.01,77613.47,1777278643000
1777278646.116,46.116,0.68,0.69,0.31,0.32,0.01,0.01,77615.06,1777278645000
1777278646.582,46.582,0.67,0.69,0.31,0.32,0.02,0.01,77615.06,1777278645000
1777278646.957,46.957,0.67,0.69,0.31,0.33,0.02,0.02,77615.06,1777278645000
1777278647.304,47.304,0.68,0.69,0.3,0.32,0.01,0.02,77611.54,1777278646000
1777278647.724,47.724,0.68,0.69,0.31,0.32,0.01,0.01,77611.54,1777278646000
1777278648.146,48.146,0.65,0.68,0.31,0.33,0.03,0.02,77611.54,1777278646000
1777278648.483,48.483,0.65,0.66,0.34,0.35,0.01,0.01,77613.58,1777278647000
1777278648.993,48.993,0.65,0.66,0.34,0.35,0.01,0.01,77613.58,1777278647000
1777278649.57,49.57,0.66,0.67,0.33,0.35,0.01,0.02,77613.58,1777278647000
1777278650.024,50.024,0.66,0.67,0.33,0.34,0.01,0.01,77613.36,1777278648000
1777278650.381,50.381,0.62,0.63,0.37,0.38,0.01,0.01,77613.36,1777278648000
1777278650.715,50.715,0.63,0.65,0.36,0.38,0.02,0.02,77613.35,1777278649000
1777278651.066,51.066,0.64,0.65,0.35,0.36,0.01,0.01,77613.19,1777278650000
1777278651.401,51.401,0.64,0.65,0.35,0.36,0.01,0.01,77613.19,1777278650000
1777278651.892,51.892,0.64,0.65,0.35,0.36,0.01,0.01,77613.19,1777278650000
1777278652.276,52.276,0.64,0.65,0.35,0.36,0.01,0.01,77607.93,1777278651000
1777278652.641,52.641,0.64,0.65,0.35,0.36,0.01,0.01,77607.93,1777278651000
1777278653.253,53.253,0.64,0.65,0.35,0.36,0.01,0.01,77607.93,1777278651000
1777278653.833,53.833,0.63,0.65,0.35,0.36,0.02,0.01,77608.7,1777278652000
1777278654.194,54.194,0.64,0.65,0.35,0.36,0.01,0.01,77608.67,1777278653000
1777278654.607,54.607,0.63,0.65,0.35,0.37,0.02,0.02,77608.67,1777278653000
1777278654.983,54.983,0.64,0.65,0.35,0.36,0.01,0.01,77608.67,1777278653000
1777278655.378,55.378,0.62,0.63,0.35,0.38,0.01,0.03,77608.67,1777278653000
1777278655.753,55.753,0.61,0.63,0.37,0.39,0.02,0.02,77608.32,1777278654000
1777278656.194,56.194,0.61,0.63,0.38,0.39,0.02,0.01,77608.32,1777278654000
1777278656.581,56.581,0.62,0.63,0.37,0.38,0.01,0.01,77608.17,1777278655000
1777278656.967,56.967,0.62,0.63,0.37,0.38,0.01,0.01,77608.17,1777278655000
1777278657.334,57.334,0.62,0.63,0.37,0.38,0.01,0.01,77608.17,1777278655000
1777278657.84,57.84,0.63,0.64,0.36,0.38,0.01,0.02,77608.1,1777278656000
1777278658.231,58.231,0.63,0.64,0.36,0.37,0.01,0.01,77608.1,1777278656000
1777278658.709,58.709,0.63,0.64,0.36,0.37,0.01,0.01,77608.11,1777278657000
1777278659.1,59.1,0.63,0.64,0.36,0.37,0.01,0.01,77608.11,1777278657000
1777278659.442,59.442,0.63,0.64,0.36,0.37,0.01,0.01,77608.15,1777278658000
1777278659.834,59.834,0.63,0.64,0.36,0.37,0.01,0.01,77608.15,1777278658000
1777278661.096,61.096,0.63,0.64,0.36,0.37,0.01,0.01,77608.15,1777278660000
1777278661.432,61.432,0.63,0.64,0.36,0.37,0.01,0.01,77608.15,1777278660000
1777278661.966,61.966,0.63,0.64,0.36,0.37,0.01,0.01,77608.15,1777278660000
1777278662.402,62.402,0.63,0.64,0.36,0.37,0.01,0.01,77607.95,1777278661000
1777278662.879,62.879,0.61,0.62,0.38,0.39,0.01,0.01,77607.95,1777278661000
1777278663.444,63.444,0.6,0.61,0.39,0.4,0.01,0.01,77604.98,1777278662000
1777278663.792,63.792,0.57,0.6,0.4,0.41,0.03,0.01,77604.98,1777278662000
1777278664.172,64.172,0.58,0.59,0.41,0.42,0.01,0.01,77601.81,1777278663000
1777278664.514,64.514,0.58,0.59,0.41,0.42,0.01,0.01,77601.81,1777278663000
1777278664.956,64.956,0.58,0.59,0.41,0.42,0.01,0.01,77601.81,1777278663000
1777278665.324,65.324,0.51,0.53,0.47,0.48,0.02,0.01,77599.68,1777278664000
1777278665.658,65.658,0.5,0.52,0.48,0.5,0.02,0.02,77599.68,1777278664000
1777278666.062,66.062,0.5,0.51,0.49,0.5,0.01,0.01,77599.68,1777278664000
1777278666.478,66.478,0.5,0.51,0.49,0.5,0.01,0.01,77601.39,1777278665000
1777278666.834,66.834,0.5,0.51,0.49,0.5,0.01,0.01,77601.39,1777278665000
1777278667.219,67.219,0.5,0.51,0.49,0.5,0.01,0.01,77595.28,1777278666000
1777278667.599,67.599,0.49,0.5,0.49,0.51,0.01,0.02,77595.28,1777278666000
1777278668.072,68.072,0.49,0.5,0.5,0.51,0.01,0.01,77595.28,1777278666000
1777278668.543,68.543,0.49,0.5,0.5,0.51,0.01,0.01,77591.5,1777278667000
1777278668.882,68.882,0.49,0.5,0.5,0.51,0.01,0.01,77591.5,1777278667000
1777278669.312,69.312,0.49,0.5,0.5,0.51,0.01,0.01,77591.5,1777278667000
1777278669.709,69.709,0.49,0.5,0.5,0.51,0.01,0.01,77590.36,1777278668000
1777278670.12,70.12,0.49,0.5,0.5,0.51,0.01,0.01,77590.36,1777278668000
1777278670.457,70.457,0.49,0.51,0.49,0.51,0.02,0.02,77589.9,1777278669000
1777278670.942,70.942,0.5,0.51,0.49,0.5,0.01,0.01,77589.9,1777278669000
1777278671.294,71.294,0.5,0.51,0.49,0.5,0.01,0.01,77589.9,1777278669000
1777278671.647,71.647,0.5,0.51,0.49,0.5,0.01,0.01,77589.68,1777278670000
1777278672.124,72.124,0.5,0.51,0.49,0.5,0.01,0.01,77589.02,1777278671000
1777278672.669,72.669,0.51,0.52,0.48,0.5,0.01,0.02,77589.02,1777278671000
1777278673.011,73.011,0.56,0.57,0.43,0.44,0.01,0.01,77589.02,1777278671000
1777278673.415,73.415,0.56,0.57,0.43,0.44,0.01,0.01,77589.02,1777278671000
1777278673.912,73.912,0.56,0.57,0.43,0.44,0.01,0.01,77589.02,1777278672000
1777278674.278,74.278,0.56,0.57,0.43,0.44,0.01,0.01,77589.02,1777278672000
1777278674.652,74.652,0.56,0.57,0.43,0.44,0.01,0.01,77588.15,1777278673000
1777278675.087,75.087,0.56,0.57,0.43,0.44,0.01,0.01,77589.09,1777278674000
1777278675.963,75.963,0.56,0.57,0.43,0.44,0.01,0.01,77589.09,1777278674000
1777278676.429,76.429,0.56,0.57,0.43,0.44,0.01,0.01,77593.27,1777278675000
1777278676.78,76.78,0.56,0.57,0.43,0.44,0.01,0.01,77593.27,1777278675000
1777278677.378,77.378,0.56,0.57,0.43,0.44,0.01,0.01,77592.95,1777278676000
1777278677.828,77.828,0.54,0.55,0.43,0.45,0.01,0.02,77592.95,1777278676000
1777278678.23,78.23,0.5,0.51,0.49,0.5,0.01,0.01,77592.95,1777278676000
1777278678.566,78.566,0.5,0.51,0.49,0.5,0.01,0.01,77593.2,1777278677000
1777278678.974,78.974,0.49,0.5,0.5,0.51,0.01,0.01,77593.2,1777278677000
1777278679.339,79.339,0.49,0.5,0.5,0.51,0.01,0.01,77593.2,1777278677000
1777278679.874,79.874,0.49,0.5,0.5,0.51,0.01,0.01,77592.95,1777278678000
1777278680.247,80.247,0.49,0.5,0.5,0.51,0.01,0.01,77592.95,1777278678000
1777278680.613,80.613,0.49,0.5,0.5,0.51,0.01,0.01,77591.28,1777278679000
1777278681.016,81.016,0.49,0.5,0.5,0.51,0.01,0.01,77591.28,1777278679000
1777278681.396,81.396,0.49,0.5,0.5,0.51,0.01,0.01,77591.28,1777278679000
1777278681.81,81.81,0.49,0.5,0.5,0.51,0.01,0.01,77588.35,1777278680000
1777278682.181,82.181,0.49,0.5,0.5,0.51,0.01,0.01,77588.35,1777278680000
1777278682.791,82.791,0.49,0.5,0.5,0.51,0.01,0.01,77588.07,1777278681000
1777278683.139,83.139,0.47,0.5,0.5,0.51,0.03,0.01,77588.07,1777278681000
1777278683.566,83.566,0.48,0.49,0.5,0.53,0.01,0.03,77588.07,1777278681000
1777278684.026,84.026,0.48,0.49,0.51,0.52,0.01,0.01,77585.56,1777278682000
1777278684.522,84.522,0.48,0.49,0.51,0.52,0.01,0.01,77585.57,1777278683000
1777278685.028,85.028,0.47,0.48,0.51,0.52,0.01,0.01,77585.57,1777278683000
1777278685.918,85.918,0.47,0.48,0.52,0.53,0.01,0.01,77586.23,1777278684000
1777278686.269,86.269,0.47,0.48,0.52,0.53,0.01,0.01,77586.23,1777278684000
1777278686.752,86.752,0.47,0.48,0.52,0.53,0.01,0.01,77586.23,1777278684000
1777278687.164,87.164,0.47,0.48,0.52,0.53,0.01,0.01,77585.58,1777278685000
1777278687.518,87.518,0.47,0.48,0.52,0.53,0.01,0.01,77585.58,1777278685000
1777278687.911,87.911,0.47,0.48,0.52,0.53,0.01,0.01,77585.58,1777278685000
1777278688.471,88.471,0.47,0.48,0.52,0.53,0.01,0.01,77585.59,1777278687000
1777278689.137,89.137,0.47,0.48,0.52,0.53,0.01,0.01,77585.59,1777278688000
1777278689.516,89.516,0.47,0.48,0.52,0.53,0.01,0.01,77585.59,1777278688000
1777278690.105,90.105,0.47,0.48,0.52,0.53,0.01,0.01,77583.14,1777278689000
1777278690.594,90.594,0.47,0.48,0.52,0.53,0.01,0.01,77583.14,1777278689000
1777278691.178,91.178,0.47,0.48,0.52,0.53,0.01,0.01,77585.34,1777278690000
1777278691.603,91.603,0.47,0.48,0.52,0.53,0.01,0.01,77585.34,1777278690000
1777278692.11,92.11,0.47,0.48,0.52,0.53,0.01,0.01,77585.34,1777278691000
1777278692.572,92.572,0.47,0.48,0.52,0.53,0.01,0.01,77585.34,1777278691000
1777278692.929,92.929,0.43,0.45,0.55,0.57,0.02,0.02,77585.34,1777278691000
1777278693.305,93.305,0.43,0.44,0.56,0.57,0.01,0.01,77585.34,1777278692000
1777278693.752,93.752,0.42,0.43,0.57,0.58,0.01,0.01,77585.34,1777278692000
1777278694.128,94.128,0.42,0.43,0.57,0.58,0.01,0.01,77585.34,1777278692000
1777278694.477,94.477,0.44,0.46,0.56,0.57,0.02,0.01,77585.35,1777278693000
1777278694.866,94.866,0.47,0.48,0.52,0.53,0.01,0.01,77585.35,1777278693000
1777278695.222,95.222,0.47,0.48,0.52,0.53,0.01,0.01,77582.15,1777278694000
1777278695.844,95.844,0.46,0.47,0.52,0.54,0.01,0.02,77582.15,1777278694000
1777278696.29,96.29,0.45,0.46,0.54,0.55,0.01,0.01,77581.75,1777278695000
1777278696.633,96.633,0.44,0.45,0.54,0.56,0.01,0.02,77581.75,1777278695000
1777278697.074,97.074,0.44,0.45,0.55,0.56,0.01,0.01,77581.75,1777278695000
1777278698.158,98.158,0.44,0.45,0.55,0.56,0.01,0.01,77582.16,1777278696000
1777278698.593,98.593,0.44,0.45,0.55,0.56,0.01,0.01,77582.16,1777278697000
1777278699.076,99.076,0.43,0.45,0.55,0.57,0.02,0.02,77582.16,1777278697000
1777278699.46,99.46,0.43,0.44,0.56,0.57,0.01,0.01,77581.38,1777278698000
1777278699.805,99.805,0.44,0.46,0.55,0.56,0.02,0.01,77581.38,1777278698000
1777278700.245,100.245,0.47,0.48,0.52,0.53,0.01,0.01,77581.38,1777278698000
1777278700.578,100.578,0.47,0.48,0.52,0.53,0.01,0.01,77581.88,1777278699000
1777278701.164,101.164,0.45,0.46,0.54,0.55,0.01,0.01,77581.88,1777278699000
1777278701.621,101.621,0.45,0.46,0.54,0.55,0.01,0.01,77581.8,1777278700000
1777278702.126,102.126,0.44,0.45,0.55,0.56,0.01,0.01,77581.82,1777278701000
1777278702.638,102.638,0.45,0.46,0.55,0.56,0.01,0.01,77581.82,1777278701000
1777278703.073,103.073,0.46,0.47,0.53,0.54,0.01,0.01,77581.82,1777278701000
1777278703.473,103.473,0.46,0.47,0.53,0.54,0.01,0.01,77581.82,1777278702000
1777278703.905,103.905,0.46,0.47,0.53,0.54,0.01,0.01,77581.82,1777278702000
1777278704.274,104.274,0.46,0.47,0.53,0.54,0.01,0.01,77581.82,1777278702000
1777278704.769,104.769,0.46,0.47,0.53,0.54,0.01,0.01,77581.77,1777278703000
1777278705.411,105.411,0.46,0.47,0.53,0.54,0.01,0.01,77581.77,1777278703000
1777278705.764,105.764,0.45,0.46,0.53,0.54,0.01,0.01,77581.15,1777278704000
1777278706.099,106.099,0.45,0.46,0.54,0.55,0.01,0.01,77581.15,1777278705000
1777278706.505,106.505,0.45,0.46,0.54,0.55,0.01,0.01,77581.15,1777278705000
1777278707.263,107.263,0.45,0.46,0.54,0.55,0.01,0.01,77580.97,1777278706000
1777278707.645,107.645,0.45,0.46,0.54,0.55,0.01,0.01,77580.97,1777278706000
1777278708.241,108.241,0.44,0.46,0.54,0.55,0.02,0.01,77580.97,1777278706000
1777278708.673,108.673,0.44,0.45,0.55,0.56,0.01,0.01,77577.78,1777278707000
1777278709.063,109.063,0.44,0.45,0.55,0.56,0.01,0.01,77577.78,1777278707000
1777278709.512,109.512,0.43,0.44,0.55,0.57,0.01,0.02,77577.62,1777278708000
1777278709.961,109.961,0.43,0.45,0.56,0.57,0.02,0.01,77577.62,1777278708000
1777278710.37,110.37,0.44,0.45,0.55,0.56,0.01,0.01,77577.54,1777278709000
1777278710.75,110.75,0.45,0.46,0.54,0.56,0.01,0.02,77577.54,1777278709000
1777278711.289,111.289,0.48,0.49,0.51,0.53,0.01,0.02,77577.54,1777278710000
1777278711.792,111.792,0.48,0.49,0.51,0.52,0.01,0.01,77577.54,1777278710000
1777278712.325,112.325,0.48,0.49,0.51,0.52,0.01,0.01,77580.41,1777278711000
1777278712.702,112.702,0.48,0.49,0.51,0.52,0.01,0.01,77580.41,1777278711000
1777278713.085,113.085,0.47,0.48,0.52,0.53,0.01,0.01,77580.41,1777278711000
1777278713.541,113.541,0.47,0.48,0.52,0.53,0.01,0.01,77581.9,1777278712000
1777278713.945,113.945,0.49,0.5,0.5,0.53,0.01,0.03,77581.9,1777278712000
1777278714.341,114.341,0.49,0.5,0.5,0.51,0.01,0.01,77581.55,1777278713000
1777278714.796,114.796,0.49,0.5,0.5,0.51,0.01,0.01,77581.55,1777278713000
1777278715.382,115.382,0.49,0.5,0.5,0.51,0.01,0.01,77581.56,1777278714000
1777278715.805,115.805,0.49,0.5,0.5,0.51,0.01,0.01,77581.56,1777278714000
1777278716.329,116.329,0.49,0.5,0.5,0.51,0.01,0.01,77581.56,1777278714000
1777278716.787,116.787,0.47,0.48,0.51,0.53,0.01,0.02,77582.2,1777278715000
1777278717.211,117.211,0.45,0.47,0.53,0.54,0.02,0.01,77582.2,1777278715000
1777278717.905,117.905,0.45,0.46,0.53,0.55,0.01,0.02,77581.45,1777278716000
1777278718.373,118.373,0.43,0.46,0.54,0.55,0.03,0.01,77581.45,1777278716000
1777278718.812,118.812,0.39,0.4,0.6,0.61,0.01,0.01,77581.4,1777278717000
1777278719.174,119.174,0.39,0.4,0.6,0.61,0.01,0.01,77581.4,1777278717000
1777278719.54,119.54,0.39,0.41,0.59,0.61,0.02,0.02,77581.2,1777278718000
1777278719.904,119.904,0.4,0.41,0.59,0.6,0.01,0.01,77581.2,1777278718000
1777278720.238,120.238,0.4,0.41,0.59,0.6,0.01,0.01,77581.2,1777278718000
1777278720.606,120.606,0.43,0.44,0.56,0.57,0.01,0.01,77579.22,1777278719000
1777278720.974,120.974,0.44,0.45,0.55,0.56,0.01,0.01,77579.22,1777278719000
1777278721.399,121.399,0.49,0.5,0.5,0.51,0.01,0.01,77577.59,1777278720000
1777278721.79,121.79,0.51,0.52,0.48,0.49,0.01,0.01,77577.59,1777278720000
1777278722.234,122.234,0.51,0.52,0.48,0.49,0.01,0.01,77577.59,1777278720000
1777278722.649,122.649,0.51,0.52,0.48,0.49,0.01,0.01,77580.0,1777278721000
1777278723.042,123.042,0.51,0.52,0.48,0.49,0.01,0.01,77580.0,1777278721000
1777278723.483,123.483,0.51,0.52,0.48,0.49,0.01,0.01,77582.08,1777278722000
1777278723.824,123.824,0.51,0.52,0.48,0.49,0.01,0.01,77582.08,1777278722000
1777278724.228,124.228,0.5,0.51,0.49,0.5,0.01,0.01,77582.6,1777278723000
1777278724.617,124.617,0.5,0.51,0.49,0.5,0.01,0.01,77582.6,1777278723000
1777278725.029,125.029,0.5,0.51,0.49,0.5,0.01,0.01,77582.6,1777278723000
1777278725.609,125.609,0.5,0.51,0.49,0.5,0.01,0.01,77581.72,1777278724000
1777278726.171,126.171,0.5,0.51,0.49,0.5,0.01,0.01,77581.72,1777278724000
1777278726.509,126.509,0.5,0.51,0.49,0.5,0.01,0.01,77582.45,1777278725000
1777278727.058,127.058,0.5,0.51,0.49,0.5,0.01,0.01,77582.45,1777278725000
1777278727.476,127.476,0.49,0.5,0.5,0.51,0.01,0.01,77582.45,1777278725000
1777278728.105,128.105,0.49,0.5,0.5,0.51,0.01,0.01,77582.84,1777278727000
1777278728.744,128.744,0.52,0.54,0.5,0.51,0.02,0.01,77582.84,1777278727000
1777278729.235,129.235,0.56,0.57,0.44,0.45,0.01,0.01,77582.84,1777278727000
1777278729.627,129.627,0.56,0.57,0.43,0.44,0.01,0.01,77582.75,1777278728000
1777278730.075,130.075,0.56,0.57,0.43,0.44,0.01,0.01,77582.75,1777278728000
1777278730.409,130.409,0.56,0.57,0.43,0.44,0.01,0.01,77583.7,1777278729000
1777278730.754,130.754,0.56,0.57,0.43,0.44,0.01,0.01,77583.7,1777278729000
1777278731.273,131.273,0.56,0.57,0.43,0.44,0.01,0.01,77587.55,1777278730000
1777278731.644,131.644,0.55,0.56,0.43,0.45,0.01,0.02,77587.55,1777278730000
1777278732.01,132.01,0.55,0.56,0.44,0.45,0.01,0.01,77587.55,1777278730000
1777278732.748,132.748,0.55,0.56,0.44,0.45,0.01,0.01,77589.5,1777278731000
1777278733.227,133.227,0.55,0.56,0.44,0.45,0.01,0.01,77589.5,1777278731000
1777278733.759,133.759,0.55,0.56,0.44,0.45,0.01,0.01,77589.4,1777278732000
1777278734.148,134.148,0.55,0.56,0.44,0.45,0.01,0.01,77589.4,1777278732000
1777278734.489,134.489,0.55,0.56,0.44,0.45,0.01,0.01,77588.89,1777278733000
1777278734.978,134.978,0.55,0.56,0.44,0.45,0.01,0.01,77588.89,1777278733000
1777278735.661,135.661,0.54,0.55,0.44,0.46,0.01,0.02,77588.89,1777278734000
1777278736.112,136.112,0.54,0.56,0.44,0.46,0.02,0.02,77588.89,1777278734000
1777278736.456,136.456,0.55,0.56,0.44,0.45,0.01,0.01,77588.88,1777278735000
1777278737.069,137.069,0.55,0.56,0.44,0.45,0.01,0.01,77588.88,1777278735000
1777278737.454,137.454,0.55,0.56,0.44,0.45,0.01,0.01,77588.88,1777278735000
1777278738.016,138.016,0.55,0.56,0.44,0.45,0.01,0.01,77588.64,1777278737000
1777278738.478,138.478,0.55,0.56,0.44,0.45,0.01,0.01,77588.64,1777278737000
1777278738.939,138.939,0.55,0.56,0.44,0.45,0.01,0.01,77588.64,1777278737000
1777278739.284,139.284,0.55,0.56,0.44,0.45,0.01,0.01,77588.64,1777278737000
1777278739.724,139.724,0.55,0.56,0.44,0.45,0.01,0.01,77588.97,1777278738000
1777278740.09,140.09,0.56,0.57,0.43,0.45,0.01,0.02,77588.97,1777278738000
1777278740.612,140.612,0.56,0.57,0.43,0.44,0.01,0.01,77589.66,1777278739000
1777278741.21,141.21,0.56,0.57,0.43,0.44,0.01,0.01,77589.66,1777278739000
1777278741.547,141.547,0.56,0.57,0.43,0.44,0.01,0.01,77589.11,1777278740000
1777278741.911,141.911,0.56,0.57,0.43,0.44,0.01,0.01,77589.11,1777278740000
1777278742.355,142.355,0.56,0.57,0.43,0.44,0.01,0.01,77589.11,1777278740000
1777278742.844,142.844,0.57,0.58,0.42,0.43,0.01,0.01,77589.21,1777278741000
1777278743.222,143.222,0.62,0.64,0.37,0.38,0.02,0.01,77590.13,1777278742000
1777278743.596,143.596,0.63,0.64,0.36,0.37,0.01,0.01,77590.13,1777278742000
1777278743.932,143.932,0.67,0.69,0.31,0.33,0.02,0.02,77590.13,1777278742000
1777278744.374,144.374,0.7,0.71,0.29,0.3,0.01,0.01,77590.13,1777278742000
1777278744.713,144.713,0.71,0.72,0.28,0.29,0.01,0.01,77591.05,1777278743000
1777278745.095,145.095,0.72,0.73,0.27,0.28,0.01,0.01,77591.05,1777278743000
1777278745.433,145.433,0.72,0.73,0.27,0.28,0.01,0.01,77593.74,1777278744000
1777278745.771,145.771,0.72,0.73,0.27,0.28,0.01,0.01,77593.74,1777278744000
1777278746.208,146.208,0.72,0.73,0.27,0.28,0.01,0.01,77593.74,1777278744000
1777278746.542,146.542,0.71,0.72,0.28,0.29,0.01,0.01,77593.74,1777278744000
1777278746.931,146.931,0.71,0.72,0.28,0.29,0.01,0.01,77593.74,1777278744000
1777278747.434,147.434,0.71,0.72,0.28,0.29,0.01,0.01,77593.74,1777278744000
1777278748.045,148.045,0.71,0.72,0.28,0.29,0.01,0.01,77603.1,1777278745000
1777278748.385,148.385,0.71,0.72,0.28,0.29,0.01,0.01,77603.1,1777278745000
1777278748.767,148.767,0.71,0.72,0.28,0.29,0.01,0.01,77603.6,1777278747000
1777278749.168,149.168,0.71,0.73,0.28,0.29,0.02,0.01,77603.6,1777278747000
1777278749.503,149.503,0.72,0.73,0.27,0.28,0.01,0.01,77603.6,1777278747000
1777278749.953,149.953,0.71,0.72,0.27,0.29,0.01,0.02,77603.3,1777278748000
1777278750.326,150.326,0.71,0.72,0.28,0.29,0.01,0.01,77603.3,1777278748000
1777278750.699,150.699,0.71,0.72,0.28,0.29,0.01,0.01,77603.4,1777278749000
1777278751.149,151.149,0.71,0.72,0.28,0.29,0.01,0.01,77603.4,1777278749000
1777278751.568,151.568,0.7,0.71,0.28,0.3,0.01,0.02,77603.4,1777278749000
1777278751.95,151.95,0.7,0.71,0.29,0.3,0.01,0.01,77603.6,1777278750000
1777278752.478,152.478,0.66,0.71,0.29,0.3,0.05,0.01,77603.6,1777278750000
1777278752.864,152.864,0.62,0.63,0.37,0.38,0.01,0.01,77603.64,1777278751000
1777278753.223,153.223,0.6,0.61,0.39,0.4,0.01,0.01,77603.64,1777278751000
1777278753.579,153.579,0.58,0.61,0.39,0.4,0.03,0.01,77603.85,1777278752000
1777278753.949,153.949,0.57,0.58,0.42,0.43,0.01,0.01,77603.85,1777278752000
1777278754.451,154.451,0.57,0.58,0.42,0.43,0.01,0.01,77602.13,1777278753000
1777278754.808,154.808,0.57,0.58,0.42,0.43,0.01,0.01,77602.13,1777278753000
1777278755.257,155.257,0.51,0.52,0.48,0.49,0.01,0.01,77602.13,1777278753000
1777278755.893,155.893,0.51,0.52,0.48,0.49,0.01,0.01,77596.7,1777278754000
1777278756.32,156.32,0.45,0.52,0.48,0.49,0.07,0.01,77596.7,1777278754000
1777278756.659,156.659,0.44,0.45,0.55,0.56,0.01,0.01,77596.7,1777278754000
1777278757.037,157.037,0.44,0.45,0.55,0.56,0.01,0.01,77596.7,1777278754000
1777278757.494,157.494,0.44,0.45,0.55,0.56,0.01,0.01,77591.73,1777278755000
1777278757.879,157.879,0.44,0.45,0.55,0.56,0.01,0.01,77589.6,1777278756000
1777278758.278,158.278,0.44,0.45,0.55,0.56,0.01,0.01,77589.6,1777278756000
1777278758.763,158.763,0.45,0.46,0.54,0.55,0.01,0.01,77589.6,1777278756000
1777278759.107,159.107,0.45,0.46,0.54,0.55,0.01,0.01,77586.92,1777278757000
1777278759.493,159.493,0.46,0.47,0.53,0.54,0.01,0.01,77586.92,1777278757000
1777278759.881,159.881,0.46,0.47,0.53,0.54,0.01,0.01,77586.92,1777278757000
1777278760.234,160.234,0.46,0.47,0.53,0.54,0.01,0.01,77582.81,1777278758000
1777278760.631,160.631,0.46,0.47,0.53,0.54,0.01,0.01,77582.81,1777278758000
1777278761.189,161.189,0.47,0.48,0.52,0.54,0.01,0.02,77582.19,1777278759000
1777278761.788,161.788,0.47,0.48,0.52,0.53,0.01,0.01,77582.18,1777278760000
1777278762.138,162.138,0.46,0.47,0.53,0.54,0.01,0.01,77582.18,1777278761000
1777278762.499,162.499,0.46,0.48,0.53,0.54,0.02,0.01,77582.18,1777278761000
1777278762.94,162.94,0.47,0.48,0.52,0.54,0.01,0.02,77582.18,1777278761000
1777278763.277,163.277,0.47,0.48,0.52,0.53,0.01,0.01,77582.18,1777278761000
1777278763.705,163.705,0.47,0.48,0.52,0.53,0.01,0.01,77582.18,1777278761000
1777278764.156,164.156,0.47,0.48,0.52,0.53,0.01,0.01,77582.2,1777278762000
1777278764.532,164.532,0.47,0.48,0.52,0.53,0.01,0.01,77582.2,1777278762000
1777278764.866,164.866,0.47,0.48,0.52,0.53,0.01,0.01,77582.2,1777278762000
1777278765.32,165.32,0.47,0.48,0.52,0.53,0.01,0.01,77582.2,1777278762000
1777278765.674,165.674,0.47,0.48,0.52,0.53,0.01,0.01,77582.2,1777278762000
1777278766.67,166.67,0.48,0.49,0.51,0.53,0.01,0.02,77582.2,1777278762000
1777278767.014,167.014,0.49,0.51,0.49,0.51,0.02,0.02,77582.19,1777278765000
1777278767.406,167.406,0.51,0.52,0.48,0.49,0.01,0.01,77582.19,1777278766000
1777278767.813,167.813,0.54,0.55,0.45,0.47,0.01,0.02,77582.19,1777278766000
1777278768.155,168.155,0.54,0.55,0.45,0.46,0.01,0.01,77582.19,1777278767000
1777278768.662,168.662,0.54,0.55,0.45,0.46,0.01,0.01,77582.19,1777278767000
1777278769.083,169.083,0.54,0.55,0.45,0.46,0.01,0.01,77582.19,1777278767000
1777278769.737,169.737,0.54,0.55,0.45,0.46,0.01,0.01,77583.66,1777278768000
1777278770.087,170.087,0.54,0.55,0.45,0.46,0.01,0.01,77583.66,1777278768000
1777278770.551,170.551,0.54,0.55,0.45,0.46,0.01,0.01,77585.81,1777278769000
1777278770.972,170.972,0.53,0.54,0.45,0.47,0.01,0.02,77585.81,1777278769000
1777278771.626,171.626,0.53,0.54,0.46,0.47,0.01,0.01,77585.81,1777278770000
1777278771.97,171.97,0.53,0.54,0.46,0.47,0.01,0.01,77585.81,1777278770000
1777278772.376,172.376,0.53,0.54,0.46,0.47,0.01,0.01,77586.33,1777278771000
1777278772.834,172.834,0.53,0.54,0.46,0.47,0.01,0.01,77586.33,1777278771000
1777278773.175,173.175,0.53,0.54,0.46,0.47,0.01,0.01,77586.33,1777278771000
1777278773.545,173.545,0.53,0.55,0.46,0.47,0.02,0.01,77586.49,1777278772000
1777278774.079,174.079,0.54,0.55,0.45,0.46,0.01,0.01,77586.19,1777278773000
1777278774.685,174.685,0.54,0.55,0.45,0.46,0.01,0.01,77586.19,1777278773000
1777278775.176,175.176,0.54,0.55,0.45,0.46,0.01,0.01,77586.51,1777278774000
1777278775.527,175.527,0.54,0.55,0.45,0.46,0.01,0.01,77586.51,1777278774000
1777278775.97,175.97,0.54,0.55,0.45,0.46,0.01,0.01,77586.51,1777278774000
1777278776.489,176.489,0.55,0.56,0.44,0.45,0.01,0.01,77586.51,1777278774000
1777278776.844,176.844,0.57,0.58,0.43,0.44,0.01,0.01,77586.56,1777278775000
1777278777.179,177.179,0.57,0.58,0.42,0.43,0.01,0.01,77586.56,1777278775000
1777278777.59,177.59,0.57,0.58,0.42,0.43,0.01,0.01,77586.56,1777278775000
1777278778.084,178.084,0.57,0.58,0.42,0.43,0.01,0.01,77586.14,1777278776000
1777278778.59,178.59,0.58,0.59,0.41,0.42,0.01,0.01,77586.14,1777278776000
1777278778.945,178.945,0.58,0.6,0.41,0.42,0.02,0.01,77588.65,1777278777000
1777278779.373,179.373,0.59,0.6,0.4,0.41,0.01,0.01,77588.65,1777278777000
1777278779.758,179.758,0.6,0.61,0.4,0.41,0.01,0.01,77589.34,1777278778000
1777278780.16,180.16,0.6,0.61,0.39,0.4,0.01,0.01,77589.34,1777278778000
1777278780.591,180.591,0.6,0.61,0.39,0.4,0.01,0.01,77589.34,1777278778000
1777278780.927,180.927,0.6,0.61,0.39,0.4,0.01,0.01,77590.39,1777278779000
1777278781.31,181.31,0.6,0.61,0.39,0.4,0.01,0.01,77590.39,1777278779000
1777278781.662,181.662,0.6,0.61,0.39,0.4,0.01,0.01,77590.65,1777278780000
1777278782.055,182.055,0.63,0.64,0.36,0.37,0.01,0.01,77590.65,1777278780000
1777278782.477,182.477,0.63,0.64,0.36,0.37,0.01,0.01,77590.67,1777278781000
1777278782.908,182.908,0.63,0.64,0.36,0.37,0.01,0.01,77590.67,1777278781000
1777278783.439,183.439,0.63,0.64,0.36,0.37,0.01,0.01,77590.67,1777278781000
1777278783.873,183.873,0.63,0.64,0.36,0.37,0.01,0.01,77590.67,1777278781000
1777278784.295,184.295,0.62,0.63,0.36,0.37,0.01,0.01,77590.67,1777278781000
1777278784.705,184.705,0.62,0.63,0.37,0.38,0.01,0.01,77590.67,1777278781000
1777278785.151,185.151,0.62,0.63,0.37,0.38,0.01,0.01,77590.67,1777278781000
1777278785.644,185.644,0.62,0.63,0.37,0.38,0.01,0.01,77592.48,1777278784000
1777278786.027,186.027,0.62,0.63,0.37,0.38,0.01,0.01,77592.48,1777278784000
1777278786.432,186.432,0.62,0.63,0.37,0.38,0.01,0.01,77592.61,1777278785000
1777278786.767,186.767,0.62,0.66,0.34,0.38,0.04,0.04,77592.61,1777278785000
1777278787.119,187.119,0.69,0.7,0.3,0.33,0.01,0.03,77592.61,1777278785000
1777278787.497,187.497,0.7,0.71,0.3,0.31,0.01,0.01,77592.61,1777278786000
1777278787.849,187.849,0.71,0.72,0.28,0.29,0.01,0.01,77592.61,1777278786000
1777278788.198,188.198,0.71,0.72,0.28,0.29,0.01,0.01,77592.87,1777278787000
1777278788.545,188.545,0.71,0.72,0.28,0.29,0.01,0.01,77592.87,1777278787000
1777278788.879,188.879,0.71,0.72,0.28,0.29,0.01,0.01,77592.87,1777278787000
1777278789.217,189.217,0.71,0.72,0.28,0.29,0.01,0.01,77592.87,1777278787000
1777278789.697,189.697,0.71,0.72,0.28,0.29,0.01,0.01,77596.97,1777278788000
1777278790.046,190.046,0.71,0.72,0.28,0.29,0.01,0.01,77596.97,1777278788000
1777278790.426,190.426,0.72,0.73,0.27,0.28,0.01,0.01,77599.23,1777278789000
1777278790.767,190.767,0.72,0.73,0.27,0.28,0.01,0.01,77599.23,1777278789000
1777278791.1,191.1,0.72,0.73,0.27,0.28,0.01,0.01,77599.23,1777278790000
1777278791.472,191.472,0.72,0.73,0.27,0.28,0.01,0.01,77599.23,1777278790000
1777278792.025,192.025,0.72,0.73,0.27,0.28,0.01,0.01,77599.23,1777278790000
1777278792.453,192.453,0.72,0.73,0.27,0.28,0.01,0.01,77599.23,1777278791000
1777278793.034,193.034,0.72,0.73,0.27,0.28,0.01,0.01,77599.23,1777278791000
1777278793.382,193.382,0.72,0.73,0.27,0.28,0.01,0.01,77600.07,1777278792000
1777278793.758,193.758,0.72,0.73,0.27,0.28,0.01,0.01,77600.07,1777278792000
1777278794.164,194.164,0.72,0.73,0.27,0.28,0.01,0.01,77600.07,1777278792000
1777278794.713,194.713,0.72,0.73,0.27,0.28,0.01,0.01,77598.73,1777278793000
1777278795.103,195.103,0.72,0.73,0.27,0.28,0.01,0.01,77598.82,1777278794000
1777278795.442,195.442,0.67,0.72,0.28,0.29,0.05,0.01,77598.82,1777278794000
1777278795.816,195.816,0.66,0.67,0.33,0.34,0.01,0.01,77598.82,1777278794000
1777278796.283,196.283,0.66,0.67,0.33,0.34,0.01,0.01,77598.82,1777278794000
1777278796.62,196.62,0.68,0.69,0.31,0.32,0.01,0.01,77599.33,1777278795000
1777278796.976,196.976,0.68,0.69,0.31,0.32,0.01,0.01,77598.03,1777278796000
1777278797.451,197.451,0.68,0.69,0.31,0.32,0.01,0.01,77598.03,1777278796000
1777278797.983,197.983,0.68,0.69,0.31,0.32,0.01,0.01,77598.03,1777278796000
1777278798.329,198.329,0.68,0.69,0.31,0.32,0.01,0.01,77599.48,1777278797000
1777278798.668,198.668,0.65,0.67,0.31,0.34,0.02,0.03,77599.48,1777278797000
1777278799.115,199.115,0.6,0.61,0.39,0.4,0.01,0.01,77599.48,1777278797000
1777278799.49,199.49,0.53,0.55,0.44,0.47,0.02,0.03,77600.62,1777278798000
1777278799.836,199.836,0.53,0.54,0.46,0.47,0.01,0.01,77600.62,1777278798000
1777278800.256,200.256,0.53,0.54,0.46,0.47,0.01,0.01,77600.53,1777278799000
1777278800.591,200.591,0.49,0.5,0.5,0.51,0.01,0.01,77600.53,1777278799000
1777278800.961,200.961,0.49,0.5,0.5,0.51,0.01,0.01,77600.53,1777278799000
1777278801.329,201.329,0.49,0.5,0.5,0.51,0.01,0.01,77592.88,1777278800000
1777278801.696,201.696,0.49,0.5,0.5,0.51,0.01,0.01,77592.88,1777278800000
1777278802.13,202.13,0.49,0.5,0.5,0.51,0.01,0.01,77589.28,1777278801000
1777278802.583,202.583,0.48,0.49,0.51,0.52,0.01,0.01,77589.28,1777278801000
1777278802.94,202.94,0.48,0.49,0.51,0.52,0.01,0.01,77589.28,1777278801000
1777278803.411,203.411,0.48,0.49,0.51,0.52,0.01,0.01,77589.28,1777278801000
1777278803.841,203.841,0.48,0.49,0.51,0.52,0.01,0.01,77588.66,1777278802000
1777278804.241,204.241,0.48,0.49,0.51,0.52,0.01,0.01,77588.58,1777278803000
1777278804.643,204.643,0.49,0.5,0.5,0.51,0.01,0.01,77588.58,1777278803000
1777278805.163,205.163,0.49,0.51,0.5,0.51,0.02,0.01,77588.58,1777278803000
1777278805.757,205.757,0.5,0.51,0.49,0.5,0.01,0.01,77588.64,1777278804000
1777278806.377,206.377,0.5,0.51,0.49,0.5,0.01,0.01,77588.64,1777278804000
1777278806.745,206.745,0.5,0.51,0.49,0.5,0.01,0.01,77588.68,1777278805000
1777278807.135,207.135,0.5,0.51,0.49,0.5,0.01,0.01,77588.68,1777278805000
1777278807.556,207.556,0.5,0.51,0.49,0.5,0.01,0.01,77588.68,1777278805000
1777278807.913,207.913,0.5,0.51,0.49,0.5,0.01,0.01,77588.68,1777278806000
1777278808.314,208.314,0.5,0.51,0.49,0.5,0.01,0.01,77588.68,1777278807000
1777278808.954,208.954,0.5,0.51,0.49,0.5,0.01,0.01,77588.68,1777278807000
1777278809.375,209.375,0.49,0.51,0.49,0.5,0.02,0.01,77588.68,1777278808000
1777278809.972,209.972,0.49,0.5,0.49,0.51,0.01,0.02,77588.68,1777278808000
1777278810.487,210.487,0.49,0.5,0.5,0.51,0.01,0.01,77588.68,1777278808000
1777278811.037,211.037,0.49,0.5,0.5,0.51,0.01,0.01,77588.69,1777278810000
1777278811.37,211.37,0.49,0.5,0.5,0.51,0.01,0.01,77588.69,1777278810000
1777278811.781,211.781,0.48,0.5,0.5,0.51,0.02,0.01,77588.69,1777278810000
1777278812.17,212.17,0.44,0.45,0.55,0.56,0.01,0.01,77588.69,1777278810000
1777278812.505,212.505,0.43,0.45,0.55,0.57,0.02,0.02,77588.69,1777278811000
1777278812.927,212.927,0.43,0.44,0.56,0.57,0.01,0.01,77588.69,1777278811000
1777278813.291,213.291,0.43,0.44,0.56,0.57,0.01,0.01,77588.62,1777278812000
1777278813.646,213.646,0.43,0.44,0.56,0.57,0.01,0.01,77588.62,1777278812000
1777278814.023,214.023,0.44,0.47,0.55,0.57,0.03,0.02,77588.62,1777278812000
1777278814.38,214.38,0.48,0.49,0.51,0.52,0.01,0.01,77585.27,1777278813000
1777278815.188,215.188,0.48,0.49,0.51,0.52,0.01,0.01,77585.27,1777278813000
1777278815.655,215.655,0.48,0.49,0.51,0.52,0.01,0.01,77584.15,1777278814000
1777278816.003,216.003,0.48,0.49,0.51,0.52,0.01,0.01,77584.15,1777278814000
1777278816.516,216.516,0.48,0.49,0.51,0.52,0.01,0.01,77584.08,1777278815000
1777278817.026,217.026,0.48,0.5,0.5,0.52,0.02,0.02,77584.57,1777278816000
1777278817.441,217.441,0.49,0.51,0.49,0.51,0.02,0.02,77584.57,1777278816000
1777278817.987,217.987,0.49,0.5,0.5,0.51,0.01,0.01,77584.57,1777278816000
1777278818.379,218.379,0.49,0.5,0.5,0.51,0.01,0.01,77584.83,1777278817000
1777278819.124,219.124,0.5,0.51,0.49,0.5,0.01,0.01,77585.2,1777278818000
1777278819.537,219.537,0.51,0.52,0.48,0.49,0.01,0.01,77585.2,1777278818000
1777278819.891,219.891,0.61,0.62,0.38,0.39,0.01,0.01,77585.2,1777278818000
1777278820.248,220.248,0.62,0.63,0.37,0.38,0.01,0.01,77585.2,1777278819000
1777278820.609,220.609,0.72,0.75,0.24,0.28,0.03,0.04,77585.2,1777278819000
1777278821.003,221.003,0.72,0.74,0.26,0.28,0.02,0.02,77585.2,1777278819000
1777278821.345,221.345,0.73,0.74,0.24,0.27,0.01,0.03,77586.38,1777278820000
1777278821.693,221.693,0.76,0.77,0.23,0.25,0.01,0.02,77586.38,1777278820000
1777278822.044,222.044,0.77,0.78,0.22,0.24,0.01,0.02,77586.38,1777278820000
1777278822.397,222.397,0.77,0.78,0.22,0.23,0.01,0.01,77593.83,1777278821000
1777278822.865,222.865,0.77,0.78,0.22,0.23,0.01,0.01,77593.83,1777278821000
1777278823.21,223.21,0.75,0.76,0.24,0.25,0.01,0.01,77598.83,1777278822000
1777278823.601,223.601,0.73,0.74,0.26,0.27,0.01,0.01,77598.83,1777278822000
1777278824.004,224.004,0.73,0.74,0.26,0.27,0.01,0.01,77598.83,1777278822000
1777278824.412,224.412,0.72,0.73,0.26,0.27,0.01,0.01,77602.1,1777278823000
1777278824.816,224.816,0.72,0.73,0.27,0.28,0.01,0.01,77602.1,1777278823000
1777278825.154,225.154,0.73,0.74,0.26,0.27,0.01,0.01,77602.1,1777278823000
1777278825.747,225.747,0.73,0.74,0.26,0.27,0.01,0.01,77602.09,1777278824000
1777278826.176,226.176,0.73,0.74,0.26,0.27,0.01,0.01,77601.72,1777278825000
1777278826.623,226.623,0.73,0.74,0.26,0.27,0.01,0.01,77601.72,1777278825000
1777278827.069,227.069,0.73,0.74,0.26,0.27,0.01,0.01,77601.72,1777278825000
1777278827.404,227.404,0.73,0.74,0.26,0.27,0.01,0.01,77601.72,1777278825000
1777278827.858,227.858,0.73,0.74,0.26,0.27,0.01,0.01,77601.74,1777278826000
1777278828.196,228.196,0.73,0.76,0.24,0.27,0.03,0.03,77602.03,1777278827000
1777278828.721,228.721,0.74,0.75,0.25,0.26,0.01,0.01,77602.03,1777278827000
1777278829.316,229.316,0.74,0.75,0.25,0.26,0.01,0.01,77602.03,1777278827000
1777278829.712,229.712,0.65,0.69,0.31,0.35,0.04,0.04,77602.03,1777278827000
1777278830.112,230.112,0.72,0.73,0.26,0.28,0.01,0.02,77602.04,1777278828000
1777278830.468,230.468,0.73,0.74,0.26,0.27,0.01,0.01,77602.04,1777278828000
1777278830.813,230.813,0.73,0.74,0.26,0.27,0.01,0.01,77601.61,1777278829000
1777278831.16,231.16,0.74,0.75,0.26,0.27,0.01,0.01,77601.61,1777278829000
1777278831.51,231.51,0.74,0.75,0.25,0.26,0.01,0.01,77601.61,1777278829000
1777278831.941,231.941,0.75,0.76,0.24,0.25,0.01,0.01,77600.48,1777278830000
1777278832.303,232.303,0.76,0.77,0.23,0.24,0.01,0.01,77601.63,1777278831000
1777278832.799,232.799,0.76,0.77,0.23,0.24,0.01,0.01,77601.63,1777278831000
1777278833.136,233.136,0.76,0.77,0.23,0.24,0.01,0.01,77601.63,1777278831000
1777278833.473,233.473,0.78,0.79,0.21,0.24,0.01,0.03,77603.78,1777278832000
1777278833.816,233.816,0.77,0.78,0.22,0.23,0.01,0.01,77603.78,1777278832000
1777278834.408,234.408,0.78,0.79,0.22,0.23,0.01,0.01,77604.1,1777278833000
1777278835.023,235.023,0.78,0.79,0.21,0.22,0.01,0.01,77604.1,1777278833000
1777278835.407,235.407,0.78,0.79,0.21,0.22,0.01,0.01,77605.07,1777278834000
1777278835.812,235.812,0.79,0.8,0.2,0.22,0.01,0.02,77605.07,1777278834000
1777278836.158,236.158,0.79,0.82,0.18,0.21,0.03,0.03,77605.07,1777278834000
1777278836.508,236.508,0.84,0.85,0.15,0.16,0.01,0.01,77605.09,1777278835000
1777278836.907,236.907,0.84,0.85,0.15,0.16,0.01,0.01,77605.09,1777278835000
1777278837.302,237.302,0.84,0.85,0.15,0.16,0.01,0.01,77604.62,1777278836000
1777278837.637,237.637,0.84,0.85,0.15,0.16,0.01,0.01,77604.62,1777278836000
1777278838.114,238.114,0.84,0.85,0.15,0.16,0.01,0.01,77604.62,1777278836000
1777278838.491,238.491,0.84,0.85,0.15,0.16,0.01,0.01,77610.54,1777278837000
1777278838.826,238.826,0.85,0.86,0.14,0.16,0.01,0.02,77610.54,1777278837000
1777278839.254,239.254,0.86,0.87,0.13,0.14,0.01,0.01,77610.54,1777278837000
1777278839.634,239.634,0.86,0.87,0.13,0.14,0.01,0.01,77611.79,1777278838000
1777278840.041,240.041,0.86,0.87,0.13,0.14,0.01,0.01,77611.79,1777278838000
1777278840.495,240.495,0.85,0.87,0.13,0.15,0.02,0.02,77611.8,1777278839000
1777278840.862,240.862,0.86,0.87,0.13,0.14,0.01,0.01,77611.8,1777278839000
1777278841.23,241.23,0.86,0.87,0.13,0.14,0.01,0.01,77611.8,1777278839000
1777278841.605,241.605,0.86,0.87,0.13,0.14,0.01,0.01,77612.36,1777278840000
1777278841.946,241.946,0.87,0.88,0.12,0.13,0.01,0.01,77612.36,1777278840000
1777278842.333,242.333,0.87,0.88,0.12,0.13,0.01,0.01,77612.36,1777278841000
1777278842.698,242.698,0.87,0.88,0.12,0.13,0.01,0.01,77612.36,1777278841000
1777278843.207,243.207,0.88,0.89,0.11,0.12,0.01,0.01,77612.39,1777278842000
1777278843.545,243.545,0.89,0.9,0.1,0.11,0.01,0.01,77612.39,1777278842000
1777278843.923,243.923,0.9,0.91,0.09,0.1,0.01,0.01,77612.39,1777278842000
1777278844.258,244.258,0.91,0.92,0.08,0.09,0.01,0.01,77612.39,1777278842000
1777278844.698,244.698,0.91,0.92,0.08,0.09,0.01,0.01,77612.4,1777278843000
1777278845.041,245.041,0.92,0.93,0.07,0.08,0.01,0.01,77612.4,1777278843000
1777278845.402,245.402,0.91,0.92,0.08,0.09,0.01,0.01,77612.4,1777278843000
1777278845.866,245.866,0.91,0.92,0.08,0.09,0.01,0.01,77619.6,1777278844000
1777278846.203,246.203,0.91,0.92,0.08,0.09,0.01,0.01,77621.16,1777278845000
1777278846.538,246.538,0.91,0.92,0.08,0.09,0.01,0.01,77621.16,1777278845000
1777278846.909,246.909,0.91,0.92,0.08,0.09,0.01,0.01,77621.16,1777278845000
1777278847.254,247.254,0.93,0.94,0.06,0.07,0.01,0.01,77619.78,1777278846000
1777278847.597,247.597,0.93,0.94,0.06,0.07,0.01,0.01,77619.78,1777278846000
1777278847.965,247.965,0.93,0.95,0.06,0.07,0.02,0.01,77619.78,1777278846000
1777278848.317,248.317,0.93,0.94,0.06,0.07,0.01,0.01,77618.12,1777278847000
1777278848.706,248.706,0.91,0.92,0.08,0.09,0.01,0.01,77618.12,1777278847000
1777278849.041,249.041,0.85,0.87,0.13,0.15,0.02,0.02,77618.12,1777278847000
1777278849.424,249.424,0.8,0.82,0.15,0.2,0.02,0.05,77620.76,1777278848000
1777278849.778,249.778,0.79,0.81,0.19,0.21,0.02,0.02,77620.76,1777278848000
1777278850.111,250.111,0.67,0.68,0.32,0.33,0.01,0.01,77620.76,1777278848000
1777278850.448,250.448,0.67,0.68,0.32,0.33,0.01,0.01,77619.56,1777278849000
1777278850.919,250.919,0.68,0.69,0.31,0.32,0.01,0.01,77619.56,1777278849000
1777278851.271,251.271,0.67,0.69,0.31,0.33,0.02,0.02,77619.56,1777278849000
1777278851.65,251.65,0.68,0.69,0.31,0.32,0.01,0.01,77612.04,1777278850000
1777278852.034,252.034,0.71,0.73,0.29,0.3,0.02,0.01,77612.04,1777278850000
1777278852.537,252.537,0.72,0.73,0.27,0.28,0.01,0.01,77605.13,1777278851000
1777278852.994,252.994,0.72,0.73,0.27,0.28,0.01,0.01,77604.84,1777278852000
1777278853.562,253.562,0.73,0.74,0.26,0.27,0.01,0.01,77604.84,1777278852000
1777278853.922,253.922,0.73,0.74,0.26,0.27,0.01,0.01,77604.84,1777278852000
1777278854.284,254.284,0.75,0.76,0.24,0.25,0.01,0.01,77603.24,1777278853000
1777278854.669,254.669,0.75,0.76,0.24,0.25,0.01,0.01,77603.24,1777278853000
1777278855.065,255.065,0.76,0.77,0.23,0.25,0.01,0.02,77603.24,1777278853000
1777278855.437,255.437,0.76,0.77,0.23,0.24,0.01,0.01,77603.24,1777278853000
1777278855.771,255.771,0.76,0.78,0.22,0.24,0.02,0.02,77603.24,1777278853000
1777278856.149,256.149,0.77,0.78,0.22,0.23,0.01,0.01,77601.65,1777278855000
1777278856.634,256.634,0.77,0.78,0.22,0.23,0.01,0.01,77601.65,1777278855000
1777278857.036,257.036,0.76,0.79,0.21,0.24,0.03,0.03,77602.52,1777278856000
1777278857.47,257.47,0.78,0.79,0.21,0.22,0.01,0.01,77602.52,1777278856000
1777278858.071,258.071,0.81,0.82,0.18,0.22,0.01,0.04,77602.52,1777278856000
1777278858.48,258.48,0.79,0.8,0.2,0.21,0.01,0.01,77601.65,1777278857000
1777278858.931,258.931,0.8,0.81,0.19,0.2,0.01,0.01,77601.65,1777278857000
1777278859.317,259.317,0.81,0.82,0.18,0.19,0.01,0.01,77601.65,1777278858000
1777278859.738,259.738,0.81,0.82,0.18,0.19,0.01,0.01,77601.65,1777278858000
1777278860.099,260.099,0.82,0.83,0.18,0.19,0.01,0.01,77601.65,1777278858000
1777278860.472,260.472,0.82,0.83,0.17,0.18,0.01,0.01,77602.54,1777278859000
1777278860.847,260.847,0.82,0.83,0.17,0.18,0.01,0.01,77602.54,1777278859000
1777278861.255,261.255,0.82,0.83,0.17,0.18,0.01,0.01,77601.67,1777278860000
1777278861.682,261.682,0.81,0.83,0.17,0.18,0.02,0.01,77601.67,1777278860000
1777278862.05,262.05,0.8,0.82,0.18,0.19,0.02,0.01,77601.67,1777278860000
1777278862.48,262.48,0.8,0.81,0.19,0.2,0.01,0.01,77601.79,1777278861000
1777278862.924,262.924,0.8,0.84,0.19,0.2,0.04,0.01,77601.79,1777278861000
1777278863.426,263.426,0.82,0.83,0.16,0.18,0.01,0.02,77601.67,1777278862000
1777278863.883,263.883,0.83,0.84,0.15,0.18,0.01,0.03,77601.67,1777278862000
1777278864.239,264.239,0.83,0.84,0.16,0.17,0.01,0.01,77601.67,1777278863000
1777278864.634,264.634,0.84,0.85,0.15,0.17,0.01,0.02,77601.67,1777278863000
1777278865.343,265.343,0.84,0.85,0.15,0.16,0.01,0.01,77601.67,1777278864000
1777278865.715,265.715,0.83,0.84,0.15,0.17,0.01,0.02,77601.67,1777278864000
1777278866.122,266.122,0.83,0.84,0.16,0.17,0.01,0.01,77601.67,1777278864000
1777278866.764,266.764,0.83,0.84,0.16,0.17,0.01,0.01,77602.19,1777278865000
1777278867.364,267.364,0.83,0.86,0.14,0.17,0.03,0.03,77601.67,1777278866000
1777278867.725,267.725,0.85,0.86,0.14,0.15,0.01,0.01,77601.67,1777278866000
1777278868.28,268.28,0.85,0.86,0.14,0.15,0.01,0.01,77601.67,1777278866000
1777278868.789,268.789,0.85,0.86,0.14,0.15,0.01,0.01,77601.69,1777278867000
1777278869.17,269.17,0.85,0.86,0.14,0.15,0.01,0.01,77601.69,1777278867000
1777278869.901,269.901,0.86,0.87,0.13,0.15,0.01,0.02,77601.89,1777278868000
1777278870.354,270.354,0.86,0.87,0.13,0.14,0.01,0.01,77601.89,1777278868000
1777278870.825,270.825,0.85,0.86,0.14,0.15,0.01,0.01,77601.7,1777278869000
1777278871.278,271.278,0.84,0.85,0.15,0.16,0.01,0.01,77601.7,1777278870000
1777278871.615,271.615,0.85,0.86,0.14,0.15,0.01,0.01,77601.7,1777278870000
1777278872.038,272.038,0.87,0.89,0.11,0.13,0.02,0.02,77603.13,1777278871000
1777278872.705,272.705,0.88,0.89,0.11,0.12,0.01,0.01,77603.13,1777278871000
1777278873.118,273.118,0.88,0.89,0.11,0.12,0.01,0.01,77602.37,1777278872000
1777278873.763,273.763,0.88,0.89,0.11,0.12,0.01,0.01,77602.37,1777278872000
1777278874.136,274.136,0.89,0.9,0.1,0.11,0.01,0.01,77602.43,1777278873000
1777278874.578,274.578,0.9,0.91,0.09,0.1,0.01,0.01,77602.43,1777278873000
1777278875.188,275.188,0.9,0.91,0.09,0.1,0.01,0.01,77602.43,1777278873000
1777278875.6,275.6,0.9,0.91,0.09,0.1,0.01,0.01,77602.89,1777278874000
1777278876.052,276.052,0.9,0.91,0.09,0.1,0.01,0.01,77602.89,1777278874000
1777278876.527,276.527,0.88,0.89,0.09,0.1,0.01,0.01,77602.6,1777278875000
1777278876.951,276.951,0.88,0.89,0.11,0.12,0.01,0.01,77602.6,1777278875000
1777278877.313,277.313,0.88,0.89,0.11,0.12,0.01,0.01,77602.58,1777278876000
1777278877.741,277.741,0.88,0.89,0.11,0.12,0.01,0.01,77602.58,1777278876000
1777278878.179,278.179,0.88,0.89,0.11,0.12,0.01,0.01,77602.58,1777278876000
1777278878.642,278.642,0.91,0.93,0.08,0.09,0.02,0.01,77602.22,1777278877000
1777278879.081,279.081,0.93,0.94,0.06,0.07,0.01,0.01,77602.22,1777278877000
1777278879.566,279.566,0.93,0.94,0.06,0.07,0.01,0.01,77602.11,1777278878000
1777278879.973,279.973,0.94,0.95,0.05,0.06,0.01,0.01,77602.11,1777278878000
1777278880.323,280.323,0.94,0.95,0.05,0.06,0.01,0.01,77603.04,1777278879000
1777278880.7,280.7,0.94,0.95,0.05,0.06,0.01,0.01,77603.04,1777278879000
1777278881.034,281.034,0.94,0.95,0.05,0.06,0.01,0.01,77603.04,1777278879000
1777278881.392,281.392,0.94,0.95,0.05,0.06,0.01,0.01,77607.2,1777278880000
1777278881.781,281.781,0.94,0.95,0.05,0.06,0.01,0.01,77607.2,1777278880000
1777278882.267,282.267,0.94,0.95,0.05,0.06,0.01,0.01,77608.09,1777278881000
1777278882.697,282.697,0.94,0.95,0.05,0.06,0.01,0.01,77608.09,1777278881000
1777278883.041,283.041,0.94,0.95,0.05,0.06,0.01,0.01,77608.09,1777278881000
1777278883.667,283.667,0.94,0.95,0.05,0.06,0.01,0.01,77608.09,1777278882000
1777278884.138,284.138,0.94,0.96,0.05,0.06,0.02,0.01,77608.09,1777278882000
1777278884.599,284.599,0.95,0.96,0.04,0.05,0.01,0.01,77608.35,1777278883000
1777278884.982,284.982,0.95,0.96,0.04,0.05,0.01,0.01,77608.35,1777278883000
1777278885.385,285.385,0.96,0.97,0.03,0.04,0.01,0.01,77609.92,1777278884000
1777278885.73,285.73,0.96,0.97,0.03,0.04,0.01,0.01,77609.92,1777278884000
1777278886.092,286.092,0.96,0.97,0.03,0.04,0.01,0.01,77609.92,1777278884000
1777278886.654,286.654,0.96,0.97,0.03,0.04,0.01,0.01,77609.18,1777278885000
1777278887.002,287.002,0.96,0.97,0.03,0.04,0.01,0.01,77609.18,1777278885000
1777278887.374,287.374,0.96,0.97,0.03,0.04,0.01,0.01,77609.18,1777278885000
1777278887.786,287.786,0.96,0.97,0.03,0.04,0.01,0.01,77608.66,1777278886000
1777278888.139,288.139,0.96,0.97,0.03,0.04,0.01,0.01,77608.66,1777278887000
1777278888.473,288.473,0.96,0.97,0.03,0.04,0.01,0.01,77608.66,1777278887000
1777278888.824,288.824,0.96,0.97,0.03,0.04,0.01,0.01,77608.66,1777278887000
1777278889.163,289.163,0.96,0.97,0.03,0.04,0.01,0.01,77608.66,1777278888000
1777278889.592,289.592,0.97,0.98,0.02,0.03,0.01,0.01,77608.66,1777278888000
1777278889.988,289.988,0.97,0.98,0.02,0.03,0.01,0.01,77608.66,1777278888000
1777278890.367,290.367,0.97,0.98,0.02,0.03,0.01,0.01,77608.66,1777278888000
1777278890.735,290.735,0.97,0.98,0.02,0.03,0.01,0.01,77611.84,1777278889000
1777278891.134,291.134,0.97,0.98,0.02,0.03,0.01,0.01,77616.09,1777278890000
1777278891.533,291.533,0.97,0.98,0.02,0.03,0.01,0.01,77616.09,1777278890000
1777278891.899,291.899,0.97,0.98,0.02,0.03,0.01,0.01,77616.09,1777278890000
1777278892.254,292.254,0.97,0.98,0.02,0.03,0.01,0.01,77616.46,1777278891000
1777278892.691,292.691,0.97,0.98,0.02,0.03,0.01,0.01,77616.46,1777278891000
1777278893.101,293.101,0.98,0.99,0.01,0.03,0.01,0.02,77616.46,1777278891000
1777278893.493,293.493,0.96,0.99,0.01,0.02,0.03,0.01,77616.46,1777278891000
1777278893.843,293.843,0.96,0.99,0.01,0.04,0.03,0.03,77616.46,1777278891000
1777278894.198,294.198,0.96,0.99,0.01,0.04,0.03,0.03,77620.92,1777278892000
1777278894.603,294.603,0.96,0.99,0.01,0.04,0.03,0.03,77620.92,1777278892000
1777278895.003,295.003,0.96,0.99,0.01,0.04,0.03,0.03,77620.96,1777278893000
1777278895.428,295.428,0.96,0.99,0.01,0.04,0.03,0.03,77621.97,1777278894000
1777278895.828,295.828,0.98,0.99,0.01,0.02,0.01,0.01,77621.97,1777278894000
1777278896.168,296.168,0.98,0.99,0.01,0.02,0.01,0.01,77621.97,1777278894000
1777278896.51,296.51,0.98,0.99,0.01,0.02,0.01,0.01,77623.17,1777278895000
1777278896.863,296.863,0.98,0.99,0.01,0.02,0.01,0.01,77623.17,1777278895000
1777278897.196,297.196,0.98,0.99,0.01,0.02,0.01,0.01,77623.17,1777278895000
1777278897.562,297.562,0.98,0.99,0.01,0.02,0.01,0.01,77623.17,1777278895000
1777278898.125,298.125,0.99,0.99,0.01,0.01,0.0,0.0,77624.38,1777278897000
1777278898.496,298.496,0.99,0.99,0.01,0.01,0.0,0.0,77624.38,1777278897000
1777278898.963,298.963,0.99,0.99,0.01,0.01,0.0,0.0,77624.38,1777278897000
1777278899.435,299.435,0.99,0.99,0.01,0.01,0.0,0.0,77624.56,1777278898000
1777278899.991,299.991,0.99,0.99,0.01,0.01,0.0,0.0,77624.56,1777278898000
1777278900.447,300.447,0.99,0.99,0.01,0.01,0.0,0.0,77624.56,1777278898000
1777278900.809,300.809,0.99,0.99,0.01,0.01,0.0,0.0,77624.58,1777278899000
1777278901.247,301.247,0.99,0.99,0.01,0.01,0.0,0.0,77623.77,1777278900000
1777278902.439,302.439,0.99,0.99,0.01,0.01,0.0,0.0,77624.47,1777278901000

# RESULT,winner=Up,slug=btc-updown-5m-1777278600,ticks=699
