timestamp,elapsed_sec,up_bid,up_ask,down_bid,down_ask,up_spread,down_spread,btc_price,btc_oracle_ts
1776986400.743,0.743,0.6,0.61,0.35,0.4,0.01,0.05,78104.22,1776986399000
1776986401.136,1.136,0.55,0.64,0.36,0.45,0.09,0.09,78102.2,1776986400000
1776986401.719,1.719,0.55,0.57,0.36,0.45,0.02,0.09,78102.2,1776986400000
1776986402.07,2.07,0.55,0.56,0.43,0.45,0.01,0.02,78102.2,1776986400000
1776986402.664,2.664,0.54,0.56,0.44,0.45,0.02,0.01,78100.66,1776986401000
1776986403.291,3.291,0.52,0.55,0.44,0.48,0.03,0.04,78100.66,1776986401000
1776986403.625,3.625,0.52,0.56,0.44,0.46,0.04,0.02,78098.53,1776986402000
1776986403.965,3.965,0.53,0.54,0.45,0.47,0.01,0.02,78098.53,1776986402000
1776986404.318,4.318,0.51,0.53,0.47,0.49,0.02,0.02,78098.53,1776986402000
1776986404.681,4.681,0.51,0.52,0.48,0.49,0.01,0.01,78096.6,1776986403000
1776986405.017,5.017,0.51,0.52,0.48,0.49,0.01,0.01,78092.43,1776986404000
1776986405.491,5.491,0.5,0.51,0.49,0.5,0.01,0.01,78092.43,1776986404000
1776986405.83,5.83,0.5,0.51,0.49,0.5,0.01,0.01,78092.43,1776986404000
1776986406.605,6.605,0.5,0.51,0.49,0.5,0.01,0.01,78092.08,1776986405000
1776986407.044,7.044,0.5,0.51,0.49,0.5,0.01,0.01,78092.08,1776986405000
1776986407.465,7.465,0.5,0.51,0.49,0.5,0.01,0.01,78092.04,1776986406000
1776986407.928,7.928,0.5,0.51,0.49,0.5,0.01,0.01,78092.04,1776986406000
1776986408.261,8.261,0.5,0.51,0.49,0.5,0.01,0.01,78092.04,1776986406000
1776986408.629,8.629,0.5,0.51,0.49,0.5,0.01,0.01,78092.04,1776986406000
1776986409.024,9.024,0.5,0.51,0.49,0.5,0.01,0.01,78092.04,1776986406000
1776986409.437,9.437,0.5,0.51,0.49,0.5,0.01,0.01,78091.28,1776986407000
1776986409.968,9.968,0.5,0.51,0.49,0.5,0.01,0.01,78091.53,1776986408000
1776986410.476,10.476,0.5,0.51,0.49,0.5,0.01,0.01,78090.9,1776986409000
1776986410.839,10.839,0.49,0.51,0.49,0.51,0.02,0.02,78090.9,1776986409000
1776986411.196,11.196,0.49,0.5,0.5,0.51,0.01,0.01,78089.12,1776986410000
1776986411.552,11.552,0.47,0.48,0.51,0.52,0.01,0.01,78089.12,1776986410000
1776986411.914,11.914,0.44,0.46,0.52,0.53,0.02,0.01,78089.12,1776986410000
1776986412.253,12.253,0.43,0.44,0.56,0.57,0.01,0.01,78089.12,1776986410000
1776986412.616,12.616,0.42,0.43,0.57,0.58,0.01,0.01,78089.12,1776986411000
1776986413.132,13.132,0.41,0.42,0.57,0.59,0.01,0.02,78089.12,1776986411000
1776986413.661,13.661,0.41,0.42,0.58,0.59,0.01,0.01,78086.44,1776986412000
1776986414.174,14.174,0.41,0.42,0.58,0.59,0.01,0.01,78086.44,1776986412000
1776986414.738,14.738,0.41,0.42,0.58,0.59,0.01,0.01,78086.44,1776986413000
1776986415.469,15.469,0.41,0.42,0.58,0.59,0.01,0.01,78086.45,1776986414000
1776986416.125,16.125,0.4,0.42,0.58,0.59,0.02,0.01,78086.45,1776986414000
1776986416.601,16.601,0.41,0.42,0.58,0.59,0.01,0.01,78086.45,1776986415000
1776986417.022,17.022,0.39,0.42,0.58,0.61,0.03,0.03,78086.45,1776986415000
1776986417.363,17.363,0.39,0.42,0.58,0.61,0.03,0.03,78085.4,1776986416000
1776986417.821,17.821,0.39,0.4,0.6,0.61,0.01,0.01,78085.4,1776986416000
1776986418.32,18.32,0.39,0.42,0.6,0.61,0.03,0.01,78085.4,1776986417000
1776986419.1,19.1,0.4,0.41,0.59,0.6,0.01,0.01,78114.56,1776986418000
1776986419.434,19.434,0.41,0.42,0.58,0.59,0.01,0.01,78114.56,1776986418000
1776986419.788,19.788,0.49,0.54,0.46,0.51,0.05,0.05,78114.56,1776986418000
1776986420.132,20.132,0.53,0.58,0.42,0.51,0.05,0.09,78114.56,1776986418000
1776986420.467,20.467,0.57,0.64,0.36,0.43,0.07,0.07,78120.34,1776986419000
1776986420.837,20.837,0.62,0.64,0.36,0.4,0.02,0.04,78120.34,1776986419000
1776986421.225,21.225,0.62,0.64,0.36,0.38,0.02,0.02,78119.95,1776986420000
1776986421.567,21.567,0.62,0.63,0.37,0.38,0.01,0.01,78119.95,1776986420000
1776986421.913,21.913,0.62,0.63,0.37,0.38,0.01,0.01,78119.95,1776986420000
1776986422.314,22.314,0.62,0.63,0.37,0.38,0.01,0.01,78119.88,1776986421000
1776986422.849,22.849,0.62,0.63,0.37,0.38,0.01,0.01,78119.88,1776986421000
1776986423.883,23.883,0.62,0.63,0.37,0.38,0.01,0.01,78119.97,1776986422000
1776986424.36,24.36,0.62,0.63,0.37,0.38,0.01,0.01,78119.84,1776986423000
1776986425.21,25.21,0.62,0.63,0.37,0.38,0.01,0.01,78119.57,1776986424000
1776986425.645,25.645,0.62,0.63,0.37,0.38,0.01,0.01,78119.57,1776986424000
1776986426.337,26.337,0.62,0.63,0.37,0.38,0.01,0.01,78113.79,1776986425000
1776986427.15,27.15,0.62,0.63,0.37,0.38,0.01,0.01,78113.79,1776986425000
1776986427.883,27.883,0.62,0.63,0.37,0.39,0.01,0.02,78112.25,1776986426000
1776986428.226,28.226,0.6,0.63,0.37,0.42,0.03,0.05,78112.06,1776986427000
1776986428.727,28.727,0.59,0.6,0.37,0.38,0.01,0.01,78112.06,1776986427000
1776986429.078,29.078,0.59,0.6,0.4,0.41,0.01,0.01,78111.36,1776986428000
1776986429.429,29.429,0.59,0.6,0.4,0.41,0.01,0.01,78111.36,1776986428000
1776986429.854,29.854,0.59,0.6,0.4,0.41,0.01,0.01,78111.36,1776986428000
1776986430.266,30.266,0.59,0.6,0.4,0.41,0.01,0.01,78110.07,1776986429000
1776986430.609,30.609,0.59,0.6,0.4,0.41,0.01,0.01,78110.07,1776986429000
1776986430.96,30.96,0.59,0.6,0.4,0.41,0.01,0.01,78110.07,1776986429000
1776986431.312,31.312,0.59,0.6,0.4,0.41,0.01,0.01,78108.89,1776986430000
1776986431.702,31.702,0.59,0.6,0.4,0.41,0.01,0.01,78108.89,1776986430000
1776986432.037,32.037,0.59,0.6,0.4,0.41,0.01,0.01,78108.89,1776986430000
1776986432.771,32.771,0.59,0.6,0.4,0.41,0.01,0.01,78109.09,1776986431000
1776986433.127,33.127,0.59,0.6,0.4,0.41,0.01,0.01,78110.58,1776986432000
1776986433.841,33.841,0.6,0.61,0.4,0.41,0.01,0.01,78110.58,1776986432000
1776986434.263,34.263,0.6,0.61,0.39,0.4,0.01,0.01,78110.19,1776986433000
1776986434.635,34.635,0.6,0.61,0.39,0.4,0.01,0.01,78110.19,1776986433000
1776986435.153,35.153,0.6,0.61,0.39,0.4,0.01,0.01,78109.28,1776986434000
1776986435.534,35.534,0.6,0.61,0.39,0.4,0.01,0.01,78109.28,1776986434000
1776986435.872,35.872,0.61,0.62,0.38,0.39,0.01,0.01,78109.28,1776986434000
1776986436.29,36.29,0.61,0.63,0.37,0.39,0.02,0.02,78109.29,1776986435000
1776986436.814,36.814,0.61,0.62,0.38,0.39,0.01,0.01,78109.29,1776986435000
1776986437.262,37.262,0.61,0.62,0.38,0.39,0.01,0.01,78109.29,1776986435000
1776986437.79,37.79,0.61,0.62,0.38,0.39,0.01,0.01,78112.53,1776986436000
1776986438.172,38.172,0.61,0.62,0.38,0.39,0.01,0.01,78112.53,1776986436000
1776986438.634,38.634,0.61,0.62,0.38,0.39,0.01,0.01,78112.53,1776986436000
1776986438.975,38.975,0.61,0.62,0.38,0.39,0.01,0.01,78115.36,1776986437000
1776986439.549,39.549,0.61,0.62,0.38,0.39,0.01,0.01,78116.69,1776986438000
1776986439.914,39.914,0.61,0.62,0.38,0.39,0.01,0.01,78116.69,1776986438000
1776986440.374,40.374,0.61,0.62,0.38,0.39,0.01,0.01,78115.23,1776986439000
1776986441.11,41.11,0.61,0.63,0.38,0.39,0.02,0.01,78115.23,1776986439000
1776986441.515,41.515,0.62,0.63,0.37,0.38,0.01,0.01,78115.73,1776986440000
1776986441.914,41.914,0.62,0.63,0.37,0.38,0.01,0.01,78115.73,1776986440000
1776986442.267,42.267,0.62,0.63,0.37,0.38,0.01,0.01,78115.73,1776986441000
1776986442.958,42.958,0.63,0.64,0.36,0.37,0.01,0.01,78115.88,1776986442000
1776986443.304,43.304,0.63,0.65,0.35,0.37,0.02,0.02,78115.88,1776986442000
1776986443.803,43.803,0.66,0.67,0.33,0.34,0.01,0.01,78115.88,1776986442000
1776986444.142,44.142,0.66,0.67,0.33,0.34,0.01,0.01,78117.13,1776986443000
1776986444.495,44.495,0.68,0.69,0.31,0.33,0.01,0.02,78117.13,1776986443000
1776986444.975,44.975,0.7,0.71,0.29,0.3,0.01,0.01,78123.26,1776986444000
1776986445.319,45.319,0.71,0.73,0.27,0.29,0.02,0.02,78123.26,1776986444000
1776986445.732,45.732,0.73,0.74,0.26,0.27,0.01,0.01,78123.26,1776986444000
1776986446.13,46.13,0.75,0.76,0.24,0.25,0.01,0.01,78131.01,1776986445000
1776986446.52,46.52,0.75,0.76,0.24,0.25,0.01,0.01,78131.01,1776986445000
1776986446.86,46.86,0.77,0.78,0.22,0.23,0.01,0.01,78131.92,1776986446000
1776986447.415,47.415,0.77,0.78,0.22,0.23,0.01,0.01,78131.92,1776986446000
1776986447.776,47.776,0.77,0.78,0.22,0.23,0.01,0.01,78131.92,1776986446000
1776986448.183,48.183,0.77,0.78,0.22,0.23,0.01,0.01,78134.59,1776986447000
1776986448.522,48.522,0.77,0.78,0.22,0.23,0.01,0.01,78134.59,1776986447000
1776986448.877,48.877,0.74,0.75,0.25,0.26,0.01,0.01,78134.59,1776986447000
1776986449.218,49.218,0.74,0.75,0.25,0.26,0.01,0.01,78137.04,1776986448000
1776986449.74,49.74,0.74,0.75,0.25,0.26,0.01,0.01,78137.04,1776986448000
1776986450.146,50.146,0.74,0.75,0.25,0.26,0.01,0.01,78136.46,1776986449000
1776986450.638,50.638,0.74,0.75,0.25,0.26,0.01,0.01,78136.46,1776986449000
1776986450.998,50.998,0.74,0.75,0.25,0.26,0.01,0.01,78135.53,1776986450000
1776986451.692,51.692,0.74,0.75,0.25,0.26,0.01,0.01,78135.53,1776986450000
1776986452.119,52.119,0.74,0.75,0.25,0.26,0.01,0.01,78134.86,1776986451000
1776986452.5,52.5,0.74,0.75,0.25,0.26,0.01,0.01,78134.86,1776986451000
1776986452.895,52.895,0.73,0.74,0.26,0.27,0.01,0.01,78134.86,1776986451000
1776986453.241,53.241,0.73,0.74,0.26,0.27,0.01,0.01,78134.72,1776986452000
1776986453.606,53.606,0.73,0.74,0.26,0.27,0.01,0.01,78134.72,1776986452000
1776986454.135,54.135,0.73,0.74,0.26,0.27,0.01,0.01,78134.72,1776986452000
1776986454.49,54.49,0.73,0.74,0.26,0.27,0.01,0.01,78133.6,1776986453000
1776986455.015,55.015,0.73,0.74,0.26,0.27,0.01,0.01,78133.6,1776986453000
1776986455.358,55.358,0.73,0.74,0.26,0.27,0.01,0.01,78132.38,1776986454000
1776986455.899,55.899,0.73,0.74,0.26,0.27,0.01,0.01,78132.38,1776986454000
1776986456.247,56.247,0.73,0.74,0.26,0.27,0.01,0.01,78132.38,1776986454000
1776986456.586,56.586,0.73,0.74,0.26,0.27,0.01,0.01,78131.36,1776986455000
1776986456.954,56.954,0.73,0.74,0.26,0.27,0.01,0.01,78131.51,1776986456000
1776986457.369,57.369,0.73,0.74,0.26,0.27,0.01,0.01,78131.51,1776986456000
1776986457.716,57.716,0.73,0.74,0.26,0.27,0.01,0.01,78131.51,1776986456000
1776986458.205,58.205,0.72,0.73,0.26,0.28,0.01,0.02,78131.8,1776986457000
1776986458.79,58.79,0.72,0.73,0.27,0.28,0.01,0.01,78131.8,1776986457000
1776986459.254,59.254,0.72,0.75,0.27,0.28,0.03,0.01,78131.71,1776986458000
1776986460.045,60.045,0.72,0.73,0.27,0.28,0.01,0.01,78131.71,1776986458000
1776986460.455,60.455,0.63,0.65,0.34,0.37,0.02,0.03,78131.71,1776986459000
1776986460.839,60.839,0.66,0.67,0.32,0.36,0.01,0.04,78131.71,1776986459000
1776986461.198,61.198,0.67,0.69,0.31,0.33,0.02,0.02,78131.71,1776986459000
1776986461.559,61.559,0.69,0.7,0.3,0.31,0.01,0.01,78131.46,1776986460000
1776986461.963,61.963,0.69,0.7,0.28,0.31,0.01,0.03,78131.46,1776986460000
1776986462.389,62.389,0.69,0.71,0.29,0.31,0.02,0.02,78131.46,1776986460000
1776986462.746,62.746,0.71,0.72,0.28,0.29,0.01,0.01,78126.39,1776986461000
1776986463.187,63.187,0.71,0.72,0.28,0.29,0.01,0.01,78127.38,1776986462000
1776986463.635,63.635,0.71,0.72,0.28,0.29,0.01,0.01,78127.38,1776986462000
1776986464.179,64.179,0.71,0.72,0.28,0.29,0.01,0.01,78128.53,1776986463000
1776986464.74,64.74,0.71,0.72,0.28,0.29,0.01,0.01,78128.53,1776986463000
1776986465.119,65.119,0.72,0.73,0.28,0.29,0.01,0.01,78128.53,1776986464000
1776986465.681,65.681,0.72,0.73,0.27,0.28,0.01,0.01,78128.53,1776986464000
1776986466.103,66.103,0.73,0.75,0.24,0.28,0.02,0.04,78128.53,1776986464000
1776986466.46,66.46,0.73,0.74,0.26,0.27,0.01,0.01,78128.53,1776986464000
1776986467.025,67.025,0.73,0.74,0.26,0.27,0.01,0.01,78129.37,1776986465000
1776986467.633,67.633,0.73,0.74,0.25,0.27,0.01,0.02,78129.77,1776986466000
1776986468.947,68.947,0.73,0.74,0.26,0.27,0.01,0.01,78129.77,1776986466000
1776986469.465,69.465,0.75,0.76,0.23,0.25,0.01,0.02,78132.96,1776986468000
1776986469.946,69.946,0.77,0.78,0.24,0.25,0.01,0.01,78132.96,1776986468000
1776986470.319,70.319,0.77,0.78,0.22,0.23,0.01,0.01,78132.96,1776986468000
1776986470.742,70.742,0.78,0.79,0.21,0.22,0.01,0.01,78133.9,1776986469000
1776986471.293,71.293,0.78,0.79,0.21,0.22,0.01,0.01,78133.9,1776986469000
1776986471.715,71.715,0.78,0.79,0.21,0.22,0.01,0.01,78136.17,1776986470000
1776986472.091,72.091,0.78,0.79,0.21,0.22,0.01,0.01,78136.17,1776986470000
1776986472.483,72.483,0.78,0.79,0.21,0.22,0.01,0.01,78137.11,1776986471000
1776986472.864,72.864,0.78,0.8,0.21,0.22,0.02,0.01,78137.11,1776986471000
1776986473.206,73.206,0.79,0.8,0.2,0.22,0.01,0.02,78138.92,1776986472000
1776986473.597,73.597,0.79,0.8,0.2,0.21,0.01,0.01,78138.92,1776986472000
1776986473.962,73.962,0.79,0.8,0.2,0.21,0.01,0.01,78138.92,1776986472000
1776986474.69,74.69,0.79,0.8,0.2,0.21,0.01,0.01,78139.08,1776986473000
1776986475.031,75.031,0.79,0.8,0.19,0.21,0.01,0.02,78139.08,1776986473000
1776986475.505,75.505,0.79,0.8,0.2,0.21,0.01,0.01,78139.07,1776986474000
1776986476.273,76.273,0.79,0.8,0.2,0.21,0.01,0.01,78139.07,1776986475000
1776986476.609,76.609,0.79,0.8,0.2,0.21,0.01,0.01,78139.07,1776986475000
1776986477.237,77.237,0.79,0.8,0.2,0.21,0.01,0.01,78139.07,1776986475000
1776986477.571,77.571,0.79,0.8,0.2,0.21,0.01,0.01,78139.07,1776986475000
1776986478.0,78.0,0.79,0.8,0.2,0.21,0.01,0.01,78143.19,1776986476000
1776986478.634,78.634,0.79,0.8,0.2,0.21,0.01,0.01,78143.19,1776986477000
1776986479.401,79.401,0.79,0.8,0.2,0.21,0.01,0.01,78142.7,1776986478000
1776986479.747,79.747,0.79,0.8,0.2,0.21,0.01,0.01,78142.7,1776986478000
1776986480.211,80.211,0.79,0.8,0.2,0.21,0.01,0.01,78142.69,1776986479000
1776986480.659,80.659,0.79,0.8,0.2,0.21,0.01,0.01,78142.69,1776986479000
1776986481.086,81.086,0.79,0.8,0.2,0.21,0.01,0.01,78142.69,1776986479000
1776986481.642,81.642,0.79,0.8,0.2,0.21,0.01,0.01,78142.69,1776986479000
1776986482.127,82.127,0.79,0.8,0.2,0.21,0.01,0.01,78142.46,1776986480000
1776986482.506,82.506,0.79,0.8,0.2,0.21,0.01,0.01,78142.36,1776986481000
1776986482.881,82.881,0.79,0.8,0.2,0.21,0.01,0.01,78142.36,1776986481000
1776986483.24,83.24,0.79,0.8,0.2,0.21,0.01,0.01,78142.36,1776986481000
1776986483.897,83.897,0.79,0.8,0.2,0.21,0.01,0.01,78142.37,1776986482000
1776986484.351,84.351,0.79,0.8,0.2,0.21,0.01,0.01,78142.35,1776986483000
1776986484.695,84.695,0.8,0.81,0.19,0.21,0.01,0.02,78142.35,1776986483000
1776986485.103,85.103,0.81,0.82,0.18,0.19,0.01,0.01,78142.35,1776986483000
1776986485.541,85.541,0.81,0.82,0.18,0.19,0.01,0.01,78142.49,1776986484000
1776986485.967,85.967,0.81,0.82,0.18,0.19,0.01,0.01,78142.49,1776986484000
1776986486.491,86.491,0.81,0.82,0.18,0.19,0.01,0.01,78142.75,1776986485000
1776986486.832,86.832,0.82,0.83,0.17,0.18,0.01,0.01,78142.75,1776986485000
1776986487.211,87.211,0.82,0.84,0.17,0.18,0.02,0.01,78142.96,1776986486000
1776986487.604,87.604,0.83,0.84,0.16,0.17,0.01,0.01,78142.96,1776986486000
1776986487.94,87.94,0.84,0.85,0.15,0.17,0.01,0.02,78142.96,1776986486000
1776986488.383,88.383,0.84,0.85,0.15,0.16,0.01,0.01,78143.81,1776986487000
1776986488.777,88.777,0.84,0.85,0.15,0.16,0.01,0.01,78143.81,1776986487000
1776986489.161,89.161,0.84,0.85,0.14,0.16,0.01,0.02,78143.81,1776986487000
1776986489.779,89.779,0.85,0.86,0.14,0.15,0.01,0.01,78146.86,1776986488000
1776986490.138,90.138,0.85,0.86,0.14,0.15,0.01,0.01,78147.03,1776986489000
1776986490.475,90.475,0.83,0.84,0.16,0.17,0.01,0.01,78147.03,1776986489000
1776986490.872,90.872,0.83,0.84,0.16,0.17,0.01,0.01,78147.03,1776986489000
1776986491.246,91.246,0.83,0.84,0.16,0.17,0.01,0.01,78148.6,1776986490000
1776986491.599,91.599,0.83,0.84,0.16,0.17,0.01,0.01,78148.6,1776986490000
1776986491.934,91.934,0.83,0.84,0.16,0.17,0.01,0.01,78148.6,1776986490000
1776986492.445,92.445,0.83,0.84,0.16,0.17,0.01,0.01,78148.6,1776986490000
1776986492.971,92.971,0.83,0.84,0.16,0.17,0.01,0.01,78148.21,1776986491000
1776986493.524,93.524,0.83,0.84,0.16,0.17,0.01,0.01,78148.05,1776986492000
1776986493.922,93.922,0.83,0.84,0.16,0.17,0.01,0.01,78148.05,1776986492000
1776986494.351,94.351,0.83,0.84,0.16,0.17,0.01,0.01,78148.07,1776986493000
1776986494.777,94.777,0.83,0.85,0.16,0.17,0.02,0.01,78148.07,1776986493000
1776986495.137,95.137,0.84,0.85,0.15,0.17,0.01,0.02,78148.07,1776986493000
1776986495.495,95.495,0.84,0.85,0.15,0.16,0.01,0.01,78148.06,1776986494000
1776986495.845,95.845,0.85,0.86,0.15,0.16,0.01,0.01,78148.06,1776986494000
1776986496.221,96.221,0.85,0.86,0.14,0.15,0.01,0.01,78148.09,1776986495000
1776986496.592,96.592,0.83,0.84,0.16,0.17,0.01,0.01,78148.09,1776986495000
1776986497.084,97.084,0.82,0.83,0.17,0.18,0.01,0.01,78148.09,1776986495000
1776986497.519,97.519,0.82,0.83,0.17,0.18,0.01,0.01,78148.3,1776986496000
1776986497.987,97.987,0.8,0.83,0.17,0.18,0.03,0.01,78148.3,1776986496000
1776986498.41,98.41,0.73,0.77,0.23,0.27,0.04,0.04,78148.3,1776986496000
1776986498.748,98.748,0.69,0.7,0.25,0.3,0.01,0.05,78146.9,1776986497000
1776986499.09,99.09,0.67,0.71,0.26,0.32,0.04,0.06,78146.58,1776986498000
1776986499.452,99.452,0.69,0.7,0.3,0.31,0.01,0.01,78146.58,1776986498000
1776986499.787,99.787,0.68,0.69,0.31,0.32,0.01,0.01,78146.58,1776986498000
1776986500.156,100.156,0.68,0.69,0.31,0.32,0.01,0.01,78146.58,1776986498000
1776986500.553,100.553,0.68,0.69,0.31,0.32,0.01,0.01,78146.58,1776986498000
1776986500.918,100.918,0.68,0.69,0.31,0.32,0.01,0.01,78128.38,1776986499000
1776986501.289,101.289,0.68,0.69,0.31,0.32,0.01,0.01,78128.38,1776986499000
1776986501.977,101.977,0.68,0.69,0.31,0.32,0.01,0.01,78126.78,1776986501000
1776986502.32,102.32,0.68,0.69,0.31,0.32,0.01,0.01,78126.78,1776986501000
1776986502.833,102.833,0.69,0.7,0.3,0.31,0.01,0.01,78126.78,1776986501000
1776986503.171,103.171,0.69,0.7,0.3,0.31,0.01,0.01,78126.78,1776986501000
1776986503.772,103.772,0.69,0.7,0.3,0.31,0.01,0.01,78126.78,1776986501000
1776986504.141,104.141,0.69,0.7,0.3,0.31,0.01,0.01,78126.74,1776986502000
1776986504.558,104.558,0.69,0.7,0.3,0.31,0.01,0.01,78126.89,1776986503000
1776986504.974,104.974,0.69,0.7,0.3,0.31,0.01,0.01,78126.89,1776986503000
1776986505.411,105.411,0.69,0.7,0.3,0.31,0.01,0.01,78126.95,1776986504000
1776986506.168,106.168,0.69,0.7,0.3,0.31,0.01,0.01,78126.95,1776986504000
1776986506.512,106.512,0.69,0.7,0.3,0.31,0.01,0.01,78126.8,1776986505000
1776986506.924,106.924,0.69,0.7,0.3,0.31,0.01,0.01,78126.8,1776986505000
1776986507.266,107.266,0.69,0.7,0.3,0.31,0.01,0.01,78126.67,1776986506000
1776986507.712,107.712,0.69,0.7,0.3,0.31,0.01,0.01,78126.67,1776986506000
1776986508.054,108.054,0.69,0.7,0.3,0.31,0.01,0.01,78126.67,1776986506000
1776986508.43,108.43,0.69,0.7,0.3,0.31,0.01,0.01,78126.67,1776986507000
1776986509.017,109.017,0.69,0.7,0.3,0.31,0.01,0.01,78126.67,1776986507000
1776986509.497,109.497,0.69,0.7,0.3,0.31,0.01,0.01,78126.61,1776986508000
1776986509.884,109.884,0.7,0.71,0.29,0.3,0.01,0.01,78126.61,1776986508000
1776986510.382,110.382,0.7,0.71,0.29,0.3,0.01,0.01,78126.61,1776986508000
1776986510.777,110.777,0.7,0.71,0.29,0.3,0.01,0.01,78126.75,1776986509000
1776986511.123,111.123,0.7,0.71,0.29,0.3,0.01,0.01,78126.75,1776986509000
1776986511.717,111.717,0.7,0.71,0.29,0.3,0.01,0.01,78126.79,1776986510000
1776986512.13,112.13,0.7,0.71,0.29,0.3,0.01,0.01,78126.79,1776986510000
1776986512.723,112.723,0.71,0.73,0.28,0.29,0.02,0.01,78126.83,1776986511000
1776986513.112,113.112,0.72,0.73,0.27,0.28,0.01,0.01,78126.83,1776986511000
1776986513.482,113.482,0.72,0.73,0.27,0.28,0.01,0.01,78123.44,1776986512000
1776986513.848,113.848,0.73,0.74,0.26,0.28,0.01,0.02,78123.44,1776986512000
1776986514.269,114.269,0.73,0.74,0.26,0.27,0.01,0.01,78123.44,1776986512000
1776986514.668,114.668,0.73,0.74,0.26,0.27,0.01,0.01,78123.69,1776986513000
1776986515.189,115.189,0.73,0.74,0.26,0.27,0.01,0.01,78123.69,1776986513000
1776986515.614,115.614,0.73,0.74,0.26,0.27,0.01,0.01,78123.98,1776986514000
1776986515.976,115.976,0.71,0.72,0.28,0.31,0.01,0.03,78123.98,1776986514000
1776986516.45,116.45,0.69,0.7,0.3,0.31,0.01,0.01,78126.21,1776986515000
1776986516.841,116.841,0.69,0.7,0.3,0.31,0.01,0.01,78126.21,1776986515000
1776986517.373,117.373,0.69,0.7,0.3,0.31,0.01,0.01,78126.03,1776986516000
1776986517.792,117.792,0.69,0.7,0.3,0.31,0.01,0.01,78126.03,1776986516000
1776986518.207,118.207,0.73,0.74,0.26,0.28,0.01,0.02,78126.03,1776986516000
1776986518.598,118.598,0.73,0.74,0.26,0.27,0.01,0.01,78126.03,1776986516000
1776986518.946,118.946,0.73,0.74,0.26,0.27,0.01,0.01,78122.22,1776986517000
1776986519.306,119.306,0.73,0.74,0.26,0.27,0.01,0.01,78121.65,1776986518000
1776986519.893,119.893,0.73,0.74,0.26,0.27,0.01,0.01,78121.65,1776986518000
1776986520.326,120.326,0.73,0.74,0.26,0.27,0.01,0.01,78126.28,1776986519000
1776986520.821,120.821,0.73,0.74,0.26,0.27,0.01,0.01,78126.28,1776986519000
1776986521.285,121.285,0.73,0.74,0.26,0.27,0.01,0.01,78126.29,1776986520000
1776986521.733,121.733,0.73,0.74,0.26,0.27,0.01,0.01,78126.29,1776986520000
1776986522.125,122.125,0.72,0.73,0.26,0.27,0.01,0.01,78126.29,1776986520000
1776986522.468,122.468,0.72,0.73,0.27,0.28,0.01,0.01,78126.48,1776986521000
1776986522.802,122.802,0.7,0.71,0.27,0.3,0.01,0.03,78126.48,1776986521000
1776986523.499,123.499,0.7,0.71,0.29,0.3,0.01,0.01,78126.47,1776986522000
1776986523.894,123.894,0.7,0.71,0.29,0.3,0.01,0.01,78126.47,1776986522000
1776986524.99,124.99,0.7,0.71,0.29,0.3,0.01,0.01,78126.06,1776986524000
1776986525.511,125.511,0.72,0.73,0.28,0.3,0.01,0.02,78126.06,1776986524000
1776986526.162,126.162,0.72,0.73,0.27,0.28,0.01,0.01,78125.8,1776986525000
1776986526.503,126.503,0.72,0.73,0.27,0.28,0.01,0.01,78125.8,1776986525000
1776986526.896,126.896,0.75,0.76,0.24,0.25,0.01,0.01,78125.8,1776986525000
1776986527.37,127.37,0.75,0.76,0.24,0.25,0.01,0.01,78125.94,1776986526000
1776986527.891,127.891,0.75,0.76,0.24,0.25,0.01,0.01,78125.94,1776986526000
1776986528.228,128.228,0.75,0.76,0.24,0.25,0.01,0.01,78125.94,1776986526000
1776986528.582,128.582,0.75,0.76,0.24,0.25,0.01,0.01,78125.94,1776986527000
1776986529.344,129.344,0.75,0.76,0.24,0.25,0.01,0.01,78125.96,1776986528000
1776986529.71,129.71,0.75,0.76,0.24,0.25,0.01,0.01,78125.96,1776986528000
1776986530.377,130.377,0.75,0.76,0.24,0.25,0.01,0.01,78125.96,1776986529000
1776986530.777,130.777,0.75,0.76,0.24,0.25,0.01,0.01,78125.96,1776986529000
1776986531.234,131.234,0.75,0.76,0.24,0.25,0.01,0.01,78126.0,1776986530000
1776986531.591,131.591,0.75,0.76,0.24,0.25,0.01,0.01,78126.0,1776986530000
1776986531.975,131.975,0.75,0.76,0.24,0.25,0.01,0.01,78126.0,1776986530000
1776986532.334,132.334,0.75,0.76,0.24,0.25,0.01,0.01,78125.37,1776986531000
1776986532.888,132.888,0.75,0.76,0.24,0.25,0.01,0.01,78125.37,1776986531000
1776986533.327,133.327,0.75,0.76,0.24,0.25,0.01,0.01,78125.38,1776986532000
1776986533.726,133.726,0.75,0.76,0.24,0.25,0.01,0.01,78125.38,1776986532000
1776986534.121,134.121,0.75,0.76,0.24,0.25,0.01,0.01,78125.38,1776986532000
1776986534.947,134.947,0.75,0.76,0.24,0.25,0.01,0.01,78126.03,1776986533000
1776986535.282,135.282,0.69,0.72,0.26,0.31,0.03,0.05,78126.03,1776986534000
1776986536.565,136.565,0.7,0.71,0.29,0.3,0.01,0.01,78126.02,1776986535000
1776986537.111,137.111,0.7,0.71,0.29,0.3,0.01,0.01,78126.02,1776986535000
1776986538.273,138.273,0.7,0.71,0.29,0.3,0.01,0.01,78125.94,1776986536000
1776986538.606,138.606,0.7,0.71,0.29,0.3,0.01,0.01,78126.01,1776986537000
1776986539.169,139.169,0.7,0.71,0.29,0.3,0.01,0.01,78125.3,1776986538000
1776986539.932,139.932,0.7,0.71,0.29,0.3,0.01,0.01,78125.3,1776986538000
1776986540.31,140.31,0.7,0.71,0.29,0.3,0.01,0.01,78125.3,1776986538000
1776986541.078,141.078,0.7,0.71,0.29,0.3,0.01,0.01,78125.46,1776986540000
1776986541.63,141.63,0.7,0.71,0.29,0.3,0.01,0.01,78125.46,1776986540000
1776986542.438,142.438,0.7,0.71,0.29,0.3,0.01,0.01,78125.39,1776986541000
1776986542.775,142.775,0.7,0.71,0.29,0.3,0.01,0.01,78125.39,1776986541000
1776986543.111,143.111,0.7,0.71,0.29,0.3,0.01,0.01,78125.25,1776986542000
1776986544.081,144.081,0.7,0.71,0.29,0.3,0.01,0.01,78125.25,1776986542000
1776986544.94,144.94,0.7,0.71,0.29,0.3,0.01,0.01,78124.67,1776986543000
1776986545.279,145.279,0.69,0.71,0.29,0.31,0.02,0.02,78124.67,1776986543000
1776986545.655,145.655,0.7,0.71,0.29,0.31,0.01,0.02,78124.14,1776986544000
1776986546.124,146.124,0.7,0.71,0.29,0.3,0.01,0.01,78124.24,1776986545000
1776986546.606,146.606,0.69,0.7,0.3,0.31,0.01,0.01,78124.24,1776986545000
1776986546.939,146.939,0.69,0.7,0.3,0.31,0.01,0.01,78124.24,1776986545000
1776986547.28,147.28,0.68,0.69,0.31,0.32,0.01,0.01,78124.24,1776986545000
1776986547.668,147.668,0.68,0.69,0.31,0.32,0.01,0.01,78123.59,1776986546000
1776986548.178,148.178,0.68,0.69,0.31,0.32,0.01,0.01,78123.37,1776986547000
1776986548.855,148.855,0.68,0.69,0.31,0.32,0.01,0.01,78123.37,1776986547000
1776986549.533,149.533,0.68,0.69,0.31,0.32,0.01,0.01,78123.37,1776986547000
1776986549.915,149.915,0.68,0.69,0.31,0.32,0.01,0.01,78120.42,1776986548000
1776986550.274,150.274,0.68,0.69,0.31,0.32,0.01,0.01,78121.39,1776986549000
1776986550.978,150.978,0.68,0.69,0.31,0.32,0.01,0.01,78120.42,1776986550000
1776986551.379,151.379,0.68,0.69,0.31,0.32,0.01,0.01,78120.42,1776986550000
1776986551.979,151.979,0.68,0.69,0.31,0.32,0.01,0.01,78119.23,1776986551000
1776986552.467,152.467,0.68,0.7,0.31,0.32,0.02,0.01,78119.23,1776986551000
1776986552.877,152.877,0.71,0.72,0.3,0.31,0.01,0.01,78119.23,1776986551000
1776986553.254,153.254,0.73,0.74,0.26,0.27,0.01,0.01,78119.23,1776986552000
1776986553.658,153.658,0.73,0.74,0.26,0.27,0.01,0.01,78119.23,1776986552000
1776986554.091,154.091,0.78,0.79,0.21,0.22,0.01,0.01,78119.87,1776986553000
1776986554.559,154.559,0.78,0.79,0.21,0.22,0.01,0.01,78119.87,1776986553000
1776986555.135,155.135,0.78,0.79,0.21,0.22,0.01,0.01,78119.87,1776986553000
1776986555.68,155.68,0.78,0.8,0.21,0.22,0.02,0.01,78122.17,1776986554000
1776986556.044,156.044,0.8,0.83,0.17,0.2,0.03,0.03,78127.23,1776986555000
1776986556.394,156.394,0.84,0.85,0.15,0.16,0.01,0.01,78127.23,1776986555000
1776986556.862,156.862,0.84,0.85,0.15,0.16,0.01,0.01,78127.23,1776986555000
1776986557.256,157.256,0.84,0.85,0.15,0.16,0.01,0.01,78128.33,1776986556000
1776986557.61,157.61,0.84,0.85,0.15,0.16,0.01,0.01,78128.33,1776986556000
1776986558.017,158.017,0.84,0.85,0.15,0.16,0.01,0.01,78128.33,1776986556000
1776986558.439,158.439,0.84,0.85,0.15,0.16,0.01,0.01,78133.67,1776986557000
1776986558.875,158.875,0.84,0.85,0.15,0.16,0.01,0.01,78133.67,1776986557000
1776986559.383,159.383,0.84,0.85,0.15,0.16,0.01,0.01,78135.07,1776986558000
1776986559.837,159.837,0.84,0.85,0.15,0.16,0.01,0.01,78135.07,1776986558000
1776986560.245,160.245,0.84,0.85,0.15,0.16,0.01,0.01,78134.29,1776986559000
1776986561.011,161.011,0.84,0.85,0.15,0.16,0.01,0.01,78134.28,1776986560000
1776986561.348,161.348,0.84,0.85,0.15,0.16,0.01,0.01,78134.28,1776986560000
1776986561.88,161.88,0.84,0.85,0.15,0.16,0.01,0.01,78134.28,1776986560000
1776986562.587,162.587,0.84,0.85,0.15,0.16,0.01,0.01,78134.42,1776986561000
1776986562.996,162.996,0.84,0.85,0.15,0.16,0.01,0.01,78134.42,1776986561000
1776986563.601,163.601,0.84,0.85,0.15,0.16,0.01,0.01,78133.78,1776986562000
1776986564.021,164.021,0.84,0.85,0.15,0.16,0.01,0.01,78133.78,1776986562000
1776986564.895,164.895,0.84,0.85,0.15,0.16,0.01,0.01,78134.37,1776986563000
1776986565.337,165.337,0.84,0.85,0.15,0.16,0.01,0.01,78134.37,1776986563000
1776986565.827,165.827,0.84,0.85,0.15,0.16,0.01,0.01,78134.25,1776986564000
1776986566.174,166.174,0.84,0.85,0.15,0.16,0.01,0.01,78134.25,1776986564000
1776986566.709,166.709,0.84,0.85,0.15,0.16,0.01,0.01,78134.7,1776986565000
1776986567.101,167.101,0.85,0.86,0.14,0.15,0.01,0.01,78134.7,1776986566000
1776986567.434,167.434,0.85,0.86,0.14,0.15,0.01,0.01,78134.7,1776986566000
1776986568.152,168.152,0.85,0.86,0.14,0.15,0.01,0.01,78134.34,1776986567000
1776986568.528,168.528,0.85,0.86,0.14,0.15,0.01,0.01,78134.34,1776986567000
1776986568.873,168.873,0.85,0.86,0.14,0.15,0.01,0.01,78134.34,1776986567000
1776986569.213,169.213,0.86,0.87,0.13,0.14,0.01,0.01,78134.34,1776986567000
1776986569.67,169.67,0.87,0.88,0.12,0.13,0.01,0.01,78139.43,1776986568000
1776986570.101,170.101,0.87,0.88,0.12,0.13,0.01,0.01,78139.43,1776986568000
1776986570.54,170.54,0.87,0.88,0.12,0.13,0.01,0.01,78139.43,1776986568000
1776986570.879,170.879,0.88,0.89,0.11,0.13,0.01,0.02,78139.82,1776986569000
1776986571.44,171.44,0.88,0.89,0.11,0.12,0.01,0.01,78139.65,1776986570000
1776986571.821,171.821,0.88,0.89,0.11,0.12,0.01,0.01,78139.65,1776986570000
1776986572.622,172.622,0.89,0.9,0.1,0.12,0.01,0.02,78139.73,1776986571000
1776986572.996,172.996,0.89,0.9,0.1,0.11,0.01,0.01,78139.73,1776986571000
1776986573.381,173.381,0.89,0.9,0.1,0.11,0.01,0.01,78140.15,1776986572000
1776986573.822,173.822,0.89,0.9,0.1,0.11,0.01,0.01,78140.15,1776986572000
1776986574.326,174.326,0.89,0.9,0.1,0.11,0.01,0.01,78141.03,1776986573000
1776986574.878,174.878,0.89,0.9,0.1,0.11,0.01,0.01,78141.03,1776986573000
1776986575.219,175.219,0.89,0.9,0.1,0.11,0.01,0.01,78141.03,1776986573000
1776986575.553,175.553,0.89,0.9,0.1,0.11,0.01,0.01,78142.66,1776986574000
1776986575.893,175.893,0.89,0.9,0.1,0.11,0.01,0.01,78142.66,1776986575000
1776986576.571,176.571,0.89,0.9,0.1,0.11,0.01,0.01,78142.66,1776986575000
1776986577.33,177.33,0.89,0.9,0.1,0.11,0.01,0.01,78142.66,1776986575000
1776986577.749,177.749,0.9,0.91,0.09,0.1,0.01,0.01,78142.68,1776986576000
1776986578.128,178.128,0.9,0.91,0.09,0.1,0.01,0.01,78142.68,1776986576000
1776986578.471,178.471,0.9,0.91,0.09,0.1,0.01,0.01,78142.65,1776986577000
1776986578.917,178.917,0.9,0.91,0.09,0.1,0.01,0.01,78142.65,1776986577000
1776986579.412,179.412,0.9,0.91,0.09,0.1,0.01,0.01,78142.65,1776986577000
1776986579.933,179.933,0.9,0.91,0.09,0.1,0.01,0.01,78142.65,1776986578000
1776986580.354,180.354,0.9,0.91,0.09,0.1,0.01,0.01,78142.65,1776986579000
1776986580.948,180.948,0.9,0.92,0.08,0.1,0.02,0.02,78142.65,1776986579000
1776986581.439,181.439,0.9,0.92,0.08,0.1,0.02,0.02,78142.76,1776986580000
1776986581.962,181.962,0.91,0.92,0.08,0.09,0.01,0.01,78142.76,1776986580000
1776986582.46,182.46,0.91,0.93,0.08,0.09,0.02,0.01,78145.71,1776986581000
1776986582.812,182.812,0.92,0.93,0.07,0.08,0.01,0.01,78145.71,1776986581000
1776986583.176,183.176,0.92,0.93,0.07,0.08,0.01,0.01,78145.71,1776986581000
1776986583.585,183.585,0.92,0.93,0.07,0.08,0.01,0.01,78145.78,1776986582000
1776986584.179,184.179,0.92,0.93,0.07,0.08,0.01,0.01,78145.78,1776986582000
1776986584.674,184.674,0.92,0.93,0.07,0.08,0.01,0.01,78145.78,1776986583000
1776986585.091,185.091,0.92,0.93,0.07,0.08,0.01,0.01,78146.36,1776986584000
1776986585.578,185.578,0.92,0.93,0.07,0.08,0.01,0.01,78146.36,1776986584000
1776986586.177,186.177,0.92,0.93,0.07,0.08,0.01,0.01,78146.36,1776986584000
1776986586.599,186.599,0.92,0.93,0.07,0.08,0.01,0.01,78146.36,1776986585000
1776986587.135,187.135,0.92,0.93,0.07,0.08,0.01,0.01,78146.36,1776986586000
1776986587.596,187.596,0.92,0.93,0.07,0.08,0.01,0.01,78146.36,1776986586000
1776986588.133,188.133,0.92,0.93,0.07,0.08,0.01,0.01,78146.36,1776986586000
1776986588.539,188.539,0.92,0.93,0.07,0.08,0.01,0.01,78146.36,1776986586000
1776986589.105,189.105,0.92,0.93,0.07,0.08,0.01,0.01,78146.98,1776986587000
1776986589.892,189.892,0.92,0.93,0.07,0.08,0.01,0.01,78146.81,1776986588000
1776986590.46,190.46,0.92,0.93,0.07,0.08,0.01,0.01,78146.81,1776986589000
1776986591.266,191.266,0.93,0.94,0.07,0.08,0.01,0.01,78146.81,1776986589000
1776986591.662,191.662,0.93,0.94,0.06,0.07,0.01,0.01,78146.81,1776986590000
1776986592.015,192.015,0.93,0.94,0.06,0.07,0.01,0.01,78146.81,1776986590000
1776986592.522,192.522,0.93,0.94,0.06,0.07,0.01,0.01,78147.0,1776986591000
1776986593.115,193.115,0.93,0.94,0.06,0.07,0.01,0.01,78147.0,1776986591000
1776986593.499,193.499,0.93,0.94,0.06,0.07,0.01,0.01,78147.37,1776986592000
1776986593.841,193.841,0.93,0.94,0.06,0.07,0.01,0.01,78147.37,1776986592000
1776986594.503,194.503,0.93,0.94,0.06,0.07,0.01,0.01,78147.37,1776986592000
1776986594.891,194.891,0.93,0.94,0.06,0.07,0.01,0.01,78149.52,1776986593000
1776986595.419,195.419,0.93,0.94,0.06,0.07,0.01,0.01,78150.9,1776986594000
1776986595.801,195.801,0.93,0.94,0.06,0.07,0.01,0.01,78150.9,1776986594000
1776986596.155,196.155,0.93,0.94,0.06,0.07,0.01,0.01,78150.52,1776986595000
1776986596.647,196.647,0.93,0.94,0.06,0.07,0.01,0.01,78150.52,1776986595000
1776986597.039,197.039,0.93,0.94,0.06,0.07,0.01,0.01,78151.24,1776986596000
1776986598.02,198.02,0.93,0.94,0.06,0.07,0.01,0.01,78151.24,1776986596000
1776986598.546,198.546,0.93,0.94,0.06,0.07,0.01,0.01,78151.69,1776986597000
1776986598.971,198.971,0.93,0.94,0.06,0.07,0.01,0.01,78151.71,1776986598000
1776986599.373,199.373,0.93,0.94,0.06,0.07,0.01,0.01,78151.71,1776986598000
1776986599.835,199.835,0.93,0.94,0.06,0.07,0.01,0.01,78151.71,1776986598000
1776986600.183,200.183,0.93,0.94,0.06,0.07,0.01,0.01,78151.69,1776986599000
1776986600.764,200.764,0.93,0.94,0.06,0.07,0.01,0.01,78151.69,1776986599000
1776986601.115,201.115,0.93,0.94,0.06,0.07,0.01,0.01,78151.69,1776986600000
1776986601.558,201.558,0.93,0.94,0.06,0.07,0.01,0.01,78151.69,1776986600000
1776986601.941,201.941,0.93,0.94,0.06,0.07,0.01,0.01,78152.43,1776986601000
1776986602.93,202.93,0.93,0.94,0.06,0.07,0.01,0.01,78152.59,1776986602000
1776986603.312,203.312,0.93,0.94,0.06,0.07,0.01,0.01,78152.59,1776986602000
1776986603.703,203.703,0.93,0.94,0.06,0.07,0.01,0.01,78152.59,1776986602000
1776986604.048,204.048,0.93,0.95,0.06,0.07,0.02,0.01,78152.59,1776986603000
1776986604.46,204.46,0.94,0.95,0.05,0.07,0.01,0.02,78152.59,1776986603000
1776986604.931,204.931,0.94,0.95,0.05,0.06,0.01,0.01,78152.59,1776986603000
1776986605.285,205.285,0.94,0.95,0.05,0.06,0.01,0.01,78152.6,1776986604000
1776986605.627,205.627,0.94,0.95,0.05,0.06,0.01,0.01,78152.6,1776986604000
1776986606.077,206.077,0.94,0.95,0.05,0.06,0.01,0.01,78152.71,1776986605000
1776986606.425,206.425,0.94,0.95,0.05,0.06,0.01,0.01,78152.71,1776986605000
1776986607.027,207.027,0.94,0.95,0.05,0.06,0.01,0.01,78152.77,1776986606000
1776986607.928,207.928,0.94,0.95,0.05,0.06,0.01,0.01,78152.77,1776986606000
1776986608.349,208.349,0.95,0.96,0.04,0.05,0.01,0.01,78153.48,1776986607000
1776986608.742,208.742,0.95,0.96,0.04,0.05,0.01,0.01,78153.48,1776986607000
1776986609.312,209.312,0.95,0.96,0.04,0.05,0.01,0.01,78154.7,1776986608000
1776986609.67,209.67,0.95,0.96,0.04,0.05,0.01,0.01,78154.7,1776986608000
1776986610.053,210.053,0.95,0.96,0.04,0.05,0.01,0.01,78154.7,1776986608000
1776986610.849,210.849,0.95,0.96,0.04,0.05,0.01,0.01,78155.12,1776986609000
1776986611.291,211.291,0.95,0.96,0.04,0.05,0.01,0.01,78155.12,1776986609000
1776986611.761,211.761,0.95,0.96,0.04,0.05,0.01,0.01,78161.25,1776986610000
1776986612.162,212.162,0.95,0.96,0.04,0.05,0.01,0.01,78161.25,1776986610000
1776986612.536,212.536,0.95,0.96,0.04,0.05,0.01,0.01,78162.39,1776986611000
1776986612.886,212.886,0.95,0.96,0.04,0.05,0.01,0.01,78162.92,1776986612000
1776986613.8,213.8,0.95,0.96,0.04,0.05,0.01,0.01,78162.92,1776986612000
1776986614.21,214.21,0.95,0.96,0.04,0.05,0.01,0.01,78173.62,1776986613000
1776986614.565,214.565,0.95,0.96,0.04,0.05,0.01,0.01,78173.62,1776986613000
1776986614.915,214.915,0.95,0.96,0.04,0.05,0.01,0.01,78173.62,1776986613000
1776986615.308,215.308,0.96,0.97,0.03,0.04,0.01,0.01,78171.71,1776986614000
1776986615.65,215.65,0.96,0.97,0.03,0.04,0.01,0.01,78171.71,1776986614000
1776986615.987,215.987,0.96,0.97,0.03,0.04,0.01,0.01,78171.71,1776986614000
1776986616.326,216.326,0.96,0.97,0.03,0.04,0.01,0.01,78169.72,1776986615000
1776986616.677,216.677,0.96,0.97,0.03,0.04,0.01,0.01,78169.72,1776986615000
1776986617.034,217.034,0.96,0.97,0.03,0.04,0.01,0.01,78169.72,1776986615000
1776986617.652,217.652,0.96,0.97,0.03,0.04,0.01,0.01,78169.88,1776986616000
1776986618.083,218.083,0.96,0.97,0.03,0.04,0.01,0.01,78169.88,1776986616000
1776986618.568,218.568,0.97,0.98,0.02,0.04,0.01,0.02,78169.36,1776986617000
1776986618.928,218.928,0.97,0.98,0.02,0.03,0.01,0.01,78169.36,1776986618000
1776986619.278,219.278,0.97,0.98,0.02,0.03,0.01,0.01,78169.36,1776986618000
1776986620.098,220.098,0.97,0.98,0.02,0.03,0.01,0.01,78169.87,1776986619000
1776986620.529,220.529,0.97,0.98,0.02,0.03,0.01,0.01,78169.87,1776986619000
1776986620.877,220.877,0.97,0.98,0.02,0.03,0.01,0.01,78169.87,1776986619000
1776986621.245,221.245,0.97,0.98,0.02,0.03,0.01,0.01,78169.39,1776986620000
1776986621.648,221.648,0.97,0.98,0.02,0.03,0.01,0.01,78169.39,1776986620000
1776986622.244,222.244,0.97,0.98,0.02,0.03,0.01,0.01,78169.39,1776986620000
1776986622.656,222.656,0.97,0.98,0.02,0.03,0.01,0.01,78169.39,1776986620000
1776986623.147,223.147,0.97,0.98,0.02,0.03,0.01,0.01,78169.36,1776986621000
1776986623.523,223.523,0.97,0.98,0.02,0.03,0.01,0.01,78169.86,1776986622000
1776986623.886,223.886,0.96,0.97,0.03,0.04,0.01,0.01,78169.86,1776986622000
1776986624.231,224.231,0.96,0.97,0.03,0.04,0.01,0.01,78169.87,1776986623000
1776986624.582,224.582,0.95,0.96,0.04,0.05,0.01,0.01,78169.87,1776986623000
1776986625.071,225.071,0.95,0.96,0.04,0.05,0.01,0.01,78169.87,1776986623000
1776986625.532,225.532,0.95,0.96,0.04,0.05,0.01,0.01,78159.46,1776986624000
1776986626.266,226.266,0.95,0.97,0.03,0.05,0.02,0.02,78153.1,1776986625000
1776986627.289,227.289,0.95,0.97,0.03,0.05,0.02,0.02,78152.32,1776986626000
1776986627.681,227.681,0.96,0.97,0.03,0.04,0.01,0.01,78152.32,1776986626000
1776986628.085,228.085,0.96,0.97,0.03,0.04,0.01,0.01,78152.32,1776986626000
1776986628.554,228.554,0.96,0.97,0.03,0.04,0.01,0.01,78152.85,1776986627000
1776986629.149,229.149,0.96,0.97,0.03,0.04,0.01,0.01,78152.85,1776986627000
1776986629.529,229.529,0.96,0.97,0.03,0.04,0.01,0.01,78153.82,1776986628000
1776986629.961,229.961,0.96,0.97,0.03,0.04,0.01,0.01,78153.82,1776986628000
1776986630.342,230.342,0.96,0.97,0.03,0.04,0.01,0.01,78154.76,1776986629000
1776986630.924,230.924,0.96,0.97,0.03,0.04,0.01,0.01,78154.94,1776986630000
1776986631.402,231.402,0.96,0.97,0.03,0.04,0.01,0.01,78154.94,1776986630000
1776986631.746,231.746,0.96,0.97,0.03,0.04,0.01,0.01,78154.94,1776986630000
1776986632.264,232.264,0.96,0.97,0.03,0.04,0.01,0.01,78154.66,1776986631000
1776986632.699,232.699,0.96,0.97,0.03,0.04,0.01,0.01,78154.66,1776986631000
1776986633.272,233.272,0.96,0.97,0.03,0.04,0.01,0.01,78154.66,1776986632000
1776986633.821,233.821,0.96,0.97,0.03,0.04,0.01,0.01,78154.66,1776986632000
1776986634.291,234.291,0.96,0.97,0.03,0.04,0.01,0.01,78154.66,1776986632000
1776986634.977,234.977,0.96,0.97,0.03,0.04,0.01,0.01,78154.89,1776986634000
1776986635.684,235.684,0.96,0.97,0.03,0.04,0.01,0.01,78154.89,1776986634000
1776986636.098,236.098,0.96,0.97,0.03,0.04,0.01,0.01,78154.72,1776986635000
1776986637.002,237.002,0.96,0.97,0.03,0.04,0.01,0.01,78154.72,1776986635000
1776986637.444,237.444,0.96,0.97,0.03,0.04,0.01,0.01,78154.72,1776986636000
1776986637.879,237.879,0.96,0.97,0.03,0.04,0.01,0.01,78154.72,1776986636000
1776986638.275,238.275,0.96,0.97,0.03,0.04,0.01,0.01,78154.72,1776986637000
1776986638.937,238.937,0.96,0.97,0.03,0.04,0.01,0.01,78154.73,1776986638000
1776986639.447,239.447,0.96,0.97,0.03,0.04,0.01,0.01,78154.73,1776986638000
1776986639.846,239.846,0.96,0.97,0.03,0.04,0.01,0.01,78155.25,1776986639000
1776986640.412,240.412,0.96,0.98,0.03,0.04,0.02,0.01,78155.25,1776986639000
1776986640.791,240.791,0.97,0.98,0.02,0.03,0.01,0.01,78155.25,1776986640000
1776986641.236,241.236,0.97,0.98,0.02,0.03,0.01,0.01,78155.25,1776986640000
1776986641.821,241.821,0.97,0.98,0.02,0.03,0.01,0.01,78154.0,1776986641000
1776986642.16,242.16,0.97,0.98,0.02,0.03,0.01,0.01,78154.0,1776986641000
1776986642.543,242.543,0.97,0.98,0.02,0.03,0.01,0.01,78154.0,1776986641000
1776986643.219,243.219,0.97,0.98,0.02,0.03,0.01,0.01,78154.0,1776986641000
1776986643.627,243.627,0.97,0.98,0.02,0.03,0.01,0.01,78152.69,1776986642000
1776986644.122,244.122,0.97,0.98,0.02,0.03,0.01,0.01,78152.18,1776986643000
1776986644.581,244.581,0.97,0.98,0.02,0.03,0.01,0.01,78152.18,1776986643000
1776986644.948,244.948,0.97,0.98,0.02,0.03,0.01,0.01,78152.18,1776986643000
1776986645.506,245.506,0.97,0.98,0.02,0.03,0.01,0.01,78151.35,1776986644000
1776986645.883,245.883,0.97,0.98,0.02,0.03,0.01,0.01,78151.35,1776986644000
1776986646.245,246.245,0.97,0.98,0.02,0.03,0.01,0.01,78151.05,1776986645000
1776986646.648,246.648,0.97,0.98,0.02,0.03,0.01,0.01,78151.05,1776986645000
1776986647.063,247.063,0.97,0.98,0.02,0.03,0.01,0.01,78151.05,1776986646000
1776986647.53,247.53,0.97,0.98,0.02,0.03,0.01,0.01,78151.05,1776986646000
1776986647.94,247.94,0.97,0.98,0.02,0.03,0.01,0.01,78151.05,1776986646000
1776986648.545,248.545,0.97,0.98,0.02,0.03,0.01,0.01,78151.05,1776986647000
1776986648.952,248.952,0.97,0.98,0.02,0.03,0.01,0.01,78151.42,1776986648000
1776986649.674,249.674,0.97,0.98,0.02,0.03,0.01,0.01,78151.42,1776986648000
1776986650.423,250.423,0.97,0.98,0.02,0.03,0.01,0.01,78153.78,1776986649000
1776986650.872,250.872,0.97,0.98,0.02,0.03,0.01,0.01,78154.85,1776986650000
1776986651.247,251.247,0.97,0.98,0.02,0.03,0.01,0.01,78154.85,1776986650000
1776986651.623,251.623,0.97,0.98,0.02,0.03,0.01,0.01,78154.85,1776986650000
1776986652.022,252.022,0.97,0.98,0.02,0.03,0.01,0.01,78155.35,1776986651000
1776986652.414,252.414,0.98,0.99,0.01,0.03,0.01,0.02,78155.35,1776986651000
1776986653.089,253.089,0.98,0.99,0.01,0.02,0.01,0.01,78155.35,1776986651000
1776986653.445,253.445,0.98,0.99,0.01,0.02,0.01,0.01,78155.35,1776986651000
1776986653.825,253.825,0.98,0.99,0.01,0.02,0.01,0.01,78155.26,1776986652000
1776986654.228,254.228,0.98,0.99,0.01,0.02,0.01,0.01,78155.26,1776986653000
1776986654.578,254.578,0.98,0.99,0.01,0.02,0.01,0.01,78155.26,1776986653000
1776986655.015,255.015,0.98,0.99,0.01,0.02,0.01,0.01,78155.26,1776986653000
1776986655.354,255.354,0.98,0.99,0.01,0.02,0.01,0.01,78155.26,1776986654000
1776986655.743,255.743,0.98,0.99,0.01,0.02,0.01,0.01,78155.26,1776986654000
1776986656.226,256.226,0.98,0.99,0.01,0.02,0.01,0.01,78155.27,1776986655000
1776986657.077,257.077,0.98,0.99,0.01,0.02,0.01,0.01,78155.27,1776986655000
1776986657.499,257.499,0.98,0.99,0.01,0.02,0.01,0.01,78155.27,1776986655000
1776986657.94,257.94,0.98,0.99,0.01,0.02,0.01,0.01,78154.87,1776986656000
1776986658.337,258.337,0.98,0.99,0.01,0.02,0.01,0.01,78154.87,1776986657000
1776986658.72,258.72,0.98,0.99,0.01,0.02,0.01,0.01,78154.87,1776986657000
1776986659.1,259.1,0.98,0.99,0.01,0.02,0.01,0.01,78154.87,1776986657000
1776986660.311,260.311,0.98,0.99,0.01,0.02,0.01,0.01,78154.87,1776986658000
1776986660.92,260.92,0.98,0.99,0.01,0.02,0.01,0.01,78154.87,1776986659000
1776986661.493,261.493,0.98,0.99,0.01,0.02,0.01,0.01,78154.87,1776986660000
1776986662.0,262.0,0.98,0.99,0.01,0.02,0.01,0.01,78154.79,1776986661000
1776986662.486,262.486,0.98,0.99,0.01,0.02,0.01,0.01,78154.79,1776986661000
1776986663.009,263.009,0.98,0.99,0.01,0.02,0.01,0.01,78154.35,1776986662000
1776986663.588,263.588,0.98,0.99,0.01,0.02,0.01,0.01,78154.35,1776986662000
1776986664.507,264.507,0.98,0.99,0.01,0.02,0.01,0.01,78154.35,1776986662000
1776986665.25,265.25,0.98,0.99,0.01,0.02,0.01,0.01,78154.35,1776986663000
1776986665.596,265.596,0.98,0.99,0.01,0.02,0.01,0.01,78155.2,1776986664000
1776986666.295,266.295,0.98,0.99,0.01,0.02,0.01,0.01,78155.2,1776986664000
1776986666.921,266.921,0.98,0.99,0.01,0.02,0.01,0.01,78155.21,1776986665000
1776986667.501,267.501,0.98,0.99,0.01,0.02,0.01,0.01,78155.41,1776986666000
1776986668.114,268.114,0.98,0.99,0.01,0.02,0.01,0.01,78155.41,1776986666000
1776986668.658,268.658,0.98,0.99,0.01,0.02,0.01,0.01,78155.49,1776986667000
1776986669.037,269.037,0.98,0.99,0.01,0.02,0.01,0.01,78155.49,1776986667000
1776986669.627,269.627,0.98,0.99,0.01,0.02,0.01,0.01,78155.63,1776986668000
1776986670.186,270.186,0.98,0.99,0.01,0.02,0.01,0.01,78155.63,1776986668000
1776986670.559,270.559,0.98,0.99,0.01,0.02,0.01,0.01,78155.63,1776986668000
1776986670.976,270.976,0.98,0.99,0.01,0.02,0.01,0.01,78155.47,1776986669000
1776986671.354,271.354,0.98,0.99,0.01,0.02,0.01,0.01,78155.47,1776986669000
1776986671.778,271.778,0.98,0.99,0.01,0.02,0.01,0.01,78155.47,1776986670000
1776986672.157,272.157,0.98,0.99,0.01,0.02,0.01,0.01,78155.46,1776986671000
1776986672.655,272.655,0.98,0.99,0.01,0.02,0.01,0.01,78155.46,1776986671000
1776986673.569,273.569,0.98,0.99,0.01,0.02,0.01,0.01,78155.46,1776986671000
1776986673.965,273.965,0.98,0.99,0.01,0.02,0.01,0.01,78155.95,1776986672000
1776986674.416,274.416,0.98,0.99,0.01,0.02,0.01,0.01,78155.95,1776986673000
1776986674.854,274.854,0.98,0.99,0.01,0.02,0.01,0.01,78155.95,1776986673000
1776986675.981,275.981,0.98,0.99,0.01,0.02,0.01,0.01,78155.26,1776986674000
1776986676.348,276.348,0.98,0.99,0.01,0.02,0.01,0.01,78153.88,1776986675000
1776986676.728,276.728,0.98,0.99,0.01,0.02,0.01,0.01,78153.88,1776986675000
1776986677.066,277.066,0.98,0.99,0.01,0.02,0.01,0.01,78155.97,1776986676000
1776986677.515,277.515,0.98,0.99,0.01,0.02,0.01,0.01,78155.97,1776986676000
1776986677.922,277.922,0.98,0.99,0.01,0.02,0.01,0.01,78155.97,1776986676000
1776986678.456,278.456,0.98,0.99,0.01,0.02,0.01,0.01,78155.99,1776986677000
1776986678.889,278.889,0.98,0.99,0.01,0.02,0.01,0.01,78155.99,1776986677000
1776986679.237,279.237,0.98,0.99,0.01,0.02,0.01,0.01,78155.99,1776986678000
1776986679.673,279.673,0.98,0.99,0.01,0.02,0.01,0.01,78155.99,1776986678000
1776986680.144,280.144,0.98,0.99,0.01,0.02,0.01,0.01,78155.99,1776986678000
1776986680.57,280.57,0.98,0.99,0.01,0.02,0.01,0.01,78155.99,1776986678000
1776986680.907,280.907,0.98,0.99,0.01,0.02,0.01,0.01,78155.97,1776986679000
1776986681.267,281.267,0.98,0.99,0.01,0.02,0.01,0.01,78155.97,1776986680000
1776986681.725,281.725,0.99,0.99,0.01,0.01,0.0,0.0,78155.97,1776986680000
1776986682.14,282.14,0.99,0.99,0.01,0.01,0.0,0.0,78155.97,1776986680000
1776986682.656,282.656,0.99,0.99,0.01,0.01,0.0,0.0,78155.97,1776986680000
1776986683.206,283.206,0.99,0.99,0.01,0.01,0.0,0.0,78155.97,1776986680000
1776986684.434,284.434,0.99,0.99,0.01,0.01,0.0,0.0,78155.91,1776986683000
1776986685.012,285.012,0.99,0.99,0.01,0.01,0.0,0.0,78155.96,1776986684000
1776986685.399,285.399,0.99,0.99,0.01,0.01,0.0,0.0,78155.96,1776986684000
1776986685.766,285.766,0.99,0.99,0.01,0.01,0.0,0.0,78155.96,1776986684000
1776986686.131,286.131,0.99,0.99,0.01,0.01,0.0,0.0,78155.81,1776986685000
1776986686.527,286.527,0.99,0.99,0.01,0.01,0.0,0.0,78155.81,1776986685000
1776986687.205,287.205,0.99,0.99,0.01,0.01,0.0,0.0,78155.82,1776986686000
1776986687.765,287.765,0.99,0.99,0.01,0.01,0.0,0.0,78155.82,1776986686000
1776986688.353,288.353,0.99,0.99,0.01,0.01,0.0,0.0,78155.84,1776986687000
1776986688.936,288.936,0.99,0.99,0.01,0.01,0.0,0.0,78155.72,1776986688000
1776986690.331,290.331,0.99,0.99,0.01,0.01,0.0,0.0,78155.72,1776986689000
1776986691.154,291.154,0.99,0.99,0.01,0.01,0.0,0.0,78155.08,1776986690000
1776986692.235,292.235,0.99,0.99,0.01,0.01,0.0,0.0,78155.85,1776986691000
1776986693.36,293.36,0.99,0.99,0.01,0.01,0.0,0.0,78155.86,1776986692000
1776986694.021,294.021,0.99,0.99,0.01,0.01,0.0,0.0,78155.85,1776986693000
1776986695.447,295.447,0.99,0.99,0.01,0.01,0.0,0.0,78155.96,1776986694000
1776986696.167,296.167,0.99,0.99,0.01,0.01,0.0,0.0,78156.01,1776986695000
1776986697.492,297.492,0.99,0.99,0.01,0.01,0.0,0.0,78156.01,1776986695000
1776986698.815,298.815,0.99,0.99,0.01,0.01,0.0,0.0,78155.96,1776986697000
1776986699.303,299.303,0.99,0.99,0.01,0.01,0.0,0.0,78155.96,1776986698000
1776986700.367,300.367,0.99,0.99,0.01,0.01,0.0,0.0,78155.96,1776986698000
1776986700.709,300.709,0.99,0.99,0.01,0.01,0.0,0.0,78155.39,1776986699000
1776986701.066,301.066,0.99,0.99,0.01,0.01,0.0,0.0,78155.39,1776986700000

# RESULT,winner=Up,slug=btc-updown-5m-1776986400,ticks=623
