timestamp,elapsed_sec,up_bid,up_ask,down_bid,down_ask,up_spread,down_spread,btc_price,btc_oracle_ts
1776795000.58,0.58,0.51,0.52,0.48,0.49,0.01,0.01,75609.25,1776794998000
1776795000.949,0.949,0.48,0.49,0.51,0.52,0.01,0.01,75609.08,1776794999000
1776795001.313,1.313,0.47,0.49,0.51,0.53,0.02,0.02,75609.08,1776794999000
1776795001.746,1.746,0.46,0.47,0.51,0.54,0.01,0.03,75609.08,1776794999000
1776795002.142,2.142,0.46,0.47,0.53,0.54,0.01,0.01,75606.65,1776795000000
1776795002.587,2.587,0.46,0.47,0.53,0.54,0.01,0.01,75606.65,1776795000000
1776795003.088,3.088,0.46,0.47,0.53,0.54,0.01,0.01,75606.65,1776795000000
1776795003.431,3.431,0.46,0.47,0.53,0.54,0.01,0.01,75603.37,1776795001000
1776795003.768,3.768,0.46,0.47,0.53,0.54,0.01,0.01,75603.37,1776795001000
1776795004.324,4.324,0.46,0.47,0.53,0.54,0.01,0.01,75599.5,1776795002000
1776795004.92,4.92,0.46,0.47,0.53,0.54,0.01,0.01,75599.5,1776795002000
1776795005.266,5.266,0.49,0.5,0.5,0.51,0.01,0.01,75598.11,1776795003000
1776795005.691,5.691,0.49,0.5,0.5,0.51,0.01,0.01,75598.11,1776795003000
1776795006.105,6.105,0.51,0.52,0.48,0.49,0.01,0.01,75597.18,1776795004000
1776795006.443,6.443,0.51,0.52,0.48,0.49,0.01,0.01,75597.18,1776795004000
1776795006.82,6.82,0.51,0.52,0.48,0.49,0.01,0.01,75597.18,1776795004000
1776795007.17,7.17,0.47,0.49,0.5,0.52,0.02,0.02,75601.88,1776795005000
1776795008.094,8.094,0.47,0.48,0.52,0.53,0.01,0.01,75601.88,1776795005000
1776795008.495,8.495,0.47,0.48,0.52,0.53,0.01,0.01,75604.11,1776795006000
1776795008.861,8.861,0.47,0.49,0.52,0.53,0.02,0.01,75607.35,1776795007000
1776795009.505,9.505,0.48,0.5,0.51,0.52,0.02,0.01,75607.35,1776795007000
1776795010.139,10.139,0.5,0.51,0.49,0.5,0.01,0.01,75604.01,1776795009000
1776795010.554,10.554,0.5,0.51,0.49,0.5,0.01,0.01,75604.01,1776795009000
1776795010.952,10.952,0.51,0.52,0.48,0.49,0.01,0.01,75604.01,1776795009000
1776795011.327,11.327,0.51,0.52,0.48,0.49,0.01,0.01,75604.01,1776795009000
1776795011.893,11.893,0.5,0.51,0.48,0.5,0.01,0.02,75604.81,1776795010000
1776795012.563,12.563,0.5,0.51,0.49,0.5,0.01,0.01,75605.28,1776795011000
1776795012.983,12.983,0.5,0.51,0.49,0.5,0.01,0.01,75605.28,1776795011000
1776795013.355,13.355,0.49,0.51,0.49,0.5,0.02,0.01,75605.28,1776795011000
1776795013.722,13.722,0.49,0.5,0.5,0.51,0.01,0.01,75605.28,1776795011000
1776795014.06,14.06,0.49,0.5,0.5,0.51,0.01,0.01,75606.33,1776795012000
1776795014.451,14.451,0.49,0.5,0.5,0.51,0.01,0.01,75606.33,1776795012000
1776795014.981,14.981,0.49,0.5,0.5,0.51,0.01,0.01,75604.59,1776795013000
1776795015.328,15.328,0.48,0.49,0.51,0.52,0.01,0.01,75604.16,1776795014000
1776795015.741,15.741,0.48,0.49,0.51,0.52,0.01,0.01,75604.16,1776795014000
1776795016.368,16.368,0.48,0.49,0.51,0.52,0.01,0.01,75604.16,1776795014000
1776795016.777,16.777,0.48,0.49,0.51,0.52,0.01,0.01,75603.95,1776795015000
1776795017.734,17.734,0.47,0.49,0.51,0.53,0.02,0.02,75602.12,1776795016000
1776795018.068,18.068,0.47,0.48,0.52,0.53,0.01,0.01,75602.12,1776795016000
1776795018.413,18.413,0.46,0.47,0.52,0.54,0.01,0.02,75602.12,1776795016000
1776795018.807,18.807,0.46,0.47,0.53,0.54,0.01,0.01,75600.41,1776795017000
1776795019.194,19.194,0.46,0.47,0.53,0.54,0.01,0.01,75598.98,1776795018000
1776795020.264,20.264,0.46,0.47,0.53,0.54,0.01,0.01,75598.98,1776795018000
1776795020.909,20.909,0.45,0.46,0.53,0.55,0.01,0.02,75598.98,1776795018000
1776795021.245,21.245,0.42,0.43,0.56,0.58,0.01,0.02,75598.87,1776795019000
1776795021.636,21.636,0.42,0.43,0.57,0.59,0.01,0.02,75598.87,1776795019000
1776795022.018,22.018,0.41,0.42,0.58,0.59,0.01,0.01,75598.87,1776795019000
1776795022.46,22.46,0.41,0.42,0.58,0.59,0.01,0.01,75598.84,1776795020000
1776795022.798,22.798,0.39,0.42,0.58,0.62,0.03,0.04,75598.85,1776795021000
1776795023.138,23.138,0.38,0.4,0.6,0.62,0.02,0.02,75598.85,1776795021000
1776795023.479,23.479,0.36,0.4,0.6,0.64,0.04,0.04,75598.85,1776795021000
1776795023.824,23.824,0.37,0.38,0.62,0.63,0.01,0.01,75598.85,1776795021000
1776795024.163,24.163,0.37,0.38,0.62,0.63,0.01,0.01,75591.14,1776795022000
1776795024.502,24.502,0.37,0.38,0.62,0.63,0.01,0.01,75591.14,1776795022000
1776795024.896,24.896,0.37,0.38,0.62,0.63,0.01,0.01,75589.85,1776795023000
1776795025.242,25.242,0.37,0.38,0.62,0.63,0.01,0.01,75589.85,1776795023000
1776795025.773,25.773,0.37,0.38,0.62,0.63,0.01,0.01,75581.69,1776795024000
1776795026.194,26.194,0.37,0.38,0.62,0.63,0.01,0.01,75580.23,1776795025000
1776795026.535,26.535,0.39,0.4,0.6,0.61,0.01,0.01,75580.23,1776795025000
1776795026.872,26.872,0.41,0.42,0.58,0.6,0.01,0.02,75580.23,1776795025000
1776795027.261,27.261,0.41,0.42,0.58,0.59,0.01,0.01,75580.02,1776795026000
1776795027.661,27.661,0.44,0.45,0.55,0.56,0.01,0.01,75580.02,1776795026000
1776795028.002,28.002,0.44,0.45,0.55,0.56,0.01,0.01,75580.02,1776795026000
1776795028.336,28.336,0.44,0.45,0.55,0.56,0.01,0.01,75584.89,1776795027000
1776795028.857,28.857,0.42,0.43,0.57,0.58,0.01,0.01,75584.89,1776795027000
1776795029.333,29.333,0.42,0.43,0.57,0.58,0.01,0.01,75591.45,1776795028000
1776795029.767,29.767,0.41,0.42,0.57,0.58,0.01,0.01,75591.45,1776795028000
1776795030.116,30.116,0.41,0.42,0.58,0.59,0.01,0.01,75591.45,1776795028000
1776795030.57,30.57,0.41,0.42,0.58,0.59,0.01,0.01,75591.6,1776795029000
1776795030.958,30.958,0.41,0.42,0.58,0.59,0.01,0.01,75591.7,1776795030000
1776795031.325,31.325,0.38,0.39,0.61,0.63,0.01,0.02,75591.7,1776795030000
1776795031.672,31.672,0.36,0.38,0.62,0.63,0.02,0.01,75591.7,1776795030000
1776795032.025,32.025,0.36,0.37,0.63,0.64,0.01,0.01,75588.43,1776795031000
1776795032.399,32.399,0.36,0.37,0.63,0.64,0.01,0.01,75588.43,1776795031000
1776795032.899,32.899,0.36,0.37,0.63,0.64,0.01,0.01,75588.43,1776795031000
1776795033.319,33.319,0.36,0.37,0.63,0.64,0.01,0.01,75584.08,1776795032000
1776795033.834,33.834,0.36,0.37,0.63,0.64,0.01,0.01,75584.08,1776795032000
1776795034.246,34.246,0.35,0.37,0.63,0.65,0.02,0.02,75583.77,1776795033000
1776795034.748,34.748,0.35,0.36,0.64,0.65,0.01,0.01,75583.77,1776795033000
1776795035.266,35.266,0.35,0.36,0.64,0.65,0.01,0.01,75581.04,1776795034000
1776795035.681,35.681,0.35,0.36,0.64,0.65,0.01,0.01,75581.04,1776795034000
1776795036.121,36.121,0.35,0.36,0.64,0.65,0.01,0.01,75581.04,1776795034000
1776795036.502,36.502,0.35,0.36,0.64,0.65,0.01,0.01,75574.99,1776795035000
1776795036.855,36.855,0.35,0.36,0.63,0.65,0.01,0.02,75574.99,1776795035000
1776795037.193,37.193,0.35,0.36,0.64,0.65,0.01,0.01,75574.99,1776795035000
1776795037.535,37.535,0.34,0.35,0.64,0.66,0.01,0.02,75571.32,1776795036000
1776795037.994,37.994,0.34,0.35,0.65,0.66,0.01,0.01,75569.75,1776795037000
1776795038.357,38.357,0.36,0.37,0.65,0.66,0.01,0.01,75569.75,1776795037000
1776795038.715,38.715,0.36,0.37,0.63,0.64,0.01,0.01,75569.75,1776795037000
1776795039.073,39.073,0.36,0.37,0.63,0.64,0.01,0.01,75569.75,1776795037000
1776795039.41,39.41,0.36,0.37,0.63,0.64,0.01,0.01,75567.22,1776795038000
1776795039.846,39.846,0.36,0.37,0.63,0.64,0.01,0.01,75567.22,1776795038000
1776795040.18,40.18,0.36,0.37,0.63,0.64,0.01,0.01,75564.94,1776795039000
1776795040.586,40.586,0.36,0.37,0.63,0.64,0.01,0.01,75564.94,1776795039000
1776795041.03,41.03,0.36,0.37,0.63,0.64,0.01,0.01,75564.94,1776795039000
1776795041.477,41.477,0.36,0.37,0.63,0.64,0.01,0.01,75569.26,1776795040000
1776795041.871,41.871,0.36,0.37,0.63,0.64,0.01,0.01,75569.26,1776795040000
1776795042.205,42.205,0.36,0.37,0.63,0.64,0.01,0.01,75569.26,1776795040000
1776795042.542,42.542,0.36,0.37,0.63,0.64,0.01,0.01,75569.26,1776795040000
1776795042.9,42.9,0.36,0.37,0.63,0.64,0.01,0.01,75569.26,1776795040000
1776795043.249,43.249,0.36,0.37,0.63,0.64,0.01,0.01,75571.74,1776795041000
1776795043.653,43.653,0.34,0.35,0.65,0.66,0.01,0.01,75571.74,1776795041000
1776795044.043,44.043,0.34,0.35,0.65,0.66,0.01,0.01,75571.74,1776795041000
1776795044.574,44.574,0.34,0.35,0.65,0.66,0.01,0.01,75571.08,1776795043000
1776795044.97,44.97,0.34,0.35,0.65,0.66,0.01,0.01,75571.08,1776795043000
1776795045.42,45.42,0.34,0.35,0.65,0.66,0.01,0.01,75570.05,1776795044000
1776795046.007,46.007,0.31,0.33,0.67,0.68,0.02,0.01,75570.05,1776795044000
1776795046.372,46.372,0.3,0.31,0.69,0.7,0.01,0.01,75570.05,1776795044000
1776795046.883,46.883,0.3,0.31,0.69,0.7,0.01,0.01,75570.05,1776795044000
1776795047.248,47.248,0.3,0.31,0.69,0.7,0.01,0.01,75569.04,1776795045000
1776795047.588,47.588,0.29,0.3,0.7,0.71,0.01,0.01,75569.04,1776795045000
1776795048.02,48.02,0.29,0.3,0.7,0.71,0.01,0.01,75567.03,1776795046000
1776795048.368,48.368,0.29,0.3,0.7,0.71,0.01,0.01,75567.03,1776795046000
1776795048.723,48.723,0.28,0.29,0.71,0.72,0.01,0.01,75563.14,1776795047000
1776795049.122,49.122,0.28,0.29,0.71,0.72,0.01,0.01,75563.14,1776795047000
1776795049.735,49.735,0.27,0.28,0.72,0.73,0.01,0.01,75560.01,1776795048000
1776795050.111,50.111,0.26,0.27,0.73,0.74,0.01,0.01,75560.01,1776795048000
1776795050.449,50.449,0.26,0.27,0.73,0.74,0.01,0.01,75560.01,1776795048000
1776795050.847,50.847,0.26,0.27,0.73,0.74,0.01,0.01,75555.88,1776795049000
1776795051.379,51.379,0.26,0.28,0.73,0.74,0.02,0.01,75555.88,1776795049000
1776795051.769,51.769,0.27,0.28,0.72,0.73,0.01,0.01,75554.87,1776795050000
1776795052.13,52.13,0.27,0.28,0.72,0.73,0.01,0.01,75554.87,1776795050000
1776795052.537,52.537,0.27,0.28,0.72,0.73,0.01,0.01,75553.93,1776795051000
1776795052.953,52.953,0.27,0.28,0.72,0.73,0.01,0.01,75553.93,1776795051000
1776795053.361,53.361,0.27,0.28,0.72,0.73,0.01,0.01,75553.93,1776795051000
1776795053.792,53.792,0.27,0.28,0.72,0.73,0.01,0.01,75553.93,1776795051000
1776795054.32,54.32,0.27,0.28,0.72,0.73,0.01,0.01,75553.63,1776795052000
1776795054.722,54.722,0.27,0.28,0.72,0.73,0.01,0.01,75554.78,1776795053000
1776795055.151,55.151,0.27,0.28,0.72,0.73,0.01,0.01,75554.78,1776795053000
1776795055.866,55.866,0.27,0.28,0.72,0.73,0.01,0.01,75554.78,1776795054000
1776795056.25,56.25,0.27,0.28,0.72,0.73,0.01,0.01,75554.78,1776795054000
1776795056.68,56.68,0.27,0.28,0.72,0.73,0.01,0.01,75554.81,1776795055000
1776795057.492,57.492,0.28,0.29,0.71,0.72,0.01,0.01,75555.14,1776795056000
1776795057.826,57.826,0.28,0.3,0.71,0.72,0.02,0.01,75555.14,1776795056000
1776795058.188,58.188,0.29,0.3,0.7,0.71,0.01,0.01,75555.14,1776795056000
1776795059.056,59.056,0.29,0.3,0.7,0.71,0.01,0.01,75555.14,1776795057000
1776795059.459,59.459,0.29,0.3,0.69,0.71,0.01,0.02,75555.14,1776795057000
1776795059.8,59.8,0.29,0.3,0.7,0.71,0.01,0.01,75556.98,1776795058000
1776795060.133,60.133,0.29,0.3,0.7,0.71,0.01,0.01,75556.98,1776795058000
1776795060.478,60.478,0.29,0.3,0.7,0.71,0.01,0.01,75556.98,1776795058000
1776795060.862,60.862,0.29,0.3,0.7,0.71,0.01,0.01,75557.19,1776795059000
1776795061.248,61.248,0.29,0.3,0.7,0.71,0.01,0.01,75557.28,1776795060000
1776795061.585,61.585,0.28,0.29,0.71,0.72,0.01,0.01,75557.28,1776795060000
1776795062.034,62.034,0.27,0.28,0.72,0.73,0.01,0.01,75557.28,1776795060000
1776795062.396,62.396,0.27,0.28,0.72,0.73,0.01,0.01,75557.48,1776795061000
1776795062.914,62.914,0.27,0.28,0.72,0.73,0.01,0.01,75557.48,1776795061000
1776795063.29,63.29,0.27,0.28,0.72,0.73,0.01,0.01,75556.89,1776795062000
1776795063.646,63.646,0.27,0.29,0.71,0.73,0.02,0.02,75556.89,1776795062000
1776795064.003,64.003,0.3,0.31,0.69,0.7,0.01,0.01,75556.89,1776795062000
1776795064.427,64.427,0.3,0.31,0.69,0.7,0.01,0.01,75556.61,1776795063000
1776795064.808,64.808,0.28,0.29,0.69,0.7,0.01,0.01,75556.61,1776795063000
1776795065.188,65.188,0.28,0.29,0.71,0.72,0.01,0.01,75557.94,1776795064000
1776795065.555,65.555,0.28,0.29,0.71,0.72,0.01,0.01,75557.94,1776795064000
1776795065.895,65.895,0.28,0.29,0.71,0.72,0.01,0.01,75557.94,1776795064000
1776795066.258,66.258,0.28,0.29,0.71,0.72,0.01,0.01,75557.94,1776795064000
1776795066.683,66.683,0.28,0.29,0.71,0.72,0.01,0.01,75559.94,1776795065000
1776795067.088,67.088,0.28,0.29,0.71,0.72,0.01,0.01,75559.94,1776795065000
1776795067.451,67.451,0.28,0.29,0.71,0.72,0.01,0.01,75560.75,1776795066000
1776795067.876,67.876,0.28,0.29,0.71,0.72,0.01,0.01,75560.75,1776795066000
1776795068.419,68.419,0.28,0.29,0.71,0.72,0.01,0.01,75561.52,1776795067000
1776795068.828,68.828,0.28,0.29,0.71,0.72,0.01,0.01,75561.52,1776795067000
1776795069.176,69.176,0.28,0.29,0.71,0.72,0.01,0.01,75562.77,1776795068000
1776795069.558,69.558,0.28,0.29,0.71,0.72,0.01,0.01,75562.77,1776795068000
1776795069.941,69.941,0.28,0.29,0.71,0.72,0.01,0.01,75562.77,1776795068000
1776795070.342,70.342,0.28,0.29,0.71,0.72,0.01,0.01,75562.22,1776795069000
1776795070.692,70.692,0.28,0.29,0.71,0.72,0.01,0.01,75562.22,1776795069000
1776795071.096,71.096,0.28,0.29,0.71,0.72,0.01,0.01,75561.76,1776795070000
1776795071.472,71.472,0.28,0.29,0.71,0.72,0.01,0.01,75561.76,1776795070000
1776795071.907,71.907,0.28,0.29,0.71,0.72,0.01,0.01,75561.76,1776795070000
1776795072.371,72.371,0.28,0.29,0.71,0.72,0.01,0.01,75562.82,1776795071000
1776795072.949,72.949,0.28,0.29,0.71,0.72,0.01,0.01,75562.82,1776795071000
1776795073.295,73.295,0.28,0.29,0.71,0.72,0.01,0.01,75562.83,1776795072000
1776795073.673,73.673,0.28,0.29,0.71,0.72,0.01,0.01,75562.83,1776795072000
1776795074.074,74.074,0.26,0.27,0.73,0.74,0.01,0.01,75562.83,1776795072000
1776795074.47,74.47,0.25,0.26,0.74,0.75,0.01,0.01,75562.43,1776795073000
1776795074.93,74.93,0.25,0.26,0.74,0.75,0.01,0.01,75562.43,1776795073000
1776795075.292,75.292,0.25,0.26,0.74,0.75,0.01,0.01,75562.43,1776795073000
1776795075.632,75.632,0.19,0.21,0.79,0.81,0.02,0.02,75557.49,1776795074000
1776795076.034,76.034,0.19,0.2,0.8,0.81,0.01,0.01,75557.49,1776795074000
1776795076.431,76.431,0.19,0.2,0.8,0.81,0.01,0.01,75557.49,1776795074000
1776795076.765,76.765,0.18,0.2,0.8,0.82,0.02,0.02,75554.72,1776795075000
1776795077.102,77.102,0.19,0.2,0.8,0.81,0.01,0.01,75554.72,1776795075000
1776795077.476,77.476,0.19,0.2,0.8,0.81,0.01,0.01,75540.62,1776795076000
1776795077.821,77.821,0.19,0.2,0.8,0.81,0.01,0.01,75540.62,1776795076000
1776795078.173,78.173,0.19,0.2,0.8,0.81,0.01,0.01,75540.62,1776795076000
1776795078.644,78.644,0.19,0.2,0.8,0.81,0.01,0.01,75538.25,1776795077000
1776795079.025,79.025,0.17,0.18,0.82,0.83,0.01,0.01,75538.25,1776795077000
1776795079.377,79.377,0.17,0.19,0.82,0.83,0.02,0.01,75538.25,1776795077000
1776795079.753,79.753,0.18,0.19,0.81,0.83,0.01,0.02,75536.3,1776795078000
1776795080.232,80.232,0.18,0.19,0.81,0.82,0.01,0.01,75536.3,1776795078000
1776795080.672,80.672,0.18,0.19,0.81,0.82,0.01,0.01,75536.3,1776795078000
1776795081.009,81.009,0.18,0.19,0.81,0.82,0.01,0.01,75533.17,1776795079000
1776795081.456,81.456,0.17,0.18,0.82,0.83,0.01,0.01,75530.19,1776795080000
1776795081.809,81.809,0.17,0.18,0.82,0.83,0.01,0.01,75530.19,1776795080000
1776795082.156,82.156,0.18,0.19,0.81,0.82,0.01,0.01,75529.95,1776795081000
1776795082.573,82.573,0.18,0.19,0.81,0.82,0.01,0.01,75529.95,1776795081000
1776795082.974,82.974,0.18,0.19,0.81,0.82,0.01,0.01,75530.45,1776795082000
1776795083.312,83.312,0.18,0.19,0.81,0.82,0.01,0.01,75530.45,1776795082000
1776795083.649,83.649,0.17,0.18,0.82,0.83,0.01,0.01,75530.45,1776795082000
1776795084.261,84.261,0.16,0.17,0.83,0.84,0.01,0.01,75529.84,1776795083000
1776795084.654,84.654,0.16,0.17,0.83,0.84,0.01,0.01,75529.84,1776795083000
1776795085.093,85.093,0.16,0.17,0.83,0.84,0.01,0.01,75525.94,1776795084000
1776795085.672,85.672,0.16,0.17,0.83,0.84,0.01,0.01,75525.94,1776795084000
1776795086.037,86.037,0.15,0.17,0.83,0.84,0.02,0.01,75525.94,1776795084000
1776795086.609,86.609,0.15,0.16,0.84,0.85,0.01,0.01,75525.94,1776795084000
1776795086.957,86.957,0.15,0.16,0.84,0.85,0.01,0.01,75525.94,1776795084000
1776795087.381,87.381,0.15,0.16,0.84,0.85,0.01,0.01,75525.94,1776795084000
1776795087.718,87.718,0.15,0.16,0.84,0.85,0.01,0.01,75525.94,1776795084000
1776795088.067,88.067,0.14,0.15,0.85,0.86,0.01,0.01,75522.8,1776795086000
1776795088.828,88.828,0.14,0.15,0.85,0.87,0.01,0.02,75522.43,1776795087000
1776795089.163,89.163,0.14,0.15,0.85,0.86,0.01,0.01,75519.53,1776795088000
1776795089.511,89.511,0.14,0.15,0.85,0.86,0.01,0.01,75519.53,1776795088000
1776795089.97,89.97,0.13,0.14,0.86,0.87,0.01,0.01,75519.53,1776795088000
1776795090.318,90.318,0.13,0.14,0.86,0.87,0.01,0.01,75509.04,1776795089000
1776795090.66,90.66,0.13,0.14,0.86,0.87,0.01,0.01,75509.04,1776795089000
1776795091.137,91.137,0.12,0.13,0.87,0.88,0.01,0.01,75509.04,1776795089000
1776795091.508,91.508,0.12,0.13,0.87,0.88,0.01,0.01,75509.04,1776795089000
1776795092.083,92.083,0.12,0.13,0.87,0.88,0.01,0.01,75508.12,1776795090000
1776795092.709,92.709,0.12,0.13,0.87,0.88,0.01,0.01,75507.94,1776795091000
1776795093.131,93.131,0.12,0.13,0.87,0.88,0.01,0.01,75507.42,1776795092000
1776795093.658,93.658,0.11,0.13,0.87,0.88,0.02,0.01,75507.42,1776795092000
1776795094.223,94.223,0.11,0.12,0.88,0.89,0.01,0.01,75504.89,1776795093000
1776795094.57,94.57,0.11,0.12,0.88,0.89,0.01,0.01,75504.89,1776795093000
1776795094.918,94.918,0.11,0.12,0.88,0.89,0.01,0.01,75504.89,1776795093000
1776795095.393,95.393,0.11,0.12,0.88,0.89,0.01,0.01,75505.45,1776795094000
1776795095.751,95.751,0.14,0.15,0.85,0.86,0.01,0.01,75505.45,1776795094000
1776795096.091,96.091,0.16,0.17,0.83,0.84,0.01,0.01,75505.45,1776795094000
1776795096.555,96.555,0.16,0.17,0.83,0.84,0.01,0.01,75505.45,1776795094000
1776795097.018,97.018,0.16,0.17,0.83,0.84,0.01,0.01,75505.74,1776795095000
1776795097.369,97.369,0.16,0.17,0.83,0.84,0.01,0.01,75505.74,1776795095000
1776795097.744,97.744,0.16,0.17,0.83,0.84,0.01,0.01,75511.27,1776795096000
1776795098.152,98.152,0.21,0.22,0.78,0.79,0.01,0.01,75517.32,1776795097000
1776795098.57,98.57,0.21,0.22,0.78,0.79,0.01,0.01,75517.32,1776795097000
1776795098.903,98.903,0.21,0.25,0.75,0.79,0.04,0.04,75526.01,1776795098000
1776795099.238,99.238,0.24,0.25,0.75,0.76,0.01,0.01,75526.01,1776795098000
1776795099.692,99.692,0.24,0.25,0.75,0.76,0.01,0.01,75526.01,1776795098000
1776795100.077,100.077,0.24,0.26,0.74,0.76,0.02,0.02,75534.51,1776795099000
1776795100.42,100.42,0.25,0.26,0.74,0.75,0.01,0.01,75534.51,1776795099000
1776795100.9,100.9,0.25,0.26,0.74,0.75,0.01,0.01,75534.51,1776795099000
1776795101.245,101.245,0.25,0.26,0.74,0.75,0.01,0.01,75534.51,1776795099000
1776795101.586,101.586,0.25,0.26,0.74,0.75,0.01,0.01,75534.51,1776795099000
1776795101.935,101.935,0.25,0.26,0.74,0.75,0.01,0.01,75543.76,1776795100000
1776795102.328,102.328,0.25,0.26,0.74,0.75,0.01,0.01,75545.64,1776795101000
1776795102.675,102.675,0.25,0.26,0.74,0.75,0.01,0.01,75545.64,1776795101000
1776795103.044,103.044,0.25,0.26,0.74,0.75,0.01,0.01,75545.64,1776795101000
1776795103.4,103.4,0.24,0.25,0.75,0.76,0.01,0.01,75546.09,1776795102000
1776795103.871,103.871,0.24,0.25,0.75,0.76,0.01,0.01,75546.09,1776795102000
1776795104.215,104.215,0.24,0.25,0.75,0.76,0.01,0.01,75546.09,1776795102000
1776795104.668,104.668,0.24,0.25,0.75,0.76,0.01,0.01,75548.2,1776795103000
1776795105.051,105.051,0.24,0.25,0.75,0.76,0.01,0.01,75548.2,1776795103000
1776795105.56,105.56,0.24,0.25,0.75,0.76,0.01,0.01,75548.2,1776795103000
1776795106.01,106.01,0.24,0.25,0.75,0.76,0.01,0.01,75547.91,1776795104000
1776795106.43,106.43,0.23,0.24,0.75,0.76,0.01,0.01,75547.91,1776795105000
1776795106.878,106.878,0.23,0.24,0.76,0.77,0.01,0.01,75547.91,1776795105000
1776795107.328,107.328,0.22,0.23,0.77,0.78,0.01,0.01,75547.91,1776795105000
1776795107.906,107.906,0.23,0.24,0.76,0.78,0.01,0.02,75547.9,1776795106000
1776795108.306,108.306,0.23,0.24,0.76,0.77,0.01,0.01,75547.9,1776795106000
1776795108.662,108.662,0.23,0.24,0.76,0.77,0.01,0.01,75547.07,1776795107000
1776795109.11,109.11,0.23,0.24,0.76,0.77,0.01,0.01,75546.94,1776795108000
1776795109.757,109.757,0.22,0.23,0.76,0.78,0.01,0.02,75546.94,1776795108000
1776795110.308,110.308,0.22,0.23,0.77,0.78,0.01,0.01,75546.23,1776795109000
1776795110.642,110.642,0.22,0.23,0.77,0.78,0.01,0.01,75546.23,1776795109000
1776795111.076,111.076,0.22,0.23,0.77,0.78,0.01,0.01,75546.23,1776795109000
1776795111.661,111.661,0.22,0.23,0.77,0.78,0.01,0.01,75546.01,1776795110000
1776795112.026,112.026,0.22,0.23,0.77,0.78,0.01,0.01,75546.01,1776795110000
1776795112.418,112.418,0.22,0.23,0.77,0.78,0.01,0.01,75546.01,1776795110000
1776795112.754,112.754,0.22,0.23,0.77,0.78,0.01,0.01,75546.06,1776795111000
1776795113.111,113.111,0.22,0.24,0.76,0.78,0.02,0.02,75546.65,1776795112000
1776795113.447,113.447,0.23,0.24,0.76,0.78,0.01,0.02,75546.65,1776795112000
1776795113.985,113.985,0.23,0.24,0.76,0.77,0.01,0.01,75546.65,1776795112000
1776795114.673,114.673,0.23,0.24,0.76,0.77,0.01,0.01,75547.19,1776795113000
1776795115.097,115.097,0.27,0.28,0.72,0.73,0.01,0.01,75547.19,1776795113000
1776795115.432,115.432,0.27,0.3,0.7,0.73,0.03,0.03,75546.77,1776795114000
1776795115.779,115.779,0.28,0.31,0.69,0.72,0.03,0.03,75546.77,1776795114000
1776795116.168,116.168,0.3,0.31,0.69,0.7,0.01,0.01,75546.77,1776795114000
1776795116.538,116.538,0.3,0.31,0.69,0.7,0.01,0.01,75546.77,1776795114000
1776795116.897,116.897,0.31,0.32,0.68,0.69,0.01,0.01,75551.95,1776795115000
1776795117.23,117.23,0.32,0.33,0.67,0.68,0.01,0.01,75560.17,1776795116000
1776795117.624,117.624,0.32,0.33,0.67,0.68,0.01,0.01,75560.17,1776795116000
1776795118.0,118.0,0.32,0.33,0.67,0.68,0.01,0.01,75560.17,1776795116000
1776795118.372,118.372,0.32,0.33,0.67,0.68,0.01,0.01,75560.17,1776795116000
1776795118.706,118.706,0.32,0.33,0.67,0.68,0.01,0.01,75564.82,1776795117000
1776795119.049,119.049,0.32,0.33,0.67,0.68,0.01,0.01,75564.82,1776795117000
1776795119.486,119.486,0.32,0.33,0.67,0.68,0.01,0.01,75567.99,1776795118000
1776795119.824,119.824,0.32,0.33,0.67,0.68,0.01,0.01,75567.99,1776795118000
1776795120.237,120.237,0.35,0.36,0.64,0.65,0.01,0.01,75568.41,1776795119000
1776795120.573,120.573,0.35,0.36,0.64,0.65,0.01,0.01,75568.41,1776795119000
1776795120.924,120.924,0.35,0.36,0.64,0.65,0.01,0.01,75568.41,1776795119000
1776795121.262,121.262,0.36,0.37,0.63,0.64,0.01,0.01,75568.41,1776795120000
1776795121.631,121.631,0.37,0.38,0.62,0.63,0.01,0.01,75568.41,1776795120000
1776795122.0,122.0,0.37,0.38,0.62,0.63,0.01,0.01,75568.41,1776795120000
1776795122.367,122.367,0.37,0.38,0.62,0.63,0.01,0.01,75574.26,1776795121000
1776795122.744,122.744,0.37,0.38,0.62,0.63,0.01,0.01,75574.26,1776795121000
1776795123.183,123.183,0.33,0.34,0.66,0.67,0.01,0.01,75574.26,1776795121000
1776795123.587,123.587,0.36,0.37,0.63,0.64,0.01,0.01,75575.8,1776795122000
1776795123.93,123.93,0.36,0.37,0.63,0.64,0.01,0.01,75575.8,1776795122000
1776795124.263,124.263,0.36,0.37,0.63,0.64,0.01,0.01,75575.8,1776795123000
1776795124.603,124.603,0.36,0.38,0.63,0.64,0.02,0.01,75575.8,1776795123000
1776795124.993,124.993,0.37,0.38,0.62,0.63,0.01,0.01,75575.8,1776795123000
1776795125.416,125.416,0.37,0.38,0.62,0.63,0.01,0.01,75575.87,1776795124000
1776795125.977,125.977,0.37,0.38,0.62,0.63,0.01,0.01,75575.87,1776795124000
1776795126.371,126.371,0.37,0.38,0.62,0.63,0.01,0.01,75576.61,1776795125000
1776795126.717,126.717,0.38,0.39,0.61,0.62,0.01,0.01,75576.61,1776795125000
1776795127.292,127.292,0.38,0.39,0.61,0.62,0.01,0.01,75576.61,1776795125000
1776795127.789,127.789,0.38,0.39,0.61,0.62,0.01,0.01,75577.24,1776795126000
1776795128.189,128.189,0.4,0.41,0.59,0.6,0.01,0.01,75577.24,1776795126000
1776795128.611,128.611,0.41,0.42,0.58,0.59,0.01,0.01,75579.0,1776795127000
1776795128.988,128.988,0.41,0.42,0.58,0.59,0.01,0.01,75578.63,1776795128000
1776795129.43,129.43,0.41,0.42,0.58,0.59,0.01,0.01,75578.63,1776795128000
1776795129.916,129.916,0.42,0.43,0.57,0.59,0.01,0.02,75578.63,1776795128000
1776795130.41,130.41,0.42,0.43,0.57,0.58,0.01,0.01,75583.7,1776795129000
1776795131.475,131.475,0.42,0.45,0.55,0.58,0.03,0.03,75586.53,1776795130000
1776795132.203,132.203,0.42,0.45,0.55,0.58,0.03,0.03,75587.24,1776795131000
1776795132.654,132.654,0.44,0.45,0.55,0.57,0.01,0.02,75587.24,1776795131000
1776795133.0,133.0,0.47,0.49,0.51,0.53,0.02,0.02,75587.24,1776795131000
1776795133.408,133.408,0.47,0.49,0.51,0.53,0.02,0.02,75587.24,1776795131000
1776795133.828,133.828,0.47,0.49,0.51,0.53,0.02,0.02,75602.08,1776795132000
1776795134.184,134.184,0.47,0.49,0.51,0.53,0.02,0.02,75602.08,1776795132000
1776795134.583,134.583,0.44,0.49,0.51,0.56,0.05,0.05,75604.78,1776795133000
1776795134.928,134.928,0.52,0.55,0.45,0.48,0.03,0.03,75604.78,1776795133000
1776795135.264,135.264,0.52,0.57,0.43,0.48,0.05,0.05,75604.78,1776795133000
1776795135.621,135.621,0.53,0.55,0.45,0.5,0.02,0.05,75604.78,1776795133000
1776795135.961,135.961,0.54,0.56,0.44,0.46,0.02,0.02,75604.78,1776795133000
1776795136.325,136.325,0.54,0.55,0.45,0.46,0.01,0.01,75604.78,1776795133000
1776795136.686,136.686,0.56,0.6,0.41,0.44,0.04,0.03,75607.13,1776795135000
1776795137.023,137.023,0.57,0.58,0.42,0.43,0.01,0.01,75607.13,1776795135000
1776795137.359,137.359,0.57,0.59,0.42,0.43,0.02,0.01,75609.87,1776795136000
1776795137.729,137.729,0.58,0.59,0.41,0.42,0.01,0.01,75609.87,1776795136000
1776795138.077,138.077,0.58,0.61,0.4,0.42,0.03,0.02,75609.87,1776795136000
1776795138.432,138.432,0.6,0.61,0.39,0.4,0.01,0.01,75609.87,1776795136000
1776795138.771,138.771,0.61,0.62,0.38,0.39,0.01,0.01,75609.87,1776795136000
1776795139.121,139.121,0.62,0.63,0.37,0.38,0.01,0.01,75618.87,1776795137000
1776795139.482,139.482,0.62,0.63,0.37,0.38,0.01,0.01,75618.87,1776795137000
1776795139.832,139.832,0.62,0.63,0.37,0.38,0.01,0.01,75620.12,1776795138000
1776795140.234,140.234,0.62,0.63,0.37,0.38,0.01,0.01,75620.12,1776795138000
1776795140.618,140.618,0.62,0.63,0.37,0.38,0.01,0.01,75618.81,1776795139000
1776795140.98,140.98,0.63,0.64,0.36,0.37,0.01,0.01,75618.81,1776795139000
1776795141.863,141.863,0.63,0.64,0.36,0.37,0.01,0.01,75618.93,1776795140000
1776795142.491,142.491,0.62,0.64,0.36,0.38,0.02,0.02,75617.5,1776795141000
1776795142.848,142.848,0.59,0.62,0.36,0.41,0.03,0.05,75617.5,1776795141000
1776795143.287,143.287,0.58,0.59,0.39,0.42,0.01,0.03,75617.5,1776795141000
1776795143.743,143.743,0.57,0.61,0.39,0.43,0.04,0.04,75617.5,1776795141000
1776795144.102,144.102,0.58,0.6,0.4,0.41,0.02,0.01,75616.66,1776795142000
1776795144.655,144.655,0.59,0.6,0.4,0.41,0.01,0.01,75616.77,1776795143000
1776795144.999,144.999,0.59,0.6,0.4,0.41,0.01,0.01,75616.77,1776795143000
1776795145.342,145.342,0.59,0.6,0.4,0.41,0.01,0.01,75616.77,1776795143000
1776795145.693,145.693,0.59,0.6,0.4,0.41,0.01,0.01,75616.77,1776795143000
1776795146.154,146.154,0.59,0.61,0.39,0.41,0.02,0.02,75613.51,1776795144000
1776795146.519,146.519,0.6,0.61,0.39,0.4,0.01,0.01,75614.79,1776795145000
1776795146.866,146.866,0.6,0.61,0.39,0.4,0.01,0.01,75614.79,1776795145000
1776795147.386,147.386,0.6,0.61,0.39,0.4,0.01,0.01,75614.79,1776795145000
1776795147.736,147.736,0.6,0.61,0.39,0.4,0.01,0.01,75614.19,1776795146000
1776795148.164,148.164,0.61,0.62,0.38,0.39,0.01,0.01,75614.19,1776795146000
1776795148.973,148.973,0.61,0.62,0.38,0.39,0.01,0.01,75614.19,1776795147000
1776795149.407,149.407,0.63,0.65,0.36,0.37,0.02,0.01,75614.19,1776795147000
1776795149.776,149.776,0.64,0.65,0.35,0.37,0.01,0.02,75614.19,1776795147000
1776795150.169,150.169,0.64,0.65,0.35,0.36,0.01,0.01,75614.19,1776795147000
1776795150.542,150.542,0.64,0.65,0.35,0.36,0.01,0.01,75614.19,1776795147000
1776795150.947,150.947,0.64,0.65,0.35,0.36,0.01,0.01,75614.19,1776795147000
1776795151.882,151.882,0.64,0.65,0.35,0.36,0.01,0.01,75614.19,1776795147000
1776795152.218,152.218,0.64,0.65,0.35,0.36,0.01,0.01,75617.84,1776795150000
1776795152.636,152.636,0.62,0.65,0.35,0.36,0.03,0.01,75619.29,1776795151000
1776795153.03,153.03,0.63,0.64,0.36,0.37,0.01,0.01,75619.55,1776795152000
1776795153.401,153.401,0.62,0.64,0.36,0.37,0.02,0.01,75619.55,1776795152000
1776795153.981,153.981,0.62,0.63,0.36,0.38,0.01,0.02,75619.55,1776795152000
1776795154.32,154.32,0.62,0.63,0.37,0.38,0.01,0.01,75617.2,1776795153000
1776795154.697,154.697,0.61,0.62,0.37,0.39,0.01,0.02,75617.2,1776795153000
1776795155.086,155.086,0.55,0.57,0.43,0.45,0.02,0.02,75617.2,1776795153000
1776795155.465,155.465,0.54,0.55,0.45,0.46,0.01,0.01,75617.99,1776795154000
1776795155.81,155.81,0.53,0.54,0.46,0.47,0.01,0.01,75617.99,1776795154000
1776795156.157,156.157,0.46,0.49,0.51,0.54,0.03,0.03,75615.8,1776795155000
1776795156.614,156.614,0.48,0.49,0.51,0.52,0.01,0.01,75615.8,1776795155000
1776795156.975,156.975,0.48,0.49,0.51,0.53,0.01,0.02,75615.8,1776795155000
1776795157.346,157.346,0.48,0.49,0.51,0.52,0.01,0.01,75615.8,1776795155000
1776795157.989,157.989,0.47,0.48,0.52,0.53,0.01,0.01,75604.63,1776795156000
1776795158.49,158.49,0.47,0.48,0.52,0.53,0.01,0.01,75600.35,1776795157000
1776795158.853,158.853,0.42,0.44,0.56,0.58,0.02,0.02,75600.35,1776795157000
1776795159.22,159.22,0.42,0.44,0.56,0.58,0.02,0.02,75598.42,1776795158000
1776795159.712,159.712,0.43,0.44,0.55,0.57,0.01,0.02,75598.42,1776795158000
1776795160.135,160.135,0.43,0.44,0.56,0.57,0.01,0.01,75598.42,1776795158000
1776795160.579,160.579,0.43,0.44,0.56,0.57,0.01,0.01,75594.79,1776795159000
1776795160.932,160.932,0.44,0.46,0.55,0.57,0.02,0.02,75594.79,1776795159000
1776795161.341,161.341,0.45,0.46,0.54,0.56,0.01,0.02,75594.79,1776795159000
1776795161.833,161.833,0.46,0.47,0.54,0.55,0.01,0.01,75594.46,1776795160000
1776795162.168,162.168,0.46,0.47,0.53,0.54,0.01,0.01,75594.46,1776795161000
1776795162.679,162.679,0.46,0.47,0.53,0.54,0.01,0.01,75594.46,1776795161000
1776795163.103,163.103,0.48,0.49,0.51,0.52,0.01,0.01,75594.46,1776795162000
1776795163.632,163.632,0.48,0.49,0.51,0.52,0.01,0.01,75594.46,1776795162000
1776795163.978,163.978,0.48,0.49,0.51,0.52,0.01,0.01,75594.46,1776795162000
1776795164.556,164.556,0.48,0.49,0.51,0.52,0.01,0.01,75596.73,1776795163000
1776795164.967,164.967,0.46,0.48,0.52,0.53,0.02,0.01,75596.73,1776795163000
1776795165.3,165.3,0.44,0.45,0.55,0.56,0.01,0.01,75596.73,1776795163000
1776795165.705,165.705,0.43,0.45,0.55,0.57,0.02,0.02,75601.0,1776795164000
1776795166.065,166.065,0.43,0.44,0.56,0.57,0.01,0.01,75601.0,1776795164000
1776795166.429,166.429,0.42,0.43,0.56,0.58,0.01,0.02,75601.0,1776795164000
1776795166.791,166.791,0.42,0.43,0.57,0.58,0.01,0.01,75601.0,1776795164000
1776795167.127,167.127,0.41,0.42,0.58,0.59,0.01,0.01,75598.68,1776795165000
1776795167.473,167.473,0.41,0.42,0.58,0.59,0.01,0.01,75594.0,1776795166000
1776795168.029,168.029,0.38,0.42,0.58,0.62,0.04,0.04,75592.33,1776795167000
1776795168.505,168.505,0.4,0.41,0.58,0.62,0.01,0.04,75592.33,1776795167000
1776795168.924,168.924,0.4,0.41,0.59,0.6,0.01,0.01,75592.33,1776795167000
1776795169.281,169.281,0.39,0.41,0.59,0.6,0.02,0.01,75592.0,1776795168000
1776795169.638,169.638,0.39,0.41,0.59,0.61,0.02,0.02,75592.0,1776795168000
1776795169.993,169.993,0.36,0.41,0.59,0.64,0.05,0.05,75592.0,1776795168000
1776795170.391,170.391,0.35,0.41,0.59,0.65,0.06,0.06,75587.82,1776795169000
1776795170.734,170.734,0.37,0.38,0.62,0.63,0.01,0.01,75587.82,1776795169000
1776795171.719,171.719,0.36,0.37,0.63,0.64,0.01,0.01,75587.82,1776795169000
1776795172.063,172.063,0.36,0.37,0.63,0.64,0.01,0.01,75579.69,1776795170000
1776795172.419,172.419,0.4,0.42,0.58,0.6,0.02,0.02,75580.25,1776795171000
1776795172.759,172.759,0.43,0.45,0.56,0.57,0.02,0.01,75580.25,1776795171000
1776795173.192,173.192,0.43,0.44,0.56,0.57,0.01,0.01,75579.87,1776795172000
1776795173.696,173.696,0.43,0.44,0.56,0.57,0.01,0.01,75579.87,1776795172000
1776795174.06,174.06,0.42,0.43,0.57,0.58,0.01,0.01,75579.87,1776795172000
1776795174.585,174.585,0.42,0.43,0.57,0.58,0.01,0.01,75587.15,1776795173000
1776795174.924,174.924,0.42,0.43,0.57,0.58,0.01,0.01,75587.15,1776795173000
1776795175.342,175.342,0.43,0.44,0.56,0.57,0.01,0.01,75588.97,1776795174000
1776795175.792,175.792,0.43,0.44,0.56,0.57,0.01,0.01,75588.97,1776795174000
1776795176.23,176.23,0.38,0.39,0.6,0.62,0.01,0.02,75588.97,1776795174000
1776795176.677,176.677,0.35,0.36,0.64,0.65,0.01,0.01,75589.55,1776795175000
1776795177.011,177.011,0.35,0.36,0.64,0.65,0.01,0.01,75589.55,1776795175000
1776795177.983,177.983,0.34,0.36,0.64,0.65,0.02,0.01,75589.59,1776795176000
1776795178.361,178.361,0.34,0.36,0.64,0.66,0.02,0.02,75585.13,1776795177000
1776795179.129,179.129,0.34,0.35,0.65,0.66,0.01,0.01,75585.13,1776795177000
1776795179.796,179.796,0.34,0.35,0.65,0.66,0.01,0.01,75585.13,1776795177000
1776795180.141,180.141,0.39,0.4,0.63,0.65,0.01,0.02,75581.56,1776795178000
1776795180.493,180.493,0.39,0.4,0.6,0.61,0.01,0.01,75583.22,1776795179000
1776795180.835,180.835,0.39,0.4,0.6,0.61,0.01,0.01,75583.22,1776795179000
1776795181.216,181.216,0.39,0.4,0.6,0.61,0.01,0.01,75586.58,1776795180000
1776795181.682,181.682,0.39,0.4,0.6,0.61,0.01,0.01,75586.58,1776795180000
1776795182.132,182.132,0.39,0.4,0.6,0.61,0.01,0.01,75586.58,1776795180000
1776795182.757,182.757,0.37,0.39,0.61,0.62,0.02,0.01,75586.58,1776795180000
1776795183.106,183.106,0.31,0.34,0.66,0.69,0.03,0.03,75589.77,1776795181000
1776795183.44,183.44,0.3,0.33,0.67,0.7,0.03,0.03,75589.77,1776795181000
1776795183.81,183.81,0.31,0.32,0.68,0.69,0.01,0.01,75589.77,1776795182000
1776795184.222,184.222,0.31,0.32,0.68,0.69,0.01,0.01,75582.3,1776795183000
1776795184.67,184.67,0.31,0.32,0.68,0.69,0.01,0.01,75582.3,1776795183000
1776795185.003,185.003,0.31,0.32,0.68,0.69,0.01,0.01,75582.3,1776795183000
1776795185.357,185.357,0.32,0.33,0.67,0.68,0.01,0.01,75582.3,1776795183000
1776795185.729,185.729,0.31,0.33,0.67,0.69,0.02,0.02,75580.66,1776795184000
1776795186.228,186.228,0.31,0.32,0.68,0.69,0.01,0.01,75580.66,1776795184000
1776795186.73,186.73,0.31,0.32,0.68,0.69,0.01,0.01,75578.27,1776795185000
1776795187.327,187.327,0.31,0.32,0.68,0.69,0.01,0.01,75578.27,1776795185000
1776795187.666,187.666,0.3,0.31,0.69,0.7,0.01,0.01,75578.27,1776795185000
1776795188.014,188.014,0.3,0.31,0.69,0.7,0.01,0.01,75582.04,1776795186000
1776795188.512,188.512,0.3,0.31,0.69,0.7,0.01,0.01,75580.65,1776795187000
1776795188.865,188.865,0.3,0.31,0.69,0.7,0.01,0.01,75580.65,1776795187000
1776795189.23,189.23,0.32,0.33,0.68,0.69,0.01,0.01,75580.65,1776795187000
1776795189.607,189.607,0.32,0.33,0.67,0.68,0.01,0.01,75577.46,1776795188000
1776795189.981,189.981,0.32,0.33,0.67,0.68,0.01,0.01,75577.46,1776795188000
1776795190.487,190.487,0.32,0.33,0.67,0.68,0.01,0.01,75579.22,1776795189000
1776795190.873,190.873,0.32,0.33,0.67,0.68,0.01,0.01,75579.22,1776795189000
1776795191.417,191.417,0.32,0.33,0.67,0.68,0.01,0.01,75579.22,1776795189000
1776795191.896,191.896,0.33,0.34,0.66,0.68,0.01,0.02,75581.92,1776795190000
1776795192.388,192.388,0.33,0.34,0.66,0.67,0.01,0.01,75581.95,1776795191000
1776795193.179,193.179,0.33,0.34,0.66,0.67,0.01,0.01,75581.95,1776795191000
1776795193.746,193.746,0.33,0.34,0.66,0.67,0.01,0.01,75583.2,1776795192000
1776795194.084,194.084,0.33,0.34,0.66,0.67,0.01,0.01,75582.18,1776795193000
1776795194.528,194.528,0.33,0.34,0.66,0.67,0.01,0.01,75582.18,1776795193000
1776795194.886,194.886,0.33,0.34,0.66,0.67,0.01,0.01,75582.18,1776795193000
1776795195.332,195.332,0.33,0.34,0.66,0.67,0.01,0.01,75583.8,1776795194000
1776795195.69,195.69,0.33,0.34,0.66,0.67,0.01,0.01,75583.8,1776795194000
1776795196.189,196.189,0.33,0.35,0.66,0.67,0.02,0.01,75583.8,1776795194000
1776795197.012,197.012,0.36,0.37,0.63,0.64,0.01,0.01,75582.81,1776795195000
1776795197.386,197.386,0.32,0.34,0.66,0.67,0.02,0.01,75583.63,1776795196000
1776795197.828,197.828,0.31,0.32,0.68,0.7,0.01,0.02,75583.63,1776795196000
1776795198.285,198.285,0.31,0.32,0.68,0.69,0.01,0.01,75583.63,1776795197000
1776795198.735,198.735,0.31,0.32,0.68,0.69,0.01,0.01,75583.63,1776795197000
1776795199.439,199.439,0.3,0.31,0.69,0.7,0.01,0.01,75583.63,1776795197000
1776795199.795,199.795,0.3,0.31,0.69,0.7,0.01,0.01,75583.63,1776795197000
1776795200.186,200.186,0.3,0.31,0.69,0.7,0.01,0.01,75582.86,1776795198000
1776795200.571,200.571,0.29,0.3,0.7,0.71,0.01,0.01,75582.86,1776795198000
1776795200.958,200.958,0.29,0.3,0.7,0.71,0.01,0.01,75579.95,1776795199000
1776795201.392,201.392,0.26,0.28,0.72,0.74,0.02,0.02,75579.95,1776795199000
1776795201.756,201.756,0.25,0.26,0.73,0.75,0.01,0.02,75579.53,1776795200000
1776795202.213,202.213,0.24,0.25,0.75,0.76,0.01,0.01,75581.35,1776795201000
1776795202.682,202.682,0.24,0.25,0.75,0.76,0.01,0.01,75581.35,1776795201000
1776795203.12,203.12,0.24,0.25,0.75,0.76,0.01,0.01,75581.35,1776795201000
1776795203.921,203.921,0.25,0.26,0.74,0.75,0.01,0.01,75578.04,1776795202000
1776795204.434,204.434,0.26,0.27,0.73,0.75,0.01,0.02,75577.04,1776795203000
1776795204.855,204.855,0.26,0.27,0.73,0.74,0.01,0.01,75577.04,1776795203000
1776795205.19,205.19,0.26,0.27,0.73,0.74,0.01,0.01,75576.09,1776795204000
1776795205.581,205.581,0.26,0.27,0.73,0.74,0.01,0.01,75576.09,1776795204000
1776795205.944,205.944,0.26,0.27,0.73,0.74,0.01,0.01,75576.09,1776795204000
1776795206.292,206.292,0.26,0.27,0.73,0.74,0.01,0.01,75576.09,1776795204000
1776795206.866,206.866,0.26,0.27,0.73,0.74,0.01,0.01,75576.37,1776795205000
1776795207.249,207.249,0.31,0.32,0.68,0.69,0.01,0.01,75576.37,1776795206000
1776795207.74,207.74,0.32,0.33,0.67,0.68,0.01,0.01,75576.37,1776795206000
1776795208.106,208.106,0.32,0.33,0.67,0.68,0.01,0.01,75576.37,1776795206000
1776795208.473,208.473,0.32,0.33,0.67,0.68,0.01,0.01,75576.38,1776795207000
1776795208.992,208.992,0.32,0.33,0.67,0.68,0.01,0.01,75576.38,1776795207000
1776795209.34,209.34,0.31,0.32,0.68,0.69,0.01,0.01,75580.23,1776795208000
1776795209.84,209.84,0.29,0.31,0.68,0.7,0.02,0.02,75580.23,1776795208000
1776795210.192,210.192,0.29,0.3,0.69,0.71,0.01,0.02,75580.23,1776795208000
1776795210.551,210.551,0.26,0.27,0.71,0.74,0.01,0.03,75580.77,1776795209000
1776795210.91,210.91,0.26,0.27,0.73,0.74,0.01,0.01,75580.77,1776795209000
1776795211.324,211.324,0.25,0.27,0.73,0.74,0.02,0.01,75580.35,1776795210000
1776795211.678,211.678,0.25,0.26,0.74,0.75,0.01,0.01,75580.35,1776795210000
1776795212.019,212.019,0.25,0.26,0.74,0.75,0.01,0.01,75580.35,1776795210000
1776795212.391,212.391,0.25,0.26,0.74,0.75,0.01,0.01,75580.35,1776795210000
1776795213.063,213.063,0.25,0.26,0.74,0.75,0.01,0.01,75578.8,1776795212000
1776795213.421,213.421,0.25,0.26,0.74,0.75,0.01,0.01,75578.8,1776795212000
1776795213.855,213.855,0.28,0.29,0.71,0.72,0.01,0.01,75578.8,1776795212000
1776795214.442,214.442,0.28,0.29,0.71,0.72,0.01,0.01,75578.8,1776795212000
1776795214.82,214.82,0.28,0.29,0.71,0.72,0.01,0.01,75577.59,1776795213000
1776795215.744,215.744,0.28,0.29,0.71,0.72,0.01,0.01,75579.03,1776795214000
1776795216.264,216.264,0.28,0.29,0.71,0.72,0.01,0.01,75579.03,1776795214000
1776795216.899,216.899,0.29,0.3,0.69,0.71,0.01,0.02,75579.03,1776795214000
1776795217.267,217.267,0.29,0.3,0.7,0.71,0.01,0.01,75581.19,1776795215000
1776795217.606,217.606,0.24,0.25,0.72,0.73,0.01,0.01,75581.19,1776795215000
1776795217.975,217.975,0.23,0.24,0.76,0.77,0.01,0.01,75581.77,1776795216000
1776795218.404,218.404,0.23,0.24,0.76,0.77,0.01,0.01,75579.71,1776795217000
1776795218.982,218.982,0.23,0.24,0.76,0.77,0.01,0.01,75579.71,1776795217000
1776795219.317,219.317,0.22,0.24,0.76,0.78,0.02,0.02,75579.71,1776795218000
1776795219.668,219.668,0.18,0.2,0.8,0.82,0.02,0.02,75579.71,1776795218000
1776795220.045,220.045,0.18,0.19,0.81,0.82,0.01,0.01,75579.71,1776795218000
1776795220.415,220.415,0.18,0.19,0.81,0.82,0.01,0.01,75576.96,1776795219000
1776795220.764,220.764,0.18,0.19,0.81,0.82,0.01,0.01,75576.96,1776795219000
1776795221.098,221.098,0.22,0.23,0.79,0.8,0.01,0.01,75576.96,1776795219000
1776795221.464,221.464,0.22,0.23,0.77,0.78,0.01,0.01,75576.96,1776795219000
1776795221.808,221.808,0.22,0.23,0.77,0.78,0.01,0.01,75569.69,1776795220000
1776795222.2,222.2,0.22,0.23,0.77,0.78,0.01,0.01,75571.46,1776795221000
1776795222.643,222.643,0.22,0.23,0.77,0.78,0.01,0.01,75571.46,1776795221000
1776795222.978,222.978,0.21,0.23,0.77,0.78,0.02,0.01,75571.46,1776795221000
1776795223.617,223.617,0.2,0.21,0.79,0.8,0.01,0.01,75574.22,1776795222000
1776795224.29,224.29,0.19,0.2,0.8,0.81,0.01,0.01,75574.22,1776795222000
1776795224.628,224.628,0.19,0.2,0.8,0.81,0.01,0.01,75573.91,1776795223000
1776795224.969,224.969,0.19,0.2,0.8,0.81,0.01,0.01,75571.99,1776795224000
1776795225.357,225.357,0.19,0.2,0.8,0.81,0.01,0.01,75571.99,1776795224000
1776795225.889,225.889,0.19,0.2,0.8,0.81,0.01,0.01,75571.99,1776795224000
1776795226.31,226.31,0.19,0.2,0.8,0.81,0.01,0.01,75571.23,1776795225000
1776795226.76,226.76,0.19,0.2,0.8,0.81,0.01,0.01,75571.23,1776795225000
1776795227.213,227.213,0.19,0.2,0.8,0.81,0.01,0.01,75571.23,1776795225000
1776795227.91,227.91,0.19,0.2,0.8,0.81,0.01,0.01,75570.86,1776795226000
1776795228.669,228.669,0.19,0.2,0.8,0.81,0.01,0.01,75570.32,1776795227000
1776795229.111,229.111,0.19,0.2,0.8,0.81,0.01,0.01,75569.45,1776795228000
1776795229.468,229.468,0.19,0.2,0.8,0.81,0.01,0.01,75569.45,1776795228000
1776795229.827,229.827,0.19,0.21,0.79,0.81,0.02,0.02,75569.45,1776795228000
1776795230.234,230.234,0.19,0.2,0.8,0.81,0.01,0.01,75569.45,1776795228000
1776795230.673,230.673,0.19,0.2,0.8,0.81,0.01,0.01,75570.46,1776795229000
1776795231.428,231.428,0.18,0.19,0.8,0.81,0.01,0.01,75570.46,1776795229000
1776795231.945,231.945,0.18,0.19,0.81,0.82,0.01,0.01,75571.68,1776795230000
1776795232.35,232.35,0.18,0.19,0.81,0.82,0.01,0.01,75572.24,1776795231000
1776795232.763,232.763,0.19,0.2,0.8,0.82,0.01,0.02,75572.24,1776795231000
1776795233.164,233.164,0.19,0.2,0.8,0.81,0.01,0.01,75572.24,1776795231000
1776795233.603,233.603,0.19,0.2,0.8,0.81,0.01,0.01,75572.47,1776795232000
1776795234.017,234.017,0.19,0.2,0.8,0.81,0.01,0.01,75572.47,1776795233000
1776795234.534,234.534,0.18,0.19,0.81,0.82,0.01,0.01,75572.47,1776795233000
1776795234.898,234.898,0.18,0.19,0.81,0.82,0.01,0.01,75572.47,1776795233000
1776795235.333,235.333,0.18,0.19,0.81,0.82,0.01,0.01,75572.15,1776795234000
1776795235.796,235.796,0.18,0.19,0.81,0.82,0.01,0.01,75572.15,1776795234000
1776795236.199,236.199,0.18,0.19,0.81,0.82,0.01,0.01,75574.47,1776795235000
1776795236.551,236.551,0.18,0.19,0.81,0.82,0.01,0.01,75574.47,1776795235000
1776795236.885,236.885,0.19,0.21,0.79,0.81,0.02,0.02,75574.47,1776795235000
1776795237.233,237.233,0.2,0.21,0.79,0.8,0.01,0.01,75572.57,1776795236000
1776795237.584,237.584,0.2,0.21,0.79,0.8,0.01,0.01,75572.57,1776795236000
1776795238.161,238.161,0.2,0.21,0.79,0.8,0.01,0.01,75574.89,1776795237000
1776795238.61,238.61,0.2,0.21,0.79,0.8,0.01,0.01,75574.89,1776795237000
1776795239.299,239.299,0.2,0.21,0.79,0.8,0.01,0.01,75575.79,1776795238000
1776795239.715,239.715,0.2,0.22,0.79,0.8,0.02,0.01,75575.79,1776795238000
1776795240.145,240.145,0.23,0.25,0.76,0.77,0.02,0.01,75575.79,1776795238000
1776795240.537,240.537,0.24,0.25,0.75,0.76,0.01,0.01,75574.58,1776795239000
1776795240.946,240.946,0.24,0.25,0.75,0.76,0.01,0.01,75574.58,1776795239000
1776795241.29,241.29,0.24,0.25,0.75,0.76,0.01,0.01,75574.58,1776795239000
1776795241.657,241.657,0.28,0.29,0.75,0.76,0.01,0.01,75577.49,1776795240000
1776795241.991,241.991,0.28,0.29,0.71,0.72,0.01,0.01,75577.49,1776795240000
1776795242.375,242.375,0.28,0.29,0.71,0.72,0.01,0.01,75578.28,1776795241000
1776795242.849,242.849,0.28,0.29,0.71,0.72,0.01,0.01,75578.28,1776795241000
1776795243.332,243.332,0.28,0.29,0.71,0.72,0.01,0.01,75581.34,1776795242000
1776795243.87,243.87,0.28,0.29,0.71,0.72,0.01,0.01,75581.34,1776795242000
1776795244.219,244.219,0.28,0.29,0.71,0.72,0.01,0.01,75582.29,1776795243000
1776795244.935,244.935,0.28,0.29,0.71,0.72,0.01,0.01,75582.29,1776795243000
1776795245.354,245.354,0.28,0.29,0.71,0.72,0.01,0.01,75582.9,1776795244000
1776795245.798,245.798,0.27,0.28,0.71,0.73,0.01,0.02,75582.9,1776795244000
1776795246.389,246.389,0.27,0.28,0.72,0.73,0.01,0.01,75583.7,1776795245000
1776795246.854,246.854,0.27,0.29,0.71,0.72,0.02,0.01,75583.7,1776795245000
1776795247.359,247.359,0.23,0.24,0.74,0.77,0.01,0.03,75582.97,1776795246000
1776795248.054,248.054,0.22,0.23,0.77,0.78,0.01,0.01,75582.97,1776795246000
1776795248.442,248.442,0.21,0.22,0.77,0.79,0.01,0.02,75582.97,1776795246000
1776795248.903,248.903,0.21,0.22,0.78,0.79,0.01,0.01,75582.57,1776795247000
1776795249.247,249.247,0.21,0.22,0.78,0.79,0.01,0.01,75582.57,1776795247000
1776795249.756,249.756,0.21,0.22,0.78,0.79,0.01,0.01,75581.78,1776795248000
1776795250.294,250.294,0.21,0.22,0.78,0.79,0.01,0.01,75580.54,1776795249000
1776795250.869,250.869,0.21,0.22,0.78,0.79,0.01,0.01,75580.54,1776795249000
1776795251.367,251.367,0.24,0.25,0.75,0.76,0.01,0.01,75580.54,1776795249000
1776795252.699,252.699,0.24,0.26,0.74,0.76,0.02,0.02,75581.7,1776795251000
1776795253.38,253.38,0.25,0.26,0.74,0.75,0.01,0.01,75581.7,1776795251000
1776795253.777,253.777,0.25,0.26,0.74,0.75,0.01,0.01,75583.18,1776795252000
1776795254.225,254.225,0.25,0.26,0.74,0.75,0.01,0.01,75583.18,1776795252000
1776795254.565,254.565,0.25,0.26,0.74,0.75,0.01,0.01,75584,1776795253000
1776795254.924,254.924,0.25,0.26,0.74,0.75,0.01,0.01,75584,1776795253000
1776795255.388,255.388,0.25,0.26,0.74,0.75,0.01,0.01,75584,1776795253000
1776795255.79,255.79,0.25,0.26,0.74,0.75,0.01,0.01,75584.1,1776795254000
1776795256.259,256.259,0.25,0.26,0.74,0.75,0.01,0.01,75584.1,1776795254000
1776795256.779,256.779,0.25,0.26,0.74,0.75,0.01,0.01,75584.1,1776795255000
1776795257.203,257.203,0.23,0.26,0.74,0.77,0.03,0.03,75584.1,1776795256000
1776795257.892,257.892,0.23,0.24,0.76,0.77,0.01,0.01,75584.1,1776795256000
1776795258.396,258.396,0.23,0.24,0.76,0.77,0.01,0.01,75584.1,1776795256000
1776795258.843,258.843,0.23,0.24,0.76,0.77,0.01,0.01,75584.67,1776795257000
1776795259.525,259.525,0.23,0.24,0.76,0.77,0.01,0.01,75584.67,1776795258000
1776795259.875,259.875,0.23,0.24,0.76,0.77,0.01,0.01,75584.67,1776795258000
1776795260.278,260.278,0.21,0.22,0.78,0.79,0.01,0.01,75584.67,1776795258000
1776795260.717,260.717,0.2,0.21,0.79,0.8,0.01,0.01,75583.74,1776795259000
1776795261.267,261.267,0.19,0.21,0.79,0.8,0.02,0.01,75583.74,1776795259000
1776795261.68,261.68,0.19,0.2,0.8,0.81,0.01,0.01,75583.76,1776795260000
1776795262.131,262.131,0.19,0.2,0.8,0.81,0.01,0.01,75582.55,1776795261000
1776795262.519,262.519,0.2,0.21,0.79,0.81,0.01,0.02,75582.55,1776795261000
1776795263.065,263.065,0.21,0.22,0.78,0.79,0.01,0.01,75582.55,1776795261000
1776795263.547,263.547,0.22,0.25,0.77,0.78,0.03,0.01,75582.55,1776795261000
1776795263.899,263.899,0.23,0.25,0.75,0.77,0.02,0.02,75582.32,1776795262000
1776795264.305,264.305,0.23,0.24,0.76,0.77,0.01,0.01,75583.63,1776795263000
1776795264.827,264.827,0.23,0.24,0.76,0.77,0.01,0.01,75583.63,1776795263000
1776795265.276,265.276,0.23,0.24,0.76,0.77,0.01,0.01,75583.63,1776795263000
1776795265.633,265.633,0.22,0.23,0.77,0.78,0.01,0.01,75583.63,1776795263000
1776795265.997,265.997,0.21,0.22,0.78,0.79,0.01,0.01,75583.63,1776795263000
1776795266.431,266.431,0.21,0.22,0.78,0.79,0.01,0.01,75583.63,1776795263000
1776795267.124,267.124,0.21,0.22,0.78,0.79,0.01,0.01,75583.63,1776795263000
1776795267.61,267.61,0.21,0.22,0.78,0.79,0.01,0.01,75584.99,1776795266000
1776795268.082,268.082,0.21,0.22,0.78,0.79,0.01,0.01,75584.99,1776795266000
1776795268.909,268.909,0.21,0.22,0.78,0.79,0.01,0.01,75585,1776795267000
1776795269.312,269.312,0.21,0.22,0.78,0.79,0.01,0.01,75585,1776795267000
1776795269.911,269.911,0.21,0.22,0.78,0.79,0.01,0.01,75584.17,1776795269000
1776795270.376,270.376,0.2,0.21,0.78,0.79,0.01,0.01,75584.17,1776795269000
1776795270.72,270.72,0.2,0.21,0.79,0.8,0.01,0.01,75584.17,1776795269000
1776795271.197,271.197,0.18,0.21,0.79,0.8,0.03,0.01,75583.36,1776795270000
1776795271.588,271.588,0.18,0.19,0.81,0.82,0.01,0.01,75583.36,1776795270000
1776795271.95,271.95,0.18,0.19,0.81,0.82,0.01,0.01,75583.36,1776795270000
1776795272.285,272.285,0.2,0.25,0.75,0.81,0.05,0.06,75585.01,1776795271000
1776795272.623,272.623,0.29,0.3,0.7,0.73,0.01,0.03,75585.01,1776795271000
1776795272.958,272.958,0.29,0.3,0.7,0.71,0.01,0.01,75585.01,1776795271000
1776795273.408,273.408,0.29,0.3,0.7,0.71,0.01,0.01,75585.01,1776795272000
1776795273.779,273.779,0.29,0.3,0.7,0.71,0.01,0.01,75585.01,1776795272000
1776795274.199,274.199,0.29,0.3,0.7,0.71,0.01,0.01,75585.01,1776795272000
1776795274.583,274.583,0.26,0.3,0.7,0.71,0.04,0.01,75591.31,1776795273000
1776795274.977,274.977,0.25,0.26,0.74,0.75,0.01,0.01,75591.31,1776795273000
1776795275.405,275.405,0.28,0.29,0.71,0.73,0.01,0.02,75591.31,1776795274000
1776795275.941,275.941,0.28,0.29,0.71,0.72,0.01,0.01,75591.31,1776795274000
1776795276.315,276.315,0.28,0.29,0.71,0.72,0.01,0.01,75591.31,1776795274000
1776795276.698,276.698,0.24,0.25,0.74,0.75,0.01,0.01,75591.82,1776795275000
1776795277.204,277.204,0.25,0.26,0.74,0.75,0.01,0.01,75591.82,1776795275000
1776795277.6,277.6,0.25,0.26,0.74,0.75,0.01,0.01,75591.82,1776795275000
1776795277.948,277.948,0.27,0.3,0.72,0.73,0.03,0.01,75592.8,1776795276000
1776795278.31,278.31,0.24,0.3,0.71,0.72,0.06,0.01,75592.25,1776795277000
1776795278.91,278.91,0.25,0.26,0.74,0.75,0.01,0.01,75592.25,1776795277000
1776795279.346,279.346,0.25,0.26,0.74,0.75,0.01,0.01,75592.25,1776795277000
1776795279.68,279.68,0.21,0.22,0.74,0.76,0.01,0.02,75592.4,1776795278000
1776795280.08,280.08,0.2,0.21,0.79,0.8,0.01,0.01,75592.71,1776795279000
1776795280.47,280.47,0.19,0.2,0.8,0.81,0.01,0.01,75592.71,1776795279000
1776795280.804,280.804,0.12,0.13,0.85,0.88,0.01,0.03,75592.71,1776795279000
1776795281.141,281.141,0.12,0.13,0.87,0.88,0.01,0.01,75592.72,1776795280000
1776795281.556,281.556,0.12,0.13,0.87,0.88,0.01,0.01,75592.72,1776795280000
1776795281.976,281.976,0.12,0.13,0.87,0.88,0.01,0.01,75592.72,1776795280000
1776795282.314,282.314,0.12,0.13,0.87,0.88,0.01,0.01,75592.72,1776795280000
1776795282.68,282.68,0.12,0.13,0.87,0.88,0.01,0.01,75592.72,1776795280000
1776795283.018,283.018,0.12,0.13,0.87,0.88,0.01,0.01,75591.51,1776795281000
1776795283.467,283.467,0.12,0.13,0.87,0.88,0.01,0.01,75584.54,1776795282000
1776795284.036,284.036,0.12,0.13,0.87,0.88,0.01,0.01,75584.54,1776795282000
1776795284.469,284.469,0.12,0.13,0.87,0.88,0.01,0.01,75584.54,1776795282000
1776795284.867,284.867,0.13,0.14,0.86,0.87,0.01,0.01,75583.46,1776795284000
1776795285.303,285.303,0.14,0.15,0.85,0.86,0.01,0.01,75583.46,1776795284000
1776795285.65,285.65,0.14,0.15,0.85,0.86,0.01,0.01,75583.46,1776795284000
1776795286.01,286.01,0.13,0.14,0.85,0.87,0.01,0.02,75583.46,1776795284000
1776795286.45,286.45,0.12,0.13,0.86,0.87,0.01,0.01,75584.18,1776795285000
1776795286.834,286.834,0.12,0.13,0.87,0.88,0.01,0.01,75584.18,1776795285000
1776795287.221,287.221,0.1,0.11,0.88,0.89,0.01,0.01,75584.18,1776795285000
1776795287.559,287.559,0.1,0.11,0.89,0.9,0.01,0.01,75588.05,1776795286000
1776795287.894,287.894,0.1,0.11,0.85,0.9,0.01,0.05,75588.05,1776795286000
1776795288.238,288.238,0.11,0.12,0.88,0.89,0.01,0.01,75588.05,1776795286000
1776795288.735,288.735,0.14,0.15,0.85,0.86,0.01,0.01,75588.93,1776795287000
1776795289.099,289.099,0.1,0.13,0.85,0.87,0.03,0.02,75588.93,1776795288000
1776795289.464,289.464,0.1,0.11,0.89,0.9,0.01,0.01,75588.93,1776795288000
1776795289.903,289.903,0.1,0.11,0.89,0.9,0.01,0.01,75588.93,1776795288000
1776795290.334,290.334,0.1,0.11,0.89,0.9,0.01,0.01,75587.87,1776795289000
1776795290.745,290.745,0.09,0.1,0.9,0.91,0.01,0.01,75587.87,1776795289000
1776795291.093,291.093,0.08,0.09,0.91,0.92,0.01,0.01,75587.87,1776795289000
1776795291.43,291.43,0.08,0.09,0.91,0.92,0.01,0.01,75589.22,1776795290000
1776795291.772,291.772,0.08,0.09,0.91,0.92,0.01,0.01,75589.22,1776795290000
1776795292.316,292.316,0.07,0.08,0.92,0.93,0.01,0.01,75589.54,1776795291000
1776795292.697,292.697,0.07,0.08,0.92,0.93,0.01,0.01,75589.54,1776795291000
1776795293.081,293.081,0.06,0.07,0.92,0.94,0.01,0.02,75589.54,1776795291000
1776795293.473,293.473,0.06,0.07,0.93,0.94,0.01,0.01,75589.87,1776795292000
1776795293.927,293.927,0.06,0.07,0.93,0.94,0.01,0.01,75589.87,1776795292000
1776795294.396,294.396,0.06,0.07,0.93,0.94,0.01,0.01,75588.98,1776795293000
1776795294.869,294.869,0.05,0.06,0.94,0.95,0.01,0.01,75588.98,1776795293000
1776795295.209,295.209,0.05,0.06,0.92,0.99,0.01,0.07,75587.98,1776795294000
1776795295.555,295.555,0.02,0.03,0.97,0.98,0.01,0.01,75587.98,1776795294000
1776795295.948,295.948,0.01,0.02,0.98,0.99,0.01,0.01,75587.98,1776795294000
1776795296.294,296.294,0.01,0.04,0.96,0.97,0.03,0.01,75587.98,1776795294000
1776795296.639,296.639,0.01,0.02,0.98,0.99,0.01,0.01,75589.13,1776795295000
1776795296.998,296.998,0.01,0.02,0.98,0.99,0.01,0.01,75589.13,1776795296000
1776795297.336,297.336,0.01,0.01,0.99,0.99,0.0,0.0,75589.13,1776795296000
1776795297.748,297.748,0.01,0.01,0.99,0.99,0.0,0.0,75589.13,1776795296000
1776795298.155,298.155,0.01,0.01,0.99,0.99,0.0,0.0,75589.07,1776795297000
1776795298.523,298.523,0.01,0.01,0.99,0.99,0.0,0.0,75589.07,1776795297000
1776795298.869,298.869,0.01,0.01,0.99,0.99,0.0,0.0,75589.07,1776795297000
1776795299.22,299.22,0.01,0.01,0.99,0.99,0.0,0.0,75589.28,1776795298000
1776795299.663,299.663,0.01,0.01,0.99,0.99,0.0,0.0,75589.28,1776795298000
1776795300.031,300.031,0.01,0.01,0.99,0.99,0.0,0.0,75589.28,1776795298000
1776795300.479,300.479,0.01,0.01,0.99,0.99,0.0,0.0,75590.52,1776795299000
1776795300.938,300.938,0.01,0.01,0.99,0.99,0.0,0.0,75590.52,1776795299000

# RESULT,winner=Down,slug=btc-updown-5m-1776795000,ticks=699
