timestamp,elapsed_sec,up_bid,up_ask,down_bid,down_ask,up_spread,down_spread,btc_price,btc_oracle_ts
1776813300.661,0.661,0.48,0.49,0.51,0.52,0.01,0.01,75789.85,1776813299000
1776813301.11,1.11,0.48,0.49,0.51,0.52,0.01,0.01,75789.85,1776813299000
1776813301.527,1.527,0.48,0.49,0.51,0.52,0.01,0.01,75790.46,1776813300000
1776813301.914,1.914,0.48,0.49,0.51,0.52,0.01,0.01,75790.46,1776813300000
1776813302.279,2.279,0.48,0.49,0.51,0.52,0.01,0.01,75790.44,1776813301000
1776813302.726,2.726,0.48,0.49,0.51,0.52,0.01,0.01,75790.44,1776813301000
1776813303.104,3.104,0.48,0.49,0.51,0.52,0.01,0.01,75789.76,1776813302000
1776813303.51,3.51,0.48,0.49,0.51,0.52,0.01,0.01,75789.76,1776813302000
1776813304.104,4.104,0.48,0.49,0.51,0.52,0.01,0.01,75789.76,1776813302000
1776813304.463,4.463,0.48,0.49,0.51,0.52,0.01,0.01,75789.77,1776813303000
1776813304.95,4.95,0.48,0.49,0.51,0.52,0.01,0.01,75789.77,1776813303000
1776813305.301,5.301,0.48,0.49,0.51,0.52,0.01,0.01,75790.18,1776813304000
1776813305.901,5.901,0.48,0.49,0.51,0.52,0.01,0.01,75790.18,1776813304000
1776813306.265,6.265,0.48,0.49,0.51,0.52,0.01,0.01,75790.23,1776813305000
1776813306.915,6.915,0.48,0.49,0.51,0.52,0.01,0.01,75790.23,1776813305000
1776813307.259,7.259,0.48,0.49,0.51,0.52,0.01,0.01,75790.22,1776813306000
1776813307.598,7.598,0.48,0.5,0.5,0.52,0.02,0.02,75790.22,1776813306000
1776813308.006,8.006,0.54,0.55,0.44,0.49,0.01,0.05,75790.22,1776813306000
1776813308.347,8.347,0.54,0.55,0.45,0.46,0.01,0.01,75789.76,1776813307000
1776813309.037,9.037,0.54,0.55,0.45,0.46,0.01,0.01,75789.76,1776813307000
1776813309.415,9.415,0.54,0.55,0.45,0.46,0.01,0.01,75794.87,1776813308000
1776813309.799,9.799,0.54,0.55,0.45,0.46,0.01,0.01,75794.87,1776813308000
1776813310.174,10.174,0.54,0.55,0.45,0.46,0.01,0.01,75794.87,1776813308000
1776813310.52,10.52,0.56,0.57,0.43,0.44,0.01,0.01,75794.54,1776813309000
1776813310.867,10.867,0.56,0.57,0.43,0.44,0.01,0.01,75794.54,1776813309000
1776813311.271,11.271,0.54,0.56,0.44,0.45,0.02,0.01,75794.54,1776813309000
1776813311.607,11.607,0.53,0.54,0.46,0.47,0.01,0.01,75794.57,1776813310000
1776813311.946,11.946,0.53,0.54,0.46,0.47,0.01,0.01,75794.57,1776813310000
1776813312.287,12.287,0.53,0.54,0.46,0.47,0.01,0.01,75794.57,1776813310000
1776813312.639,12.639,0.53,0.54,0.46,0.47,0.01,0.01,75794.57,1776813310000
1776813313.022,13.022,0.53,0.54,0.46,0.47,0.01,0.01,75794.57,1776813310000
1776813313.46,13.46,0.53,0.54,0.46,0.47,0.01,0.01,75799.6,1776813311000
1776813313.859,13.859,0.53,0.54,0.46,0.47,0.01,0.01,75794.65,1776813312000
1776813314.205,14.205,0.54,0.55,0.45,0.47,0.01,0.02,75794.77,1776813313000
1776813314.676,14.676,0.54,0.55,0.45,0.46,0.01,0.01,75794.77,1776813313000
1776813315.082,15.082,0.54,0.55,0.45,0.46,0.01,0.01,75797.78,1776813314000
1776813315.461,15.461,0.54,0.55,0.45,0.46,0.01,0.01,75797.78,1776813314000
1776813315.815,15.815,0.54,0.55,0.45,0.46,0.01,0.01,75797.78,1776813314000
1776813316.212,16.212,0.52,0.53,0.47,0.48,0.01,0.01,75798.06,1776813315000
1776813316.664,16.664,0.51,0.52,0.48,0.49,0.01,0.01,75798.06,1776813315000
1776813317.03,17.03,0.51,0.52,0.48,0.49,0.01,0.01,75798.18,1776813316000
1776813317.417,17.417,0.51,0.52,0.48,0.49,0.01,0.01,75798.18,1776813316000
1776813317.763,17.763,0.51,0.52,0.48,0.49,0.01,0.01,75798.18,1776813316000
1776813318.132,18.132,0.51,0.52,0.48,0.49,0.01,0.01,75798.46,1776813317000
1776813318.51,18.51,0.51,0.52,0.48,0.49,0.01,0.01,75798.46,1776813317000
1776813319.026,19.026,0.51,0.52,0.48,0.49,0.01,0.01,75798.46,1776813317000
1776813319.432,19.432,0.51,0.52,0.48,0.49,0.01,0.01,75799.21,1776813318000
1776813319.767,19.767,0.51,0.52,0.48,0.49,0.01,0.01,75799.21,1776813318000
1776813320.12,20.12,0.52,0.54,0.47,0.49,0.02,0.02,75799.45,1776813319000
1776813320.472,20.472,0.54,0.55,0.45,0.46,0.01,0.01,75799.45,1776813319000
1776813320.809,20.809,0.54,0.55,0.45,0.46,0.01,0.01,75799.45,1776813319000
1776813321.27,21.27,0.58,0.59,0.41,0.42,0.01,0.01,75799.45,1776813320000
1776813321.761,21.761,0.58,0.59,0.41,0.42,0.01,0.01,75799.45,1776813320000
1776813322.28,22.28,0.58,0.59,0.41,0.42,0.01,0.01,75799.6,1776813321000
1776813322.676,22.676,0.58,0.59,0.41,0.42,0.01,0.01,75799.6,1776813321000
1776813323.025,23.025,0.58,0.59,0.41,0.42,0.01,0.01,75801.12,1776813322000
1776813323.48,23.48,0.58,0.59,0.41,0.42,0.01,0.01,75801.12,1776813322000
1776813324.252,24.252,0.58,0.59,0.41,0.42,0.01,0.01,75803.1,1776813323000
1776813324.608,24.608,0.52,0.54,0.44,0.47,0.02,0.03,75803.1,1776813323000
1776813324.941,24.941,0.51,0.53,0.47,0.48,0.02,0.01,75803.1,1776813323000
1776813325.274,25.274,0.51,0.52,0.48,0.49,0.01,0.01,75803.1,1776813324000
1776813325.612,25.612,0.51,0.52,0.48,0.49,0.01,0.01,75803.1,1776813324000
1776813326.064,26.064,0.51,0.52,0.48,0.49,0.01,0.01,75803.11,1776813325000
1776813326.425,26.425,0.5,0.51,0.49,0.5,0.01,0.01,75803.11,1776813325000
1776813326.793,26.793,0.5,0.51,0.49,0.5,0.01,0.01,75803.11,1776813325000
1776813327.165,27.165,0.5,0.51,0.49,0.5,0.01,0.01,75802.01,1776813326000
1776813327.508,27.508,0.5,0.51,0.49,0.5,0.01,0.01,75802.01,1776813326000
1776813327.884,27.884,0.5,0.51,0.49,0.5,0.01,0.01,75802.01,1776813326000
1776813328.229,28.229,0.5,0.51,0.49,0.5,0.01,0.01,75802.01,1776813326000
1776813328.565,28.565,0.49,0.5,0.5,0.51,0.01,0.01,75800.67,1776813327000
1776813328.978,28.978,0.49,0.5,0.5,0.51,0.01,0.01,75800.67,1776813327000
1776813329.559,29.559,0.49,0.5,0.5,0.51,0.01,0.01,75800.22,1776813328000
1776813329.919,29.919,0.4,0.46,0.54,0.59,0.06,0.05,75800.22,1776813328000
1776813330.422,30.422,0.4,0.44,0.56,0.6,0.04,0.04,75799.91,1776813329000
1776813330.9,30.9,0.42,0.44,0.56,0.6,0.02,0.04,75799.91,1776813329000
1776813331.263,31.263,0.4,0.41,0.59,0.6,0.01,0.01,75799.91,1776813329000
1776813331.598,31.598,0.35,0.4,0.6,0.65,0.05,0.05,75791.06,1776813330000
1776813332.028,32.028,0.35,0.41,0.59,0.65,0.06,0.06,75791.06,1776813330000
1776813332.361,32.361,0.35,0.41,0.59,0.65,0.06,0.06,75775.96,1776813331000
1776813332.697,32.697,0.37,0.41,0.59,0.63,0.04,0.04,75775.96,1776813331000
1776813333.111,33.111,0.35,0.41,0.59,0.65,0.06,0.06,75777.41,1776813332000
1776813333.446,33.446,0.4,0.41,0.59,0.6,0.01,0.01,75777.41,1776813332000
1776813333.784,33.784,0.35,0.41,0.58,0.65,0.06,0.07,75777.41,1776813332000
1776813334.137,34.137,0.37,0.38,0.62,0.63,0.01,0.01,75777.01,1776813333000
1776813334.59,34.59,0.37,0.39,0.61,0.63,0.02,0.02,75777.01,1776813333000
1776813334.961,34.961,0.38,0.39,0.61,0.62,0.01,0.01,75777.01,1776813333000
1776813335.328,35.328,0.38,0.4,0.6,0.62,0.02,0.02,75777.01,1776813334000
1776813335.678,35.678,0.39,0.4,0.6,0.61,0.01,0.01,75777.01,1776813334000
1776813336.019,36.019,0.39,0.41,0.59,0.61,0.02,0.02,75777.01,1776813334000
1776813336.373,36.373,0.41,0.42,0.57,0.59,0.01,0.02,75777.01,1776813334000
1776813336.713,36.713,0.41,0.43,0.57,0.59,0.02,0.02,75778.08,1776813335000
1776813337.097,37.097,0.43,0.44,0.56,0.58,0.01,0.02,75778.08,1776813335000
1776813337.486,37.486,0.43,0.45,0.55,0.57,0.02,0.02,75778.08,1776813335000
1776813337.846,37.846,0.44,0.45,0.55,0.56,0.01,0.01,75778.45,1776813336000
1776813338.31,38.31,0.44,0.45,0.55,0.56,0.01,0.01,75782.63,1776813337000
1776813338.657,38.657,0.44,0.45,0.55,0.56,0.01,0.01,75782.63,1776813337000
1776813339.004,39.004,0.44,0.45,0.55,0.56,0.01,0.01,75782.63,1776813337000
1776813339.435,39.435,0.44,0.45,0.55,0.56,0.01,0.01,75785.84,1776813338000
1776813339.881,39.881,0.44,0.45,0.55,0.56,0.01,0.01,75785.84,1776813338000
1776813340.464,40.464,0.44,0.45,0.55,0.56,0.01,0.01,75786.03,1776813339000
1776813340.82,40.82,0.44,0.45,0.55,0.56,0.01,0.01,75786.03,1776813339000
1776813341.194,41.194,0.44,0.45,0.55,0.56,0.01,0.01,75786.02,1776813340000
1776813341.551,41.551,0.44,0.45,0.55,0.56,0.01,0.01,75786.02,1776813340000
1776813342.137,42.137,0.44,0.45,0.55,0.56,0.01,0.01,75786.02,1776813340000
1776813342.528,42.528,0.44,0.45,0.55,0.56,0.01,0.01,75786.02,1776813341000
1776813343.043,43.043,0.44,0.45,0.55,0.56,0.01,0.01,75786.02,1776813341000
1776813343.403,43.403,0.44,0.45,0.55,0.56,0.01,0.01,75786.02,1776813341000
1776813343.941,43.941,0.44,0.45,0.55,0.56,0.01,0.01,75785.62,1776813342000
1776813344.304,44.304,0.43,0.45,0.55,0.56,0.02,0.01,75786.85,1776813343000
1776813345.153,45.153,0.43,0.45,0.55,0.57,0.02,0.02,75788.17,1776813344000
1776813345.541,45.541,0.43,0.44,0.56,0.57,0.01,0.01,75788.17,1776813344000
1776813345.919,45.919,0.43,0.44,0.56,0.57,0.01,0.01,75788.17,1776813344000
1776813346.441,46.441,0.43,0.44,0.56,0.57,0.01,0.01,75788.17,1776813345000
1776813347.004,47.004,0.43,0.44,0.56,0.57,0.01,0.01,75787.94,1776813346000
1776813347.589,47.589,0.43,0.44,0.56,0.57,0.01,0.01,75787.94,1776813346000
1776813347.997,47.997,0.43,0.44,0.56,0.57,0.01,0.01,75787.94,1776813346000
1776813348.387,48.387,0.43,0.44,0.56,0.57,0.01,0.01,75786.92,1776813347000
1776813348.915,48.915,0.43,0.44,0.56,0.57,0.01,0.01,75786.92,1776813347000
1776813349.296,49.296,0.43,0.44,0.56,0.57,0.01,0.01,75786.92,1776813347000
1776813349.732,49.732,0.43,0.44,0.56,0.57,0.01,0.01,75785.72,1776813348000
1776813350.111,50.111,0.43,0.46,0.56,0.57,0.03,0.01,75785.72,1776813349000
1776813351.091,51.091,0.43,0.44,0.56,0.57,0.01,0.01,75785.72,1776813349000
1776813351.45,51.45,0.43,0.46,0.56,0.57,0.03,0.01,75788.03,1776813350000
1776813351.786,51.786,0.48,0.49,0.51,0.52,0.01,0.01,75788.03,1776813350000
1776813352.148,52.148,0.56,0.57,0.42,0.44,0.01,0.02,75788.03,1776813350000
1776813352.515,52.515,0.56,0.58,0.42,0.44,0.02,0.02,75788.09,1776813351000
1776813352.865,52.865,0.57,0.58,0.42,0.43,0.01,0.01,75788.09,1776813351000
1776813353.21,53.21,0.57,0.58,0.42,0.43,0.01,0.01,75788.09,1776813352000
1776813353.845,53.845,0.57,0.58,0.42,0.43,0.01,0.01,75788.09,1776813352000
1776813354.207,54.207,0.57,0.58,0.42,0.43,0.01,0.01,75795.09,1776813353000
1776813354.551,54.551,0.57,0.58,0.42,0.43,0.01,0.01,75795.09,1776813353000
1776813354.895,54.895,0.57,0.58,0.42,0.43,0.01,0.01,75795.09,1776813353000
1776813355.233,55.233,0.57,0.58,0.42,0.43,0.01,0.01,75795.09,1776813353000
1776813355.775,55.775,0.57,0.58,0.42,0.43,0.01,0.01,75799.99,1776813354000
1776813356.3,56.3,0.57,0.58,0.42,0.43,0.01,0.01,75799.99,1776813354000
1776813356.692,56.692,0.57,0.58,0.42,0.43,0.01,0.01,75799.97,1776813355000
1776813357.224,57.224,0.57,0.58,0.42,0.43,0.01,0.01,75799.97,1776813356000
1776813357.74,57.74,0.57,0.58,0.42,0.43,0.01,0.01,75799.97,1776813356000
1776813358.266,58.266,0.55,0.56,0.44,0.45,0.01,0.01,75799.97,1776813356000
1776813358.71,58.71,0.55,0.56,0.44,0.46,0.01,0.02,75799.94,1776813357000
1776813359.058,59.058,0.54,0.56,0.44,0.45,0.02,0.01,75799.94,1776813357000
1776813359.659,59.659,0.54,0.55,0.45,0.46,0.01,0.01,75799.94,1776813358000
1776813360.077,60.077,0.54,0.55,0.45,0.46,0.01,0.01,75799.94,1776813358000
1776813360.443,60.443,0.54,0.56,0.45,0.46,0.02,0.01,75799.95,1776813359000
1776813360.814,60.814,0.56,0.57,0.43,0.45,0.01,0.02,75799.95,1776813359000
1776813361.248,61.248,0.56,0.57,0.43,0.44,0.01,0.01,75799.95,1776813359000
1776813361.582,61.582,0.56,0.57,0.43,0.44,0.01,0.01,75799.95,1776813359000
1776813361.951,61.951,0.57,0.58,0.42,0.43,0.01,0.01,75799.97,1776813360000
1776813362.352,62.352,0.57,0.58,0.42,0.43,0.01,0.01,75799.97,1776813360000
1776813362.754,62.754,0.57,0.58,0.42,0.43,0.01,0.01,75799.97,1776813361000
1776813363.286,63.286,0.57,0.58,0.42,0.43,0.01,0.01,75799.97,1776813361000
1776813363.664,63.664,0.57,0.58,0.42,0.43,0.01,0.01,75800.22,1776813362000
1776813364.082,64.082,0.57,0.58,0.42,0.43,0.01,0.01,75800.22,1776813362000
1776813364.539,64.539,0.57,0.58,0.42,0.43,0.01,0.01,75800.22,1776813362000
1776813364.931,64.931,0.56,0.57,0.43,0.44,0.01,0.01,75800.22,1776813363000
1776813365.328,65.328,0.56,0.57,0.43,0.44,0.01,0.01,75800.25,1776813364000
1776813365.75,65.75,0.56,0.57,0.43,0.44,0.01,0.01,75800.25,1776813364000
1776813366.12,66.12,0.56,0.57,0.43,0.44,0.01,0.01,75800.25,1776813364000
1776813366.489,66.489,0.55,0.57,0.43,0.44,0.02,0.01,75800.25,1776813364000
1776813366.917,66.917,0.56,0.57,0.43,0.44,0.01,0.01,75800.25,1776813365000
1776813367.275,67.275,0.57,0.58,0.42,0.43,0.01,0.01,75800.24,1776813366000
1776813367.621,67.621,0.57,0.59,0.41,0.43,0.02,0.02,75800.24,1776813366000
1776813368.042,68.042,0.6,0.61,0.39,0.4,0.01,0.01,75800.24,1776813366000
1776813368.743,68.743,0.6,0.61,0.39,0.4,0.01,0.01,75800.24,1776813366000
1776813369.08,69.08,0.62,0.67,0.33,0.36,0.05,0.03,75804.23,1776813367000
1776813369.429,69.429,0.63,0.65,0.37,0.38,0.02,0.01,75804.23,1776813367000
1776813369.764,69.764,0.66,0.68,0.32,0.34,0.02,0.02,75809.05,1776813368000
1776813370.14,70.14,0.66,0.67,0.33,0.34,0.01,0.01,75809.05,1776813368000
1776813370.477,70.477,0.66,0.67,0.33,0.34,0.01,0.01,75813.5,1776813369000
1776813370.89,70.89,0.68,0.69,0.31,0.32,0.01,0.01,75813.5,1776813369000
1776813371.279,71.279,0.68,0.69,0.31,0.32,0.01,0.01,75813.5,1776813369000
1776813371.634,71.634,0.68,0.69,0.31,0.32,0.01,0.01,75816.97,1776813370000
1776813372.089,72.089,0.65,0.67,0.33,0.35,0.02,0.02,75816.97,1776813370000
1776813372.436,72.436,0.63,0.64,0.36,0.37,0.01,0.01,75816.97,1776813370000
1776813372.839,72.839,0.61,0.62,0.37,0.4,0.01,0.03,75816.97,1776813370000
1776813373.204,73.204,0.61,0.62,0.38,0.39,0.01,0.01,75816.97,1776813371000
1776813373.645,73.645,0.61,0.62,0.38,0.39,0.01,0.01,75816.97,1776813371000
1776813374.103,74.103,0.61,0.62,0.38,0.39,0.01,0.01,75816.97,1776813372000
1776813374.488,74.488,0.61,0.62,0.38,0.39,0.01,0.01,75816.97,1776813372000
1776813374.865,74.865,0.61,0.62,0.38,0.39,0.01,0.01,75812.1,1776813373000
1776813375.346,75.346,0.61,0.62,0.38,0.39,0.01,0.01,75812.1,1776813373000
1776813376.005,76.005,0.6,0.61,0.39,0.4,0.01,0.01,75810.64,1776813374000
1776813376.382,76.382,0.6,0.61,0.39,0.4,0.01,0.01,75810.35,1776813375000
1776813376.734,76.734,0.59,0.6,0.4,0.41,0.01,0.01,75810.35,1776813375000
1776813377.11,77.11,0.6,0.61,0.39,0.4,0.01,0.01,75810.35,1776813375000
1776813377.485,77.485,0.6,0.61,0.39,0.4,0.01,0.01,75811.48,1776813376000
1776813378.0,78.0,0.6,0.61,0.39,0.4,0.01,0.01,75811.48,1776813376000
1776813378.333,78.333,0.6,0.61,0.39,0.4,0.01,0.01,75811.48,1776813376000
1776813378.735,78.735,0.6,0.61,0.38,0.4,0.01,0.02,75811.48,1776813377000
1776813379.156,79.156,0.6,0.61,0.39,0.4,0.01,0.01,75810.32,1776813378000
1776813379.629,79.629,0.65,0.66,0.34,0.35,0.01,0.01,75810.32,1776813378000
1776813379.974,79.974,0.65,0.66,0.34,0.35,0.01,0.01,75810.32,1776813378000
1776813380.319,80.319,0.65,0.66,0.34,0.35,0.01,0.01,75810.32,1776813378000
1776813380.669,80.669,0.65,0.66,0.34,0.35,0.01,0.01,75810.61,1776813379000
1776813381.084,81.084,0.66,0.67,0.33,0.34,0.01,0.01,75810.61,1776813379000
1776813381.468,81.468,0.68,0.71,0.29,0.32,0.03,0.03,75810.61,1776813380000
1776813381.837,81.837,0.71,0.72,0.28,0.29,0.01,0.01,75810.61,1776813380000
1776813382.252,82.252,0.71,0.72,0.28,0.29,0.01,0.01,75810.61,1776813380000
1776813382.704,82.704,0.71,0.72,0.28,0.29,0.01,0.01,75817.37,1776813381000
1776813383.07,83.07,0.71,0.72,0.28,0.29,0.01,0.01,75817.37,1776813381000
1776813383.465,83.465,0.7,0.72,0.28,0.3,0.02,0.02,75819.08,1776813382000
1776813383.903,83.903,0.7,0.71,0.29,0.3,0.01,0.01,75819.08,1776813382000
1776813384.3,84.3,0.68,0.69,0.31,0.32,0.01,0.01,75819.08,1776813382000
1776813384.696,84.696,0.68,0.69,0.31,0.32,0.01,0.01,75823.46,1776813383000
1776813385.077,85.077,0.68,0.69,0.31,0.32,0.01,0.01,75823.46,1776813383000
1776813385.431,85.431,0.68,0.69,0.31,0.32,0.01,0.01,75823.46,1776813383000
1776813385.834,85.834,0.68,0.69,0.31,0.32,0.01,0.01,75822.04,1776813384000
1776813386.284,86.284,0.68,0.69,0.31,0.32,0.01,0.01,75820.98,1776813385000
1776813387.096,87.096,0.68,0.69,0.31,0.32,0.01,0.01,75820.98,1776813385000
1776813387.529,87.529,0.68,0.69,0.31,0.32,0.01,0.01,75822.05,1776813386000
1776813388.173,88.173,0.68,0.69,0.31,0.32,0.01,0.01,75820.07,1776813387000
1776813388.742,88.742,0.68,0.69,0.31,0.32,0.01,0.01,75820.07,1776813387000
1776813389.094,89.094,0.68,0.69,0.31,0.32,0.01,0.01,75820.07,1776813387000
1776813389.43,89.43,0.68,0.69,0.31,0.32,0.01,0.01,75820.07,1776813387000
1776813389.858,89.858,0.68,0.69,0.31,0.32,0.01,0.01,75819.36,1776813388000
1776813390.217,90.217,0.68,0.69,0.31,0.32,0.01,0.01,75819.36,1776813389000
1776813390.571,90.571,0.68,0.69,0.31,0.32,0.01,0.01,75819.36,1776813389000
1776813390.937,90.937,0.68,0.69,0.31,0.32,0.01,0.01,75819.36,1776813389000
1776813391.323,91.323,0.68,0.69,0.31,0.32,0.01,0.01,75820.58,1776813390000
1776813391.759,91.759,0.67,0.69,0.31,0.32,0.02,0.01,75820.58,1776813390000
1776813392.15,92.15,0.62,0.64,0.36,0.38,0.02,0.02,75820.33,1776813391000
1776813393.423,93.423,0.62,0.67,0.33,0.38,0.05,0.05,75818.84,1776813392000
1776813393.787,93.787,0.62,0.65,0.35,0.38,0.03,0.03,75818.84,1776813392000
1776813394.192,94.192,0.61,0.63,0.37,0.39,0.02,0.02,75818.84,1776813392000
1776813394.533,94.533,0.57,0.63,0.37,0.43,0.06,0.06,75818.84,1776813392000
1776813394.955,94.955,0.55,0.56,0.43,0.46,0.01,0.03,75808.86,1776813393000
1776813395.312,95.312,0.55,0.57,0.43,0.45,0.02,0.02,75809.43,1776813394000
1776813395.764,95.764,0.56,0.57,0.42,0.44,0.01,0.02,75809.43,1776813394000
1776813396.111,96.111,0.56,0.57,0.43,0.44,0.01,0.01,75809.43,1776813394000
1776813396.781,96.781,0.56,0.57,0.43,0.44,0.01,0.01,75809.33,1776813395000
1776813397.247,97.247,0.56,0.57,0.43,0.44,0.01,0.01,75809.33,1776813395000
1776813397.745,97.745,0.56,0.57,0.43,0.44,0.01,0.01,75808.95,1776813396000
1776813398.095,98.095,0.57,0.58,0.42,0.44,0.01,0.02,75808.95,1776813396000
1776813398.619,98.619,0.57,0.58,0.42,0.43,0.01,0.01,75809.47,1776813397000
1776813398.974,98.974,0.57,0.58,0.42,0.43,0.01,0.01,75809.47,1776813397000
1776813399.658,99.658,0.57,0.58,0.42,0.43,0.01,0.01,75809.47,1776813398000
1776813400.024,100.024,0.57,0.58,0.42,0.43,0.01,0.01,75809.47,1776813398000
1776813400.437,100.437,0.57,0.58,0.42,0.43,0.01,0.01,75809.76,1776813399000
1776813400.844,100.844,0.57,0.58,0.42,0.43,0.01,0.01,75809.76,1776813399000
1776813401.219,101.219,0.57,0.59,0.41,0.43,0.02,0.02,75809.01,1776813400000
1776813401.579,101.579,0.58,0.59,0.41,0.42,0.01,0.01,75809.01,1776813400000
1776813401.999,101.999,0.54,0.55,0.41,0.46,0.01,0.05,75809.01,1776813400000
1776813402.68,102.68,0.57,0.59,0.44,0.46,0.02,0.02,75809.17,1776813401000
1776813403.028,103.028,0.61,0.64,0.36,0.39,0.03,0.03,75809.17,1776813401000
1776813403.411,103.411,0.63,0.64,0.36,0.37,0.01,0.01,75809.17,1776813401000
1776813403.756,103.756,0.63,0.64,0.36,0.37,0.01,0.01,75810.45,1776813402000
1776813404.161,104.161,0.61,0.62,0.36,0.37,0.01,0.01,75810.73,1776813403000
1776813404.867,104.867,0.61,0.62,0.38,0.39,0.01,0.01,75810.73,1776813403000
1776813405.242,105.242,0.61,0.62,0.38,0.39,0.01,0.01,75810.73,1776813403000
1776813405.787,105.787,0.62,0.63,0.37,0.39,0.01,0.02,75812.38,1776813404000
1776813406.283,106.283,0.62,0.63,0.37,0.38,0.01,0.01,75812.14,1776813405000
1776813406.644,106.644,0.62,0.63,0.37,0.38,0.01,0.01,75812.14,1776813405000
1776813406.995,106.995,0.62,0.63,0.37,0.38,0.01,0.01,75812.93,1776813406000
1776813407.465,107.465,0.62,0.63,0.37,0.38,0.01,0.01,75812.93,1776813406000
1776813408.04,108.04,0.62,0.63,0.37,0.38,0.01,0.01,75813.22,1776813407000
1776813409.101,109.101,0.62,0.63,0.37,0.38,0.01,0.01,75812.93,1776813408000
1776813409.968,109.968,0.62,0.63,0.37,0.38,0.01,0.01,75812.89,1776813409000
1776813410.447,110.447,0.62,0.63,0.37,0.38,0.01,0.01,75812.89,1776813409000
1776813410.946,110.946,0.62,0.63,0.37,0.38,0.01,0.01,75813.22,1776813410000
1776813411.296,111.296,0.67,0.68,0.32,0.33,0.01,0.01,75813.22,1776813410000
1776813411.629,111.629,0.68,0.72,0.28,0.32,0.04,0.04,75813.22,1776813410000
1776813412.192,112.192,0.71,0.72,0.28,0.29,0.01,0.01,75813.24,1776813411000
1776813412.724,112.724,0.71,0.72,0.28,0.29,0.01,0.01,75813.24,1776813411000
1776813413.285,113.285,0.71,0.72,0.28,0.29,0.01,0.01,75814.78,1776813412000
1776813413.64,113.64,0.71,0.72,0.28,0.29,0.01,0.01,75814.78,1776813412000
1776813414.068,114.068,0.71,0.72,0.28,0.29,0.01,0.01,75820.25,1776813413000
1776813414.505,114.505,0.71,0.72,0.28,0.29,0.01,0.01,75820.25,1776813413000
1776813414.958,114.958,0.71,0.72,0.28,0.29,0.01,0.01,75820.25,1776813413000
1776813415.409,115.409,0.71,0.72,0.28,0.29,0.01,0.01,75821.68,1776813414000
1776813415.786,115.786,0.71,0.72,0.28,0.29,0.01,0.01,75821.68,1776813414000
1776813416.168,116.168,0.7,0.71,0.28,0.31,0.01,0.03,75821.71,1776813415000
1776813416.521,116.521,0.7,0.71,0.29,0.3,0.01,0.01,75821.71,1776813415000
1776813416.997,116.997,0.7,0.71,0.29,0.3,0.01,0.01,75821.71,1776813415000
1776813417.336,117.336,0.7,0.71,0.29,0.3,0.01,0.01,75823.55,1776813416000
1776813417.708,117.708,0.7,0.71,0.29,0.3,0.01,0.01,75823.55,1776813416000
1776813418.157,118.157,0.7,0.71,0.29,0.3,0.01,0.01,75823.55,1776813416000
1776813418.5,118.5,0.7,0.71,0.29,0.3,0.01,0.01,75823.55,1776813417000
1776813419.043,119.043,0.7,0.71,0.29,0.3,0.01,0.01,75823.55,1776813417000
1776813419.537,119.537,0.7,0.71,0.29,0.3,0.01,0.01,75823.59,1776813418000
1776813419.921,119.921,0.7,0.71,0.29,0.3,0.01,0.01,75823.59,1776813418000
1776813420.356,120.356,0.7,0.71,0.29,0.3,0.01,0.01,75822.45,1776813419000
1776813420.732,120.732,0.7,0.71,0.29,0.3,0.01,0.01,75822.45,1776813419000
1776813421.067,121.067,0.7,0.71,0.29,0.3,0.01,0.01,75822.24,1776813420000
1776813421.527,121.527,0.7,0.71,0.29,0.3,0.01,0.01,75822.24,1776813420000
1776813421.928,121.928,0.7,0.72,0.29,0.3,0.02,0.01,75822.24,1776813420000
1776813422.381,122.381,0.74,0.75,0.25,0.26,0.01,0.01,75822.26,1776813421000
1776813422.786,122.786,0.74,0.75,0.25,0.26,0.01,0.01,75822.26,1776813421000
1776813423.283,123.283,0.74,0.76,0.25,0.26,0.02,0.01,75822.21,1776813422000
1776813423.656,123.656,0.75,0.79,0.21,0.25,0.04,0.04,75822.21,1776813422000
1776813424.006,124.006,0.78,0.8,0.2,0.22,0.02,0.02,75822.21,1776813422000
1776813424.431,124.431,0.79,0.8,0.2,0.21,0.01,0.01,75825.54,1776813423000
1776813424.875,124.875,0.79,0.8,0.2,0.21,0.01,0.01,75825.54,1776813423000
1776813425.291,125.291,0.79,0.8,0.2,0.21,0.01,0.01,75825.54,1776813423000
1776813425.647,125.647,0.8,0.81,0.2,0.21,0.01,0.01,75829.07,1776813424000
1776813426.016,126.016,0.8,0.81,0.19,0.2,0.01,0.01,75829.07,1776813424000
1776813426.779,126.779,0.81,0.82,0.19,0.2,0.01,0.01,75835.15,1776813425000
1776813427.156,127.156,0.81,0.82,0.18,0.19,0.01,0.01,75835.15,1776813425000
1776813427.668,127.668,0.81,0.82,0.18,0.19,0.01,0.01,75836.71,1776813426000
1776813428.075,128.075,0.81,0.82,0.18,0.19,0.01,0.01,75836.71,1776813426000
1776813428.417,128.417,0.81,0.82,0.18,0.19,0.01,0.01,75836.7,1776813427000
1776813429.12,129.12,0.81,0.82,0.18,0.19,0.01,0.01,75836.7,1776813427000
1776813429.727,129.727,0.81,0.82,0.18,0.19,0.01,0.01,75836.7,1776813428000
1776813430.072,130.072,0.81,0.82,0.18,0.19,0.01,0.01,75836.7,1776813428000
1776813430.655,130.655,0.81,0.82,0.18,0.19,0.01,0.01,75836.69,1776813429000
1776813431.082,131.082,0.81,0.82,0.18,0.19,0.01,0.01,75836.69,1776813429000
1776813432.517,132.517,0.81,0.82,0.18,0.19,0.01,0.01,75836.69,1776813430000
1776813433.002,133.002,0.83,0.84,0.16,0.17,0.01,0.01,75836.77,1776813432000
1776813433.342,133.342,0.83,0.84,0.16,0.17,0.01,0.01,75836.77,1776813432000
1776813433.693,133.693,0.86,0.87,0.12,0.14,0.01,0.02,75836.77,1776813432000
1776813434.082,134.082,0.86,0.87,0.13,0.14,0.01,0.01,75836.77,1776813432000
1776813434.428,134.428,0.86,0.87,0.13,0.14,0.01,0.01,75836.77,1776813432000
1776813434.864,134.864,0.86,0.87,0.13,0.14,0.01,0.01,75839.18,1776813433000
1776813435.269,135.269,0.86,0.87,0.13,0.14,0.01,0.01,75843.13,1776813434000
1776813435.626,135.626,0.86,0.87,0.13,0.14,0.01,0.01,75843.13,1776813434000
1776813436.025,136.025,0.86,0.87,0.13,0.14,0.01,0.01,75843.13,1776813434000
1776813436.51,136.51,0.86,0.87,0.13,0.14,0.01,0.01,75843.13,1776813434000
1776813437.011,137.011,0.86,0.87,0.13,0.14,0.01,0.01,75846.76,1776813435000
1776813437.492,137.492,0.86,0.87,0.13,0.14,0.01,0.01,75846.76,1776813436000
1776813437.9,137.9,0.86,0.87,0.13,0.14,0.01,0.01,75846.76,1776813436000
1776813438.263,138.263,0.86,0.87,0.13,0.14,0.01,0.01,75846.76,1776813436000
1776813438.792,138.792,0.85,0.87,0.13,0.15,0.02,0.02,75846.76,1776813437000
1776813439.218,139.218,0.85,0.86,0.14,0.15,0.01,0.01,75846.76,1776813437000
1776813439.57,139.57,0.85,0.86,0.14,0.15,0.01,0.01,75846.76,1776813438000
1776813440.036,140.036,0.86,0.87,0.13,0.15,0.01,0.02,75846.76,1776813438000
1776813440.388,140.388,0.86,0.87,0.13,0.14,0.01,0.01,75847.3,1776813439000
1776813440.842,140.842,0.86,0.87,0.13,0.14,0.01,0.01,75847.3,1776813439000
1776813441.332,141.332,0.86,0.87,0.13,0.14,0.01,0.01,75847.3,1776813439000
1776813441.713,141.713,0.86,0.87,0.13,0.14,0.01,0.01,75847.7,1776813440000
1776813442.349,142.349,0.86,0.87,0.13,0.14,0.01,0.01,75847.7,1776813440000
1776813442.744,142.744,0.86,0.87,0.13,0.14,0.01,0.01,75848.18,1776813441000
1776813443.097,143.097,0.86,0.87,0.13,0.14,0.01,0.01,75848.18,1776813441000
1776813443.442,143.442,0.86,0.87,0.13,0.14,0.01,0.01,75848.19,1776813442000
1776813443.843,143.843,0.86,0.87,0.13,0.14,0.01,0.01,75848.19,1776813442000
1776813444.182,144.182,0.86,0.87,0.13,0.14,0.01,0.01,75848.19,1776813442000
1776813444.567,144.567,0.86,0.87,0.13,0.14,0.01,0.01,75848.19,1776813442000
1776813444.967,144.967,0.86,0.87,0.13,0.14,0.01,0.01,75848.15,1776813443000
1776813445.577,145.577,0.86,0.87,0.13,0.14,0.01,0.01,75848.16,1776813444000
1776813445.946,145.946,0.86,0.87,0.13,0.14,0.01,0.01,75848.16,1776813444000
1776813446.291,146.291,0.86,0.87,0.13,0.14,0.01,0.01,75848.23,1776813445000
1776813446.802,146.802,0.86,0.87,0.13,0.14,0.01,0.01,75848.23,1776813445000
1776813447.187,147.187,0.86,0.87,0.13,0.14,0.01,0.01,75848.23,1776813445000
1776813447.547,147.547,0.86,0.87,0.13,0.14,0.01,0.01,75848.23,1776813445000
1776813448.237,148.237,0.86,0.87,0.13,0.14,0.01,0.01,75847.81,1776813446000
1776813448.582,148.582,0.86,0.87,0.13,0.14,0.01,0.01,75847.56,1776813447000
1776813449.004,149.004,0.86,0.87,0.13,0.14,0.01,0.01,75847.56,1776813447000
1776813449.604,149.604,0.86,0.87,0.13,0.14,0.01,0.01,75846.22,1776813448000
1776813450.12,150.12,0.86,0.87,0.13,0.14,0.01,0.01,75846.22,1776813448000
1776813450.461,150.461,0.86,0.87,0.13,0.14,0.01,0.01,75846.95,1776813449000
1776813450.806,150.806,0.86,0.87,0.13,0.14,0.01,0.01,75846.95,1776813449000
1776813451.139,151.139,0.86,0.87,0.13,0.14,0.01,0.01,75846.94,1776813450000
1776813451.478,151.478,0.86,0.87,0.13,0.14,0.01,0.01,75846.94,1776813450000
1776813451.998,151.998,0.86,0.87,0.13,0.14,0.01,0.01,75846.94,1776813450000
1776813452.364,152.364,0.86,0.87,0.13,0.14,0.01,0.01,75846.89,1776813451000
1776813452.814,152.814,0.86,0.87,0.13,0.14,0.01,0.01,75846.89,1776813451000
1776813453.15,153.15,0.86,0.87,0.13,0.14,0.01,0.01,75845.94,1776813452000
1776813453.513,153.513,0.86,0.87,0.13,0.14,0.01,0.01,75845.94,1776813452000
1776813453.885,153.885,0.86,0.87,0.13,0.14,0.01,0.01,75845.94,1776813452000
1776813454.836,154.836,0.86,0.87,0.13,0.14,0.01,0.01,75845.32,1776813453000
1776813455.234,155.234,0.86,0.87,0.13,0.14,0.01,0.01,75844.64,1776813454000
1776813455.651,155.651,0.86,0.87,0.13,0.14,0.01,0.01,75844.64,1776813454000
1776813456.332,156.332,0.86,0.87,0.13,0.14,0.01,0.01,75844.64,1776813454000
1776813456.733,156.733,0.87,0.88,0.12,0.14,0.01,0.02,75845.89,1776813455000
1776813457.078,157.078,0.87,0.88,0.12,0.13,0.01,0.01,75846.22,1776813456000
1776813457.448,157.448,0.87,0.88,0.12,0.13,0.01,0.01,75846.22,1776813456000
1776813457.94,157.94,0.87,0.88,0.12,0.13,0.01,0.01,75846.22,1776813456000
1776813458.342,158.342,0.87,0.88,0.12,0.13,0.01,0.01,75846.37,1776813457000
1776813458.729,158.729,0.87,0.88,0.12,0.13,0.01,0.01,75846.37,1776813457000
1776813459.138,159.138,0.87,0.88,0.12,0.13,0.01,0.01,75846.37,1776813458000
1776813459.513,159.513,0.86,0.87,0.13,0.14,0.01,0.01,75846.37,1776813458000
1776813459.846,159.846,0.86,0.87,0.13,0.14,0.01,0.01,75846.37,1776813458000
1776813460.231,160.231,0.86,0.87,0.13,0.14,0.01,0.01,75847,1776813459000
1776813460.591,160.591,0.86,0.87,0.13,0.14,0.01,0.01,75847,1776813459000
1776813460.936,160.936,0.86,0.87,0.13,0.14,0.01,0.01,75847,1776813459000
1776813461.325,161.325,0.86,0.87,0.13,0.14,0.01,0.01,75847,1776813459000
1776813461.783,161.783,0.86,0.87,0.13,0.14,0.01,0.01,75844.92,1776813460000
1776813462.119,162.119,0.86,0.87,0.13,0.14,0.01,0.01,75844.91,1776813461000
1776813462.469,162.469,0.86,0.87,0.13,0.14,0.01,0.01,75844.91,1776813461000
1776813462.809,162.809,0.86,0.87,0.13,0.14,0.01,0.01,75844.91,1776813461000
1776813463.221,163.221,0.86,0.87,0.13,0.14,0.01,0.01,75844.91,1776813461000
1776813463.588,163.588,0.86,0.87,0.13,0.14,0.01,0.01,75844.8,1776813462000
1776813464.137,164.137,0.86,0.87,0.13,0.14,0.01,0.01,75844.27,1776813463000
1776813465.047,165.047,0.86,0.87,0.13,0.14,0.01,0.01,75844.27,1776813463000
1776813465.731,165.731,0.86,0.88,0.13,0.14,0.02,0.01,75843.85,1776813464000
1776813466.099,166.099,0.88,0.89,0.11,0.13,0.01,0.02,75844.38,1776813465000
1776813466.527,166.527,0.88,0.89,0.11,0.12,0.01,0.01,75844.38,1776813465000
1776813466.985,166.985,0.89,0.9,0.1,0.11,0.01,0.01,75844.38,1776813465000
1776813467.416,167.416,0.89,0.9,0.1,0.11,0.01,0.01,75845.4,1776813466000
1776813467.768,167.768,0.89,0.9,0.1,0.11,0.01,0.01,75845.4,1776813466000
1776813468.329,168.329,0.9,0.91,0.1,0.11,0.01,0.01,75845.6,1776813467000
1776813468.714,168.714,0.9,0.91,0.09,0.1,0.01,0.01,75845.6,1776813467000
1776813469.058,169.058,0.9,0.91,0.09,0.1,0.01,0.01,75847.12,1776813468000
1776813469.415,169.415,0.9,0.91,0.09,0.1,0.01,0.01,75847.12,1776813468000
1776813469.977,169.977,0.9,0.91,0.09,0.1,0.01,0.01,75847.12,1776813468000
1776813470.499,170.499,0.9,0.91,0.09,0.1,0.01,0.01,75847.6,1776813469000
1776813470.88,170.88,0.88,0.89,0.11,0.12,0.01,0.01,75847.6,1776813469000
1776813471.251,171.251,0.88,0.89,0.11,0.12,0.01,0.01,75847.24,1776813470000
1776813472.183,172.183,0.88,0.89,0.11,0.12,0.01,0.01,75847.24,1776813471000
1776813472.61,172.61,0.87,0.89,0.11,0.12,0.02,0.01,75847.24,1776813471000
1776813473.363,173.363,0.87,0.88,0.11,0.13,0.01,0.02,75847.24,1776813471000
1776813473.74,173.74,0.87,0.88,0.12,0.13,0.01,0.01,75845.09,1776813472000
1776813474.295,174.295,0.87,0.88,0.12,0.13,0.01,0.01,75845.67,1776813473000
1776813474.745,174.745,0.87,0.88,0.12,0.13,0.01,0.01,75845.67,1776813473000
1776813475.317,175.317,0.87,0.88,0.12,0.13,0.01,0.01,75844.78,1776813474000
1776813475.874,175.874,0.87,0.88,0.12,0.13,0.01,0.01,75844.78,1776813474000
1776813476.346,176.346,0.87,0.88,0.12,0.13,0.01,0.01,75844.78,1776813474000
1776813476.922,176.922,0.87,0.88,0.12,0.13,0.01,0.01,75844.38,1776813476000
1776813477.333,177.333,0.87,0.88,0.12,0.13,0.01,0.01,75844.38,1776813476000
1776813477.993,177.993,0.86,0.88,0.12,0.13,0.02,0.01,75844.38,1776813476000
1776813478.343,178.343,0.82,0.83,0.17,0.18,0.01,0.01,75844.38,1776813476000
1776813478.696,178.696,0.79,0.82,0.18,0.24,0.03,0.06,75843.27,1776813477000
1776813479.044,179.044,0.78,0.79,0.21,0.22,0.01,0.01,75843.27,1776813477000
1776813479.605,179.605,0.78,0.79,0.21,0.22,0.01,0.01,75843.25,1776813478000
1776813480.1,180.1,0.78,0.79,0.21,0.22,0.01,0.01,75843.25,1776813478000
1776813480.654,180.654,0.78,0.79,0.21,0.22,0.01,0.01,75832.32,1776813479000
1776813481.02,181.02,0.79,0.8,0.19,0.22,0.01,0.03,75832.32,1776813479000
1776813481.552,181.552,0.79,0.8,0.2,0.21,0.01,0.01,75831.23,1776813480000
1776813482.058,182.058,0.8,0.81,0.19,0.21,0.01,0.02,75831.23,1776813480000
1776813482.447,182.447,0.8,0.81,0.19,0.2,0.01,0.01,75830.15,1776813481000
1776813482.786,182.786,0.8,0.81,0.19,0.2,0.01,0.01,75830.15,1776813481000
1776813483.357,183.357,0.85,0.86,0.14,0.15,0.01,0.01,75830.15,1776813482000
1776813483.719,183.719,0.85,0.86,0.14,0.15,0.01,0.01,75830.15,1776813482000
1776813484.159,184.159,0.85,0.86,0.14,0.15,0.01,0.01,75830.15,1776813482000
1776813484.866,184.866,0.86,0.87,0.13,0.14,0.01,0.01,75830.15,1776813483000
1776813485.253,185.253,0.86,0.87,0.13,0.14,0.01,0.01,75833.68,1776813484000
1776813486.128,186.128,0.86,0.87,0.13,0.14,0.01,0.01,75833.68,1776813484000
1776813486.545,186.545,0.86,0.87,0.13,0.14,0.01,0.01,75834.37,1776813485000
1776813486.904,186.904,0.85,0.86,0.14,0.15,0.01,0.01,75834.37,1776813485000
1776813487.239,187.239,0.81,0.83,0.16,0.19,0.02,0.03,75834.37,1776813486000
1776813488.061,188.061,0.81,0.82,0.18,0.19,0.01,0.01,75834.29,1776813487000
1776813488.521,188.521,0.81,0.82,0.18,0.19,0.01,0.01,75834.29,1776813487000
1776813488.983,188.983,0.81,0.82,0.18,0.19,0.01,0.01,75834.29,1776813487000
1776813490.247,190.247,0.81,0.82,0.17,0.19,0.01,0.02,75827.64,1776813488000
1776813490.71,190.71,0.82,0.84,0.17,0.19,0.02,0.02,75827.64,1776813489000
1776813491.085,191.085,0.83,0.84,0.16,0.17,0.01,0.01,75827.64,1776813489000
1776813491.476,191.476,0.84,0.85,0.14,0.17,0.01,0.03,75827.64,1776813489000
1776813491.933,191.933,0.85,0.86,0.14,0.15,0.01,0.01,75829.4,1776813491000
1776813492.384,192.384,0.85,0.86,0.14,0.15,0.01,0.01,75829.4,1776813491000
1776813493.079,193.079,0.85,0.86,0.14,0.15,0.01,0.01,75829.85,1776813492000
1776813493.494,193.494,0.85,0.86,0.14,0.15,0.01,0.01,75829.85,1776813492000
1776813493.851,193.851,0.85,0.86,0.14,0.15,0.01,0.01,75829.85,1776813492000
1776813494.706,194.706,0.85,0.86,0.14,0.15,0.01,0.01,75829.85,1776813492000
1776813495.066,195.066,0.85,0.86,0.14,0.15,0.01,0.01,75829.85,1776813492000
1776813495.616,195.616,0.85,0.86,0.14,0.15,0.01,0.01,75830.86,1776813493000
1776813496.002,196.002,0.85,0.86,0.14,0.15,0.01,0.01,75831.56,1776813494000
1776813496.414,196.414,0.85,0.86,0.14,0.15,0.01,0.01,75831.56,1776813494000
1776813496.816,196.816,0.84,0.85,0.15,0.16,0.01,0.01,75831.17,1776813495000
1776813497.642,197.642,0.84,0.85,0.15,0.16,0.01,0.01,75832.0,1776813496000
1776813498.163,198.163,0.84,0.85,0.15,0.16,0.01,0.01,75831.97,1776813497000
1776813499.51,199.51,0.84,0.85,0.15,0.16,0.01,0.01,75827.61,1776813498000
1776813499.958,199.958,0.84,0.85,0.15,0.16,0.01,0.01,75827.61,1776813498000
1776813500.367,200.367,0.82,0.85,0.15,0.18,0.03,0.03,75821.55,1776813499000
1776813500.703,200.703,0.7,0.77,0.23,0.3,0.07,0.07,75821.55,1776813499000
1776813501.04,201.04,0.72,0.74,0.26,0.28,0.02,0.02,75821.55,1776813499000
1776813501.388,201.388,0.7,0.71,0.29,0.3,0.01,0.01,75821.54,1776813500000
1776813501.752,201.752,0.7,0.71,0.29,0.3,0.01,0.01,75821.54,1776813500000
1776813502.101,202.101,0.7,0.71,0.29,0.3,0.01,0.01,75821.54,1776813500000
1776813502.485,202.485,0.73,0.76,0.25,0.27,0.03,0.02,75821.54,1776813500000
1776813502.822,202.822,0.79,0.8,0.2,0.21,0.01,0.01,75821.07,1776813501000
1776813503.204,203.204,0.79,0.8,0.2,0.21,0.01,0.01,75821.24,1776813502000
1776813503.721,203.721,0.79,0.8,0.2,0.21,0.01,0.01,75821.24,1776813502000
1776813504.112,204.112,0.79,0.8,0.2,0.21,0.01,0.01,75821.24,1776813502000
1776813504.464,204.464,0.79,0.8,0.2,0.21,0.01,0.01,75821.24,1776813502000
1776813505.207,205.207,0.79,0.8,0.2,0.21,0.01,0.01,75823.34,1776813504000
1776813506.031,206.031,0.79,0.8,0.2,0.21,0.01,0.01,75823.34,1776813504000
1776813506.443,206.443,0.79,0.8,0.2,0.21,0.01,0.01,75823.34,1776813504000
1776813506.813,206.813,0.79,0.8,0.2,0.21,0.01,0.01,75823.22,1776813505000
1776813507.17,207.17,0.79,0.8,0.2,0.21,0.01,0.01,75823.22,1776813505000
1776813507.62,207.62,0.79,0.8,0.2,0.21,0.01,0.01,75823.22,1776813506000
1776813508.004,208.004,0.79,0.8,0.2,0.21,0.01,0.01,75823.22,1776813506000
1776813508.61,208.61,0.79,0.8,0.2,0.21,0.01,0.01,75823.22,1776813506000
1776813508.998,208.998,0.79,0.8,0.2,0.21,0.01,0.01,75823.81,1776813507000
1776813509.564,209.564,0.79,0.8,0.2,0.21,0.01,0.01,75823.81,1776813508000
1776813510.068,210.068,0.79,0.8,0.2,0.21,0.01,0.01,75823.81,1776813508000
1776813510.463,210.463,0.79,0.8,0.2,0.21,0.01,0.01,75823.81,1776813509000
1776813510.797,210.797,0.79,0.8,0.2,0.21,0.01,0.01,75823.81,1776813509000
1776813511.219,211.219,0.79,0.8,0.2,0.21,0.01,0.01,75823.81,1776813509000
1776813511.56,211.56,0.79,0.8,0.2,0.21,0.01,0.01,75823.81,1776813510000
1776813512.0,212.0,0.79,0.8,0.2,0.21,0.01,0.01,75823.81,1776813510000
1776813512.369,212.369,0.79,0.8,0.2,0.21,0.01,0.01,75823.81,1776813510000
1776813512.749,212.749,0.79,0.8,0.2,0.21,0.01,0.01,75823.81,1776813510000
1776813513.167,213.167,0.79,0.8,0.2,0.21,0.01,0.01,75823.81,1776813511000
1776813513.605,213.605,0.85,0.86,0.13,0.15,0.01,0.02,75823.81,1776813511000
1776813514.103,214.103,0.85,0.86,0.14,0.15,0.01,0.01,75824.21,1776813513000
1776813514.464,214.464,0.85,0.86,0.14,0.15,0.01,0.01,75824.21,1776813513000
1776813514.993,214.993,0.85,0.86,0.14,0.15,0.01,0.01,75824.21,1776813513000
1776813515.439,215.439,0.85,0.86,0.14,0.15,0.01,0.01,75827.5,1776813514000
1776813515.989,215.989,0.85,0.86,0.14,0.15,0.01,0.01,75827.5,1776813514000
1776813516.403,216.403,0.85,0.86,0.14,0.15,0.01,0.01,75828.91,1776813515000
1776813516.853,216.853,0.85,0.86,0.14,0.15,0.01,0.01,75828.91,1776813515000
1776813517.383,217.383,0.85,0.86,0.14,0.15,0.01,0.01,75828.88,1776813516000
1776813518.162,218.162,0.85,0.86,0.14,0.15,0.01,0.01,75828.88,1776813516000
1776813518.504,218.504,0.85,0.86,0.14,0.15,0.01,0.01,75829.03,1776813517000
1776813518.873,218.873,0.85,0.86,0.14,0.15,0.01,0.01,75829.03,1776813517000
1776813519.323,219.323,0.85,0.86,0.14,0.15,0.01,0.01,75829.03,1776813517000
1776813519.786,219.786,0.85,0.86,0.14,0.15,0.01,0.01,75829.03,1776813517000
1776813520.436,220.436,0.85,0.86,0.14,0.15,0.01,0.01,75829.11,1776813518000
1776813520.841,220.841,0.86,0.87,0.13,0.14,0.01,0.01,75829.11,1776813519000
1776813521.267,221.267,0.86,0.87,0.13,0.14,0.01,0.01,75827.57,1776813520000
1776813522.246,222.246,0.86,0.87,0.13,0.14,0.01,0.01,75827.57,1776813520000
1776813522.585,222.585,0.86,0.87,0.13,0.14,0.01,0.01,75827.57,1776813520000
1776813522.96,222.96,0.86,0.87,0.13,0.14,0.01,0.01,75828.54,1776813521000
1776813523.522,223.522,0.86,0.87,0.13,0.14,0.01,0.01,75828.54,1776813521000
1776813524.03,224.03,0.86,0.87,0.13,0.14,0.01,0.01,75828.13,1776813522000
1776813525.26,225.26,0.86,0.87,0.13,0.14,0.01,0.01,75828.4,1776813523000
1776813525.6,225.6,0.86,0.87,0.13,0.14,0.01,0.01,75828.4,1776813523000
1776813525.971,225.971,0.87,0.88,0.13,0.14,0.01,0.01,75828.56,1776813524000
1776813526.463,226.463,0.87,0.88,0.12,0.13,0.01,0.01,75828.56,1776813525000
1776813527.198,227.198,0.87,0.88,0.12,0.13,0.01,0.01,75828.67,1776813526000
1776813528.746,228.746,0.87,0.88,0.12,0.13,0.01,0.01,75828.73,1776813527000
1776813529.232,229.232,0.87,0.88,0.12,0.13,0.01,0.01,75828.73,1776813527000
1776813529.758,229.758,0.88,0.89,0.11,0.13,0.01,0.02,75828.73,1776813528000
1776813530.159,230.159,0.88,0.89,0.11,0.12,0.01,0.01,75828.73,1776813528000
1776813531.096,231.096,0.89,0.9,0.11,0.12,0.01,0.01,75828.3,1776813529000
1776813531.467,231.467,0.91,0.92,0.08,0.09,0.01,0.01,75828.27,1776813530000
1776813531.812,231.812,0.92,0.93,0.07,0.08,0.01,0.01,75828.27,1776813530000
1776813532.146,232.146,0.92,0.93,0.06,0.08,0.01,0.02,75828.27,1776813530000
1776813532.519,232.519,0.93,0.94,0.06,0.08,0.01,0.02,75828.33,1776813531000
1776813532.854,232.854,0.93,0.94,0.06,0.07,0.01,0.01,75828.33,1776813531000
1776813533.213,233.213,0.93,0.94,0.06,0.07,0.01,0.01,75828.33,1776813531000
1776813533.579,233.579,0.93,0.94,0.06,0.07,0.01,0.01,75832.97,1776813532000
1776813533.949,233.949,0.93,0.94,0.06,0.07,0.01,0.01,75832.97,1776813532000
1776813534.347,234.347,0.93,0.94,0.06,0.07,0.01,0.01,75832.97,1776813532000
1776813534.816,234.816,0.93,0.94,0.06,0.07,0.01,0.01,75835.07,1776813533000
1776813535.288,235.288,0.93,0.94,0.06,0.07,0.01,0.01,75835.11,1776813534000
1776813535.666,235.666,0.93,0.94,0.06,0.07,0.01,0.01,75835.11,1776813534000
1776813536.047,236.047,0.9,0.91,0.09,0.1,0.01,0.01,75835.11,1776813534000
1776813536.451,236.451,0.88,0.9,0.1,0.12,0.02,0.02,75836.18,1776813535000
1776813536.793,236.793,0.87,0.88,0.12,0.13,0.01,0.01,75836.18,1776813535000
1776813537.147,237.147,0.87,0.88,0.12,0.13,0.01,0.01,75835.1,1776813536000
1776813537.595,237.595,0.87,0.88,0.12,0.13,0.01,0.01,75835.1,1776813536000
1776813537.966,237.966,0.9,0.92,0.08,0.1,0.02,0.02,75835.1,1776813536000
1776813538.343,238.343,0.91,0.92,0.08,0.09,0.01,0.01,75828.46,1776813537000
1776813538.732,238.732,0.91,0.92,0.08,0.09,0.01,0.01,75828.46,1776813537000
1776813539.128,239.128,0.91,0.92,0.08,0.09,0.01,0.01,75828.56,1776813538000
1776813539.572,239.572,0.91,0.92,0.08,0.09,0.01,0.01,75828.56,1776813538000
1776813539.971,239.971,0.91,0.92,0.08,0.09,0.01,0.01,75828.56,1776813538000
1776813540.313,240.313,0.91,0.92,0.08,0.09,0.01,0.01,75831.37,1776813539000
1776813540.733,240.733,0.91,0.92,0.08,0.09,0.01,0.01,75831.37,1776813539000
1776813541.211,241.211,0.92,0.93,0.07,0.08,0.01,0.01,75831.37,1776813539000
1776813541.755,241.755,0.92,0.93,0.07,0.08,0.01,0.01,75832.42,1776813540000
1776813542.105,242.105,0.92,0.93,0.07,0.08,0.01,0.01,75833.58,1776813541000
1776813542.495,242.495,0.92,0.93,0.07,0.08,0.01,0.01,75833.58,1776813541000
1776813542.849,242.849,0.92,0.93,0.07,0.08,0.01,0.01,75833.58,1776813541000
1776813543.276,243.276,0.92,0.93,0.07,0.08,0.01,0.01,75834.01,1776813542000
1776813543.615,243.615,0.93,0.94,0.06,0.07,0.01,0.01,75834.01,1776813542000
1776813544.006,244.006,0.94,0.95,0.05,0.06,0.01,0.01,75834.01,1776813542000
1776813544.36,244.36,0.94,0.95,0.05,0.06,0.01,0.01,75833.5,1776813543000
1776813544.701,244.701,0.94,0.95,0.05,0.06,0.01,0.01,75833.5,1776813543000
1776813545.037,245.037,0.94,0.95,0.05,0.06,0.01,0.01,75833.5,1776813543000
1776813545.415,245.415,0.94,0.95,0.05,0.06,0.01,0.01,75833.5,1776813543000
1776813545.786,245.786,0.94,0.95,0.05,0.06,0.01,0.01,75835.98,1776813544000
1776813546.236,246.236,0.94,0.95,0.05,0.06,0.01,0.01,75835.98,1776813544000
1776813546.688,246.688,0.94,0.95,0.05,0.06,0.01,0.01,75837.62,1776813545000
1776813547.033,247.033,0.94,0.95,0.05,0.06,0.01,0.01,75837.99,1776813546000
1776813547.477,247.477,0.94,0.95,0.05,0.06,0.01,0.01,75837.99,1776813546000
1776813547.84,247.84,0.94,0.95,0.05,0.06,0.01,0.01,75837.99,1776813546000
1776813548.399,248.399,0.94,0.95,0.05,0.06,0.01,0.01,75839.17,1776813547000
1776813548.831,248.831,0.95,0.96,0.04,0.05,0.01,0.01,75839.17,1776813547000
1776813549.255,249.255,0.95,0.96,0.04,0.05,0.01,0.01,75841.35,1776813548000
1776813549.638,249.638,0.95,0.96,0.04,0.05,0.01,0.01,75841.35,1776813548000
1776813549.989,249.989,0.95,0.96,0.04,0.05,0.01,0.01,75841.35,1776813548000
1776813550.376,250.376,0.95,0.96,0.04,0.05,0.01,0.01,75841.8,1776813549000
1776813550.728,250.728,0.95,0.96,0.04,0.05,0.01,0.01,75841.8,1776813549000
1776813551.071,251.071,0.95,0.96,0.04,0.05,0.01,0.01,75841.8,1776813549000
1776813551.428,251.428,0.96,0.97,0.03,0.04,0.01,0.01,75843.79,1776813550000
1776813551.874,251.874,0.96,0.97,0.03,0.04,0.01,0.01,75843.79,1776813550000
1776813552.323,252.323,0.96,0.97,0.03,0.04,0.01,0.01,75843.79,1776813550000
1776813552.74,252.74,0.96,0.97,0.03,0.04,0.01,0.01,75845.72,1776813551000
1776813553.109,253.109,0.97,0.98,0.02,0.03,0.01,0.01,75845.72,1776813551000
1776813553.552,253.552,0.97,0.98,0.02,0.03,0.01,0.01,75845.72,1776813551000
1776813553.899,253.899,0.97,0.98,0.02,0.03,0.01,0.01,75847.79,1776813552000
1776813554.261,254.261,0.97,0.98,0.02,0.03,0.01,0.01,75848.75,1776813553000
1776813554.604,254.604,0.98,0.99,0.01,0.02,0.01,0.01,75848.75,1776813553000
1776813554.994,254.994,0.98,0.99,0.01,0.02,0.01,0.01,75848.75,1776813553000
1776813555.338,255.338,0.98,0.99,0.01,0.02,0.01,0.01,75855.28,1776813554000
1776813555.95,255.95,0.98,0.99,0.01,0.02,0.01,0.01,75855.28,1776813554000
1776813556.414,256.414,0.98,0.99,0.01,0.02,0.01,0.01,75857.19,1776813555000
1776813556.892,256.892,0.98,0.99,0.01,0.02,0.01,0.01,75857.19,1776813555000
1776813557.226,257.226,0.98,0.99,0.01,0.02,0.01,0.01,75857.19,1776813555000
1776813557.58,257.58,0.98,0.99,0.01,0.02,0.01,0.01,75858.96,1776813556000
1776813558.142,258.142,0.99,0.99,0.01,0.01,0.0,0.0,75860.76,1776813557000
1776813558.551,258.551,0.99,0.99,0.01,0.01,0.0,0.0,75860.76,1776813557000
1776813558.9,258.9,0.99,0.99,0.01,0.01,0.0,0.0,75860.76,1776813557000
1776813559.326,259.326,0.99,0.99,0.01,0.01,0.0,0.0,75862.82,1776813558000
1776813560.003,260.003,0.99,0.99,0.01,0.01,0.0,0.0,75862.82,1776813558000
1776813560.48,260.48,0.99,0.99,0.01,0.01,0.0,0.0,75871.65,1776813559000
1776813561.034,261.034,0.99,0.99,0.01,0.01,0.0,0.0,75871.65,1776813559000
1776813561.821,261.821,0.99,0.99,0.01,0.01,0.0,0.0,75876.92,1776813560000
1776813562.936,262.936,0.99,0.99,0.01,0.01,0.0,0.0,75877.45,1776813562000
1776813563.509,263.509,0.99,0.99,0.01,0.01,0.0,0.0,75877.45,1776813562000
1776813563.895,263.895,0.99,0.99,0.01,0.01,0.0,0.0,75878.16,1776813563000
1776813564.82,264.82,0.99,0.99,0.01,0.01,0.0,0.0,75878.16,1776813563000
1776813565.301,265.301,0.99,0.99,0.01,0.01,0.0,0.0,75880.52,1776813564000
1776813565.747,265.747,0.99,0.99,0.01,0.01,0.0,0.0,75880.52,1776813564000
1776813566.257,266.257,0.99,0.99,0.01,0.01,0.0,0.0,75885.69,1776813565000
1776813566.979,266.979,0.99,0.99,0.01,0.01,0.0,0.0,75885.69,1776813565000
1776813567.58,267.58,0.99,0.99,0.01,0.01,0.0,0.0,75886.28,1776813566000
1776813568.527,268.527,0.99,0.99,0.01,0.01,0.0,0.0,75886.28,1776813566000
1776813568.945,268.945,0.99,0.99,0.01,0.01,0.0,0.0,75886.28,1776813567000
1776813569.58,269.58,0.99,0.99,0.01,0.01,0.0,0.0,75886.28,1776813568000
1776813570.038,270.038,0.99,0.99,0.01,0.01,0.0,0.0,75886.29,1776813569000
1776813570.774,270.774,0.99,0.99,0.01,0.01,0.0,0.0,75886.29,1776813569000
1776813571.175,271.175,0.99,0.99,0.01,0.01,0.0,0.0,75886.27,1776813570000
1776813572.021,272.021,0.99,0.99,0.01,0.01,0.0,0.0,75886.27,1776813570000
1776813572.658,272.658,0.99,0.99,0.01,0.01,0.0,0.0,75882.59,1776813571000
1776813573.272,273.272,0.99,0.99,0.01,0.01,0.0,0.0,75882.59,1776813571000
1776813573.66,273.66,0.99,0.99,0.01,0.01,0.0,0.0,75871.81,1776813572000
1776813574.015,274.015,0.99,0.99,0.01,0.01,0.0,0.0,75871.81,1776813572000
1776813574.756,274.756,0.99,0.99,0.01,0.01,0.0,0.0,75871.81,1776813573000
1776813575.314,275.314,0.99,0.99,0.01,0.01,0.0,0.0,75870.05,1776813574000
1776813575.766,275.766,0.99,0.99,0.01,0.01,0.0,0.0,75870.05,1776813574000
1776813576.928,276.928,0.99,0.99,0.01,0.01,0.0,0.0,75870.83,1776813575000
1776813577.931,277.931,0.99,0.99,0.01,0.01,0.0,0.0,75870.78,1776813576000
1776813578.504,278.504,0.99,0.99,0.01,0.01,0.0,0.0,75870.75,1776813577000
1776813579.505,279.505,0.99,0.99,0.01,0.01,0.0,0.0,75871.16,1776813578000
1776813580.149,280.149,0.99,0.99,0.01,0.01,0.0,0.0,75870.3,1776813579000
1776813581.321,281.321,0.99,0.99,0.01,0.01,0.0,0.0,75870.82,1776813580000
1776813581.854,281.854,0.99,0.99,0.01,0.01,0.0,0.0,75870.82,1776813580000
1776813582.355,282.355,0.99,0.99,0.01,0.01,0.0,0.0,75869.62,1776813581000
1776813582.739,282.739,0.99,0.99,0.01,0.01,0.0,0.0,75869.62,1776813581000
1776813584.746,284.746,0.99,0.99,0.01,0.01,0.0,0.0,75865.69,1776813583000
1776813585.278,285.278,0.99,0.99,0.01,0.01,0.0,0.0,75865.69,1776813583000
1776813585.899,285.899,0.99,0.99,0.01,0.01,0.0,0.0,75861.83,1776813585000
1776813586.66,286.66,0.99,0.99,0.01,0.01,0.0,0.0,75861.83,1776813585000
1776813587.265,287.265,0.99,0.99,0.01,0.01,0.0,0.0,75861.92,1776813586000
1776813588.284,288.284,0.99,0.99,0.01,0.01,0.0,0.0,75854.62,1776813587000
1776813589.244,289.244,0.99,0.99,0.01,0.01,0.0,0.0,75854.62,1776813587000
1776813589.635,289.635,0.99,0.99,0.01,0.01,0.0,0.0,75854.62,1776813587000
1776813590.367,290.367,0.99,0.99,0.01,0.01,0.0,0.0,75854.56,1776813589000
1776813591.483,291.483,0.99,0.99,0.01,0.01,0.0,0.0,75854.66,1776813590000
1776813591.954,291.954,0.99,0.99,0.01,0.01,0.0,0.0,75854.66,1776813590000
1776813592.561,292.561,0.99,0.99,0.01,0.01,0.0,0.0,75851.47,1776813591000
1776813593.078,293.078,0.99,0.99,0.01,0.01,0.0,0.0,75851.47,1776813592000
1776813593.77,293.77,0.99,0.99,0.01,0.01,0.0,0.0,75851.47,1776813592000
1776813594.138,294.138,0.99,0.99,0.01,0.01,0.0,0.0,75851.47,1776813592000
1776813594.513,294.513,0.99,0.99,0.01,0.01,0.0,0.0,75851.25,1776813593000
1776813595.597,295.597,0.99,0.99,0.01,0.01,0.0,0.0,75851.26,1776813594000
1776813596.183,296.183,0.99,0.99,0.01,0.01,0.0,0.0,75851.17,1776813595000
1776813596.909,296.909,0.99,0.99,0.01,0.01,0.0,0.0,75851.17,1776813595000
1776813597.678,297.678,0.99,0.99,0.01,0.01,0.0,0.0,75849.25,1776813596000
1776813599.766,299.766,0.99,0.99,0.01,0.01,0.0,0.0,75851.1,1776813598000
1776813600.195,300.195,0.99,0.99,0.01,0.01,0.0,0.0,75851.97,1776813599000
1776813600.705,300.705,0.99,0.99,0.01,0.01,0.0,0.0,75851.97,1776813599000
1776813601.375,301.375,0.99,0.99,0.01,0.01,0.0,0.0,75854.11,1776813600000
1776813602.0,302.0,0.99,0.99,0.01,0.01,0.0,0.0,75854.13,1776813601000

# RESULT,winner=Up,slug=btc-updown-5m-1776813300,ticks=645
