timestamp,elapsed_sec,up_bid,up_ask,down_bid,down_ask,up_spread,down_spread,btc_price,btc_oracle_ts
1776558600.566,0.566,0.56,0.57,0.43,0.44,0.01,0.01,75642.65,1776558599000
1776558601.043,1.043,0.55,0.56,0.44,0.45,0.01,0.01,75642.65,1776558599000
1776558601.563,1.563,0.55,0.56,0.44,0.47,0.01,0.03,75642.65,1776558600000
1776558602.317,2.317,0.54,0.55,0.44,0.47,0.01,0.03,75642.65,1776558600000
1776558602.802,2.802,0.53,0.54,0.46,0.47,0.01,0.01,75642.65,1776558600000
1776558603.156,3.156,0.53,0.54,0.46,0.47,0.01,0.01,75642.62,1776558601000
1776558603.815,3.815,0.53,0.54,0.46,0.47,0.01,0.01,75642.62,1776558601000
1776558604.293,4.293,0.52,0.53,0.47,0.48,0.01,0.01,75642.61,1776558602000
1776558604.724,4.724,0.52,0.53,0.47,0.48,0.01,0.01,75642.61,1776558603000
1776558605.406,5.406,0.52,0.53,0.47,0.48,0.01,0.01,75642.61,1776558604000
1776558605.749,5.749,0.52,0.53,0.47,0.48,0.01,0.01,75642.61,1776558604000
1776558606.281,6.281,0.52,0.54,0.47,0.48,0.02,0.01,75642.61,1776558605000
1776558606.619,6.619,0.53,0.54,0.46,0.47,0.01,0.01,75642.61,1776558605000
1776558607.605,7.605,0.53,0.54,0.46,0.47,0.01,0.01,75642.61,1776558605000
1776558608.222,8.222,0.53,0.54,0.46,0.47,0.01,0.01,75642.61,1776558607000
1776558608.66,8.66,0.53,0.54,0.46,0.47,0.01,0.01,75642.61,1776558607000
1776558609.027,9.027,0.53,0.54,0.46,0.47,0.01,0.01,75642.61,1776558607000
1776558609.681,9.681,0.53,0.54,0.46,0.47,0.01,0.01,75642.62,1776558608000
1776558610.179,10.179,0.53,0.54,0.46,0.47,0.01,0.01,75642.62,1776558608000
1776558610.529,10.529,0.53,0.54,0.46,0.47,0.01,0.01,75642.63,1776558609000
1776558610.982,10.982,0.53,0.54,0.46,0.47,0.01,0.01,75642.63,1776558610000
1776558611.347,11.347,0.53,0.54,0.46,0.47,0.01,0.01,75642.63,1776558610000
1776558611.695,11.695,0.52,0.53,0.46,0.47,0.01,0.01,75642.63,1776558610000
1776558612.384,12.384,0.52,0.53,0.47,0.48,0.01,0.01,75642.63,1776558610000
1776558613.176,13.176,0.52,0.53,0.47,0.48,0.01,0.01,75642.63,1776558612000
1776558614.249,14.249,0.52,0.53,0.47,0.48,0.01,0.01,75642.63,1776558612000
1776558614.619,14.619,0.52,0.53,0.47,0.48,0.01,0.01,75642.62,1776558613000
1776558614.965,14.965,0.52,0.53,0.47,0.48,0.01,0.01,75642.62,1776558614000
1776558615.737,15.737,0.52,0.53,0.47,0.48,0.01,0.01,75642.62,1776558614000
1776558616.214,16.214,0.52,0.53,0.47,0.48,0.01,0.01,75642.63,1776558615000
1776558616.783,16.783,0.52,0.53,0.47,0.48,0.01,0.01,75642.63,1776558615000
1776558617.188,17.188,0.52,0.53,0.47,0.48,0.01,0.01,75642.63,1776558615000
1776558618.007,18.007,0.52,0.53,0.47,0.48,0.01,0.01,75642.62,1776558616000
1776558618.642,18.642,0.52,0.53,0.47,0.48,0.01,0.01,75642.65,1776558617000
1776558619.168,19.168,0.52,0.54,0.46,0.48,0.02,0.02,75642.65,1776558618000
1776558619.591,19.591,0.52,0.53,0.47,0.48,0.01,0.01,75642.65,1776558618000
1776558620.345,20.345,0.53,0.54,0.46,0.48,0.01,0.02,75642.65,1776558618000
1776558620.797,20.797,0.53,0.54,0.46,0.47,0.01,0.01,75642.65,1776558619000
1776558621.821,21.821,0.53,0.54,0.46,0.47,0.01,0.01,75642.66,1776558620000
1776558622.426,22.426,0.53,0.54,0.46,0.47,0.01,0.01,75642.66,1776558620000
1776558622.777,22.777,0.53,0.54,0.46,0.47,0.01,0.01,75642.66,1776558621000
1776558623.256,23.256,0.53,0.54,0.46,0.47,0.01,0.01,75642.66,1776558621000
1776558623.64,23.64,0.53,0.54,0.46,0.47,0.01,0.01,75642.67,1776558622000
1776558624.199,24.199,0.53,0.54,0.46,0.47,0.01,0.01,75642.67,1776558623000
1776558625.388,25.388,0.53,0.54,0.46,0.47,0.01,0.01,75642.67,1776558624000
1776558626.25,26.25,0.53,0.54,0.46,0.47,0.01,0.01,75642.67,1776558624000
1776558626.675,26.675,0.53,0.54,0.46,0.47,0.01,0.01,75642.67,1776558625000
1776558627.022,27.022,0.53,0.54,0.46,0.47,0.01,0.01,75642.67,1776558626000
1776558627.662,27.662,0.53,0.54,0.46,0.47,0.01,0.01,75642.67,1776558626000
1776558628.15,28.15,0.53,0.54,0.46,0.47,0.01,0.01,75642.67,1776558626000
1776558628.586,28.586,0.53,0.54,0.46,0.47,0.01,0.01,75642.68,1776558627000
1776558629.377,29.377,0.53,0.54,0.46,0.47,0.01,0.01,75642.68,1776558627000
1776558629.716,29.716,0.53,0.54,0.46,0.47,0.01,0.01,75642.68,1776558628000
1776558630.052,30.052,0.53,0.54,0.46,0.47,0.01,0.01,75642.56,1776558629000
1776558630.539,30.539,0.53,0.54,0.46,0.47,0.01,0.01,75642.56,1776558629000
1776558631.081,31.081,0.53,0.54,0.46,0.47,0.01,0.01,75642.56,1776558630000
1776558631.463,31.463,0.53,0.54,0.46,0.47,0.01,0.01,75642.56,1776558630000
1776558631.937,31.937,0.52,0.54,0.46,0.47,0.02,0.01,75642.56,1776558630000
1776558632.299,32.299,0.52,0.53,0.47,0.48,0.01,0.01,75642.56,1776558631000
1776558632.657,32.657,0.52,0.53,0.47,0.48,0.01,0.01,75642.56,1776558631000
1776558633.016,33.016,0.52,0.53,0.47,0.48,0.01,0.01,75642.56,1776558631000
1776558633.382,33.382,0.52,0.53,0.47,0.48,0.01,0.01,75642.57,1776558632000
1776558634.207,34.207,0.52,0.53,0.47,0.48,0.01,0.01,75642.57,1776558632000
1776558635.035,35.035,0.53,0.54,0.47,0.48,0.01,0.01,75642.55,1776558633000
1776558635.581,35.581,0.53,0.54,0.46,0.47,0.01,0.01,75642.55,1776558634000
1776558636.173,36.173,0.53,0.54,0.46,0.47,0.01,0.01,75642.55,1776558635000
1776558636.962,36.962,0.53,0.54,0.46,0.47,0.01,0.01,75642.55,1776558635000
1776558637.326,37.326,0.53,0.54,0.46,0.47,0.01,0.01,75642.55,1776558636000
1776558637.874,37.874,0.53,0.54,0.46,0.47,0.01,0.01,75642.55,1776558636000
1776558638.439,38.439,0.53,0.54,0.46,0.47,0.01,0.01,75642.55,1776558636000
1776558638.779,38.779,0.53,0.54,0.46,0.47,0.01,0.01,75642.55,1776558636000
1776558639.524,39.524,0.53,0.54,0.46,0.47,0.01,0.01,75642.56,1776558638000
1776558640.132,40.132,0.53,0.54,0.46,0.47,0.01,0.01,75642.56,1776558639000
1776558640.844,40.844,0.53,0.54,0.46,0.47,0.01,0.01,75642.56,1776558639000
1776558641.453,41.453,0.53,0.54,0.46,0.47,0.01,0.01,75642.56,1776558639000
1776558641.99,41.99,0.53,0.54,0.46,0.47,0.01,0.01,75642.46,1776558640000
1776558642.663,42.663,0.53,0.54,0.46,0.47,0.01,0.01,75642.46,1776558641000
1776558643.031,43.031,0.53,0.55,0.46,0.47,0.02,0.01,75642.46,1776558641000
1776558643.373,43.373,0.55,0.56,0.43,0.45,0.01,0.02,75642.46,1776558641000
1776558643.711,43.711,0.56,0.57,0.43,0.44,0.01,0.01,75642.47,1776558642000
1776558644.144,44.144,0.56,0.57,0.43,0.44,0.01,0.01,75642.47,1776558643000
1776558644.559,44.559,0.56,0.57,0.43,0.44,0.01,0.01,75642.47,1776558643000
1776558645.426,45.426,0.56,0.57,0.43,0.44,0.01,0.01,75644.65,1776558644000
1776558645.813,45.813,0.56,0.57,0.43,0.44,0.01,0.01,75644.65,1776558644000
1776558646.147,46.147,0.56,0.57,0.43,0.44,0.01,0.01,75644.65,1776558644000
1776558646.855,46.855,0.56,0.57,0.43,0.44,0.01,0.01,75644.65,1776558645000
1776558647.448,47.448,0.56,0.57,0.43,0.44,0.01,0.01,75645.25,1776558646000
1776558647.966,47.966,0.56,0.57,0.43,0.44,0.01,0.01,75645.25,1776558646000
1776558648.362,48.362,0.56,0.57,0.43,0.44,0.01,0.01,75645.25,1776558647000
1776558648.743,48.743,0.56,0.57,0.43,0.44,0.01,0.01,75645.25,1776558647000
1776558649.386,49.386,0.56,0.57,0.43,0.44,0.01,0.01,75645.24,1776558648000
1776558649.772,49.772,0.56,0.57,0.43,0.44,0.01,0.01,75645.24,1776558648000
1776558650.468,50.468,0.56,0.57,0.43,0.44,0.01,0.01,75645.24,1776558649000
1776558651.056,51.056,0.55,0.56,0.43,0.45,0.01,0.02,75645.24,1776558649000
1776558651.43,51.43,0.55,0.56,0.44,0.45,0.01,0.01,75645.24,1776558650000
1776558651.848,51.848,0.55,0.56,0.44,0.45,0.01,0.01,75645.24,1776558650000
1776558652.408,52.408,0.55,0.56,0.44,0.45,0.01,0.01,75645.24,1776558650000
1776558653.006,53.006,0.55,0.56,0.44,0.45,0.01,0.01,75645.24,1776558651000
1776558653.468,53.468,0.55,0.56,0.44,0.45,0.01,0.01,75645.24,1776558652000
1776558653.837,53.837,0.55,0.56,0.44,0.45,0.01,0.01,75645.24,1776558652000
1776558654.457,54.457,0.55,0.56,0.44,0.45,0.01,0.01,75645.24,1776558653000
1776558654.828,54.828,0.55,0.56,0.44,0.45,0.01,0.01,75645.24,1776558653000
1776558655.216,55.216,0.55,0.56,0.44,0.45,0.01,0.01,75645.24,1776558654000
1776558655.805,55.805,0.56,0.57,0.43,0.45,0.01,0.02,75645.24,1776558654000
1776558656.619,56.619,0.56,0.57,0.43,0.44,0.01,0.01,75645.26,1776558655000
1776558657.178,57.178,0.56,0.57,0.43,0.44,0.01,0.01,75645.27,1776558656000
1776558657.673,57.673,0.56,0.57,0.43,0.44,0.01,0.01,75645.27,1776558656000
1776558658.277,58.277,0.56,0.57,0.43,0.44,0.01,0.01,75645.28,1776558657000
1776558659.261,59.261,0.56,0.57,0.43,0.44,0.01,0.01,75645.28,1776558658000
1776558659.81,59.81,0.56,0.57,0.43,0.44,0.01,0.01,75645.28,1776558658000
1776558660.349,60.349,0.56,0.57,0.43,0.44,0.01,0.01,75645.28,1776558659000
1776558660.725,60.725,0.56,0.57,0.43,0.44,0.01,0.01,75645.28,1776558659000
1776558661.254,61.254,0.56,0.57,0.43,0.44,0.01,0.01,75645.28,1776558659000
1776558661.627,61.627,0.56,0.57,0.43,0.44,0.01,0.01,75645.28,1776558660000
1776558662.042,62.042,0.56,0.57,0.43,0.44,0.01,0.01,75645.31,1776558661000
1776558663.221,63.221,0.56,0.57,0.43,0.44,0.01,0.01,75645.4,1776558662000
1776558663.703,63.703,0.56,0.57,0.43,0.44,0.01,0.01,75645.4,1776558662000
1776558664.863,64.863,0.56,0.57,0.43,0.44,0.01,0.01,75645.39,1776558663000
1776558665.206,65.206,0.56,0.57,0.43,0.44,0.01,0.01,75645.39,1776558664000
1776558665.548,65.548,0.56,0.58,0.43,0.44,0.02,0.01,75645.39,1776558664000
1776558666.18,66.18,0.57,0.58,0.42,0.43,0.01,0.01,75645.39,1776558665000
1776558667.218,67.218,0.57,0.58,0.42,0.43,0.01,0.01,75645.35,1776558666000
1776558667.67,67.67,0.57,0.58,0.42,0.43,0.01,0.01,75645.35,1776558666000
1776558668.099,68.099,0.57,0.58,0.42,0.43,0.01,0.01,75645.35,1776558666000
1776558668.53,68.53,0.57,0.58,0.42,0.43,0.01,0.01,75645.35,1776558667000
1776558668.908,68.908,0.57,0.58,0.42,0.43,0.01,0.01,75645.35,1776558667000
1776558669.422,69.422,0.57,0.58,0.42,0.43,0.01,0.01,75645.35,1776558667000
1776558670.422,70.422,0.57,0.58,0.42,0.43,0.01,0.01,75645.36,1776558669000
1776558670.866,70.866,0.57,0.58,0.42,0.43,0.01,0.01,75645.36,1776558670000
1776558671.406,71.406,0.57,0.58,0.42,0.43,0.01,0.01,75645.36,1776558670000
1776558671.779,71.779,0.57,0.58,0.42,0.43,0.01,0.01,75645.36,1776558670000
1776558672.22,72.22,0.57,0.58,0.42,0.43,0.01,0.01,75645.36,1776558670000
1776558672.569,72.569,0.62,0.64,0.37,0.38,0.02,0.01,75645.38,1776558671000
1776558672.916,72.916,0.63,0.64,0.36,0.37,0.01,0.01,75645.38,1776558671000
1776558673.283,73.283,0.64,0.65,0.35,0.36,0.01,0.01,75645.38,1776558671000
1776558673.691,73.691,0.64,0.65,0.35,0.36,0.01,0.01,75644.36,1776558672000
1776558674.241,74.241,0.64,0.65,0.35,0.36,0.01,0.01,75644.36,1776558672000
1776558674.577,74.577,0.64,0.65,0.35,0.36,0.01,0.01,75649.34,1776558673000
1776558674.911,74.911,0.64,0.65,0.35,0.36,0.01,0.01,75649.34,1776558673000
1776558675.254,75.254,0.61,0.65,0.35,0.39,0.04,0.04,75650.89,1776558674000
1776558675.639,75.639,0.64,0.65,0.35,0.36,0.01,0.01,75650.89,1776558674000
1776558676.025,76.025,0.65,0.66,0.34,0.35,0.01,0.01,75650.89,1776558674000
1776558676.383,76.383,0.65,0.68,0.34,0.35,0.03,0.01,75650.9,1776558675000
1776558676.716,76.716,0.67,0.68,0.32,0.33,0.01,0.01,75650.9,1776558675000
1776558677.281,77.281,0.68,0.69,0.31,0.32,0.01,0.01,75650.9,1776558675000
1776558677.698,77.698,0.68,0.69,0.31,0.32,0.01,0.01,75650.9,1776558676000
1776558678.117,78.117,0.68,0.69,0.31,0.32,0.01,0.01,75650.9,1776558676000
1776558678.462,78.462,0.68,0.69,0.31,0.32,0.01,0.01,75652.52,1776558677000
1776558678.796,78.796,0.68,0.69,0.31,0.32,0.01,0.01,75652.52,1776558677000
1776558679.284,79.284,0.68,0.69,0.31,0.32,0.01,0.01,75653.01,1776558678000
1776558679.664,79.664,0.68,0.69,0.31,0.32,0.01,0.01,75653.01,1776558678000
1776558680.087,80.087,0.67,0.69,0.31,0.32,0.02,0.01,75653.01,1776558678000
1776558680.437,80.437,0.68,0.69,0.31,0.32,0.01,0.01,75653.14,1776558679000
1776558680.827,80.827,0.68,0.69,0.31,0.32,0.01,0.01,75653.14,1776558679000
1776558681.359,81.359,0.69,0.7,0.3,0.32,0.01,0.02,75653.14,1776558679000
1776558681.727,81.727,0.69,0.7,0.3,0.31,0.01,0.01,75653.1,1776558680000
1776558682.27,82.27,0.69,0.7,0.3,0.31,0.01,0.01,75653.1,1776558680000
1776558682.711,82.711,0.69,0.7,0.3,0.31,0.01,0.01,75653.12,1776558681000
1776558683.34,83.34,0.69,0.7,0.3,0.31,0.01,0.01,75653.12,1776558681000
1776558683.878,83.878,0.69,0.7,0.3,0.31,0.01,0.01,75653.12,1776558682000
1776558684.284,84.284,0.69,0.7,0.3,0.31,0.01,0.01,75653.12,1776558682000
1776558684.629,84.629,0.69,0.7,0.3,0.31,0.01,0.01,75653.12,1776558682000
1776558685.003,85.003,0.69,0.7,0.3,0.31,0.01,0.01,75653.12,1776558682000
1776558685.63,85.63,0.69,0.7,0.3,0.31,0.01,0.01,75653.19,1776558683000
1776558686.755,86.755,0.69,0.7,0.3,0.31,0.01,0.01,75653.72,1776558685000
1776558687.392,87.392,0.69,0.7,0.3,0.31,0.01,0.01,75653.72,1776558685000
1776558687.728,87.728,0.71,0.72,0.28,0.29,0.01,0.01,75653.75,1776558686000
1776558688.1,88.1,0.71,0.72,0.28,0.29,0.01,0.01,75653.75,1776558686000
1776558688.546,88.546,0.71,0.72,0.28,0.29,0.01,0.01,75653.74,1776558687000
1776558688.953,88.953,0.72,0.73,0.27,0.28,0.01,0.01,75653.74,1776558687000
1776558689.322,89.322,0.72,0.73,0.27,0.28,0.01,0.01,75653.74,1776558687000
1776558689.665,89.665,0.72,0.73,0.27,0.28,0.01,0.01,75655.02,1776558688000
1776558690.156,90.156,0.72,0.73,0.27,0.28,0.01,0.01,75655.02,1776558688000
1776558690.498,90.498,0.72,0.73,0.27,0.28,0.01,0.01,75656.87,1776558689000
1776558691.024,91.024,0.72,0.73,0.27,0.28,0.01,0.01,75656.87,1776558689000
1776558691.393,91.393,0.72,0.73,0.27,0.28,0.01,0.01,75657.46,1776558690000
1776558691.825,91.825,0.72,0.73,0.27,0.28,0.01,0.01,75657.46,1776558690000
1776558692.659,92.659,0.72,0.73,0.27,0.28,0.01,0.01,75657.46,1776558690000
1776558693.038,93.038,0.69,0.7,0.27,0.35,0.01,0.08,75657.34,1776558691000
1776558693.412,93.412,0.68,0.69,0.31,0.32,0.01,0.01,75657.34,1776558691000
1776558693.79,93.79,0.68,0.69,0.31,0.32,0.01,0.01,75657.23,1776558692000
1776558694.183,94.183,0.68,0.69,0.31,0.32,0.01,0.01,75657.23,1776558692000
1776558694.941,94.941,0.68,0.69,0.31,0.32,0.01,0.01,75657.05,1776558693000
1776558695.289,95.289,0.68,0.69,0.31,0.32,0.01,0.01,75657.05,1776558694000
1776558696.05,96.05,0.68,0.69,0.31,0.32,0.01,0.01,75657.05,1776558694000
1776558696.676,96.676,0.68,0.69,0.31,0.32,0.01,0.01,75657.13,1776558695000
1776558697.071,97.071,0.71,0.72,0.28,0.29,0.01,0.01,75657.13,1776558695000
1776558697.487,97.487,0.71,0.72,0.28,0.29,0.01,0.01,75657.22,1776558696000
1776558697.876,97.876,0.71,0.72,0.28,0.29,0.01,0.01,75657.22,1776558696000
1776558698.24,98.24,0.71,0.72,0.28,0.29,0.01,0.01,75657.22,1776558697000
1776558698.58,98.58,0.71,0.72,0.28,0.29,0.01,0.01,75657.22,1776558697000
1776558699.044,99.044,0.72,0.73,0.27,0.29,0.01,0.02,75657.22,1776558697000
1776558699.659,99.659,0.72,0.73,0.27,0.28,0.01,0.01,75657.22,1776558697000
1776558700.022,100.022,0.72,0.73,0.27,0.28,0.01,0.01,75658.84,1776558698000
1776558700.571,100.571,0.73,0.74,0.26,0.27,0.01,0.01,75659.13,1776558699000
1776558701.173,101.173,0.73,0.74,0.26,0.27,0.01,0.01,75659.13,1776558699000
1776558701.712,101.712,0.72,0.74,0.26,0.27,0.02,0.01,75660.06,1776558700000
1776558702.658,102.658,0.72,0.73,0.27,0.28,0.01,0.01,75660.06,1776558700000
1776558703.05,103.05,0.73,0.74,0.26,0.28,0.01,0.02,75660.87,1776558701000
1776558703.447,103.447,0.73,0.74,0.26,0.27,0.01,0.01,75660.87,1776558701000
1776558703.849,103.849,0.73,0.74,0.26,0.27,0.01,0.01,75660.87,1776558701000
1776558704.198,104.198,0.74,0.75,0.25,0.26,0.01,0.01,75660.87,1776558701000
1776558704.549,104.549,0.75,0.76,0.24,0.25,0.01,0.01,75661.27,1776558703000
1776558705.265,105.265,0.76,0.77,0.24,0.25,0.01,0.01,75661.27,1776558703000
1776558705.66,105.66,0.76,0.77,0.23,0.24,0.01,0.01,75661.26,1776558704000
1776558706.017,106.017,0.76,0.77,0.23,0.24,0.01,0.01,75661.26,1776558705000
1776558706.648,106.648,0.76,0.77,0.23,0.24,0.01,0.01,75661.26,1776558705000
1776558707.188,107.188,0.76,0.77,0.23,0.24,0.01,0.01,75662.59,1776558706000
1776558707.609,107.609,0.77,0.78,0.22,0.24,0.01,0.02,75662.59,1776558706000
1776558708.177,108.177,0.77,0.78,0.22,0.23,0.01,0.01,75662.59,1776558706000
1776558708.523,108.523,0.77,0.78,0.22,0.23,0.01,0.01,75664.13,1776558707000
1776558708.867,108.867,0.79,0.8,0.2,0.22,0.01,0.02,75664.13,1776558707000
1776558709.214,109.214,0.8,0.81,0.19,0.2,0.01,0.01,75664.13,1776558707000
1776558709.554,109.554,0.82,0.83,0.17,0.18,0.01,0.01,75664.5,1776558708000
1776558709.915,109.915,0.82,0.83,0.17,0.18,0.01,0.01,75664.5,1776558708000
1776558710.282,110.282,0.82,0.83,0.17,0.18,0.01,0.01,75664.54,1776558709000
1776558710.64,110.64,0.82,0.83,0.17,0.18,0.01,0.01,75664.54,1776558709000
1776558710.979,110.979,0.82,0.83,0.17,0.18,0.01,0.01,75666.82,1776558710000
1776558711.398,111.398,0.82,0.83,0.17,0.18,0.01,0.01,75666.82,1776558710000
1776558711.774,111.774,0.82,0.83,0.17,0.18,0.01,0.01,75666.82,1776558710000
1776558712.136,112.136,0.82,0.83,0.17,0.18,0.01,0.01,75670.97,1776558711000
1776558712.491,112.491,0.82,0.83,0.17,0.18,0.01,0.01,75670.97,1776558711000
1776558712.989,112.989,0.83,0.84,0.16,0.17,0.01,0.01,75670.97,1776558711000
1776558713.449,113.449,0.83,0.84,0.16,0.17,0.01,0.01,75670.96,1776558712000
1776558713.895,113.895,0.8,0.84,0.16,0.17,0.04,0.01,75670.96,1776558712000
1776558714.341,114.341,0.8,0.84,0.16,0.2,0.04,0.04,75670.96,1776558713000
1776558714.718,114.718,0.8,0.81,0.19,0.2,0.01,0.01,75670.96,1776558713000
1776558715.19,115.19,0.8,0.81,0.19,0.2,0.01,0.01,75670.96,1776558714000
1776558715.529,115.529,0.8,0.81,0.19,0.2,0.01,0.01,75670.96,1776558714000
1776558715.933,115.933,0.8,0.81,0.19,0.2,0.01,0.01,75670.96,1776558714000
1776558716.436,116.436,0.8,0.81,0.19,0.2,0.01,0.01,75671.48,1776558715000
1776558717.23,117.23,0.8,0.81,0.19,0.2,0.01,0.01,75671.53,1776558716000
1776558717.564,117.564,0.8,0.81,0.19,0.2,0.01,0.01,75671.53,1776558716000
1776558718.303,118.303,0.79,0.8,0.19,0.2,0.01,0.01,75671.53,1776558716000
1776558718.678,118.678,0.79,0.8,0.2,0.21,0.01,0.01,75671.53,1776558716000
1776558719.369,119.369,0.79,0.8,0.2,0.21,0.01,0.01,75671.57,1776558717000
1776558719.952,119.952,0.75,0.76,0.24,0.25,0.01,0.01,75671.79,1776558718000
1776558720.297,120.297,0.73,0.74,0.26,0.27,0.01,0.01,75671.71,1776558719000
1776558720.64,120.64,0.73,0.74,0.26,0.27,0.01,0.01,75671.71,1776558719000
1776558721.081,121.081,0.73,0.74,0.26,0.27,0.01,0.01,75671.71,1776558719000
1776558721.688,121.688,0.73,0.74,0.26,0.27,0.01,0.01,75668.56,1776558720000
1776558722.05,122.05,0.73,0.74,0.26,0.27,0.01,0.01,75668.56,1776558720000
1776558722.402,122.402,0.71,0.73,0.26,0.28,0.02,0.02,75667.31,1776558721000
1776558722.797,122.797,0.71,0.72,0.28,0.29,0.01,0.01,75667.31,1776558721000
1776558723.258,123.258,0.71,0.72,0.28,0.29,0.01,0.01,75667.31,1776558721000
1776558723.926,123.926,0.71,0.72,0.28,0.29,0.01,0.01,75666.65,1776558722000
1776558724.364,124.364,0.71,0.72,0.28,0.29,0.01,0.01,75664.23,1776558723000
1776558724.748,124.748,0.71,0.72,0.28,0.29,0.01,0.01,75664.23,1776558723000
1776558725.11,125.11,0.71,0.72,0.28,0.29,0.01,0.01,75664.23,1776558723000
1776558725.498,125.498,0.71,0.72,0.28,0.29,0.01,0.01,75663.61,1776558724000
1776558725.843,125.843,0.71,0.72,0.28,0.29,0.01,0.01,75663.61,1776558724000
1776558726.286,126.286,0.71,0.72,0.28,0.29,0.01,0.01,75663.17,1776558725000
1776558727.192,127.192,0.71,0.72,0.28,0.29,0.01,0.01,75663.17,1776558725000
1776558727.575,127.575,0.71,0.72,0.28,0.29,0.01,0.01,75663.28,1776558726000
1776558727.997,127.997,0.71,0.72,0.28,0.29,0.01,0.01,75663.28,1776558726000
1776558728.369,128.369,0.71,0.72,0.28,0.29,0.01,0.01,75663.28,1776558726000
1776558728.781,128.781,0.71,0.72,0.28,0.29,0.01,0.01,75663.37,1776558727000
1776558729.598,129.598,0.71,0.72,0.28,0.29,0.01,0.01,75663.37,1776558728000
1776558729.939,129.939,0.71,0.72,0.28,0.29,0.01,0.01,75663.37,1776558728000
1776558730.523,130.523,0.71,0.72,0.28,0.29,0.01,0.01,75663.01,1776558729000
1776558730.978,130.978,0.71,0.72,0.28,0.29,0.01,0.01,75663.01,1776558729000
1776558731.407,131.407,0.71,0.72,0.28,0.29,0.01,0.01,75663.01,1776558730000
1776558731.805,131.805,0.71,0.73,0.28,0.29,0.02,0.01,75663.01,1776558730000
1776558732.21,132.21,0.72,0.73,0.27,0.28,0.01,0.01,75663.01,1776558730000
1776558732.677,132.677,0.74,0.75,0.27,0.28,0.01,0.01,75663.15,1776558731000
1776558733.546,133.546,0.75,0.76,0.24,0.25,0.01,0.01,75663.15,1776558732000
1776558734.129,134.129,0.75,0.76,0.24,0.25,0.01,0.01,75663.15,1776558732000
1776558734.612,134.612,0.75,0.76,0.24,0.25,0.01,0.01,75663.37,1776558733000
1776558735.06,135.06,0.75,0.76,0.24,0.25,0.01,0.01,75663.37,1776558733000
1776558735.513,135.513,0.75,0.76,0.24,0.25,0.01,0.01,75663.37,1776558733000
1776558736.411,136.411,0.75,0.76,0.24,0.25,0.01,0.01,75665.76,1776558734000
1776558736.752,136.752,0.75,0.76,0.24,0.25,0.01,0.01,75665.76,1776558735000
1776558737.19,137.19,0.76,0.77,0.23,0.24,0.01,0.01,75665.7,1776558736000
1776558737.531,137.531,0.76,0.78,0.22,0.24,0.02,0.02,75665.7,1776558736000
1776558737.93,137.93,0.82,0.84,0.17,0.18,0.02,0.01,75665.7,1776558736000
1776558738.306,138.306,0.82,0.83,0.17,0.18,0.01,0.01,75665.7,1776558736000
1776558738.66,138.66,0.82,0.83,0.17,0.18,0.01,0.01,75665.7,1776558737000
1776558739.098,139.098,0.82,0.83,0.17,0.18,0.01,0.01,75665.7,1776558737000
1776558739.501,139.501,0.82,0.83,0.17,0.18,0.01,0.01,75666.01,1776558738000
1776558739.879,139.879,0.82,0.83,0.17,0.18,0.01,0.01,75666.01,1776558738000
1776558740.466,140.466,0.82,0.83,0.17,0.18,0.01,0.01,75666.01,1776558738000
1776558741.387,141.387,0.82,0.83,0.17,0.18,0.01,0.01,75667.4,1776558739000
1776558741.776,141.776,0.82,0.84,0.17,0.18,0.02,0.01,75667.88,1776558740000
1776558742.2,142.2,0.83,0.84,0.16,0.18,0.01,0.02,75667.88,1776558740000
1776558742.631,142.631,0.82,0.84,0.16,0.18,0.02,0.02,75667.54,1776558741000
1776558743.303,143.303,0.82,0.83,0.17,0.18,0.01,0.01,75667.54,1776558742000
1776558743.771,143.771,0.82,0.83,0.17,0.18,0.01,0.01,75667.54,1776558742000
1776558744.225,144.225,0.82,0.83,0.17,0.18,0.01,0.01,75667.54,1776558742000
1776558744.572,144.572,0.82,0.83,0.17,0.18,0.01,0.01,75667.55,1776558743000
1776558744.946,144.946,0.82,0.83,0.17,0.18,0.01,0.01,75667.55,1776558743000
1776558745.322,145.322,0.82,0.83,0.17,0.18,0.01,0.01,75667.55,1776558744000
1776558745.86,145.86,0.82,0.83,0.17,0.18,0.01,0.01,75667.55,1776558744000
1776558746.285,146.285,0.82,0.83,0.17,0.18,0.01,0.01,75667.55,1776558744000
1776558746.725,146.725,0.82,0.83,0.17,0.18,0.01,0.01,75667.55,1776558745000
1776558747.463,147.463,0.82,0.83,0.17,0.18,0.01,0.01,75667.59,1776558746000
1776558747.803,147.803,0.82,0.83,0.17,0.18,0.01,0.01,75667.59,1776558746000
1776558748.141,148.141,0.83,0.84,0.16,0.18,0.01,0.02,75667.59,1776558747000
1776558748.615,148.615,0.83,0.84,0.16,0.17,0.01,0.01,75667.59,1776558747000
1776558748.954,148.954,0.83,0.84,0.16,0.17,0.01,0.01,75667.59,1776558747000
1776558749.31,149.31,0.82,0.83,0.17,0.18,0.01,0.01,75667.59,1776558747000
1776558750.193,150.193,0.82,0.83,0.17,0.18,0.01,0.01,75667.63,1776558748000
1776558750.747,150.747,0.82,0.83,0.17,0.18,0.01,0.01,75667.63,1776558749000
1776558751.154,151.154,0.82,0.83,0.17,0.18,0.01,0.01,75667.63,1776558749000
1776558751.581,151.581,0.82,0.83,0.17,0.18,0.01,0.01,75667.56,1776558750000
1776558752.12,152.12,0.82,0.83,0.17,0.18,0.01,0.01,75667.56,1776558750000
1776558752.455,152.455,0.82,0.83,0.17,0.18,0.01,0.01,75667.56,1776558751000
1776558752.901,152.901,0.82,0.83,0.17,0.18,0.01,0.01,75667.56,1776558752000
1776558753.459,153.459,0.82,0.83,0.17,0.18,0.01,0.01,75667.56,1776558752000
1776558754.078,154.078,0.82,0.83,0.17,0.18,0.01,0.01,75667.56,1776558753000
1776558754.501,154.501,0.82,0.83,0.17,0.18,0.01,0.01,75667.56,1776558753000
1776558755.08,155.08,0.81,0.82,0.17,0.2,0.01,0.03,75667.56,1776558753000
1776558756.019,156.019,0.81,0.82,0.18,0.19,0.01,0.01,75667.57,1776558754000
1776558756.821,156.821,0.81,0.82,0.18,0.19,0.01,0.01,75667.6,1776558755000
1776558757.159,157.159,0.81,0.82,0.18,0.19,0.01,0.01,75667.59,1776558756000
1776558758.318,158.318,0.81,0.82,0.18,0.19,0.01,0.01,75667.59,1776558757000
1776558758.705,158.705,0.81,0.82,0.18,0.19,0.01,0.01,75667.59,1776558757000
1776558759.102,159.102,0.81,0.82,0.18,0.19,0.01,0.01,75667.59,1776558757000
1776558759.93,159.93,0.81,0.82,0.18,0.19,0.01,0.01,75667.59,1776558759000
1776558760.285,160.285,0.81,0.82,0.18,0.19,0.01,0.01,75667.59,1776558759000
1776558760.902,160.902,0.81,0.82,0.18,0.19,0.01,0.01,75667.59,1776558759000
1776558761.26,161.26,0.81,0.82,0.18,0.19,0.01,0.01,75667.54,1776558760000
1776558762.138,162.138,0.8,0.82,0.18,0.19,0.02,0.01,75667.54,1776558760000
1776558762.894,162.894,0.81,0.82,0.18,0.2,0.01,0.02,75667.54,1776558761000
1776558763.282,163.282,0.76,0.8,0.2,0.21,0.04,0.01,75667.54,1776558761000
1776558763.633,163.633,0.74,0.75,0.27,0.28,0.01,0.01,75667.55,1776558762000
1776558763.99,163.99,0.74,0.75,0.25,0.26,0.01,0.01,75667.55,1776558762000
1776558764.364,164.364,0.74,0.75,0.25,0.26,0.01,0.01,75667.49,1776558763000
1776558764.715,164.715,0.75,0.76,0.24,0.25,0.01,0.01,75667.49,1776558763000
1776558765.189,165.189,0.75,0.76,0.24,0.25,0.01,0.01,75667.49,1776558763000
1776558765.554,165.554,0.75,0.76,0.24,0.25,0.01,0.01,75667.49,1776558763000
1776558766.221,166.221,0.75,0.77,0.24,0.25,0.02,0.01,75661.48,1776558764000
1776558767.061,167.061,0.76,0.78,0.22,0.24,0.02,0.02,75665.49,1776558766000
1776558767.802,167.802,0.76,0.77,0.22,0.24,0.01,0.02,75665.49,1776558766000
1776558768.157,168.157,0.76,0.77,0.23,0.24,0.01,0.01,75665.51,1776558767000
1776558769.014,169.014,0.77,0.78,0.22,0.24,0.01,0.02,75665.51,1776558767000
1776558769.535,169.535,0.77,0.8,0.2,0.23,0.03,0.03,75664.68,1776558768000
1776558770.031,170.031,0.77,0.8,0.21,0.23,0.03,0.02,75664.68,1776558768000
1776558770.695,170.695,0.8,0.82,0.19,0.22,0.02,0.03,75664.69,1776558769000
1776558771.048,171.048,0.81,0.82,0.18,0.19,0.01,0.01,75664.69,1776558769000
1776558771.381,171.381,0.81,0.82,0.18,0.19,0.01,0.01,75665.54,1776558770000
1776558771.815,171.815,0.81,0.82,0.18,0.19,0.01,0.01,75665.54,1776558770000
1776558772.642,172.642,0.81,0.82,0.18,0.19,0.01,0.01,75670.08,1776558771000
1776558773.2,173.2,0.81,0.82,0.18,0.19,0.01,0.01,75670.59,1776558772000
1776558774.35,174.35,0.81,0.82,0.18,0.19,0.01,0.01,75670.95,1776558773000
1776558775.197,175.197,0.82,0.83,0.17,0.18,0.01,0.01,75670.95,1776558774000
1776558775.937,175.937,0.82,0.83,0.17,0.18,0.01,0.01,75670.95,1776558775000
1776558776.32,176.32,0.82,0.83,0.17,0.18,0.01,0.01,75670.95,1776558775000
1776558777.145,177.145,0.82,0.83,0.17,0.18,0.01,0.01,75671.56,1776558776000
1776558777.854,177.854,0.83,0.84,0.16,0.18,0.01,0.02,75671.56,1776558776000
1776558778.38,178.38,0.84,0.85,0.15,0.17,0.01,0.02,75671.56,1776558776000
1776558778.92,178.92,0.84,0.85,0.15,0.16,0.01,0.01,75671.72,1776558777000
1776558779.296,179.296,0.84,0.85,0.15,0.16,0.01,0.01,75671.84,1776558778000
1776558779.807,179.807,0.84,0.85,0.15,0.16,0.01,0.01,75671.84,1776558778000
1776558780.207,180.207,0.84,0.85,0.15,0.16,0.01,0.01,75671.84,1776558778000
1776558780.541,180.541,0.84,0.85,0.15,0.16,0.01,0.01,75671.86,1776558779000
1776558780.957,180.957,0.86,0.87,0.13,0.16,0.01,0.03,75671.86,1776558779000
1776558781.405,181.405,0.86,0.87,0.13,0.14,0.01,0.01,75671.87,1776558780000
1776558781.814,181.814,0.86,0.87,0.13,0.14,0.01,0.01,75671.87,1776558780000
1776558782.149,182.149,0.86,0.87,0.13,0.14,0.01,0.01,75671.87,1776558780000
1776558782.507,182.507,0.86,0.87,0.13,0.14,0.01,0.01,75671.88,1776558781000
1776558783.084,183.084,0.86,0.88,0.12,0.14,0.02,0.02,75671.88,1776558782000
1776558784.305,184.305,0.86,0.88,0.12,0.14,0.02,0.02,75672.02,1776558783000
1776558785.366,185.366,0.87,0.88,0.12,0.14,0.01,0.02,75672.02,1776558783000
1776558786.047,186.047,0.87,0.88,0.12,0.13,0.01,0.01,75672.02,1776558785000
1776558786.386,186.386,0.87,0.88,0.12,0.13,0.01,0.01,75672.02,1776558785000
1776558786.93,186.93,0.87,0.89,0.12,0.13,0.02,0.01,75672.02,1776558785000
1776558787.412,187.412,0.88,0.89,0.11,0.13,0.01,0.02,75672.03,1776558786000
1776558787.761,187.761,0.87,0.88,0.12,0.13,0.01,0.01,75672.03,1776558786000
1776558788.202,188.202,0.88,0.89,0.11,0.12,0.01,0.01,75672.03,1776558786000
1776558788.65,188.65,0.88,0.89,0.11,0.12,0.01,0.01,75672.36,1776558787000
1776558789.065,189.065,0.88,0.89,0.11,0.12,0.01,0.01,75672.36,1776558787000
1776558789.646,189.646,0.88,0.9,0.1,0.12,0.02,0.02,75672.13,1776558788000
1776558790.035,190.035,0.89,0.9,0.1,0.11,0.01,0.01,75671.43,1776558789000
1776558790.371,190.371,0.89,0.9,0.1,0.11,0.01,0.01,75671.43,1776558789000
1776558790.706,190.706,0.89,0.9,0.1,0.11,0.01,0.01,75671.43,1776558789000
1776558791.107,191.107,0.89,0.9,0.1,0.11,0.01,0.01,75671.43,1776558790000
1776558792.107,192.107,0.89,0.9,0.1,0.11,0.01,0.01,75671.43,1776558790000
1776558792.59,192.59,0.89,0.9,0.1,0.11,0.01,0.01,75671.92,1776558791000
1776558793.15,193.15,0.9,0.91,0.09,0.11,0.01,0.02,75671.92,1776558791000
1776558793.588,193.588,0.9,0.91,0.09,0.1,0.01,0.01,75671.73,1776558792000
1776558793.934,193.934,0.9,0.91,0.09,0.1,0.01,0.01,75671.73,1776558792000
1776558794.298,194.298,0.9,0.91,0.09,0.1,0.01,0.01,75671.73,1776558793000
1776558794.839,194.839,0.9,0.91,0.09,0.1,0.01,0.01,75671.73,1776558793000
1776558795.274,195.274,0.9,0.91,0.09,0.1,0.01,0.01,75672.46,1776558794000
1776558795.618,195.618,0.84,0.88,0.12,0.16,0.04,0.04,75672.46,1776558794000
1776558795.968,195.968,0.84,0.85,0.13,0.16,0.01,0.03,75672.46,1776558794000
1776558796.315,196.315,0.84,0.85,0.15,0.16,0.01,0.01,75672.46,1776558795000
1776558796.838,196.838,0.84,0.85,0.15,0.16,0.01,0.01,75672.46,1776558795000
1776558797.213,197.213,0.84,0.85,0.15,0.16,0.01,0.01,75672.46,1776558795000
1776558797.729,197.729,0.84,0.85,0.15,0.16,0.01,0.01,75667.51,1776558796000
1776558798.229,198.229,0.84,0.85,0.15,0.16,0.01,0.01,75667.51,1776558796000
1776558798.642,198.642,0.84,0.85,0.15,0.16,0.01,0.01,75663.88,1776558797000
1776558799.01,199.01,0.84,0.88,0.15,0.16,0.04,0.01,75663.88,1776558797000
1776558799.381,199.381,0.84,0.85,0.15,0.16,0.01,0.01,75662.72,1776558798000
1776558799.849,199.849,0.84,0.85,0.15,0.17,0.01,0.02,75662.72,1776558798000
1776558800.315,200.315,0.83,0.84,0.16,0.17,0.01,0.01,75662.45,1776558799000
1776558800.778,200.778,0.82,0.83,0.16,0.17,0.01,0.01,75662.45,1776558799000
1776558801.132,201.132,0.71,0.72,0.23,0.28,0.01,0.05,75661.52,1776558800000
1776558801.465,201.465,0.55,0.57,0.43,0.44,0.02,0.01,75661.52,1776558800000
1776558801.803,201.803,0.54,0.56,0.44,0.46,0.02,0.02,75661.52,1776558800000
1776558802.145,202.145,0.54,0.56,0.44,0.46,0.02,0.02,75661.52,1776558800000
1776558802.527,202.527,0.53,0.54,0.45,0.47,0.01,0.02,75654.6,1776558801000
1776558802.885,202.885,0.53,0.54,0.46,0.49,0.01,0.03,75654.6,1776558801000
1776558803.254,203.254,0.53,0.54,0.46,0.47,0.01,0.01,75654.6,1776558801000
1776558803.75,203.75,0.53,0.54,0.46,0.47,0.01,0.01,75649.01,1776558802000
1776558804.093,204.093,0.57,0.58,0.42,0.43,0.01,0.01,75649.01,1776558802000
1776558804.482,204.482,0.57,0.58,0.42,0.43,0.01,0.01,75647.15,1776558803000
1776558804.829,204.829,0.58,0.59,0.41,0.42,0.01,0.01,75647.15,1776558803000
1776558805.222,205.222,0.59,0.6,0.38,0.41,0.01,0.03,75647.15,1776558803000
1776558805.595,205.595,0.59,0.6,0.4,0.41,0.01,0.01,75647.15,1776558803000
1776558805.946,205.946,0.59,0.6,0.4,0.41,0.01,0.01,75644.8,1776558804000
1776558806.316,206.316,0.59,0.6,0.4,0.41,0.01,0.01,75644.8,1776558804000
1776558806.689,206.689,0.59,0.6,0.4,0.42,0.01,0.02,75645.92,1776558805000
1776558807.159,207.159,0.59,0.6,0.4,0.41,0.01,0.01,75645.92,1776558805000
1776558807.588,207.588,0.59,0.6,0.4,0.41,0.01,0.01,75645.92,1776558805000
1776558807.978,207.978,0.59,0.6,0.4,0.41,0.01,0.01,75648.37,1776558806000
1776558808.665,208.665,0.59,0.6,0.4,0.41,0.01,0.01,75648.21,1776558807000
1776558809.0,209.0,0.5,0.51,0.49,0.5,0.01,0.01,75648.21,1776558807000
1776558809.341,209.341,0.49,0.51,0.49,0.5,0.02,0.01,75648.03,1776558808000
1776558809.677,209.677,0.49,0.5,0.5,0.51,0.01,0.01,75648.03,1776558808000
1776558810.027,210.027,0.49,0.5,0.5,0.51,0.01,0.01,75648.03,1776558808000
1776558810.381,210.381,0.49,0.5,0.5,0.51,0.01,0.01,75647.71,1776558809000
1776558810.751,210.751,0.47,0.48,0.52,0.53,0.01,0.01,75647.71,1776558809000
1776558811.089,211.089,0.47,0.48,0.52,0.53,0.01,0.01,75647.71,1776558809000
1776558811.488,211.488,0.47,0.48,0.52,0.53,0.01,0.01,75643.08,1776558810000
1776558811.867,211.867,0.47,0.48,0.52,0.53,0.01,0.01,75643.08,1776558810000
1776558812.299,212.299,0.48,0.49,0.51,0.53,0.01,0.02,75643.08,1776558810000
1776558812.673,212.673,0.48,0.49,0.51,0.52,0.01,0.01,75638.55,1776558811000
1776558813.032,213.032,0.48,0.49,0.51,0.52,0.01,0.01,75638.55,1776558811000
1776558813.461,213.461,0.48,0.49,0.51,0.52,0.01,0.01,75638.02,1776558812000
1776558813.804,213.804,0.42,0.49,0.51,0.56,0.07,0.05,75638.02,1776558812000
1776558814.141,214.141,0.41,0.42,0.58,0.59,0.01,0.01,75640.88,1776558813000
1776558814.507,214.507,0.41,0.42,0.58,0.59,0.01,0.01,75640.88,1776558813000
1776558814.876,214.876,0.4,0.41,0.59,0.6,0.01,0.01,75640.88,1776558813000
1776558815.36,215.36,0.4,0.41,0.59,0.6,0.01,0.01,75640.88,1776558813000
1776558815.7,215.7,0.4,0.41,0.59,0.6,0.01,0.01,75637.08,1776558814000
1776558816.058,216.058,0.4,0.41,0.59,0.6,0.01,0.01,75637.08,1776558814000
1776558816.53,216.53,0.4,0.41,0.59,0.6,0.01,0.01,75634.28,1776558815000
1776558817.023,217.023,0.39,0.41,0.59,0.6,0.02,0.01,75634.28,1776558815000
1776558817.478,217.478,0.39,0.4,0.6,0.61,0.01,0.01,75634.21,1776558816000
1776558817.98,217.98,0.38,0.4,0.6,0.62,0.02,0.02,75634.21,1776558816000
1776558818.36,218.36,0.37,0.4,0.6,0.62,0.03,0.02,75631.95,1776558817000
1776558818.795,218.795,0.37,0.39,0.6,0.63,0.02,0.03,75631.95,1776558817000
1776558819.143,219.143,0.29,0.39,0.61,0.71,0.1,0.1,75630.87,1776558818000
1776558819.48,219.48,0.3,0.31,0.68,0.7,0.01,0.02,75630.87,1776558818000
1776558819.82,219.82,0.3,0.31,0.69,0.7,0.01,0.01,75630.87,1776558818000
1776558820.221,220.221,0.29,0.31,0.69,0.7,0.02,0.01,75627.6,1776558819000
1776558820.664,220.664,0.27,0.28,0.72,0.73,0.01,0.01,75627.6,1776558819000
1776558821.081,221.081,0.26,0.27,0.73,0.74,0.01,0.01,75627.6,1776558819000
1776558821.681,221.681,0.26,0.27,0.73,0.74,0.01,0.01,75624.88,1776558820000
1776558822.11,222.11,0.26,0.27,0.73,0.74,0.01,0.01,75624.88,1776558820000
1776558822.475,222.475,0.26,0.27,0.73,0.74,0.01,0.01,75624.88,1776558820000
1776558822.868,222.868,0.25,0.26,0.73,0.75,0.01,0.02,75620.31,1776558821000
1776558823.223,223.223,0.25,0.26,0.74,0.75,0.01,0.01,75620.31,1776558821000
1776558823.611,223.611,0.25,0.26,0.74,0.75,0.01,0.01,75620.31,1776558822000
1776558824.154,224.154,0.25,0.26,0.74,0.75,0.01,0.01,75620.31,1776558822000
1776558824.504,224.504,0.29,0.3,0.7,0.71,0.01,0.01,75619.98,1776558823000
1776558824.962,224.962,0.29,0.3,0.7,0.71,0.01,0.01,75619.98,1776558823000
1776558825.297,225.297,0.29,0.3,0.7,0.71,0.01,0.01,75619.98,1776558823000
1776558825.664,225.664,0.29,0.3,0.7,0.71,0.01,0.01,75619.88,1776558824000
1776558826.022,226.022,0.29,0.3,0.7,0.71,0.01,0.01,75619.88,1776558824000
1776558826.532,226.532,0.29,0.3,0.7,0.71,0.01,0.01,75622.26,1776558825000
1776558826.976,226.976,0.29,0.3,0.7,0.71,0.01,0.01,75627.98,1776558826000
1776558827.311,227.311,0.29,0.3,0.7,0.71,0.01,0.01,75627.98,1776558826000
1776558827.663,227.663,0.29,0.3,0.7,0.71,0.01,0.01,75627.98,1776558826000
1776558827.998,227.998,0.29,0.3,0.7,0.71,0.01,0.01,75630.59,1776558827000
1776558828.404,228.404,0.3,0.31,0.69,0.7,0.01,0.01,75630.59,1776558827000
1776558828.739,228.739,0.3,0.31,0.69,0.7,0.01,0.01,75630.59,1776558827000
1776558829.087,229.087,0.3,0.31,0.69,0.7,0.01,0.01,75630.59,1776558827000
1776558829.429,229.429,0.33,0.34,0.66,0.67,0.01,0.01,75631.35,1776558828000
1776558829.813,229.813,0.34,0.35,0.66,0.67,0.01,0.01,75631.35,1776558828000
1776558830.329,230.329,0.36,0.37,0.63,0.64,0.01,0.01,75631.35,1776558829000
1776558830.783,230.783,0.37,0.38,0.62,0.64,0.01,0.02,75631.35,1776558829000
1776558831.136,231.136,0.37,0.38,0.62,0.63,0.01,0.01,75631.74,1776558830000
1776558831.494,231.494,0.38,0.39,0.61,0.62,0.01,0.01,75631.74,1776558830000
1776558831.89,231.89,0.38,0.39,0.61,0.62,0.01,0.01,75631.74,1776558830000
1776558832.24,232.24,0.38,0.39,0.61,0.62,0.01,0.01,75633.35,1776558831000
1776558832.742,232.742,0.38,0.39,0.61,0.62,0.01,0.01,75633.35,1776558831000
1776558833.142,233.142,0.38,0.39,0.61,0.62,0.01,0.01,75633.35,1776558831000
1776558833.516,233.516,0.38,0.39,0.61,0.62,0.01,0.01,75636.18,1776558832000
1776558834.082,234.082,0.38,0.39,0.61,0.62,0.01,0.01,75636.18,1776558832000
1776558834.445,234.445,0.38,0.39,0.61,0.62,0.01,0.01,75636.67,1776558833000
1776558834.792,234.792,0.35,0.36,0.64,0.65,0.01,0.01,75636.67,1776558833000
1776558835.361,235.361,0.34,0.35,0.64,0.66,0.01,0.02,75636.67,1776558833000
1776558835.886,235.886,0.34,0.35,0.65,0.66,0.01,0.01,75636.66,1776558834000
1776558836.242,236.242,0.33,0.34,0.66,0.67,0.01,0.01,75636.66,1776558834000
1776558836.651,236.651,0.33,0.34,0.66,0.67,0.01,0.01,75636.54,1776558835000
1776558836.985,236.985,0.28,0.31,0.69,0.72,0.03,0.03,75635.85,1776558836000
1776558837.347,237.347,0.28,0.29,0.71,0.72,0.01,0.01,75635.85,1776558836000
1776558837.883,237.883,0.26,0.27,0.71,0.74,0.01,0.03,75635.85,1776558836000
1776558838.221,238.221,0.26,0.27,0.73,0.74,0.01,0.01,75635.85,1776558837000
1776558838.715,238.715,0.26,0.27,0.73,0.74,0.01,0.01,75635.85,1776558837000
1776558839.088,239.088,0.26,0.27,0.73,0.74,0.01,0.01,75635.85,1776558837000
1776558839.45,239.45,0.26,0.27,0.73,0.74,0.01,0.01,75631.85,1776558838000
1776558839.813,239.813,0.26,0.27,0.73,0.74,0.01,0.01,75631.85,1776558838000
1776558840.246,240.246,0.26,0.27,0.73,0.74,0.01,0.01,75631.85,1776558838000
1776558840.778,240.778,0.26,0.27,0.73,0.74,0.01,0.01,75630.67,1776558839000
1776558841.223,241.223,0.26,0.27,0.73,0.74,0.01,0.01,75630.67,1776558839000
1776558841.656,241.656,0.26,0.27,0.73,0.74,0.01,0.01,75630.64,1776558840000
1776558842.103,242.103,0.26,0.27,0.73,0.74,0.01,0.01,75630.64,1776558840000
1776558842.438,242.438,0.26,0.27,0.73,0.74,0.01,0.01,75630.43,1776558841000
1776558842.913,242.913,0.26,0.27,0.72,0.74,0.01,0.02,75630.43,1776558841000
1776558843.787,243.787,0.26,0.27,0.73,0.74,0.01,0.01,75630.43,1776558842000
1776558844.175,244.175,0.2,0.21,0.79,0.8,0.01,0.01,75630.59,1776558843000
1776558844.513,244.513,0.18,0.2,0.8,0.81,0.02,0.01,75630.59,1776558843000
1776558844.963,244.963,0.18,0.19,0.81,0.82,0.01,0.01,75630.59,1776558843000
1776558845.324,245.324,0.14,0.16,0.84,0.85,0.02,0.01,75630.82,1776558844000
1776558845.657,245.657,0.14,0.15,0.85,0.86,0.01,0.01,75630.82,1776558844000
1776558846.01,246.01,0.09,0.1,0.89,0.91,0.01,0.02,75628.65,1776558845000
1776558846.355,246.355,0.09,0.1,0.9,0.91,0.01,0.01,75628.65,1776558845000
1776558846.828,246.828,0.11,0.12,0.9,0.91,0.01,0.01,75628.65,1776558845000
1776558847.197,247.197,0.16,0.17,0.83,0.84,0.01,0.01,75623.16,1776558846000
1776558847.533,247.533,0.17,0.18,0.82,0.83,0.01,0.01,75623.16,1776558846000
1776558847.897,247.897,0.17,0.18,0.82,0.83,0.01,0.01,75623.16,1776558846000
1776558848.506,248.506,0.17,0.18,0.82,0.83,0.01,0.01,75618.48,1776558847000
1776558848.935,248.935,0.17,0.18,0.82,0.83,0.01,0.01,75621.15,1776558848000
1776558849.269,249.269,0.17,0.18,0.82,0.83,0.01,0.01,75621.15,1776558848000
1776558849.611,249.611,0.17,0.18,0.82,0.83,0.01,0.01,75621.15,1776558848000
1776558849.99,249.99,0.13,0.14,0.86,0.87,0.01,0.01,75621.15,1776558848000
1776558850.433,250.433,0.12,0.13,0.86,0.92,0.01,0.06,75621.25,1776558849000
1776558850.878,250.878,0.12,0.13,0.87,0.88,0.01,0.01,75621.25,1776558849000
1776558851.339,251.339,0.1,0.11,0.89,0.9,0.01,0.01,75621.25,1776558849000
1776558851.764,251.764,0.1,0.11,0.89,0.9,0.01,0.01,75619.16,1776558850000
1776558852.146,252.146,0.1,0.11,0.89,0.9,0.01,0.01,75619.16,1776558850000
1776558852.76,252.76,0.07,0.08,0.89,0.9,0.01,0.01,75619.16,1776558851000
1776558853.094,253.094,0.06,0.07,0.93,0.94,0.01,0.01,75619.16,1776558851000
1776558853.44,253.44,0.06,0.07,0.93,0.94,0.01,0.01,75619.04,1776558852000
1776558854.01,254.01,0.06,0.07,0.93,0.94,0.01,0.01,75619.04,1776558853000
1776558854.378,254.378,0.06,0.07,0.92,0.94,0.01,0.02,75619.04,1776558853000
1776558854.717,254.717,0.06,0.07,0.93,0.94,0.01,0.01,75619.04,1776558853000
1776558855.104,255.104,0.05,0.06,0.94,0.95,0.01,0.01,75618.96,1776558854000
1776558855.603,255.603,0.05,0.06,0.94,0.95,0.01,0.01,75618.96,1776558854000
1776558855.994,255.994,0.05,0.06,0.94,0.95,0.01,0.01,75618.96,1776558854000
1776558856.489,256.489,0.05,0.06,0.94,0.95,0.01,0.01,75617.05,1776558855000
1776558856.824,256.824,0.06,0.07,0.93,0.94,0.01,0.01,75617.05,1776558855000
1776558857.257,257.257,0.06,0.07,0.93,0.94,0.01,0.01,75616.95,1776558856000
1776558857.722,257.722,0.07,0.08,0.92,0.94,0.01,0.02,75616.95,1776558856000
1776558858.378,258.378,0.07,0.08,0.92,0.93,0.01,0.01,75616.95,1776558856000
1776558858.742,258.742,0.07,0.08,0.92,0.93,0.01,0.01,75614.64,1776558857000
1776558859.123,259.123,0.06,0.07,0.93,0.94,0.01,0.01,75614.64,1776558858000
1776558859.459,259.459,0.06,0.09,0.93,0.94,0.03,0.01,75614.64,1776558858000
1776558859.91,259.91,0.09,0.1,0.93,0.94,0.01,0.01,75614.64,1776558858000
1776558860.255,260.255,0.11,0.12,0.88,0.89,0.01,0.01,75614.71,1776558859000
1776558860.636,260.636,0.11,0.12,0.88,0.89,0.01,0.01,75614.71,1776558859000
1776558861.125,261.125,0.13,0.14,0.86,0.87,0.01,0.01,75614.71,1776558859000
1776558861.629,261.629,0.05,0.09,0.89,0.93,0.04,0.04,75614.81,1776558860000
1776558862.043,262.043,0.05,0.06,0.93,0.95,0.01,0.02,75614.81,1776558860000
1776558862.455,262.455,0.05,0.06,0.94,0.95,0.01,0.01,75618.49,1776558861000
1776558862.84,262.84,0.05,0.06,0.94,0.95,0.01,0.01,75618.49,1776558861000
1776558863.193,263.193,0.05,0.06,0.94,0.95,0.01,0.01,75618.49,1776558861000
1776558863.825,263.825,0.05,0.06,0.94,0.95,0.01,0.01,75619.25,1776558862000
1776558864.245,264.245,0.05,0.06,0.94,0.95,0.01,0.01,75619.25,1776558862000
1776558864.596,264.596,0.05,0.06,0.94,0.95,0.01,0.01,75616.13,1776558863000
1776558864.955,264.955,0.05,0.06,0.94,0.95,0.01,0.01,75616.13,1776558863000
1776558865.331,265.331,0.05,0.08,0.94,0.95,0.03,0.01,75616.13,1776558864000
1776558865.87,265.87,0.05,0.06,0.94,0.95,0.01,0.01,75616.13,1776558864000
1776558866.256,266.256,0.06,0.07,0.93,0.94,0.01,0.01,75617.4,1776558865000
1776558866.935,266.935,0.06,0.07,0.93,0.94,0.01,0.01,75617.4,1776558865000
1776558867.955,267.955,0.05,0.06,0.93,0.94,0.01,0.01,75617.4,1776558865000
1776558868.295,268.295,0.03,0.05,0.94,0.96,0.02,0.02,75616.47,1776558867000
1776558868.634,268.634,0.04,0.05,0.95,0.96,0.01,0.01,75616.47,1776558867000
1776558869.112,269.112,0.04,0.05,0.95,0.96,0.01,0.01,75616.47,1776558867000
1776558869.451,269.451,0.04,0.05,0.95,0.96,0.01,0.01,75616.47,1776558867000
1776558870.226,270.226,0.04,0.05,0.95,0.96,0.01,0.01,75616.02,1776558868000
1776558870.566,270.566,0.04,0.05,0.95,0.96,0.01,0.01,75614.53,1776558869000
1776558870.986,270.986,0.03,0.04,0.96,0.97,0.01,0.01,75614.53,1776558869000
1776558871.347,271.347,0.03,0.04,0.96,0.97,0.01,0.01,75614.53,1776558869000
1776558871.856,271.856,0.03,0.04,0.96,0.97,0.01,0.01,75614.65,1776558870000
1776558872.308,272.308,0.03,0.04,0.96,0.97,0.01,0.01,75614.65,1776558870000
1776558872.827,272.827,0.03,0.04,0.96,0.97,0.01,0.01,75614.65,1776558870000
1776558873.214,273.214,0.03,0.04,0.96,0.97,0.01,0.01,75614.48,1776558871000
1776558873.568,273.568,0.03,0.04,0.96,0.97,0.01,0.01,75614.48,1776558871000
1776558874.392,274.392,0.03,0.04,0.96,0.97,0.01,0.01,75615.08,1776558873000
1776558874.969,274.969,0.03,0.04,0.96,0.97,0.01,0.01,75615.08,1776558873000
1776558875.429,275.429,0.03,0.04,0.96,0.97,0.01,0.01,75615.08,1776558874000
1776558875.81,275.81,0.03,0.04,0.96,0.97,0.01,0.01,75615.08,1776558874000
1776558876.181,276.181,0.04,0.05,0.95,0.96,0.01,0.01,75615.08,1776558874000
1776558876.568,276.568,0.04,0.05,0.95,0.96,0.01,0.01,75615.08,1776558874000
1776558876.93,276.93,0.06,0.07,0.93,0.95,0.01,0.02,75616.79,1776558875000
1776558877.455,277.455,0.04,0.05,0.95,0.96,0.01,0.01,75616.79,1776558876000
1776558878.007,278.007,0.03,0.04,0.96,0.97,0.01,0.01,75616.79,1776558876000
1776558878.832,278.832,0.03,0.04,0.96,0.97,0.01,0.01,75616.84,1776558877000
1776558879.599,279.599,0.03,0.04,0.96,0.97,0.01,0.01,75616.84,1776558877000
1776558879.932,279.932,0.03,0.04,0.96,0.97,0.01,0.01,75617.13,1776558878000
1776558880.323,280.323,0.03,0.04,0.96,0.97,0.01,0.01,75617.36,1776558879000
1776558880.675,280.675,0.03,0.04,0.96,0.97,0.01,0.01,75617.36,1776558879000
1776558881.047,281.047,0.03,0.04,0.96,0.97,0.01,0.01,75617.36,1776558880000
1776558881.727,281.727,0.03,0.04,0.96,0.97,0.01,0.01,75617.36,1776558880000
1776558882.073,282.073,0.03,0.04,0.96,0.97,0.01,0.01,75617.36,1776558880000
1776558882.572,282.572,0.03,0.04,0.96,0.97,0.01,0.01,75617.29,1776558881000
1776558882.926,282.926,0.02,0.03,0.97,0.98,0.01,0.01,75617.29,1776558881000
1776558883.306,283.306,0.02,0.03,0.97,0.98,0.01,0.01,75615.08,1776558882000
1776558883.744,283.744,0.02,0.03,0.97,0.98,0.01,0.01,75615.08,1776558882000
1776558884.142,284.142,0.02,0.03,0.97,0.98,0.01,0.01,75615.08,1776558882000
1776558884.525,284.525,0.02,0.03,0.97,0.98,0.01,0.01,75615.08,1776558882000
1776558885.054,285.054,0.02,0.03,0.97,0.98,0.01,0.01,75613.6,1776558883000
1776558885.444,285.444,0.02,0.03,0.97,0.98,0.01,0.01,75613.6,1776558883000
1776558885.843,285.843,0.02,0.03,0.97,0.98,0.01,0.01,75613.6,1776558883000
1776558886.181,286.181,0.02,0.03,0.97,0.98,0.01,0.01,75613.46,1776558884000
1776558886.523,286.523,0.02,0.03,0.97,0.98,0.01,0.01,75614.6,1776558885000
1776558886.941,286.941,0.01,0.02,0.98,0.99,0.01,0.01,75614.6,1776558885000
1776558887.426,287.426,0.01,0.02,0.98,0.99,0.01,0.01,75614.86,1776558886000
1776558888.151,288.151,0.01,0.02,0.98,0.99,0.01,0.01,75614.86,1776558886000
1776558888.663,288.663,0.01,0.02,0.98,0.99,0.01,0.01,75613.19,1776558887000
1776558889.093,289.093,0.01,0.02,0.98,0.99,0.01,0.01,75613.19,1776558887000
1776558889.651,289.651,0.01,0.02,0.98,0.99,0.01,0.01,75609.21,1776558888000
1776558889.999,289.999,0.01,0.02,0.98,0.99,0.01,0.01,75609.21,1776558888000
1776558890.391,290.391,0.01,0.02,0.98,0.99,0.01,0.01,75606.17,1776558889000
1776558890.724,290.724,0.01,0.02,0.98,0.99,0.01,0.01,75606.17,1776558889000
1776558891.083,291.083,0.01,0.02,0.98,0.99,0.01,0.01,75606.17,1776558889000
1776558891.465,291.465,0.01,0.02,0.98,0.99,0.01,0.01,75610.77,1776558890000
1776558891.815,291.815,0.01,0.02,0.98,0.99,0.01,0.01,75610.77,1776558890000
1776558892.169,292.169,0.01,0.02,0.98,0.99,0.01,0.01,75608.43,1776558891000
1776558892.506,292.506,0.01,0.02,0.98,0.99,0.01,0.01,75608.43,1776558891000
1776558893.226,293.226,0.01,0.02,0.98,0.99,0.01,0.01,75607.66,1776558892000
1776558893.608,293.608,0.01,0.01,0.99,0.99,0.0,0.0,75607.66,1776558892000
1776558894.191,294.191,0.01,0.01,0.99,0.99,0.0,0.0,75607.66,1776558892000
1776558894.602,294.602,0.01,0.01,0.99,0.99,0.0,0.0,75607.38,1776558893000
1776558895.484,295.484,0.01,0.01,0.99,0.99,0.0,0.0,75605.95,1776558894000
1776558896.309,296.309,0.01,0.01,0.99,0.99,0.0,0.0,75606.29,1776558895000
1776558896.769,296.769,0.01,0.01,0.99,0.99,0.0,0.0,75606.29,1776558895000
1776558897.386,297.386,0.01,0.01,0.99,0.99,0.0,0.0,75606.29,1776558896000
1776558897.878,297.878,0.01,0.01,0.99,0.99,0.0,0.0,75605.74,1776558897000
1776558898.601,298.601,0.01,0.01,0.99,0.99,0.0,0.0,75605.74,1776558897000
1776558899.273,299.273,0.01,0.01,0.99,0.99,0.0,0.0,75605.74,1776558897000
1776558899.703,299.703,0.01,0.01,0.99,0.99,0.0,0.0,75609.74,1776558898000
1776558900.402,300.402,0.01,0.01,0.99,0.99,0.0,0.0,75609.28,1776558899000
1776558900.899,300.899,0.01,0.01,0.99,0.99,0.0,0.0,75609.28,1776558899000
1776558902.347,302.347,0.01,0.01,0.99,0.99,0.0,0.0,75608.68,1776558901000

# RESULT,winner=Down,slug=btc-updown-5m-1776558600,ticks=629
