timestamp,elapsed_sec,up_bid,up_ask,down_bid,down_ask,up_spread,down_spread,btc_price,btc_oracle_ts
1776193800.601,0.601,0.45,0.46,0.54,0.55,0.01,0.01,74380.74,1776193799000
1776193800.961,0.961,0.45,0.46,0.54,0.55,0.01,0.01,74380.74,1776193799000
1776193801.359,1.359,0.45,0.46,0.54,0.55,0.01,0.01,74381.1,1776193800000
1776193801.703,1.703,0.45,0.46,0.54,0.55,0.01,0.01,74381.1,1776193800000
1776193802.051,2.051,0.45,0.46,0.54,0.55,0.01,0.01,74381.1,1776193800000
1776193802.424,2.424,0.45,0.46,0.54,0.55,0.01,0.01,74382.88,1776193801000
1776193802.809,2.809,0.45,0.46,0.54,0.55,0.01,0.01,74382.88,1776193801000
1776193803.603,3.603,0.45,0.46,0.54,0.55,0.01,0.01,74382.88,1776193802000
1776193804.093,4.093,0.45,0.46,0.54,0.55,0.01,0.01,74383.56,1776193803000
1776193804.49,4.49,0.45,0.46,0.54,0.55,0.01,0.01,74383.56,1776193803000
1776193804.926,4.926,0.45,0.46,0.54,0.55,0.01,0.01,74383.56,1776193803000
1776193805.292,5.292,0.45,0.46,0.54,0.55,0.01,0.01,74383.56,1776193803000
1776193805.881,5.881,0.45,0.46,0.54,0.55,0.01,0.01,74383.56,1776193803000
1776193806.217,6.217,0.45,0.46,0.54,0.55,0.01,0.01,74383.56,1776193803000
1776193806.746,6.746,0.45,0.46,0.54,0.55,0.01,0.01,74383.56,1776193803000
1776193807.514,7.514,0.45,0.46,0.54,0.55,0.01,0.01,74383.56,1776193803000
1776193807.98,7.98,0.45,0.46,0.54,0.55,0.01,0.01,74383.56,1776193803000
1776193808.348,8.348,0.45,0.46,0.54,0.55,0.01,0.01,74383.56,1776193803000
1776193808.709,8.709,0.45,0.46,0.54,0.55,0.01,0.01,74383.56,1776193803000
1776193809.148,9.148,0.45,0.46,0.54,0.55,0.01,0.01,74383.56,1776193803000
1776193809.54,9.54,0.45,0.46,0.54,0.55,0.01,0.01,74383.56,1776193803000
1776193809.97,9.97,0.45,0.46,0.54,0.55,0.01,0.01,74383.56,1776193803000
1776193810.575,10.575,0.45,0.46,0.54,0.55,0.01,0.01,74383.56,1776193803000
1776193810.965,10.965,0.45,0.46,0.54,0.55,0.01,0.01,74383.56,1776193803000
1776193811.512,11.512,0.45,0.46,0.54,0.55,0.01,0.01,74383.56,1776193803000
1776193811.88,11.88,0.45,0.46,0.54,0.55,0.01,0.01,74383.56,1776193803000
1776193812.551,12.551,0.45,0.46,0.54,0.55,0.01,0.01,74383.56,1776193803000
1776193813.187,13.187,0.45,0.46,0.54,0.55,0.01,0.01,74384.25,1776193811000
1776193813.857,13.857,0.45,0.46,0.54,0.55,0.01,0.01,74384.38,1776193812000
1776193814.192,14.192,0.44,0.45,0.55,0.56,0.01,0.01,74384.38,1776193812000
1776193814.566,14.566,0.44,0.45,0.55,0.56,0.01,0.01,74384.38,1776193812000
1776193814.953,14.953,0.44,0.45,0.55,0.56,0.01,0.01,74384.39,1776193813000
1776193815.303,15.303,0.44,0.45,0.55,0.56,0.01,0.01,74384.39,1776193813000
1776193815.687,15.687,0.44,0.45,0.55,0.56,0.01,0.01,74382.46,1776193814000
1776193816.057,16.057,0.45,0.46,0.54,0.55,0.01,0.01,74382.46,1776193814000
1776193816.493,16.493,0.45,0.46,0.54,0.55,0.01,0.01,74379.89,1776193815000
1776193817.103,17.103,0.45,0.46,0.54,0.55,0.01,0.01,74379.89,1776193816000
1776193817.553,17.553,0.45,0.46,0.54,0.55,0.01,0.01,74379.89,1776193816000
1776193818.008,18.008,0.45,0.46,0.54,0.55,0.01,0.01,74379.89,1776193816000
1776193818.428,18.428,0.45,0.46,0.54,0.55,0.01,0.01,74379.99,1776193817000
1776193818.776,18.776,0.45,0.46,0.54,0.55,0.01,0.01,74379.99,1776193817000
1776193819.161,19.161,0.45,0.46,0.54,0.55,0.01,0.01,74379.99,1776193817000
1776193819.58,19.58,0.45,0.46,0.54,0.55,0.01,0.01,74379.99,1776193818000
1776193820.403,20.403,0.45,0.46,0.54,0.55,0.01,0.01,74379.86,1776193819000
1776193820.913,20.913,0.45,0.46,0.54,0.55,0.01,0.01,74379.86,1776193819000
1776193821.255,21.255,0.45,0.46,0.54,0.55,0.01,0.01,74379.86,1776193820000
1776193821.994,21.994,0.45,0.46,0.54,0.55,0.01,0.01,74379.86,1776193820000
1776193822.422,22.422,0.44,0.46,0.54,0.55,0.02,0.01,74379.66,1776193821000
1776193823.113,23.113,0.44,0.45,0.55,0.56,0.01,0.01,74379.66,1776193821000
1776193823.454,23.454,0.43,0.45,0.55,0.57,0.02,0.02,74379.5,1776193822000
1776193823.83,23.83,0.4,0.43,0.57,0.59,0.03,0.02,74379.5,1776193822000
1776193824.194,24.194,0.39,0.4,0.6,0.61,0.01,0.01,74379.55,1776193823000
1776193824.531,24.531,0.39,0.4,0.6,0.61,0.01,0.01,74379.55,1776193823000
1776193824.87,24.87,0.39,0.4,0.6,0.61,0.01,0.01,74379.55,1776193823000
1776193825.213,25.213,0.39,0.4,0.6,0.61,0.01,0.01,74373.79,1776193824000
1776193825.706,25.706,0.39,0.4,0.6,0.61,0.01,0.01,74373.79,1776193824000
1776193826.163,26.163,0.39,0.4,0.6,0.61,0.01,0.01,74373.79,1776193824000
1776193826.528,26.528,0.39,0.4,0.6,0.61,0.01,0.01,74364.82,1776193825000
1776193827.26,27.26,0.39,0.4,0.6,0.61,0.01,0.01,74364.82,1776193825000
1776193827.652,27.652,0.39,0.4,0.6,0.61,0.01,0.01,74364.82,1776193825000
1776193828.004,28.004,0.39,0.4,0.6,0.61,0.01,0.01,74364.04,1776193826000
1776193828.374,28.374,0.39,0.4,0.6,0.61,0.01,0.01,74364.04,1776193826000
1776193828.823,28.823,0.39,0.4,0.6,0.61,0.01,0.01,74364.05,1776193827000
1776193829.225,29.225,0.39,0.4,0.6,0.61,0.01,0.01,74364.05,1776193827000
1776193829.558,29.558,0.39,0.4,0.6,0.61,0.01,0.01,74364.05,1776193828000
1776193829.912,29.912,0.39,0.4,0.6,0.61,0.01,0.01,74364.05,1776193828000
1776193830.282,30.282,0.39,0.4,0.6,0.61,0.01,0.01,74364.05,1776193828000
1776193830.732,30.732,0.39,0.4,0.6,0.61,0.01,0.01,74364.05,1776193828000
1776193831.142,31.142,0.39,0.4,0.6,0.61,0.01,0.01,74363.82,1776193829000
1776193831.629,31.629,0.39,0.4,0.6,0.61,0.01,0.01,74363.82,1776193829000
1776193832.034,32.034,0.39,0.4,0.6,0.61,0.01,0.01,74363.82,1776193830000
1776193832.41,32.41,0.39,0.4,0.6,0.61,0.01,0.01,74363.82,1776193830000
1776193832.763,32.763,0.39,0.4,0.6,0.61,0.01,0.01,74363.82,1776193831000
1776193833.344,33.344,0.39,0.4,0.6,0.61,0.01,0.01,74363.82,1776193832000
1776193833.819,33.819,0.39,0.4,0.6,0.61,0.01,0.01,74363.82,1776193832000
1776193834.221,34.221,0.39,0.4,0.6,0.61,0.01,0.01,74363.82,1776193832000
1776193834.684,34.684,0.39,0.4,0.6,0.61,0.01,0.01,74363.82,1776193833000
1776193835.246,35.246,0.39,0.4,0.6,0.61,0.01,0.01,74363.82,1776193833000
1776193835.725,35.725,0.39,0.41,0.6,0.61,0.02,0.01,74363.82,1776193833000
1776193836.161,36.161,0.4,0.41,0.59,0.6,0.01,0.01,74363.82,1776193834000
1776193836.567,36.567,0.4,0.41,0.59,0.6,0.01,0.01,74363.82,1776193835000
1776193837.011,37.011,0.39,0.4,0.6,0.61,0.01,0.01,74363.82,1776193835000
1776193837.391,37.391,0.39,0.4,0.6,0.61,0.01,0.01,74363.82,1776193836000
1776193837.742,37.742,0.39,0.4,0.6,0.61,0.01,0.01,74363.82,1776193836000
1776193838.211,38.211,0.39,0.4,0.6,0.61,0.01,0.01,74363.82,1776193836000
1776193838.662,38.662,0.39,0.41,0.6,0.61,0.02,0.01,74363.82,1776193836000
1776193839.034,39.034,0.4,0.41,0.59,0.6,0.01,0.01,74363.82,1776193837000
1776193839.568,39.568,0.4,0.41,0.59,0.6,0.01,0.01,74363.82,1776193837000
1776193840.135,40.135,0.4,0.41,0.59,0.6,0.01,0.01,74363.82,1776193838000
1776193840.528,40.528,0.4,0.41,0.59,0.6,0.01,0.01,74363.82,1776193839000
1776193841.211,41.211,0.4,0.41,0.59,0.6,0.01,0.01,74363.82,1776193839000
1776193841.621,41.621,0.4,0.41,0.59,0.6,0.01,0.01,74363.82,1776193839000
1776193842.116,42.116,0.4,0.42,0.58,0.6,0.02,0.02,74363.82,1776193840000
1776193842.449,42.449,0.4,0.41,0.59,0.6,0.01,0.01,74363.82,1776193840000
1776193842.911,42.911,0.4,0.41,0.59,0.6,0.01,0.01,74363.82,1776193841000
1776193843.321,43.321,0.4,0.41,0.59,0.6,0.01,0.01,74363.82,1776193841000
1776193843.677,43.677,0.4,0.41,0.59,0.6,0.01,0.01,74363.82,1776193842000
1776193844.086,44.086,0.4,0.41,0.59,0.6,0.01,0.01,74363.82,1776193843000
1776193844.522,44.522,0.4,0.41,0.59,0.6,0.01,0.01,74363.82,1776193843000
1776193844.856,44.856,0.4,0.41,0.59,0.6,0.01,0.01,74363.82,1776193843000
1776193845.356,45.356,0.4,0.41,0.59,0.6,0.01,0.01,74363.82,1776193843000
1776193845.738,45.738,0.4,0.41,0.59,0.6,0.01,0.01,74363.82,1776193843000
1776193846.251,46.251,0.4,0.41,0.59,0.6,0.01,0.01,74364.06,1776193844000
1776193846.765,46.765,0.4,0.41,0.59,0.6,0.01,0.01,74364.3,1776193845000
1776193847.282,47.282,0.4,0.41,0.59,0.6,0.01,0.01,74364.31,1776193846000
1776193847.689,47.689,0.4,0.42,0.59,0.6,0.02,0.01,74364.31,1776193846000
1776193848.026,48.026,0.41,0.42,0.58,0.59,0.01,0.01,74364.31,1776193846000
1776193848.43,48.43,0.41,0.42,0.58,0.59,0.01,0.01,74364.32,1776193847000
1776193848.809,48.809,0.41,0.42,0.58,0.59,0.01,0.01,74364.32,1776193847000
1776193849.229,49.229,0.41,0.42,0.58,0.59,0.01,0.01,74364.32,1776193847000
1776193849.574,49.574,0.41,0.42,0.58,0.59,0.01,0.01,74364.36,1776193848000
1776193849.912,49.912,0.41,0.42,0.58,0.59,0.01,0.01,74364.36,1776193848000
1776193850.381,50.381,0.41,0.42,0.58,0.59,0.01,0.01,74364.34,1776193849000
1776193850.736,50.736,0.41,0.42,0.58,0.59,0.01,0.01,74364.34,1776193849000
1776193851.244,51.244,0.41,0.42,0.58,0.59,0.01,0.01,74364.36,1776193850000
1776193851.59,51.59,0.4,0.41,0.59,0.6,0.01,0.01,74364.36,1776193850000
1776193851.934,51.934,0.4,0.41,0.59,0.6,0.01,0.01,74364.36,1776193850000
1776193852.454,52.454,0.4,0.41,0.59,0.6,0.01,0.01,74364.38,1776193851000
1776193852.96,52.96,0.39,0.4,0.6,0.61,0.01,0.01,74364.38,1776193851000
1776193853.341,53.341,0.38,0.39,0.61,0.62,0.01,0.01,74364.7,1776193852000
1776193853.969,53.969,0.38,0.39,0.61,0.62,0.01,0.01,74364.7,1776193852000
1776193854.303,54.303,0.38,0.41,0.61,0.62,0.03,0.01,74364.64,1776193853000
1776193854.637,54.637,0.42,0.45,0.55,0.6,0.03,0.05,74364.64,1776193853000
1776193855.226,55.226,0.44,0.45,0.53,0.56,0.01,0.03,74364.64,1776193853000
1776193855.561,55.561,0.44,0.45,0.55,0.56,0.01,0.01,74365.08,1776193854000
1776193855.901,55.901,0.45,0.46,0.54,0.55,0.01,0.01,74371.57,1776193855000
1776193856.402,56.402,0.45,0.46,0.54,0.55,0.01,0.01,74371.57,1776193855000
1776193857.017,57.017,0.45,0.46,0.54,0.55,0.01,0.01,74371.57,1776193855000
1776193857.432,57.432,0.46,0.47,0.53,0.54,0.01,0.01,74374.03,1776193856000
1776193857.93,57.93,0.47,0.48,0.52,0.54,0.01,0.02,74374.03,1776193856000
1776193858.291,58.291,0.47,0.48,0.52,0.53,0.01,0.01,74374.84,1776193857000
1776193858.791,58.791,0.47,0.48,0.52,0.53,0.01,0.01,74374.84,1776193857000
1776193859.297,59.297,0.47,0.48,0.52,0.53,0.01,0.01,74374.84,1776193858000
1776193860.027,60.027,0.47,0.48,0.52,0.53,0.01,0.01,74374.84,1776193858000
1776193860.424,60.424,0.47,0.48,0.52,0.53,0.01,0.01,74375.49,1776193859000
1776193860.772,60.772,0.47,0.48,0.52,0.53,0.01,0.01,74375.49,1776193859000
1776193861.115,61.115,0.47,0.48,0.52,0.53,0.01,0.01,74375.54,1776193860000
1776193861.535,61.535,0.47,0.49,0.52,0.53,0.02,0.01,74375.54,1776193860000
1776193862.008,62.008,0.48,0.49,0.51,0.52,0.01,0.01,74375.54,1776193861000
1776193862.358,62.358,0.49,0.5,0.49,0.52,0.01,0.03,74375.54,1776193861000
1776193862.76,62.76,0.5,0.51,0.49,0.5,0.01,0.01,74375.54,1776193861000
1776193863.157,63.157,0.5,0.51,0.49,0.5,0.01,0.01,74376.24,1776193862000
1776193863.59,63.59,0.5,0.51,0.49,0.5,0.01,0.01,74376.24,1776193862000
1776193864.025,64.025,0.5,0.51,0.49,0.5,0.01,0.01,74376.24,1776193862000
1776193864.417,64.417,0.5,0.51,0.49,0.5,0.01,0.01,74381.73,1776193863000
1776193864.981,64.981,0.5,0.51,0.49,0.5,0.01,0.01,74381.41,1776193864000
1776193865.379,65.379,0.51,0.52,0.48,0.5,0.01,0.02,74381.41,1776193864000
1776193865.814,65.814,0.51,0.52,0.48,0.49,0.01,0.01,74381.41,1776193864000
1776193866.23,66.23,0.51,0.52,0.48,0.49,0.01,0.01,74381.16,1776193865000
1776193866.601,66.601,0.51,0.52,0.48,0.49,0.01,0.01,74381.16,1776193865000
1776193867.03,67.03,0.51,0.52,0.48,0.49,0.01,0.01,74381.16,1776193865000
1776193867.498,67.498,0.5,0.51,0.49,0.5,0.01,0.01,74381.16,1776193866000
1776193867.909,67.909,0.5,0.51,0.49,0.5,0.01,0.01,74381.16,1776193866000
1776193868.303,68.303,0.5,0.51,0.49,0.5,0.01,0.01,74381.63,1776193867000
1776193868.654,68.654,0.5,0.51,0.49,0.5,0.01,0.01,74381.63,1776193867000
1776193869.118,69.118,0.5,0.51,0.49,0.5,0.01,0.01,74381.63,1776193867000
1776193869.551,69.551,0.5,0.51,0.49,0.5,0.01,0.01,74381.63,1776193868000
1776193870.387,70.387,0.5,0.51,0.49,0.5,0.01,0.01,74381.63,1776193869000
1776193870.856,70.856,0.5,0.51,0.49,0.5,0.01,0.01,74381.63,1776193869000
1776193871.19,71.19,0.5,0.51,0.49,0.5,0.01,0.01,74381.63,1776193869000
1776193871.577,71.577,0.5,0.51,0.49,0.5,0.01,0.01,74381.63,1776193870000
1776193872.065,72.065,0.5,0.51,0.49,0.5,0.01,0.01,74381.63,1776193870000
1776193872.413,72.413,0.5,0.51,0.49,0.5,0.01,0.01,74381.63,1776193871000
1776193872.783,72.783,0.49,0.5,0.5,0.51,0.01,0.01,74381.63,1776193871000
1776193873.185,73.185,0.49,0.5,0.5,0.51,0.01,0.01,74381.63,1776193872000
1776193873.621,73.621,0.49,0.5,0.5,0.51,0.01,0.01,74381.63,1776193872000
1776193873.993,73.993,0.49,0.5,0.5,0.51,0.01,0.01,74381.63,1776193872000
1776193874.672,74.672,0.49,0.5,0.5,0.51,0.01,0.01,74381.63,1776193873000
1776193875.129,75.129,0.49,0.5,0.5,0.51,0.01,0.01,74381.63,1776193873000
1776193875.598,75.598,0.49,0.5,0.5,0.51,0.01,0.01,74381.63,1776193873000
1776193875.958,75.958,0.54,0.55,0.45,0.47,0.01,0.02,74381.63,1776193873000
1776193876.307,76.307,0.54,0.55,0.45,0.46,0.01,0.01,74381.27,1776193874000
1776193876.653,76.653,0.54,0.56,0.45,0.46,0.02,0.01,74381.27,1776193874000
1776193877.008,77.008,0.55,0.56,0.44,0.46,0.01,0.02,74381.27,1776193874000
1776193877.364,77.364,0.55,0.56,0.44,0.45,0.01,0.01,74381.89,1776193875000
1776193877.912,77.912,0.55,0.56,0.44,0.45,0.01,0.01,74381.89,1776193875000
1776193878.252,78.252,0.55,0.56,0.44,0.45,0.01,0.01,74386.67,1776193876000
1776193878.768,78.768,0.55,0.56,0.44,0.45,0.01,0.01,74386.67,1776193876000
1776193879.325,79.325,0.55,0.56,0.44,0.45,0.01,0.01,74389.28,1776193877000
1776193879.948,79.948,0.55,0.56,0.44,0.45,0.01,0.01,74389.28,1776193877000
1776193880.459,80.459,0.55,0.56,0.44,0.45,0.01,0.01,74389.28,1776193878000
1776193880.9,80.9,0.55,0.56,0.44,0.45,0.01,0.01,74389.28,1776193878000
1776193881.54,81.54,0.55,0.56,0.44,0.45,0.01,0.01,74389.28,1776193879000
1776193881.926,81.926,0.55,0.56,0.44,0.45,0.01,0.01,74389.28,1776193880000
1776193882.371,82.371,0.55,0.56,0.44,0.45,0.01,0.01,74389.28,1776193880000
1776193882.713,82.713,0.55,0.56,0.44,0.45,0.01,0.01,74389.28,1776193881000
1776193883.2,83.2,0.55,0.56,0.44,0.45,0.01,0.01,74389.28,1776193881000
1776193883.71,83.71,0.55,0.56,0.44,0.45,0.01,0.01,74389.28,1776193882000
1776193884.211,84.211,0.55,0.56,0.44,0.45,0.01,0.01,74389.28,1776193882000
1776193884.914,84.914,0.55,0.56,0.44,0.45,0.01,0.01,74389.28,1776193883000
1776193885.294,85.294,0.55,0.56,0.44,0.45,0.01,0.01,74389.28,1776193883000
1776193885.788,85.788,0.55,0.56,0.44,0.45,0.01,0.01,74389.28,1776193883000
1776193886.17,86.17,0.55,0.56,0.44,0.45,0.01,0.01,74390.15,1776193884000
1776193886.53,86.53,0.55,0.56,0.44,0.45,0.01,0.01,74390.15,1776193884000
1776193886.865,86.865,0.55,0.57,0.44,0.45,0.02,0.01,74390.15,1776193884000
1776193887.271,87.271,0.66,0.68,0.32,0.34,0.02,0.02,74390.15,1776193885000
1776193887.604,87.604,0.67,0.7,0.3,0.33,0.03,0.03,74390.15,1776193885000
1776193887.944,87.944,0.68,0.7,0.3,0.32,0.02,0.02,74391.0,1776193886000
1776193888.287,88.287,0.68,0.69,0.31,0.32,0.01,0.01,74391.0,1776193886000
1776193888.629,88.629,0.68,0.69,0.31,0.32,0.01,0.01,74391.0,1776193886000
1776193889.045,89.045,0.68,0.69,0.31,0.32,0.01,0.01,74392.83,1776193887000
1776193889.405,89.405,0.68,0.69,0.31,0.32,0.01,0.01,74392.83,1776193887000
1776193889.762,89.762,0.68,0.69,0.31,0.32,0.01,0.01,74392.83,1776193887000
1776193890.097,90.097,0.68,0.69,0.31,0.32,0.01,0.01,74418.47,1776193888000
1776193890.464,90.464,0.68,0.69,0.31,0.32,0.01,0.01,74418.47,1776193888000
1776193890.823,90.823,0.68,0.69,0.31,0.32,0.01,0.01,74416.7,1776193889000
1776193891.171,91.171,0.68,0.69,0.31,0.32,0.01,0.01,74416.7,1776193889000
1776193891.548,91.548,0.68,0.69,0.31,0.32,0.01,0.01,74416.7,1776193889000
1776193891.917,91.917,0.68,0.69,0.31,0.32,0.01,0.01,74415.24,1776193890000
1776193892.282,92.282,0.67,0.68,0.32,0.33,0.01,0.01,74415.24,1776193890000
1776193892.688,92.688,0.67,0.68,0.32,0.33,0.01,0.01,74415.24,1776193890000
1776193893.135,93.135,0.67,0.68,0.32,0.33,0.01,0.01,74415.32,1776193891000
1776193893.639,93.639,0.67,0.68,0.32,0.33,0.01,0.01,74415.32,1776193891000
1776193894.038,94.038,0.67,0.68,0.32,0.33,0.01,0.01,74415.68,1776193892000
1776193894.374,94.374,0.67,0.68,0.32,0.33,0.01,0.01,74415.68,1776193892000
1776193894.724,94.724,0.67,0.68,0.32,0.33,0.01,0.01,74415.68,1776193893000
1776193895.115,95.115,0.67,0.68,0.32,0.33,0.01,0.01,74415.68,1776193893000
1776193895.587,95.587,0.67,0.68,0.32,0.33,0.01,0.01,74415.68,1776193893000
1776193896.002,96.002,0.67,0.68,0.32,0.33,0.01,0.01,74415.77,1776193894000
1776193896.356,96.356,0.67,0.69,0.32,0.33,0.02,0.01,74415.77,1776193894000
1776193896.849,96.849,0.68,0.69,0.31,0.32,0.01,0.01,74415.87,1776193895000
1776193897.277,97.277,0.65,0.66,0.34,0.35,0.01,0.01,74415.87,1776193895000
1776193897.687,97.687,0.65,0.66,0.34,0.35,0.01,0.01,74415.87,1776193895000
1776193898.149,98.149,0.64,0.65,0.34,0.36,0.01,0.02,74415.87,1776193896000
1776193898.488,98.488,0.64,0.65,0.35,0.36,0.01,0.01,74415.87,1776193896000
1776193898.842,98.842,0.65,0.66,0.34,0.35,0.01,0.01,74416.05,1776193897000
1776193899.27,99.27,0.65,0.66,0.34,0.35,0.01,0.01,74416.05,1776193898000
1776193899.712,99.712,0.66,0.67,0.33,0.35,0.01,0.02,74416.05,1776193898000
1776193900.109,100.109,0.66,0.67,0.33,0.34,0.01,0.01,74416.05,1776193898000
1776193900.492,100.492,0.66,0.67,0.33,0.34,0.01,0.01,74416.05,1776193898000
1776193900.825,100.825,0.66,0.67,0.33,0.34,0.01,0.01,74414.15,1776193899000
1776193901.282,101.282,0.66,0.67,0.33,0.34,0.01,0.01,74414.15,1776193899000
1776193901.637,101.637,0.66,0.67,0.33,0.34,0.01,0.01,74414.21,1776193900000
1776193902.004,102.004,0.66,0.67,0.33,0.34,0.01,0.01,74414.21,1776193900000
1776193902.369,102.369,0.66,0.67,0.33,0.34,0.01,0.01,74414.24,1776193901000
1776193902.774,102.774,0.66,0.67,0.33,0.34,0.01,0.01,74414.24,1776193901000
1776193903.11,103.11,0.66,0.67,0.33,0.34,0.01,0.01,74414.24,1776193901000
1776193903.603,103.603,0.66,0.67,0.33,0.34,0.01,0.01,74414.3,1776193902000
1776193903.98,103.98,0.66,0.67,0.33,0.34,0.01,0.01,74414.3,1776193902000
1776193904.356,104.356,0.67,0.68,0.32,0.34,0.01,0.02,74414.3,1776193902000
1776193904.822,104.822,0.67,0.68,0.32,0.33,0.01,0.01,74414.46,1776193903000
1776193905.262,105.262,0.68,0.69,0.32,0.33,0.01,0.01,74414.46,1776193903000
1776193905.598,105.598,0.69,0.7,0.3,0.31,0.01,0.01,74414.46,1776193903000
1776193906.281,106.281,0.7,0.71,0.3,0.31,0.01,0.01,74414.48,1776193904000
1776193906.666,106.666,0.7,0.72,0.29,0.3,0.02,0.01,74414.53,1776193905000
1776193907.0,107.0,0.73,0.75,0.25,0.27,0.02,0.02,74414.53,1776193905000
1776193907.388,107.388,0.74,0.75,0.25,0.27,0.01,0.02,74414.53,1776193905000
1776193907.759,107.759,0.75,0.76,0.24,0.25,0.01,0.01,74414.53,1776193905000
1776193908.165,108.165,0.75,0.76,0.24,0.25,0.01,0.01,74416.24,1776193906000
1776193908.51,108.51,0.75,0.76,0.24,0.25,0.01,0.01,74420.86,1776193907000
1776193908.852,108.852,0.75,0.76,0.24,0.25,0.01,0.01,74420.86,1776193907000
1776193909.246,109.246,0.73,0.76,0.24,0.25,0.03,0.01,74424.96,1776193908000
1776193910.231,110.231,0.73,0.75,0.25,0.26,0.02,0.01,74424.96,1776193908000
1776193910.574,110.574,0.65,0.66,0.34,0.35,0.01,0.01,74425.05,1776193909000
1776193910.934,110.934,0.64,0.66,0.34,0.36,0.02,0.02,74425.05,1776193909000
1776193911.307,111.307,0.65,0.66,0.34,0.35,0.01,0.01,74425.05,1776193909000
1776193911.682,111.682,0.65,0.66,0.34,0.35,0.01,0.01,74424.79,1776193910000
1776193912.096,112.096,0.65,0.66,0.34,0.35,0.01,0.01,74424.79,1776193910000
1776193912.431,112.431,0.65,0.66,0.34,0.35,0.01,0.01,74424.79,1776193910000
1776193912.851,112.851,0.65,0.66,0.33,0.35,0.01,0.02,74413.06,1776193911000
1776193913.226,113.226,0.66,0.67,0.33,0.35,0.01,0.02,74413.06,1776193911000
1776193913.635,113.635,0.66,0.67,0.33,0.34,0.01,0.01,74411.38,1776193912000
1776193913.982,113.982,0.66,0.67,0.33,0.34,0.01,0.01,74411.38,1776193912000
1776193914.467,114.467,0.66,0.67,0.33,0.34,0.01,0.01,74411.38,1776193912000
1776193914.818,114.818,0.66,0.67,0.33,0.34,0.01,0.01,74411.46,1776193913000
1776193915.242,115.242,0.66,0.67,0.33,0.34,0.01,0.01,74411.46,1776193913000
1776193915.652,115.652,0.66,0.67,0.33,0.34,0.01,0.01,74410.48,1776193914000
1776193916.052,116.052,0.63,0.65,0.35,0.36,0.02,0.01,74410.48,1776193915000
1776193916.402,116.402,0.62,0.63,0.37,0.38,0.01,0.01,74410.48,1776193915000
1776193916.784,116.784,0.61,0.62,0.38,0.39,0.01,0.01,74410.48,1776193915000
1776193917.13,117.13,0.61,0.62,0.38,0.39,0.01,0.01,74411.17,1776193916000
1776193917.488,117.488,0.63,0.65,0.35,0.39,0.02,0.04,74411.17,1776193916000
1776193917.853,117.853,0.64,0.66,0.34,0.36,0.02,0.02,74411.17,1776193916000
1776193918.22,118.22,0.7,0.71,0.29,0.3,0.01,0.01,74408.09,1776193917000
1776193918.587,118.587,0.7,0.71,0.29,0.3,0.01,0.01,74408.09,1776193917000
1776193918.941,118.941,0.7,0.71,0.29,0.3,0.01,0.01,74408.09,1776193917000
1776193919.281,119.281,0.7,0.71,0.29,0.3,0.01,0.01,74407.91,1776193918000
1776193919.632,119.632,0.7,0.71,0.29,0.3,0.01,0.01,74407.91,1776193918000
1776193919.97,119.97,0.7,0.71,0.29,0.3,0.01,0.01,74407.91,1776193918000
1776193920.728,120.728,0.7,0.72,0.29,0.3,0.02,0.01,74415.95,1776193919000
1776193921.104,121.104,0.75,0.77,0.23,0.25,0.02,0.02,74416.66,1776193920000
1776193921.447,121.447,0.75,0.76,0.24,0.25,0.01,0.01,74416.66,1776193920000
1776193921.822,121.822,0.76,0.77,0.23,0.24,0.01,0.01,74416.66,1776193920000
1776193922.195,122.195,0.76,0.77,0.23,0.24,0.01,0.01,74417.55,1776193921000
1776193922.62,122.62,0.76,0.77,0.23,0.24,0.01,0.01,74417.55,1776193921000
1776193923.057,123.057,0.76,0.78,0.23,0.24,0.02,0.01,74417.55,1776193921000
1776193923.45,123.45,0.77,0.78,0.22,0.23,0.01,0.01,74427.93,1776193922000
1776193923.826,123.826,0.76,0.77,0.22,0.24,0.01,0.02,74427.93,1776193922000
1776193924.162,124.162,0.76,0.77,0.23,0.24,0.01,0.01,74428.44,1776193923000
1776193924.515,124.515,0.75,0.76,0.24,0.25,0.01,0.01,74428.44,1776193923000
1776193925.026,125.026,0.75,0.76,0.24,0.25,0.01,0.01,74428.44,1776193923000
1776193925.39,125.39,0.75,0.76,0.24,0.25,0.01,0.01,74429.5,1776193924000
1776193925.858,125.858,0.75,0.76,0.24,0.25,0.01,0.01,74429.5,1776193924000
1776193926.2,126.2,0.75,0.76,0.24,0.25,0.01,0.01,74429.5,1776193924000
1776193926.538,126.538,0.75,0.76,0.24,0.25,0.01,0.01,74429.82,1776193925000
1776193926.881,126.881,0.76,0.77,0.23,0.24,0.01,0.01,74429.82,1776193925000
1776193927.237,127.237,0.76,0.77,0.23,0.24,0.01,0.01,74429.82,1776193925000
1776193927.584,127.584,0.76,0.77,0.23,0.24,0.01,0.01,74429.9,1776193926000
1776193927.923,127.923,0.77,0.8,0.2,0.23,0.03,0.03,74429.9,1776193926000
1776193928.322,128.322,0.77,0.8,0.2,0.23,0.03,0.03,74429.9,1776193926000
1776193928.676,128.676,0.77,0.79,0.22,0.23,0.02,0.01,74429.9,1776193926000
1776193929.041,129.041,0.77,0.78,0.22,0.23,0.01,0.01,74429.87,1776193927000
1776193929.379,129.379,0.77,0.8,0.2,0.22,0.03,0.02,74432.81,1776193928000
1776193929.727,129.727,0.78,0.79,0.21,0.22,0.01,0.01,74432.81,1776193928000
1776193930.218,130.218,0.78,0.8,0.21,0.22,0.02,0.01,74432.85,1776193929000
1776193930.554,130.554,0.81,0.82,0.18,0.2,0.01,0.02,74432.85,1776193929000
1776193930.967,130.967,0.81,0.82,0.18,0.19,0.01,0.01,74432.85,1776193929000
1776193931.334,131.334,0.81,0.82,0.18,0.19,0.01,0.01,74433.3,1776193930000
1776193931.703,131.703,0.81,0.82,0.18,0.19,0.01,0.01,74433.3,1776193930000
1776193932.043,132.043,0.77,0.78,0.21,0.23,0.01,0.02,74433.3,1776193930000
1776193932.426,132.426,0.75,0.76,0.24,0.25,0.01,0.01,74440.71,1776193931000
1776193932.764,132.764,0.76,0.77,0.23,0.24,0.01,0.01,74440.71,1776193931000
1776193933.138,133.138,0.76,0.77,0.23,0.24,0.01,0.01,74440.71,1776193931000
1776193933.573,133.573,0.76,0.77,0.23,0.24,0.01,0.01,74437.16,1776193932000
1776193933.939,133.939,0.76,0.77,0.23,0.24,0.01,0.01,74437.16,1776193932000
1776193934.295,134.295,0.76,0.77,0.23,0.24,0.01,0.01,74430.77,1776193933000
1776193934.666,134.666,0.76,0.77,0.23,0.24,0.01,0.01,74430.77,1776193933000
1776193935.11,135.11,0.76,0.77,0.23,0.24,0.01,0.01,74430.77,1776193933000
1776193935.569,135.569,0.76,0.77,0.23,0.24,0.01,0.01,74429.88,1776193934000
1776193935.918,135.918,0.76,0.77,0.23,0.24,0.01,0.01,74429.88,1776193934000
1776193936.316,136.316,0.76,0.77,0.23,0.24,0.01,0.01,74430.0,1776193935000
1776193936.666,136.666,0.74,0.76,0.23,0.26,0.02,0.03,74430.0,1776193935000
1776193937.048,137.048,0.74,0.75,0.25,0.26,0.01,0.01,74430.0,1776193935000
1776193937.421,137.421,0.72,0.73,0.27,0.28,0.01,0.01,74430.0,1776193935000
1776193937.848,137.848,0.72,0.73,0.27,0.28,0.01,0.01,74430.61,1776193936000
1776193938.453,138.453,0.72,0.74,0.26,0.28,0.02,0.02,74429.88,1776193937000
1776193938.797,138.797,0.76,0.8,0.23,0.24,0.04,0.01,74429.88,1776193937000
1776193939.198,139.198,0.76,0.77,0.23,0.24,0.01,0.01,74427.19,1776193938000
1776193939.546,139.546,0.76,0.77,0.23,0.24,0.01,0.01,74427.19,1776193938000
1776193939.944,139.944,0.77,0.78,0.22,0.23,0.01,0.01,74427.19,1776193938000
1776193940.322,140.322,0.78,0.79,0.21,0.22,0.01,0.01,74429.21,1776193939000
1776193940.758,140.758,0.78,0.79,0.21,0.22,0.01,0.01,74429.21,1776193939000
1776193941.154,141.154,0.79,0.8,0.2,0.22,0.01,0.02,74435.48,1776193940000
1776193941.93,141.93,0.79,0.8,0.2,0.21,0.01,0.01,74435.48,1776193940000
1776193942.339,142.339,0.79,0.8,0.2,0.21,0.01,0.01,74435.48,1776193940000
1776193942.675,142.675,0.79,0.8,0.2,0.21,0.01,0.01,74435.48,1776193940000
1776193943.074,143.074,0.79,0.8,0.2,0.21,0.01,0.01,74435.67,1776193941000
1776193943.411,143.411,0.79,0.8,0.2,0.21,0.01,0.01,74435.88,1776193942000
1776193944.037,144.037,0.78,0.79,0.2,0.21,0.01,0.01,74435.88,1776193942000
1776193944.427,144.427,0.76,0.77,0.23,0.24,0.01,0.01,74436.26,1776193943000
1776193944.871,144.871,0.75,0.76,0.24,0.25,0.01,0.01,74436.26,1776193943000
1776193945.205,145.205,0.74,0.75,0.25,0.26,0.01,0.01,74436.26,1776193943000
1776193945.566,145.566,0.74,0.75,0.25,0.26,0.01,0.01,74434.75,1776193944000
1776193945.9,145.9,0.73,0.74,0.26,0.27,0.01,0.01,74434.75,1776193944000
1776193946.235,146.235,0.73,0.74,0.26,0.27,0.01,0.01,74432.58,1776193945000
1776193946.615,146.615,0.73,0.74,0.26,0.27,0.01,0.01,74432.58,1776193945000
1776193946.954,146.954,0.74,0.75,0.25,0.27,0.01,0.02,74432.58,1776193945000
1776193947.301,147.301,0.74,0.75,0.25,0.26,0.01,0.01,74429.49,1776193946000
1776193947.705,147.705,0.74,0.75,0.25,0.26,0.01,0.01,74429.49,1776193946000
1776193948.056,148.056,0.74,0.76,0.24,0.26,0.02,0.02,74426.48,1776193947000
1776193948.526,148.526,0.75,0.76,0.24,0.25,0.01,0.01,74426.48,1776193947000
1776193948.917,148.917,0.75,0.76,0.24,0.25,0.01,0.01,74426.48,1776193947000
1776193949.31,149.31,0.73,0.74,0.25,0.27,0.01,0.02,74426.02,1776193948000
1776193949.746,149.746,0.72,0.73,0.27,0.28,0.01,0.01,74426.02,1776193948000
1776193950.387,150.387,0.71,0.73,0.27,0.28,0.02,0.01,74426.22,1776193949000
1776193950.782,150.782,0.72,0.73,0.27,0.28,0.01,0.01,74426.22,1776193949000
1776193951.154,151.154,0.71,0.72,0.27,0.29,0.01,0.02,74426.22,1776193949000
1776193951.551,151.551,0.69,0.7,0.3,0.31,0.01,0.01,74420.89,1776193950000
1776193951.998,151.998,0.69,0.7,0.3,0.31,0.01,0.01,74420.89,1776193950000
1776193952.34,152.34,0.69,0.7,0.3,0.31,0.01,0.01,74416.89,1776193951000
1776193952.691,152.691,0.68,0.69,0.31,0.32,0.01,0.01,74416.89,1776193951000
1776193953.042,153.042,0.68,0.69,0.31,0.32,0.01,0.01,74416.89,1776193951000
1776193953.532,153.532,0.68,0.69,0.31,0.32,0.01,0.01,74414.13,1776193952000
1776193953.866,153.866,0.68,0.69,0.31,0.32,0.01,0.01,74414.13,1776193952000
1776193954.203,154.203,0.68,0.69,0.31,0.32,0.01,0.01,74414.13,1776193952000
1776193954.57,154.57,0.68,0.69,0.31,0.32,0.01,0.01,74413.96,1776193953000
1776193954.94,154.94,0.68,0.69,0.31,0.32,0.01,0.01,74413.96,1776193953000
1776193955.292,155.292,0.67,0.68,0.32,0.33,0.01,0.01,74413.96,1776193953000
1776193955.649,155.649,0.67,0.68,0.32,0.33,0.01,0.01,74414.04,1776193954000
1776193955.996,155.996,0.67,0.68,0.32,0.33,0.01,0.01,74414.04,1776193954000
1776193956.386,156.386,0.67,0.68,0.32,0.33,0.01,0.01,74413.98,1776193955000
1776193956.878,156.878,0.67,0.68,0.32,0.33,0.01,0.01,74413.98,1776193955000
1776193957.246,157.246,0.63,0.64,0.34,0.37,0.01,0.03,74413.98,1776193955000
1776193957.665,157.665,0.63,0.64,0.36,0.37,0.01,0.01,74413.98,1776193956000
1776193958.018,158.018,0.62,0.64,0.36,0.38,0.02,0.02,74413.98,1776193956000
1776193958.427,158.427,0.62,0.63,0.37,0.38,0.01,0.01,74410.53,1776193957000
1776193958.844,158.844,0.61,0.63,0.37,0.38,0.02,0.01,74410.53,1776193957000
1776193959.229,159.229,0.6,0.63,0.37,0.4,0.03,0.03,74410.53,1776193957000
1776193959.956,159.956,0.61,0.62,0.38,0.39,0.01,0.01,74407.32,1776193958000
1776193960.432,160.432,0.61,0.62,0.38,0.39,0.01,0.01,74404.15,1776193959000
1776193961.024,161.024,0.61,0.62,0.38,0.39,0.01,0.01,74402.3,1776193960000
1776193961.393,161.393,0.61,0.62,0.38,0.39,0.01,0.01,74402.3,1776193960000
1776193961.782,161.782,0.61,0.62,0.38,0.39,0.01,0.01,74402.3,1776193960000
1776193962.225,162.225,0.6,0.61,0.39,0.4,0.01,0.01,74399.45,1776193961000
1776193962.591,162.591,0.6,0.61,0.39,0.4,0.01,0.01,74399.45,1776193961000
1776193963.158,163.158,0.6,0.61,0.39,0.4,0.01,0.01,74392.05,1776193962000
1776193963.503,163.503,0.58,0.59,0.38,0.42,0.01,0.04,74392.05,1776193962000
1776193963.868,163.868,0.57,0.59,0.41,0.42,0.02,0.01,74392.05,1776193962000
1776193964.232,164.232,0.58,0.59,0.41,0.42,0.01,0.01,74392.05,1776193962000
1776193964.582,164.582,0.58,0.59,0.41,0.42,0.01,0.01,74390.21,1776193963000
1776193964.937,164.937,0.58,0.59,0.41,0.42,0.01,0.01,74390.21,1776193963000
1776193965.803,165.803,0.58,0.59,0.41,0.42,0.01,0.01,74390.21,1776193964000
1776193966.258,166.258,0.58,0.59,0.41,0.42,0.01,0.01,74390.06,1776193965000
1776193966.612,166.612,0.58,0.59,0.41,0.42,0.01,0.01,74390.06,1776193965000
1776193967.096,167.096,0.58,0.59,0.41,0.42,0.01,0.01,74390.06,1776193965000
1776193967.469,167.469,0.58,0.59,0.41,0.42,0.01,0.01,74390.35,1776193966000
1776193967.872,167.872,0.58,0.59,0.41,0.42,0.01,0.01,74390.35,1776193966000
1776193968.245,168.245,0.56,0.59,0.41,0.42,0.03,0.01,74390.35,1776193966000
1776193968.826,168.826,0.57,0.58,0.42,0.43,0.01,0.01,74390.48,1776193967000
1776193969.445,169.445,0.57,0.58,0.42,0.43,0.01,0.01,74390.48,1776193967000
1776193969.819,169.819,0.56,0.57,0.43,0.44,0.01,0.01,74390.49,1776193968000
1776193970.41,170.41,0.56,0.57,0.43,0.44,0.01,0.01,74390.54,1776193969000
1776193970.983,170.983,0.56,0.57,0.43,0.44,0.01,0.01,74390.54,1776193969000
1776193971.337,171.337,0.56,0.57,0.43,0.44,0.01,0.01,74390.54,1776193969000
1776193971.802,171.802,0.56,0.57,0.43,0.44,0.01,0.01,74390.61,1776193970000
1776193972.545,172.545,0.56,0.57,0.43,0.44,0.01,0.01,74392.74,1776193971000
1776193972.916,172.916,0.56,0.57,0.43,0.44,0.01,0.01,74392.74,1776193971000
1776193973.249,173.249,0.56,0.57,0.43,0.44,0.01,0.01,74392.85,1776193972000
1776193973.989,173.989,0.56,0.57,0.43,0.44,0.01,0.01,74392.85,1776193972000
1776193974.387,174.387,0.56,0.57,0.42,0.44,0.01,0.02,74391.64,1776193973000
1776193974.73,174.73,0.57,0.58,0.42,0.43,0.01,0.01,74391.64,1776193973000
1776193975.079,175.079,0.57,0.58,0.42,0.43,0.01,0.01,74391.64,1776193973000
1776193975.624,175.624,0.57,0.58,0.42,0.43,0.01,0.01,74393.05,1776193974000
1776193976.232,176.232,0.57,0.58,0.42,0.43,0.01,0.01,74393.05,1776193974000
1776193977.039,177.039,0.57,0.59,0.42,0.43,0.02,0.01,74393.17,1776193975000
1776193977.412,177.412,0.57,0.59,0.41,0.43,0.02,0.02,74393.17,1776193975000
1776193978.023,178.023,0.57,0.59,0.41,0.43,0.02,0.02,74391.49,1776193977000
1776193978.774,178.774,0.57,0.58,0.41,0.43,0.01,0.02,74391.49,1776193977000
1776193979.137,179.137,0.57,0.58,0.42,0.43,0.01,0.01,74391.49,1776193977000
1776193979.496,179.496,0.57,0.58,0.42,0.43,0.01,0.01,74391.78,1776193978000
1776193979.863,179.863,0.57,0.58,0.42,0.43,0.01,0.01,74391.78,1776193978000
1776193980.2,180.2,0.57,0.58,0.42,0.43,0.01,0.01,74393.33,1776193979000
1776193980.594,180.594,0.57,0.58,0.42,0.43,0.01,0.01,74393.33,1776193979000
1776193980.956,180.956,0.57,0.58,0.42,0.43,0.01,0.01,74393.33,1776193979000
1776193981.357,181.357,0.57,0.58,0.42,0.43,0.01,0.01,74391.97,1776193980000
1776193981.774,181.774,0.57,0.58,0.42,0.43,0.01,0.01,74391.97,1776193980000
1776193982.2,182.2,0.57,0.58,0.42,0.43,0.01,0.01,74391.97,1776193980000
1776193982.585,182.585,0.57,0.58,0.42,0.43,0.01,0.01,74393.26,1776193981000
1776193982.972,182.972,0.57,0.58,0.42,0.43,0.01,0.01,74393.17,1776193982000
1776193983.497,183.497,0.57,0.58,0.42,0.43,0.01,0.01,74393.17,1776193982000
1776193984.071,184.071,0.57,0.58,0.42,0.43,0.01,0.01,74391.46,1776193983000
1776193984.72,184.72,0.57,0.58,0.42,0.43,0.01,0.01,74391.46,1776193983000
1776193985.095,185.095,0.57,0.58,0.42,0.43,0.01,0.01,74391.53,1776193984000
1776193986.727,186.727,0.57,0.58,0.42,0.43,0.01,0.01,74391.57,1776193985000
1776193987.176,187.176,0.57,0.59,0.42,0.43,0.02,0.01,74391.57,1776193985000
1776193987.687,187.687,0.57,0.58,0.41,0.43,0.01,0.02,74391.81,1776193986000
1776193988.095,188.095,0.52,0.58,0.42,0.43,0.06,0.01,74391.81,1776193986000
1776193988.472,188.472,0.46,0.47,0.53,0.55,0.01,0.02,74391.81,1776193986000
1776193988.868,188.868,0.46,0.47,0.5,0.57,0.01,0.07,74391.86,1776193987000
1776193989.243,189.243,0.46,0.48,0.52,0.54,0.02,0.02,74390.12,1776193988000
1776193989.603,189.603,0.46,0.49,0.53,0.54,0.03,0.01,74390.12,1776193988000
1776193989.938,189.938,0.47,0.48,0.52,0.53,0.01,0.01,74390.12,1776193988000
1776193990.384,190.384,0.47,0.48,0.52,0.53,0.01,0.01,74380.55,1776193989000
1776193990.786,190.786,0.47,0.48,0.52,0.53,0.01,0.01,74380.55,1776193989000
1776193991.166,191.166,0.47,0.49,0.52,0.53,0.02,0.01,74380.55,1776193989000
1776193991.585,191.585,0.47,0.48,0.52,0.53,0.01,0.01,74380.55,1776193989000
1776193992.003,192.003,0.46,0.48,0.52,0.53,0.02,0.01,74379.99,1776193990000
1776193992.408,192.408,0.47,0.48,0.52,0.53,0.01,0.01,74381.72,1776193991000
1776193993.038,193.038,0.47,0.48,0.52,0.53,0.01,0.01,74381.72,1776193991000
1776193993.425,193.425,0.47,0.48,0.52,0.53,0.01,0.01,74381.98,1776193992000
1776193993.804,193.804,0.46,0.47,0.53,0.54,0.01,0.01,74381.98,1776193992000
1776193994.171,194.171,0.46,0.47,0.53,0.54,0.01,0.01,74381.98,1776193992000
1776193994.519,194.519,0.46,0.47,0.53,0.54,0.01,0.01,74382.14,1776193993000
1776193994.897,194.897,0.46,0.47,0.53,0.54,0.01,0.01,74382.14,1776193993000
1776193995.266,195.266,0.46,0.47,0.53,0.54,0.01,0.01,74381.71,1776193994000
1776193995.618,195.618,0.46,0.47,0.53,0.54,0.01,0.01,74381.71,1776193994000
1776193996.127,196.127,0.46,0.47,0.53,0.54,0.01,0.01,74381.71,1776193994000
1776193996.55,196.55,0.46,0.47,0.53,0.54,0.01,0.01,74381.71,1776193994000
1776193996.979,196.979,0.46,0.47,0.53,0.54,0.01,0.01,74382.1,1776193995000
1776193997.347,197.347,0.46,0.47,0.53,0.54,0.01,0.01,74382.11,1776193996000
1776193997.946,197.946,0.46,0.47,0.53,0.54,0.01,0.01,74382.11,1776193996000
1776193998.513,198.513,0.46,0.47,0.53,0.54,0.01,0.01,74382.11,1776193996000
1776193998.871,198.871,0.46,0.47,0.53,0.54,0.01,0.01,74382.43,1776193997000
1776193999.313,199.313,0.46,0.47,0.53,0.54,0.01,0.01,74382.43,1776193997000
1776193999.69,199.69,0.47,0.48,0.53,0.54,0.01,0.01,74382.63,1776193998000
1776194000.116,200.116,0.55,0.57,0.43,0.47,0.02,0.04,74382.63,1776193998000
1776194000.45,200.45,0.58,0.6,0.41,0.42,0.02,0.01,74382.63,1776193998000
1776194000.803,200.803,0.54,0.6,0.4,0.44,0.06,0.04,74382.66,1776193999000
1776194001.186,201.186,0.56,0.57,0.41,0.44,0.01,0.03,74382.66,1776193999000
1776194001.533,201.533,0.58,0.61,0.4,0.42,0.03,0.02,74385.13,1776194000000
1776194001.888,201.888,0.59,0.6,0.4,0.41,0.01,0.01,74385.13,1776194000000
1776194002.243,202.243,0.59,0.61,0.4,0.41,0.02,0.01,74385.13,1776194000000
1776194002.605,202.605,0.62,0.63,0.37,0.39,0.01,0.02,74389.71,1776194001000
1776194002.985,202.985,0.62,0.63,0.37,0.38,0.01,0.01,74389.71,1776194001000
1776194003.335,203.335,0.62,0.64,0.36,0.38,0.02,0.02,74393.51,1776194002000
1776194004.065,204.065,0.63,0.64,0.36,0.37,0.01,0.01,74393.51,1776194002000
1776194004.405,204.405,0.63,0.64,0.36,0.37,0.01,0.01,74398.55,1776194003000
1776194004.743,204.743,0.63,0.64,0.36,0.37,0.01,0.01,74398.55,1776194003000
1776194005.094,205.094,0.63,0.64,0.36,0.37,0.01,0.01,74398.55,1776194003000
1776194005.504,205.504,0.63,0.64,0.36,0.37,0.01,0.01,74398.71,1776194004000
1776194005.885,205.885,0.63,0.64,0.36,0.37,0.01,0.01,74398.71,1776194004000
1776194006.245,206.245,0.52,0.54,0.46,0.47,0.02,0.01,74398.71,1776194004000
1776194006.584,206.584,0.52,0.54,0.46,0.47,0.02,0.01,74398.74,1776194005000
1776194006.926,206.926,0.52,0.54,0.46,0.48,0.02,0.02,74398.74,1776194005000
1776194007.259,207.259,0.5,0.53,0.47,0.5,0.03,0.03,74397.68,1776194006000
1776194007.683,207.683,0.48,0.49,0.51,0.52,0.01,0.01,74397.68,1776194006000
1776194008.022,208.022,0.48,0.49,0.51,0.52,0.01,0.01,74397.68,1776194006000
1776194008.534,208.534,0.48,0.49,0.51,0.52,0.01,0.01,74388.37,1776194007000
1776194008.892,208.892,0.46,0.48,0.51,0.54,0.02,0.03,74388.37,1776194007000
1776194009.312,209.312,0.45,0.47,0.52,0.55,0.02,0.03,74381.38,1776194008000
1776194009.698,209.698,0.45,0.46,0.53,0.55,0.01,0.02,74381.38,1776194008000
1776194010.038,210.038,0.45,0.46,0.54,0.55,0.01,0.01,74381.38,1776194008000
1776194010.445,210.445,0.45,0.46,0.54,0.55,0.01,0.01,74377.21,1776194009000
1776194010.79,210.79,0.45,0.46,0.54,0.55,0.01,0.01,74377.21,1776194009000
1776194011.139,211.139,0.45,0.46,0.54,0.55,0.01,0.01,74377.21,1776194009000
1776194011.535,211.535,0.45,0.46,0.54,0.55,0.01,0.01,74377.07,1776194010000
1776194011.954,211.954,0.44,0.46,0.54,0.55,0.02,0.01,74377.07,1776194010000
1776194012.29,212.29,0.44,0.45,0.55,0.56,0.01,0.01,74377.07,1776194011000
1776194012.724,212.724,0.44,0.45,0.55,0.56,0.01,0.01,74377.07,1776194011000
1776194013.073,213.073,0.43,0.45,0.55,0.57,0.02,0.02,74377.18,1776194012000
1776194013.449,213.449,0.43,0.44,0.56,0.57,0.01,0.01,74377.18,1776194012000
1776194013.799,213.799,0.43,0.44,0.56,0.57,0.01,0.01,74377.18,1776194012000
1776194014.231,214.231,0.43,0.44,0.56,0.57,0.01,0.01,74377.27,1776194013000
1776194014.564,214.564,0.43,0.44,0.56,0.57,0.01,0.01,74377.27,1776194013000
1776194015.188,215.188,0.43,0.44,0.56,0.57,0.01,0.01,74377.27,1776194013000
1776194015.657,215.657,0.43,0.44,0.56,0.57,0.01,0.01,74377.27,1776194014000
1776194016.075,216.075,0.43,0.44,0.56,0.57,0.01,0.01,74377.27,1776194014000
1776194016.696,216.696,0.43,0.44,0.56,0.57,0.01,0.01,74376.99,1776194015000
1776194017.142,217.142,0.43,0.44,0.56,0.57,0.01,0.01,74376.99,1776194015000
1776194017.602,217.602,0.42,0.43,0.56,0.58,0.01,0.02,74377.16,1776194016000
1776194018.017,218.017,0.4,0.41,0.59,0.6,0.01,0.01,74377.16,1776194016000
1776194018.366,218.366,0.39,0.4,0.6,0.62,0.01,0.02,74377.16,1776194016000
1776194018.822,218.822,0.38,0.39,0.61,0.62,0.01,0.01,74377.31,1776194017000
1776194019.246,219.246,0.38,0.39,0.61,0.62,0.01,0.01,74377.3,1776194018000
1776194019.592,219.592,0.38,0.39,0.61,0.62,0.01,0.01,74377.3,1776194018000
1776194020.144,220.144,0.38,0.39,0.61,0.62,0.01,0.01,74377.3,1776194018000
1776194020.879,220.879,0.37,0.39,0.61,0.62,0.02,0.01,74373.96,1776194019000
1776194021.224,221.224,0.37,0.39,0.61,0.63,0.02,0.02,74374.15,1776194020000
1776194021.79,221.79,0.37,0.38,0.61,0.63,0.01,0.02,74374.15,1776194020000
1776194022.136,222.136,0.36,0.38,0.62,0.64,0.02,0.02,74374.15,1776194020000
1776194022.524,222.524,0.27,0.32,0.68,0.73,0.05,0.05,74374.11,1776194021000
1776194022.857,222.857,0.25,0.28,0.72,0.74,0.03,0.02,74374.11,1776194021000
1776194023.233,223.233,0.24,0.26,0.74,0.76,0.02,0.02,74371.45,1776194022000
1776194023.601,223.601,0.21,0.22,0.78,0.79,0.01,0.01,74371.45,1776194022000
1776194023.937,223.937,0.21,0.23,0.77,0.79,0.02,0.02,74371.45,1776194022000
1776194024.274,224.274,0.21,0.22,0.78,0.79,0.01,0.01,74353.78,1776194023000
1776194024.608,224.608,0.21,0.22,0.78,0.79,0.01,0.01,74353.78,1776194023000
1776194024.979,224.979,0.21,0.22,0.78,0.8,0.01,0.02,74353.78,1776194023000
1776194025.347,225.347,0.21,0.22,0.78,0.79,0.01,0.01,74350.95,1776194024000
1776194025.735,225.735,0.21,0.23,0.77,0.79,0.02,0.02,74350.95,1776194024000
1776194026.177,226.177,0.21,0.22,0.78,0.79,0.01,0.01,74350.95,1776194024000
1776194026.511,226.511,0.21,0.22,0.78,0.79,0.01,0.01,74351.13,1776194025000
1776194026.873,226.873,0.21,0.22,0.78,0.79,0.01,0.01,74351.13,1776194025000
1776194027.208,227.208,0.2,0.21,0.79,0.8,0.01,0.01,74351.13,1776194025000
1776194027.554,227.554,0.2,0.21,0.78,0.8,0.01,0.02,74353.29,1776194026000
1776194027.903,227.903,0.2,0.21,0.79,0.8,0.01,0.01,74353.29,1776194026000
1776194028.25,228.25,0.2,0.21,0.79,0.8,0.01,0.01,74353.41,1776194027000
1776194028.591,228.591,0.2,0.21,0.79,0.8,0.01,0.01,74353.41,1776194027000
1776194028.961,228.961,0.2,0.21,0.79,0.8,0.01,0.01,74353.41,1776194027000
1776194029.296,229.296,0.2,0.21,0.79,0.8,0.01,0.01,74353.6,1776194028000
1776194029.682,229.682,0.17,0.19,0.81,0.82,0.02,0.01,74353.6,1776194028000
1776194030.071,230.071,0.15,0.17,0.83,0.85,0.02,0.02,74353.6,1776194028000
1776194030.414,230.414,0.15,0.16,0.84,0.85,0.01,0.01,74352.01,1776194029000
1776194030.814,230.814,0.13,0.14,0.85,0.87,0.01,0.02,74352.01,1776194029000
1776194031.16,231.16,0.13,0.14,0.86,0.87,0.01,0.01,74352.01,1776194029000
1776194031.531,231.531,0.12,0.13,0.86,0.88,0.01,0.02,74349.67,1776194030000
1776194031.885,231.885,0.12,0.13,0.87,0.88,0.01,0.01,74349.67,1776194030000
1776194032.322,232.322,0.11,0.12,0.88,0.89,0.01,0.01,74345.02,1776194031000
1776194032.664,232.664,0.11,0.12,0.88,0.89,0.01,0.01,74345.02,1776194031000
1776194033.002,233.002,0.11,0.12,0.88,0.89,0.01,0.01,74345.02,1776194031000
1776194033.435,233.435,0.11,0.12,0.88,0.89,0.01,0.01,74345.02,1776194031000
1776194033.77,233.77,0.11,0.12,0.88,0.89,0.01,0.01,74342.03,1776194032000
1776194034.212,234.212,0.11,0.12,0.88,0.89,0.01,0.01,74342.03,1776194032000
1776194034.565,234.565,0.11,0.12,0.88,0.89,0.01,0.01,74342.03,1776194033000
1776194035.029,235.029,0.11,0.12,0.88,0.89,0.01,0.01,74342.03,1776194033000
1776194035.414,235.414,0.11,0.12,0.88,0.89,0.01,0.01,74342.03,1776194033000
1776194035.851,235.851,0.11,0.12,0.88,0.89,0.01,0.01,74341.32,1776194034000
1776194036.231,236.231,0.13,0.15,0.85,0.89,0.02,0.04,74341.32,1776194034000
1776194036.582,236.582,0.16,0.2,0.8,0.84,0.04,0.04,74341.32,1776194035000
1776194036.919,236.919,0.18,0.19,0.81,0.82,0.01,0.01,74341.32,1776194035000
1776194037.253,237.253,0.18,0.19,0.81,0.82,0.01,0.01,74341.32,1776194035000
1776194037.613,237.613,0.18,0.19,0.81,0.83,0.01,0.02,74343.27,1776194036000
1776194037.956,237.956,0.18,0.19,0.81,0.82,0.01,0.01,74343.27,1776194036000
1776194038.303,238.303,0.18,0.19,0.81,0.82,0.01,0.01,74346.48,1776194037000
1776194038.719,238.719,0.16,0.17,0.83,0.84,0.01,0.01,74346.48,1776194037000
1776194039.065,239.065,0.15,0.17,0.83,0.86,0.02,0.03,74346.48,1776194037000
1776194039.422,239.422,0.14,0.15,0.85,0.86,0.01,0.01,74346.48,1776194037000
1776194039.766,239.766,0.13,0.14,0.86,0.87,0.01,0.01,74346.98,1776194038000
1776194040.287,240.287,0.13,0.14,0.86,0.87,0.01,0.01,74347.06,1776194039000
1776194040.747,240.747,0.12,0.13,0.86,0.87,0.01,0.01,74347.06,1776194039000
1776194041.147,241.147,0.11,0.12,0.88,0.89,0.01,0.01,74347.06,1776194039000
1776194041.496,241.496,0.11,0.12,0.88,0.89,0.01,0.01,74347.06,1776194039000
1776194041.893,241.893,0.11,0.12,0.88,0.89,0.01,0.01,74345.31,1776194040000
1776194042.32,242.32,0.1,0.11,0.89,0.9,0.01,0.01,74344.4,1776194041000
1776194042.657,242.657,0.1,0.11,0.89,0.9,0.01,0.01,74344.4,1776194041000
1776194043.028,243.028,0.1,0.11,0.89,0.9,0.01,0.01,74344.4,1776194041000
1776194043.496,243.496,0.09,0.1,0.89,0.91,0.01,0.02,74344.4,1776194041000
1776194043.834,243.834,0.09,0.1,0.9,0.91,0.01,0.01,74344.4,1776194041000
1776194044.175,244.175,0.08,0.1,0.9,0.91,0.02,0.01,74344.4,1776194041000
1776194044.707,244.707,0.08,0.09,0.9,0.92,0.01,0.02,74340.27,1776194043000
1776194045.147,245.147,0.08,0.09,0.91,0.92,0.01,0.01,74340.27,1776194043000
1776194045.601,245.601,0.08,0.09,0.91,0.92,0.01,0.01,74340.27,1776194043000
1776194046.015,246.015,0.07,0.08,0.92,0.93,0.01,0.01,74340.15,1776194044000
1776194046.391,246.391,0.06,0.07,0.93,0.94,0.01,0.01,74340.15,1776194044000
1776194046.853,246.853,0.06,0.07,0.93,0.94,0.01,0.01,74340.15,1776194045000
1776194047.201,247.201,0.06,0.07,0.93,0.94,0.01,0.01,74340.15,1776194045000
1776194047.626,247.626,0.06,0.07,0.93,0.94,0.01,0.01,74338.29,1776194046000
1776194047.969,247.969,0.08,0.09,0.92,0.93,0.01,0.01,74338.29,1776194046000
1776194048.322,248.322,0.1,0.11,0.89,0.9,0.01,0.01,74337.56,1776194047000
1776194048.664,248.664,0.1,0.11,0.89,0.9,0.01,0.01,74337.56,1776194047000
1776194049.021,249.021,0.09,0.1,0.9,0.91,0.01,0.01,74337.56,1776194047000
1776194049.373,249.373,0.08,0.1,0.9,0.91,0.02,0.01,74337.56,1776194047000
1776194049.735,249.735,0.08,0.09,0.91,0.92,0.01,0.01,74337.56,1776194047000
1776194050.11,250.11,0.08,0.09,0.91,0.92,0.01,0.01,74337.52,1776194048000
1776194050.555,250.555,0.08,0.09,0.91,0.92,0.01,0.01,74337.52,1776194048000
1776194050.965,250.965,0.07,0.08,0.92,0.93,0.01,0.01,74339.23,1776194049000
1776194051.347,251.347,0.08,0.09,0.91,0.92,0.01,0.01,74340.47,1776194050000
1776194051.698,251.698,0.08,0.09,0.91,0.92,0.01,0.01,74340.47,1776194050000
1776194052.071,252.071,0.08,0.09,0.91,0.92,0.01,0.01,74340.47,1776194050000
1776194052.48,252.48,0.08,0.1,0.9,0.92,0.02,0.02,74340.47,1776194050000
1776194052.971,252.971,0.08,0.09,0.91,0.92,0.01,0.01,74338.55,1776194051000
1776194053.396,253.396,0.08,0.09,0.91,0.92,0.01,0.01,74338.58,1776194052000
1776194053.782,253.782,0.08,0.09,0.91,0.92,0.01,0.01,74338.58,1776194052000
1776194054.139,254.139,0.08,0.09,0.91,0.92,0.01,0.01,74338.58,1776194052000
1776194054.474,254.474,0.08,0.09,0.91,0.92,0.01,0.01,74338.58,1776194052000
1776194054.881,254.881,0.08,0.09,0.91,0.92,0.01,0.01,74338.88,1776194053000
1776194055.519,255.519,0.07,0.08,0.92,0.93,0.01,0.01,74338.88,1776194054000
1776194055.853,255.853,0.06,0.08,0.92,0.93,0.02,0.01,74338.88,1776194054000
1776194056.223,256.223,0.06,0.07,0.92,0.94,0.01,0.02,74338.88,1776194054000
1776194056.714,256.714,0.06,0.07,0.93,0.94,0.01,0.01,74339.06,1776194055000
1776194057.138,257.138,0.06,0.07,0.93,0.94,0.01,0.01,74339.06,1776194055000
1776194057.505,257.505,0.06,0.07,0.93,0.94,0.01,0.01,74341.04,1776194056000
1776194057.99,257.99,0.05,0.06,0.94,0.95,0.01,0.01,74341.04,1776194056000
1776194058.35,258.35,0.05,0.06,0.94,0.95,0.01,0.01,74339.38,1776194057000
1776194058.764,258.764,0.05,0.06,0.94,0.95,0.01,0.01,74339.38,1776194057000
1776194059.144,259.144,0.05,0.06,0.94,0.96,0.01,0.02,74339.38,1776194057000
1776194059.495,259.495,0.05,0.06,0.94,0.95,0.01,0.01,74339.26,1776194058000
1776194059.914,259.914,0.05,0.06,0.94,0.95,0.01,0.01,74339.26,1776194058000
1776194060.248,260.248,0.04,0.06,0.94,0.95,0.02,0.01,74339.19,1776194059000
1776194060.778,260.778,0.04,0.05,0.95,0.96,0.01,0.01,74339.19,1776194059000
1776194061.116,261.116,0.04,0.05,0.95,0.96,0.01,0.01,74339.25,1776194060000
1776194061.522,261.522,0.04,0.05,0.95,0.96,0.01,0.01,74339.25,1776194060000
1776194061.99,261.99,0.04,0.05,0.95,0.96,0.01,0.01,74339.25,1776194060000
1776194062.362,262.362,0.04,0.05,0.95,0.96,0.01,0.01,74339.25,1776194060000
1776194062.701,262.701,0.04,0.05,0.95,0.96,0.01,0.01,74339.23,1776194061000
1776194063.116,263.116,0.04,0.05,0.95,0.96,0.01,0.01,74339.23,1776194061000
1776194063.532,263.532,0.04,0.05,0.95,0.96,0.01,0.01,74339.23,1776194061000
1776194063.937,263.937,0.04,0.05,0.95,0.96,0.01,0.01,74339.27,1776194062000
1776194064.353,264.353,0.04,0.05,0.95,0.96,0.01,0.01,74339.27,1776194063000
1776194064.69,264.69,0.03,0.04,0.95,0.97,0.01,0.02,74339.27,1776194063000
1776194065.025,265.025,0.03,0.04,0.96,0.97,0.01,0.01,74339.27,1776194063000
1776194065.477,265.477,0.03,0.04,0.96,0.97,0.01,0.01,74336.8,1776194064000
1776194065.826,265.826,0.03,0.04,0.96,0.97,0.01,0.01,74336.8,1776194064000
1776194066.176,266.176,0.04,0.05,0.95,0.97,0.01,0.02,74336.8,1776194064000
1776194066.528,266.528,0.04,0.05,0.95,0.96,0.01,0.01,74338.42,1776194065000
1776194066.897,266.897,0.04,0.05,0.95,0.96,0.01,0.01,74338.42,1776194065000
1776194067.237,267.237,0.04,0.05,0.95,0.96,0.01,0.01,74338.42,1776194065000
1776194067.723,267.723,0.04,0.05,0.95,0.96,0.01,0.01,74333.25,1776194066000
1776194068.063,268.063,0.03,0.05,0.95,0.97,0.02,0.02,74333.25,1776194066000
1776194068.42,268.42,0.03,0.04,0.96,0.97,0.01,0.01,74333.25,1776194066000
1776194068.811,268.811,0.03,0.04,0.96,0.97,0.01,0.01,74336.59,1776194067000
1776194069.311,269.311,0.03,0.04,0.96,0.97,0.01,0.01,74337.06,1776194068000
1776194069.691,269.691,0.03,0.04,0.96,0.97,0.01,0.01,74337.06,1776194068000
1776194070.095,270.095,0.03,0.04,0.89,0.97,0.01,0.08,74337.06,1776194068000
1776194070.651,270.651,0.03,0.04,0.96,0.97,0.01,0.01,74336.77,1776194069000
1776194071.141,271.141,0.03,0.04,0.96,0.97,0.01,0.01,74336.77,1776194069000
1776194071.497,271.497,0.03,0.04,0.96,0.97,0.01,0.01,74336.85,1776194070000
1776194071.999,271.999,0.02,0.03,0.97,0.98,0.01,0.01,74336.85,1776194070000
1776194072.363,272.363,0.02,0.03,0.97,0.98,0.01,0.01,74337.31,1776194071000
1776194072.708,272.708,0.03,0.04,0.96,0.98,0.01,0.02,74337.31,1776194071000
1776194073.044,273.044,0.02,0.03,0.96,0.98,0.01,0.02,74337.31,1776194071000
1776194073.458,273.458,0.02,0.03,0.97,0.98,0.01,0.01,74337.31,1776194071000
1776194073.805,273.805,0.02,0.03,0.97,0.98,0.01,0.01,74337.34,1776194072000
1776194074.171,274.171,0.02,0.03,0.97,0.98,0.01,0.01,74337.34,1776194072000
1776194074.512,274.512,0.02,0.03,0.97,0.98,0.01,0.01,74337.55,1776194073000
1776194075.061,275.061,0.02,0.03,0.97,0.98,0.01,0.01,74337.55,1776194073000
1776194075.408,275.408,0.03,0.04,0.96,0.98,0.01,0.02,74337.55,1776194073000
1776194075.924,275.924,0.02,0.03,0.97,0.98,0.01,0.01,74337.63,1776194074000
1776194076.258,276.258,0.02,0.03,0.97,0.98,0.01,0.01,74337.63,1776194075000
1776194076.656,276.656,0.02,0.03,0.97,0.98,0.01,0.01,74337.63,1776194075000
1776194077.259,277.259,0.02,0.03,0.97,0.98,0.01,0.01,74337.63,1776194075000
1776194077.689,277.689,0.02,0.03,0.97,0.98,0.01,0.01,74337.62,1776194076000
1776194078.023,278.023,0.02,0.03,0.97,0.98,0.01,0.01,74337.62,1776194076000
1776194078.392,278.392,0.02,0.03,0.97,0.98,0.01,0.01,74337.62,1776194076000
1776194078.76,278.76,0.02,0.03,0.97,0.98,0.01,0.01,74337.67,1776194077000
1776194079.12,279.12,0.02,0.03,0.97,0.98,0.01,0.01,74337.67,1776194078000
1776194079.487,279.487,0.01,0.02,0.97,0.99,0.01,0.02,74337.67,1776194078000
1776194079.833,279.833,0.01,0.02,0.98,0.99,0.01,0.01,74337.67,1776194078000
1776194080.24,280.24,0.01,0.02,0.98,0.99,0.01,0.01,74337.67,1776194078000
1776194080.585,280.585,0.01,0.02,0.98,0.99,0.01,0.01,74325.45,1776194079000
1776194080.931,280.931,0.01,0.02,0.98,0.99,0.01,0.01,74325.45,1776194079000
1776194081.329,281.329,0.01,0.01,0.98,0.99,0.0,0.01,74322.74,1776194080000
1776194081.663,281.663,0.01,0.01,0.99,0.99,0.0,0.0,74322.74,1776194080000
1776194082.2,282.2,0.01,0.01,0.99,0.99,0.0,0.0,74322.74,1776194080000
1776194082.584,282.584,0.01,0.01,0.99,0.99,0.0,0.0,74322.74,1776194080000
1776194082.942,282.942,0.01,0.01,0.99,0.99,0.0,0.0,74322.74,1776194080000
1776194083.644,283.644,0.01,0.01,0.99,0.99,0.0,0.0,74320.38,1776194082000
1776194084.06,284.06,0.01,0.01,0.99,0.99,0.0,0.0,74320.38,1776194082000
1776194084.546,284.546,0.01,0.01,0.99,0.99,0.0,0.0,74320.32,1776194083000
1776194085.46,285.46,0.01,0.01,0.99,0.99,0.0,0.0,74320.32,1776194083000
1776194085.951,285.951,0.01,0.01,0.99,0.99,0.0,0.0,74320.75,1776194084000
1776194086.3,286.3,0.01,0.01,0.99,0.99,0.0,0.0,74320.74,1776194085000
1776194086.738,286.738,0.01,0.01,0.99,0.99,0.0,0.0,74320.74,1776194085000
1776194087.274,287.274,0.01,0.01,0.99,0.99,0.0,0.0,74320.74,1776194085000
1776194087.729,287.729,0.01,0.01,0.99,0.99,0.0,0.0,74319.16,1776194086000
1776194088.313,288.313,0.01,0.01,0.99,0.99,0.0,0.0,74319.17,1776194087000
1776194088.667,288.667,0.01,0.01,0.99,0.99,0.0,0.0,74319.17,1776194087000
1776194089.086,289.086,0.01,0.01,0.99,0.99,0.0,0.0,74319.17,1776194087000
1776194089.571,289.571,0.01,0.01,0.99,0.99,0.0,0.0,74319.17,1776194087000
1776194090.325,290.325,0.01,0.01,0.99,0.99,0.0,0.0,74315.72,1776194089000
1776194090.946,290.946,0.01,0.01,0.99,0.99,0.0,0.0,74315.72,1776194089000
1776194091.484,291.484,0.01,0.01,0.99,0.99,0.0,0.0,74315.25,1776194090000
1776194091.963,291.963,0.01,0.01,0.99,0.99,0.0,0.0,74315.25,1776194090000
1776194092.357,292.357,0.01,0.01,0.99,0.99,0.0,0.0,74315.31,1776194091000
1776194092.784,292.784,0.01,0.01,0.99,0.99,0.0,0.0,74315.31,1776194091000
1776194093.665,293.665,0.01,0.01,0.99,0.99,0.0,0.0,74319.21,1776194092000
1776194094.224,294.224,0.01,0.01,0.99,0.99,0.0,0.0,74318.24,1776194093000
1776194095.522,295.522,0.01,0.01,0.99,0.99,0.0,0.0,74318.24,1776194093000
1776194096.185,296.185,0.01,0.01,0.99,0.99,0.0,0.0,74318.52,1776194095000
1776194097.497,297.497,0.01,0.01,0.99,0.99,0.0,0.0,74318.52,1776194095000
1776194098.139,298.139,0.01,0.01,0.99,0.99,0.0,0.0,74316.13,1776194096000
1776194100.143,300.143,0.01,0.01,0.99,0.99,0.0,0.0,74307.35,1776194098000
1776194100.599,300.599,0.01,0.01,0.99,0.99,0.0,0.0,74307.39,1776194099000

# RESULT,winner=Down,slug=btc-updown-5m-1776193800,ticks=703
