timestamp,elapsed_sec,up_bid,up_ask,down_bid,down_ask,up_spread,down_spread,btc_price,btc_oracle_ts
1776035400.874,0.874,0.52,0.53,0.47,0.48,0.01,0.01,70756.66,1776035399000
1776035401.234,1.234,0.52,0.56,0.47,0.48,0.04,0.01,70756.66,1776035399000
1776035401.636,1.636,0.55,0.56,0.45,0.46,0.01,0.01,70756.66,1776035399000
1776035401.972,1.972,0.58,0.59,0.41,0.42,0.01,0.01,70757.56,1776035400000
1776035402.322,2.322,0.59,0.6,0.4,0.42,0.01,0.02,70757.56,1776035400000
1776035402.753,2.753,0.59,0.6,0.4,0.41,0.01,0.01,70757.56,1776035400000
1776035403.136,3.136,0.6,0.62,0.37,0.4,0.02,0.03,70757.9,1776035402000
1776035403.511,3.511,0.61,0.62,0.38,0.39,0.01,0.01,70757.9,1776035402000
1776035403.867,3.867,0.61,0.62,0.38,0.39,0.01,0.01,70757.9,1776035402000
1776035404.279,4.279,0.61,0.62,0.38,0.39,0.01,0.01,70767.68,1776035403000
1776035404.618,4.618,0.61,0.66,0.38,0.39,0.05,0.01,70767.68,1776035403000
1776035405.209,5.209,0.64,0.65,0.36,0.38,0.01,0.02,70767.68,1776035403000
1776035405.546,5.546,0.65,0.68,0.32,0.35,0.03,0.03,70775.66,1776035404000
1776035405.978,5.978,0.67,0.68,0.32,0.33,0.01,0.01,70775.66,1776035404000
1776035406.36,6.36,0.67,0.68,0.32,0.33,0.01,0.01,70775.66,1776035404000
1776035406.711,6.711,0.67,0.68,0.32,0.33,0.01,0.01,70777.19,1776035405000
1776035407.055,7.055,0.67,0.68,0.32,0.33,0.01,0.01,70777.19,1776035405000
1776035407.405,7.405,0.67,0.68,0.32,0.33,0.01,0.01,70777.19,1776035405000
1776035407.867,7.867,0.67,0.68,0.32,0.33,0.01,0.01,70782.22,1776035406000
1776035408.227,8.227,0.67,0.68,0.32,0.33,0.01,0.01,70782.22,1776035406000
1776035408.582,8.582,0.67,0.68,0.32,0.33,0.01,0.01,70782.22,1776035406000
1776035408.931,8.931,0.68,0.69,0.31,0.33,0.01,0.02,70786.64,1776035407000
1776035409.275,9.275,0.68,0.69,0.31,0.32,0.01,0.01,70786.64,1776035407000
1776035409.652,9.652,0.68,0.69,0.31,0.32,0.01,0.01,70786.64,1776035407000
1776035410.005,10.005,0.69,0.7,0.3,0.31,0.01,0.01,70786.98,1776035408000
1776035410.347,10.347,0.69,0.7,0.3,0.31,0.01,0.01,70786.98,1776035408000
1776035410.681,10.681,0.69,0.7,0.3,0.31,0.01,0.01,70786.98,1776035408000
1776035411.019,11.019,0.69,0.7,0.3,0.31,0.01,0.01,70787.82,1776035409000
1776035411.362,11.362,0.69,0.7,0.3,0.31,0.01,0.01,70787.82,1776035409000
1776035411.716,11.716,0.69,0.7,0.3,0.31,0.01,0.01,70787.82,1776035409000
1776035412.066,12.066,0.69,0.7,0.3,0.31,0.01,0.01,70789.15,1776035410000
1776035412.422,12.422,0.69,0.7,0.3,0.31,0.01,0.01,70789.15,1776035410000
1776035412.761,12.761,0.69,0.7,0.3,0.31,0.01,0.01,70791.02,1776035411000
1776035413.154,13.154,0.68,0.69,0.31,0.32,0.01,0.01,70791.02,1776035411000
1776035413.507,13.507,0.68,0.69,0.31,0.32,0.01,0.01,70791.02,1776035412000
1776035413.847,13.847,0.68,0.69,0.31,0.32,0.01,0.01,70791.02,1776035412000
1776035414.187,14.187,0.68,0.69,0.31,0.32,0.01,0.01,70791.02,1776035412000
1776035414.631,14.631,0.68,0.69,0.31,0.32,0.01,0.01,70791.02,1776035413000
1776035414.997,14.997,0.68,0.69,0.31,0.32,0.01,0.01,70791.02,1776035413000
1776035415.349,15.349,0.67,0.69,0.31,0.33,0.02,0.02,70791.02,1776035414000
1776035415.724,15.724,0.68,0.7,0.31,0.32,0.02,0.01,70791.02,1776035414000
1776035416.339,16.339,0.7,0.71,0.29,0.3,0.01,0.01,70791.02,1776035414000
1776035416.68,16.68,0.7,0.71,0.29,0.3,0.01,0.01,70791.02,1776035414000
1776035417.16,17.16,0.7,0.71,0.29,0.3,0.01,0.01,70791.92,1776035415000
1776035417.5,17.5,0.67,0.7,0.3,0.33,0.03,0.03,70792.25,1776035416000
1776035417.841,17.841,0.65,0.66,0.34,0.35,0.01,0.01,70792.25,1776035416000
1776035418.196,18.196,0.65,0.66,0.34,0.35,0.01,0.01,70792.25,1776035416000
1776035418.582,18.582,0.65,0.66,0.34,0.35,0.01,0.01,70790.71,1776035417000
1776035419.09,19.09,0.65,0.66,0.34,0.35,0.01,0.01,70787.84,1776035418000
1776035419.449,19.449,0.65,0.66,0.34,0.35,0.01,0.01,70787.84,1776035418000
1776035419.811,19.811,0.64,0.65,0.34,0.35,0.01,0.01,70787.84,1776035418000
1776035420.168,20.168,0.64,0.65,0.35,0.37,0.01,0.02,70787.84,1776035418000
1776035420.541,20.541,0.64,0.65,0.35,0.36,0.01,0.01,70785.43,1776035419000
1776035420.888,20.888,0.64,0.65,0.35,0.36,0.01,0.01,70785.43,1776035419000
1776035421.259,21.259,0.64,0.65,0.35,0.36,0.01,0.01,70785.43,1776035419000
1776035421.647,21.647,0.64,0.65,0.35,0.36,0.01,0.01,70785.43,1776035420000
1776035422.001,22.001,0.63,0.64,0.36,0.37,0.01,0.01,70785.43,1776035420000
1776035422.348,22.348,0.63,0.64,0.36,0.37,0.01,0.01,70780.93,1776035421000
1776035422.685,22.685,0.63,0.64,0.36,0.37,0.01,0.01,70780.93,1776035421000
1776035423.019,23.019,0.63,0.64,0.36,0.37,0.01,0.01,70780.93,1776035421000
1776035423.361,23.361,0.63,0.64,0.36,0.37,0.01,0.01,70780.93,1776035421000
1776035423.766,23.766,0.63,0.64,0.36,0.37,0.01,0.01,70780.78,1776035422000
1776035424.332,24.332,0.63,0.64,0.36,0.37,0.01,0.01,70780.85,1776035423000
1776035424.943,24.943,0.63,0.64,0.36,0.37,0.01,0.01,70780.85,1776035423000
1776035425.337,25.337,0.63,0.64,0.36,0.38,0.01,0.02,70781.25,1776035424000
1776035425.891,25.891,0.62,0.63,0.36,0.37,0.01,0.01,70781.25,1776035424000
1776035426.353,26.353,0.62,0.63,0.37,0.38,0.01,0.01,70780.85,1776035425000
1776035427.032,27.032,0.62,0.63,0.37,0.38,0.01,0.01,70780.85,1776035425000
1776035427.598,27.598,0.62,0.63,0.37,0.38,0.01,0.01,70780.85,1776035426000
1776035428.079,28.079,0.62,0.63,0.37,0.38,0.01,0.01,70780.85,1776035426000
1776035428.554,28.554,0.62,0.63,0.37,0.38,0.01,0.01,70781.34,1776035427000
1776035429.141,29.141,0.62,0.63,0.37,0.38,0.01,0.01,70781.34,1776035427000
1776035429.736,29.736,0.61,0.62,0.38,0.39,0.01,0.01,70780.66,1776035428000
1776035430.202,30.202,0.61,0.62,0.38,0.39,0.01,0.01,70780.66,1776035428000
1776035430.96,30.96,0.61,0.62,0.38,0.39,0.01,0.01,70780.85,1776035430000
1776035431.398,31.398,0.61,0.62,0.38,0.39,0.01,0.01,70780.85,1776035430000
1776035431.742,31.742,0.61,0.62,0.38,0.39,0.01,0.01,70780.85,1776035430000
1776035432.197,32.197,0.61,0.62,0.38,0.39,0.01,0.01,70780.85,1776035431000
1776035432.598,32.598,0.61,0.62,0.38,0.39,0.01,0.01,70780.85,1776035431000
1776035433.055,33.055,0.6,0.62,0.38,0.39,0.02,0.01,70780.85,1776035431000
1776035433.396,33.396,0.6,0.61,0.39,0.4,0.01,0.01,70780.77,1776035432000
1776035433.885,33.885,0.6,0.61,0.39,0.4,0.01,0.01,70780.61,1776035433000
1776035434.241,34.241,0.6,0.61,0.39,0.4,0.01,0.01,70780.61,1776035433000
1776035434.711,34.711,0.6,0.61,0.39,0.4,0.01,0.01,70780.61,1776035433000
1776035435.163,35.163,0.6,0.61,0.39,0.4,0.01,0.01,70777.81,1776035434000
1776035435.5,35.5,0.59,0.61,0.39,0.4,0.02,0.01,70777.81,1776035434000
1776035435.837,35.837,0.59,0.61,0.39,0.41,0.02,0.02,70777.35,1776035435000
1776035436.573,36.573,0.59,0.6,0.4,0.41,0.01,0.01,70777.35,1776035435000
1776035437.208,37.208,0.59,0.6,0.39,0.41,0.01,0.02,70776.9,1776035436000
1776035437.836,37.836,0.59,0.6,0.4,0.41,0.01,0.01,70776.9,1776035436000
1776035438.281,38.281,0.59,0.6,0.4,0.41,0.01,0.01,70776.8,1776035437000
1776035438.639,38.639,0.59,0.6,0.4,0.41,0.01,0.01,70776.8,1776035437000
1776035439.034,39.034,0.61,0.62,0.38,0.4,0.01,0.02,70776.8,1776035437000
1776035439.377,39.377,0.61,0.62,0.38,0.39,0.01,0.01,70777.59,1776035438000
1776035439.833,39.833,0.61,0.62,0.38,0.39,0.01,0.01,70777.59,1776035438000
1776035440.258,40.258,0.6,0.61,0.39,0.4,0.01,0.01,70777.59,1776035438000
1776035440.725,40.725,0.6,0.61,0.39,0.4,0.01,0.01,70777.4,1776035439000
1776035441.175,41.175,0.59,0.6,0.39,0.41,0.01,0.02,70777.4,1776035439000
1776035441.883,41.883,0.59,0.6,0.4,0.41,0.01,0.01,70777.47,1776035440000
1776035442.253,42.253,0.59,0.6,0.4,0.41,0.01,0.01,70777.53,1776035441000
1776035442.63,42.63,0.59,0.6,0.4,0.41,0.01,0.01,70777.53,1776035441000
1776035443.2,43.2,0.59,0.6,0.4,0.41,0.01,0.01,70777.53,1776035442000
1776035443.822,43.822,0.59,0.61,0.39,0.4,0.02,0.01,70777.53,1776035442000
1776035444.288,44.288,0.59,0.61,0.39,0.4,0.02,0.01,70777.4,1776035443000
1776035444.64,44.64,0.57,0.58,0.41,0.43,0.01,0.02,70777.4,1776035443000
1776035445.001,45.001,0.56,0.57,0.43,0.44,0.01,0.01,70777.4,1776035443000
1776035445.447,45.447,0.55,0.56,0.43,0.45,0.01,0.02,70777.3,1776035444000
1776035445.861,45.861,0.54,0.56,0.44,0.45,0.02,0.01,70777.3,1776035444000
1776035446.367,46.367,0.54,0.55,0.45,0.46,0.01,0.01,70772.05,1776035445000
1776035446.733,46.733,0.54,0.55,0.45,0.46,0.01,0.01,70772.05,1776035445000
1776035447.171,47.171,0.53,0.54,0.46,0.47,0.01,0.01,70767.29,1776035446000
1776035447.51,47.51,0.53,0.54,0.46,0.47,0.01,0.01,70767.29,1776035446000
1776035447.863,47.863,0.53,0.54,0.46,0.47,0.01,0.01,70767.29,1776035446000
1776035448.205,48.205,0.53,0.54,0.46,0.47,0.01,0.01,70765.37,1776035447000
1776035448.639,48.639,0.53,0.54,0.46,0.47,0.01,0.01,70765.37,1776035447000
1776035449.001,49.001,0.52,0.53,0.47,0.48,0.01,0.01,70765.09,1776035448000
1776035449.47,49.47,0.52,0.53,0.47,0.48,0.01,0.01,70765.09,1776035448000
1776035449.99,49.99,0.52,0.53,0.47,0.48,0.01,0.01,70764.7,1776035449000
1776035450.546,50.546,0.52,0.53,0.47,0.48,0.01,0.01,70764.7,1776035449000
1776035450.952,50.952,0.52,0.53,0.47,0.48,0.01,0.01,70764.12,1776035450000
1776035451.325,51.325,0.5,0.51,0.47,0.5,0.01,0.03,70764.12,1776035450000
1776035451.736,51.736,0.5,0.51,0.49,0.5,0.01,0.01,70764.12,1776035450000
1776035452.087,52.087,0.5,0.51,0.49,0.5,0.01,0.01,70763.54,1776035451000
1776035452.519,52.519,0.5,0.51,0.49,0.5,0.01,0.01,70763.54,1776035451000
1776035452.9,52.9,0.5,0.51,0.49,0.5,0.01,0.01,70763.54,1776035451000
1776035453.249,53.249,0.5,0.51,0.49,0.5,0.01,0.01,70754.46,1776035452000
1776035453.612,53.612,0.5,0.51,0.49,0.5,0.01,0.01,70754.46,1776035452000
1776035453.957,53.957,0.49,0.5,0.5,0.51,0.01,0.01,70754.46,1776035452000
1776035454.299,54.299,0.49,0.5,0.5,0.51,0.01,0.01,70754.21,1776035453000
1776035454.77,54.77,0.5,0.51,0.49,0.5,0.01,0.01,70754.21,1776035453000
1776035455.188,55.188,0.48,0.49,0.49,0.52,0.01,0.03,70753.92,1776035454000
1776035455.616,55.616,0.48,0.49,0.51,0.52,0.01,0.01,70753.92,1776035454000
1776035456.016,56.016,0.48,0.49,0.51,0.52,0.01,0.01,70753.92,1776035454000
1776035456.364,56.364,0.48,0.49,0.51,0.52,0.01,0.01,70753.92,1776035454000
1776035456.744,56.744,0.47,0.48,0.52,0.53,0.01,0.01,70753.92,1776035454000
1776035457.078,57.078,0.46,0.47,0.53,0.54,0.01,0.01,70748.62,1776035455000
1776035457.498,57.498,0.45,0.46,0.54,0.55,0.01,0.01,70748.62,1776035455000
1776035458.005,58.005,0.45,0.46,0.54,0.55,0.01,0.01,70748.39,1776035456000
1776035458.339,58.339,0.49,0.52,0.48,0.54,0.03,0.06,70748.39,1776035456000
1776035458.731,58.731,0.51,0.52,0.48,0.49,0.01,0.01,70748.08,1776035457000
1776035459.155,59.155,0.51,0.52,0.48,0.49,0.01,0.01,70748.08,1776035457000
1776035459.576,59.576,0.51,0.52,0.48,0.5,0.01,0.02,70748.93,1776035458000
1776035460.088,60.088,0.51,0.52,0.48,0.49,0.01,0.01,70754.31,1776035459000
1776035460.564,60.564,0.51,0.52,0.48,0.54,0.01,0.06,70754.31,1776035459000
1776035460.924,60.924,0.51,0.52,0.48,0.49,0.01,0.01,70754.31,1776035459000
1776035461.271,61.271,0.5,0.51,0.49,0.5,0.01,0.01,70754.31,1776035459000
1776035461.605,61.605,0.5,0.51,0.49,0.5,0.01,0.01,70754.31,1776035459000
1776035461.982,61.982,0.49,0.5,0.49,0.5,0.01,0.01,70753.58,1776035460000
1776035462.363,62.363,0.49,0.5,0.5,0.51,0.01,0.01,70754.28,1776035461000
1776035462.703,62.703,0.47,0.5,0.5,0.51,0.03,0.01,70754.28,1776035461000
1776035463.112,63.112,0.48,0.5,0.5,0.51,0.02,0.01,70754.28,1776035461000
1776035463.459,63.459,0.48,0.5,0.51,0.52,0.02,0.01,70754.28,1776035461000
1776035463.834,63.834,0.48,0.49,0.51,0.52,0.01,0.01,70753.24,1776035462000
1776035464.171,64.171,0.48,0.49,0.51,0.52,0.01,0.01,70753.24,1776035462000
1776035464.572,64.572,0.48,0.49,0.51,0.52,0.01,0.01,70752.35,1776035463000
1776035464.958,64.958,0.49,0.5,0.5,0.51,0.01,0.01,70752.35,1776035463000
1776035465.31,65.31,0.45,0.49,0.51,0.55,0.04,0.04,70752.27,1776035464000
1776035465.699,65.699,0.46,0.47,0.53,0.55,0.01,0.02,70752.27,1776035464000
1776035466.171,66.171,0.47,0.48,0.52,0.53,0.01,0.01,70752.27,1776035464000
1776035466.512,66.512,0.5,0.51,0.49,0.5,0.01,0.01,70752.27,1776035464000
1776035467.046,67.046,0.5,0.51,0.49,0.5,0.01,0.01,70752.9,1776035465000
1776035467.412,67.412,0.5,0.51,0.49,0.5,0.01,0.01,70752.9,1776035465000
1776035467.752,67.752,0.5,0.51,0.49,0.5,0.01,0.01,70752.9,1776035466000
1776035468.246,68.246,0.5,0.51,0.49,0.5,0.01,0.01,70752.9,1776035466000
1776035468.604,68.604,0.5,0.51,0.49,0.5,0.01,0.01,70752.9,1776035466000
1776035469.104,69.104,0.5,0.51,0.49,0.5,0.01,0.01,70750.12,1776035467000
1776035469.581,69.581,0.5,0.51,0.49,0.5,0.01,0.01,70751.01,1776035468000
1776035469.977,69.977,0.5,0.51,0.49,0.5,0.01,0.01,70751.01,1776035468000
1776035470.321,70.321,0.5,0.51,0.49,0.5,0.01,0.01,70750.03,1776035469000
1776035470.678,70.678,0.5,0.51,0.49,0.5,0.01,0.01,70750.03,1776035469000
1776035471.115,71.115,0.5,0.51,0.49,0.5,0.01,0.01,70750.03,1776035469000
1776035471.589,71.589,0.5,0.51,0.49,0.5,0.01,0.01,70750.03,1776035469000
1776035471.949,71.949,0.5,0.51,0.49,0.5,0.01,0.01,70750.02,1776035470000
1776035472.415,72.415,0.5,0.51,0.49,0.5,0.01,0.01,70750.02,1776035470000
1776035472.799,72.799,0.5,0.51,0.49,0.5,0.01,0.01,70750.02,1776035471000
1776035473.142,73.142,0.5,0.51,0.49,0.5,0.01,0.01,70746.02,1776035472000
1776035473.539,73.539,0.5,0.51,0.49,0.5,0.01,0.01,70746.02,1776035472000
1776035473.915,73.915,0.49,0.5,0.49,0.5,0.01,0.01,70746.02,1776035472000
1776035474.285,74.285,0.49,0.5,0.5,0.51,0.01,0.01,70746.02,1776035472000
1776035474.739,74.739,0.49,0.5,0.5,0.51,0.01,0.01,70746.02,1776035472000
1776035475.111,75.111,0.49,0.5,0.5,0.51,0.01,0.01,70742.9,1776035474000
1776035475.452,75.452,0.48,0.49,0.51,0.52,0.01,0.01,70742.9,1776035474000
1776035475.813,75.813,0.47,0.48,0.52,0.53,0.01,0.01,70742.9,1776035474000
1776035476.153,76.153,0.47,0.48,0.52,0.53,0.01,0.01,70742.9,1776035474000
1776035476.611,76.611,0.47,0.48,0.52,0.53,0.01,0.01,70744.52,1776035475000
1776035476.977,76.977,0.46,0.47,0.53,0.54,0.01,0.01,70744.52,1776035475000
1776035477.318,77.318,0.46,0.47,0.53,0.54,0.01,0.01,70743.29,1776035476000
1776035477.679,77.679,0.47,0.48,0.52,0.53,0.01,0.01,70743.29,1776035476000
1776035478.105,78.105,0.47,0.48,0.52,0.53,0.01,0.01,70743.29,1776035476000
1776035478.509,78.509,0.47,0.48,0.52,0.53,0.01,0.01,70741.95,1776035477000
1776035478.855,78.855,0.42,0.47,0.53,0.56,0.05,0.03,70741.95,1776035477000
1776035479.233,79.233,0.43,0.44,0.55,0.57,0.01,0.02,70741.95,1776035477000
1776035479.57,79.57,0.42,0.43,0.57,0.58,0.01,0.01,70743.85,1776035478000
1776035479.939,79.939,0.43,0.44,0.56,0.57,0.01,0.01,70743.85,1776035478000
1776035480.276,80.276,0.44,0.45,0.55,0.56,0.01,0.01,70742.07,1776035479000
1776035480.636,80.636,0.45,0.46,0.54,0.55,0.01,0.01,70742.07,1776035479000
1776035481.087,81.087,0.45,0.46,0.54,0.55,0.01,0.01,70742.07,1776035479000
1776035481.428,81.428,0.49,0.5,0.5,0.51,0.01,0.01,70738.69,1776035480000
1776035481.769,81.769,0.51,0.52,0.48,0.49,0.01,0.01,70738.69,1776035480000
1776035482.117,82.117,0.48,0.5,0.48,0.52,0.02,0.04,70738.69,1776035480000
1776035482.453,82.453,0.48,0.49,0.51,0.52,0.01,0.01,70742.89,1776035481000
1776035482.793,82.793,0.42,0.43,0.57,0.58,0.01,0.01,70742.89,1776035481000
1776035483.135,83.135,0.42,0.43,0.57,0.58,0.01,0.01,70742.89,1776035481000
1776035483.479,83.479,0.42,0.43,0.57,0.58,0.01,0.01,70742.89,1776035481000
1776035483.891,83.891,0.42,0.43,0.57,0.58,0.01,0.01,70746.25,1776035483000
1776035484.235,84.235,0.42,0.43,0.57,0.58,0.01,0.01,70746.25,1776035483000
1776035484.608,84.608,0.39,0.4,0.57,0.66,0.01,0.09,70746.25,1776035483000
1776035484.954,84.954,0.39,0.4,0.6,0.61,0.01,0.01,70746.25,1776035483000
1776035485.298,85.298,0.39,0.4,0.6,0.61,0.01,0.01,70741.9,1776035484000
1776035485.632,85.632,0.39,0.4,0.6,0.61,0.01,0.01,70741.9,1776035484000
1776035486.01,86.01,0.39,0.4,0.6,0.61,0.01,0.01,70741.9,1776035484000
1776035486.351,86.351,0.39,0.4,0.6,0.61,0.01,0.01,70739.43,1776035485000
1776035486.796,86.796,0.41,0.42,0.58,0.61,0.01,0.03,70739.43,1776035485000
1776035487.14,87.14,0.41,0.42,0.58,0.59,0.01,0.01,70739.0,1776035486000
1776035487.478,87.478,0.41,0.42,0.58,0.59,0.01,0.01,70739.0,1776035486000
1776035487.838,87.838,0.41,0.42,0.58,0.59,0.01,0.01,70739.0,1776035486000
1776035488.19,88.19,0.41,0.42,0.58,0.59,0.01,0.01,70739.0,1776035486000
1776035488.537,88.537,0.41,0.42,0.58,0.59,0.01,0.01,70738.05,1776035487000
1776035488.897,88.897,0.41,0.42,0.58,0.59,0.01,0.01,70738.05,1776035487000
1776035489.232,89.232,0.41,0.42,0.58,0.59,0.01,0.01,70737.81,1776035488000
1776035489.578,89.578,0.41,0.42,0.57,0.59,0.01,0.02,70737.81,1776035488000
1776035489.915,89.915,0.41,0.42,0.58,0.59,0.01,0.01,70737.81,1776035488000
1776035490.251,90.251,0.33,0.42,0.58,0.59,0.09,0.01,70737.81,1776035489000
1776035490.628,90.628,0.41,0.42,0.58,0.59,0.01,0.01,70737.81,1776035489000
1776035491.08,91.08,0.4,0.41,0.58,0.6,0.01,0.02,70737.81,1776035489000
1776035491.422,91.422,0.4,0.41,0.59,0.6,0.01,0.01,70737.68,1776035490000
1776035491.759,91.759,0.4,0.41,0.59,0.6,0.01,0.01,70737.68,1776035490000
1776035492.123,92.123,0.4,0.41,0.59,0.6,0.01,0.01,70737.68,1776035490000
1776035492.506,92.506,0.4,0.41,0.59,0.6,0.01,0.01,70736.77,1776035491000
1776035492.85,92.85,0.4,0.41,0.59,0.6,0.01,0.01,70736.77,1776035491000
1776035493.215,93.215,0.4,0.41,0.59,0.6,0.01,0.01,70736.51,1776035492000
1776035493.568,93.568,0.4,0.41,0.59,0.6,0.01,0.01,70736.51,1776035492000
1776035493.954,93.954,0.39,0.41,0.59,0.6,0.02,0.01,70736.51,1776035492000
1776035494.325,94.325,0.39,0.4,0.6,0.61,0.01,0.01,70735.05,1776035493000
1776035494.681,94.681,0.39,0.4,0.6,0.61,0.01,0.01,70735.05,1776035493000
1776035495.018,95.018,0.39,0.41,0.6,0.61,0.02,0.01,70735.05,1776035493000
1776035495.396,95.396,0.43,0.44,0.56,0.57,0.01,0.01,70734.26,1776035494000
1776035495.73,95.73,0.44,0.45,0.55,0.56,0.01,0.01,70734.26,1776035494000
1776035496.073,96.073,0.44,0.45,0.55,0.56,0.01,0.01,70734.26,1776035494000
1776035496.426,96.426,0.44,0.46,0.54,0.56,0.02,0.02,70734.93,1776035495000
1776035496.767,96.767,0.46,0.47,0.53,0.54,0.01,0.01,70734.93,1776035495000
1776035497.169,97.169,0.47,0.48,0.52,0.54,0.01,0.02,70734.93,1776035495000
1776035497.509,97.509,0.47,0.48,0.52,0.53,0.01,0.01,70734.93,1776035495000
1776035497.854,97.854,0.47,0.48,0.52,0.53,0.01,0.01,70742.38,1776035496000
1776035498.197,98.197,0.47,0.48,0.52,0.53,0.01,0.01,70742.38,1776035497000
1776035498.567,98.567,0.47,0.48,0.52,0.53,0.01,0.01,70742.38,1776035497000
1776035498.902,98.902,0.45,0.46,0.54,0.55,0.01,0.01,70742.38,1776035497000
1776035499.243,99.243,0.43,0.44,0.56,0.57,0.01,0.01,70744.09,1776035498000
1776035499.582,99.582,0.39,0.41,0.59,0.61,0.02,0.02,70744.09,1776035498000
1776035499.925,99.925,0.33,0.37,0.63,0.67,0.04,0.04,70744.09,1776035498000
1776035500.263,100.263,0.34,0.35,0.65,0.66,0.01,0.01,70744.89,1776035499000
1776035500.62,100.62,0.35,0.36,0.64,0.65,0.01,0.01,70744.89,1776035499000
1776035501.016,101.016,0.35,0.36,0.64,0.65,0.01,0.01,70744.89,1776035499000
1776035501.359,101.359,0.35,0.37,0.63,0.65,0.02,0.02,70744.89,1776035499000
1776035501.696,101.696,0.36,0.39,0.61,0.64,0.03,0.03,70726.76,1776035500000
1776035502.137,102.137,0.38,0.39,0.61,0.62,0.01,0.01,70726.39,1776035501000
1776035502.473,102.473,0.39,0.4,0.6,0.61,0.01,0.01,70726.39,1776035501000
1776035502.811,102.811,0.39,0.4,0.6,0.61,0.01,0.01,70726.39,1776035501000
1776035503.363,103.363,0.39,0.4,0.6,0.61,0.01,0.01,70726.39,1776035501000
1776035503.701,103.701,0.39,0.4,0.6,0.61,0.01,0.01,70726.39,1776035501000
1776035504.078,104.078,0.4,0.41,0.57,0.6,0.01,0.03,70724.84,1776035503000
1776035504.424,104.424,0.41,0.42,0.58,0.59,0.01,0.01,70724.84,1776035503000
1776035504.762,104.762,0.41,0.42,0.58,0.59,0.01,0.01,70724.84,1776035503000
1776035505.109,105.109,0.41,0.42,0.58,0.59,0.01,0.01,70725.03,1776035504000
1776035505.465,105.465,0.41,0.42,0.58,0.59,0.01,0.01,70725.03,1776035504000
1776035505.826,105.826,0.42,0.43,0.57,0.59,0.01,0.02,70725.03,1776035504000
1776035506.159,106.159,0.42,0.43,0.57,0.58,0.01,0.01,70725.03,1776035504000
1776035506.493,106.493,0.42,0.43,0.57,0.58,0.01,0.01,70725.13,1776035505000
1776035506.903,106.903,0.41,0.42,0.58,0.59,0.01,0.01,70725.13,1776035505000
1776035507.249,107.249,0.4,0.41,0.58,0.59,0.01,0.01,70725.13,1776035505000
1776035507.623,107.623,0.34,0.37,0.62,0.64,0.03,0.02,70725.04,1776035506000
1776035507.996,107.996,0.33,0.35,0.65,0.66,0.02,0.01,70725.04,1776035506000
1776035508.333,108.333,0.33,0.34,0.66,0.67,0.01,0.01,70725.04,1776035506000
1776035508.677,108.677,0.33,0.34,0.66,0.67,0.01,0.01,70724.93,1776035507000
1776035509.02,109.02,0.33,0.34,0.66,0.67,0.01,0.01,70724.93,1776035507000
1776035509.375,109.375,0.33,0.34,0.66,0.67,0.01,0.01,70724.39,1776035508000
1776035509.762,109.762,0.35,0.36,0.64,0.65,0.01,0.01,70724.39,1776035508000
1776035510.161,110.161,0.34,0.35,0.64,0.68,0.01,0.04,70723.62,1776035509000
1776035510.614,110.614,0.33,0.34,0.66,0.67,0.01,0.01,70723.62,1776035509000
1776035510.971,110.971,0.33,0.34,0.66,0.67,0.01,0.01,70723.62,1776035509000
1776035511.353,111.353,0.34,0.35,0.65,0.67,0.01,0.02,70721.8,1776035510000
1776035511.691,111.691,0.34,0.35,0.65,0.66,0.01,0.01,70721.8,1776035510000
1776035512.038,112.038,0.34,0.35,0.65,0.66,0.01,0.01,70722.56,1776035511000
1776035512.591,112.591,0.34,0.35,0.64,0.65,0.01,0.01,70722.56,1776035511000
1776035512.98,112.98,0.34,0.35,0.65,0.66,0.01,0.01,70722.56,1776035511000
1776035513.366,113.366,0.34,0.35,0.65,0.66,0.01,0.01,70721.6,1776035512000
1776035513.706,113.706,0.34,0.37,0.63,0.66,0.03,0.03,70721.6,1776035512000
1776035514.212,114.212,0.35,0.39,0.61,0.65,0.04,0.04,70722.46,1776035513000
1776035514.557,114.557,0.37,0.39,0.62,0.63,0.02,0.01,70722.46,1776035513000
1776035515.015,115.015,0.38,0.39,0.61,0.62,0.01,0.01,70722.46,1776035513000
1776035515.362,115.362,0.38,0.39,0.61,0.62,0.01,0.01,70720.83,1776035514000
1776035515.804,115.804,0.37,0.38,0.62,0.63,0.01,0.01,70720.83,1776035514000
1776035516.614,116.614,0.37,0.38,0.62,0.63,0.01,0.01,70723.36,1776035515000
1776035517.213,117.213,0.38,0.39,0.61,0.62,0.01,0.01,70723.36,1776035515000
1776035517.557,117.557,0.38,0.39,0.61,0.62,0.01,0.01,70722.11,1776035516000
1776035517.957,117.957,0.38,0.39,0.61,0.62,0.01,0.01,70722.11,1776035516000
1776035518.292,118.292,0.38,0.39,0.61,0.62,0.01,0.01,70723.05,1776035517000
1776035518.779,118.779,0.38,0.39,0.61,0.62,0.01,0.01,70723.05,1776035517000
1776035519.466,119.466,0.38,0.39,0.61,0.62,0.01,0.01,70723.05,1776035517000
1776035519.856,119.856,0.39,0.4,0.6,0.62,0.01,0.02,70722.11,1776035518000
1776035520.194,120.194,0.38,0.42,0.58,0.62,0.04,0.04,70722.11,1776035518000
1776035520.534,120.534,0.4,0.41,0.59,0.6,0.01,0.01,70722.58,1776035519000
1776035520.88,120.88,0.41,0.42,0.58,0.59,0.01,0.01,70722.58,1776035519000
1776035521.213,121.213,0.37,0.39,0.6,0.62,0.02,0.02,70722.58,1776035519000
1776035521.552,121.552,0.37,0.38,0.62,0.63,0.01,0.01,70722.58,1776035519000
1776035521.897,121.897,0.36,0.37,0.63,0.64,0.01,0.01,70722.11,1776035520000
1776035522.283,122.283,0.36,0.37,0.63,0.64,0.01,0.01,70722.11,1776035520000
1776035522.62,122.62,0.36,0.37,0.63,0.64,0.01,0.01,70723.42,1776035521000
1776035523.038,123.038,0.36,0.37,0.63,0.64,0.01,0.01,70723.42,1776035521000
1776035523.458,123.458,0.36,0.37,0.63,0.64,0.01,0.01,70723.42,1776035521000
1776035523.991,123.991,0.36,0.37,0.63,0.64,0.01,0.01,70723.7,1776035522000
1776035524.334,124.334,0.36,0.37,0.63,0.64,0.01,0.01,70723.7,1776035522000
1776035524.698,124.698,0.36,0.38,0.63,0.64,0.02,0.01,70722.11,1776035523000
1776035525.05,125.05,0.39,0.44,0.6,0.61,0.05,0.01,70722.11,1776035523000
1776035525.455,125.455,0.4,0.41,0.59,0.6,0.01,0.01,70722.2,1776035524000
1776035525.798,125.798,0.41,0.42,0.58,0.59,0.01,0.01,70722.2,1776035524000
1776035526.136,126.136,0.41,0.42,0.58,0.59,0.01,0.01,70722.2,1776035524000
1776035526.605,126.605,0.41,0.42,0.58,0.59,0.01,0.01,70724.01,1776035525000
1776035526.95,126.95,0.41,0.42,0.58,0.59,0.01,0.01,70724.01,1776035525000
1776035527.741,127.741,0.41,0.42,0.58,0.59,0.01,0.01,70724.01,1776035525000
1776035528.26,128.26,0.41,0.42,0.58,0.59,0.01,0.01,70725.09,1776035527000
1776035528.645,128.645,0.41,0.42,0.58,0.59,0.01,0.01,70725.09,1776035527000
1776035529.079,129.079,0.4,0.41,0.58,0.61,0.01,0.03,70725.09,1776035527000
1776035529.495,129.495,0.39,0.4,0.6,0.61,0.01,0.01,70725.09,1776035527000
1776035529.831,129.831,0.39,0.4,0.6,0.61,0.01,0.01,70723.91,1776035528000
1776035530.176,130.176,0.38,0.39,0.61,0.62,0.01,0.01,70723.91,1776035528000
1776035530.511,130.511,0.37,0.38,0.62,0.63,0.01,0.01,70723.91,1776035528000
1776035530.925,130.925,0.37,0.38,0.62,0.63,0.01,0.01,70724.32,1776035529000
1776035531.613,131.613,0.37,0.38,0.62,0.63,0.01,0.01,70724.94,1776035530000
1776035531.947,131.947,0.37,0.38,0.62,0.63,0.01,0.01,70724.94,1776035530000
1776035532.48,132.48,0.37,0.38,0.62,0.63,0.01,0.01,70723.91,1776035531000
1776035532.966,132.966,0.37,0.38,0.62,0.63,0.01,0.01,70723.91,1776035531000
1776035533.33,133.33,0.37,0.38,0.62,0.63,0.01,0.01,70723.91,1776035531000
1776035533.769,133.769,0.37,0.38,0.62,0.63,0.01,0.01,70723.91,1776035532000
1776035534.411,134.411,0.37,0.38,0.62,0.63,0.01,0.01,70723.91,1776035532000
1776035534.751,134.751,0.37,0.38,0.62,0.63,0.01,0.01,70723.91,1776035533000
1776035535.094,135.094,0.37,0.38,0.62,0.63,0.01,0.01,70723.91,1776035533000
1776035535.529,135.529,0.37,0.38,0.62,0.63,0.01,0.01,70723.91,1776035533000
1776035535.966,135.966,0.37,0.38,0.62,0.63,0.01,0.01,70725.31,1776035534000
1776035536.648,136.648,0.37,0.38,0.62,0.63,0.01,0.01,70725.31,1776035535000
1776035537.196,137.196,0.37,0.38,0.62,0.63,0.01,0.01,70725.31,1776035535000
1776035537.725,137.725,0.37,0.38,0.62,0.63,0.01,0.01,70725.14,1776035536000
1776035538.149,138.149,0.37,0.38,0.62,0.63,0.01,0.01,70725.14,1776035536000
1776035538.743,138.743,0.37,0.38,0.62,0.63,0.01,0.01,70725.14,1776035537000
1776035539.208,139.208,0.37,0.38,0.62,0.63,0.01,0.01,70725.01,1776035538000
1776035539.701,139.701,0.37,0.38,0.62,0.63,0.01,0.01,70725.01,1776035538000
1776035540.038,140.038,0.37,0.38,0.62,0.63,0.01,0.01,70723.73,1776035539000
1776035540.627,140.627,0.37,0.38,0.62,0.63,0.01,0.01,70723.73,1776035539000
1776035540.973,140.973,0.37,0.38,0.62,0.63,0.01,0.01,70724.86,1776035540000
1776035541.439,141.439,0.37,0.38,0.62,0.63,0.01,0.01,70724.86,1776035540000
1776035542.01,142.01,0.37,0.38,0.62,0.63,0.01,0.01,70724.86,1776035540000
1776035543.049,143.049,0.37,0.38,0.62,0.63,0.01,0.01,70724.8,1776035542000
1776035543.489,143.489,0.38,0.39,0.62,0.63,0.01,0.01,70724.8,1776035542000
1776035543.831,143.831,0.38,0.39,0.61,0.62,0.01,0.01,70724.8,1776035542000
1776035544.35,144.35,0.38,0.39,0.61,0.62,0.01,0.01,70723.71,1776035543000
1776035544.694,144.694,0.38,0.39,0.61,0.62,0.01,0.01,70723.71,1776035543000
1776035545.035,145.035,0.34,0.38,0.62,0.66,0.04,0.04,70723.71,1776035543000
1776035545.494,145.494,0.34,0.35,0.65,0.66,0.01,0.01,70723.71,1776035543000
1776035545.858,145.858,0.32,0.33,0.65,0.67,0.01,0.02,70724.36,1776035544000
1776035546.258,146.258,0.32,0.33,0.67,0.68,0.01,0.01,70724.36,1776035544000
1776035546.638,146.638,0.32,0.33,0.67,0.68,0.01,0.01,70723.71,1776035545000
1776035546.997,146.997,0.32,0.33,0.67,0.68,0.01,0.01,70723.71,1776035545000
1776035547.41,147.41,0.32,0.33,0.67,0.68,0.01,0.01,70723.71,1776035546000
1776035547.774,147.774,0.31,0.32,0.68,0.69,0.01,0.01,70723.71,1776035546000
1776035548.209,148.209,0.31,0.32,0.68,0.69,0.01,0.01,70723.71,1776035546000
1776035548.64,148.64,0.31,0.32,0.68,0.69,0.01,0.01,70723.32,1776035547000
1776035549.041,149.041,0.31,0.32,0.68,0.69,0.01,0.01,70723.32,1776035547000
1776035549.462,149.462,0.31,0.32,0.68,0.69,0.01,0.01,70723.1,1776035548000
1776035549.812,149.812,0.31,0.32,0.68,0.69,0.01,0.01,70723.1,1776035548000
1776035550.165,150.165,0.31,0.32,0.68,0.69,0.01,0.01,70723.1,1776035548000
1776035550.545,150.545,0.31,0.32,0.68,0.69,0.01,0.01,70723.1,1776035549000
1776035550.898,150.898,0.31,0.32,0.68,0.69,0.01,0.01,70723.1,1776035549000
1776035551.469,151.469,0.31,0.32,0.68,0.69,0.01,0.01,70722.95,1776035550000
1776035551.802,151.802,0.29,0.31,0.69,0.71,0.02,0.02,70722.95,1776035550000
1776035552.145,152.145,0.29,0.3,0.7,0.71,0.01,0.01,70722.95,1776035550000
1776035552.484,152.484,0.29,0.3,0.7,0.71,0.01,0.01,70722.95,1776035550000
1776035552.825,152.825,0.29,0.3,0.7,0.71,0.01,0.01,70723.1,1776035551000
1776035553.162,153.162,0.28,0.3,0.7,0.72,0.02,0.02,70723.98,1776035552000
1776035553.506,153.506,0.28,0.29,0.71,0.72,0.01,0.01,70723.98,1776035552000
1776035554.079,154.079,0.28,0.29,0.71,0.72,0.01,0.01,70723.98,1776035552000
1776035554.489,154.489,0.29,0.3,0.71,0.72,0.01,0.01,70723.27,1776035553000
1776035555.249,155.249,0.29,0.3,0.7,0.71,0.01,0.01,70722.9,1776035554000
1776035555.705,155.705,0.29,0.3,0.7,0.71,0.01,0.01,70722.9,1776035554000
1776035556.1,156.1,0.29,0.31,0.7,0.71,0.02,0.01,70722.9,1776035554000
1776035556.68,156.68,0.28,0.3,0.69,0.77,0.02,0.08,70722.9,1776035555000
1776035557.018,157.018,0.28,0.29,0.71,0.72,0.01,0.01,70722.9,1776035555000
1776035557.423,157.423,0.24,0.25,0.71,0.77,0.01,0.06,70723.1,1776035556000
1776035557.764,157.764,0.24,0.25,0.75,0.76,0.01,0.01,70723.1,1776035556000
1776035558.166,158.166,0.24,0.25,0.75,0.76,0.01,0.01,70723.1,1776035556000
1776035558.504,158.504,0.25,0.26,0.74,0.75,0.01,0.01,70723.1,1776035557000
1776035558.849,158.849,0.25,0.26,0.74,0.75,0.01,0.01,70723.1,1776035557000
1776035559.278,159.278,0.24,0.25,0.75,0.76,0.01,0.01,70723.1,1776035557000
1776035559.683,159.683,0.24,0.25,0.75,0.76,0.01,0.01,70723.1,1776035558000
1776035560.09,160.09,0.24,0.25,0.75,0.76,0.01,0.01,70723.1,1776035558000
1776035560.428,160.428,0.24,0.25,0.75,0.76,0.01,0.01,70723.03,1776035559000
1776035560.762,160.762,0.24,0.25,0.75,0.76,0.01,0.01,70723.03,1776035559000
1776035561.103,161.103,0.24,0.25,0.75,0.76,0.01,0.01,70723.03,1776035559000
1776035561.532,161.532,0.24,0.25,0.71,0.76,0.01,0.05,70722.74,1776035560000
1776035561.872,161.872,0.26,0.27,0.73,0.74,0.01,0.01,70722.24,1776035561000
1776035562.309,162.309,0.26,0.27,0.73,0.74,0.01,0.01,70722.24,1776035561000
1776035562.647,162.647,0.18,0.2,0.8,0.82,0.02,0.02,70722.24,1776035561000
1776035562.981,162.981,0.12,0.19,0.81,0.88,0.07,0.07,70721.7,1776035562000
1776035563.324,163.324,0.12,0.17,0.83,0.88,0.05,0.05,70721.7,1776035562000
1776035563.662,163.662,0.11,0.17,0.88,0.89,0.06,0.01,70721.7,1776035562000
1776035564.005,164.005,0.06,0.12,0.88,0.94,0.06,0.06,70721.7,1776035562000
1776035564.355,164.355,0.09,0.1,0.9,0.92,0.01,0.02,70720.33,1776035563000
1776035564.694,164.694,0.08,0.1,0.9,0.91,0.02,0.01,70720.33,1776035563000
1776035565.033,165.033,0.07,0.08,0.92,0.93,0.01,0.01,70720.33,1776035563000
1776035565.382,165.382,0.07,0.08,0.92,0.93,0.01,0.01,70675.9,1776035564000
1776035565.729,165.729,0.07,0.08,0.92,0.93,0.01,0.01,70675.9,1776035564000
1776035566.065,166.065,0.07,0.08,0.92,0.93,0.01,0.01,70675.9,1776035564000
1776035566.411,166.411,0.07,0.08,0.92,0.93,0.01,0.01,70667.6,1776035565000
1776035566.756,166.756,0.06,0.08,0.92,0.94,0.02,0.02,70667.6,1776035565000
1776035567.095,167.095,0.06,0.08,0.92,0.94,0.02,0.02,70667.6,1776035565000
1776035567.434,167.434,0.07,0.09,0.92,0.93,0.02,0.01,70667.6,1776035565000
1776035567.769,167.769,0.07,0.08,0.92,0.93,0.01,0.01,70667.6,1776035565000
1776035568.107,168.107,0.08,0.09,0.91,0.92,0.01,0.01,70658.99,1776035566000
1776035568.454,168.454,0.09,0.1,0.9,0.91,0.01,0.01,70659.2,1776035567000
1776035568.788,168.788,0.08,0.09,0.91,0.92,0.01,0.01,70659.2,1776035567000
1776035569.125,169.125,0.08,0.09,0.91,0.92,0.01,0.01,70659.2,1776035567000
1776035569.467,169.467,0.08,0.09,0.91,0.92,0.01,0.01,70659.76,1776035568000
1776035569.8,169.8,0.08,0.1,0.9,0.92,0.02,0.02,70659.76,1776035568000
1776035570.137,170.137,0.07,0.08,0.92,0.93,0.01,0.01,70659.76,1776035568000
1776035570.527,170.527,0.07,0.08,0.92,0.93,0.01,0.01,70659.76,1776035568000
1776035570.888,170.888,0.08,0.09,0.91,0.92,0.01,0.01,70659.76,1776035568000
1776035571.348,171.348,0.08,0.09,0.91,0.92,0.01,0.01,70659.76,1776035568000
1776035571.683,171.683,0.08,0.09,0.91,0.94,0.01,0.03,70662.03,1776035569000
1776035572.049,172.049,0.06,0.09,0.91,0.94,0.03,0.03,70662.51,1776035570000
1776035572.48,172.48,0.06,0.07,0.93,0.94,0.01,0.01,70659.45,1776035571000
1776035572.868,172.868,0.06,0.07,0.93,0.94,0.01,0.01,70659.45,1776035571000
1776035573.311,173.311,0.05,0.06,0.94,0.95,0.01,0.01,70659.45,1776035571000
1776035573.66,173.66,0.05,0.06,0.94,0.95,0.01,0.01,70659.45,1776035571000
1776035573.997,173.997,0.05,0.06,0.94,0.95,0.01,0.01,70657.19,1776035572000
1776035574.712,174.712,0.05,0.06,0.94,0.95,0.01,0.01,70657.19,1776035572000
1776035575.049,175.049,0.05,0.07,0.93,0.95,0.02,0.02,70652.73,1776035573000
1776035575.403,175.403,0.06,0.07,0.93,0.95,0.01,0.02,70652.85,1776035574000
1776035575.746,175.746,0.05,0.07,0.93,0.95,0.02,0.02,70652.85,1776035574000
1776035576.137,176.137,0.05,0.06,0.94,0.95,0.01,0.01,70652.74,1776035575000
1776035576.535,176.535,0.04,0.05,0.95,0.96,0.01,0.01,70652.74,1776035575000
1776035576.872,176.872,0.04,0.05,0.95,0.96,0.01,0.01,70652.74,1776035575000
1776035577.211,177.211,0.04,0.05,0.95,0.96,0.01,0.01,70652.74,1776035575000
1776035577.552,177.552,0.04,0.05,0.95,0.96,0.01,0.01,70651.69,1776035576000
1776035577.889,177.889,0.04,0.05,0.95,0.96,0.01,0.01,70651.69,1776035576000
1776035578.255,178.255,0.05,0.06,0.93,0.95,0.01,0.02,70650.84,1776035577000
1776035578.596,178.596,0.05,0.06,0.94,0.95,0.01,0.01,70650.84,1776035577000
1776035578.933,178.933,0.05,0.06,0.94,0.95,0.01,0.01,70650.84,1776035577000
1776035579.269,179.269,0.05,0.06,0.94,0.95,0.01,0.01,70650.84,1776035577000
1776035579.603,179.603,0.05,0.06,0.94,0.95,0.01,0.01,70647.23,1776035578000
1776035579.957,179.957,0.06,0.07,0.93,0.95,0.01,0.02,70647.23,1776035578000
1776035580.317,180.317,0.06,0.08,0.92,0.94,0.02,0.02,70647.23,1776035578000
1776035580.654,180.654,0.06,0.08,0.92,0.94,0.02,0.02,70647.79,1776035579000
1776035581.007,181.007,0.07,0.08,0.92,0.93,0.01,0.01,70647.79,1776035579000
1776035581.346,181.346,0.07,0.08,0.92,0.93,0.01,0.01,70647.79,1776035579000
1776035581.693,181.693,0.07,0.08,0.92,0.93,0.01,0.01,70653.44,1776035580000
1776035582.03,182.03,0.07,0.08,0.92,0.93,0.01,0.01,70653.44,1776035580000
1776035582.37,182.37,0.07,0.08,0.92,0.93,0.01,0.01,70655.03,1776035581000
1776035582.712,182.712,0.07,0.08,0.92,0.93,0.01,0.01,70655.03,1776035581000
1776035583.248,183.248,0.07,0.09,0.91,0.92,0.02,0.01,70655.03,1776035581000
1776035583.626,183.626,0.07,0.08,0.92,0.93,0.01,0.01,70655.03,1776035581000
1776035584.105,184.105,0.07,0.08,0.92,0.93,0.01,0.01,70658.25,1776035582000
1776035584.578,184.578,0.04,0.08,0.92,0.96,0.04,0.04,70658.61,1776035583000
1776035584.952,184.952,0.05,0.06,0.94,0.95,0.01,0.01,70658.61,1776035583000
1776035585.301,185.301,0.06,0.07,0.93,0.94,0.01,0.01,70658.61,1776035584000
1776035585.826,185.826,0.06,0.07,0.93,0.94,0.01,0.01,70658.61,1776035584000
1776035586.201,186.201,0.05,0.09,0.93,0.96,0.04,0.03,70658.34,1776035585000
1776035586.541,186.541,0.07,0.08,0.92,0.93,0.01,0.01,70658.34,1776035585000
1776035587.001,187.001,0.07,0.08,0.92,0.93,0.01,0.01,70658.34,1776035585000
1776035587.485,187.485,0.07,0.08,0.92,0.93,0.01,0.01,70658.17,1776035586000
1776035587.955,187.955,0.08,0.09,0.92,0.93,0.01,0.01,70658.17,1776035586000
1776035588.354,188.354,0.07,0.09,0.91,0.92,0.02,0.01,70658.49,1776035587000
1776035588.774,188.774,0.04,0.08,0.92,0.93,0.04,0.01,70658.49,1776035587000
1776035589.117,189.117,0.04,0.06,0.94,0.95,0.02,0.01,70658.49,1776035587000
1776035589.489,189.489,0.04,0.05,0.95,0.96,0.01,0.01,70658.17,1776035588000
1776035590.047,190.047,0.04,0.05,0.95,0.96,0.01,0.01,70658.17,1776035588000
1776035590.397,190.397,0.04,0.05,0.95,0.96,0.01,0.01,70658.17,1776035588000
1776035590.737,190.737,0.04,0.05,0.95,0.96,0.01,0.01,70658.17,1776035589000
1776035591.075,191.075,0.04,0.05,0.95,0.96,0.01,0.01,70651.64,1776035590000
1776035591.737,191.737,0.04,0.05,0.95,0.96,0.01,0.01,70651.64,1776035590000
1776035592.276,192.276,0.04,0.05,0.95,0.97,0.01,0.02,70649.09,1776035591000
1776035592.667,192.667,0.04,0.05,0.95,0.96,0.01,0.01,70649.09,1776035591000
1776035593.133,193.133,0.04,0.05,0.95,0.96,0.01,0.01,70649.44,1776035592000
1776035593.548,193.548,0.04,0.05,0.95,0.96,0.01,0.01,70649.44,1776035592000
1776035594.023,194.023,0.04,0.05,0.95,0.96,0.01,0.01,70646.06,1776035593000
1776035594.37,194.37,0.04,0.05,0.95,0.96,0.01,0.01,70646.06,1776035593000
1776035594.79,194.79,0.03,0.04,0.96,0.97,0.01,0.01,70646.06,1776035593000
1776035595.23,195.23,0.04,0.05,0.95,0.97,0.01,0.02,70646.35,1776035594000
1776035595.565,195.565,0.03,0.05,0.95,0.97,0.02,0.02,70646.35,1776035594000
1776035595.946,195.946,0.04,0.05,0.95,0.96,0.01,0.01,70646.35,1776035594000
1776035596.435,196.435,0.04,0.05,0.95,0.96,0.01,0.01,70644.52,1776035595000
1776035596.903,196.903,0.04,0.05,0.95,0.97,0.01,0.02,70644.52,1776035595000
1776035597.545,197.545,0.04,0.05,0.95,0.96,0.01,0.01,70644.52,1776035595000
1776035597.98,197.98,0.04,0.05,0.95,0.96,0.01,0.01,70644.59,1776035596000
1776035598.346,198.346,0.04,0.05,0.95,0.96,0.01,0.01,70643.95,1776035597000
1776035598.685,198.685,0.04,0.05,0.95,0.96,0.01,0.01,70643.95,1776035597000
1776035599.154,199.154,0.04,0.05,0.95,0.96,0.01,0.01,70643.98,1776035598000
1776035599.567,199.567,0.04,0.05,0.95,0.96,0.01,0.01,70643.98,1776035598000
1776035600.111,200.111,0.04,0.07,0.93,0.96,0.03,0.03,70646.61,1776035599000
1776035600.512,200.512,0.05,0.06,0.93,0.96,0.01,0.03,70646.61,1776035599000
1776035600.901,200.901,0.05,0.06,0.94,0.95,0.01,0.01,70646.61,1776035599000
1776035601.271,201.271,0.04,0.06,0.94,0.96,0.02,0.02,70646.61,1776035599000
1776035601.611,201.611,0.05,0.06,0.94,0.95,0.01,0.01,70646.72,1776035600000
1776035601.967,201.967,0.05,0.06,0.94,0.95,0.01,0.01,70646.72,1776035600000
1776035602.564,202.564,0.04,0.05,0.94,0.95,0.01,0.01,70646.72,1776035601000
1776035603.259,203.259,0.05,0.06,0.94,0.95,0.01,0.01,70646.72,1776035601000
1776035603.845,203.845,0.05,0.06,0.94,0.95,0.01,0.01,70646.89,1776035602000
1776035604.277,204.277,0.05,0.06,0.94,0.95,0.01,0.01,70646.89,1776035603000
1776035604.772,204.772,0.04,0.05,0.95,0.96,0.01,0.01,70646.89,1776035603000
1776035605.113,205.113,0.04,0.05,0.95,0.96,0.01,0.01,70646.89,1776035603000
1776035605.483,205.483,0.04,0.05,0.95,0.96,0.01,0.01,70649.31,1776035604000
1776035605.947,205.947,0.04,0.05,0.95,0.96,0.01,0.01,70649.31,1776035604000
1776035606.355,206.355,0.03,0.04,0.96,0.97,0.01,0.01,70646.89,1776035605000
1776035606.696,206.696,0.03,0.04,0.96,0.97,0.01,0.01,70646.89,1776035605000
1776035607.185,207.185,0.03,0.04,0.96,0.97,0.01,0.01,70646.89,1776035606000
1776035607.731,207.731,0.03,0.04,0.96,0.97,0.01,0.01,70646.89,1776035606000
1776035608.066,208.066,0.03,0.04,0.96,0.97,0.01,0.01,70646.89,1776035606000
1776035608.402,208.402,0.03,0.04,0.96,0.97,0.01,0.01,70646.89,1776035607000
1776035608.79,208.79,0.04,0.05,0.95,0.96,0.01,0.01,70646.89,1776035607000
1776035609.277,209.277,0.04,0.05,0.95,0.96,0.01,0.01,70646.89,1776035607000
1776035609.63,209.63,0.02,0.05,0.95,0.96,0.03,0.01,70649.45,1776035608000
1776035610.007,210.007,0.03,0.05,0.95,0.97,0.02,0.02,70649.45,1776035608000
1776035610.404,210.404,0.03,0.04,0.96,0.97,0.01,0.01,70649.45,1776035608000
1776035610.742,210.742,0.03,0.04,0.96,0.97,0.01,0.01,70649.45,1776035608000
1776035611.078,211.078,0.03,0.04,0.96,0.97,0.01,0.01,70651.79,1776035609000
1776035611.418,211.418,0.03,0.04,0.96,0.97,0.01,0.01,70648.61,1776035610000
1776035611.757,211.757,0.03,0.04,0.96,0.97,0.01,0.01,70648.61,1776035610000
1776035612.577,212.577,0.03,0.04,0.96,0.97,0.01,0.01,70648.82,1776035611000
1776035613.02,213.02,0.02,0.04,0.96,0.97,0.02,0.01,70648.82,1776035611000
1776035613.485,213.485,0.02,0.03,0.97,0.98,0.01,0.01,70651.61,1776035612000
1776035613.841,213.841,0.03,0.04,0.95,0.98,0.01,0.03,70651.61,1776035612000
1776035614.183,214.183,0.03,0.04,0.96,0.97,0.01,0.01,70651.61,1776035612000
1776035614.699,214.699,0.03,0.04,0.96,0.97,0.01,0.01,70651.13,1776035613000
1776035615.222,215.222,0.03,0.04,0.96,0.97,0.01,0.01,70651.13,1776035613000
1776035615.561,215.561,0.03,0.05,0.95,0.97,0.02,0.02,70649.42,1776035614000
1776035615.904,215.904,0.04,0.05,0.94,0.97,0.01,0.03,70649.42,1776035614000
1776035616.424,216.424,0.04,0.05,0.95,0.96,0.01,0.01,70649.42,1776035615000
1776035616.762,216.762,0.04,0.05,0.95,0.96,0.01,0.01,70649.42,1776035615000
1776035617.141,217.141,0.02,0.03,0.97,0.98,0.01,0.01,70649.42,1776035615000
1776035617.474,217.474,0.02,0.03,0.97,0.98,0.01,0.01,70652.91,1776035616000
1776035617.813,217.813,0.02,0.03,0.97,0.98,0.01,0.01,70652.91,1776035616000
1776035618.318,218.318,0.02,0.03,0.97,0.98,0.01,0.01,70655.3,1776035617000
1776035618.841,218.841,0.02,0.03,0.97,0.98,0.01,0.01,70655.3,1776035617000
1776035619.178,219.178,0.02,0.03,0.97,0.98,0.01,0.01,70655.3,1776035617000
1776035619.59,219.59,0.02,0.03,0.97,0.98,0.01,0.01,70656.92,1776035618000
1776035619.972,219.972,0.02,0.03,0.97,0.98,0.01,0.01,70656.92,1776035618000
1776035620.306,220.306,0.02,0.03,0.97,0.98,0.01,0.01,70656.92,1776035618000
1776035620.825,220.825,0.02,0.03,0.97,0.98,0.01,0.01,70654.61,1776035619000
1776035621.219,221.219,0.02,0.03,0.96,0.98,0.01,0.02,70648.87,1776035620000
1776035621.57,221.57,0.02,0.03,0.97,0.98,0.01,0.01,70648.87,1776035620000
1776035621.932,221.932,0.02,0.03,0.97,0.98,0.01,0.01,70648.87,1776035620000
1776035622.29,222.29,0.02,0.03,0.96,0.98,0.01,0.02,70645.57,1776035621000
1776035622.635,222.635,0.02,0.05,0.95,0.98,0.03,0.03,70645.57,1776035621000
1776035622.974,222.974,0.03,0.04,0.96,0.97,0.01,0.01,70645.57,1776035621000
1776035623.342,223.342,0.03,0.04,0.96,0.97,0.01,0.01,70643.33,1776035622000
1776035623.772,223.772,0.02,0.03,0.96,0.98,0.01,0.02,70643.33,1776035622000
1776035624.263,224.263,0.02,0.03,0.97,0.98,0.01,0.01,70643.17,1776035623000
1776035624.599,224.599,0.02,0.03,0.97,0.98,0.01,0.01,70643.17,1776035623000
1776035625.066,225.066,0.02,0.03,0.97,0.98,0.01,0.01,70643.17,1776035623000
1776035625.699,225.699,0.02,0.03,0.97,0.98,0.01,0.01,70643.12,1776035624000
1776035626.128,226.128,0.01,0.02,0.98,0.99,0.01,0.01,70643.12,1776035624000
1776035626.506,226.506,0.01,0.02,0.98,0.99,0.01,0.01,70643.12,1776035624000
1776035626.895,226.895,0.01,0.02,0.98,0.99,0.01,0.01,70642.38,1776035625000
1776035627.61,227.61,0.01,0.02,0.98,0.99,0.01,0.01,70642.38,1776035625000
1776035627.957,227.957,0.01,0.02,0.98,0.99,0.01,0.01,70642.82,1776035626000
1776035628.29,228.29,0.01,0.02,0.98,0.99,0.01,0.01,70642.82,1776035626000
1776035628.707,228.707,0.01,0.02,0.98,0.99,0.01,0.01,70642.83,1776035627000
1776035629.078,229.078,0.01,0.02,0.98,0.99,0.01,0.01,70643.64,1776035628000
1776035629.77,229.77,0.01,0.02,0.98,0.99,0.01,0.01,70643.64,1776035628000
1776035630.284,230.284,0.01,0.02,0.98,0.99,0.01,0.01,70643.64,1776035628000
1776035630.627,230.627,0.01,0.02,0.98,0.99,0.01,0.01,70642.73,1776035629000
1776035630.962,230.962,0.01,0.02,0.98,0.99,0.01,0.01,70642.73,1776035629000
1776035631.337,231.337,0.01,0.02,0.98,0.99,0.01,0.01,70644.13,1776035630000
1776035631.813,231.813,0.01,0.02,0.98,0.99,0.01,0.01,70644.13,1776035630000
1776035632.161,232.161,0.02,0.03,0.97,0.99,0.01,0.02,70644.13,1776035630000
1776035632.523,232.523,0.02,0.03,0.97,0.98,0.01,0.01,70646.12,1776035631000
1776035632.94,232.94,0.03,0.04,0.96,0.97,0.01,0.01,70646.12,1776035631000
1776035633.301,233.301,0.02,0.03,0.96,0.99,0.01,0.03,70646.12,1776035631000
1776035634.169,234.169,0.02,0.03,0.97,0.98,0.01,0.01,70645.42,1776035632000
1776035635.0,235.0,0.02,0.03,0.97,0.98,0.01,0.01,70649.72,1776035633000
1776035635.364,235.364,0.02,0.03,0.97,0.98,0.01,0.01,70653.8,1776035634000
1776035635.802,235.802,0.02,0.03,0.97,0.98,0.01,0.01,70653.8,1776035634000
1776035636.158,236.158,0.02,0.03,0.97,0.98,0.01,0.01,70653.8,1776035635000
1776035636.544,236.544,0.02,0.03,0.97,0.98,0.01,0.01,70653.8,1776035635000
1776035636.966,236.966,0.03,0.04,0.97,0.98,0.01,0.01,70653.8,1776035635000
1776035637.31,237.31,0.03,0.04,0.96,0.97,0.01,0.01,70656.64,1776035636000
1776035637.647,237.647,0.03,0.04,0.96,0.97,0.01,0.01,70656.64,1776035636000
1776035638.001,238.001,0.01,0.04,0.96,0.97,0.03,0.01,70656.64,1776035636000
1776035638.408,238.408,0.01,0.04,0.96,0.99,0.03,0.03,70659.72,1776035637000
1776035638.881,238.881,0.02,0.05,0.96,0.98,0.03,0.02,70659.72,1776035637000
1776035639.241,239.241,0.03,0.04,0.96,0.97,0.01,0.01,70664.13,1776035638000
1776035640.293,240.293,0.03,0.04,0.96,0.97,0.01,0.01,70664.52,1776035639000
1776035640.672,240.672,0.02,0.03,0.97,0.98,0.01,0.01,70664.52,1776035639000
1776035641.088,241.088,0.02,0.04,0.94,0.98,0.02,0.04,70664.52,1776035639000
1776035641.442,241.442,0.02,0.04,0.96,0.98,0.02,0.02,70666.19,1776035640000
1776035641.818,241.818,0.02,0.03,0.97,0.98,0.01,0.01,70666.19,1776035640000
1776035642.435,242.435,0.02,0.03,0.97,0.98,0.01,0.01,70664.53,1776035641000
1776035642.885,242.885,0.02,0.03,0.97,0.98,0.01,0.01,70664.53,1776035641000
1776035643.329,243.329,0.03,0.04,0.96,0.97,0.01,0.01,70664.53,1776035642000
1776035643.786,243.786,0.05,0.06,0.95,0.97,0.01,0.02,70664.53,1776035642000
1776035644.133,244.133,0.03,0.04,0.94,0.97,0.01,0.03,70664.53,1776035642000
1776035644.626,244.626,0.03,0.04,0.96,0.97,0.01,0.01,70665.02,1776035643000
1776035645.054,245.054,0.04,0.05,0.95,0.96,0.01,0.01,70665.02,1776035643000
1776035645.418,245.418,0.03,0.04,0.95,0.97,0.01,0.02,70665.02,1776035643000
1776035645.755,245.755,0.03,0.04,0.96,0.97,0.01,0.01,70671.4,1776035644000
1776035646.209,246.209,0.05,0.06,0.94,0.95,0.01,0.01,70672.46,1776035645000
1776035646.582,246.582,0.05,0.06,0.94,0.95,0.01,0.01,70672.46,1776035645000
1776035646.945,246.945,0.05,0.06,0.94,0.95,0.01,0.01,70672.46,1776035645000
1776035647.325,247.325,0.05,0.06,0.94,0.95,0.01,0.01,70672.46,1776035645000
1776035647.974,247.974,0.02,0.03,0.94,0.98,0.01,0.04,70675.14,1776035646000
1776035648.535,248.535,0.02,0.03,0.97,0.98,0.01,0.01,70675.28,1776035647000
1776035649.098,249.098,0.02,0.03,0.97,0.98,0.01,0.01,70675.28,1776035647000
1776035649.454,249.454,0.02,0.03,0.97,0.98,0.01,0.01,70675.28,1776035647000
1776035650.293,250.293,0.02,0.03,0.97,0.98,0.01,0.01,70674.37,1776035648000
1776035650.649,250.649,0.03,0.04,0.97,0.98,0.01,0.01,70674.37,1776035649000
1776035650.988,250.988,0.05,0.07,0.93,0.94,0.02,0.01,70674.37,1776035649000
1776035651.471,251.471,0.03,0.04,0.96,0.97,0.01,0.01,70674.37,1776035650000
1776035651.83,251.83,0.02,0.03,0.97,0.98,0.01,0.01,70674.37,1776035650000
1776035652.287,252.287,0.02,0.03,0.97,0.98,0.01,0.01,70676.4,1776035651000
1776035652.648,252.648,0.01,0.03,0.97,0.98,0.02,0.01,70676.4,1776035651000
1776035653.043,253.043,0.01,0.02,0.98,0.99,0.01,0.01,70676.4,1776035651000
1776035653.544,253.544,0.01,0.02,0.98,0.99,0.01,0.01,70669.46,1776035652000
1776035653.986,253.986,0.01,0.02,0.98,0.99,0.01,0.01,70669.46,1776035652000
1776035654.576,254.576,0.01,0.02,0.98,0.99,0.01,0.01,70669.46,1776035652000
1776035655.048,255.048,0.01,0.02,0.98,0.99,0.01,0.01,70655.54,1776035653000
1776035655.397,255.397,0.01,0.02,0.98,0.99,0.01,0.01,70655.45,1776035654000
1776035655.731,255.731,0.01,0.02,0.98,0.99,0.01,0.01,70655.45,1776035654000
1776035656.282,256.282,0.01,0.02,0.98,0.99,0.01,0.01,70655.45,1776035655000
1776035656.636,256.636,0.01,0.01,0.99,0.99,0.0,0.0,70655.45,1776035655000
1776035657.274,257.274,0.01,0.01,0.99,0.99,0.0,0.0,70655.45,1776035655000
1776035657.686,257.686,0.01,0.01,0.99,0.99,0.0,0.0,70655.45,1776035655000
1776035658.296,258.296,0.01,0.01,0.99,0.99,0.0,0.0,70648.95,1776035656000
1776035659.022,259.022,0.01,0.01,0.99,0.99,0.0,0.0,70639.77,1776035658000
1776035659.484,259.484,0.01,0.01,0.99,0.99,0.0,0.0,70639.77,1776035658000
1776035659.994,259.994,0.01,0.01,0.99,0.99,0.0,0.0,70639.77,1776035658000
1776035660.463,260.463,0.01,0.01,0.99,0.99,0.0,0.0,70638.77,1776035659000
1776035660.922,260.922,0.01,0.01,0.99,0.99,0.0,0.0,70638.77,1776035659000
1776035661.486,261.486,0.01,0.01,0.99,0.99,0.0,0.0,70639.55,1776035660000
1776035662.011,262.011,0.01,0.01,0.99,0.99,0.0,0.0,70638.58,1776035661000
1776035662.418,262.418,0.01,0.01,0.99,0.99,0.0,0.0,70638.58,1776035661000
1776035662.761,262.761,0.01,0.01,0.99,0.99,0.0,0.0,70638.58,1776035661000
1776035663.136,263.136,0.01,0.01,0.99,0.99,0.0,0.0,70637.61,1776035662000
1776035663.523,263.523,0.01,0.01,0.99,0.99,0.0,0.0,70637.61,1776035662000
1776035664.462,264.462,0.01,0.01,0.99,0.99,0.0,0.0,70637.61,1776035662000
1776035664.909,264.909,0.01,0.01,0.99,0.99,0.0,0.0,70644.01,1776035663000
1776035665.55,265.55,0.01,0.01,0.99,0.99,0.0,0.0,70646.54,1776035664000
1776035665.912,265.912,0.01,0.01,0.99,0.99,0.0,0.0,70646.54,1776035664000
1776035666.331,266.331,0.01,0.01,0.99,0.99,0.0,0.0,70646.28,1776035665000
1776035667.393,267.393,0.01,0.01,0.99,0.99,0.0,0.0,70650.18,1776035666000
1776035667.919,267.919,0.01,0.01,0.99,0.99,0.0,0.0,70650.49,1776035667000
1776035669.153,269.153,0.01,0.01,0.99,0.99,0.0,0.0,70651.58,1776035668000
1776035669.634,269.634,0.01,0.01,0.99,0.99,0.0,0.0,70651.58,1776035668000
1776035669.976,269.976,0.01,0.01,0.99,0.99,0.0,0.0,70651.58,1776035668000
1776035670.309,270.309,0.01,0.01,0.99,0.99,0.0,0.0,70656.05,1776035669000
1776035671.283,271.283,0.01,0.01,0.99,0.99,0.0,0.0,70659.25,1776035670000
1776035672.852,272.852,0.01,0.01,0.99,0.99,0.0,0.0,70659.25,1776035670000
1776035673.333,273.333,0.01,0.01,0.99,0.99,0.0,0.0,70659.78,1776035671000
1776035674.201,274.201,0.01,0.01,0.99,0.99,0.0,0.0,70663.06,1776035673000
1776035674.755,274.755,0.01,0.01,0.99,0.99,0.0,0.0,70663.06,1776035673000
1776035675.168,275.168,0.01,0.01,0.99,0.99,0.0,0.0,70660.0,1776035674000
1776035676.199,276.199,0.01,0.01,0.99,0.99,0.0,0.0,70659.99,1776035675000
1776035676.898,276.898,0.01,0.01,0.99,0.99,0.0,0.0,70659.99,1776035675000
1776035678.154,278.154,0.01,0.01,0.99,0.99,0.0,0.0,70660.42,1776035677000
1776035679.164,279.164,0.01,0.01,0.99,0.99,0.0,0.0,70660.41,1776035678000
1776035679.984,279.984,0.01,0.01,0.99,0.99,0.0,0.0,70660.41,1776035678000
1776035680.46,280.46,0.01,0.01,0.99,0.99,0.0,0.0,70660.42,1776035679000
1776035681.295,281.295,0.01,0.01,0.99,0.99,0.0,0.0,70660.17,1776035680000
1776035681.961,281.961,0.01,0.01,0.99,0.99,0.0,0.0,70660.17,1776035680000
1776035683.067,283.067,0.01,0.01,0.99,0.99,0.0,0.0,70660.48,1776035682000
1776035683.993,283.993,0.01,0.01,0.99,0.99,0.0,0.0,70660.48,1776035682000
1776035684.942,284.942,0.01,0.01,0.99,0.99,0.0,0.0,70660.47,1776035683000
1776035685.65,285.65,0.01,0.01,0.99,0.99,0.0,0.0,70660.49,1776035684000
1776035686.087,286.087,0.01,0.01,0.99,0.99,0.0,0.0,70660.45,1776035685000
1776035687.091,287.091,0.01,0.01,0.99,0.99,0.0,0.0,70660.46,1776035686000
1776035688.044,288.044,0.01,0.01,0.99,0.99,0.0,0.0,70660.46,1776035686000
1776035689.015,289.015,0.01,0.01,0.99,0.99,0.0,0.0,70659.97,1776035688000
1776035690.889,290.889,0.01,0.01,0.99,0.99,0.0,0.0,70656.04,1776035689000
1776035691.451,291.451,0.01,0.01,0.99,0.99,0.0,0.0,70646.96,1776035690000
1776035692.049,292.049,0.01,0.01,0.99,0.99,0.0,0.0,70646.11,1776035691000
1776035692.668,292.668,0.01,0.01,0.99,0.99,0.0,0.0,70646.11,1776035691000
1776035693.191,293.191,0.01,0.01,0.99,0.99,0.0,0.0,70647.15,1776035692000
1776035694.416,294.416,0.01,0.01,0.99,0.99,0.0,0.0,70646.34,1776035693000
1776035695.001,295.001,0.01,0.01,0.99,0.99,0.0,0.0,70646.34,1776035694000
1776035696.417,296.417,0.01,0.01,0.99,0.99,0.0,0.0,70646.96,1776035695000
1776035696.947,296.947,0.01,0.01,0.99,0.99,0.0,0.0,70646.96,1776035696000
1776035697.844,297.844,0.01,0.01,0.99,0.99,0.0,0.0,70646.96,1776035696000
1776035699.322,299.322,0.01,0.01,0.99,0.99,0.0,0.0,70646.84,1776035698000
1776035699.997,299.997,0.01,0.01,0.99,0.99,0.0,0.0,70646.85,1776035699000
1776035700.424,300.424,0.01,0.01,0.99,0.99,0.0,0.0,70646.85,1776035699000
1776035700.914,300.914,0.01,0.01,0.99,0.99,0.0,0.0,70646.85,1776035699000

# RESULT,winner=Down,slug=btc-updown-5m-1776035400,ticks=688
