timestamp,elapsed_sec,up_bid,up_ask,down_bid,down_ask,up_spread,down_spread,btc_price,btc_oracle_ts
1776755700.857,0.857,0.48,0.49,0.51,0.52,0.01,0.01,75973.02,1776755699000
1776755701.317,1.317,0.48,0.49,0.51,0.52,0.01,0.01,75973.02,1776755700000
1776755701.89,1.89,0.48,0.49,0.51,0.52,0.01,0.01,75973.02,1776755700000
1776755702.289,2.289,0.48,0.5,0.5,0.52,0.02,0.02,75973.15,1776755701000
1776755702.632,2.632,0.48,0.51,0.49,0.52,0.03,0.03,75973.15,1776755701000
1776755703.047,3.047,0.52,0.54,0.45,0.48,0.02,0.03,75973.15,1776755701000
1776755703.383,3.383,0.52,0.55,0.45,0.48,0.03,0.03,75973.15,1776755701000
1776755703.757,3.757,0.54,0.55,0.45,0.46,0.01,0.01,75977.2,1776755702000
1776755704.383,4.383,0.54,0.55,0.45,0.46,0.01,0.01,75977.2,1776755702000
1776755705.064,5.064,0.53,0.55,0.45,0.47,0.02,0.02,75981.07,1776755704000
1776755705.809,5.809,0.53,0.55,0.45,0.47,0.02,0.02,75981.07,1776755704000
1776755706.191,6.191,0.53,0.55,0.45,0.47,0.02,0.02,75982.26,1776755705000
1776755707.017,7.017,0.52,0.55,0.45,0.47,0.03,0.02,75982.26,1776755705000
1776755707.354,7.354,0.55,0.56,0.45,0.48,0.01,0.03,75982.26,1776755705000
1776755707.852,7.852,0.52,0.55,0.46,0.48,0.03,0.02,75975.86,1776755706000
1776755708.248,8.248,0.48,0.49,0.51,0.52,0.01,0.01,75975.86,1776755706000
1776755708.589,8.589,0.46,0.49,0.5,0.54,0.03,0.04,75971.91,1776755707000
1776755708.928,8.928,0.45,0.49,0.51,0.55,0.04,0.04,75971.91,1776755707000
1776755709.364,9.364,0.46,0.47,0.53,0.54,0.01,0.01,75971.33,1776755708000
1776755709.747,9.747,0.46,0.47,0.53,0.54,0.01,0.01,75971.33,1776755708000
1776755710.135,10.135,0.45,0.46,0.54,0.55,0.01,0.01,75971.33,1776755708000
1776755710.477,10.477,0.45,0.46,0.54,0.55,0.01,0.01,75971.22,1776755709000
1776755710.837,10.837,0.46,0.47,0.53,0.55,0.01,0.02,75971.22,1776755709000
1776755711.209,11.209,0.46,0.47,0.53,0.54,0.01,0.01,75971.06,1776755710000
1776755711.556,11.556,0.46,0.47,0.53,0.54,0.01,0.01,75971.06,1776755710000
1776755711.89,11.89,0.46,0.47,0.53,0.54,0.01,0.01,75971.06,1776755710000
1776755712.327,12.327,0.45,0.46,0.53,0.55,0.01,0.02,75972.5,1776755711000
1776755712.712,12.712,0.45,0.46,0.54,0.55,0.01,0.01,75972.5,1776755711000
1776755713.211,13.211,0.45,0.46,0.54,0.55,0.01,0.01,75970.52,1776755712000
1776755713.662,13.662,0.45,0.46,0.54,0.55,0.01,0.01,75970.52,1776755712000
1776755714.355,14.355,0.44,0.46,0.54,0.56,0.02,0.02,75970.52,1776755712000
1776755714.787,14.787,0.45,0.46,0.54,0.56,0.01,0.02,75970.46,1776755713000
1776755715.406,15.406,0.45,0.46,0.54,0.55,0.01,0.01,75970.46,1776755714000
1776755715.783,15.783,0.45,0.46,0.54,0.55,0.01,0.01,75970.46,1776755714000
1776755716.142,16.142,0.44,0.48,0.52,0.55,0.04,0.03,75970.44,1776755715000
1776755717.178,17.178,0.45,0.48,0.52,0.55,0.03,0.03,75972.04,1776755716000
1776755717.624,17.624,0.46,0.47,0.53,0.54,0.01,0.01,75972.04,1776755716000
1776755718.084,18.084,0.46,0.47,0.53,0.54,0.01,0.01,75972.04,1776755716000
1776755718.573,18.573,0.46,0.47,0.53,0.54,0.01,0.01,75970.47,1776755717000
1776755718.929,18.929,0.46,0.47,0.53,0.54,0.01,0.01,75970.47,1776755717000
1776755719.427,19.427,0.46,0.47,0.53,0.54,0.01,0.01,75970.47,1776755718000
1776755719.834,19.834,0.46,0.47,0.53,0.54,0.01,0.01,75970.47,1776755718000
1776755720.244,20.244,0.46,0.47,0.53,0.54,0.01,0.01,75970.47,1776755719000
1776755721.105,21.105,0.46,0.47,0.53,0.54,0.01,0.01,75970.47,1776755720000
1776755721.674,21.674,0.46,0.47,0.53,0.54,0.01,0.01,75970.47,1776755720000
1776755722.021,22.021,0.46,0.47,0.53,0.54,0.01,0.01,75970.44,1776755721000
1776755722.553,22.553,0.46,0.47,0.53,0.54,0.01,0.01,75970.44,1776755721000
1776755722.931,22.931,0.46,0.47,0.53,0.54,0.01,0.01,75970.44,1776755721000
1776755723.395,23.395,0.46,0.47,0.53,0.54,0.01,0.01,75970.44,1776755722000
1776755723.773,23.773,0.46,0.47,0.53,0.54,0.01,0.01,75970.44,1776755722000
1776755724.372,24.372,0.46,0.47,0.53,0.54,0.01,0.01,75970.4,1776755723000
1776755724.758,24.758,0.46,0.47,0.53,0.54,0.01,0.01,75970.4,1776755723000
1776755725.598,25.598,0.46,0.47,0.53,0.54,0.01,0.01,75969.98,1776755724000
1776755725.939,25.939,0.51,0.54,0.46,0.49,0.03,0.03,75969.98,1776755724000
1776755726.279,26.279,0.53,0.59,0.43,0.47,0.06,0.04,75969.98,1776755725000
1776755726.639,26.639,0.54,0.58,0.42,0.46,0.04,0.04,75969.98,1776755725000
1776755726.991,26.991,0.56,0.59,0.41,0.44,0.03,0.03,75974.51,1776755726000
1776755727.401,27.401,0.58,0.59,0.41,0.42,0.01,0.01,75974.51,1776755726000
1776755727.769,27.769,0.58,0.59,0.41,0.42,0.01,0.01,75974.51,1776755726000
1776755728.774,28.774,0.58,0.59,0.41,0.42,0.01,0.01,75984.73,1776755727000
1776755729.211,29.211,0.58,0.6,0.4,0.42,0.02,0.02,75984.27,1776755728000
1776755729.737,29.737,0.58,0.61,0.4,0.42,0.03,0.02,75984.27,1776755728000
1776755730.177,30.177,0.59,0.61,0.39,0.42,0.02,0.03,75987.75,1776755729000
1776755730.81,30.81,0.59,0.61,0.39,0.41,0.02,0.02,75987.75,1776755729000
1776755731.188,31.188,0.6,0.61,0.39,0.41,0.01,0.02,75988.7,1776755730000
1776755731.529,31.529,0.59,0.6,0.4,0.42,0.01,0.02,75988.7,1776755730000
1776755732.011,32.011,0.6,0.61,0.39,0.41,0.01,0.02,75988.7,1776755730000
1776755732.383,32.383,0.6,0.62,0.37,0.4,0.02,0.03,75988.7,1776755730000
1776755732.751,32.751,0.61,0.63,0.38,0.39,0.02,0.01,75988.7,1776755730000
1776755733.378,33.378,0.62,0.63,0.37,0.38,0.01,0.01,75989.01,1776755731000
1776755733.728,33.728,0.62,0.64,0.37,0.38,0.02,0.01,75990.61,1776755732000
1776755734.175,34.175,0.63,0.64,0.36,0.37,0.01,0.01,75990.61,1776755732000
1776755734.581,34.581,0.63,0.64,0.36,0.37,0.01,0.01,75990.61,1776755732000
1776755734.952,34.952,0.63,0.64,0.36,0.37,0.01,0.01,75991.0,1776755733000
1776755735.315,35.315,0.63,0.64,0.36,0.37,0.01,0.01,75991.01,1776755734000
1776755735.709,35.709,0.63,0.64,0.36,0.37,0.01,0.01,75991.01,1776755734000
1776755736.2,36.2,0.63,0.68,0.36,0.37,0.05,0.01,75991.01,1776755734000
1776755736.562,36.562,0.67,0.68,0.32,0.33,0.01,0.01,75991.68,1776755735000
1776755736.967,36.967,0.67,0.68,0.32,0.33,0.01,0.01,75993.54,1776755736000
1776755737.342,37.342,0.67,0.68,0.32,0.33,0.01,0.01,75993.54,1776755736000
1776755738.195,38.195,0.67,0.68,0.32,0.33,0.01,0.01,75995.97,1776755737000
1776755738.554,38.554,0.67,0.68,0.32,0.33,0.01,0.01,75995.97,1776755737000
1776755739.183,39.183,0.67,0.68,0.32,0.33,0.01,0.01,75995.97,1776755737000
1776755739.536,39.536,0.67,0.68,0.32,0.33,0.01,0.01,75992.46,1776755738000
1776755739.951,39.951,0.67,0.68,0.32,0.33,0.01,0.01,75992.46,1776755738000
1776755740.338,40.338,0.66,0.67,0.33,0.34,0.01,0.01,75992.46,1776755738000
1776755740.917,40.917,0.66,0.67,0.33,0.34,0.01,0.01,75991.6,1776755739000
1776755741.392,41.392,0.66,0.67,0.33,0.34,0.01,0.01,75991.6,1776755740000
1776755741.84,41.84,0.66,0.67,0.33,0.34,0.01,0.01,75991.6,1776755740000
1776755742.207,42.207,0.66,0.68,0.32,0.34,0.02,0.02,75991.84,1776755741000
1776755742.551,42.551,0.66,0.68,0.32,0.34,0.02,0.02,75991.84,1776755741000
1776755742.957,42.957,0.68,0.69,0.31,0.32,0.01,0.01,75991.84,1776755741000
1776755743.428,43.428,0.68,0.69,0.31,0.32,0.01,0.01,75991.85,1776755742000
1776755743.79,43.79,0.68,0.69,0.3,0.32,0.01,0.02,75991.85,1776755742000
1776755744.539,44.539,0.7,0.71,0.29,0.3,0.01,0.01,75994.89,1776755743000
1776755745.076,45.076,0.7,0.71,0.29,0.3,0.01,0.01,75995.88,1776755744000
1776755745.532,45.532,0.7,0.71,0.29,0.3,0.01,0.01,75995.88,1776755744000
1776755745.868,45.868,0.7,0.71,0.29,0.3,0.01,0.01,75995.88,1776755744000
1776755746.206,46.206,0.7,0.71,0.29,0.3,0.01,0.01,75999.01,1776755745000
1776755746.726,46.726,0.7,0.71,0.28,0.3,0.01,0.02,75999.01,1776755745000
1776755747.062,47.062,0.71,0.76,0.27,0.29,0.05,0.02,75999.01,1776755745000
1776755747.517,47.517,0.75,0.78,0.22,0.25,0.03,0.03,76003.78,1776755746000
1776755747.914,47.914,0.75,0.76,0.23,0.25,0.01,0.02,76003.78,1776755746000
1776755748.253,48.253,0.75,0.76,0.24,0.25,0.01,0.01,76006.23,1776755747000
1776755748.587,48.587,0.75,0.76,0.24,0.25,0.01,0.01,76006.23,1776755747000
1776755748.967,48.967,0.75,0.76,0.24,0.25,0.01,0.01,76006.23,1776755747000
1776755749.346,49.346,0.75,0.76,0.24,0.25,0.01,0.01,76011.82,1776755748000
1776755750.004,50.004,0.76,0.77,0.23,0.24,0.01,0.01,76011.82,1776755748000
1776755750.402,50.402,0.76,0.77,0.23,0.24,0.01,0.01,76011.82,1776755748000
1776755750.805,50.805,0.76,0.77,0.23,0.24,0.01,0.01,76010.67,1776755749000
1776755751.184,51.184,0.76,0.77,0.22,0.24,0.01,0.02,76010.8,1776755750000
1776755751.799,51.799,0.76,0.77,0.23,0.24,0.01,0.01,76010.8,1776755750000
1776755752.143,52.143,0.76,0.77,0.23,0.24,0.01,0.01,76011.12,1776755751000
1776755752.614,52.614,0.76,0.77,0.23,0.24,0.01,0.01,76011.12,1776755751000
1776755753.012,53.012,0.76,0.77,0.23,0.24,0.01,0.01,76010.36,1776755752000
1776755753.391,53.391,0.76,0.78,0.22,0.24,0.02,0.02,76010.36,1776755752000
1776755753.742,53.742,0.77,0.79,0.21,0.23,0.02,0.02,76010.36,1776755752000
1776755754.146,54.146,0.77,0.78,0.22,0.23,0.01,0.01,76010.36,1776755752000
1776755754.526,54.526,0.77,0.78,0.22,0.23,0.01,0.01,76010.38,1776755753000
1776755754.883,54.883,0.77,0.78,0.22,0.23,0.01,0.01,76010.38,1776755753000
1776755755.276,55.276,0.77,0.78,0.22,0.23,0.01,0.01,76010.38,1776755753000
1776755755.795,55.795,0.77,0.78,0.22,0.23,0.01,0.01,76010.86,1776755754000
1776755756.146,56.146,0.78,0.83,0.17,0.22,0.05,0.05,76010.86,1776755754000
1776755756.495,56.495,0.83,0.84,0.16,0.17,0.01,0.01,76010.38,1776755755000
1776755756.848,56.848,0.82,0.83,0.17,0.18,0.01,0.01,76010.38,1776755755000
1776755757.39,57.39,0.81,0.82,0.18,0.19,0.01,0.01,76010.42,1776755756000
1776755757.871,57.871,0.81,0.82,0.18,0.19,0.01,0.01,76010.42,1776755756000
1776755758.253,58.253,0.81,0.82,0.18,0.19,0.01,0.01,76019.44,1776755757000
1776755758.588,58.588,0.81,0.82,0.18,0.19,0.01,0.01,76019.44,1776755757000
1776755758.995,58.995,0.81,0.82,0.18,0.19,0.01,0.01,76019.44,1776755757000
1776755759.34,59.34,0.8,0.81,0.18,0.2,0.01,0.02,76019.41,1776755758000
1776755759.676,59.676,0.8,0.81,0.19,0.2,0.01,0.01,76019.41,1776755758000
1776755760.022,60.022,0.79,0.8,0.2,0.21,0.01,0.01,76019.41,1776755758000
1776755760.369,60.369,0.79,0.8,0.2,0.21,0.01,0.01,76019.34,1776755759000
1776755760.763,60.763,0.79,0.8,0.2,0.21,0.01,0.01,76019.34,1776755759000
1776755761.136,61.136,0.79,0.8,0.2,0.21,0.01,0.01,76019.34,1776755759000
1776755761.489,61.489,0.79,0.8,0.2,0.21,0.01,0.01,76019.34,1776755759000
1776755761.849,61.849,0.8,0.81,0.19,0.2,0.01,0.01,76019.21,1776755760000
1776755762.32,62.32,0.8,0.81,0.19,0.2,0.01,0.01,76019.21,1776755761000
1776755762.692,62.692,0.8,0.81,0.19,0.2,0.01,0.01,76019.21,1776755761000
1776755763.042,63.042,0.8,0.81,0.19,0.2,0.01,0.01,76019.21,1776755761000
1776755763.385,63.385,0.8,0.81,0.19,0.2,0.01,0.01,76019.42,1776755762000
1776755763.813,63.813,0.8,0.81,0.19,0.2,0.01,0.01,76019.42,1776755762000
1776755764.168,64.168,0.8,0.81,0.19,0.2,0.01,0.01,76021.29,1776755763000
1776755764.502,64.502,0.8,0.81,0.19,0.2,0.01,0.01,76021.29,1776755763000
1776755765.017,65.017,0.8,0.81,0.19,0.2,0.01,0.01,76021.29,1776755763000
1776755766.053,66.053,0.8,0.81,0.19,0.2,0.01,0.01,76021.83,1776755764000
1776755766.754,66.754,0.8,0.81,0.19,0.2,0.01,0.01,76021.34,1776755765000
1776755767.183,67.183,0.8,0.81,0.19,0.2,0.01,0.01,76021.34,1776755765000
1776755767.516,67.516,0.8,0.81,0.19,0.2,0.01,0.01,76021.31,1776755766000
1776755767.917,67.917,0.8,0.81,0.19,0.2,0.01,0.01,76021.31,1776755766000
1776755768.282,68.282,0.8,0.81,0.19,0.2,0.01,0.01,76021.88,1776755767000
1776755768.629,68.629,0.8,0.81,0.19,0.2,0.01,0.01,76021.88,1776755767000
1776755769.003,69.003,0.75,0.76,0.24,0.25,0.01,0.01,76021.88,1776755767000
1776755769.381,69.381,0.72,0.75,0.25,0.27,0.03,0.02,76021.88,1776755767000
1776755769.749,69.749,0.72,0.73,0.27,0.28,0.01,0.01,76016.34,1776755768000
1776755770.082,70.082,0.7,0.71,0.29,0.3,0.01,0.01,76012.41,1776755769000
1776755770.531,70.531,0.61,0.66,0.34,0.38,0.05,0.04,76012.41,1776755769000
1776755770.878,70.878,0.63,0.64,0.35,0.37,0.01,0.02,76012.41,1776755769000
1776755771.23,71.23,0.63,0.64,0.36,0.39,0.01,0.03,76004.3,1776755770000
1776755771.665,71.665,0.62,0.63,0.37,0.38,0.01,0.01,76004.3,1776755770000
1776755772.037,72.037,0.62,0.63,0.37,0.38,0.01,0.01,75995.7,1776755771000
1776755772.395,72.395,0.62,0.63,0.37,0.38,0.01,0.01,75995.7,1776755771000
1776755772.857,72.857,0.61,0.62,0.38,0.39,0.01,0.01,75995.7,1776755771000
1776755773.392,73.392,0.61,0.62,0.38,0.39,0.01,0.01,75992.05,1776755772000
1776755773.949,73.949,0.61,0.62,0.38,0.39,0.01,0.01,75992.05,1776755772000
1776755774.789,74.789,0.6,0.61,0.39,0.4,0.01,0.01,75991.24,1776755773000
1776755775.144,75.144,0.6,0.61,0.39,0.4,0.01,0.01,75991.24,1776755773000
1776755775.541,75.541,0.6,0.61,0.39,0.4,0.01,0.01,75991.55,1776755774000
1776755775.996,75.996,0.6,0.61,0.39,0.4,0.01,0.01,75991.55,1776755774000
1776755776.418,76.418,0.6,0.61,0.39,0.4,0.01,0.01,75991.55,1776755774000
1776755776.998,76.998,0.6,0.61,0.39,0.4,0.01,0.01,75991.55,1776755774000
1776755777.419,77.419,0.58,0.59,0.39,0.42,0.01,0.03,75993.04,1776755776000
1776755777.973,77.973,0.58,0.59,0.41,0.42,0.01,0.01,75993.04,1776755776000
1776755778.365,78.365,0.58,0.59,0.41,0.42,0.01,0.01,75993.04,1776755776000
1776755778.765,78.765,0.58,0.6,0.41,0.42,0.02,0.01,75993.04,1776755776000
1776755779.105,79.105,0.59,0.6,0.4,0.41,0.01,0.01,75991.45,1776755777000
1776755779.592,79.592,0.59,0.6,0.4,0.41,0.01,0.01,75991.45,1776755777000
1776755780.04,80.04,0.6,0.62,0.38,0.4,0.02,0.02,75991.45,1776755778000
1776755780.39,80.39,0.62,0.63,0.37,0.38,0.01,0.01,75991.27,1776755779000
1776755781.255,81.255,0.62,0.64,0.36,0.38,0.02,0.02,75991.27,1776755779000
1776755781.896,81.896,0.63,0.65,0.35,0.37,0.02,0.02,75992.07,1776755780000
1776755782.674,82.674,0.63,0.64,0.35,0.37,0.01,0.02,75992.07,1776755780000
1776755783.394,83.394,0.63,0.65,0.35,0.37,0.02,0.02,75992.09,1776755782000
1776755783.797,83.797,0.64,0.65,0.35,0.36,0.01,0.01,75992.09,1776755782000
1776755784.304,84.304,0.65,0.66,0.34,0.35,0.01,0.01,75992.09,1776755783000
1776755784.756,84.756,0.65,0.66,0.34,0.35,0.01,0.01,75992.09,1776755783000
1776755785.159,85.159,0.65,0.66,0.34,0.35,0.01,0.01,75992.09,1776755783000
1776755785.738,85.738,0.64,0.65,0.34,0.36,0.01,0.02,75992.09,1776755783000
1776755786.136,86.136,0.64,0.65,0.35,0.36,0.01,0.01,75992.14,1776755784000
1776755786.533,86.533,0.64,0.65,0.35,0.36,0.01,0.01,75992.19,1776755785000
1776755787.174,87.174,0.64,0.65,0.35,0.36,0.01,0.01,75992.19,1776755785000
1776755787.562,87.562,0.64,0.65,0.35,0.36,0.01,0.01,75992.21,1776755786000
1776755787.907,87.907,0.63,0.64,0.35,0.36,0.01,0.01,75992.21,1776755786000
1776755788.417,88.417,0.63,0.64,0.36,0.37,0.01,0.01,75992.21,1776755786000
1776755788.75,88.75,0.63,0.64,0.36,0.37,0.01,0.01,75992.53,1776755787000
1776755789.554,89.554,0.63,0.64,0.36,0.37,0.01,0.01,75992.53,1776755788000
1776755790.142,90.142,0.63,0.64,0.36,0.37,0.01,0.01,75992.53,1776755788000
1776755790.862,90.862,0.63,0.64,0.36,0.37,0.01,0.01,75992.6,1776755789000
1776755791.217,91.217,0.62,0.64,0.36,0.37,0.02,0.01,75992.6,1776755789000
1776755791.996,91.996,0.6,0.62,0.38,0.4,0.02,0.02,75991.81,1776755790000
1776755792.398,92.398,0.6,0.61,0.39,0.4,0.01,0.01,75991.81,1776755790000
1776755792.752,92.752,0.6,0.61,0.39,0.4,0.01,0.01,75989.41,1776755791000
1776755793.259,93.259,0.6,0.61,0.39,0.4,0.01,0.01,75989.41,1776755791000
1776755793.6,93.6,0.6,0.61,0.39,0.4,0.01,0.01,75989.34,1776755792000
1776755794.095,94.095,0.6,0.61,0.39,0.4,0.01,0.01,75989.34,1776755792000
1776755794.444,94.444,0.6,0.61,0.39,0.4,0.01,0.01,75991.69,1776755793000
1776755795.154,95.154,0.6,0.61,0.39,0.4,0.01,0.01,75991.69,1776755793000
1776755795.532,95.532,0.58,0.6,0.4,0.42,0.02,0.02,75989.34,1776755794000
1776755795.957,95.957,0.58,0.59,0.41,0.42,0.01,0.01,75989.34,1776755795000
1776755796.352,96.352,0.58,0.59,0.41,0.42,0.01,0.01,75989.34,1776755795000
1776755796.783,96.783,0.58,0.59,0.41,0.42,0.01,0.01,75989.34,1776755795000
1776755797.142,97.142,0.58,0.59,0.41,0.42,0.01,0.01,75988.78,1776755796000
1776755797.532,97.532,0.58,0.59,0.41,0.42,0.01,0.01,75988.78,1776755796000
1776755798.073,98.073,0.57,0.58,0.42,0.43,0.01,0.01,75988.78,1776755796000
1776755798.618,98.618,0.57,0.58,0.42,0.43,0.01,0.01,75985.87,1776755797000
1776755799.358,99.358,0.57,0.58,0.42,0.43,0.01,0.01,75985.87,1776755797000
1776755799.798,99.798,0.57,0.58,0.42,0.43,0.01,0.01,75984.84,1776755798000
1776755800.436,100.436,0.57,0.58,0.42,0.43,0.01,0.01,75984.84,1776755798000
1776755801.006,101.006,0.57,0.58,0.42,0.43,0.01,0.01,75984.85,1776755799000
1776755801.47,101.47,0.57,0.58,0.42,0.43,0.01,0.01,75984.76,1776755800000
1776755802.189,102.189,0.57,0.58,0.42,0.43,0.01,0.01,75985.57,1776755801000
1776755802.524,102.524,0.57,0.58,0.42,0.43,0.01,0.01,75985.57,1776755801000
1776755802.994,102.994,0.57,0.58,0.42,0.43,0.01,0.01,75985.57,1776755801000
1776755803.46,103.46,0.57,0.58,0.42,0.43,0.01,0.01,75985.59,1776755802000
1776755804.341,104.341,0.57,0.58,0.42,0.43,0.01,0.01,75985.6,1776755803000
1776755805.014,105.014,0.57,0.59,0.42,0.43,0.02,0.01,75985.6,1776755803000
1776755805.443,105.443,0.58,0.6,0.4,0.42,0.02,0.02,75985.43,1776755804000
1776755805.895,105.895,0.6,0.61,0.39,0.4,0.01,0.01,75985.43,1776755804000
1776755806.254,106.254,0.6,0.61,0.39,0.4,0.01,0.01,75985.44,1776755805000
1776755806.687,106.687,0.6,0.61,0.39,0.4,0.01,0.01,75985.44,1776755805000
1776755807.087,107.087,0.6,0.61,0.39,0.4,0.01,0.01,75985.44,1776755805000
1776755807.428,107.428,0.6,0.61,0.39,0.4,0.01,0.01,75985.44,1776755805000
1776755807.806,107.806,0.6,0.61,0.39,0.4,0.01,0.01,75986.43,1776755806000
1776755808.161,108.161,0.6,0.61,0.39,0.4,0.01,0.01,75986.92,1776755807000
1776755808.685,108.685,0.6,0.61,0.39,0.4,0.01,0.01,75986.92,1776755807000
1776755809.059,109.059,0.63,0.65,0.33,0.37,0.02,0.04,75986.92,1776755807000
1776755809.499,109.499,0.65,0.66,0.34,0.35,0.01,0.01,75986.91,1776755808000
1776755809.848,109.848,0.66,0.67,0.33,0.34,0.01,0.01,75986.91,1776755808000
1776755810.29,110.29,0.66,0.67,0.33,0.34,0.01,0.01,75986.91,1776755808000
1776755810.628,110.628,0.65,0.66,0.33,0.34,0.01,0.01,75986.91,1776755808000
1776755810.999,110.999,0.65,0.66,0.34,0.35,0.01,0.01,75986.91,1776755808000
1776755811.447,111.447,0.65,0.66,0.34,0.35,0.01,0.01,75988.12,1776755810000
1776755811.958,111.958,0.65,0.66,0.34,0.35,0.01,0.01,75988.12,1776755810000
1776755812.353,112.353,0.64,0.65,0.35,0.36,0.01,0.01,75988.75,1776755811000
1776755812.911,112.911,0.64,0.65,0.35,0.36,0.01,0.01,75988.75,1776755811000
1776755813.294,113.294,0.64,0.65,0.35,0.36,0.01,0.01,75991.3,1776755812000
1776755813.695,113.695,0.64,0.65,0.35,0.36,0.01,0.01,75991.3,1776755812000
1776755814.268,114.268,0.64,0.65,0.35,0.36,0.01,0.01,75987.76,1776755813000
1776755814.62,114.62,0.64,0.65,0.35,0.36,0.01,0.01,75987.76,1776755813000
1776755815.019,115.019,0.64,0.65,0.35,0.36,0.01,0.01,75987.76,1776755813000
1776755815.378,115.378,0.64,0.65,0.35,0.36,0.01,0.01,75987.83,1776755814000
1776755816.072,116.072,0.64,0.65,0.35,0.36,0.01,0.01,75987.83,1776755814000
1776755816.441,116.441,0.64,0.65,0.35,0.36,0.01,0.01,75987.85,1776755815000
1776755816.862,116.862,0.64,0.65,0.35,0.36,0.01,0.01,75987.85,1776755815000
1776755817.217,117.217,0.64,0.65,0.35,0.36,0.01,0.01,75987.85,1776755815000
1776755817.596,117.596,0.64,0.65,0.35,0.36,0.01,0.01,75987.85,1776755816000
1776755818.146,118.146,0.64,0.65,0.35,0.36,0.01,0.01,75987.86,1776755817000
1776755818.671,118.671,0.64,0.65,0.35,0.36,0.01,0.01,75987.86,1776755817000
1776755819.102,119.102,0.64,0.65,0.35,0.36,0.01,0.01,75987.86,1776755817000
1776755819.441,119.441,0.63,0.64,0.36,0.37,0.01,0.01,75987.71,1776755818000
1776755819.797,119.797,0.63,0.64,0.36,0.37,0.01,0.01,75987.71,1776755818000
1776755820.504,120.504,0.63,0.64,0.36,0.37,0.01,0.01,75987.58,1776755819000
1776755820.934,120.934,0.63,0.64,0.36,0.37,0.01,0.01,75987.58,1776755819000
1776755821.369,121.369,0.63,0.64,0.36,0.37,0.01,0.01,75987.36,1776755820000
1776755821.829,121.829,0.63,0.64,0.36,0.37,0.01,0.01,75987.36,1776755820000
1776755822.312,122.312,0.63,0.64,0.36,0.37,0.01,0.01,75987.44,1776755821000
1776755822.97,122.97,0.61,0.64,0.36,0.41,0.03,0.05,75987.44,1776755821000
1776755823.318,123.318,0.51,0.57,0.43,0.49,0.06,0.06,75987.46,1776755822000
1776755823.697,123.697,0.46,0.49,0.51,0.53,0.03,0.02,75987.46,1776755822000
1776755824.11,124.11,0.44,0.48,0.52,0.56,0.04,0.04,75987.46,1776755822000
1776755824.445,124.445,0.43,0.45,0.55,0.57,0.02,0.02,75984.07,1776755823000
1776755824.808,124.808,0.43,0.44,0.56,0.57,0.01,0.01,75984.07,1776755823000
1776755825.197,125.197,0.43,0.44,0.56,0.57,0.01,0.01,75984.07,1776755823000
1776755825.828,125.828,0.43,0.44,0.56,0.57,0.01,0.01,75970.57,1776755824000
1776755826.224,126.224,0.43,0.44,0.56,0.57,0.01,0.01,75969.12,1776755825000
1776755827.248,127.248,0.43,0.44,0.56,0.57,0.01,0.01,75969.12,1776755825000
1776755827.643,127.643,0.43,0.44,0.56,0.57,0.01,0.01,75970.0,1776755826000
1776755828.353,128.353,0.43,0.44,0.56,0.57,0.01,0.01,75968.51,1776755827000
1776755828.886,128.886,0.41,0.42,0.58,0.59,0.01,0.01,75968.51,1776755827000
1776755829.275,129.275,0.41,0.42,0.58,0.59,0.01,0.01,75968.51,1776755828000
1776755829.608,129.608,0.41,0.42,0.58,0.59,0.01,0.01,75968.51,1776755828000
1776755830.048,130.048,0.41,0.42,0.58,0.59,0.01,0.01,75968.51,1776755828000
1776755830.631,130.631,0.41,0.42,0.58,0.59,0.01,0.01,75967.8,1776755829000
1776755830.99,130.99,0.41,0.42,0.58,0.59,0.01,0.01,75967.8,1776755829000
1776755831.38,131.38,0.41,0.42,0.58,0.59,0.01,0.01,75967.0,1776755830000
1776755831.824,131.824,0.41,0.42,0.58,0.59,0.01,0.01,75967.0,1776755830000
1776755832.301,132.301,0.41,0.42,0.58,0.59,0.01,0.01,75967.06,1776755831000
1776755832.879,132.879,0.41,0.42,0.58,0.59,0.01,0.01,75967.06,1776755831000
1776755833.273,133.273,0.41,0.42,0.58,0.59,0.01,0.01,75967.06,1776755831000
1776755833.682,133.682,0.41,0.42,0.58,0.59,0.01,0.01,75967.68,1776755832000
1776755834.165,134.165,0.41,0.42,0.58,0.59,0.01,0.01,75967.68,1776755832000
1776755834.774,134.774,0.41,0.42,0.58,0.59,0.01,0.01,75966.94,1776755833000
1776755835.624,135.624,0.41,0.42,0.58,0.59,0.01,0.01,75966.94,1776755833000
1776755835.996,135.996,0.41,0.42,0.58,0.59,0.01,0.01,75967.12,1776755834000
1776755836.429,136.429,0.41,0.42,0.58,0.59,0.01,0.01,75967.2,1776755835000
1776755836.868,136.868,0.41,0.42,0.58,0.59,0.01,0.01,75967.2,1776755835000
1776755837.515,137.515,0.41,0.42,0.58,0.59,0.01,0.01,75967.2,1776755835000
1776755837.921,137.921,0.41,0.42,0.58,0.59,0.01,0.01,75967.05,1776755836000
1776755838.344,138.344,0.41,0.42,0.58,0.59,0.01,0.01,75967.05,1776755837000
1776755839.086,139.086,0.41,0.42,0.58,0.59,0.01,0.01,75967.15,1776755838000
1776755839.489,139.489,0.41,0.42,0.58,0.59,0.01,0.01,75967.15,1776755838000
1776755840.021,140.021,0.41,0.42,0.58,0.59,0.01,0.01,75967.15,1776755838000
1776755840.371,140.371,0.41,0.42,0.58,0.59,0.01,0.01,75966.85,1776755839000
1776755840.746,140.746,0.41,0.42,0.58,0.59,0.01,0.01,75966.85,1776755839000
1776755841.118,141.118,0.41,0.42,0.58,0.59,0.01,0.01,75967.02,1776755840000
1776755841.953,141.953,0.41,0.42,0.58,0.59,0.01,0.01,75967.02,1776755841000
1776755842.325,142.325,0.41,0.42,0.58,0.59,0.01,0.01,75967.02,1776755841000
1776755842.945,142.945,0.41,0.42,0.58,0.59,0.01,0.01,75967.02,1776755841000
1776755843.373,143.373,0.41,0.42,0.58,0.59,0.01,0.01,75967.44,1776755842000
1776755843.897,143.897,0.41,0.42,0.58,0.59,0.01,0.01,75967.5,1776755843000
1776755844.318,144.318,0.33,0.36,0.64,0.68,0.03,0.04,75967.5,1776755843000
1776755844.658,144.658,0.33,0.36,0.64,0.67,0.03,0.03,75967.5,1776755843000
1776755844.998,144.998,0.38,0.4,0.6,0.62,0.02,0.02,75962.55,1776755844000
1776755845.446,145.446,0.37,0.39,0.61,0.63,0.02,0.02,75962.55,1776755844000
1776755845.782,145.782,0.38,0.4,0.61,0.62,0.02,0.01,75962.55,1776755844000
1776755846.121,146.121,0.45,0.49,0.51,0.53,0.04,0.02,75956.14,1776755845000
1776755846.46,146.46,0.47,0.48,0.52,0.53,0.01,0.01,75956.14,1776755845000
1776755846.831,146.831,0.49,0.5,0.5,0.51,0.01,0.01,75956.14,1776755845000
1776755847.221,147.221,0.49,0.5,0.5,0.51,0.01,0.01,75960.94,1776755846000
1776755847.562,147.562,0.49,0.5,0.49,0.51,0.01,0.02,75960.94,1776755846000
1776755848.082,148.082,0.49,0.5,0.5,0.51,0.01,0.01,75967.78,1776755847000
1776755848.417,148.417,0.49,0.5,0.5,0.51,0.01,0.01,75967.78,1776755847000
1776755849.182,149.182,0.49,0.5,0.5,0.51,0.01,0.01,75968.82,1776755848000
1776755849.598,149.598,0.49,0.5,0.5,0.51,0.01,0.01,75968.82,1776755848000
1776755850.031,150.031,0.48,0.5,0.5,0.51,0.02,0.01,75968.82,1776755848000
1776755850.402,150.402,0.49,0.5,0.5,0.51,0.01,0.01,75968.82,1776755848000
1776755850.901,150.901,0.48,0.5,0.5,0.52,0.02,0.02,75968.82,1776755848000
1776755851.583,151.583,0.48,0.49,0.5,0.52,0.01,0.02,75972.27,1776755849000
1776755851.941,151.941,0.48,0.49,0.51,0.52,0.01,0.01,75969.17,1776755850000
1776755852.386,152.386,0.48,0.49,0.51,0.52,0.01,0.01,75969.17,1776755850000
1776755852.836,152.836,0.48,0.49,0.51,0.52,0.01,0.01,75969.04,1776755851000
1776755853.534,153.534,0.44,0.46,0.51,0.55,0.02,0.04,75969.04,1776755851000
1776755853.931,153.931,0.44,0.45,0.54,0.56,0.01,0.02,75968.72,1776755852000
1776755854.351,154.351,0.44,0.45,0.55,0.56,0.01,0.01,75968.79,1776755853000
1776755854.766,154.766,0.44,0.45,0.55,0.56,0.01,0.01,75968.79,1776755853000
1776755855.285,155.285,0.44,0.45,0.55,0.56,0.01,0.01,75968.79,1776755853000
1776755855.983,155.983,0.44,0.45,0.55,0.56,0.01,0.01,75967.18,1776755855000
1776755856.405,156.405,0.44,0.45,0.55,0.56,0.01,0.01,75967.18,1776755855000
1776755857.095,157.095,0.44,0.45,0.55,0.56,0.01,0.01,75967.14,1776755856000
1776755857.811,157.811,0.44,0.45,0.55,0.56,0.01,0.01,75967.14,1776755856000
1776755858.185,158.185,0.44,0.45,0.55,0.56,0.01,0.01,75967.14,1776755856000
1776755858.553,158.553,0.44,0.45,0.55,0.56,0.01,0.01,75968.38,1776755857000
1776755858.949,158.949,0.44,0.45,0.55,0.56,0.01,0.01,75968.38,1776755857000
1776755859.612,159.612,0.44,0.45,0.55,0.56,0.01,0.01,75968.52,1776755858000
1776755859.954,159.954,0.44,0.45,0.55,0.56,0.01,0.01,75968.52,1776755858000
1776755860.514,160.514,0.44,0.45,0.55,0.56,0.01,0.01,75970.09,1776755859000
1776755861.171,161.171,0.44,0.45,0.55,0.56,0.01,0.01,75970.09,1776755860000
1776755861.522,161.522,0.43,0.45,0.55,0.56,0.02,0.01,75970.09,1776755860000
1776755862.165,162.165,0.43,0.44,0.56,0.57,0.01,0.01,75970.09,1776755860000
1776755862.528,162.528,0.43,0.44,0.56,0.57,0.01,0.01,75970.09,1776755861000
1776755862.953,162.953,0.43,0.44,0.56,0.57,0.01,0.01,75970.24,1776755862000
1776755863.465,163.465,0.43,0.44,0.56,0.57,0.01,0.01,75970.24,1776755862000
1776755864.258,164.258,0.43,0.44,0.56,0.57,0.01,0.01,75970.24,1776755862000
1776755864.727,164.727,0.43,0.44,0.56,0.57,0.01,0.01,75970.27,1776755863000
1776755865.09,165.09,0.43,0.44,0.56,0.57,0.01,0.01,75970.27,1776755864000
1776755865.689,165.689,0.43,0.45,0.56,0.57,0.02,0.01,75970.27,1776755864000
1776755866.056,166.056,0.43,0.44,0.56,0.57,0.01,0.01,75970.41,1776755865000
1776755866.413,166.413,0.43,0.44,0.56,0.57,0.01,0.01,75970.41,1776755865000
1776755866.765,166.765,0.42,0.43,0.57,0.58,0.01,0.01,75970.41,1776755865000
1776755867.213,167.213,0.42,0.43,0.57,0.58,0.01,0.01,75970.41,1776755865000
1776755867.747,167.747,0.42,0.43,0.56,0.58,0.01,0.02,75970.41,1776755866000
1776755868.25,168.25,0.42,0.43,0.57,0.58,0.01,0.01,75970.41,1776755866000
1776755868.596,168.596,0.43,0.44,0.56,0.57,0.01,0.01,75970.41,1776755867000
1776755869.043,169.043,0.43,0.44,0.56,0.57,0.01,0.01,75970.41,1776755867000
1776755869.378,169.378,0.43,0.44,0.56,0.57,0.01,0.01,75970.41,1776755867000
1776755869.733,169.733,0.42,0.44,0.56,0.57,0.02,0.01,75969.95,1776755868000
1776755870.127,170.127,0.4,0.43,0.57,0.6,0.03,0.03,75969.95,1776755868000
1776755870.669,170.669,0.4,0.41,0.59,0.6,0.01,0.01,75969.95,1776755869000
1776755871.65,171.65,0.4,0.41,0.59,0.6,0.01,0.01,75968.56,1776755870000
1776755872.032,172.032,0.4,0.41,0.59,0.6,0.01,0.01,75968.56,1776755870000
1776755872.455,172.455,0.4,0.41,0.59,0.6,0.01,0.01,75968.07,1776755871000
1776755872.794,172.794,0.4,0.41,0.59,0.6,0.01,0.01,75968.07,1776755871000
1776755873.288,173.288,0.4,0.41,0.59,0.6,0.01,0.01,75968.07,1776755871000
1776755873.736,173.736,0.4,0.41,0.59,0.6,0.01,0.01,75966.62,1776755872000
1776755874.661,174.661,0.4,0.41,0.59,0.6,0.01,0.01,75966.62,1776755872000
1776755875.059,175.059,0.4,0.41,0.59,0.6,0.01,0.01,75966.62,1776755872000
1776755875.74,175.74,0.4,0.41,0.59,0.6,0.01,0.01,75966.49,1776755873000
1776755876.086,176.086,0.46,0.47,0.53,0.54,0.01,0.01,75966.7,1776755874000
1776755876.462,176.462,0.54,0.56,0.41,0.46,0.02,0.05,75966.7,1776755874000
1776755876.885,176.885,0.55,0.56,0.44,0.45,0.01,0.01,75966.7,1776755874000
1776755877.233,177.233,0.56,0.57,0.43,0.44,0.01,0.01,75975.17,1776755875000
1776755877.624,177.624,0.56,0.57,0.43,0.44,0.01,0.01,75975.17,1776755875000
1776755878.002,178.002,0.56,0.57,0.43,0.44,0.01,0.01,75981.62,1776755876000
1776755878.763,178.763,0.56,0.57,0.43,0.44,0.01,0.01,75983.87,1776755877000
1776755879.498,179.498,0.56,0.58,0.42,0.44,0.02,0.02,75983.67,1776755878000
1776755880.052,180.052,0.56,0.58,0.42,0.44,0.02,0.02,75984.6,1776755879000
1776755880.995,180.995,0.57,0.58,0.42,0.44,0.01,0.02,75984.6,1776755879000
1776755881.349,181.349,0.57,0.58,0.42,0.43,0.01,0.01,75984.6,1776755879000
1776755881.69,181.69,0.57,0.58,0.42,0.43,0.01,0.01,75983.64,1776755880000
1776755882.412,182.412,0.57,0.58,0.42,0.43,0.01,0.01,75984.56,1776755881000
1776755882.908,182.908,0.57,0.58,0.42,0.43,0.01,0.01,75984.56,1776755881000
1776755883.249,183.249,0.57,0.58,0.42,0.43,0.01,0.01,75993.3,1776755882000
1776755883.585,183.585,0.64,0.66,0.35,0.39,0.02,0.04,75993.3,1776755882000
1776755883.956,183.956,0.66,0.71,0.29,0.32,0.05,0.03,75993.3,1776755882000
1776755884.297,184.297,0.69,0.71,0.29,0.32,0.02,0.03,75993.3,1776755882000
1776755884.67,184.67,0.69,0.72,0.28,0.31,0.03,0.03,75993.3,1776755882000
1776755885.105,185.105,0.71,0.73,0.27,0.29,0.02,0.02,75998.44,1776755883000
1776755885.485,185.485,0.71,0.73,0.27,0.29,0.02,0.02,75999.19,1776755884000
1776755886.333,186.333,0.72,0.73,0.27,0.28,0.01,0.01,75999.29,1776755885000
1776755887.435,187.435,0.72,0.73,0.27,0.28,0.01,0.01,75999.29,1776755885000
1776755887.994,187.994,0.72,0.73,0.27,0.28,0.01,0.01,75999.29,1776755885000
1776755888.707,188.707,0.72,0.73,0.27,0.28,0.01,0.01,75999.34,1776755887000
1776755889.053,189.053,0.72,0.73,0.27,0.28,0.01,0.01,75999.34,1776755887000
1776755889.408,189.408,0.72,0.74,0.26,0.28,0.02,0.02,75999.34,1776755887000
1776755889.743,189.743,0.72,0.73,0.27,0.28,0.01,0.01,75999.35,1776755888000
1776755890.274,190.274,0.73,0.74,0.26,0.28,0.01,0.02,75999.35,1776755888000
1776755890.613,190.613,0.73,0.74,0.26,0.27,0.01,0.01,76002.88,1776755889000
1776755890.975,190.975,0.73,0.74,0.26,0.27,0.01,0.01,76002.88,1776755889000
1776755891.34,191.34,0.73,0.74,0.26,0.27,0.01,0.01,76002.88,1776755889000
1776755891.688,191.688,0.73,0.74,0.26,0.27,0.01,0.01,75999.29,1776755890000
1776755892.129,192.129,0.74,0.75,0.25,0.26,0.01,0.01,75999.29,1776755890000
1776755892.507,192.507,0.74,0.75,0.25,0.26,0.01,0.01,75998.33,1776755891000
1776755892.863,192.863,0.74,0.75,0.25,0.26,0.01,0.01,75998.33,1776755891000
1776755893.505,193.505,0.74,0.75,0.25,0.26,0.01,0.01,75998.47,1776755892000
1776755894.046,194.046,0.74,0.75,0.25,0.26,0.01,0.01,75998.47,1776755892000
1776755894.524,194.524,0.74,0.75,0.25,0.26,0.01,0.01,75998.47,1776755892000
1776755895.002,195.002,0.74,0.75,0.25,0.26,0.01,0.01,75999.5,1776755893000
1776755895.41,195.41,0.74,0.75,0.25,0.26,0.01,0.01,75998.63,1776755894000
1776755895.882,195.882,0.74,0.75,0.25,0.26,0.01,0.01,75998.63,1776755894000
1776755896.313,196.313,0.74,0.75,0.25,0.26,0.01,0.01,75998.63,1776755894000
1776755896.909,196.909,0.74,0.75,0.25,0.26,0.01,0.01,75998.63,1776755894000
1776755897.339,197.339,0.74,0.75,0.25,0.26,0.01,0.01,75998.63,1776755895000
1776755897.799,197.799,0.74,0.75,0.25,0.26,0.01,0.01,75998.61,1776755896000
1776755898.153,198.153,0.74,0.75,0.25,0.26,0.01,0.01,75998.61,1776755896000
1776755898.921,198.921,0.75,0.76,0.24,0.25,0.01,0.01,75998.61,1776755897000
1776755899.274,199.274,0.75,0.76,0.24,0.25,0.01,0.01,75999.82,1776755898000
1776755899.627,199.627,0.75,0.76,0.24,0.25,0.01,0.01,75999.82,1776755898000
1776755900.266,200.266,0.75,0.76,0.24,0.25,0.01,0.01,75998.71,1776755899000
1776755900.627,200.627,0.75,0.76,0.24,0.25,0.01,0.01,75998.71,1776755899000
1776755901.089,201.089,0.75,0.76,0.24,0.25,0.01,0.01,75998.93,1776755900000
1776755901.918,201.918,0.75,0.76,0.24,0.25,0.01,0.01,75998.93,1776755900000
1776755902.353,202.353,0.75,0.76,0.24,0.25,0.01,0.01,75999.58,1776755901000
1776755902.716,202.716,0.75,0.76,0.24,0.25,0.01,0.01,75999.58,1776755901000
1776755903.09,203.09,0.75,0.76,0.24,0.25,0.01,0.01,75999.58,1776755901000
1776755903.517,203.517,0.75,0.76,0.24,0.25,0.01,0.01,75999.58,1776755901000
1776755903.902,203.902,0.75,0.78,0.22,0.25,0.03,0.03,75999.17,1776755902000
1776755904.27,204.27,0.75,0.78,0.22,0.25,0.03,0.03,75999.17,1776755902000
1776755904.604,204.604,0.78,0.8,0.2,0.22,0.02,0.02,75999.17,1776755903000
1776755904.938,204.938,0.78,0.84,0.16,0.22,0.06,0.06,75999.17,1776755903000
1776755905.284,205.284,0.84,0.85,0.15,0.19,0.01,0.04,76007.16,1776755904000
1776755905.738,205.738,0.86,0.87,0.13,0.14,0.01,0.01,76007.16,1776755904000
1776755906.148,206.148,0.86,0.9,0.1,0.11,0.04,0.01,76007.16,1776755904000
1776755906.545,206.545,0.89,0.92,0.1,0.14,0.03,0.04,76018.14,1776755905000
1776755906.909,206.909,0.9,0.91,0.08,0.09,0.01,0.01,76018.14,1776755905000
1776755907.285,207.285,0.9,0.91,0.09,0.1,0.01,0.01,76018.14,1776755905000
1776755907.64,207.64,0.91,0.92,0.08,0.1,0.01,0.02,76026.9,1776755906000
1776755908.065,208.065,0.91,0.92,0.08,0.09,0.01,0.01,76026.9,1776755906000
1776755908.417,208.417,0.91,0.92,0.08,0.09,0.01,0.01,76034.18,1776755907000
1776755908.755,208.755,0.91,0.92,0.08,0.09,0.01,0.01,76034.18,1776755907000
1776755909.17,209.17,0.91,0.92,0.08,0.09,0.01,0.01,76034.18,1776755907000
1776755909.511,209.511,0.91,0.92,0.08,0.09,0.01,0.01,76029.56,1776755908000
1776755909.972,209.972,0.91,0.92,0.08,0.09,0.01,0.01,76029.56,1776755908000
1776755910.328,210.328,0.91,0.92,0.08,0.09,0.01,0.01,76029.56,1776755908000
1776755910.677,210.677,0.91,0.92,0.08,0.09,0.01,0.01,76029.64,1776755909000
1776755911.047,211.047,0.91,0.92,0.08,0.09,0.01,0.01,76029.64,1776755909000
1776755911.4,211.4,0.91,0.92,0.08,0.09,0.01,0.01,76029.64,1776755910000
1776755911.733,211.733,0.91,0.92,0.08,0.09,0.01,0.01,76029.64,1776755910000
1776755912.067,212.067,0.91,0.92,0.08,0.09,0.01,0.01,76029.64,1776755910000
1776755912.437,212.437,0.91,0.92,0.08,0.09,0.01,0.01,76029.64,1776755910000
1776755912.774,212.774,0.91,0.92,0.08,0.09,0.01,0.01,76029.68,1776755911000
1776755913.316,213.316,0.91,0.92,0.08,0.09,0.01,0.01,76029.16,1776755912000
1776755913.676,213.676,0.91,0.92,0.08,0.09,0.01,0.01,76029.16,1776755912000
1776755914.103,214.103,0.91,0.92,0.08,0.09,0.01,0.01,76029.16,1776755912000
1776755914.453,214.453,0.91,0.92,0.08,0.09,0.01,0.01,76029.18,1776755913000
1776755914.812,214.812,0.91,0.92,0.08,0.09,0.01,0.01,76029.18,1776755913000
1776755915.39,215.39,0.91,0.92,0.08,0.09,0.01,0.01,76028.91,1776755914000
1776755915.778,215.778,0.91,0.92,0.08,0.09,0.01,0.01,76028.91,1776755914000
1776755916.262,216.262,0.91,0.92,0.08,0.09,0.01,0.01,76028.91,1776755914000
1776755916.682,216.682,0.91,0.92,0.08,0.09,0.01,0.01,76028.72,1776755915000
1776755917.02,217.02,0.91,0.92,0.08,0.09,0.01,0.01,76028.72,1776755915000
1776755917.355,217.355,0.91,0.92,0.08,0.09,0.01,0.01,76027.65,1776755916000
1776755917.798,217.798,0.91,0.94,0.08,0.09,0.03,0.01,76027.65,1776755916000
1776755918.167,218.167,0.91,0.92,0.08,0.09,0.01,0.01,76027.65,1776755916000
1776755918.501,218.501,0.91,0.92,0.08,0.09,0.01,0.01,76027.38,1776755917000
1776755918.906,218.906,0.91,0.92,0.08,0.09,0.01,0.01,76027.38,1776755917000
1776755919.391,219.391,0.91,0.92,0.08,0.09,0.01,0.01,76027.38,1776755917000
1776755919.755,219.755,0.91,0.92,0.08,0.09,0.01,0.01,76026.35,1776755918000
1776755920.388,220.388,0.91,0.92,0.08,0.09,0.01,0.01,76025.98,1776755919000
1776755920.773,220.773,0.91,0.92,0.08,0.09,0.01,0.01,76025.98,1776755919000
1776755921.146,221.146,0.92,0.93,0.07,0.08,0.01,0.01,76025.64,1776755920000
1776755921.865,221.865,0.92,0.93,0.07,0.08,0.01,0.01,76025.64,1776755920000
1776755922.32,222.32,0.93,0.94,0.07,0.08,0.01,0.01,76025.71,1776755921000
1776755922.832,222.832,0.93,0.94,0.06,0.07,0.01,0.01,76025.71,1776755921000
1776755923.209,223.209,0.94,0.95,0.05,0.06,0.01,0.01,76025.71,1776755922000
1776755923.542,223.542,0.94,0.95,0.05,0.06,0.01,0.01,76025.71,1776755922000
1776755923.882,223.882,0.95,0.96,0.04,0.05,0.01,0.01,76025.71,1776755922000
1776755924.389,224.389,0.95,0.96,0.04,0.05,0.01,0.01,76025.99,1776755923000
1776755924.931,224.931,0.95,0.96,0.04,0.05,0.01,0.01,76025.99,1776755923000
1776755925.283,225.283,0.95,0.96,0.04,0.05,0.01,0.01,76029.06,1776755924000
1776755925.693,225.693,0.95,0.96,0.04,0.05,0.01,0.01,76029.06,1776755924000
1776755926.053,226.053,0.95,0.96,0.04,0.05,0.01,0.01,76029.58,1776755925000
1776755926.398,226.398,0.95,0.96,0.04,0.05,0.01,0.01,76029.58,1776755925000
1776755926.786,226.786,0.95,0.97,0.03,0.05,0.02,0.02,76029.58,1776755925000
1776755927.147,227.147,0.96,0.97,0.03,0.04,0.01,0.01,76029.49,1776755926000
1776755927.55,227.55,0.96,0.97,0.03,0.04,0.01,0.01,76029.49,1776755926000
1776755927.891,227.891,0.96,0.97,0.03,0.04,0.01,0.01,76029.49,1776755926000
1776755928.857,228.857,0.96,0.97,0.03,0.04,0.01,0.01,76030.35,1776755927000
1776755929.236,229.236,0.96,0.97,0.03,0.04,0.01,0.01,76030.44,1776755928000
1776755929.718,229.718,0.96,0.97,0.03,0.04,0.01,0.01,76030.44,1776755928000
1776755930.124,230.124,0.96,0.97,0.03,0.04,0.01,0.01,76031.25,1776755929000
1776755930.674,230.674,0.96,0.97,0.03,0.04,0.01,0.01,76031.25,1776755929000
1776755931.129,231.129,0.96,0.97,0.03,0.04,0.01,0.01,76033.54,1776755930000
1776755931.669,231.669,0.96,0.97,0.03,0.04,0.01,0.01,76033.54,1776755930000
1776755932.05,232.05,0.96,0.97,0.03,0.04,0.01,0.01,76033.54,1776755930000
1776755932.466,232.466,0.96,0.97,0.03,0.04,0.01,0.01,76033.54,1776755930000
1776755932.818,232.818,0.96,0.97,0.03,0.04,0.01,0.01,76035.44,1776755931000
1776755933.558,233.558,0.96,0.97,0.03,0.04,0.01,0.01,76035.44,1776755931000
1776755933.911,233.911,0.96,0.97,0.03,0.04,0.01,0.01,76036.1,1776755932000
1776755934.599,234.599,0.96,0.97,0.03,0.04,0.01,0.01,76036.65,1776755933000
1776755934.952,234.952,0.96,0.97,0.03,0.04,0.01,0.01,76036.65,1776755933000
1776755935.303,235.303,0.96,0.97,0.03,0.04,0.01,0.01,76036.65,1776755933000
1776755935.693,235.693,0.96,0.97,0.03,0.04,0.01,0.01,76046.17,1776755934000
1776755936.034,236.034,0.96,0.97,0.03,0.04,0.01,0.01,76046.17,1776755934000
1776755936.652,236.652,0.96,0.97,0.03,0.04,0.01,0.01,76046.17,1776755934000
1776755936.985,236.985,0.97,0.98,0.02,0.03,0.01,0.01,76045.36,1776755935000
1776755937.331,237.331,0.97,0.98,0.02,0.03,0.01,0.01,76045.36,1776755935000
1776755937.733,237.733,0.97,0.98,0.02,0.03,0.01,0.01,76045.77,1776755936000
1776755938.097,238.097,0.97,0.98,0.02,0.03,0.01,0.01,76045.77,1776755936000
1776755938.481,238.481,0.97,0.98,0.02,0.03,0.01,0.01,76045.88,1776755937000
1776755938.887,238.887,0.97,0.98,0.02,0.03,0.01,0.01,76045.88,1776755937000
1776755939.281,239.281,0.97,0.98,0.02,0.03,0.01,0.01,76045.91,1776755938000
1776755939.652,239.652,0.97,0.98,0.02,0.03,0.01,0.01,76045.91,1776755938000
1776755940.051,240.051,0.97,0.98,0.02,0.03,0.01,0.01,76045.91,1776755938000
1776755940.462,240.462,0.97,0.98,0.02,0.03,0.01,0.01,76045.91,1776755938000
1776755940.81,240.81,0.98,0.99,0.01,0.02,0.01,0.01,76047.09,1776755939000
1776755941.146,241.146,0.98,0.99,0.01,0.02,0.01,0.01,76047.09,1776755939000
1776755941.549,241.549,0.98,0.99,0.01,0.02,0.01,0.01,76047.28,1776755940000
1776755941.986,241.986,0.98,0.99,0.01,0.02,0.01,0.01,76047.28,1776755940000
1776755942.406,242.406,0.98,0.99,0.01,0.02,0.01,0.01,76047.28,1776755940000
1776755942.781,242.781,0.98,0.99,0.01,0.02,0.01,0.01,76047.28,1776755940000
1776755943.141,243.141,0.98,0.99,0.01,0.02,0.01,0.01,76047.24,1776755941000
1776755943.561,243.561,0.98,0.99,0.01,0.02,0.01,0.01,76047.24,1776755941000
1776755944.167,244.167,0.98,0.99,0.01,0.02,0.01,0.01,76047.24,1776755942000
1776755944.578,244.578,0.98,0.99,0.01,0.02,0.01,0.01,76047.24,1776755943000
1776755944.917,244.917,0.98,0.99,0.01,0.02,0.01,0.01,76047.24,1776755943000
1776755945.406,245.406,0.98,0.99,0.01,0.02,0.01,0.01,76047.24,1776755944000
1776755945.741,245.741,0.98,0.99,0.01,0.02,0.01,0.01,76047.24,1776755944000
1776755946.19,246.19,0.98,0.99,0.01,0.02,0.01,0.01,76047.24,1776755944000
1776755946.574,246.574,0.98,0.99,0.01,0.02,0.01,0.01,76047.57,1776755945000
1776755947.12,247.12,0.98,0.99,0.01,0.02,0.01,0.01,76047.57,1776755945000
1776755947.532,247.532,0.98,0.99,0.01,0.02,0.01,0.01,76047.61,1776755946000
1776755947.898,247.898,0.98,0.99,0.01,0.02,0.01,0.01,76047.61,1776755946000
1776755948.234,248.234,0.98,0.99,0.01,0.02,0.01,0.01,76046.31,1776755947000
1776755948.623,248.623,0.98,0.99,0.01,0.02,0.01,0.01,76046.31,1776755947000
1776755949.164,249.164,0.98,0.99,0.01,0.02,0.01,0.01,76046.31,1776755947000
1776755949.697,249.697,0.98,0.99,0.01,0.02,0.01,0.01,76046.77,1776755948000
1776755950.158,250.158,0.98,0.99,0.01,0.02,0.01,0.01,76046.77,1776755948000
1776755950.646,250.646,0.98,0.99,0.01,0.02,0.01,0.01,76047.9,1776755949000
1776755951.092,251.092,0.98,0.99,0.01,0.02,0.01,0.01,76047.9,1776755949000
1776755951.481,251.481,0.99,0.99,0.01,0.01,0.0,0.0,76048.7,1776755950000
1776755951.836,251.836,0.99,0.99,0.01,0.01,0.0,0.0,76048.7,1776755950000
1776755952.285,252.285,0.99,0.99,0.01,0.01,0.0,0.0,76048.7,1776755950000
1776755952.623,252.623,0.99,0.99,0.01,0.01,0.0,0.0,76048.84,1776755951000
1776755953.148,253.148,0.99,0.99,0.01,0.01,0.0,0.0,76048.84,1776755951000
1776755953.512,253.512,0.99,0.99,0.01,0.01,0.0,0.0,76048.7,1776755952000
1776755953.925,253.925,0.99,0.99,0.01,0.01,0.0,0.0,76048.7,1776755952000
1776755955.249,255.249,0.99,0.99,0.01,0.01,0.0,0.0,76048.7,1776755954000
1776755955.892,255.892,0.99,0.99,0.01,0.01,0.0,0.0,76048.7,1776755954000
1776755956.309,256.309,0.99,0.99,0.01,0.01,0.0,0.0,76048.75,1776755955000
1776755956.942,256.942,0.99,0.99,0.01,0.01,0.0,0.0,76048.75,1776755955000
1776755957.357,257.357,0.99,0.99,0.01,0.01,0.0,0.0,76050.83,1776755956000
1776755957.943,257.943,0.99,0.99,0.01,0.01,0.0,0.0,76049.18,1776755957000
1776755958.417,258.417,0.99,0.99,0.01,0.01,0.0,0.0,76049.18,1776755957000
1776755959.049,259.049,0.99,0.99,0.01,0.01,0.0,0.0,76049.18,1776755957000
1776755960.226,260.226,0.99,0.99,0.01,0.01,0.0,0.0,76051.46,1776755959000
1776755961.468,261.468,0.99,0.99,0.01,0.01,0.0,0.0,76051.46,1776755960000
1776755961.976,261.976,0.99,0.99,0.01,0.01,0.0,0.0,76051.46,1776755961000
1776755962.902,262.902,0.99,0.99,0.01,0.01,0.0,0.0,76051.46,1776755961000
1776755964.246,264.246,0.99,0.99,0.01,0.01,0.0,0.0,76051.47,1776755963000
1776755965.452,265.452,0.99,0.99,0.01,0.01,0.0,0.0,76051.41,1776755964000
1776755965.909,265.909,0.99,0.99,0.01,0.01,0.0,0.0,76051.41,1776755965000
1776755967.053,267.053,0.99,0.99,0.01,0.01,0.0,0.0,76055.09,1776755966000
1776755967.547,267.547,0.99,0.99,0.01,0.01,0.0,0.0,76055.09,1776755966000
1776755967.971,267.971,0.99,0.99,0.01,0.01,0.0,0.0,76056.62,1776755967000
1776755968.976,268.976,0.99,0.99,0.01,0.01,0.0,0.0,76056.42,1776755968000
1776755969.958,269.958,0.99,0.99,0.01,0.01,0.0,0.0,76059.54,1776755969000
1776755970.574,270.574,0.99,0.99,0.01,0.01,0.0,0.0,76059.54,1776755969000
1776755970.937,270.937,0.99,0.99,0.01,0.01,0.0,0.0,76056.54,1776755970000
1776755972.046,272.046,0.99,0.99,0.01,0.01,0.0,0.0,76056.5,1776755971000
1776755972.9,272.9,0.99,0.99,0.01,0.01,0.0,0.0,76056.5,1776755971000
1776755973.9,273.9,0.99,0.99,0.01,0.01,0.0,0.0,76056.51,1776755973000
1776755974.334,274.334,0.99,0.99,0.01,0.01,0.0,0.0,76056.51,1776755973000
1776755974.974,274.974,0.99,0.99,0.01,0.01,0.0,0.0,76056.46,1776755974000
1776755975.891,275.891,0.99,0.99,0.01,0.01,0.0,0.0,76056.35,1776755975000
1776755976.953,276.953,0.99,0.99,0.01,0.01,0.0,0.0,76056.33,1776755976000
1776755977.614,277.614,0.99,0.99,0.01,0.01,0.0,0.0,76056.33,1776755976000
1776755977.995,277.995,0.99,0.99,0.01,0.01,0.0,0.0,76056.92,1776755977000
1776755978.912,278.912,0.99,0.99,0.01,0.01,0.0,0.0,76058.4,1776755978000
1776755980.449,280.449,0.99,0.99,0.01,0.01,0.0,0.0,76056.96,1776755979000
1776755981.433,281.433,0.99,0.99,0.01,0.01,0.0,0.0,76058.72,1776755980000
1776755982.114,282.114,0.99,0.99,0.01,0.01,0.0,0.0,76059.59,1776755981000
1776755983.427,283.427,0.99,0.99,0.01,0.01,0.0,0.0,76059.84,1776755982000
1776755984.34,284.34,0.99,0.99,0.01,0.01,0.0,0.0,76059.84,1776755983000
1776755985.343,285.343,0.99,0.99,0.01,0.01,0.0,0.0,76059.84,1776755984000
1776755986.224,286.224,0.99,0.99,0.01,0.01,0.0,0.0,76059.84,1776755984000
1776755986.574,286.574,0.99,0.99,0.01,0.01,0.0,0.0,76059.59,1776755985000
1776755987.162,287.162,0.99,0.99,0.01,0.01,0.0,0.0,76059.59,1776755986000
1776755988.335,288.335,0.99,0.99,0.01,0.01,0.0,0.0,76059.24,1776755987000
1776755989.554,289.554,0.99,0.99,0.01,0.01,0.0,0.0,76059.18,1776755988000
1776755990.345,290.345,0.99,0.99,0.01,0.01,0.0,0.0,76059.18,1776755989000
1776755991.257,291.257,0.99,0.99,0.01,0.01,0.0,0.0,76059.5,1776755990000
1776755991.815,291.815,0.99,0.99,0.01,0.01,0.0,0.0,76059.5,1776755990000
1776755992.455,292.455,0.99,0.99,0.01,0.01,0.0,0.0,76059.5,1776755991000
1776755993.061,293.061,0.99,0.99,0.01,0.01,0.0,0.0,76059.5,1776755992000
1776755994.166,294.166,0.99,0.99,0.01,0.01,0.0,0.0,76059.46,1776755993000
1776755995.803,295.803,0.99,0.99,0.01,0.01,0.0,0.0,76059.45,1776755994000
1776755996.469,296.469,0.99,0.99,0.01,0.01,0.0,0.0,76059.46,1776755995000
1776755996.921,296.921,0.99,0.99,0.01,0.01,0.0,0.0,76059.5,1776755996000
1776755997.519,297.519,0.99,0.99,0.01,0.01,0.0,0.0,76059.5,1776755996000
1776755997.939,297.939,0.99,0.99,0.01,0.01,0.0,0.0,76059.7,1776755997000
1776755998.956,298.956,0.99,0.99,0.01,0.01,0.0,0.0,76061.9,1776755998000
1776755999.999,299.999,0.99,0.99,0.01,0.01,0.0,0.0,76071.73,1776755999000
1776756000.44,300.44,0.99,0.99,0.01,0.01,0.0,0.0,76071.73,1776755999000
1776756001.077,301.077,0.99,0.99,0.01,0.01,0.0,0.0,76074.92,1776756000000

# RESULT,winner=Up,slug=btc-updown-5m-1776755700,ticks=615
