timestamp,elapsed_sec,up_bid,up_ask,down_bid,down_ask,up_spread,down_spread,btc_price
1775889300.516,0.516,0.53,0.54,0.46,0.47,0.01,0.01,72714.98
1775889300.871,0.871,0.53,0.54,0.45,0.47,0.01,0.02,72714.99
1775889301.278,1.278,0.54,0.55,0.46,0.47,0.01,0.01,72714.99
1775889301.624,1.624,0.54,0.55,0.45,0.46,0.01,0.01,72714.99
1775889302.541,2.541,0.53,0.54,0.46,0.47,0.01,0.01,72715.1
1775889302.875,2.875,0.53,0.54,0.46,0.47,0.01,0.01,72715.08
1775889303.393,3.393,0.52,0.53,0.47,0.48,0.01,0.01,72715.08
1775889303.903,3.903,0.52,0.53,0.47,0.48,0.01,0.01,72714.88
1775889304.606,4.606,0.52,0.53,0.47,0.48,0.01,0.01,72714.88
1775889305.097,5.097,0.52,0.53,0.47,0.48,0.01,0.01,72714.88
1775889305.482,5.482,0.52,0.53,0.47,0.48,0.01,0.01,72714.88
1775889305.912,5.912,0.52,0.53,0.47,0.48,0.01,0.01,72715.09
1775889306.469,6.469,0.52,0.53,0.47,0.48,0.01,0.01,72715.09
1775889306.926,6.926,0.52,0.53,0.47,0.48,0.01,0.01,72715.09
1775889307.303,7.303,0.52,0.53,0.47,0.48,0.01,0.01,72715.09
1775889307.744,7.744,0.52,0.53,0.47,0.48,0.01,0.01,72715.09
1775889308.291,8.291,0.52,0.53,0.47,0.48,0.01,0.01,72715.09
1775889308.662,8.662,0.58,0.6,0.4,0.42,0.02,0.02,72714.95
1775889309.017,9.017,0.6,0.61,0.39,0.4,0.01,0.01,72715.14
1775889309.372,9.372,0.61,0.62,0.38,0.39,0.01,0.01,72715.14
1775889309.838,9.838,0.61,0.63,0.38,0.39,0.02,0.01,72715.14
1775889310.214,10.214,0.62,0.63,0.37,0.38,0.01,0.01,72717.65
1775889310.599,10.599,0.62,0.63,0.37,0.38,0.01,0.01,72717.65
1775889310.948,10.948,0.62,0.63,0.37,0.38,0.01,0.01,72717.65
1775889311.309,11.309,0.62,0.63,0.37,0.38,0.01,0.01,72717.65
1775889311.762,11.762,0.62,0.63,0.37,0.38,0.01,0.01,72722.36
1775889312.318,12.318,0.62,0.63,0.37,0.38,0.01,0.01,72723.31
1775889312.75,12.75,0.62,0.63,0.37,0.38,0.01,0.01,72723.31
1775889313.14,13.14,0.62,0.63,0.37,0.38,0.01,0.01,72723.02
1775889313.504,13.504,0.62,0.63,0.37,0.38,0.01,0.01,72723.02
1775889314.351,14.351,0.62,0.64,0.37,0.38,0.02,0.01,72723.02
1775889314.69,14.69,0.67,0.68,0.32,0.33,0.01,0.01,72723.02
1775889315.122,15.122,0.69,0.71,0.3,0.32,0.02,0.02,72723.1
1775889315.473,15.473,0.7,0.71,0.29,0.3,0.01,0.01,72723.1
1775889315.924,15.924,0.7,0.71,0.29,0.3,0.01,0.01,72726.12
1775889316.379,16.379,0.7,0.71,0.29,0.3,0.01,0.01,72726.12
1775889316.761,16.761,0.7,0.71,0.29,0.3,0.01,0.01,72726.12
1775889317.224,17.224,0.71,0.72,0.29,0.3,0.01,0.01,72729.84
1775889317.884,17.884,0.71,0.72,0.28,0.29,0.01,0.01,72730.88
1775889318.348,18.348,0.71,0.72,0.28,0.29,0.01,0.01,72730.88
1775889318.757,18.757,0.71,0.73,0.28,0.29,0.02,0.01,72730.88
1775889319.109,19.109,0.72,0.73,0.27,0.28,0.01,0.01,72730.45
1775889319.655,19.655,0.72,0.73,0.27,0.28,0.01,0.01,72730.45
1775889320.01,20.01,0.72,0.73,0.27,0.28,0.01,0.01,72730.77
1775889320.476,20.476,0.72,0.73,0.27,0.28,0.01,0.01,72730.77
1775889321.586,21.586,0.72,0.73,0.27,0.28,0.01,0.01,72731.23
1775889321.962,21.962,0.72,0.73,0.27,0.28,0.01,0.01,72731.23
1775889322.793,22.793,0.72,0.73,0.27,0.28,0.01,0.01,72731.27
1775889323.149,23.149,0.72,0.73,0.27,0.28,0.01,0.01,72731.27
1775889323.691,23.691,0.71,0.73,0.27,0.28,0.02,0.01,72731.27
1775889324.148,24.148,0.7,0.71,0.29,0.3,0.01,0.01,72731.37
1775889324.803,24.803,0.7,0.71,0.29,0.3,0.01,0.01,72731.72
1775889325.271,25.271,0.7,0.71,0.29,0.3,0.01,0.01,72731.72
1775889325.706,25.706,0.7,0.71,0.29,0.3,0.01,0.01,72731.78
1775889326.257,26.257,0.7,0.71,0.29,0.3,0.01,0.01,72731.78
1775889326.877,26.877,0.69,0.7,0.29,0.31,0.01,0.02,72731.23
1775889327.228,27.228,0.69,0.7,0.3,0.31,0.01,0.01,72730.68
1775889327.678,27.678,0.69,0.7,0.3,0.31,0.01,0.01,72730.68
1775889328.046,28.046,0.69,0.7,0.3,0.31,0.01,0.01,72730.68
1775889328.416,28.416,0.73,0.74,0.26,0.28,0.01,0.02,72730.68
1775889328.791,28.791,0.75,0.76,0.24,0.25,0.01,0.01,72731.63
1775889329.162,29.162,0.75,0.76,0.24,0.25,0.01,0.01,72731.63
1775889329.524,29.524,0.75,0.77,0.24,0.25,0.02,0.01,72731.28
1775889329.988,29.988,0.76,0.77,0.23,0.24,0.01,0.01,72731.28
1775889330.36,30.36,0.76,0.77,0.23,0.24,0.01,0.01,72731.28
1775889330.835,30.835,0.76,0.77,0.23,0.24,0.01,0.01,72738.37
1775889331.18,31.18,0.77,0.78,0.22,0.23,0.01,0.01,72738.37
1775889331.651,31.651,0.77,0.78,0.22,0.23,0.01,0.01,72738.97
1775889332.138,32.138,0.77,0.78,0.22,0.23,0.01,0.01,72738.97
1775889332.773,32.773,0.77,0.78,0.22,0.23,0.01,0.01,72739.78
1775889333.133,33.133,0.77,0.78,0.22,0.23,0.01,0.01,72739.78
1775889333.602,33.602,0.77,0.78,0.22,0.23,0.01,0.01,72739.78
1775889333.95,33.95,0.77,0.78,0.22,0.23,0.01,0.01,72739.78
1775889334.512,34.512,0.78,0.79,0.21,0.22,0.01,0.01,72739.89
1775889335.177,35.177,0.78,0.79,0.21,0.22,0.01,0.01,72739.89
1775889335.883,35.883,0.78,0.79,0.21,0.22,0.01,0.01,72740.18
1775889336.332,36.332,0.77,0.78,0.21,0.23,0.01,0.02,72740.18
1775889337.643,37.643,0.77,0.78,0.21,0.22,0.01,0.01,72739.9
1775889337.977,37.977,0.77,0.78,0.22,0.23,0.01,0.01,72739.9
1775889338.87,38.87,0.77,0.79,0.22,0.23,0.02,0.01,72739.88
1775889339.853,39.853,0.78,0.79,0.21,0.23,0.01,0.02,72739.85
1775889340.192,40.192,0.77,0.78,0.22,0.23,0.01,0.01,72739.85
1775889340.65,40.65,0.77,0.78,0.21,0.22,0.01,0.01,72739.85
1775889341.012,41.012,0.78,0.79,0.21,0.22,0.01,0.01,72739.85
1775889341.346,41.346,0.78,0.79,0.21,0.22,0.01,0.01,72739.85
1775889341.853,41.853,0.78,0.79,0.21,0.22,0.01,0.01,72739.85
1775889343.661,43.661,0.78,0.79,0.21,0.22,0.01,0.01,72740.14
1775889344.98,44.98,0.75,0.77,0.21,0.25,0.02,0.04,72740.1
1775889345.479,45.479,0.76,0.77,0.23,0.25,0.01,0.02,72740.2
1775889345.898,45.898,0.76,0.77,0.23,0.24,0.01,0.01,72740.2
1775889346.29,46.29,0.76,0.77,0.23,0.24,0.01,0.01,72740.84
1775889346.791,46.791,0.76,0.77,0.23,0.24,0.01,0.01,72740.84
1775889347.172,47.172,0.76,0.77,0.23,0.24,0.01,0.01,72740.84
1775889348.367,48.367,0.76,0.77,0.23,0.24,0.01,0.01,72740.84
1775889348.722,48.722,0.78,0.79,0.21,0.23,0.01,0.02,72740.84
1775889349.225,49.225,0.78,0.79,0.21,0.22,0.01,0.01,72740.63
1775889349.727,49.727,0.78,0.79,0.21,0.22,0.01,0.01,72740.63
1775889351.539,51.539,0.78,0.79,0.21,0.22,0.01,0.01,72741.32
1775889352.009,52.009,0.28,0.79,0.21,0.22,0.51,0.01,72741.32
1775889352.348,52.348,0.74,0.75,0.25,0.26,0.01,0.01,72741.43
1775889352.682,52.682,0.74,0.75,0.25,0.26,0.01,0.01,72741.43
1775889353.194,53.194,0.74,0.75,0.25,0.26,0.01,0.01,72741.43
1775889353.651,53.651,0.74,0.75,0.25,0.26,0.01,0.01,72741.21
1775889354.332,54.332,0.74,0.75,0.25,0.26,0.01,0.01,72741.21
1775889354.923,54.923,0.74,0.75,0.25,0.26,0.01,0.01,72741.21
1775889355.768,55.768,0.74,0.75,0.25,0.26,0.01,0.01,72741.36
1775889356.383,56.383,0.74,0.75,0.25,0.26,0.01,0.01,72741.42
1775889356.959,56.959,0.74,0.75,0.25,0.26,0.01,0.01,72741.42
1775889357.417,57.417,0.74,0.75,0.25,0.26,0.01,0.01,72741.4
1775889358.346,58.346,0.74,0.75,0.25,0.26,0.01,0.01,72741.4
1775889359.233,59.233,0.74,0.75,0.25,0.26,0.01,0.01,72741.44
1775889359.656,59.656,0.74,0.75,0.25,0.26,0.01,0.01,72741.44
1775889360.189,60.189,0.74,0.75,0.25,0.26,0.01,0.01,72741.46
1775889360.639,60.639,0.74,0.75,0.25,0.26,0.01,0.01,72741.46
1775889361.086,61.086,0.73,0.75,0.25,0.26,0.02,0.01,72741.46
1775889361.434,61.434,0.73,0.75,0.26,0.27,0.02,0.01,72741.46
1775889362.075,62.075,0.75,0.76,0.24,0.25,0.01,0.01,72741.46
1775889362.618,62.618,0.74,0.75,0.25,0.26,0.01,0.01,72741.45
1775889363.052,63.052,0.73,0.74,0.26,0.27,0.01,0.01,72741.45
1775889363.545,63.545,0.73,0.74,0.26,0.27,0.01,0.01,72741.35
1775889364.274,64.274,0.73,0.74,0.26,0.27,0.01,0.01,72740.76
1775889365.096,65.096,0.73,0.74,0.26,0.27,0.01,0.01,72740.76
1775889365.591,65.591,0.73,0.74,0.26,0.27,0.01,0.01,72740.25
1775889366.661,66.661,0.73,0.74,0.26,0.27,0.01,0.01,72740.17
1775889367.434,67.434,0.73,0.74,0.26,0.27,0.01,0.01,72740.18
1775889368.624,68.624,0.72,0.73,0.26,0.27,0.01,0.01,72740.18
1775889368.971,68.971,0.71,0.73,0.27,0.29,0.02,0.02,72739.67
1775889369.368,69.368,0.66,0.67,0.32,0.35,0.01,0.03,72739.67
1775889369.707,69.707,0.66,0.67,0.33,0.34,0.01,0.01,72739.67
1775889370.072,70.072,0.66,0.67,0.33,0.34,0.01,0.01,72739.67
1775889370.43,70.43,0.64,0.65,0.34,0.36,0.01,0.02,72740.06
1775889371.046,71.046,0.64,0.65,0.35,0.36,0.01,0.01,72740.06
1775889371.497,71.497,0.64,0.65,0.35,0.36,0.01,0.01,72740.06
1775889372.075,72.075,0.65,0.66,0.35,0.36,0.01,0.01,72738.96
1775889372.792,72.792,0.65,0.66,0.34,0.35,0.01,0.01,72738.53
1775889373.311,73.311,0.65,0.66,0.34,0.35,0.01,0.01,72738.53
1775889373.716,73.716,0.65,0.66,0.34,0.35,0.01,0.01,72738.26
1775889374.141,74.141,0.65,0.66,0.34,0.35,0.01,0.01,72738.26
1775889374.516,74.516,0.65,0.66,0.34,0.35,0.01,0.01,72738.26
1775889374.961,74.961,0.62,0.64,0.34,0.35,0.02,0.01,72738.26
1775889375.407,75.407,0.6,0.61,0.39,0.4,0.01,0.01,72738.26
1775889376.116,76.116,0.6,0.61,0.38,0.4,0.01,0.02,72738.26
1775889376.498,76.498,0.57,0.59,0.4,0.42,0.02,0.02,72738.51
1775889376.847,76.847,0.54,0.55,0.45,0.46,0.01,0.01,72738.51
1775889377.417,77.417,0.55,0.57,0.44,0.45,0.02,0.01,72738.22
1775889377.774,77.774,0.55,0.56,0.44,0.45,0.01,0.01,72738.22
1775889378.268,78.268,0.56,0.57,0.43,0.44,0.01,0.01,72737.87
1775889378.744,78.744,0.57,0.58,0.42,0.44,0.01,0.02,72737.87
1775889379.114,79.114,0.55,0.56,0.44,0.45,0.01,0.01,72737.87
1775889379.5,79.5,0.56,0.57,0.43,0.44,0.01,0.01,72738.01
1775889379.84,79.84,0.55,0.56,0.43,0.45,0.01,0.02,72738.01
1775889380.247,80.247,0.55,0.56,0.44,0.45,0.01,0.01,72738.18
1775889380.678,80.678,0.55,0.56,0.44,0.45,0.01,0.01,72738.18
1775889381.011,81.011,0.55,0.56,0.44,0.45,0.01,0.01,72738.18
1775889381.467,81.467,0.55,0.56,0.44,0.45,0.01,0.01,72737.81
1775889381.801,81.801,0.56,0.57,0.43,0.45,0.01,0.02,72737.81
1775889382.572,82.572,0.56,0.58,0.43,0.44,0.02,0.01,72737.49
1775889383.562,83.562,0.57,0.59,0.42,0.44,0.02,0.02,72737.49
1775889384.041,84.041,0.57,0.58,0.42,0.43,0.01,0.01,72737.78
1775889384.499,84.499,0.57,0.58,0.42,0.43,0.01,0.01,72737.81
1775889384.897,84.897,0.58,0.59,0.41,0.42,0.01,0.01,72737.81
1775889385.348,85.348,0.56,0.57,0.43,0.44,0.01,0.01,72737.8
1775889385.693,85.693,0.57,0.58,0.43,0.44,0.01,0.01,72737.8
1775889386.054,86.054,0.53,0.55,0.46,0.47,0.02,0.01,72737.8
1775889386.394,86.394,0.54,0.55,0.45,0.46,0.01,0.01,72737.8
1775889386.73,86.73,0.4,0.41,0.59,0.6,0.01,0.01,72737.8
1775889387.107,87.107,0.48,0.5,0.48,0.55,0.02,0.07,72737.8
1775889387.639,87.639,0.54,0.55,0.45,0.46,0.01,0.01,72738.11
1775889387.984,87.984,0.54,0.55,0.46,0.47,0.01,0.01,72738.11
1775889388.392,88.392,0.55,0.56,0.44,0.45,0.01,0.01,72737.98
1775889388.748,88.748,0.51,0.52,0.48,0.49,0.01,0.01,72737.98
1775889389.089,89.089,0.53,0.54,0.46,0.47,0.01,0.01,72737.98
1775889389.522,89.522,0.53,0.54,0.46,0.47,0.01,0.01,72737.88
1775889390.025,90.025,0.58,0.64,0.41,0.44,0.06,0.03,72737.88
1775889390.41,90.41,0.63,0.64,0.36,0.37,0.01,0.01,72737.87
1775889390.758,90.758,0.63,0.64,0.36,0.37,0.01,0.01,72737.87
1775889391.319,91.319,0.63,0.64,0.36,0.37,0.01,0.01,72737.89
1775889392.005,92.005,0.63,0.64,0.36,0.37,0.01,0.01,72737.89
1775889392.347,92.347,0.63,0.64,0.36,0.37,0.01,0.01,72737.89
1775889392.741,92.741,0.63,0.64,0.36,0.37,0.01,0.01,72737.89
1775889393.415,93.415,0.64,0.65,0.35,0.37,0.01,0.02,72737.97
1775889393.805,93.805,0.65,0.66,0.34,0.35,0.01,0.01,72737.97
1775889394.143,94.143,0.64,0.65,0.34,0.35,0.01,0.01,72737.99
1775889394.724,94.724,0.64,0.65,0.35,0.36,0.01,0.01,72737.99
1775889395.111,95.111,0.64,0.65,0.35,0.36,0.01,0.01,72738.25
1775889395.52,95.52,0.64,0.65,0.35,0.36,0.01,0.01,72738.25
1775889396.318,96.318,0.64,0.65,0.35,0.36,0.01,0.01,72738.25
1775889396.684,96.684,0.64,0.65,0.35,0.36,0.01,0.01,72737.98
1775889397.121,97.121,0.64,0.65,0.35,0.36,0.01,0.01,72737.98
1775889397.514,97.514,0.63,0.65,0.35,0.36,0.02,0.01,72737.98
1775889398.462,98.462,0.62,0.63,0.37,0.38,0.01,0.01,72738.25
1775889398.813,98.813,0.62,0.63,0.37,0.38,0.01,0.01,72738.25
1775889399.467,99.467,0.6,0.61,0.37,0.39,0.01,0.02,72738.22
1775889399.954,99.954,0.61,0.62,0.39,0.4,0.01,0.01,72738.22
1775889400.378,100.378,0.62,0.63,0.37,0.38,0.01,0.01,72738.22
1775889400.746,100.746,0.62,0.64,0.37,0.38,0.02,0.01,72737.95
1775889401.104,101.104,0.63,0.66,0.36,0.37,0.03,0.01,72737.95
1775889401.905,101.905,0.63,0.64,0.34,0.37,0.01,0.03,72737.95
1775889402.33,102.33,0.64,0.65,0.35,0.36,0.01,0.01,72737.95
1775889402.668,102.668,0.64,0.66,0.34,0.36,0.02,0.02,72737.95
1775889403.443,103.443,0.64,0.65,0.34,0.36,0.01,0.02,72738.22
1775889403.778,103.778,0.64,0.65,0.35,0.36,0.01,0.01,72738.22
1775889404.167,104.167,0.66,0.67,0.33,0.36,0.01,0.03,72738.22
1775889404.532,104.532,0.66,0.67,0.33,0.34,0.01,0.01,72737.96
1775889405.633,105.633,0.66,0.67,0.33,0.34,0.01,0.01,72737.96
1775889406.019,106.019,0.66,0.67,0.33,0.34,0.01,0.01,72737.96
1775889406.667,106.667,0.66,0.67,0.33,0.34,0.01,0.01,72737.95
1775889407.202,107.202,0.66,0.67,0.33,0.34,0.01,0.01,72737.95
1775889407.695,107.695,0.66,0.67,0.33,0.34,0.01,0.01,72738.22
1775889408.047,108.047,0.66,0.67,0.33,0.34,0.01,0.01,72738.22
1775889408.731,108.731,0.67,0.68,0.32,0.34,0.01,0.02,72738.19
1775889409.125,109.125,0.67,0.68,0.32,0.33,0.01,0.01,72738.19
1775889409.718,109.718,0.67,0.69,0.32,0.33,0.02,0.01,72738.19
1775889410.06,110.06,0.68,0.69,0.31,0.32,0.01,0.01,72738.19
1775889410.628,110.628,0.68,0.69,0.31,0.32,0.01,0.01,72737.96
1775889411.102,111.102,0.68,0.69,0.31,0.32,0.01,0.01,72737.96
1775889411.795,111.795,0.69,0.7,0.3,0.31,0.01,0.01,72737.96
1775889412.254,112.254,0.69,0.7,0.3,0.31,0.01,0.01,72737.96
1775889413.429,113.429,0.69,0.7,0.3,0.31,0.01,0.01,72737.96
1775889413.857,113.857,0.69,0.7,0.3,0.31,0.01,0.01,72738.21
1775889414.529,114.529,0.69,0.7,0.3,0.31,0.01,0.01,72738.21
1775889415.215,115.215,0.69,0.7,0.3,0.31,0.01,0.01,72737.92
1775889415.957,115.957,0.69,0.7,0.3,0.31,0.01,0.01,72737.96
1775889416.317,116.317,0.69,0.7,0.3,0.31,0.01,0.01,72737.96
1775889417.257,117.257,0.68,0.69,0.3,0.32,0.01,0.02,72737.96
1775889418.138,118.138,0.68,0.69,0.31,0.33,0.01,0.02,72738.23
1775889418.58,118.58,0.69,0.7,0.3,0.31,0.01,0.01,72737.94
1775889419.0,119.0,0.69,0.7,0.3,0.31,0.01,0.01,72737.94
1775889419.465,119.465,0.68,0.7,0.3,0.31,0.02,0.01,72737.96
1775889419.983,119.983,0.69,0.7,0.3,0.31,0.01,0.01,72737.96
1775889420.318,120.318,0.68,0.7,0.31,0.32,0.02,0.01,72737.96
1775889420.671,120.671,0.69,0.7,0.3,0.31,0.01,0.01,72737.96
1775889421.052,121.052,0.69,0.7,0.3,0.31,0.01,0.01,72738.23
1775889421.474,121.474,0.69,0.7,0.3,0.31,0.01,0.01,72738.23
1775889421.821,121.821,0.69,0.7,0.3,0.31,0.01,0.01,72738.23
1775889422.549,122.549,0.7,0.71,0.3,0.31,0.01,0.01,72738.21
1775889422.901,122.901,0.69,0.7,0.29,0.31,0.01,0.02,72737.92
1775889423.27,123.27,0.7,0.71,0.3,0.31,0.01,0.01,72737.92
1775889423.961,123.961,0.7,0.71,0.29,0.3,0.01,0.01,72737.92
1775889424.32,124.32,0.7,0.71,0.29,0.3,0.01,0.01,72737.92
1775889425.001,125.001,0.73,0.74,0.26,0.27,0.01,0.01,72737.92
1775889425.409,125.409,0.72,0.74,0.26,0.27,0.02,0.01,72738.02
1775889425.745,125.745,0.72,0.73,0.27,0.28,0.01,0.01,72738.02
1775889426.36,126.36,0.73,0.74,0.27,0.28,0.01,0.01,72738.02
1775889426.702,126.702,0.72,0.74,0.27,0.28,0.02,0.01,72738.02
1775889427.171,127.171,0.72,0.73,0.26,0.27,0.01,0.01,72738.02
1775889428.042,128.042,0.73,0.74,0.26,0.27,0.01,0.01,72737.95
1775889428.375,128.375,0.73,0.74,0.26,0.27,0.01,0.01,72737.95
1775889429.142,129.142,0.73,0.74,0.26,0.27,0.01,0.01,72737.93
1775889429.961,129.961,0.73,0.75,0.26,0.27,0.02,0.01,72738.17
1775889430.769,130.769,0.74,0.76,0.25,0.26,0.02,0.01,72737.9
1775889431.464,131.464,0.75,0.76,0.24,0.26,0.01,0.02,72737.89
1775889431.831,131.831,0.75,0.76,0.24,0.25,0.01,0.01,72737.89
1775889432.442,132.442,0.75,0.76,0.24,0.25,0.01,0.01,72737.89
1775889432.894,132.894,0.75,0.76,0.24,0.25,0.01,0.01,72737.89
1775889433.34,133.34,0.75,0.76,0.24,0.25,0.01,0.01,72737.91
1775889433.719,133.719,0.75,0.76,0.24,0.25,0.01,0.01,72737.91
1775889434.319,134.319,0.75,0.76,0.24,0.25,0.01,0.01,72738.18
1775889434.701,134.701,0.75,0.76,0.24,0.25,0.01,0.01,72738.18
1775889435.305,135.305,0.74,0.75,0.25,0.26,0.01,0.01,72737.91
1775889435.726,135.726,0.74,0.75,0.25,0.26,0.01,0.01,72737.91
1775889436.764,136.764,0.74,0.75,0.25,0.26,0.01,0.01,72738.18
1775889437.179,137.179,0.74,0.75,0.25,0.26,0.01,0.01,72737.91
1775889437.939,137.939,0.74,0.76,0.25,0.26,0.02,0.01,72737.91
1775889438.544,138.544,0.74,0.75,0.24,0.26,0.01,0.02,72737.91
1775889439.056,139.056,0.74,0.75,0.25,0.26,0.01,0.01,72737.91
1775889439.443,139.443,0.74,0.75,0.25,0.26,0.01,0.01,72737.91
1775889440.039,140.039,0.74,0.75,0.25,0.26,0.01,0.01,72737.91
1775889440.553,140.553,0.73,0.74,0.26,0.27,0.01,0.01,72738.19
1775889441.465,141.465,0.73,0.74,0.26,0.27,0.01,0.01,72738.19
1775889442.085,142.085,0.73,0.74,0.26,0.27,0.01,0.01,72738.19
1775889442.513,142.513,0.73,0.74,0.26,0.27,0.01,0.01,72738.19
1775889442.889,142.889,0.73,0.74,0.26,0.27,0.01,0.01,72738.19
1775889443.239,143.239,0.73,0.74,0.26,0.27,0.01,0.01,72738.19
1775889443.911,143.911,0.73,0.74,0.26,0.27,0.01,0.01,72738.19
1775889444.322,144.322,0.73,0.74,0.26,0.27,0.01,0.01,72738.19
1775889444.67,144.67,0.73,0.74,0.26,0.27,0.01,0.01,72738.19
1775889445.053,145.053,0.73,0.74,0.26,0.27,0.01,0.01,72738.19
1775889445.475,145.475,0.73,0.74,0.26,0.27,0.01,0.01,72738.22
1775889445.899,145.899,0.73,0.74,0.26,0.27,0.01,0.01,72738.22
1775889446.329,146.329,0.73,0.74,0.26,0.27,0.01,0.01,72738.22
1775889447.131,147.131,0.73,0.74,0.26,0.27,0.01,0.01,72738.22
1775889447.966,147.966,0.73,0.74,0.26,0.27,0.01,0.01,72738.22
1775889448.594,148.594,0.73,0.74,0.26,0.27,0.01,0.01,72737.96
1775889449.001,149.001,0.73,0.74,0.26,0.27,0.01,0.01,72737.96
1775889449.853,149.853,0.73,0.74,0.26,0.27,0.01,0.01,72737.96
1775889450.231,150.231,0.73,0.74,0.26,0.27,0.01,0.01,72737.98
1775889450.591,150.591,0.73,0.74,0.26,0.27,0.01,0.01,72737.98
1775889450.987,150.987,0.73,0.74,0.26,0.27,0.01,0.01,72738.28
1775889451.454,151.454,0.73,0.74,0.26,0.27,0.01,0.01,72738.28
1775889452.112,152.112,0.72,0.74,0.26,0.27,0.02,0.01,72738.27
1775889452.874,152.874,0.73,0.74,0.26,0.27,0.01,0.01,72738.27
1775889453.371,153.371,0.73,0.74,0.26,0.27,0.01,0.01,72738.0
1775889454.239,154.239,0.73,0.74,0.26,0.27,0.01,0.01,72738.0
1775889454.771,154.771,0.73,0.74,0.26,0.27,0.01,0.01,72738.3
1775889455.188,155.188,0.65,0.66,0.26,0.94,0.01,0.68,72738.3
1775889455.528,155.528,0.62,0.67,0.33,0.38,0.05,0.05,72738.3
1775889455.889,155.889,0.62,0.63,0.37,0.38,0.01,0.01,72738.3
1775889456.239,156.239,0.6,0.61,0.39,0.4,0.01,0.01,72738.3
1775889456.576,156.576,0.47,0.48,0.52,0.54,0.01,0.02,72738.3
1775889456.928,156.928,0.48,0.49,0.51,0.52,0.01,0.01,72738.3
1775889457.274,157.274,0.5,0.51,0.49,0.5,0.01,0.01,72738.09
1775889457.628,157.628,0.51,0.52,0.48,0.49,0.01,0.01,72738.09
1775889457.977,157.977,0.51,0.53,0.48,0.49,0.02,0.01,72738.09
1775889458.429,158.429,0.52,0.53,0.47,0.48,0.01,0.01,72738.09
1775889458.763,158.763,0.52,0.53,0.47,0.48,0.01,0.01,72738.09
1775889459.143,159.143,0.52,0.53,0.47,0.48,0.01,0.01,72738.09
1775889459.727,159.727,0.53,0.54,0.47,0.48,0.01,0.01,72738.09
1775889460.098,160.098,0.53,0.54,0.46,0.47,0.01,0.01,72738.09
1775889460.584,160.584,0.54,0.57,0.46,0.47,0.03,0.01,72737.79
1775889460.936,160.936,0.57,0.59,0.42,0.43,0.02,0.01,72737.79
1775889461.537,161.537,0.61,0.64,0.39,0.42,0.03,0.03,72738.09
1775889461.979,161.979,0.68,0.7,0.33,0.35,0.02,0.02,72738.1
1775889462.375,162.375,0.69,0.73,0.26,0.31,0.04,0.05,72738.1
1775889462.757,162.757,0.73,0.74,0.26,0.27,0.01,0.01,72738.1
1775889463.214,163.214,0.73,0.74,0.26,0.27,0.01,0.01,72738.1
1775889463.588,163.588,0.73,0.74,0.26,0.27,0.01,0.01,72739.65
1775889463.938,163.938,0.73,0.74,0.26,0.27,0.01,0.01,72739.65
1775889464.335,164.335,0.73,0.74,0.26,0.27,0.01,0.01,72739.65
1775889464.683,164.683,0.73,0.74,0.26,0.27,0.01,0.01,72742.08
1775889465.038,165.038,0.73,0.74,0.26,0.27,0.01,0.01,72743.28
1775889465.392,165.392,0.73,0.74,0.26,0.27,0.01,0.01,72743.28
1775889465.751,165.751,0.73,0.74,0.26,0.27,0.01,0.01,72743.28
1775889466.247,166.247,0.73,0.74,0.26,0.27,0.01,0.01,72745.6
1775889466.613,166.613,0.73,0.74,0.26,0.27,0.01,0.01,72745.6
1775889467.06,167.06,0.73,0.74,0.26,0.27,0.01,0.01,72745.6
1775889467.418,167.418,0.73,0.74,0.26,0.27,0.01,0.01,72746.22
1775889467.822,167.822,0.73,0.74,0.26,0.3,0.01,0.04,72746.22
1775889468.302,168.302,0.72,0.73,0.27,0.28,0.01,0.01,72745.99
1775889468.659,168.659,0.72,0.73,0.27,0.28,0.01,0.01,72745.99
1775889469.076,169.076,0.72,0.73,0.27,0.28,0.01,0.01,72745.99
1775889469.436,169.436,0.72,0.73,0.27,0.28,0.01,0.01,72746.03
1775889469.779,169.779,0.73,0.74,0.26,0.27,0.01,0.01,72746.03
1775889470.129,170.129,0.74,0.75,0.25,0.27,0.01,0.02,72746.03
1775889470.473,170.473,0.75,0.76,0.24,0.25,0.01,0.01,72746.03
1775889470.838,170.838,0.76,0.77,0.23,0.24,0.01,0.01,72746.4
1775889471.193,171.193,0.76,0.77,0.23,0.24,0.01,0.01,72748.01
1775889471.528,171.528,0.76,0.77,0.23,0.24,0.01,0.01,72748.01
1775889471.88,171.88,0.76,0.77,0.23,0.24,0.01,0.01,72748.01
1775889472.213,172.213,0.77,0.78,0.23,0.24,0.01,0.01,72755.07
1775889472.603,172.603,0.77,0.78,0.22,0.23,0.01,0.01,72755.07
1775889473.151,173.151,0.78,0.79,0.22,0.23,0.01,0.01,72755.07
1775889473.531,173.531,0.8,0.81,0.19,0.2,0.01,0.01,72756.52
1775889473.919,173.919,0.8,0.81,0.19,0.2,0.01,0.01,72756.52
1775889474.307,174.307,0.81,0.82,0.18,0.19,0.01,0.01,72756.52
1775889474.681,174.681,0.82,0.83,0.17,0.18,0.01,0.01,72756.52
1775889475.078,175.078,0.82,0.83,0.17,0.18,0.01,0.01,72756.52
1775889475.421,175.421,0.82,0.83,0.17,0.18,0.01,0.01,72757.08
1775889475.906,175.906,0.82,0.83,0.17,0.18,0.01,0.01,72757.08
1775889476.26,176.26,0.83,0.97,0.16,0.17,0.14,0.01,72758.99
1775889476.604,176.604,0.84,0.85,0.15,0.16,0.01,0.01,72758.99
1775889477.016,177.016,0.96,0.97,0.03,0.04,0.01,0.01,72758.99
1775889477.351,177.351,0.95,0.96,0.04,0.05,0.01,0.01,72759.42
1775889477.696,177.696,0.95,0.96,0.04,0.05,0.01,0.01,72759.42
1775889478.139,178.139,0.95,0.96,0.04,0.05,0.01,0.01,72759.43
1775889478.494,178.494,0.95,0.96,0.04,0.05,0.01,0.01,72759.43
1775889478.914,178.914,0.95,0.96,0.04,0.05,0.01,0.01,72759.84
1775889479.457,179.457,0.95,0.96,0.04,0.05,0.01,0.01,72759.84
1775889479.79,179.79,0.91,0.95,0.05,0.09,0.04,0.04,72759.84
1775889480.149,180.149,0.91,0.93,0.08,0.09,0.02,0.01,72759.71
1775889480.483,180.483,0.9,0.91,0.09,0.1,0.01,0.01,72759.71
1775889480.856,180.856,0.9,0.91,0.09,0.1,0.01,0.01,72759.71
1775889481.192,181.192,0.89,0.9,0.1,0.11,0.01,0.01,72759.71
1775889481.557,181.557,0.89,0.9,0.1,0.11,0.01,0.01,72759.43
1775889481.916,181.916,0.9,0.91,0.09,0.11,0.01,0.02,72759.43
1775889482.314,182.314,0.9,0.91,0.09,0.1,0.01,0.01,72759.42
1775889482.684,182.684,0.91,0.92,0.08,0.09,0.01,0.01,72759.42
1775889483.076,183.076,0.9,0.91,0.09,0.1,0.01,0.01,72759.42
1775889483.431,183.431,0.9,0.91,0.09,0.1,0.01,0.01,72759.41
1775889483.836,183.836,0.9,0.91,0.09,0.1,0.01,0.01,72759.41
1775889484.228,184.228,0.9,0.92,0.09,0.1,0.02,0.01,72759.59
1775889484.829,184.829,0.91,0.92,0.08,0.09,0.01,0.01,72759.59
1775889485.355,185.355,0.91,0.92,0.08,0.09,0.01,0.01,72761.11
1775889485.692,185.692,0.88,0.92,0.08,0.09,0.04,0.01,72761.11
1775889486.069,186.069,0.88,0.89,0.11,0.12,0.01,0.01,72761.29
1775889486.437,186.437,0.88,0.89,0.11,0.12,0.01,0.01,72761.29
1775889486.897,186.897,0.88,0.89,0.11,0.12,0.01,0.01,72761.29
1775889487.238,187.238,0.89,0.9,0.1,0.12,0.01,0.02,72761.29
1775889487.754,187.754,0.89,0.9,0.1,0.11,0.01,0.01,72761.29
1775889488.116,188.116,0.9,0.91,0.09,0.1,0.01,0.01,72761.34
1775889488.483,188.483,0.9,0.91,0.09,0.1,0.01,0.01,72761.34
1775889488.871,188.871,0.83,0.93,0.07,0.08,0.1,0.01,72761.34
1775889489.229,189.229,0.89,0.9,0.07,0.08,0.01,0.01,72761.34
1775889489.609,189.609,0.89,0.9,0.1,0.11,0.01,0.01,72761.27
1775889489.944,189.944,0.89,0.9,0.1,0.11,0.01,0.01,72761.27
1775889490.288,190.288,0.84,0.85,0.15,0.16,0.01,0.01,72761.27
1775889490.645,190.645,0.85,0.86,0.14,0.15,0.01,0.01,72761.27
1775889491.149,191.149,0.85,0.86,0.14,0.15,0.01,0.01,72761.74
1775889491.584,191.584,0.86,0.87,0.13,0.14,0.01,0.01,72761.74
1775889491.929,191.929,0.86,0.87,0.13,0.14,0.01,0.01,72761.74
1775889492.281,192.281,0.86,0.87,0.13,0.14,0.01,0.01,72762.62
1775889492.643,192.643,0.86,0.87,0.13,0.14,0.01,0.01,72762.62
1775889493.035,193.035,0.87,0.88,0.12,0.14,0.01,0.02,72762.62
1775889493.534,193.534,0.87,0.88,0.12,0.13,0.01,0.01,72763.02
1775889494.25,194.25,0.86,0.88,0.12,0.13,0.02,0.01,72763.1
1775889494.59,194.59,0.87,0.89,0.12,0.13,0.02,0.01,72763.1
1775889495.041,195.041,0.88,0.89,0.11,0.12,0.01,0.01,72763.1
1775889495.496,195.496,0.89,0.9,0.1,0.12,0.01,0.02,72763.1
1775889495.93,195.93,0.88,0.89,0.1,0.12,0.01,0.02,72763.1
1775889496.515,196.515,0.89,0.9,0.1,0.11,0.01,0.01,72763.39
1775889497.497,197.497,0.89,0.9,0.1,0.11,0.01,0.01,72763.39
1775889498.204,198.204,0.89,0.9,0.1,0.11,0.01,0.01,72764.0
1775889498.614,198.614,0.88,0.89,0.1,0.12,0.01,0.02,72763.73
1775889499.24,199.24,0.88,0.89,0.11,0.12,0.01,0.01,72763.73
1775889499.617,199.617,0.88,0.89,0.11,0.12,0.01,0.01,72764.08
1775889499.956,199.956,0.88,0.89,0.11,0.12,0.01,0.01,72764.63
1775889500.469,200.469,0.88,0.89,0.11,0.12,0.01,0.01,72764.63
1775889501.037,201.037,0.88,0.89,0.11,0.12,0.01,0.01,72764.63
1775889501.379,201.379,0.87,0.88,0.11,0.13,0.01,0.02,72765.26
1775889502.288,202.288,0.87,0.89,0.12,0.13,0.02,0.01,72765.26
1775889502.649,202.649,0.87,0.89,0.11,0.12,0.02,0.01,72765.42
1775889503.064,203.064,0.88,0.89,0.11,0.12,0.01,0.01,72765.6
1775889503.565,203.565,0.87,0.88,0.12,0.13,0.01,0.01,72765.6
1775889503.925,203.925,0.87,0.88,0.12,0.13,0.01,0.01,72765.6
1775889504.261,204.261,0.85,0.86,0.13,0.15,0.01,0.02,72765.75
1775889504.79,204.79,0.85,0.86,0.14,0.15,0.01,0.01,72765.75
1775889505.155,205.155,0.85,0.86,0.14,0.15,0.01,0.01,72765.75
1775889505.674,205.674,0.86,0.88,0.13,0.14,0.02,0.01,72765.81
1775889506.03,206.03,0.87,0.88,0.12,0.13,0.01,0.01,72765.81
1775889506.397,206.397,0.86,0.87,0.13,0.14,0.01,0.01,72765.82
1775889506.771,206.771,0.87,0.88,0.12,0.14,0.01,0.02,72765.82
1775889507.149,207.149,0.87,0.9,0.12,0.13,0.03,0.01,72765.82
1775889507.658,207.658,0.88,0.89,0.1,0.13,0.01,0.03,72767.02
1775889508.075,208.075,0.88,0.89,0.11,0.12,0.01,0.01,72767.32
1775889508.466,208.466,0.88,0.89,0.11,0.12,0.01,0.01,72767.32
1775889508.806,208.806,0.88,0.89,0.11,0.12,0.01,0.01,72767.32
1775889509.153,209.153,0.89,0.9,0.1,0.11,0.01,0.01,72767.08
1775889509.564,209.564,0.89,0.9,0.1,0.11,0.01,0.01,72767.08
1775889509.97,209.97,0.88,0.89,0.11,0.12,0.01,0.01,72767.08
1775889510.354,210.354,0.88,0.89,0.11,0.12,0.01,0.01,72767.19
1775889510.716,210.716,0.86,0.87,0.13,0.14,0.01,0.01,72767.19
1775889511.055,211.055,0.86,0.87,0.13,0.14,0.01,0.01,72767.19
1775889511.537,211.537,0.87,0.88,0.13,0.14,0.01,0.01,72771.49
1775889511.929,211.929,0.87,0.88,0.12,0.13,0.01,0.01,72771.49
1775889512.405,212.405,0.88,0.89,0.11,0.12,0.01,0.01,72771.46
1775889512.739,212.739,0.88,0.89,0.11,0.12,0.01,0.01,72771.46
1775889513.21,213.21,0.88,0.89,0.11,0.12,0.01,0.01,72771.46
1775889513.569,213.569,0.88,0.89,0.11,0.12,0.01,0.01,72771.87
1775889513.96,213.96,0.88,0.89,0.11,0.12,0.01,0.01,72771.87
1775889514.42,214.42,0.88,0.89,0.11,0.12,0.01,0.01,72771.87
1775889515.136,215.136,0.88,0.89,0.11,0.12,0.01,0.01,72771.87
1775889515.507,215.507,0.87,0.88,0.11,0.13,0.01,0.02,72771.87
1775889515.919,215.919,0.87,0.88,0.12,0.13,0.01,0.01,72771.87
1775889516.276,216.276,0.88,0.89,0.11,0.12,0.01,0.01,72771.91
1775889516.71,216.71,0.88,0.89,0.11,0.12,0.01,0.01,72771.91
1775889517.194,217.194,0.87,0.88,0.11,0.13,0.01,0.02,72772.21
1775889517.669,217.669,0.87,0.89,0.12,0.13,0.02,0.01,72772.21
1775889518.157,218.157,0.87,0.88,0.12,0.13,0.01,0.01,72772.22
1775889518.722,218.722,0.85,0.88,0.12,0.13,0.03,0.01,72772.22
1775889519.084,219.084,0.88,0.89,0.11,0.12,0.01,0.01,72772.22
1775889519.494,219.494,0.88,0.89,0.11,0.12,0.01,0.01,72772.2
1775889519.834,219.834,0.88,0.89,0.1,0.12,0.01,0.02,72772.2
1775889520.198,220.198,0.88,0.89,0.11,0.12,0.01,0.01,72772.2
1775889520.542,220.542,0.86,0.87,0.13,0.14,0.01,0.01,72772.18
1775889520.943,220.943,0.85,0.87,0.14,0.15,0.02,0.01,72772.18
1775889521.324,221.324,0.83,0.84,0.17,0.18,0.01,0.01,72772.18
1775889521.774,221.774,0.82,0.84,0.16,0.17,0.02,0.01,72772.21
1775889522.138,222.138,0.83,0.85,0.16,0.17,0.02,0.01,72772.21
1775889522.523,222.523,0.84,0.85,0.15,0.16,0.01,0.01,72772.21
1775889522.86,222.86,0.84,0.85,0.15,0.16,0.01,0.01,72772.21
1775889523.315,223.315,0.84,0.85,0.15,0.16,0.01,0.01,72772.21
1775889523.667,223.667,0.84,0.85,0.15,0.16,0.01,0.01,72772.21
1775889524.001,224.001,0.84,0.85,0.16,0.17,0.01,0.01,72772.21
1775889524.421,224.421,0.83,0.84,0.16,0.17,0.01,0.01,72771.99
1775889524.96,224.96,0.85,0.86,0.14,0.15,0.01,0.01,72771.99
1775889525.301,225.301,0.85,0.86,0.14,0.15,0.01,0.01,72772.13
1775889525.791,225.791,0.87,0.88,0.13,0.14,0.01,0.01,72772.13
1775889526.229,226.229,0.87,0.88,0.12,0.13,0.01,0.01,72772.13
1775889526.596,226.596,0.87,0.88,0.12,0.13,0.01,0.01,72772.13
1775889527.101,227.101,0.87,0.88,0.12,0.13,0.01,0.01,72772.36
1775889527.47,227.47,0.87,0.88,0.12,0.13,0.01,0.01,72772.19
1775889528.021,228.021,0.87,0.88,0.12,0.13,0.01,0.01,72772.19
1775889528.359,228.359,0.86,0.87,0.13,0.14,0.01,0.01,72772.37
1775889528.82,228.82,0.87,0.88,0.12,0.13,0.01,0.01,72772.37
1775889529.193,229.193,0.87,0.88,0.12,0.13,0.01,0.01,72772.3
1775889529.551,229.551,0.89,0.9,0.05,0.13,0.01,0.08,72772.3
1775889529.931,229.931,0.89,0.9,0.1,0.11,0.01,0.01,72772.3
1775889530.265,230.265,0.89,0.9,0.1,0.11,0.01,0.01,72772.45
1775889530.601,230.601,0.89,0.9,0.1,0.11,0.01,0.01,72772.45
1775889530.936,230.936,0.91,0.93,0.06,0.08,0.02,0.02,72772.45
1775889531.397,231.397,0.92,0.93,0.07,0.08,0.01,0.01,72772.45
1775889531.877,231.877,0.92,0.93,0.07,0.08,0.01,0.01,72772.45
1775889532.302,232.302,0.92,0.93,0.07,0.08,0.01,0.01,72772.76
1775889532.855,232.855,0.92,0.93,0.07,0.08,0.01,0.01,72772.76
1775889533.254,233.254,0.92,0.93,0.07,0.08,0.01,0.01,72772.76
1775889533.745,233.745,0.93,0.95,0.07,0.08,0.02,0.01,72772.77
1775889534.478,234.478,0.94,0.95,0.05,0.06,0.01,0.01,72772.56
1775889534.965,234.965,0.92,0.93,0.06,0.08,0.01,0.02,72772.56
1775889535.319,235.319,0.91,0.93,0.07,0.08,0.02,0.01,72772.52
1775889535.673,235.673,0.92,0.93,0.07,0.08,0.01,0.01,72772.52
1775889536.044,236.044,0.91,0.93,0.07,0.08,0.02,0.01,72772.52
1775889536.416,236.416,0.91,0.92,0.07,0.09,0.01,0.02,72772.52
1775889536.825,236.825,0.91,0.92,0.08,0.09,0.01,0.01,72772.52
1775889537.171,237.171,0.9,0.92,0.08,0.1,0.02,0.02,72772.52
1775889537.555,237.555,0.91,0.94,0.08,0.1,0.03,0.02,72772.8
1775889538.003,238.003,0.92,0.93,0.08,0.09,0.01,0.01,72772.8
1775889538.342,238.342,0.92,0.95,0.07,0.08,0.03,0.01,72772.76
1775889538.699,238.699,0.93,0.95,0.05,0.06,0.02,0.01,72772.76
1775889539.039,239.039,0.93,0.95,0.05,0.07,0.02,0.02,72772.76
1775889539.534,239.534,0.93,0.94,0.06,0.07,0.01,0.01,72772.76
1775889540.019,240.019,0.92,0.94,0.07,0.08,0.02,0.01,72772.52
1775889540.355,240.355,0.92,0.94,0.06,0.08,0.02,0.02,72772.52
1775889540.727,240.727,0.92,0.94,0.06,0.08,0.02,0.02,72772.52
1775889541.136,241.136,0.93,0.94,0.06,0.07,0.01,0.01,72772.56
1775889541.497,241.497,0.92,0.94,0.06,0.07,0.02,0.01,72772.78
1775889541.875,241.875,0.93,0.95,0.06,0.07,0.02,0.01,72772.78
1775889542.519,242.519,0.94,0.95,0.05,0.06,0.01,0.01,72772.78
1775889542.889,242.889,0.94,0.95,0.05,0.06,0.01,0.01,72772.78
1775889543.225,243.225,0.94,0.95,0.05,0.06,0.01,0.01,72772.64
1775889543.599,243.599,0.95,0.96,0.04,0.05,0.01,0.01,72772.64
1775889544.052,244.052,0.95,0.96,0.04,0.05,0.01,0.01,72772.36
1775889544.399,244.399,0.95,0.96,0.04,0.05,0.01,0.01,72772.5
1775889544.797,244.797,0.95,0.96,0.03,0.05,0.01,0.02,72772.5
1775889545.176,245.176,0.96,0.97,0.03,0.04,0.01,0.01,72772.5
1775889545.641,245.641,0.96,0.97,0.03,0.04,0.01,0.01,72772.5
1775889546.03,246.03,0.95,0.96,0.03,0.04,0.01,0.01,72772.74
1775889546.504,246.504,0.94,0.96,0.04,0.05,0.02,0.01,72772.73
1775889547.195,247.195,0.94,0.96,0.04,0.06,0.02,0.02,72772.73
1775889547.551,247.551,0.94,0.96,0.05,0.06,0.02,0.01,72773.25
1775889548.085,248.085,0.95,0.98,0.04,0.06,0.03,0.02,72773.31
1775889548.441,248.441,0.97,0.98,0.02,0.03,0.01,0.01,72773.31
1775889548.836,248.836,0.97,0.98,0.02,0.03,0.01,0.01,72773.31
1775889549.174,249.174,0.97,0.98,0.02,0.03,0.01,0.01,72773.31
1775889549.516,249.516,0.97,0.98,0.02,0.03,0.01,0.01,72773.5
1775889549.93,249.93,0.96,0.97,0.03,0.04,0.01,0.01,72773.5
1775889550.345,250.345,0.95,0.96,0.04,0.05,0.01,0.01,72773.5
1775889550.724,250.724,0.95,0.96,0.04,0.05,0.01,0.01,72773.5
1775889551.16,251.16,0.95,0.97,0.04,0.05,0.02,0.01,72773.25
1775889551.503,251.503,0.95,0.98,0.02,0.04,0.03,0.02,72773.27
1775889551.846,251.846,0.97,0.98,0.02,0.03,0.01,0.01,72773.27
1775889552.185,252.185,0.96,0.98,0.03,0.04,0.02,0.01,72773.31
1775889552.543,252.543,0.97,0.98,0.02,0.03,0.01,0.01,72773.31
1775889552.998,252.998,0.97,0.98,0.02,0.03,0.01,0.01,72773.31
1775889553.334,253.334,0.97,0.98,0.02,0.03,0.01,0.01,72773.31
1775889553.784,253.784,0.97,0.98,0.02,0.03,0.01,0.01,72773.31
1775889554.181,254.181,0.96,0.97,0.02,0.03,0.01,0.01,72773.31
1775889554.55,254.55,0.96,0.97,0.03,0.04,0.01,0.01,72773.31
1775889554.927,254.927,0.95,0.97,0.03,0.04,0.02,0.01,72773.31
1775889555.349,255.349,0.95,0.96,0.04,0.05,0.01,0.01,72773.31
1775889555.891,255.891,0.95,0.96,0.04,0.05,0.01,0.01,72773.31
1775889556.337,256.337,0.96,0.97,0.03,0.04,0.01,0.01,72773.31
1775889556.672,256.672,0.97,0.98,0.02,0.03,0.01,0.01,72773.31
1775889557.05,257.05,0.97,0.98,0.02,0.03,0.01,0.01,72773.31
1775889557.438,257.438,0.97,0.98,0.02,0.03,0.01,0.01,72776.62
1775889557.971,257.971,0.97,0.98,0.02,0.03,0.01,0.01,72776.62
1775889558.343,258.343,0.97,0.98,0.02,0.03,0.01,0.01,72776.62
1775889558.795,258.795,0.97,0.98,0.02,0.03,0.01,0.01,72776.62
1775889559.377,259.377,0.97,0.98,0.02,0.03,0.01,0.01,72776.91
1775889559.713,259.713,0.97,0.98,0.02,0.03,0.01,0.01,72776.91
1775889560.214,260.214,0.97,0.98,0.02,0.03,0.01,0.01,72776.91
1775889560.625,260.625,0.97,0.98,0.02,0.03,0.01,0.01,72776.94
1775889561.749,261.749,0.97,0.98,0.02,0.03,0.01,0.01,72777.92
1775889562.132,262.132,0.97,0.98,0.02,0.03,0.01,0.01,72777.92
1775889562.469,262.469,0.98,0.99,0.01,0.02,0.01,0.01,72777.92
1775889562.804,262.804,0.98,0.99,0.01,0.02,0.01,0.01,72779.34
1775889563.16,263.16,0.98,0.99,0.01,0.02,0.01,0.01,72779.34
1775889563.523,263.523,0.98,0.99,0.01,0.02,0.01,0.01,72779.33
1775889563.871,263.871,0.98,0.99,0.01,0.02,0.01,0.01,72779.33
1775889564.215,264.215,0.98,0.99,0.01,0.02,0.01,0.01,72779.33
1775889564.614,264.614,0.98,0.99,0.01,0.02,0.01,0.01,72779.33
1775889565.013,265.013,0.98,0.99,0.01,0.02,0.01,0.01,72779.33
1775889565.427,265.427,0.98,0.99,0.01,0.02,0.01,0.01,72779.33
1775889565.838,265.838,0.98,0.99,0.01,0.02,0.01,0.01,72779.33
1775889566.322,266.322,0.98,0.99,0.01,0.02,0.01,0.01,72779.28
1775889566.74,266.74,0.98,0.99,0.01,0.02,0.01,0.01,72779.28
1775889567.149,267.149,0.98,0.99,0.01,0.02,0.01,0.01,72779.28
1775889567.792,267.792,0.98,0.99,0.01,0.02,0.01,0.01,72779.13
1775889568.158,268.158,0.97,0.98,0.01,0.03,0.01,0.02,72779.13
1775889568.541,268.541,0.95,0.98,0.02,0.03,0.03,0.01,72779.13
1775889569.002,269.002,0.97,0.98,0.01,0.03,0.01,0.02,72779.13
1775889569.592,269.592,0.96,0.98,0.04,0.05,0.02,0.01,72775.67
1775889570.244,270.244,0.97,0.98,0.02,0.03,0.01,0.01,72775.67
1775889570.64,270.64,0.97,0.98,0.02,0.03,0.01,0.01,72772.63
1775889571.011,271.011,0.97,0.98,0.01,0.03,0.01,0.02,72772.63
1775889571.408,271.408,0.96,0.97,0.02,0.04,0.01,0.02,72772.63
1775889571.752,271.752,0.96,0.97,0.03,0.05,0.01,0.02,72768.54
1775889572.21,272.21,0.96,0.97,0.03,0.04,0.01,0.01,72768.54
1775889572.792,272.792,0.96,0.97,0.03,0.04,0.01,0.01,72768.53
1775889573.287,273.287,0.94,0.97,0.03,0.05,0.03,0.02,72768.51
1775889573.885,273.885,0.93,0.96,0.04,0.07,0.03,0.03,72768.51
1775889574.377,274.377,0.96,0.97,0.03,0.05,0.01,0.02,72768.51
1775889574.738,274.738,0.93,0.96,0.03,0.04,0.03,0.01,72768.35
1775889575.449,275.449,0.93,0.96,0.03,0.05,0.03,0.02,72768.35
1775889575.982,275.982,0.95,0.96,0.06,0.07,0.01,0.01,72768.35
1775889576.465,276.465,0.95,0.96,0.04,0.05,0.01,0.01,72768.0
1775889576.802,276.802,0.95,0.96,0.04,0.05,0.01,0.01,72768.0
1775889577.151,277.151,0.94,0.96,0.04,0.07,0.02,0.03,72768.0
1775889577.752,277.752,0.97,0.98,0.02,0.03,0.01,0.01,72767.81
1775889578.182,278.182,0.97,0.98,0.02,0.03,0.01,0.01,72767.81
1775889578.627,278.627,0.95,0.98,0.02,0.03,0.03,0.01,72767.81
1775889578.964,278.964,0.95,0.96,0.04,0.05,0.01,0.01,72767.81
1775889579.427,279.427,0.88,0.89,0.11,0.13,0.01,0.02,72767.76
1775889579.772,279.772,0.93,0.94,0.06,0.07,0.01,0.01,72767.76
1775889580.167,280.167,0.93,0.94,0.06,0.07,0.01,0.01,72767.76
1775889580.597,280.597,0.93,0.95,0.06,0.07,0.02,0.01,72767.76
1775889580.935,280.935,0.94,0.96,0.05,0.06,0.02,0.01,72767.83
1775889581.439,281.439,0.95,0.96,0.04,0.05,0.01,0.01,72767.83
1775889581.777,281.777,0.95,0.96,0.04,0.05,0.01,0.01,72767.83
1775889582.174,282.174,0.95,0.96,0.04,0.05,0.01,0.01,72767.83
1775889582.51,282.51,0.96,0.97,0.03,0.05,0.01,0.02,72767.8
1775889583.056,283.056,0.96,0.97,0.03,0.04,0.01,0.01,72767.8
1775889583.39,283.39,0.95,0.96,0.03,0.05,0.01,0.02,72767.8
1775889583.742,283.742,0.95,0.96,0.04,0.05,0.01,0.01,72767.8
1775889584.091,284.091,0.95,0.96,0.04,0.05,0.01,0.01,72767.8
1775889584.545,284.545,0.96,0.98,0.03,0.04,0.02,0.01,72767.8
1775889585.047,285.047,0.95,0.97,0.02,0.08,0.02,0.06,72767.81
1775889585.429,285.429,0.95,0.96,0.04,0.05,0.01,0.01,72767.81
1775889585.77,285.77,0.96,0.97,0.03,0.04,0.01,0.01,72767.81
1775889586.291,286.291,0.96,0.99,0.02,0.04,0.03,0.02,72767.81
1775889586.824,286.824,0.96,0.98,0.01,0.04,0.02,0.03,72767.81
1775889587.297,287.297,0.96,0.99,0.02,0.04,0.03,0.02,72768.05
1775889587.655,287.655,0.97,0.99,0.02,0.03,0.02,0.01,72768.05
1775889588.414,288.414,0.97,0.98,0.01,0.03,0.01,0.02,72768.14
1775889588.749,288.749,0.97,0.98,0.02,0.03,0.01,0.01,72768.14
1775889589.278,289.278,0.98,0.99,0.01,0.03,0.01,0.02,72768.14
1775889589.645,289.645,0.98,0.99,0.01,0.02,0.01,0.01,72768.14
1775889590.238,290.238,0.98,0.99,0.01,0.02,0.01,0.01,72768.14
1775889591.001,291.001,0.98,0.99,0.01,0.02,0.01,0.01,72768.14
1775889591.36,291.36,0.98,0.99,0.01,0.02,0.01,0.01,72768.02
1775889591.827,291.827,0.97,0.99,0.01,0.02,0.02,0.01,72768.02
1775889592.282,292.282,0.96,0.97,0.02,0.04,0.01,0.02,72767.91
1775889592.705,292.705,0.94,0.95,0.05,0.06,0.01,0.01,72767.91
1775889593.079,293.079,0.94,0.98,0.05,0.06,0.04,0.01,72767.8
1775889593.422,293.422,0.96,0.98,0.02,0.04,0.02,0.02,72767.8
1775889594.323,294.323,0.96,0.98,0.03,0.04,0.02,0.01,72764.51
1775889594.687,294.687,0.96,0.98,0.02,0.04,0.02,0.02,72764.51
1775889595.173,295.173,0.94,0.98,0.03,0.06,0.04,0.03,72763.13
1775889595.558,295.558,0.98,0.99,0.02,0.04,0.01,0.02,72763.13
1775889595.969,295.969,0.98,0.99,0.01,0.02,0.01,0.01,72763.13
1775889596.32,296.32,0.96,0.99,0.01,0.04,0.03,0.03,72762.71
1775889596.672,296.672,0.94,0.98,0.01,0.03,0.04,0.02,72762.71
1775889597.016,297.016,0.95,0.99,0.02,0.06,0.04,0.04,72762.71
1775889597.356,297.356,0.96,0.99,0.01,0.04,0.03,0.03,72762.16
1775889597.749,297.749,0.98,0.99,0.01,0.02,0.01,0.01,72762.16
1775889598.139,298.139,0.98,0.99,0.01,0.02,0.01,0.01,72760.9
1775889598.638,298.638,0.99,0.99,0.01,0.01,0.0,0.0,72760.9
1775889599.142,299.142,0.99,0.99,0.01,0.01,0.0,0.0,72760.9
1775889599.507,299.507,0.99,0.99,0.01,0.01,0.0,0.0,72760.66
1775889599.989,299.989,0.99,0.99,0.01,0.01,0.0,0.0,72760.66
1775889600.376,300.376,0.99,0.99,0.01,0.01,0.0,0.0,72760.62
1775889600.722,300.722,0.99,0.99,0.01,0.01,0.0,0.0,72760.62

# RESULT,winner=Up,slug=btc-updown-5m-1775889300,ticks=641
