timestamp,elapsed_sec,up_bid,up_ask,down_bid,down_ask,up_spread,down_spread,btc_price,btc_oracle_ts
1777117200.552,0.552,0.63,0.64,0.36,0.37,0.01,0.01,77673.95,1777117199000
1777117200.952,0.952,0.63,0.64,0.36,0.37,0.01,0.01,77673.95,1777117199000
1777117201.289,1.289,0.62,0.64,0.36,0.37,0.02,0.01,77673.97,1777117200000
1777117201.738,1.738,0.61,0.62,0.37,0.39,0.01,0.02,77673.97,1777117200000
1777117202.205,2.205,0.61,0.62,0.38,0.39,0.01,0.01,77673.97,1777117201000
1777117203.239,3.239,0.6,0.62,0.38,0.39,0.02,0.01,77673.97,1777117201000
1777117203.575,3.575,0.6,0.62,0.38,0.4,0.02,0.02,77673.88,1777117202000
1777117203.931,3.931,0.6,0.62,0.38,0.4,0.02,0.02,77673.88,1777117203000
1777117204.324,4.324,0.6,0.62,0.38,0.4,0.02,0.02,77673.88,1777117203000
1777117204.77,4.77,0.6,0.61,0.38,0.4,0.01,0.02,77673.88,1777117203000
1777117205.113,5.113,0.6,0.61,0.39,0.4,0.01,0.01,77673.89,1777117204000
1777117205.448,5.448,0.6,0.62,0.39,0.4,0.02,0.01,77673.89,1777117204000
1777117205.796,5.796,0.6,0.62,0.38,0.4,0.02,0.02,77673.89,1777117204000
1777117206.132,6.132,0.56,0.6,0.39,0.44,0.04,0.05,77673.89,1777117204000
1777117206.487,6.487,0.56,0.59,0.41,0.44,0.03,0.03,77673.59,1777117205000
1777117206.83,6.83,0.57,0.59,0.41,0.43,0.02,0.02,77673.59,1777117205000
1777117207.242,7.242,0.56,0.57,0.41,0.42,0.01,0.01,77673.59,1777117205000
1777117207.603,7.603,0.56,0.57,0.43,0.44,0.01,0.01,77669.29,1777117206000
1777117207.951,7.951,0.56,0.57,0.43,0.44,0.01,0.01,77669.29,1777117206000
1777117208.435,8.435,0.56,0.57,0.43,0.44,0.01,0.01,77668.53,1777117207000
1777117208.796,8.796,0.56,0.57,0.43,0.44,0.01,0.01,77668.53,1777117207000
1777117209.21,9.21,0.56,0.57,0.43,0.44,0.01,0.01,77668.53,1777117207000
1777117209.691,9.691,0.62,0.63,0.37,0.38,0.01,0.01,77668.53,1777117207000
1777117210.515,10.515,0.62,0.63,0.37,0.38,0.01,0.01,77668.64,1777117209000
1777117210.877,10.877,0.62,0.63,0.37,0.38,0.01,0.01,77668.64,1777117209000
1777117211.215,11.215,0.62,0.63,0.37,0.38,0.01,0.01,77668.62,1777117210000
1777117211.641,11.641,0.62,0.63,0.37,0.38,0.01,0.01,77668.62,1777117210000
1777117212.047,12.047,0.62,0.8,0.2,0.38,0.18,0.18,77668.62,1777117210000
1777117212.384,12.384,0.62,0.63,0.37,0.38,0.01,0.01,77668.62,1777117210000
1777117212.858,12.858,0.62,0.64,0.36,0.38,0.02,0.02,77668.62,1777117210000
1777117213.195,13.195,0.63,0.64,0.32,0.37,0.01,0.05,77668.64,1777117211000
1777117213.539,13.539,0.64,0.66,0.34,0.36,0.02,0.02,77668.64,1777117212000
1777117213.873,13.873,0.66,0.67,0.33,0.34,0.01,0.01,77668.64,1777117212000
1777117214.214,14.214,0.65,0.66,0.34,0.35,0.01,0.01,77668.64,1777117212000
1777117214.549,14.549,0.65,0.66,0.34,0.35,0.01,0.01,77668.64,1777117212000
1777117215.096,15.096,0.65,0.66,0.34,0.35,0.01,0.01,77668.64,1777117213000
1777117215.501,15.501,0.65,0.66,0.34,0.35,0.01,0.01,77668.65,1777117214000
1777117215.846,15.846,0.64,0.65,0.35,0.36,0.01,0.01,77668.65,1777117214000
1777117216.265,16.265,0.64,0.65,0.35,0.36,0.01,0.01,77668.65,1777117215000
1777117216.687,16.687,0.63,0.65,0.35,0.36,0.02,0.01,77668.65,1777117215000
1777117217.039,17.039,0.62,0.65,0.35,0.38,0.03,0.03,77668.65,1777117215000
1777117217.706,17.706,0.63,0.64,0.36,0.38,0.01,0.02,77668.65,1777117215000
1777117218.122,18.122,0.63,0.64,0.36,0.37,0.01,0.01,77668.6,1777117216000
1777117218.708,18.708,0.63,0.64,0.35,0.37,0.01,0.02,77668.58,1777117217000
1777117219.076,19.076,0.63,0.64,0.35,0.37,0.01,0.02,77668.58,1777117217000
1777117219.604,19.604,0.63,0.64,0.36,0.37,0.01,0.01,77668.58,1777117218000
1777117219.955,19.955,0.63,0.64,0.36,0.37,0.01,0.01,77668.58,1777117218000
1777117220.403,20.403,0.63,0.64,0.36,0.37,0.01,0.01,77668.61,1777117219000
1777117220.745,20.745,0.63,0.64,0.36,0.37,0.01,0.01,77668.61,1777117219000
1777117221.151,21.151,0.63,0.64,0.36,0.37,0.01,0.01,77668.61,1777117219000
1777117221.537,21.537,0.63,0.64,0.36,0.37,0.01,0.01,77668.61,1777117220000
1777117222.114,22.114,0.63,0.64,0.36,0.37,0.01,0.01,77668.61,1777117220000
1777117222.502,22.502,0.63,0.64,0.36,0.37,0.01,0.01,77668.66,1777117221000
1777117223.053,23.053,0.63,0.64,0.36,0.37,0.01,0.01,77668.66,1777117221000
1777117223.783,23.783,0.63,0.64,0.36,0.37,0.01,0.01,77668.64,1777117222000
1777117224.26,24.26,0.63,0.64,0.36,0.37,0.01,0.01,77668.64,1777117222000
1777117224.621,24.621,0.63,0.64,0.36,0.37,0.01,0.01,77668.62,1777117223000
1777117224.98,24.98,0.63,0.64,0.36,0.37,0.01,0.01,77668.62,1777117223000
1777117225.426,25.426,0.63,0.64,0.36,0.37,0.01,0.01,77668.62,1777117224000
1777117226.056,26.056,0.63,0.64,0.36,0.37,0.01,0.01,77668.62,1777117224000
1777117226.611,26.611,0.63,0.64,0.36,0.37,0.01,0.01,77668.62,1777117224000
1777117226.944,26.944,0.63,0.64,0.36,0.37,0.01,0.01,77668.47,1777117225000
1777117227.361,27.361,0.64,0.65,0.35,0.36,0.01,0.01,77668.47,1777117226000
1777117227.736,27.736,0.67,0.68,0.31,0.33,0.01,0.02,77668.47,1777117226000
1777117228.088,28.088,0.68,0.69,0.31,0.32,0.01,0.01,77668.47,1777117226000
1777117228.502,28.502,0.68,0.69,0.31,0.32,0.01,0.01,77668.53,1777117227000
1777117228.849,28.849,0.68,0.69,0.31,0.32,0.01,0.01,77668.53,1777117227000
1777117229.184,29.184,0.68,0.69,0.31,0.32,0.01,0.01,77668.53,1777117228000
1777117229.608,29.608,0.68,0.69,0.31,0.32,0.01,0.01,77668.53,1777117228000
1777117230.152,30.152,0.71,0.72,0.28,0.29,0.01,0.01,77668.81,1777117229000
1777117230.492,30.492,0.71,0.72,0.28,0.29,0.01,0.01,77668.81,1777117229000
1777117230.828,30.828,0.71,0.73,0.28,0.29,0.02,0.01,77668.81,1777117229000
1777117231.242,31.242,0.71,0.73,0.27,0.29,0.02,0.02,77668.81,1777117229000
1777117231.583,31.583,0.71,0.73,0.27,0.29,0.02,0.02,77668.81,1777117230000
1777117231.927,31.927,0.71,0.74,0.26,0.29,0.03,0.03,77668.81,1777117230000
1777117232.265,32.265,0.72,0.74,0.26,0.29,0.02,0.03,77668.81,1777117231000
1777117232.617,32.617,0.72,0.73,0.27,0.28,0.01,0.01,77668.81,1777117231000
1777117232.952,32.952,0.72,0.73,0.27,0.28,0.01,0.01,77668.81,1777117231000
1777117233.335,33.335,0.75,0.76,0.24,0.25,0.01,0.01,77668.81,1777117231000
1777117233.679,33.679,0.74,0.75,0.25,0.26,0.01,0.01,77668.85,1777117232000
1777117234.202,34.202,0.73,0.74,0.26,0.27,0.01,0.01,77668.85,1777117233000
1777117234.536,34.536,0.7,0.71,0.29,0.3,0.01,0.01,77668.85,1777117233000
1777117234.921,34.921,0.68,0.69,0.3,0.31,0.01,0.01,77668.85,1777117233000
1777117235.271,35.271,0.68,0.69,0.3,0.32,0.01,0.02,77668.83,1777117234000
1777117235.617,35.617,0.68,0.69,0.31,0.32,0.01,0.01,77668.83,1777117234000
1777117235.966,35.966,0.68,0.69,0.31,0.32,0.01,0.01,77668.84,1777117235000
1777117236.339,36.339,0.68,0.69,0.31,0.32,0.01,0.01,77668.84,1777117235000
1777117236.707,36.707,0.68,0.69,0.31,0.36,0.01,0.05,77668.84,1777117235000
1777117237.202,37.202,0.64,0.67,0.31,0.36,0.03,0.05,77668.83,1777117236000
1777117237.749,37.749,0.62,0.67,0.33,0.36,0.05,0.03,77668.83,1777117236000
1777117238.147,38.147,0.62,0.67,0.33,0.38,0.05,0.05,77668.8,1777117237000
1777117238.845,38.845,0.65,0.67,0.33,0.38,0.02,0.05,77668.8,1777117237000
1777117239.185,39.185,0.62,0.67,0.33,0.38,0.05,0.05,77668.81,1777117238000
1777117239.826,39.826,0.65,0.67,0.33,0.36,0.02,0.03,77668.81,1777117238000
1777117240.231,40.231,0.62,0.67,0.33,0.38,0.05,0.05,77668.8,1777117239000
1777117240.594,40.594,0.66,0.67,0.33,0.38,0.01,0.05,77668.8,1777117239000
1777117241.127,41.127,0.66,0.67,0.33,0.34,0.01,0.01,77668.8,1777117239000
1777117241.54,41.54,0.63,0.67,0.33,0.38,0.04,0.05,77668.79,1777117240000
1777117241.887,41.887,0.62,0.63,0.37,0.38,0.01,0.01,77668.79,1777117240000
1777117242.245,42.245,0.62,0.63,0.37,0.38,0.01,0.01,77668.79,1777117240000
1777117242.579,42.579,0.65,0.67,0.34,0.35,0.02,0.01,77668.82,1777117241000
1777117242.986,42.986,0.67,0.68,0.32,0.33,0.01,0.01,77668.82,1777117241000
1777117243.637,43.637,0.67,0.68,0.31,0.33,0.01,0.02,77668.81,1777117242000
1777117244.318,44.318,0.67,0.68,0.32,0.33,0.01,0.01,77668.78,1777117243000
1777117244.685,44.685,0.67,0.69,0.31,0.33,0.02,0.02,77668.78,1777117243000
1777117245.075,45.075,0.67,0.68,0.32,0.33,0.01,0.01,77668.78,1777117243000
1777117245.494,45.494,0.67,0.68,0.32,0.33,0.01,0.01,77668.84,1777117244000
1777117245.894,45.894,0.67,0.68,0.32,0.33,0.01,0.01,77668.84,1777117244000
1777117246.315,46.315,0.67,0.68,0.32,0.33,0.01,0.01,77668.85,1777117245000
1777117246.747,46.747,0.67,0.68,0.32,0.33,0.01,0.01,77668.85,1777117245000
1777117247.346,47.346,0.62,0.67,0.33,0.38,0.05,0.05,77668.86,1777117246000
1777117247.765,47.765,0.65,0.66,0.34,0.35,0.01,0.01,77668.86,1777117246000
1777117248.23,48.23,0.62,0.66,0.34,0.37,0.04,0.03,77668.86,1777117246000
1777117248.59,48.59,0.63,0.64,0.36,0.37,0.01,0.01,77668.71,1777117247000
1777117248.978,48.978,0.62,0.65,0.37,0.38,0.03,0.01,77668.71,1777117247000
1777117249.318,49.318,0.64,0.66,0.33,0.38,0.02,0.05,77668.71,1777117248000
1777117249.754,49.754,0.62,0.64,0.36,0.37,0.02,0.01,77668.71,1777117248000
1777117250.117,50.117,0.63,0.64,0.36,0.37,0.01,0.01,77668.71,1777117248000
1777117250.458,50.458,0.63,0.64,0.36,0.37,0.01,0.01,77668.74,1777117249000
1777117251.067,51.067,0.63,0.64,0.36,0.37,0.01,0.01,77668.74,1777117249000
1777117251.525,51.525,0.63,0.64,0.36,0.37,0.01,0.01,77668.76,1777117250000
1777117251.931,51.931,0.63,0.64,0.36,0.37,0.01,0.01,77668.88,1777117251000
1777117252.512,52.512,0.63,0.64,0.36,0.37,0.01,0.01,77668.88,1777117251000
1777117252.971,52.971,0.63,0.64,0.35,0.37,0.01,0.02,77668.88,1777117251000
1777117253.468,53.468,0.63,0.64,0.36,0.37,0.01,0.01,77668.89,1777117252000
1777117253.968,53.968,0.63,0.64,0.36,0.37,0.01,0.01,77668.89,1777117252000
1777117254.315,54.315,0.62,0.64,0.36,0.38,0.02,0.02,77668.89,1777117252000
1777117254.663,54.663,0.62,0.65,0.35,0.37,0.03,0.02,77668.89,1777117253000
1777117255.0,55.0,0.62,0.64,0.36,0.37,0.02,0.01,77668.9,1777117254000
1777117255.473,55.473,0.62,0.63,0.37,0.38,0.01,0.01,77668.9,1777117254000
1777117255.817,55.817,0.62,0.63,0.37,0.38,0.01,0.01,77668.9,1777117254000
1777117256.22,56.22,0.64,0.65,0.35,0.38,0.01,0.03,77668.89,1777117255000
1777117256.691,56.691,0.64,0.65,0.35,0.36,0.01,0.01,77668.89,1777117255000
1777117257.031,57.031,0.63,0.64,0.36,0.37,0.01,0.01,77668.89,1777117255000
1777117257.409,57.409,0.62,0.63,0.36,0.38,0.01,0.02,77668.89,1777117255000
1777117257.931,57.931,0.63,0.64,0.36,0.37,0.01,0.01,77668.89,1777117255000
1777117258.33,58.33,0.63,0.64,0.36,0.38,0.01,0.02,77668.92,1777117256000
1777117258.665,58.665,0.63,0.64,0.36,0.37,0.01,0.01,77668.91,1777117257000
1777117259.196,59.196,0.63,0.64,0.36,0.37,0.01,0.01,77668.91,1777117257000
1777117259.675,59.675,0.63,0.64,0.36,0.37,0.01,0.01,77668.88,1777117258000
1777117260.067,60.067,0.63,0.64,0.36,0.37,0.01,0.01,77668.88,1777117259000
1777117260.496,60.496,0.62,0.64,0.36,0.38,0.02,0.02,77668.88,1777117259000
1777117260.965,60.965,0.63,0.64,0.36,0.38,0.01,0.02,77668.88,1777117259000
1777117261.338,61.338,0.62,0.64,0.36,0.38,0.02,0.02,77668.88,1777117259000
1777117261.751,61.751,0.62,0.64,0.36,0.38,0.02,0.02,77668.9,1777117260000
1777117262.089,62.089,0.62,0.64,0.36,0.38,0.02,0.02,77668.9,1777117260000
1777117262.557,62.557,0.63,0.64,0.36,0.38,0.01,0.02,77668.9,1777117261000
1777117262.953,62.953,0.63,0.64,0.36,0.37,0.01,0.01,77668.9,1777117261000
1777117263.286,63.286,0.62,0.63,0.37,0.38,0.01,0.01,77668.9,1777117261000
1777117263.716,63.716,0.62,0.64,0.36,0.37,0.02,0.01,77668.94,1777117262000
1777117264.121,64.121,0.63,0.64,0.36,0.38,0.01,0.02,77668.94,1777117262000
1777117264.464,64.464,0.63,0.64,0.36,0.37,0.01,0.01,77668.95,1777117263000
1777117265.041,65.041,0.62,0.64,0.37,0.38,0.02,0.01,77668.95,1777117263000
1777117265.394,65.394,0.62,0.64,0.36,0.38,0.02,0.02,77668.95,1777117263000
1777117265.804,65.804,0.63,0.64,0.36,0.38,0.01,0.02,77668.97,1777117264000
1777117266.159,66.159,0.62,0.64,0.36,0.38,0.02,0.02,77668.97,1777117264000
1777117266.554,66.554,0.62,0.65,0.37,0.38,0.03,0.01,77668.94,1777117265000
1777117266.976,66.976,0.62,0.65,0.35,0.38,0.03,0.03,77668.94,1777117265000
1777117267.397,67.397,0.62,0.64,0.35,0.38,0.02,0.03,77668.94,1777117265000
1777117267.743,67.743,0.62,0.64,0.36,0.38,0.02,0.02,77668.92,1777117266000
1777117268.115,68.115,0.63,0.64,0.36,0.37,0.01,0.01,77668.92,1777117266000
1777117268.484,68.484,0.62,0.64,0.36,0.38,0.02,0.02,77668.92,1777117267000
1777117268.857,68.857,0.62,0.64,0.37,0.38,0.02,0.01,77668.92,1777117267000
1777117269.295,69.295,0.62,0.64,0.36,0.38,0.02,0.02,77668.93,1777117268000
1777117269.907,69.907,0.59,0.62,0.36,0.41,0.03,0.05,77668.93,1777117268000
1777117270.243,70.243,0.59,0.6,0.4,0.41,0.01,0.01,77668.93,1777117268000
1777117270.577,70.577,0.61,0.63,0.37,0.38,0.02,0.01,77668.83,1777117269000
1777117270.926,70.926,0.58,0.59,0.41,0.42,0.01,0.01,77668.83,1777117269000
1777117271.274,71.274,0.58,0.59,0.38,0.42,0.01,0.04,77668.83,1777117270000
1777117271.635,71.635,0.6,0.61,0.39,0.4,0.01,0.01,77668.83,1777117270000
1777117272.273,72.273,0.59,0.61,0.4,0.41,0.02,0.01,77668.83,1777117270000
1777117272.645,72.645,0.59,0.6,0.4,0.41,0.01,0.01,77668.8,1777117271000
1777117273.115,73.115,0.59,0.6,0.4,0.41,0.01,0.01,77668.8,1777117271000
1777117274.597,74.597,0.59,0.6,0.4,0.41,0.01,0.01,77668.83,1777117272000
1777117274.974,74.974,0.59,0.6,0.4,0.41,0.01,0.01,77668.88,1777117273000
1777117275.328,75.328,0.59,0.6,0.4,0.41,0.01,0.01,77668.88,1777117273000
1777117275.686,75.686,0.59,0.6,0.4,0.41,0.01,0.01,77668.88,1777117273000
1777117276.137,76.137,0.6,0.62,0.38,0.4,0.02,0.02,77672.05,1777117274000
1777117276.473,76.473,0.59,0.62,0.39,0.41,0.03,0.02,77672.05,1777117274000
1777117276.813,76.813,0.57,0.59,0.41,0.42,0.02,0.01,77672.05,1777117275000
1777117277.229,77.229,0.57,0.59,0.41,0.43,0.02,0.02,77672.31,1777117276000
1777117277.572,77.572,0.58,0.59,0.41,0.42,0.01,0.01,77672.31,1777117276000
1777117277.95,77.95,0.58,0.59,0.41,0.42,0.01,0.01,77672.31,1777117276000
1777117278.283,78.283,0.62,0.63,0.37,0.38,0.01,0.01,77672.31,1777117276000
1777117278.769,78.769,0.62,0.63,0.37,0.38,0.01,0.01,77672.33,1777117277000
1777117279.114,79.114,0.62,0.63,0.37,0.38,0.01,0.01,77672.33,1777117278000
1777117279.586,79.586,0.62,0.63,0.37,0.38,0.01,0.01,77672.33,1777117278000
1777117279.961,79.961,0.62,0.63,0.37,0.38,0.01,0.01,77672.33,1777117278000
1777117281.472,81.472,0.62,0.63,0.37,0.38,0.01,0.01,77674.7,1777117280000
1777117281.921,81.921,0.62,0.63,0.37,0.38,0.01,0.01,77674.7,1777117280000
1777117282.285,82.285,0.62,0.63,0.37,0.38,0.01,0.01,77677.74,1777117281000
1777117282.652,82.652,0.62,0.63,0.37,0.38,0.01,0.01,77677.74,1777117281000
1777117282.991,82.991,0.62,0.63,0.37,0.38,0.01,0.01,77677.74,1777117281000
1777117283.363,83.363,0.62,0.64,0.36,0.38,0.02,0.02,77678.01,1777117282000
1777117283.696,83.696,0.62,0.68,0.32,0.38,0.06,0.06,77678.01,1777117282000
1777117284.032,84.032,0.62,0.64,0.36,0.38,0.02,0.02,77678.01,1777117282000
1777117284.368,84.368,0.65,0.67,0.32,0.34,0.02,0.02,77678.01,1777117282000
1777117284.717,84.717,0.67,0.7,0.3,0.34,0.03,0.04,77678.18,1777117283000
1777117285.052,85.052,0.7,0.71,0.29,0.3,0.01,0.01,77678.21,1777117284000
1777117285.398,85.398,0.73,0.74,0.26,0.27,0.01,0.01,77678.21,1777117284000
1777117285.75,85.75,0.72,0.73,0.27,0.28,0.01,0.01,77678.21,1777117284000
1777117286.087,86.087,0.72,0.73,0.27,0.28,0.01,0.01,77678.21,1777117284000
1777117286.656,86.656,0.72,0.73,0.27,0.28,0.01,0.01,77678.94,1777117285000
1777117287.04,87.04,0.72,0.73,0.27,0.28,0.01,0.01,77678.94,1777117285000
1777117287.488,87.488,0.71,0.73,0.27,0.29,0.02,0.02,77682.7,1777117286000
1777117287.858,87.858,0.62,0.73,0.27,0.29,0.11,0.02,77682.7,1777117286000
1777117288.212,88.212,0.62,0.73,0.27,0.38,0.11,0.11,77682.7,1777117286000
1777117288.64,88.64,0.65,0.73,0.27,0.28,0.08,0.01,77682.75,1777117287000
1777117289.021,89.021,0.65,0.72,0.28,0.35,0.07,0.07,77682.75,1777117287000
1777117289.396,89.396,0.65,0.72,0.28,0.35,0.07,0.07,77682.71,1777117288000
1777117289.764,89.764,0.71,0.72,0.28,0.29,0.01,0.01,77682.71,1777117288000
1777117290.124,90.124,0.71,0.72,0.28,0.31,0.01,0.03,77682.71,1777117288000
1777117290.462,90.462,0.69,0.7,0.28,0.31,0.01,0.03,77682.99,1777117289000
1777117290.806,90.806,0.69,0.7,0.3,0.32,0.01,0.02,77682.99,1777117289000
1777117291.163,91.163,0.69,0.7,0.3,0.31,0.01,0.01,77682.99,1777117289000
1777117291.505,91.505,0.7,0.72,0.28,0.3,0.02,0.02,77682.95,1777117290000
1777117291.884,91.884,0.71,0.72,0.28,0.29,0.01,0.01,77682.95,1777117290000
1777117292.254,92.254,0.74,0.75,0.24,0.27,0.01,0.03,77683.01,1777117291000
1777117292.598,92.598,0.75,0.76,0.24,0.25,0.01,0.01,77683.01,1777117291000
1777117292.977,92.977,0.75,0.76,0.24,0.25,0.01,0.01,77683.01,1777117291000
1777117293.319,93.319,0.74,0.75,0.24,0.26,0.01,0.02,77683.02,1777117292000
1777117294.217,94.217,0.74,0.75,0.25,0.26,0.01,0.01,77683.02,1777117292000
1777117294.845,94.845,0.74,0.75,0.25,0.26,0.01,0.01,77683.01,1777117293000
1777117295.19,95.19,0.74,0.75,0.25,0.26,0.01,0.01,77683.03,1777117294000
1777117295.765,95.765,0.71,0.75,0.25,0.27,0.04,0.02,77683.03,1777117294000
1777117296.182,96.182,0.71,0.75,0.25,0.29,0.04,0.04,77683.0,1777117295000
1777117296.552,96.552,0.69,0.74,0.26,0.3,0.05,0.04,77683.0,1777117295000
1777117296.945,96.945,0.68,0.74,0.26,0.28,0.06,0.02,77683.0,1777117295000
1777117297.295,97.295,0.71,0.74,0.28,0.29,0.03,0.01,77683.0,1777117295000
1777117297.954,97.954,0.72,0.73,0.27,0.28,0.01,0.01,77683.02,1777117296000
1777117298.489,98.489,0.72,0.73,0.27,0.28,0.01,0.01,77683.02,1777117297000
1777117299.028,99.028,0.72,0.73,0.27,0.28,0.01,0.01,77683.02,1777117297000
1777117299.416,99.416,0.7,0.71,0.29,0.3,0.01,0.01,77683.01,1777117298000
1777117299.775,99.775,0.69,0.7,0.3,0.33,0.01,0.03,77683.01,1777117298000
1777117300.117,100.117,0.71,0.73,0.28,0.29,0.02,0.01,77683.01,1777117298000
1777117300.603,100.603,0.72,0.73,0.27,0.29,0.01,0.02,77683.08,1777117299000
1777117301.085,101.085,0.72,0.73,0.27,0.28,0.01,0.01,77683.03,1777117300000
1777117301.544,101.544,0.72,0.73,0.27,0.28,0.01,0.01,77683.03,1777117300000
1777117301.92,101.92,0.72,0.73,0.27,0.28,0.01,0.01,77683.03,1777117300000
1777117302.31,102.31,0.72,0.73,0.27,0.28,0.01,0.01,77683.08,1777117301000
1777117302.917,102.917,0.72,0.73,0.27,0.28,0.01,0.01,77683.08,1777117302000
1777117303.564,103.564,0.69,0.7,0.27,0.28,0.01,0.01,77683.08,1777117302000
1777117303.973,103.973,0.69,0.7,0.3,0.31,0.01,0.01,77683.08,1777117302000
1777117304.358,104.358,0.68,0.7,0.3,0.31,0.02,0.01,77683.12,1777117303000
1777117304.777,104.777,0.68,0.7,0.3,0.31,0.02,0.01,77683.12,1777117303000
1777117305.197,105.197,0.68,0.69,0.3,0.32,0.01,0.02,77683.12,1777117303000
1777117305.787,105.787,0.68,0.69,0.31,0.32,0.01,0.01,77683.09,1777117304000
1777117306.186,106.186,0.68,0.69,0.31,0.32,0.01,0.01,77683.09,1777117304000
1777117306.521,106.521,0.69,0.7,0.3,0.31,0.01,0.01,77683.09,1777117304000
1777117306.88,106.88,0.69,0.7,0.3,0.31,0.01,0.01,77683.1,1777117305000
1777117307.237,107.237,0.69,0.7,0.3,0.31,0.01,0.01,77683.1,1777117306000
1777117307.598,107.598,0.69,0.7,0.3,0.31,0.01,0.01,77683.1,1777117306000
1777117308.098,108.098,0.69,0.72,0.3,0.31,0.03,0.01,77683.1,1777117306000
1777117308.482,108.482,0.69,0.72,0.28,0.31,0.03,0.03,77683.15,1777117307000
1777117308.823,108.823,0.69,0.72,0.28,0.31,0.03,0.03,77683.15,1777117307000
1777117309.391,109.391,0.69,0.72,0.28,0.31,0.03,0.03,77683.18,1777117308000
1777117309.769,109.769,0.69,0.73,0.27,0.31,0.04,0.04,77683.18,1777117308000
1777117310.706,110.706,0.69,0.7,0.27,0.31,0.01,0.04,77683.18,1777117309000
1777117311.313,111.313,0.69,0.7,0.3,0.32,0.01,0.02,77683.17,1777117310000
1777117311.655,111.655,0.68,0.69,0.31,0.32,0.01,0.01,77683.17,1777117310000
1777117312.115,112.115,0.68,0.69,0.31,0.32,0.01,0.01,77683.17,1777117311000
1777117312.457,112.457,0.68,0.69,0.31,0.32,0.01,0.01,77683.17,1777117311000
1777117312.792,112.792,0.68,0.69,0.31,0.32,0.01,0.01,77683.17,1777117311000
1777117313.203,113.203,0.69,0.7,0.3,0.32,0.01,0.02,77683.18,1777117312000
1777117313.55,113.55,0.68,0.69,0.3,0.32,0.01,0.02,77683.18,1777117312000
1777117313.899,113.899,0.7,0.71,0.29,0.32,0.01,0.03,77682.91,1777117313000
1777117314.257,114.257,0.71,0.72,0.28,0.29,0.01,0.01,77682.91,1777117313000
1777117314.833,114.833,0.69,0.7,0.29,0.31,0.01,0.02,77682.91,1777117313000
1777117315.906,115.906,0.69,0.7,0.3,0.31,0.01,0.01,77682.88,1777117315000
1777117316.98,116.98,0.69,0.7,0.3,0.31,0.01,0.01,77684.95,1777117316000
1777117317.518,117.518,0.69,0.72,0.3,0.31,0.03,0.01,77684.95,1777117316000
1777117317.908,117.908,0.69,0.7,0.3,0.31,0.01,0.01,77684.95,1777117316000
1777117318.299,118.299,0.74,0.75,0.25,0.31,0.01,0.06,77689.92,1777117317000
1777117318.636,118.636,0.74,0.77,0.23,0.26,0.03,0.03,77689.92,1777117317000
1777117319.038,119.038,0.71,0.76,0.24,0.29,0.05,0.05,77691.47,1777117318000
1777117319.391,119.391,0.71,0.89,0.24,0.29,0.18,0.05,77691.47,1777117318000
1777117319.733,119.733,0.71,0.73,0.27,0.29,0.02,0.02,77691.47,1777117318000
1777117320.094,120.094,0.73,0.74,0.27,0.28,0.01,0.01,77691.47,1777117318000
1777117320.428,120.428,0.73,0.74,0.26,0.27,0.01,0.01,77691.47,1777117318000
1777117320.809,120.809,0.66,0.7,0.26,0.34,0.04,0.08,77691.47,1777117318000
1777117321.198,121.198,0.63,0.71,0.29,0.37,0.08,0.08,77691.44,1777117319000
1777117321.551,121.551,0.7,0.71,0.29,0.37,0.01,0.08,77691.44,1777117319000
1777117322.109,122.109,0.7,0.71,0.29,0.3,0.01,0.01,77691.4,1777117320000
1777117322.473,122.473,0.68,0.7,0.3,0.32,0.02,0.02,77691.4,1777117321000
1777117322.825,122.825,0.68,0.71,0.29,0.32,0.03,0.03,77691.4,1777117321000
1777117323.391,123.391,0.7,0.71,0.29,0.3,0.01,0.01,77691.39,1777117322000
1777117324.078,124.078,0.7,0.71,0.29,0.3,0.01,0.01,77691.39,1777117322000
1777117324.484,124.484,0.7,0.71,0.29,0.3,0.01,0.01,77691.37,1777117323000
1777117324.964,124.964,0.68,0.71,0.29,0.32,0.03,0.03,77691.37,1777117323000
1777117325.312,125.312,0.65,0.66,0.34,0.35,0.01,0.01,77691.37,1777117323000
1777117325.704,125.704,0.73,0.74,0.29,0.3,0.01,0.01,77691.33,1777117324000
1777117326.052,126.052,0.69,0.7,0.3,0.31,0.01,0.01,77691.33,1777117325000
1777117326.605,126.605,0.69,0.7,0.3,0.31,0.01,0.01,77691.33,1777117325000
1777117327.006,127.006,0.69,0.7,0.3,0.31,0.01,0.01,77691.33,1777117325000
1777117327.675,127.675,0.69,0.72,0.3,0.31,0.03,0.01,77691.33,1777117326000
1777117328.021,128.021,0.71,0.72,0.28,0.29,0.01,0.01,77691.33,1777117326000
1777117328.37,128.37,0.65,0.66,0.34,0.35,0.01,0.01,77691.33,1777117326000
1777117328.707,128.707,0.66,0.67,0.33,0.34,0.01,0.01,77691.41,1777117327000
1777117329.057,129.057,0.66,0.69,0.31,0.34,0.03,0.03,77691.41,1777117327000
1777117329.402,129.402,0.66,0.69,0.33,0.34,0.03,0.01,77691.41,1777117327000
1777117329.775,129.775,0.68,0.73,0.27,0.32,0.05,0.05,77691.46,1777117328000
1777117330.146,130.146,0.68,0.69,0.27,0.32,0.01,0.05,77691.34,1777117329000
1777117330.558,130.558,0.66,0.7,0.27,0.32,0.04,0.05,77691.34,1777117329000
1777117331.135,131.135,0.66,0.7,0.3,0.34,0.04,0.04,77693.39,1777117330000
1777117331.524,131.524,0.69,0.7,0.3,0.31,0.01,0.01,77693.39,1777117330000
1777117331.906,131.906,0.68,0.69,0.3,0.32,0.01,0.02,77693.39,1777117330000
1777117332.242,132.242,0.69,0.7,0.3,0.34,0.01,0.04,77691.35,1777117331000
1777117332.598,132.598,0.68,0.69,0.31,0.32,0.01,0.01,77691.35,1777117331000
1777117332.938,132.938,0.68,0.69,0.31,0.32,0.01,0.01,77691.35,1777117331000
1777117333.271,133.271,0.67,0.68,0.32,0.33,0.01,0.01,77691.35,1777117331000
1777117333.611,133.611,0.67,0.68,0.32,0.33,0.01,0.01,77691.34,1777117332000
1777117333.989,133.989,0.67,0.69,0.32,0.33,0.02,0.01,77691.34,1777117332000
1777117334.357,134.357,0.67,0.68,0.32,0.33,0.01,0.01,77691.35,1777117333000
1777117334.704,134.704,0.67,0.68,0.32,0.33,0.01,0.01,77691.35,1777117333000
1777117335.045,135.045,0.67,0.68,0.32,0.33,0.01,0.01,77691.35,1777117333000
1777117335.38,135.38,0.67,0.68,0.32,0.33,0.01,0.01,77691.35,1777117333000
1777117335.806,135.806,0.67,0.68,0.32,0.33,0.01,0.01,77691.35,1777117334000
1777117336.145,136.145,0.67,0.69,0.31,0.32,0.02,0.01,77691.34,1777117335000
1777117336.573,136.573,0.68,0.69,0.31,0.32,0.01,0.01,77691.34,1777117335000
1777117336.916,136.916,0.68,0.69,0.31,0.32,0.01,0.01,77691.34,1777117335000
1777117337.253,137.253,0.68,0.69,0.31,0.32,0.01,0.01,77691.34,1777117336000
1777117337.66,137.66,0.68,0.69,0.31,0.32,0.01,0.01,77691.34,1777117336000
1777117338.084,138.084,0.68,0.69,0.31,0.32,0.01,0.01,77691.34,1777117337000
1777117338.459,138.459,0.68,0.69,0.31,0.32,0.01,0.01,77691.34,1777117337000
1777117338.927,138.927,0.67,0.69,0.31,0.33,0.02,0.02,77691.34,1777117337000
1777117339.288,139.288,0.64,0.69,0.31,0.32,0.05,0.01,77691.33,1777117338000
1777117339.624,139.624,0.68,0.69,0.31,0.32,0.01,0.01,77691.33,1777117338000
1777117339.975,139.975,0.68,0.69,0.31,0.32,0.01,0.01,77691.33,1777117338000
1777117340.325,140.325,0.65,0.69,0.31,0.32,0.04,0.01,77692.3,1777117339000
1777117340.673,140.673,0.64,0.66,0.33,0.36,0.02,0.03,77692.3,1777117339000
1777117341.043,141.043,0.65,0.66,0.34,0.35,0.01,0.01,77691.35,1777117340000
1777117341.411,141.411,0.65,0.66,0.34,0.35,0.01,0.01,77691.35,1777117340000
1777117341.814,141.814,0.66,0.67,0.33,0.34,0.01,0.01,77691.35,1777117340000
1777117342.246,142.246,0.66,0.67,0.33,0.34,0.01,0.01,77691.35,1777117341000
1777117342.629,142.629,0.65,0.66,0.34,0.35,0.01,0.01,77691.35,1777117341000
1777117342.994,142.994,0.65,0.66,0.34,0.35,0.01,0.01,77691.36,1777117342000
1777117343.391,143.391,0.66,0.67,0.34,0.35,0.01,0.01,77691.36,1777117342000
1777117343.758,143.758,0.65,0.66,0.33,0.35,0.01,0.02,77691.36,1777117342000
1777117344.316,144.316,0.65,0.67,0.34,0.35,0.02,0.01,77691.35,1777117343000
1777117344.683,144.683,0.65,0.67,0.33,0.35,0.02,0.02,77691.35,1777117343000
1777117345.389,145.389,0.65,0.66,0.34,0.35,0.01,0.01,77691.39,1777117344000
1777117345.876,145.876,0.65,0.66,0.34,0.35,0.01,0.01,77691.39,1777117344000
1777117346.229,146.229,0.65,0.66,0.34,0.35,0.01,0.01,77691.39,1777117344000
1777117346.567,146.567,0.65,0.66,0.34,0.35,0.01,0.01,77691.39,1777117345000
1777117347.201,147.201,0.65,0.66,0.33,0.35,0.01,0.02,77691.39,1777117345000
1777117347.58,147.58,0.65,0.66,0.34,0.35,0.01,0.01,77691.39,1777117346000
1777117347.926,147.926,0.65,0.66,0.34,0.35,0.01,0.01,77691.39,1777117346000
1777117348.318,148.318,0.65,0.66,0.34,0.35,0.01,0.01,77691.37,1777117347000
1777117348.67,148.67,0.65,0.66,0.34,0.35,0.01,0.01,77691.37,1777117347000
1777117349.023,149.023,0.65,0.66,0.34,0.35,0.01,0.01,77691.37,1777117347000
1777117349.363,149.363,0.65,0.66,0.34,0.35,0.01,0.01,77691.38,1777117348000
1777117349.767,149.767,0.65,0.66,0.34,0.35,0.01,0.01,77691.38,1777117348000
1777117350.111,150.111,0.65,0.66,0.34,0.35,0.01,0.01,77691.38,1777117349000
1777117350.449,150.449,0.65,0.66,0.34,0.35,0.01,0.01,77691.38,1777117349000
1777117350.954,150.954,0.65,0.66,0.34,0.35,0.01,0.01,77691.5,1777117350000
1777117351.3,151.3,0.66,0.67,0.33,0.35,0.01,0.02,77691.5,1777117350000
1777117351.943,151.943,0.65,0.67,0.33,0.35,0.02,0.02,77691.54,1777117351000
1777117352.411,152.411,0.65,0.66,0.33,0.35,0.01,0.02,77691.54,1777117351000
1777117352.764,152.764,0.65,0.66,0.34,0.35,0.01,0.01,77691.54,1777117351000
1777117353.188,153.188,0.66,0.67,0.33,0.35,0.01,0.02,77691.5,1777117352000
1777117353.539,153.539,0.65,0.67,0.33,0.35,0.02,0.02,77691.5,1777117352000
1777117353.928,153.928,0.65,0.66,0.33,0.35,0.01,0.02,77691.5,1777117352000
1777117354.268,154.268,0.65,0.67,0.33,0.36,0.02,0.03,77691.5,1777117353000
1777117354.668,154.668,0.65,0.66,0.34,0.35,0.01,0.01,77691.5,1777117353000
1777117355.001,155.001,0.65,0.66,0.34,0.35,0.01,0.01,77691.5,1777117354000
1777117355.44,155.44,0.66,0.67,0.33,0.34,0.01,0.01,77691.5,1777117354000
1777117355.874,155.874,0.66,0.67,0.33,0.34,0.01,0.01,77691.5,1777117354000
1777117356.283,156.283,0.66,0.67,0.33,0.34,0.01,0.01,77691.47,1777117355000
1777117356.962,156.962,0.66,0.67,0.33,0.34,0.01,0.01,77691.47,1777117356000
1777117357.639,157.639,0.66,0.67,0.33,0.34,0.01,0.01,77691.47,1777117356000
1777117358.033,158.033,0.66,0.67,0.33,0.34,0.01,0.01,77691.53,1777117357000
1777117358.403,158.403,0.66,0.67,0.33,0.34,0.01,0.01,77691.53,1777117357000
1777117358.885,158.885,0.66,0.67,0.33,0.34,0.01,0.01,77691.5,1777117358000
1777117359.281,159.281,0.66,0.67,0.33,0.34,0.01,0.01,77691.5,1777117358000
1777117359.733,159.733,0.66,0.68,0.32,0.34,0.02,0.02,77691.5,1777117358000
1777117360.288,160.288,0.66,0.69,0.31,0.34,0.03,0.03,77691.51,1777117359000
1777117360.834,160.834,0.68,0.69,0.31,0.32,0.01,0.01,77691.51,1777117359000
1777117361.207,161.207,0.69,0.7,0.3,0.31,0.01,0.01,77691.51,1777117359000
1777117361.724,161.724,0.69,0.7,0.3,0.31,0.01,0.01,77691.51,1777117359000
1777117362.091,162.091,0.69,0.7,0.3,0.31,0.01,0.01,77691.54,1777117360000
1777117362.443,162.443,0.69,0.7,0.3,0.31,0.01,0.01,77691.54,1777117360000
1777117362.799,162.799,0.69,0.7,0.3,0.31,0.01,0.01,77691.58,1777117361000
1777117363.161,163.161,0.69,0.7,0.3,0.31,0.01,0.01,77691.67,1777117362000
1777117363.589,163.589,0.69,0.7,0.3,0.31,0.01,0.01,77691.67,1777117362000
1777117363.943,163.943,0.69,0.7,0.3,0.31,0.01,0.01,77691.67,1777117362000
1777117364.313,164.313,0.69,0.7,0.3,0.31,0.01,0.01,77691.71,1777117363000
1777117364.966,164.966,0.68,0.69,0.31,0.32,0.01,0.01,77691.71,1777117363000
1777117365.328,165.328,0.68,0.69,0.31,0.32,0.01,0.01,77691.71,1777117363000
1777117365.748,165.748,0.68,0.69,0.31,0.32,0.01,0.01,77691.65,1777117364000
1777117366.185,166.185,0.68,0.69,0.3,0.32,0.01,0.02,77691.65,1777117365000
1777117366.528,166.528,0.68,0.7,0.3,0.32,0.02,0.02,77691.65,1777117365000
1777117366.871,166.871,0.69,0.7,0.3,0.31,0.01,0.01,77691.65,1777117365000
1777117367.206,167.206,0.68,0.7,0.3,0.32,0.02,0.02,77691.95,1777117366000
1777117367.556,167.556,0.69,0.7,0.3,0.31,0.01,0.01,77691.95,1777117366000
1777117367.891,167.891,0.69,0.7,0.3,0.31,0.01,0.01,77691.95,1777117366000
1777117368.237,168.237,0.69,0.7,0.3,0.31,0.01,0.01,77691.95,1777117366000
1777117368.591,168.591,0.69,0.7,0.3,0.31,0.01,0.01,77691.68,1777117367000
1777117369.002,169.002,0.69,0.7,0.3,0.31,0.01,0.01,77691.68,1777117367000
1777117369.352,169.352,0.69,0.7,0.3,0.31,0.01,0.01,77691.68,1777117367000
1777117369.857,169.857,0.68,0.69,0.31,0.32,0.01,0.01,77691.69,1777117368000
1777117370.215,170.215,0.68,0.69,0.31,0.32,0.01,0.01,77691.69,1777117369000
1777117370.574,170.574,0.68,0.69,0.31,0.32,0.01,0.01,77691.69,1777117369000
1777117370.922,170.922,0.66,0.67,0.33,0.34,0.01,0.01,77691.69,1777117369000
1777117371.362,171.362,0.66,0.68,0.33,0.34,0.02,0.01,77691.68,1777117370000
1777117371.949,171.949,0.66,0.67,0.33,0.34,0.01,0.01,77691.68,1777117370000
1777117372.375,172.375,0.66,0.67,0.33,0.34,0.01,0.01,77691.52,1777117371000
1777117372.932,172.932,0.66,0.67,0.33,0.34,0.01,0.01,77692.23,1777117372000
1777117373.449,173.449,0.66,0.67,0.33,0.34,0.01,0.01,77692.23,1777117372000
1777117373.827,173.827,0.66,0.68,0.32,0.34,0.02,0.02,77692.23,1777117372000
1777117374.329,174.329,0.67,0.68,0.32,0.33,0.01,0.01,77691.48,1777117373000
1777117374.982,174.982,0.67,0.68,0.32,0.33,0.01,0.01,77691.48,1777117373000
1777117375.321,175.321,0.67,0.68,0.32,0.33,0.01,0.01,77692.63,1777117374000
1777117375.721,175.721,0.67,0.68,0.32,0.33,0.01,0.01,77692.63,1777117374000
1777117376.14,176.14,0.67,0.68,0.32,0.33,0.01,0.01,77692.63,1777117374000
1777117376.492,176.492,0.67,0.68,0.32,0.33,0.01,0.01,77691.52,1777117375000
1777117376.828,176.828,0.67,0.68,0.32,0.33,0.01,0.01,77691.52,1777117375000
1777117377.271,177.271,0.67,0.68,0.32,0.33,0.01,0.01,77691.52,1777117375000
1777117377.662,177.662,0.67,0.68,0.32,0.33,0.01,0.01,77691.55,1777117376000
1777117378.012,178.012,0.67,0.68,0.32,0.33,0.01,0.01,77691.52,1777117377000
1777117378.426,178.426,0.67,0.68,0.32,0.33,0.01,0.01,77691.52,1777117377000
1777117378.808,178.808,0.67,0.68,0.32,0.33,0.01,0.01,77691.52,1777117377000
1777117379.17,179.17,0.67,0.68,0.32,0.33,0.01,0.01,77691.48,1777117378000
1777117379.526,179.526,0.67,0.68,0.32,0.33,0.01,0.01,77691.48,1777117378000
1777117379.867,179.867,0.67,0.68,0.32,0.33,0.01,0.01,77691.48,1777117378000
1777117380.253,180.253,0.67,0.68,0.32,0.33,0.01,0.01,77691.5,1777117379000
1777117380.683,180.683,0.67,0.68,0.32,0.33,0.01,0.01,77691.5,1777117379000
1777117381.133,181.133,0.67,0.68,0.32,0.34,0.01,0.02,77691.48,1777117380000
1777117381.505,181.505,0.67,0.68,0.32,0.33,0.01,0.01,77691.48,1777117380000
1777117381.919,181.919,0.67,0.68,0.32,0.33,0.01,0.01,77691.48,1777117380000
1777117382.285,182.285,0.67,0.68,0.32,0.33,0.01,0.01,77691.55,1777117381000
1777117382.823,182.823,0.67,0.68,0.32,0.33,0.01,0.01,77691.55,1777117381000
1777117383.161,183.161,0.67,0.69,0.31,0.33,0.02,0.02,77691.51,1777117382000
1777117383.537,183.537,0.68,0.69,0.31,0.32,0.01,0.01,77691.51,1777117382000
1777117384.113,184.113,0.68,0.69,0.31,0.32,0.01,0.01,77691.51,1777117383000
1777117384.446,184.446,0.66,0.67,0.33,0.34,0.01,0.01,77691.51,1777117383000
1777117384.793,184.793,0.66,0.67,0.33,0.34,0.01,0.01,77691.51,1777117383000
1777117385.136,185.136,0.66,0.67,0.33,0.34,0.01,0.01,77691.5,1777117384000
1777117385.593,185.593,0.66,0.67,0.33,0.34,0.01,0.01,77691.5,1777117384000
1777117386.15,186.15,0.66,0.69,0.31,0.34,0.03,0.03,77691.56,1777117385000
1777117386.486,186.486,0.66,0.69,0.31,0.34,0.03,0.03,77691.56,1777117385000
1777117386.825,186.825,0.66,0.69,0.31,0.34,0.03,0.03,77691.56,1777117385000
1777117387.728,187.728,0.67,0.69,0.31,0.34,0.02,0.03,77691.55,1777117386000
1777117388.248,188.248,0.68,0.69,0.3,0.33,0.01,0.03,77691.59,1777117387000
1777117388.674,188.674,0.68,0.69,0.31,0.32,0.01,0.01,77691.59,1777117387000
1777117389.023,189.023,0.68,0.7,0.31,0.32,0.02,0.01,77691.59,1777117387000
1777117389.36,189.36,0.68,0.69,0.3,0.32,0.01,0.02,77691.59,1777117387000
1777117389.701,189.701,0.68,0.69,0.31,0.32,0.01,0.01,77691.59,1777117387000
1777117390.196,190.196,0.69,0.7,0.31,0.32,0.01,0.01,77691.59,1777117388000
1777117390.598,190.598,0.71,0.72,0.28,0.3,0.01,0.02,77691.61,1777117389000
1777117390.963,190.963,0.71,0.72,0.28,0.29,0.01,0.01,77691.61,1777117389000
1777117391.3,191.3,0.71,0.72,0.28,0.29,0.01,0.01,77691.61,1777117390000
1777117391.743,191.743,0.71,0.72,0.28,0.29,0.01,0.01,77691.61,1777117390000
1777117392.078,192.078,0.71,0.72,0.28,0.29,0.01,0.01,77691.61,1777117390000
1777117393.341,193.341,0.7,0.72,0.28,0.3,0.02,0.02,77691.61,1777117392000
1777117393.721,193.721,0.71,0.72,0.28,0.3,0.01,0.02,77691.61,1777117392000
1777117394.171,194.171,0.71,0.72,0.28,0.29,0.01,0.01,77691.62,1777117393000
1777117394.594,194.594,0.71,0.72,0.28,0.29,0.01,0.01,77691.62,1777117393000
1777117394.948,194.948,0.7,0.72,0.28,0.29,0.02,0.01,77691.62,1777117393000
1777117395.401,195.401,0.66,0.72,0.28,0.3,0.06,0.02,77691.62,1777117394000
1777117395.829,195.829,0.7,0.72,0.28,0.3,0.02,0.02,77691.62,1777117394000
1777117396.168,196.168,0.7,0.71,0.28,0.3,0.01,0.02,77691.59,1777117395000
1777117396.859,196.859,0.7,0.71,0.29,0.3,0.01,0.01,77691.59,1777117395000
1777117397.36,197.36,0.66,0.71,0.29,0.3,0.05,0.01,77691.59,1777117396000
1777117398.137,198.137,0.67,0.7,0.3,0.33,0.03,0.03,77691.59,1777117397000
1777117398.483,198.483,0.66,0.69,0.31,0.34,0.03,0.03,77691.59,1777117397000
1777117398.916,198.916,0.67,0.68,0.32,0.34,0.01,0.02,77691.59,1777117397000
1777117399.319,199.319,0.68,0.69,0.29,0.33,0.01,0.04,77691.59,1777117397000
1777117400.106,200.106,0.68,0.69,0.31,0.32,0.01,0.01,77691.63,1777117399000
1777117401.076,201.076,0.67,0.69,0.31,0.33,0.02,0.02,77691.63,1777117399000
1777117401.485,201.485,0.67,0.69,0.31,0.33,0.02,0.02,77691.67,1777117400000
1777117402.051,202.051,0.67,0.69,0.31,0.33,0.02,0.02,77691.63,1777117401000
1777117402.582,202.582,0.67,0.69,0.31,0.32,0.02,0.01,77691.63,1777117401000
1777117402.987,202.987,0.67,0.69,0.31,0.33,0.02,0.02,77691.63,1777117401000
1777117403.334,203.334,0.68,0.72,0.28,0.32,0.04,0.04,77691.65,1777117402000
1777117403.715,203.715,0.69,0.7,0.3,0.31,0.01,0.01,77691.65,1777117402000
1777117404.649,204.649,0.69,0.7,0.3,0.31,0.01,0.01,77691.65,1777117403000
1777117405.209,205.209,0.69,0.75,0.25,0.31,0.06,0.06,77691.65,1777117403000
1777117405.668,205.668,0.73,0.74,0.26,0.27,0.01,0.01,77691.65,1777117404000
1777117406.036,206.036,0.7,0.72,0.28,0.3,0.02,0.02,77691.65,1777117405000
1777117406.569,206.569,0.72,0.73,0.27,0.28,0.01,0.01,77691.65,1777117405000
1777117406.956,206.956,0.72,0.73,0.27,0.28,0.01,0.01,77691.65,1777117405000
1777117407.362,207.362,0.72,0.73,0.27,0.28,0.01,0.01,77691.72,1777117406000
1777117407.738,207.738,0.72,0.73,0.27,0.28,0.01,0.01,77691.72,1777117406000
1777117408.399,208.399,0.71,0.73,0.27,0.29,0.02,0.02,77691.72,1777117406000
1777117408.973,208.973,0.71,0.73,0.27,0.29,0.02,0.02,77691.73,1777117408000
1777117409.569,209.569,0.71,0.72,0.28,0.3,0.01,0.02,77691.73,1777117408000
1777117410.063,210.063,0.71,0.72,0.28,0.29,0.01,0.01,77691.73,1777117408000
1777117410.406,210.406,0.7,0.72,0.28,0.3,0.02,0.02,77691.68,1777117409000
1777117410.762,210.762,0.7,0.72,0.28,0.3,0.02,0.02,77691.68,1777117409000
1777117411.169,211.169,0.69,0.71,0.29,0.31,0.02,0.02,77691.68,1777117409000
1777117411.533,211.533,0.71,0.72,0.28,0.3,0.01,0.02,77691.67,1777117410000
1777117411.877,211.877,0.71,0.72,0.28,0.29,0.01,0.01,77691.67,1777117410000
1777117412.515,212.515,0.71,0.72,0.28,0.29,0.01,0.01,77691.67,1777117411000
1777117413.004,213.004,0.71,0.72,0.28,0.29,0.01,0.01,77691.67,1777117411000
1777117413.353,213.353,0.71,0.72,0.25,0.29,0.01,0.04,77691.7,1777117412000
1777117413.695,213.695,0.71,0.72,0.28,0.29,0.01,0.01,77691.7,1777117412000
1777117414.111,214.111,0.69,0.72,0.28,0.29,0.03,0.01,77691.7,1777117412000
1777117414.936,214.936,0.69,0.72,0.28,0.31,0.03,0.03,77691.55,1777117414000
1777117415.47,215.47,0.7,0.71,0.28,0.31,0.01,0.03,77691.55,1777117414000
1777117416.038,216.038,0.7,0.71,0.29,0.3,0.01,0.01,77691.68,1777117415000
1777117416.832,216.832,0.69,0.71,0.29,0.31,0.02,0.02,77691.68,1777117415000
1777117417.184,217.184,0.69,0.71,0.29,0.31,0.02,0.02,77691.72,1777117416000
1777117417.539,217.539,0.7,0.71,0.29,0.31,0.01,0.02,77691.72,1777117416000
1777117417.884,217.884,0.68,0.69,0.31,0.32,0.01,0.01,77691.72,1777117416000
1777117418.299,218.299,0.68,0.69,0.31,0.32,0.01,0.01,77691.72,1777117416000
1777117418.651,218.651,0.68,0.69,0.31,0.32,0.01,0.01,77691.69,1777117417000
1777117418.99,218.99,0.68,0.69,0.31,0.32,0.01,0.01,77691.69,1777117417000
1777117419.337,219.337,0.66,0.69,0.31,0.34,0.03,0.03,77691.69,1777117418000
1777117419.845,219.845,0.68,0.69,0.31,0.32,0.01,0.01,77691.69,1777117418000
1777117420.39,220.39,0.68,0.69,0.31,0.32,0.01,0.01,77691.69,1777117418000
1777117420.725,220.725,0.68,0.69,0.31,0.32,0.01,0.01,77691.66,1777117419000
1777117421.126,221.126,0.67,0.68,0.32,0.33,0.01,0.01,77691.66,1777117419000
1777117421.591,221.591,0.67,0.68,0.32,0.33,0.01,0.01,77691.65,1777117420000
1777117421.981,221.981,0.67,0.68,0.32,0.33,0.01,0.01,77691.65,1777117420000
1777117422.604,222.604,0.66,0.68,0.32,0.34,0.02,0.02,77691.65,1777117421000
1777117423.129,223.129,0.66,0.68,0.32,0.34,0.02,0.02,77691.65,1777117421000
1777117423.506,223.506,0.66,0.68,0.32,0.34,0.02,0.02,77691.66,1777117422000
1777117424.248,224.248,0.66,0.68,0.32,0.34,0.02,0.02,77691.66,1777117423000
1777117424.6,224.6,0.66,0.68,0.32,0.34,0.02,0.02,77691.66,1777117423000
1777117424.969,224.969,0.65,0.66,0.32,0.34,0.01,0.02,77691.66,1777117423000
1777117425.341,225.341,0.65,0.66,0.34,0.35,0.01,0.01,77691.66,1777117424000
1777117425.679,225.679,0.65,0.66,0.34,0.35,0.01,0.01,77691.66,1777117424000
1777117426.045,226.045,0.65,0.66,0.34,0.35,0.01,0.01,77691.66,1777117424000
1777117426.389,226.389,0.65,0.66,0.34,0.36,0.01,0.02,77691.68,1777117425000
1777117426.734,226.734,0.64,0.65,0.35,0.36,0.01,0.01,77691.68,1777117425000
1777117427.117,227.117,0.61,0.62,0.38,0.39,0.01,0.01,77691.68,1777117425000
1777117427.459,227.459,0.6,0.61,0.39,0.4,0.01,0.01,77691.77,1777117426000
1777117427.857,227.857,0.58,0.59,0.41,0.42,0.01,0.01,77691.77,1777117426000
1777117428.204,228.204,0.58,0.59,0.41,0.42,0.01,0.01,77691.77,1777117426000
1777117428.567,228.567,0.58,0.59,0.41,0.43,0.01,0.02,77692.6,1777117427000
1777117429.307,229.307,0.57,0.59,0.41,0.43,0.02,0.02,77692.54,1777117428000
1777117429.727,229.727,0.56,0.59,0.41,0.44,0.03,0.03,77692.54,1777117428000
1777117430.117,230.117,0.58,0.59,0.41,0.44,0.01,0.03,77692.54,1777117428000
1777117430.471,230.471,0.58,0.59,0.41,0.42,0.01,0.01,77692.44,1777117429000
1777117430.813,230.813,0.57,0.59,0.41,0.43,0.02,0.02,77692.44,1777117429000
1777117431.203,231.203,0.58,0.59,0.41,0.43,0.01,0.02,77692.44,1777117430000
1777117431.54,231.54,0.57,0.59,0.41,0.42,0.02,0.01,77692.44,1777117430000
1777117431.882,231.882,0.55,0.56,0.44,0.45,0.01,0.01,77692.44,1777117430000
1777117432.263,232.263,0.55,0.56,0.44,0.45,0.01,0.01,77692.45,1777117431000
1777117432.599,232.599,0.55,0.56,0.44,0.45,0.01,0.01,77692.45,1777117431000
1777117432.942,232.942,0.55,0.56,0.44,0.45,0.01,0.01,77692.16,1777117432000
1777117433.279,233.279,0.55,0.56,0.44,0.45,0.01,0.01,77692.16,1777117432000
1777117433.637,233.637,0.55,0.56,0.44,0.45,0.01,0.01,77692.16,1777117432000
1777117433.994,233.994,0.6,0.61,0.39,0.4,0.01,0.01,77692.16,1777117432000
1777117434.401,234.401,0.59,0.6,0.4,0.41,0.01,0.01,77692.17,1777117433000
1777117434.739,234.739,0.59,0.61,0.4,0.41,0.02,0.01,77692.17,1777117433000
1777117435.182,235.182,0.59,0.6,0.39,0.4,0.01,0.01,77692.17,1777117434000
1777117435.535,235.535,0.59,0.69,0.4,0.41,0.1,0.01,77692.17,1777117434000
1777117435.901,235.901,0.61,0.66,0.31,0.41,0.05,0.1,77692.17,1777117434000
1777117436.41,236.41,0.57,0.66,0.34,0.39,0.09,0.05,77692.25,1777117435000
1777117436.759,236.759,0.64,0.65,0.35,0.36,0.01,0.01,77692.25,1777117435000
1777117437.208,237.208,0.64,0.67,0.35,0.36,0.03,0.01,77692.2,1777117436000
1777117437.931,237.931,0.64,0.67,0.33,0.36,0.03,0.03,77692.26,1777117437000
1777117438.321,238.321,0.64,0.65,0.35,0.36,0.01,0.01,77692.26,1777117437000
1777117438.838,238.838,0.64,0.65,0.35,0.36,0.01,0.01,77692.26,1777117437000
1777117439.279,239.279,0.63,0.65,0.35,0.37,0.02,0.02,77692.26,1777117438000
1777117439.679,239.679,0.68,0.69,0.31,0.32,0.01,0.01,77692.26,1777117438000
1777117440.016,240.016,0.68,0.69,0.31,0.32,0.01,0.01,77692.28,1777117439000
1777117440.376,240.376,0.68,0.7,0.3,0.32,0.02,0.02,77692.28,1777117439000
1777117440.715,240.715,0.68,0.7,0.3,0.32,0.02,0.02,77692.28,1777117439000
1777117441.069,241.069,0.68,0.7,0.3,0.32,0.02,0.02,77695.58,1777117440000
1777117441.414,241.414,0.68,0.69,0.31,0.32,0.01,0.01,77695.58,1777117440000
1777117441.749,241.749,0.55,0.69,0.31,0.45,0.14,0.14,77695.58,1777117440000
1777117442.141,242.141,0.54,0.55,0.45,0.46,0.01,0.01,77698.3,1777117441000
1777117442.524,242.524,0.53,0.56,0.44,0.47,0.03,0.03,77698.3,1777117441000
1777117442.862,242.862,0.53,0.56,0.44,0.47,0.03,0.03,77698.3,1777117441000
1777117443.288,243.288,0.53,0.54,0.46,0.47,0.01,0.01,77687.9,1777117442000
1777117443.676,243.676,0.53,0.54,0.46,0.47,0.01,0.01,77687.9,1777117442000
1777117444.012,244.012,0.52,0.54,0.46,0.48,0.02,0.02,77681.0,1777117443000
1777117444.546,244.546,0.52,0.54,0.46,0.48,0.02,0.02,77681.0,1777117443000
1777117444.89,244.89,0.52,0.54,0.46,0.48,0.02,0.02,77681.0,1777117443000
1777117445.245,245.245,0.52,0.54,0.46,0.48,0.02,0.02,77678.98,1777117444000
1777117445.904,245.904,0.52,0.54,0.46,0.48,0.02,0.02,77678.98,1777117444000
1777117446.288,246.288,0.52,0.54,0.46,0.48,0.02,0.02,77679.51,1777117445000
1777117446.648,246.648,0.53,0.54,0.46,0.47,0.01,0.01,77679.51,1777117445000
1777117446.991,246.991,0.54,0.56,0.44,0.46,0.02,0.02,77679.51,1777117445000
1777117447.341,247.341,0.54,0.56,0.44,0.46,0.02,0.02,77679.52,1777117446000
1777117447.705,247.705,0.51,0.52,0.42,0.48,0.01,0.06,77679.52,1777117446000
1777117448.04,248.04,0.51,0.52,0.48,0.49,0.01,0.01,77679.52,1777117446000
1777117448.378,248.378,0.55,0.56,0.44,0.45,0.01,0.01,77679.52,1777117446000
1777117448.714,248.714,0.57,0.58,0.42,0.43,0.01,0.01,77679.52,1777117446000
1777117449.329,249.329,0.58,0.59,0.41,0.43,0.01,0.02,77679.77,1777117447000
1777117449.695,249.695,0.58,0.59,0.41,0.42,0.01,0.01,77681.31,1777117448000
1777117450.342,250.342,0.58,0.6,0.4,0.42,0.02,0.02,77681.31,1777117448000
1777117450.821,250.821,0.58,0.6,0.4,0.42,0.02,0.02,77681.68,1777117449000
1777117451.525,251.525,0.58,0.59,0.4,0.42,0.01,0.02,77681.7,1777117450000
1777117451.956,251.956,0.58,0.59,0.41,0.42,0.01,0.01,77681.7,1777117450000
1777117452.428,252.428,0.59,0.6,0.4,0.42,0.01,0.02,77681.7,1777117450000
1777117453.005,253.005,0.59,0.63,0.4,0.41,0.04,0.01,77681.73,1777117451000
1777117453.985,253.985,0.59,0.63,0.37,0.42,0.04,0.05,77681.73,1777117452000
1777117454.513,254.513,0.59,0.63,0.37,0.41,0.04,0.04,77681.73,1777117453000
1777117455.415,255.415,0.59,0.63,0.37,0.41,0.04,0.04,77686.16,1777117454000
1777117455.809,255.809,0.56,0.58,0.42,0.44,0.02,0.02,77686.16,1777117454000
1777117456.169,256.169,0.61,0.63,0.37,0.39,0.02,0.02,77687.0,1777117455000
1777117456.506,256.506,0.65,0.66,0.34,0.35,0.01,0.01,77687.0,1777117455000
1777117457.155,257.155,0.64,0.65,0.34,0.37,0.01,0.03,77687.0,1777117455000
1777117457.693,257.693,0.6,0.65,0.36,0.4,0.05,0.04,77687.0,1777117456000
1777117458.11,258.11,0.61,0.63,0.35,0.39,0.02,0.04,77687.0,1777117456000
1777117458.736,258.736,0.6,0.63,0.37,0.39,0.03,0.02,77687.12,1777117457000
1777117459.135,259.135,0.61,0.63,0.37,0.45,0.02,0.08,77687.12,1777117457000
1777117459.518,259.518,0.6,0.63,0.37,0.4,0.03,0.03,77686.44,1777117458000
1777117459.924,259.924,0.62,0.63,0.37,0.38,0.01,0.01,77686.44,1777117458000
1777117460.287,260.287,0.6,0.62,0.38,0.49,0.02,0.11,77686.08,1777117459000
1777117460.665,260.665,0.51,0.56,0.44,0.49,0.05,0.05,77686.08,1777117459000
1777117461.042,261.042,0.59,0.62,0.38,0.41,0.03,0.03,77686.08,1777117459000
1777117461.377,261.377,0.59,0.62,0.38,0.41,0.03,0.03,77686.08,1777117459000
1777117461.728,261.728,0.59,0.6,0.4,0.41,0.01,0.01,77683.98,1777117460000
1777117462.243,262.243,0.59,0.6,0.4,0.41,0.01,0.01,77683.99,1777117461000
1777117462.667,262.667,0.59,0.6,0.4,0.41,0.01,0.01,77683.99,1777117461000
1777117463.026,263.026,0.53,0.58,0.45,0.47,0.05,0.02,77683.99,1777117461000
1777117463.408,263.408,0.54,0.55,0.45,0.47,0.01,0.02,77683.99,1777117461000
1777117463.824,263.824,0.54,0.55,0.45,0.46,0.01,0.01,77684.08,1777117462000
1777117464.187,264.187,0.54,0.55,0.45,0.46,0.01,0.01,77684.09,1777117463000
1777117464.839,264.839,0.54,0.55,0.45,0.46,0.01,0.01,77684.09,1777117463000
1777117465.31,265.31,0.5,0.55,0.45,0.5,0.05,0.05,77684.1,1777117464000
1777117465.835,265.835,0.51,0.52,0.45,0.5,0.01,0.05,77684.1,1777117464000
1777117466.42,266.42,0.51,0.52,0.48,0.49,0.01,0.01,77684.34,1777117465000
1777117466.787,266.787,0.51,0.52,0.48,0.49,0.01,0.01,77684.34,1777117465000
1777117467.173,267.173,0.51,0.52,0.48,0.5,0.01,0.02,77684.34,1777117465000
1777117467.687,267.687,0.51,0.52,0.48,0.49,0.01,0.01,77684.34,1777117465000
1777117468.058,268.058,0.51,0.55,0.45,0.49,0.04,0.04,77684.34,1777117465000
1777117468.401,268.401,0.44,0.45,0.48,0.5,0.01,0.02,77684.36,1777117466000
1777117468.907,268.907,0.44,0.45,0.55,0.56,0.01,0.01,77684.36,1777117466000
1777117469.318,269.318,0.44,0.5,0.55,0.56,0.06,0.01,77684.36,1777117467000
1777117469.67,269.67,0.44,0.45,0.55,0.56,0.01,0.01,77684.31,1777117468000
1777117470.012,270.012,0.43,0.44,0.56,0.57,0.01,0.01,77684.31,1777117468000
1777117470.352,270.352,0.43,0.44,0.56,0.57,0.01,0.01,77684.31,1777117469000
1777117470.692,270.692,0.42,0.43,0.57,0.59,0.01,0.02,77684.31,1777117469000
1777117471.087,271.087,0.42,0.44,0.57,0.58,0.02,0.01,77684.31,1777117469000
1777117471.595,271.595,0.42,0.44,0.57,0.58,0.02,0.01,77684.34,1777117470000
1777117472.134,272.134,0.47,0.48,0.52,0.58,0.01,0.06,77684.34,1777117470000
1777117472.475,272.475,0.46,0.48,0.52,0.54,0.02,0.02,77684.34,1777117470000
1777117472.833,272.833,0.46,0.49,0.53,0.54,0.03,0.01,77684.35,1777117471000
1777117473.379,273.379,0.46,0.49,0.51,0.54,0.03,0.03,77684.34,1777117472000
1777117473.978,273.978,0.38,0.48,0.52,0.53,0.1,0.01,77684.34,1777117472000
1777117474.321,274.321,0.47,0.49,0.52,0.53,0.02,0.01,77684.34,1777117472000
1777117474.764,274.764,0.47,0.48,0.52,0.53,0.01,0.01,77684.34,1777117473000
1777117475.321,275.321,0.47,0.48,0.52,0.53,0.01,0.01,77684.34,1777117474000
1777117475.696,275.696,0.39,0.47,0.53,0.54,0.08,0.01,77684.34,1777117474000
1777117476.142,276.142,0.43,0.48,0.53,0.57,0.05,0.04,77684.34,1777117474000
1777117476.547,276.547,0.43,0.46,0.54,0.55,0.03,0.01,77684.34,1777117474000
1777117477.178,277.178,0.45,0.46,0.54,0.61,0.01,0.07,77685.21,1777117475000
1777117477.536,277.536,0.36,0.39,0.61,0.64,0.03,0.03,77685.21,1777117475000
1777117478.044,278.044,0.36,0.37,0.6,0.64,0.01,0.04,77685.2,1777117476000
1777117478.402,278.402,0.38,0.39,0.6,0.63,0.01,0.03,77685.2,1777117476000
1777117478.765,278.765,0.36,0.37,0.63,0.64,0.01,0.01,77685.2,1777117477000
1777117479.137,279.137,0.35,0.37,0.63,0.64,0.02,0.01,77685.2,1777117477000
1777117479.578,279.578,0.35,0.36,0.64,0.65,0.01,0.01,77684.79,1777117478000
1777117480.093,280.093,0.35,0.36,0.64,0.65,0.01,0.01,77684.79,1777117478000
1777117480.432,280.432,0.35,0.36,0.64,0.65,0.01,0.01,77684.79,1777117478000
1777117480.934,280.934,0.33,0.34,0.66,0.67,0.01,0.01,77684.77,1777117479000
1777117481.426,281.426,0.34,0.6,0.64,0.65,0.26,0.01,77684.77,1777117479000
1777117481.871,281.871,0.41,0.42,0.57,0.59,0.01,0.02,77684.74,1777117480000
1777117482.219,282.219,0.42,0.43,0.57,0.58,0.01,0.01,77684.74,1777117481000
1777117482.558,282.558,0.42,0.43,0.57,0.58,0.01,0.01,77684.74,1777117481000
1777117482.903,282.903,0.42,0.43,0.57,0.58,0.01,0.01,77684.74,1777117481000
1777117483.249,283.249,0.33,0.38,0.57,0.67,0.05,0.1,77684.74,1777117481000
1777117483.587,283.587,0.25,0.28,0.72,0.75,0.03,0.03,77684.74,1777117481000
1777117484.004,284.004,0.25,0.26,0.73,0.75,0.01,0.02,77684.74,1777117482000
1777117484.35,284.35,0.25,0.26,0.74,0.75,0.01,0.01,77684.74,1777117482000
1777117484.764,284.764,0.24,0.25,0.74,0.76,0.01,0.02,77683.28,1777117483000
1777117485.107,285.107,0.24,0.25,0.75,0.76,0.01,0.01,77683.28,1777117483000
1777117485.465,285.465,0.24,0.25,0.75,0.76,0.01,0.01,77683.28,1777117483000
1777117485.799,285.799,0.21,0.22,0.78,0.79,0.01,0.01,77677.74,1777117484000
1777117486.199,286.199,0.2,0.21,0.79,0.8,0.01,0.01,77677.74,1777117484000
1777117486.563,286.563,0.16,0.17,0.81,0.84,0.01,0.03,77677.73,1777117485000
1777117486.944,286.944,0.16,0.17,0.83,0.84,0.01,0.01,77677.73,1777117485000
1777117487.366,287.366,0.15,0.16,0.84,0.85,0.01,0.01,77676.52,1777117486000
1777117487.726,287.726,0.15,0.16,0.84,0.85,0.01,0.01,77676.52,1777117486000
1777117488.068,288.068,0.15,0.16,0.84,0.85,0.01,0.01,77676.52,1777117486000
1777117488.521,288.521,0.13,0.14,0.86,0.87,0.01,0.01,77676.52,1777117486000
1777117488.982,288.982,0.13,0.14,0.86,0.87,0.01,0.01,77670.67,1777117487000
1777117489.479,289.479,0.13,0.14,0.86,0.87,0.01,0.01,77668.37,1777117488000
1777117489.845,289.845,0.13,0.17,0.84,0.87,0.04,0.03,77668.37,1777117488000
1777117490.333,290.333,0.13,0.14,0.83,0.87,0.01,0.04,77668.37,1777117488000
1777117490.775,290.775,0.13,0.14,0.83,0.87,0.01,0.04,77668.37,1777117488000
1777117491.175,291.175,0.13,0.14,0.86,0.87,0.01,0.01,77668.26,1777117489000
1777117491.541,291.541,0.13,0.17,0.83,0.87,0.04,0.04,77668.26,1777117489000
1777117491.904,291.904,0.11,0.15,0.85,0.89,0.04,0.04,77668.27,1777117490000
1777117492.257,292.257,0.11,0.14,0.84,0.89,0.03,0.05,77668.27,1777117490000
1777117492.62,292.62,0.11,0.12,0.86,0.89,0.01,0.03,77665.55,1777117491000
1777117492.974,292.974,0.11,0.12,0.88,0.89,0.01,0.01,77665.55,1777117491000
1777117493.313,293.313,0.11,0.12,0.88,0.89,0.01,0.01,77663.32,1777117492000
1777117493.724,293.724,0.07,0.09,0.92,0.93,0.02,0.01,77663.32,1777117492000
1777117494.069,294.069,0.07,0.09,0.92,0.93,0.02,0.01,77663.32,1777117492000
1777117494.403,294.403,0.05,0.06,0.93,0.95,0.01,0.02,77663.32,1777117492000
1777117494.737,294.737,0.05,0.06,0.91,0.95,0.01,0.04,77662.44,1777117493000
1777117495.077,295.077,0.05,0.1,0.94,0.95,0.05,0.01,77662.44,1777117493000
1777117495.461,295.461,0.05,0.09,0.91,0.94,0.04,0.03,77662.4,1777117494000
1777117495.816,295.816,0.05,0.08,0.94,0.95,0.03,0.01,77662.4,1777117494000
1777117496.246,296.246,0.05,0.06,0.93,0.95,0.01,0.02,77662.4,1777117494000
1777117496.706,296.706,0.05,0.08,0.92,0.95,0.03,0.03,77662.4,1777117494000
1777117497.053,297.053,0.05,0.06,0.94,0.95,0.01,0.01,77662.2,1777117495000
1777117497.437,297.437,0.05,0.06,0.94,0.95,0.01,0.01,77662.2,1777117495000
1777117497.794,297.794,0.04,0.06,0.94,0.95,0.02,0.01,77662.2,1777117496000
1777117498.128,298.128,0.03,0.07,0.93,0.97,0.04,0.04,77662.2,1777117496000
1777117498.5,298.5,0.02,0.05,0.95,0.98,0.03,0.03,77662.2,1777117497000
1777117498.837,298.837,0.01,0.02,0.98,0.99,0.01,0.01,77662.2,1777117497000
1777117499.176,299.176,0.01,0.03,0.97,0.99,0.02,0.02,77662.19,1777117498000
1777117499.569,299.569,0.01,0.01,0.99,0.99,0.0,0.0,77662.19,1777117498000
1777117499.912,299.912,0.01,0.01,0.99,0.99,0.0,0.0,77662.19,1777117498000
1777117500.257,300.257,0.01,0.01,0.99,0.99,0.0,0.0,77662.19,1777117498000
1777117500.596,300.596,0.01,0.01,0.99,0.99,0.0,0.0,77662.19,1777117499000

# RESULT,winner=Down,slug=btc-updown-5m-1777117200,ticks=703
