timestamp,elapsed_sec,up_bid,up_ask,down_bid,down_ask,up_spread,down_spread,btc_price,btc_oracle_ts
1777121400.581,0.581,0.58,0.59,0.41,0.42,0.01,0.01,77564.01,1777121399000
1777121401.185,1.185,0.58,0.59,0.4,0.42,0.01,0.02,77564.01,1777121399000
1777121401.539,1.539,0.58,0.59,0.41,0.42,0.01,0.01,77563.38,1777121400000
1777121401.914,1.914,0.56,0.58,0.42,0.44,0.02,0.02,77563.09,1777121401000
1777121402.278,2.278,0.56,0.57,0.42,0.44,0.01,0.02,77563.09,1777121401000
1777121402.634,2.634,0.56,0.57,0.43,0.44,0.01,0.01,77563.09,1777121401000
1777121403.031,3.031,0.56,0.57,0.43,0.44,0.01,0.01,77563.09,1777121401000
1777121403.379,3.379,0.56,0.57,0.43,0.44,0.01,0.01,77562.74,1777121402000
1777121403.733,3.733,0.56,0.57,0.43,0.44,0.01,0.01,77562.74,1777121402000
1777121404.124,4.124,0.56,0.57,0.43,0.44,0.01,0.01,77562.74,1777121402000
1777121404.462,4.462,0.56,0.57,0.43,0.44,0.01,0.01,77562.82,1777121403000
1777121404.838,4.838,0.55,0.56,0.44,0.45,0.01,0.01,77562.82,1777121403000
1777121405.371,5.371,0.54,0.55,0.45,0.46,0.01,0.01,77562.78,1777121404000
1777121405.745,5.745,0.54,0.55,0.45,0.46,0.01,0.01,77562.78,1777121404000
1777121406.097,6.097,0.54,0.55,0.45,0.46,0.01,0.01,77562.78,1777121405000
1777121406.562,6.562,0.55,0.56,0.44,0.45,0.01,0.01,77562.78,1777121405000
1777121407.014,7.014,0.55,0.56,0.44,0.45,0.01,0.01,77562.78,1777121405000
1777121407.379,7.379,0.55,0.56,0.44,0.45,0.01,0.01,77562.78,1777121405000
1777121407.956,7.956,0.56,0.57,0.44,0.45,0.01,0.01,77563.01,1777121406000
1777121408.291,8.291,0.56,0.57,0.43,0.44,0.01,0.01,77563.69,1777121407000
1777121408.625,8.625,0.57,0.58,0.42,0.44,0.01,0.02,77563.69,1777121407000
1777121409.128,9.128,0.57,0.58,0.42,0.43,0.01,0.01,77563.69,1777121407000
1777121409.497,9.497,0.57,0.58,0.42,0.43,0.01,0.01,77563.69,1777121407000
1777121410.228,10.228,0.57,0.58,0.42,0.43,0.01,0.01,77563.89,1777121408000
1777121410.644,10.644,0.56,0.57,0.43,0.44,0.01,0.01,77563.97,1777121409000
1777121411.296,11.296,0.56,0.57,0.43,0.44,0.01,0.01,77564.09,1777121410000
1777121411.642,11.642,0.56,0.57,0.43,0.44,0.01,0.01,77564.09,1777121410000
1777121412.135,12.135,0.56,0.57,0.43,0.44,0.01,0.01,77564.18,1777121411000
1777121412.978,12.978,0.56,0.57,0.43,0.44,0.01,0.01,77564.18,1777121411000
1777121413.628,13.628,0.56,0.57,0.43,0.44,0.01,0.01,77564.11,1777121412000
1777121414.056,14.056,0.56,0.57,0.43,0.44,0.01,0.01,77564.11,1777121412000
1777121414.428,14.428,0.57,0.58,0.42,0.43,0.01,0.01,77564.11,1777121413000
1777121414.811,14.811,0.57,0.58,0.42,0.43,0.01,0.01,77564.11,1777121413000
1777121415.331,15.331,0.57,0.58,0.42,0.43,0.01,0.01,77564.13,1777121414000
1777121415.746,15.746,0.57,0.58,0.42,0.43,0.01,0.01,77564.13,1777121414000
1777121416.11,16.11,0.57,0.58,0.42,0.43,0.01,0.01,77564.13,1777121414000
1777121416.476,16.476,0.57,0.58,0.42,0.43,0.01,0.01,77564.13,1777121414000
1777121416.835,16.835,0.59,0.6,0.4,0.41,0.01,0.01,77564.17,1777121415000
1777121417.187,17.187,0.59,0.6,0.4,0.41,0.01,0.01,77564.17,1777121415000
1777121417.633,17.633,0.59,0.6,0.4,0.41,0.01,0.01,77564.17,1777121415000
1777121417.991,17.991,0.59,0.6,0.4,0.41,0.01,0.01,77564.45,1777121416000
1777121418.347,18.347,0.59,0.6,0.4,0.41,0.01,0.01,77564.45,1777121417000
1777121418.757,18.757,0.59,0.6,0.4,0.41,0.01,0.01,77564.45,1777121417000
1777121419.244,19.244,0.59,0.6,0.4,0.41,0.01,0.01,77564.45,1777121417000
1777121419.577,19.577,0.59,0.6,0.4,0.41,0.01,0.01,77564.45,1777121417000
1777121420.246,20.246,0.59,0.6,0.4,0.41,0.01,0.01,77568.02,1777121419000
1777121420.737,20.737,0.59,0.6,0.4,0.41,0.01,0.01,77568.02,1777121419000
1777121421.096,21.096,0.59,0.6,0.4,0.41,0.01,0.01,77568.02,1777121419000
1777121421.439,21.439,0.59,0.6,0.4,0.41,0.01,0.01,77568.02,1777121419000
1777121421.778,21.778,0.59,0.65,0.4,0.41,0.06,0.01,77568.02,1777121419000
1777121422.12,22.12,0.65,0.67,0.33,0.35,0.02,0.02,77569.64,1777121420000
1777121422.485,22.485,0.66,0.67,0.33,0.34,0.01,0.01,77573.44,1777121421000
1777121422.857,22.857,0.68,0.7,0.31,0.32,0.02,0.01,77573.44,1777121421000
1777121423.294,23.294,0.69,0.7,0.3,0.31,0.01,0.01,77573.44,1777121421000
1777121423.664,23.664,0.69,0.7,0.3,0.31,0.01,0.01,77575.09,1777121422000
1777121424.114,24.114,0.7,0.71,0.29,0.31,0.01,0.02,77575.09,1777121422000
1777121424.615,24.615,0.7,0.71,0.29,0.3,0.01,0.01,77575.15,1777121423000
1777121424.974,24.974,0.7,0.71,0.29,0.3,0.01,0.01,77575.58,1777121424000
1777121425.339,25.339,0.69,0.7,0.3,0.31,0.01,0.01,77575.58,1777121424000
1777121425.932,25.932,0.7,0.71,0.29,0.3,0.01,0.01,77575.58,1777121424000
1777121426.374,26.374,0.7,0.71,0.29,0.3,0.01,0.01,77575.78,1777121425000
1777121427.078,27.078,0.7,0.71,0.29,0.3,0.01,0.01,77575.69,1777121426000
1777121427.472,27.472,0.7,0.71,0.29,0.3,0.01,0.01,77575.69,1777121426000
1777121427.939,27.939,0.69,0.71,0.29,0.3,0.02,0.01,77575.69,1777121426000
1777121428.424,28.424,0.69,0.7,0.29,0.31,0.01,0.02,77575.62,1777121427000
1777121428.828,28.828,0.7,0.71,0.29,0.3,0.01,0.01,77575.62,1777121427000
1777121429.255,29.255,0.7,0.71,0.29,0.3,0.01,0.01,77575.67,1777121428000
1777121429.646,29.646,0.7,0.71,0.29,0.3,0.01,0.01,77575.67,1777121428000
1777121430.023,30.023,0.69,0.71,0.29,0.31,0.02,0.02,77576.47,1777121429000
1777121430.452,30.452,0.69,0.7,0.3,0.31,0.01,0.01,77576.47,1777121429000
1777121430.844,30.844,0.69,0.7,0.3,0.31,0.01,0.01,77576.47,1777121429000
1777121431.235,31.235,0.69,0.7,0.3,0.31,0.01,0.01,77577.04,1777121430000
1777121431.671,31.671,0.69,0.7,0.3,0.31,0.01,0.01,77577.04,1777121430000
1777121432.038,32.038,0.69,0.7,0.3,0.31,0.01,0.01,77577.03,1777121431000
1777121432.398,32.398,0.69,0.7,0.3,0.31,0.01,0.01,77577.03,1777121431000
1777121432.799,32.799,0.69,0.7,0.3,0.31,0.01,0.01,77577.03,1777121431000
1777121433.262,33.262,0.68,0.7,0.3,0.31,0.02,0.01,77577.01,1777121432000
1777121433.998,33.998,0.68,0.69,0.31,0.32,0.01,0.01,77577.36,1777121433000
1777121434.363,34.363,0.68,0.69,0.31,0.32,0.01,0.01,77577.36,1777121433000
1777121434.854,34.854,0.68,0.69,0.31,0.32,0.01,0.01,77577.4,1777121434000
1777121435.515,35.515,0.69,0.7,0.3,0.31,0.01,0.01,77577.4,1777121434000
1777121435.993,35.993,0.69,0.7,0.3,0.31,0.01,0.01,77577.4,1777121434000
1777121436.68,36.68,0.69,0.7,0.3,0.31,0.01,0.01,77577.4,1777121434000
1777121437.048,37.048,0.69,0.7,0.3,0.31,0.01,0.01,77577.43,1777121435000
1777121437.553,37.553,0.69,0.7,0.3,0.31,0.01,0.01,77577.43,1777121436000
1777121437.939,37.939,0.69,0.7,0.3,0.31,0.01,0.01,77577.43,1777121436000
1777121438.286,38.286,0.69,0.7,0.3,0.31,0.01,0.01,77577.57,1777121437000
1777121438.757,38.757,0.69,0.7,0.3,0.31,0.01,0.01,77577.57,1777121437000
1777121439.346,39.346,0.69,0.7,0.3,0.31,0.01,0.01,77577.57,1777121437000
1777121439.685,39.685,0.69,0.7,0.3,0.31,0.01,0.01,77577.54,1777121438000
1777121440.131,40.131,0.69,0.7,0.3,0.31,0.01,0.01,77577.54,1777121438000
1777121440.999,40.999,0.69,0.7,0.3,0.31,0.01,0.01,77577.54,1777121439000
1777121441.892,41.892,0.69,0.7,0.3,0.31,0.01,0.01,77577.49,1777121440000
1777121442.329,42.329,0.69,0.7,0.3,0.31,0.01,0.01,77577.04,1777121441000
1777121442.785,42.785,0.69,0.7,0.3,0.32,0.01,0.02,77577.04,1777121441000
1777121443.536,43.536,0.69,0.7,0.3,0.31,0.01,0.01,77577.02,1777121442000
1777121444.219,44.219,0.69,0.7,0.3,0.31,0.01,0.01,77577.03,1777121443000
1777121444.647,44.647,0.69,0.7,0.3,0.31,0.01,0.01,77577.03,1777121443000
1777121445.571,45.571,0.69,0.7,0.3,0.31,0.01,0.01,77577.03,1777121443000
1777121446.232,46.232,0.69,0.7,0.3,0.31,0.01,0.01,77577.65,1777121445000
1777121446.837,46.837,0.69,0.7,0.3,0.31,0.01,0.01,77577.65,1777121445000
1777121447.375,47.375,0.69,0.7,0.3,0.31,0.01,0.01,77577.5,1777121446000
1777121447.709,47.709,0.67,0.7,0.3,0.33,0.03,0.03,77577.5,1777121446000
1777121448.138,48.138,0.69,0.7,0.3,0.31,0.01,0.01,77577.84,1777121447000
1777121449.015,49.015,0.69,0.7,0.3,0.31,0.01,0.01,77577.85,1777121448000
1777121449.365,49.365,0.69,0.7,0.3,0.31,0.01,0.01,77577.85,1777121448000
1777121449.862,49.862,0.7,0.71,0.29,0.31,0.01,0.02,77577.85,1777121448000
1777121450.316,50.316,0.7,0.71,0.29,0.3,0.01,0.01,77577.85,1777121449000
1777121450.733,50.733,0.7,0.71,0.29,0.3,0.01,0.01,77577.85,1777121449000
1777121451.091,51.091,0.7,0.71,0.29,0.3,0.01,0.01,77577.85,1777121449000
1777121451.56,51.56,0.7,0.71,0.29,0.3,0.01,0.01,77577.85,1777121449000
1777121451.922,51.922,0.69,0.7,0.29,0.31,0.01,0.02,77578.24,1777121450000
1777121452.318,52.318,0.69,0.7,0.3,0.31,0.01,0.01,77578.24,1777121450000
1777121452.715,52.715,0.68,0.7,0.3,0.32,0.02,0.02,77578.24,1777121450000
1777121453.118,53.118,0.68,0.69,0.29,0.31,0.01,0.02,77578.26,1777121451000
1777121453.738,53.738,0.67,0.68,0.32,0.33,0.01,0.01,77578.27,1777121452000
1777121454.085,54.085,0.67,0.68,0.32,0.33,0.01,0.01,77578.18,1777121453000
1777121454.684,54.684,0.66,0.67,0.32,0.34,0.01,0.02,77578.18,1777121453000
1777121455.106,55.106,0.66,0.67,0.33,0.34,0.01,0.01,77578.18,1777121453000
1777121455.667,55.667,0.66,0.67,0.33,0.34,0.01,0.01,77578.18,1777121453000
1777121456.096,56.096,0.66,0.67,0.33,0.34,0.01,0.01,77577.43,1777121454000
1777121456.471,56.471,0.66,0.67,0.33,0.34,0.01,0.01,77577.38,1777121455000
1777121456.835,56.835,0.66,0.67,0.33,0.34,0.01,0.01,77577.38,1777121455000
1777121457.223,57.223,0.66,0.67,0.33,0.34,0.01,0.01,77577.38,1777121455000
1777121457.579,57.579,0.66,0.68,0.32,0.34,0.02,0.02,77577.46,1777121456000
1777121457.921,57.921,0.67,0.68,0.32,0.33,0.01,0.01,77577.46,1777121456000
1777121458.314,58.314,0.66,0.67,0.33,0.34,0.01,0.01,77577.44,1777121457000
1777121459.005,59.005,0.67,0.68,0.32,0.34,0.01,0.02,77577.44,1777121457000
1777121459.405,59.405,0.66,0.68,0.32,0.34,0.02,0.02,77577.44,1777121457000
1777121459.799,59.799,0.66,0.67,0.33,0.34,0.01,0.01,77577.4,1777121458000
1777121460.268,60.268,0.66,0.67,0.33,0.34,0.01,0.01,77577.4,1777121459000
1777121460.856,60.856,0.66,0.67,0.33,0.34,0.01,0.01,77577.4,1777121459000
1777121461.603,61.603,0.68,0.7,0.31,0.32,0.02,0.01,77577.34,1777121460000
1777121461.989,61.989,0.68,0.69,0.31,0.32,0.01,0.01,77577.34,1777121460000
1777121462.363,62.363,0.69,0.7,0.3,0.31,0.01,0.01,77577.34,1777121460000
1777121463.007,63.007,0.69,0.7,0.3,0.31,0.01,0.01,77578.07,1777121462000
1777121463.614,63.614,0.69,0.7,0.3,0.31,0.01,0.01,77578.07,1777121462000
1777121463.952,63.952,0.69,0.7,0.3,0.31,0.01,0.01,77578.07,1777121462000
1777121464.291,64.291,0.69,0.7,0.3,0.31,0.01,0.01,77578.07,1777121463000
1777121464.71,64.71,0.69,0.7,0.3,0.31,0.01,0.01,77578.07,1777121463000
1777121465.169,65.169,0.7,0.71,0.29,0.31,0.01,0.02,77578.07,1777121463000
1777121465.552,65.552,0.7,0.72,0.29,0.3,0.02,0.01,77578.07,1777121463000
1777121465.911,65.911,0.71,0.72,0.28,0.29,0.01,0.01,77578.14,1777121464000
1777121466.388,66.388,0.71,0.72,0.28,0.29,0.01,0.01,77578.14,1777121465000
1777121466.773,66.773,0.72,0.73,0.27,0.28,0.01,0.01,77578.14,1777121465000
1777121467.114,67.114,0.72,0.73,0.27,0.28,0.01,0.01,77578.14,1777121465000
1777121467.516,67.516,0.72,0.73,0.27,0.28,0.01,0.01,77578.14,1777121465000
1777121468.174,68.174,0.71,0.72,0.27,0.29,0.01,0.02,77578.32,1777121466000
1777121468.795,68.795,0.71,0.72,0.28,0.29,0.01,0.01,77578.31,1777121467000
1777121469.516,69.516,0.71,0.72,0.28,0.29,0.01,0.01,77578.31,1777121468000
1777121469.928,69.928,0.71,0.72,0.28,0.29,0.01,0.01,77577.93,1777121469000
1777121470.507,70.507,0.71,0.72,0.28,0.29,0.01,0.01,77577.93,1777121469000
1777121470.945,70.945,0.71,0.72,0.28,0.29,0.01,0.01,77577.88,1777121470000
1777121471.404,71.404,0.71,0.73,0.28,0.29,0.02,0.01,77577.88,1777121470000
1777121471.796,71.796,0.71,0.73,0.27,0.29,0.02,0.02,77577.88,1777121470000
1777121472.453,72.453,0.73,0.74,0.27,0.28,0.01,0.01,77577.93,1777121471000
1777121472.902,72.902,0.73,0.74,0.26,0.27,0.01,0.01,77577.93,1777121471000
1777121473.316,73.316,0.73,0.74,0.26,0.27,0.01,0.01,77577.93,1777121472000
1777121473.769,73.769,0.73,0.74,0.26,0.27,0.01,0.01,77577.93,1777121472000
1777121474.269,74.269,0.73,0.74,0.26,0.27,0.01,0.01,77577.93,1777121473000
1777121474.656,74.656,0.73,0.74,0.26,0.27,0.01,0.01,77577.93,1777121473000
1777121475.072,75.072,0.71,0.74,0.26,0.27,0.03,0.01,77577.93,1777121473000
1777121475.609,75.609,0.71,0.72,0.27,0.29,0.01,0.02,77577.9,1777121474000
1777121476.279,76.279,0.71,0.72,0.28,0.29,0.01,0.01,77577.9,1777121474000
1777121476.618,76.618,0.71,0.72,0.28,0.29,0.01,0.01,77577.9,1777121475000
1777121477.335,77.335,0.71,0.72,0.28,0.29,0.01,0.01,77577.9,1777121476000
1777121477.921,77.921,0.71,0.72,0.28,0.29,0.01,0.01,77577.91,1777121477000
1777121478.382,78.382,0.71,0.72,0.28,0.29,0.01,0.01,77577.91,1777121477000
1777121478.83,78.83,0.71,0.72,0.28,0.29,0.01,0.01,77577.91,1777121477000
1777121479.707,79.707,0.71,0.72,0.28,0.29,0.01,0.01,77577.91,1777121478000
1777121480.12,80.12,0.71,0.72,0.28,0.29,0.01,0.01,77577.91,1777121478000
1777121480.681,80.681,0.71,0.72,0.28,0.29,0.01,0.01,77577.91,1777121479000
1777121481.28,81.28,0.71,0.72,0.28,0.29,0.01,0.01,77577.85,1777121480000
1777121481.747,81.747,0.71,0.72,0.28,0.29,0.01,0.01,77577.85,1777121480000
1777121482.132,82.132,0.71,0.72,0.28,0.29,0.01,0.01,77577.85,1777121480000
1777121482.488,82.488,0.71,0.72,0.28,0.29,0.01,0.01,77577.84,1777121481000
1777121482.865,82.865,0.71,0.72,0.28,0.29,0.01,0.01,77577.84,1777121481000
1777121483.228,83.228,0.71,0.72,0.28,0.29,0.01,0.01,77577.84,1777121482000
1777121483.574,83.574,0.72,0.73,0.27,0.29,0.01,0.02,77577.84,1777121482000
1777121484.335,84.335,0.72,0.73,0.27,0.28,0.01,0.01,77577.84,1777121482000
1777121484.811,84.811,0.72,0.73,0.27,0.29,0.01,0.02,77577.84,1777121483000
1777121485.339,85.339,0.71,0.72,0.27,0.28,0.01,0.01,77577.91,1777121484000
1777121485.758,85.758,0.73,0.74,0.26,0.28,0.01,0.02,77577.91,1777121484000
1777121486.183,86.183,0.72,0.73,0.27,0.28,0.01,0.01,77577.88,1777121485000
1777121486.553,86.553,0.73,0.74,0.26,0.27,0.01,0.01,77577.88,1777121485000
1777121487.021,87.021,0.72,0.74,0.26,0.27,0.02,0.01,77577.88,1777121485000
1777121487.514,87.514,0.73,0.74,0.26,0.28,0.01,0.02,77577.88,1777121486000
1777121488.043,88.043,0.73,0.74,0.26,0.27,0.01,0.01,77577.82,1777121487000
1777121488.471,88.471,0.73,0.74,0.26,0.27,0.01,0.01,77577.82,1777121487000
1777121489.03,89.03,0.73,0.75,0.26,0.27,0.02,0.01,77577.82,1777121487000
1777121489.482,89.482,0.73,0.74,0.25,0.27,0.01,0.02,77577.82,1777121488000
1777121489.878,89.878,0.74,0.75,0.25,0.27,0.01,0.02,77577.82,1777121488000
1777121490.335,90.335,0.74,0.75,0.25,0.26,0.01,0.01,77577.82,1777121488000
1777121490.676,90.676,0.73,0.74,0.25,0.27,0.01,0.02,77577.88,1777121489000
1777121491.403,91.403,0.72,0.73,0.27,0.28,0.01,0.01,77577.88,1777121490000
1777121491.749,91.749,0.72,0.73,0.27,0.28,0.01,0.01,77577.88,1777121490000
1777121492.464,92.464,0.72,0.73,0.27,0.28,0.01,0.01,77577.82,1777121491000
1777121492.954,92.954,0.72,0.73,0.27,0.28,0.01,0.01,77577.82,1777121491000
1777121493.527,93.527,0.71,0.72,0.27,0.28,0.01,0.01,77577.72,1777121492000
1777121493.966,93.966,0.71,0.72,0.28,0.29,0.01,0.01,77577.72,1777121492000
1777121494.477,94.477,0.71,0.72,0.28,0.29,0.01,0.01,77577.63,1777121493000
1777121495.037,95.037,0.7,0.71,0.29,0.3,0.01,0.01,77577.64,1777121494000
1777121495.586,95.586,0.69,0.7,0.3,0.31,0.01,0.01,77577.64,1777121494000
1777121496.183,96.183,0.69,0.7,0.3,0.31,0.01,0.01,77574.25,1777121495000
1777121496.678,96.678,0.69,0.7,0.3,0.31,0.01,0.01,77574.25,1777121495000
1777121497.437,97.437,0.69,0.7,0.3,0.31,0.01,0.01,77574.3,1777121496000
1777121497.896,97.896,0.68,0.69,0.31,0.32,0.01,0.01,77574.3,1777121496000
1777121499.161,99.161,0.68,0.69,0.31,0.32,0.01,0.01,77574.37,1777121498000
1777121499.6,99.6,0.68,0.69,0.31,0.32,0.01,0.01,77574.37,1777121498000
1777121500.022,100.022,0.68,0.69,0.31,0.32,0.01,0.01,77574.37,1777121498000
1777121500.654,100.654,0.68,0.69,0.31,0.32,0.01,0.01,77574.37,1777121499000
1777121501.176,101.176,0.68,0.69,0.31,0.32,0.01,0.01,77574.39,1777121500000
1777121501.86,101.86,0.68,0.69,0.31,0.32,0.01,0.01,77574.39,1777121500000
1777121502.445,102.445,0.68,0.69,0.31,0.32,0.01,0.01,77574.49,1777121501000
1777121502.92,102.92,0.68,0.69,0.31,0.32,0.01,0.01,77574.49,1777121501000
1777121503.256,103.256,0.68,0.69,0.31,0.32,0.01,0.01,77574.49,1777121501000
1777121503.72,103.72,0.68,0.69,0.31,0.32,0.01,0.01,77575.54,1777121502000
1777121504.067,104.067,0.68,0.69,0.31,0.32,0.01,0.01,77575.54,1777121502000
1777121504.475,104.475,0.68,0.69,0.31,0.32,0.01,0.01,77575.87,1777121503000
1777121505.076,105.076,0.68,0.69,0.31,0.32,0.01,0.01,77575.88,1777121504000
1777121505.455,105.455,0.67,0.69,0.31,0.32,0.02,0.01,77575.88,1777121504000
1777121506.185,106.185,0.66,0.69,0.31,0.34,0.03,0.03,77575.94,1777121505000
1777121506.593,106.593,0.67,0.68,0.31,0.34,0.01,0.03,77575.94,1777121505000
1777121507.356,107.356,0.67,0.68,0.32,0.33,0.01,0.01,77575.9,1777121506000
1777121507.809,107.809,0.67,0.68,0.32,0.33,0.01,0.01,77575.9,1777121506000
1777121508.218,108.218,0.67,0.68,0.32,0.33,0.01,0.01,77575.91,1777121507000
1777121508.663,108.663,0.67,0.68,0.32,0.33,0.01,0.01,77575.91,1777121507000
1777121509.101,109.101,0.67,0.68,0.32,0.33,0.01,0.01,77575.86,1777121508000
1777121509.571,109.571,0.67,0.68,0.32,0.33,0.01,0.01,77575.86,1777121508000
1777121509.992,109.992,0.67,0.69,0.32,0.33,0.02,0.01,77575.86,1777121508000
1777121510.728,110.728,0.68,0.69,0.31,0.33,0.01,0.02,77575.85,1777121509000
1777121511.282,111.282,0.7,0.71,0.29,0.3,0.01,0.01,77575.85,1777121509000
1777121511.704,111.704,0.7,0.71,0.29,0.3,0.01,0.01,77575.9,1777121510000
1777121512.223,112.223,0.71,0.72,0.29,0.3,0.01,0.01,77575.91,1777121511000
1777121513.124,113.124,0.71,0.72,0.28,0.29,0.01,0.01,77576.0,1777121512000
1777121513.494,113.494,0.71,0.72,0.28,0.29,0.01,0.01,77576.0,1777121512000
1777121513.898,113.898,0.71,0.72,0.28,0.29,0.01,0.01,77576.0,1777121512000
1777121514.248,114.248,0.71,0.72,0.28,0.29,0.01,0.01,77576.01,1777121513000
1777121514.666,114.666,0.71,0.72,0.28,0.29,0.01,0.01,77576.01,1777121513000
1777121515.001,115.001,0.71,0.72,0.28,0.29,0.01,0.01,77576.01,1777121513000
1777121515.49,115.49,0.71,0.72,0.28,0.29,0.01,0.01,77576.04,1777121514000
1777121515.895,115.895,0.71,0.72,0.28,0.29,0.01,0.01,77576.04,1777121514000
1777121516.29,116.29,0.71,0.72,0.28,0.29,0.01,0.01,77576.05,1777121515000
1777121516.639,116.639,0.74,0.75,0.28,0.29,0.01,0.01,77576.05,1777121515000
1777121516.993,116.993,0.75,0.76,0.24,0.25,0.01,0.01,77576.05,1777121515000
1777121517.4,117.4,0.76,0.77,0.23,0.24,0.01,0.01,77576.05,1777121515000
1777121517.768,117.768,0.76,0.77,0.23,0.24,0.01,0.01,77576.09,1777121516000
1777121518.152,118.152,0.76,0.77,0.23,0.24,0.01,0.01,77576.14,1777121517000
1777121518.59,118.59,0.77,0.78,0.22,0.23,0.01,0.01,77576.14,1777121517000
1777121518.956,118.956,0.79,0.8,0.2,0.22,0.01,0.02,77576.14,1777121517000
1777121519.301,119.301,0.79,0.8,0.2,0.21,0.01,0.01,77576.91,1777121518000
1777121519.756,119.756,0.79,0.8,0.2,0.21,0.01,0.01,77576.91,1777121518000
1777121520.152,120.152,0.79,0.8,0.2,0.21,0.01,0.01,77578.78,1777121519000
1777121521.002,121.002,0.79,0.83,0.2,0.21,0.04,0.01,77578.78,1777121519000
1777121521.416,121.416,0.82,0.83,0.17,0.2,0.01,0.03,77578.78,1777121519000
1777121521.785,121.785,0.82,0.83,0.17,0.18,0.01,0.01,77579.72,1777121520000
1777121522.24,122.24,0.82,0.83,0.17,0.18,0.01,0.01,77580.42,1777121521000
1777121522.739,122.739,0.82,0.83,0.17,0.18,0.01,0.01,77580.42,1777121521000
1777121523.082,123.082,0.83,0.84,0.16,0.17,0.01,0.01,77580.62,1777121522000
1777121523.477,123.477,0.83,0.84,0.16,0.17,0.01,0.01,77580.62,1777121522000
1777121524.114,124.114,0.83,0.84,0.16,0.17,0.01,0.01,77580.62,1777121522000
1777121524.501,124.501,0.83,0.84,0.16,0.17,0.01,0.01,77580.62,1777121522000
1777121524.855,124.855,0.83,0.84,0.16,0.17,0.01,0.01,77581.23,1777121523000
1777121525.273,125.273,0.83,0.84,0.16,0.17,0.01,0.01,77581.23,1777121523000
1777121525.789,125.789,0.83,0.84,0.16,0.17,0.01,0.01,77581.16,1777121524000
1777121526.225,126.225,0.83,0.84,0.16,0.17,0.01,0.01,77581.16,1777121524000
1777121526.561,126.561,0.83,0.84,0.16,0.17,0.01,0.01,77581.37,1777121525000
1777121527.216,127.216,0.83,0.84,0.16,0.17,0.01,0.01,77581.38,1777121526000
1777121527.869,127.869,0.83,0.84,0.16,0.17,0.01,0.01,77581.38,1777121526000
1777121528.334,128.334,0.82,0.84,0.17,0.18,0.02,0.01,77581.3,1777121527000
1777121528.677,128.677,0.83,0.85,0.16,0.17,0.02,0.01,77581.3,1777121527000
1777121529.077,129.077,0.84,0.85,0.15,0.16,0.01,0.01,77581.3,1777121527000
1777121529.54,129.54,0.84,0.85,0.15,0.16,0.01,0.01,77581.3,1777121528000
1777121529.916,129.916,0.84,0.85,0.15,0.16,0.01,0.01,77581.3,1777121528000
1777121530.412,130.412,0.84,0.85,0.15,0.16,0.01,0.01,77581.29,1777121529000
1777121530.891,130.891,0.84,0.85,0.15,0.16,0.01,0.01,77581.29,1777121529000
1777121531.267,131.267,0.82,0.83,0.15,0.18,0.01,0.03,77581.28,1777121530000
1777121531.618,131.618,0.82,0.83,0.17,0.18,0.01,0.01,77581.28,1777121530000
1777121531.961,131.961,0.82,0.83,0.18,0.19,0.01,0.01,77581.28,1777121530000
1777121532.894,132.894,0.82,0.83,0.17,0.18,0.01,0.01,77581.37,1777121531000
1777121533.465,133.465,0.81,0.83,0.17,0.18,0.02,0.01,77581.34,1777121532000
1777121533.962,133.962,0.82,0.83,0.17,0.18,0.01,0.01,77581.35,1777121533000
1777121534.433,134.433,0.81,0.83,0.17,0.18,0.02,0.01,77581.35,1777121533000
1777121535.112,135.112,0.81,0.83,0.17,0.19,0.02,0.02,77581.28,1777121534000
1777121535.772,135.772,0.82,0.83,0.17,0.19,0.01,0.02,77581.28,1777121534000
1777121536.275,136.275,0.81,0.82,0.17,0.19,0.01,0.02,77581.26,1777121535000
1777121536.81,136.81,0.81,0.82,0.18,0.19,0.01,0.01,77581.26,1777121535000
1777121537.293,137.293,0.81,0.82,0.18,0.19,0.01,0.01,77581.26,1777121535000
1777121537.756,137.756,0.81,0.82,0.18,0.19,0.01,0.01,77581.27,1777121536000
1777121538.29,138.29,0.81,0.82,0.18,0.19,0.01,0.01,77581.27,1777121537000
1777121538.754,138.754,0.82,0.83,0.17,0.19,0.01,0.02,77581.27,1777121537000
1777121539.179,139.179,0.82,0.83,0.17,0.18,0.01,0.01,77581.27,1777121537000
1777121539.879,139.879,0.82,0.83,0.17,0.18,0.01,0.01,77581.39,1777121538000
1777121540.229,140.229,0.82,0.83,0.17,0.18,0.01,0.01,77581.4,1777121539000
1777121540.569,140.569,0.82,0.85,0.15,0.18,0.03,0.03,77581.4,1777121539000
1777121541.095,141.095,0.82,0.85,0.15,0.18,0.03,0.03,77581.4,1777121539000
1777121541.525,141.525,0.82,0.85,0.15,0.18,0.03,0.03,77582.07,1777121540000
1777121542.083,142.083,0.82,0.83,0.17,0.18,0.01,0.01,77582.07,1777121540000
1777121542.459,142.459,0.82,0.83,0.17,0.18,0.01,0.01,77582.07,1777121540000
1777121542.972,142.972,0.84,0.85,0.15,0.16,0.01,0.01,77581.13,1777121541000
1777121543.421,143.421,0.83,0.85,0.15,0.16,0.02,0.01,77581.13,1777121542000
1777121544.2,144.2,0.85,0.86,0.13,0.17,0.01,0.04,77581.13,1777121542000
1777121544.829,144.829,0.85,0.86,0.14,0.15,0.01,0.01,77581.27,1777121543000
1777121545.268,145.268,0.85,0.86,0.14,0.15,0.01,0.01,77581.27,1777121543000
1777121545.66,145.66,0.83,0.84,0.14,0.18,0.01,0.04,77582.2,1777121544000
1777121546.095,146.095,0.83,0.84,0.16,0.17,0.01,0.01,77582.2,1777121544000
1777121546.45,146.45,0.83,0.85,0.15,0.17,0.02,0.02,77583.21,1777121545000
1777121547.124,147.124,0.84,0.85,0.15,0.16,0.01,0.01,77583.21,1777121546000
1777121547.591,147.591,0.82,0.85,0.15,0.16,0.03,0.01,77583.21,1777121546000
1777121548.119,148.119,0.82,0.85,0.15,0.18,0.03,0.03,77584.95,1777121547000
1777121548.681,148.681,0.83,0.84,0.15,0.18,0.01,0.03,77584.95,1777121547000
1777121549.297,149.297,0.83,0.84,0.16,0.17,0.01,0.01,77584.99,1777121548000
1777121549.646,149.646,0.83,0.85,0.15,0.17,0.02,0.02,77584.99,1777121548000
1777121550.028,150.028,0.84,0.85,0.15,0.16,0.01,0.01,77584.99,1777121548000
1777121550.463,150.463,0.84,0.85,0.15,0.16,0.01,0.01,77585.03,1777121549000
1777121550.917,150.917,0.84,0.85,0.15,0.16,0.01,0.01,77585.03,1777121549000
1777121551.954,151.954,0.83,0.84,0.15,0.17,0.01,0.02,77585.05,1777121550000
1777121552.521,152.521,0.85,0.86,0.14,0.17,0.01,0.03,77585.05,1777121550000
1777121552.878,152.878,0.85,0.86,0.14,0.15,0.01,0.01,77584.98,1777121551000
1777121553.301,153.301,0.85,0.86,0.14,0.15,0.01,0.01,77584.99,1777121552000
1777121553.986,153.986,0.85,0.86,0.14,0.15,0.01,0.01,77584.99,1777121552000
1777121554.434,154.434,0.85,0.86,0.14,0.15,0.01,0.01,77585.0,1777121553000
1777121555.003,155.003,0.85,0.86,0.14,0.15,0.01,0.01,77585.0,1777121553000
1777121555.595,155.595,0.85,0.86,0.14,0.15,0.01,0.01,77585.0,1777121554000
1777121556.012,156.012,0.85,0.86,0.14,0.15,0.01,0.01,77585.0,1777121554000
1777121556.345,156.345,0.84,0.86,0.14,0.15,0.02,0.01,77585.02,1777121555000
1777121557.07,157.07,0.85,0.86,0.14,0.15,0.01,0.01,77585.02,1777121555000
1777121557.819,157.819,0.83,0.85,0.14,0.15,0.02,0.01,77584.94,1777121556000
1777121558.281,158.281,0.84,0.85,0.15,0.16,0.01,0.01,77584.94,1777121556000
1777121559.016,159.016,0.82,0.83,0.17,0.18,0.01,0.01,77584.93,1777121558000
1777121559.377,159.377,0.81,0.83,0.17,0.19,0.02,0.02,77584.93,1777121558000
1777121560.107,160.107,0.84,0.85,0.15,0.16,0.01,0.01,77584.95,1777121559000
1777121561.214,161.214,0.83,0.84,0.16,0.17,0.01,0.01,77584.95,1777121559000
1777121561.583,161.583,0.84,0.85,0.15,0.17,0.01,0.02,77584.95,1777121560000
1777121562.331,162.331,0.84,0.85,0.15,0.16,0.01,0.01,77584.95,1777121560000
1777121562.685,162.685,0.84,0.85,0.15,0.16,0.01,0.01,77583.5,1777121561000
1777121563.02,163.02,0.84,0.85,0.15,0.16,0.01,0.01,77585.0,1777121562000
1777121563.468,163.468,0.84,0.85,0.15,0.16,0.01,0.01,77585.0,1777121562000
1777121563.901,163.901,0.82,0.85,0.15,0.18,0.03,0.03,77584.98,1777121563000
1777121564.258,164.258,0.85,0.86,0.14,0.15,0.01,0.01,77584.98,1777121563000
1777121564.994,164.994,0.86,0.87,0.13,0.15,0.01,0.02,77584.98,1777121563000
1777121565.472,165.472,0.86,0.87,0.13,0.14,0.01,0.01,77584.99,1777121564000
1777121565.863,165.863,0.82,0.87,0.13,0.14,0.05,0.01,77584.99,1777121564000
1777121566.23,166.23,0.84,0.85,0.15,0.16,0.01,0.01,77585.02,1777121565000
1777121566.984,166.984,0.84,0.85,0.15,0.16,0.01,0.01,77585.01,1777121566000
1777121567.501,167.501,0.84,0.85,0.15,0.16,0.01,0.01,77585.01,1777121566000
1777121567.993,167.993,0.84,0.85,0.15,0.16,0.01,0.01,77585.01,1777121566000
1777121568.388,168.388,0.84,0.86,0.15,0.16,0.02,0.01,77585.04,1777121567000
1777121568.949,168.949,0.85,0.86,0.14,0.16,0.01,0.02,77585.04,1777121567000
1777121569.481,169.481,0.85,0.86,0.14,0.15,0.01,0.01,77585.01,1777121568000
1777121569.906,169.906,0.85,0.87,0.14,0.15,0.02,0.01,77585.01,1777121568000
1777121570.73,170.73,0.86,0.87,0.13,0.14,0.01,0.01,77585.01,1777121569000
1777121571.281,171.281,0.86,0.87,0.13,0.14,0.01,0.01,77585.01,1777121570000
1777121572.497,172.497,0.86,0.87,0.13,0.14,0.01,0.01,77585.01,1777121571000
1777121572.957,172.957,0.86,0.87,0.13,0.14,0.01,0.01,77585.01,1777121571000
1777121574.291,174.291,0.86,0.87,0.13,0.14,0.01,0.01,77585.01,1777121573000
1777121574.908,174.908,0.86,0.87,0.13,0.14,0.01,0.01,77585.01,1777121573000
1777121575.286,175.286,0.86,0.87,0.13,0.14,0.01,0.01,77585.01,1777121573000
1777121575.841,175.841,0.86,0.87,0.13,0.14,0.01,0.01,77585.01,1777121575000
1777121576.932,176.932,0.86,0.87,0.13,0.14,0.01,0.01,77585.01,1777121575000
1777121577.813,177.813,0.86,0.87,0.13,0.14,0.01,0.01,77585.01,1777121576000
1777121578.708,178.708,0.86,0.87,0.13,0.14,0.01,0.01,77585.0,1777121577000
1777121579.224,179.224,0.85,0.87,0.13,0.15,0.02,0.02,77584.97,1777121578000
1777121579.558,179.558,0.86,0.87,0.13,0.15,0.01,0.02,77584.97,1777121578000
1777121579.987,179.987,0.85,0.87,0.13,0.15,0.02,0.02,77584.97,1777121578000
1777121580.483,180.483,0.85,0.87,0.13,0.15,0.02,0.02,77584.97,1777121579000
1777121580.83,180.83,0.85,0.86,0.14,0.15,0.01,0.01,77584.97,1777121579000
1777121581.279,181.279,0.85,0.86,0.14,0.15,0.01,0.01,77584.97,1777121579000
1777121581.642,181.642,0.85,0.86,0.14,0.15,0.01,0.01,77584.97,1777121579000
1777121582.128,182.128,0.85,0.86,0.13,0.15,0.01,0.02,77584.97,1777121580000
1777121582.69,182.69,0.85,0.86,0.14,0.15,0.01,0.01,77584.97,1777121581000
1777121583.215,183.215,0.85,0.86,0.14,0.15,0.01,0.01,77584.98,1777121582000
1777121584.131,184.131,0.85,0.87,0.13,0.14,0.02,0.01,77584.98,1777121582000
1777121584.549,184.549,0.86,0.87,0.13,0.14,0.01,0.01,77584.98,1777121582000
1777121585.112,185.112,0.86,0.87,0.13,0.15,0.01,0.02,77584.99,1777121583000
1777121585.462,185.462,0.86,0.87,0.13,0.14,0.01,0.01,77585.0,1777121584000
1777121585.921,185.921,0.86,0.87,0.13,0.14,0.01,0.01,77585.0,1777121584000
1777121586.565,186.565,0.86,0.87,0.13,0.14,0.01,0.01,77585.0,1777121584000
1777121586.916,186.916,0.87,0.88,0.12,0.14,0.01,0.02,77585.0,1777121585000
1777121587.356,187.356,0.87,0.88,0.12,0.13,0.01,0.01,77585.0,1777121585000
1777121587.704,187.704,0.87,0.88,0.12,0.13,0.01,0.01,77585.0,1777121586000
1777121588.108,188.108,0.87,0.88,0.12,0.13,0.01,0.01,77585.0,1777121586000
1777121588.547,188.547,0.87,0.88,0.12,0.13,0.01,0.01,77584.99,1777121587000
1777121589.132,189.132,0.85,0.87,0.12,0.14,0.02,0.02,77584.99,1777121587000
1777121589.524,189.524,0.85,0.87,0.13,0.15,0.02,0.02,77585.06,1777121588000
1777121589.888,189.888,0.86,0.87,0.13,0.14,0.01,0.01,77585.06,1777121588000
1777121590.315,190.315,0.86,0.87,0.13,0.14,0.01,0.01,77585.06,1777121589000
1777121590.658,190.658,0.86,0.87,0.13,0.14,0.01,0.01,77585.06,1777121589000
1777121591.33,191.33,0.86,0.87,0.13,0.14,0.01,0.01,77585.06,1777121589000
1777121592.227,192.227,0.86,0.88,0.12,0.14,0.02,0.02,77585.03,1777121591000
1777121592.952,192.952,0.87,0.89,0.12,0.14,0.02,0.02,77585.03,1777121591000
1777121593.362,193.362,0.82,0.89,0.11,0.13,0.07,0.02,77585.03,1777121591000
1777121593.795,193.795,0.86,0.87,0.11,0.12,0.01,0.01,77584.99,1777121592000
1777121594.176,194.176,0.86,0.87,0.13,0.14,0.01,0.01,77584.99,1777121593000
1777121594.528,194.528,0.85,0.86,0.14,0.15,0.01,0.01,77584.99,1777121593000
1777121594.946,194.946,0.85,0.9,0.14,0.15,0.05,0.01,77584.99,1777121593000
1777121595.434,195.434,0.85,0.9,0.1,0.15,0.05,0.05,77585.02,1777121594000
1777121596.239,196.239,0.85,0.9,0.1,0.15,0.05,0.05,77585.01,1777121595000
1777121596.631,196.631,0.89,0.9,0.1,0.11,0.01,0.01,77585.01,1777121595000
1777121597.239,197.239,0.89,0.9,0.1,0.11,0.01,0.01,77585.01,1777121595000
1777121597.7,197.7,0.89,0.9,0.1,0.11,0.01,0.01,77585.01,1777121596000
1777121598.174,198.174,0.88,0.9,0.1,0.11,0.02,0.01,77585.01,1777121596000
1777121598.902,198.902,0.87,0.88,0.1,0.13,0.01,0.03,77584.99,1777121597000
1777121599.346,199.346,0.86,0.87,0.13,0.14,0.01,0.01,77584.99,1777121597000
1777121599.918,199.918,0.86,0.87,0.13,0.14,0.01,0.01,77584.98,1777121598000
1777121600.325,200.325,0.84,0.85,0.15,0.16,0.01,0.01,77584.96,1777121599000
1777121600.795,200.795,0.83,0.84,0.14,0.17,0.01,0.03,77584.96,1777121599000
1777121601.175,201.175,0.86,0.87,0.13,0.14,0.01,0.01,77584.98,1777121600000
1777121601.806,201.806,0.86,0.87,0.13,0.14,0.01,0.01,77584.98,1777121600000
1777121602.204,202.204,0.86,0.87,0.13,0.14,0.01,0.01,77584.96,1777121601000
1777121602.685,202.685,0.86,0.87,0.13,0.14,0.01,0.01,77584.96,1777121601000
1777121603.16,203.16,0.86,0.87,0.13,0.14,0.01,0.01,77584.96,1777121601000
1777121603.74,203.74,0.86,0.88,0.13,0.14,0.02,0.01,77584.96,1777121602000
1777121604.294,204.294,0.86,0.88,0.12,0.14,0.02,0.02,77584.97,1777121603000
1777121605.351,205.351,0.86,0.88,0.12,0.14,0.02,0.02,77585.0,1777121604000
1777121606.302,206.302,0.87,0.88,0.12,0.14,0.01,0.02,77585.0,1777121604000
1777121606.648,206.648,0.87,0.88,0.12,0.13,0.01,0.01,77585.0,1777121605000
1777121606.984,206.984,0.87,0.88,0.12,0.13,0.01,0.01,77585.02,1777121606000
1777121607.626,207.626,0.89,0.9,0.1,0.13,0.01,0.03,77585.02,1777121606000
1777121608.001,208.001,0.89,0.9,0.1,0.11,0.01,0.01,77585.02,1777121606000
1777121608.823,208.823,0.9,0.91,0.09,0.11,0.01,0.02,77585.7,1777121607000
1777121609.173,209.173,0.92,0.93,0.07,0.08,0.01,0.01,77587.45,1777121608000
1777121609.514,209.514,0.92,0.93,0.07,0.1,0.01,0.03,77587.45,1777121608000
1777121609.858,209.858,0.92,0.93,0.07,0.08,0.01,0.01,77587.45,1777121608000
1777121610.276,210.276,0.92,0.93,0.07,0.08,0.01,0.01,77587.46,1777121609000
1777121610.824,210.824,0.92,0.93,0.07,0.08,0.01,0.01,77587.46,1777121609000
1777121611.281,211.281,0.92,0.94,0.06,0.08,0.02,0.02,77587.46,1777121609000
1777121611.692,211.692,0.93,0.94,0.06,0.08,0.01,0.02,77588.74,1777121610000
1777121612.172,212.172,0.93,0.94,0.06,0.07,0.01,0.01,77588.74,1777121610000
1777121612.609,212.609,0.94,0.95,0.05,0.06,0.01,0.01,77590.29,1777121611000
1777121613.245,213.245,0.94,0.95,0.05,0.06,0.01,0.01,77590.29,1777121611000
1777121613.627,213.627,0.94,0.95,0.05,0.06,0.01,0.01,77590.33,1777121612000
1777121614.126,214.126,0.94,0.95,0.05,0.06,0.01,0.01,77590.97,1777121613000
1777121614.593,214.593,0.94,0.95,0.05,0.06,0.01,0.01,77590.97,1777121613000
1777121614.927,214.927,0.93,0.94,0.06,0.07,0.01,0.01,77590.97,1777121613000
1777121615.746,215.746,0.93,0.94,0.06,0.07,0.01,0.01,77590.99,1777121614000
1777121616.199,216.199,0.93,0.94,0.06,0.07,0.01,0.01,77590.99,1777121615000
1777121616.739,216.739,0.93,0.94,0.06,0.07,0.01,0.01,77590.99,1777121615000
1777121617.423,217.423,0.93,0.94,0.06,0.07,0.01,0.01,77591.01,1777121616000
1777121617.825,217.825,0.93,0.94,0.06,0.07,0.01,0.01,77591.01,1777121616000
1777121618.4,218.4,0.93,0.94,0.06,0.07,0.01,0.01,77591.01,1777121617000
1777121618.797,218.797,0.93,0.94,0.06,0.07,0.01,0.01,77591.01,1777121617000
1777121619.132,219.132,0.93,0.94,0.06,0.07,0.01,0.01,77591.01,1777121617000
1777121619.845,219.845,0.93,0.94,0.06,0.07,0.01,0.01,77591.01,1777121618000
1777121620.276,220.276,0.93,0.94,0.06,0.07,0.01,0.01,77591.01,1777121618000
1777121620.629,220.629,0.93,0.95,0.05,0.07,0.02,0.02,77591.64,1777121619000
1777121621.394,221.394,0.93,0.95,0.05,0.07,0.02,0.02,77591.66,1777121620000
1777121621.759,221.759,0.93,0.94,0.06,0.07,0.01,0.01,77591.66,1777121620000
1777121622.849,222.849,0.93,0.94,0.06,0.07,0.01,0.01,77591.66,1777121621000
1777121623.256,223.256,0.93,0.94,0.06,0.07,0.01,0.01,77591.91,1777121622000
1777121624.014,224.014,0.93,0.94,0.06,0.07,0.01,0.01,77591.91,1777121622000
1777121624.368,224.368,0.93,0.94,0.06,0.07,0.01,0.01,77591.9,1777121623000
1777121624.949,224.949,0.93,0.94,0.06,0.07,0.01,0.01,77591.9,1777121624000
1777121625.47,225.47,0.92,0.94,0.06,0.07,0.02,0.01,77591.9,1777121624000
1777121625.904,225.904,0.94,0.95,0.06,0.08,0.01,0.02,77591.9,1777121624000
1777121626.39,226.39,0.94,0.95,0.05,0.06,0.01,0.01,77591.98,1777121625000
1777121627.021,227.021,0.93,0.95,0.05,0.06,0.02,0.01,77591.98,1777121625000
1777121627.371,227.371,0.93,0.94,0.05,0.07,0.01,0.02,77591.98,1777121626000
1777121627.917,227.917,0.93,0.94,0.06,0.07,0.01,0.01,77591.98,1777121626000
1777121628.266,228.266,0.93,0.94,0.06,0.07,0.01,0.01,77591.99,1777121627000
1777121628.677,228.677,0.93,0.94,0.06,0.07,0.01,0.01,77591.99,1777121627000
1777121629.361,229.361,0.93,0.94,0.06,0.07,0.01,0.01,77591.99,1777121627000
1777121629.729,229.729,0.93,0.94,0.06,0.07,0.01,0.01,77592.0,1777121628000
1777121630.753,230.753,0.93,0.94,0.06,0.07,0.01,0.01,77591.99,1777121629000
1777121631.098,231.098,0.94,0.95,0.05,0.06,0.01,0.01,77591.99,1777121629000
1777121631.79,231.79,0.94,0.95,0.05,0.06,0.01,0.01,77592.01,1777121630000
1777121632.13,232.13,0.94,0.95,0.05,0.06,0.01,0.01,77592.01,1777121630000
1777121632.489,232.489,0.94,0.95,0.05,0.06,0.01,0.01,77592.01,1777121631000
1777121632.85,232.85,0.94,0.95,0.05,0.06,0.01,0.01,77592.01,1777121631000
1777121633.219,233.219,0.94,0.95,0.05,0.06,0.01,0.01,77592.03,1777121632000
1777121633.66,233.66,0.95,0.96,0.05,0.06,0.01,0.01,77592.03,1777121632000
1777121634.007,234.007,0.96,0.97,0.03,0.05,0.01,0.02,77592.03,1777121632000
1777121634.401,234.401,0.96,0.97,0.03,0.04,0.01,0.01,77595.24,1777121633000
1777121634.872,234.872,0.96,0.97,0.03,0.04,0.01,0.01,77595.24,1777121633000
1777121635.276,235.276,0.96,0.97,0.03,0.04,0.01,0.01,77595.24,1777121633000
1777121635.769,235.769,0.96,0.97,0.03,0.04,0.01,0.01,77595.44,1777121634000
1777121636.12,236.12,0.96,0.97,0.03,0.04,0.01,0.01,77595.44,1777121635000
1777121636.666,236.666,0.96,0.97,0.03,0.04,0.01,0.01,77595.44,1777121635000
1777121637.007,237.007,0.96,0.97,0.03,0.04,0.01,0.01,77596.44,1777121636000
1777121637.64,237.64,0.96,0.97,0.03,0.04,0.01,0.01,77596.44,1777121636000
1777121637.992,237.992,0.96,0.97,0.03,0.04,0.01,0.01,77596.44,1777121636000
1777121638.425,238.425,0.96,0.97,0.03,0.04,0.01,0.01,77596.42,1777121637000
1777121638.874,238.874,0.96,0.97,0.03,0.04,0.01,0.01,77596.42,1777121637000
1777121639.302,239.302,0.96,0.97,0.03,0.04,0.01,0.01,77596.42,1777121637000
1777121639.65,239.65,0.96,0.97,0.03,0.04,0.01,0.01,77596.44,1777121638000
1777121640.167,240.167,0.96,0.97,0.03,0.04,0.01,0.01,77596.44,1777121638000
1777121640.617,240.617,0.96,0.97,0.03,0.04,0.01,0.01,77596.42,1777121639000
1777121641.053,241.053,0.96,0.97,0.03,0.04,0.01,0.01,77596.42,1777121639000
1777121641.427,241.427,0.96,0.97,0.03,0.04,0.01,0.01,77596.41,1777121640000
1777121641.966,241.966,0.96,0.97,0.03,0.04,0.01,0.01,77596.41,1777121640000
1777121642.337,242.337,0.96,0.97,0.03,0.04,0.01,0.01,77596.41,1777121641000
1777121642.831,242.831,0.96,0.97,0.03,0.04,0.01,0.01,77596.41,1777121641000
1777121643.323,243.323,0.96,0.97,0.03,0.04,0.01,0.01,77596.41,1777121641000
1777121643.699,243.699,0.96,0.97,0.03,0.04,0.01,0.01,77596.48,1777121642000
1777121644.07,244.07,0.96,0.97,0.03,0.04,0.01,0.01,77596.48,1777121642000
1777121644.765,244.765,0.96,0.97,0.03,0.04,0.01,0.01,77596.48,1777121643000
1777121645.148,245.148,0.96,0.97,0.03,0.04,0.01,0.01,77596.13,1777121644000
1777121645.481,245.481,0.96,0.97,0.03,0.04,0.01,0.01,77596.13,1777121644000
1777121645.832,245.832,0.96,0.97,0.03,0.04,0.01,0.01,77596.13,1777121644000
1777121646.304,246.304,0.96,0.97,0.03,0.04,0.01,0.01,77596.01,1777121645000
1777121646.786,246.786,0.96,0.97,0.03,0.04,0.01,0.01,77596.01,1777121645000
1777121647.555,247.555,0.96,0.97,0.03,0.04,0.01,0.01,77595.93,1777121646000
1777121648.206,248.206,0.96,0.97,0.03,0.04,0.01,0.01,77595.93,1777121647000
1777121648.687,248.687,0.96,0.97,0.03,0.04,0.01,0.01,77595.93,1777121647000
1777121649.027,249.027,0.96,0.97,0.03,0.04,0.01,0.01,77595.93,1777121647000
1777121650.019,250.019,0.96,0.97,0.03,0.04,0.01,0.01,77596.32,1777121648000
1777121650.414,250.414,0.96,0.97,0.03,0.04,0.01,0.01,77596.32,1777121648000
1777121651.054,251.054,0.96,0.97,0.03,0.04,0.01,0.01,77596.4,1777121650000
1777121651.565,251.565,0.96,0.97,0.03,0.04,0.01,0.01,77596.4,1777121650000
1777121651.936,251.936,0.96,0.97,0.03,0.04,0.01,0.01,77596.4,1777121650000
1777121652.273,252.273,0.96,0.98,0.03,0.04,0.02,0.01,77596.4,1777121650000
1777121653.159,253.159,0.97,0.98,0.02,0.03,0.01,0.01,77596.48,1777121651000
1777121653.631,253.631,0.96,0.98,0.02,0.04,0.02,0.02,77596.47,1777121652000
1777121654.047,254.047,0.97,0.98,0.02,0.04,0.01,0.02,77596.47,1777121652000
1777121654.66,254.66,0.97,0.98,0.02,0.03,0.01,0.01,77596.36,1777121653000
1777121655.285,255.285,0.97,0.98,0.02,0.03,0.01,0.01,77596.36,1777121653000
1777121656.261,256.261,0.97,0.98,0.02,0.03,0.01,0.01,77596.34,1777121654000
1777121656.629,256.629,0.97,0.98,0.02,0.03,0.01,0.01,77596.22,1777121655000
1777121657.14,257.14,0.97,0.98,0.02,0.03,0.01,0.01,77596.22,1777121655000
1777121658.013,258.013,0.97,0.98,0.02,0.03,0.01,0.01,77596.24,1777121657000
1777121658.846,258.846,0.97,0.98,0.02,0.03,0.01,0.01,77596.24,1777121657000
1777121659.308,259.308,0.97,0.98,0.02,0.03,0.01,0.01,77596.24,1777121657000
1777121659.649,259.649,0.97,0.98,0.02,0.03,0.01,0.01,77596.31,1777121658000
1777121660.016,260.016,0.97,0.98,0.02,0.03,0.01,0.01,77596.31,1777121659000
1777121660.473,260.473,0.97,0.98,0.02,0.03,0.01,0.01,77596.31,1777121659000
1777121660.841,260.841,0.97,0.98,0.02,0.03,0.01,0.01,77596.28,1777121660000
1777121661.788,261.788,0.97,0.98,0.02,0.03,0.01,0.01,77596.28,1777121660000
1777121662.922,262.922,0.97,0.98,0.02,0.03,0.01,0.01,77596.29,1777121661000
1777121663.617,263.617,0.97,0.98,0.02,0.03,0.01,0.01,77596.34,1777121662000
1777121663.966,263.966,0.97,0.98,0.02,0.03,0.01,0.01,77596.37,1777121663000
1777121664.368,264.368,0.97,0.98,0.02,0.03,0.01,0.01,77596.37,1777121663000
1777121665.276,265.276,0.97,0.98,0.02,0.03,0.01,0.01,77596.26,1777121664000
1777121665.709,265.709,0.97,0.98,0.02,0.03,0.01,0.01,77596.26,1777121664000
1777121666.297,266.297,0.97,0.98,0.02,0.03,0.01,0.01,77596.38,1777121665000
1777121666.785,266.785,0.97,0.98,0.02,0.03,0.01,0.01,77596.38,1777121665000
1777121667.315,267.315,0.97,0.98,0.02,0.03,0.01,0.01,77596.42,1777121666000
1777121667.985,267.985,0.97,0.98,0.02,0.03,0.01,0.01,77596.42,1777121666000
1777121668.589,268.589,0.97,0.98,0.02,0.03,0.01,0.01,77596.36,1777121667000
1777121669.318,269.318,0.97,0.98,0.02,0.03,0.01,0.01,77596.43,1777121668000
1777121670.335,270.335,0.97,0.98,0.02,0.03,0.01,0.01,77596.42,1777121669000
1777121670.697,270.697,0.97,0.98,0.02,0.03,0.01,0.01,77596.42,1777121669000
1777121671.128,271.128,0.97,0.98,0.02,0.03,0.01,0.01,77596.42,1777121669000
1777121671.558,271.558,0.97,0.98,0.02,0.03,0.01,0.01,77596.42,1777121669000
1777121671.981,271.981,0.97,0.98,0.02,0.03,0.01,0.01,77596.28,1777121670000
1777121672.462,272.462,0.97,0.98,0.02,0.03,0.01,0.01,77596.28,1777121670000
1777121673.165,273.165,0.97,0.98,0.02,0.03,0.01,0.01,77596.28,1777121671000
1777121673.969,273.969,0.97,0.98,0.02,0.03,0.01,0.01,77596.3,1777121672000
1777121674.364,274.364,0.97,0.98,0.02,0.03,0.01,0.01,77596.34,1777121673000
1777121674.732,274.732,0.97,0.98,0.02,0.03,0.01,0.01,77596.34,1777121673000
1777121675.079,275.079,0.97,0.98,0.02,0.03,0.01,0.01,77596.34,1777121673000
1777121675.553,275.553,0.97,0.98,0.02,0.03,0.01,0.01,77596.34,1777121673000
1777121675.936,275.936,0.97,0.98,0.02,0.03,0.01,0.01,77596.31,1777121674000
1777121676.33,276.33,0.98,0.99,0.01,0.02,0.01,0.01,77596.31,1777121674000
1777121677.034,277.034,0.96,0.98,0.01,0.07,0.02,0.06,77594.77,1777121675000
1777121677.674,277.674,0.97,0.98,0.02,0.04,0.01,0.02,77594.68,1777121676000
1777121678.086,278.086,0.98,0.99,0.01,0.02,0.01,0.01,77593.87,1777121677000
1777121678.537,278.537,0.98,0.99,0.01,0.02,0.01,0.01,77593.87,1777121677000
1777121679.003,279.003,0.98,0.99,0.01,0.02,0.01,0.01,77593.87,1777121677000
1777121679.47,279.47,0.94,0.95,0.01,0.02,0.01,0.01,77593.87,1777121677000
1777121679.835,279.835,0.94,0.95,0.05,0.06,0.01,0.01,77593.28,1777121678000
1777121680.186,280.186,0.94,0.95,0.05,0.06,0.01,0.01,77593.28,1777121678000
1777121680.529,280.529,0.92,0.97,0.07,0.08,0.05,0.01,77593.51,1777121679000
1777121680.867,280.867,0.96,0.97,0.04,0.05,0.01,0.01,77593.51,1777121679000
1777121681.338,281.338,0.96,0.97,0.04,0.05,0.01,0.01,77593.51,1777121679000
1777121681.699,281.699,0.94,0.95,0.05,0.06,0.01,0.01,77593.51,1777121679000
1777121682.081,282.081,0.94,0.95,0.05,0.06,0.01,0.01,77593.12,1777121680000
1777121682.605,282.605,0.94,0.95,0.05,0.06,0.01,0.01,77593.12,1777121680000
1777121682.976,282.976,0.94,0.95,0.05,0.06,0.01,0.01,77593.12,1777121681000
1777121683.403,283.403,0.94,0.95,0.05,0.06,0.01,0.01,77592.05,1777121682000
1777121683.835,283.835,0.96,0.97,0.01,0.04,0.01,0.03,77592.05,1777121682000
1777121684.423,284.423,0.95,0.96,0.04,0.05,0.01,0.01,77589.15,1777121683000
1777121684.82,284.82,0.95,0.97,0.03,0.05,0.02,0.02,77589.15,1777121683000
1777121685.188,285.188,0.95,0.96,0.04,0.05,0.01,0.01,77589.15,1777121683000
1777121685.55,285.55,0.94,0.95,0.05,0.06,0.01,0.01,77588.82,1777121684000
1777121686.065,286.065,0.96,0.97,0.03,0.06,0.01,0.03,77588.82,1777121684000
1777121686.503,286.503,0.96,0.97,0.03,0.04,0.01,0.01,77588.86,1777121685000
1777121686.949,286.949,0.97,0.98,0.02,0.03,0.01,0.01,77588.86,1777121685000
1777121687.291,287.291,0.93,0.94,0.06,0.07,0.01,0.01,77588.86,1777121685000
1777121687.698,287.698,0.93,0.94,0.06,0.07,0.01,0.01,77588.86,1777121685000
1777121688.185,288.185,0.93,0.94,0.06,0.07,0.01,0.01,77586.94,1777121686000
1777121688.524,288.524,0.93,0.94,0.06,0.07,0.01,0.01,77589.2,1777121687000
1777121689.376,289.376,0.93,0.94,0.06,0.07,0.01,0.01,77589.2,1777121687000
1777121690.34,290.34,0.93,0.94,0.06,0.07,0.01,0.01,77588.71,1777121689000
1777121690.715,290.715,0.97,0.99,0.02,0.03,0.02,0.01,77588.71,1777121689000
1777121691.057,291.057,0.98,0.99,0.01,0.02,0.01,0.01,77588.71,1777121689000
1777121691.415,291.415,0.98,0.99,0.01,0.02,0.01,0.01,77588.71,1777121689000
1777121692.049,292.049,0.98,0.99,0.01,0.02,0.01,0.01,77588.8,1777121690000
1777121692.426,292.426,0.98,0.99,0.01,0.02,0.01,0.01,77588.8,1777121690000
1777121693.224,293.224,0.98,0.99,0.01,0.02,0.01,0.01,77588.83,1777121691000
1777121693.608,293.608,0.98,0.99,0.01,0.02,0.01,0.01,77588.46,1777121692000
1777121694.087,294.087,0.98,0.99,0.01,0.02,0.01,0.01,77588.46,1777121692000
1777121694.47,294.47,0.98,0.99,0.01,0.02,0.01,0.01,77588.1,1777121693000
1777121694.815,294.815,0.98,0.99,0.01,0.02,0.01,0.01,77588.1,1777121693000
1777121695.226,295.226,0.98,0.99,0.01,0.02,0.01,0.01,77588.0,1777121694000
1777121695.637,295.637,0.98,0.99,0.01,0.02,0.01,0.01,77588.0,1777121694000
1777121695.994,295.994,0.88,0.89,0.11,0.12,0.01,0.01,77588.0,1777121694000
1777121696.333,296.333,0.99,0.99,0.01,0.02,0.0,0.01,77588.0,1777121694000
1777121696.699,296.699,0.99,0.99,0.01,0.01,0.0,0.0,77588.0,1777121694000
1777121697.13,297.13,0.99,0.99,0.01,0.01,0.0,0.0,77587.42,1777121695000
1777121697.492,297.492,0.99,0.99,0.01,0.01,0.0,0.0,77587.89,1777121696000
1777121698.232,298.232,0.99,0.99,0.01,0.01,0.0,0.0,77588.97,1777121697000
1777121699.585,299.585,0.99,0.99,0.01,0.01,0.0,0.0,77590.89,1777121698000
1777121700.242,300.242,0.99,0.99,0.01,0.01,0.0,0.0,77590.87,1777121699000
1777121700.761,300.761,0.99,0.99,0.01,0.01,0.0,0.0,77590.87,1777121699000

# RESULT,winner=Up,slug=btc-updown-5m-1777121400,ticks=604
