timestamp,elapsed_sec,up_bid,up_ask,down_bid,down_ask,up_spread,down_spread,btc_price,btc_oracle_ts
1776972900.531,0.531,0.51,0.52,0.48,0.49,0.01,0.01,77730,1776972899000
1776972900.953,0.953,0.51,0.52,0.48,0.49,0.01,0.01,77730,1776972899000
1776972901.311,1.311,0.46,0.51,0.5,0.54,0.05,0.04,77730,1776972899000
1776972901.814,1.814,0.46,0.48,0.52,0.54,0.02,0.02,77731.41,1776972900000
1776972902.189,2.189,0.47,0.48,0.52,0.54,0.01,0.02,77731.41,1776972900000
1776972902.566,2.566,0.46,0.47,0.53,0.54,0.01,0.01,77730.43,1776972901000
1776972902.913,2.913,0.46,0.47,0.53,0.54,0.01,0.01,77730.43,1776972901000
1776972903.388,3.388,0.46,0.47,0.53,0.54,0.01,0.01,77724.12,1776972902000
1776972903.758,3.758,0.46,0.48,0.53,0.54,0.02,0.01,77724.12,1776972902000
1776972904.105,4.105,0.46,0.47,0.53,0.54,0.01,0.01,77719.71,1776972903000
1776972904.467,4.467,0.46,0.47,0.53,0.54,0.01,0.01,77719.71,1776972903000
1776972904.868,4.868,0.46,0.47,0.53,0.54,0.01,0.01,77719.71,1776972903000
1776972905.549,5.549,0.43,0.44,0.56,0.57,0.01,0.01,77719.52,1776972904000
1776972905.909,5.909,0.43,0.44,0.56,0.57,0.01,0.01,77719.52,1776972904000
1776972906.318,6.318,0.43,0.44,0.56,0.57,0.01,0.01,77715.54,1776972905000
1776972906.881,6.881,0.43,0.44,0.56,0.57,0.01,0.01,77715.54,1776972905000
1776972907.404,7.404,0.43,0.44,0.56,0.57,0.01,0.01,77713.25,1776972906000
1776972907.796,7.796,0.43,0.44,0.56,0.57,0.01,0.01,77713.25,1776972906000
1776972908.191,8.191,0.43,0.44,0.56,0.57,0.01,0.01,77711.04,1776972907000
1776972909.221,9.221,0.43,0.44,0.56,0.57,0.01,0.01,77690.58,1776972908000
1776972909.573,9.573,0.43,0.44,0.56,0.57,0.01,0.01,77690.58,1776972908000
1776972909.959,9.959,0.39,0.44,0.56,0.6,0.05,0.04,77690.58,1776972908000
1776972910.33,10.33,0.37,0.38,0.62,0.63,0.01,0.01,77690.58,1776972908000
1776972910.685,10.685,0.35,0.38,0.62,0.65,0.03,0.03,77689.59,1776972909000
1776972911.167,11.167,0.31,0.33,0.62,0.69,0.02,0.07,77689.06,1776972910000
1776972911.501,11.501,0.33,0.44,0.62,0.69,0.11,0.07,77689.06,1776972910000
1776972911.84,11.84,0.39,0.42,0.57,0.61,0.03,0.04,77689.06,1776972910000
1776972912.226,12.226,0.33,0.35,0.62,0.67,0.02,0.05,77686.18,1776972911000
1776972912.624,12.624,0.34,0.35,0.65,0.67,0.01,0.02,77686.18,1776972911000
1776972912.989,12.989,0.33,0.34,0.66,0.67,0.01,0.01,77683.31,1776972912000
1776972913.327,13.327,0.33,0.34,0.66,0.67,0.01,0.01,77683.31,1776972912000
1776972913.762,13.762,0.33,0.34,0.66,0.67,0.01,0.01,77683.31,1776972912000
1776972915.088,15.088,0.28,0.34,0.66,0.67,0.06,0.01,77686.12,1776972913000
1776972915.539,15.539,0.32,0.34,0.66,0.72,0.02,0.06,77686.12,1776972913000
1776972916.18,16.18,0.33,0.34,0.66,0.67,0.01,0.01,77684.47,1776972914000
1776972916.608,16.608,0.33,0.34,0.66,0.67,0.01,0.01,77682.73,1776972915000
1776972917.033,17.033,0.33,0.34,0.66,0.67,0.01,0.01,77683.87,1776972916000
1776972917.759,17.759,0.33,0.34,0.66,0.67,0.01,0.01,77683.87,1776972916000
1776972918.122,18.122,0.33,0.34,0.66,0.67,0.01,0.01,77687.86,1776972917000
1776972918.749,18.749,0.33,0.34,0.66,0.67,0.01,0.01,77687.86,1776972917000
1776972919.095,19.095,0.33,0.34,0.66,0.67,0.01,0.01,77687.86,1776972917000
1776972919.611,19.611,0.33,0.35,0.65,0.66,0.02,0.01,77690.85,1776972918000
1776972919.953,19.953,0.33,0.34,0.66,0.67,0.01,0.01,77690.85,1776972918000
1776972920.343,20.343,0.33,0.34,0.66,0.67,0.01,0.01,77690.85,1776972918000
1776972920.719,20.719,0.33,0.34,0.66,0.67,0.01,0.01,77687.06,1776972919000
1776972921.055,21.055,0.33,0.34,0.66,0.67,0.01,0.01,77686.76,1776972920000
1776972921.407,21.407,0.33,0.34,0.66,0.67,0.01,0.01,77686.76,1776972920000
1776972921.742,21.742,0.32,0.33,0.67,0.68,0.01,0.01,77686.76,1776972920000
1776972922.126,22.126,0.32,0.33,0.67,0.68,0.01,0.01,77687.21,1776972921000
1776972922.547,22.547,0.32,0.33,0.67,0.68,0.01,0.01,77687.21,1776972921000
1776972923.103,23.103,0.32,0.33,0.67,0.68,0.01,0.01,77687.21,1776972921000
1776972923.477,23.477,0.32,0.33,0.67,0.68,0.01,0.01,77685.04,1776972922000
1776972924.289,24.289,0.32,0.33,0.67,0.68,0.01,0.01,77683.65,1776972923000
1776972925.36,25.36,0.32,0.33,0.67,0.68,0.01,0.01,77685.11,1776972924000
1776972925.776,25.776,0.32,0.33,0.67,0.68,0.01,0.01,77685.11,1776972924000
1776972926.194,26.194,0.32,0.33,0.67,0.68,0.01,0.01,77686.1,1776972925000
1776972926.659,26.659,0.32,0.33,0.67,0.68,0.01,0.01,77686.1,1776972925000
1776972927.181,27.181,0.32,0.33,0.67,0.68,0.01,0.01,77684.25,1776972926000
1776972927.685,27.685,0.32,0.33,0.67,0.68,0.01,0.01,77684.25,1776972926000
1776972928.073,28.073,0.32,0.33,0.67,0.68,0.01,0.01,77684.25,1776972927000
1776972928.46,28.46,0.32,0.33,0.67,0.68,0.01,0.01,77684.25,1776972927000
1776972928.868,28.868,0.32,0.33,0.67,0.68,0.01,0.01,77684.25,1776972927000
1776972929.301,29.301,0.32,0.33,0.67,0.68,0.01,0.01,77686.44,1776972928000
1776972929.893,29.893,0.32,0.33,0.67,0.68,0.01,0.01,77686.44,1776972928000
1776972930.253,30.253,0.32,0.33,0.67,0.68,0.01,0.01,77690.35,1776972929000
1776972930.669,30.669,0.32,0.33,0.67,0.68,0.01,0.01,77690.35,1776972929000
1776972931.016,31.016,0.32,0.34,0.66,0.67,0.02,0.01,77690.35,1776972929000
1776972931.52,31.52,0.33,0.37,0.65,0.67,0.04,0.02,77693.19,1776972930000
1776972931.879,31.879,0.38,0.4,0.6,0.62,0.02,0.02,77693.19,1776972930000
1776972932.282,32.282,0.38,0.39,0.61,0.62,0.01,0.01,77696.34,1776972931000
1776972932.667,32.667,0.4,0.42,0.59,0.6,0.02,0.01,77696.34,1776972931000
1776972933.008,33.008,0.4,0.41,0.59,0.6,0.01,0.01,77704.68,1776972932000
1776972933.349,33.349,0.4,0.41,0.59,0.6,0.01,0.01,77704.68,1776972932000
1776972934.125,34.125,0.4,0.41,0.59,0.6,0.01,0.01,77705.42,1776972933000
1776972934.988,34.988,0.4,0.41,0.59,0.6,0.01,0.01,77705.42,1776972933000
1776972935.824,35.824,0.4,0.41,0.59,0.6,0.01,0.01,77704.9,1776972934000
1776972936.245,36.245,0.4,0.41,0.59,0.6,0.01,0.01,77697.66,1776972935000
1776972936.946,36.946,0.4,0.41,0.59,0.6,0.01,0.01,77694.16,1776972936000
1776972937.362,37.362,0.4,0.41,0.59,0.6,0.01,0.01,77694.16,1776972936000
1776972937.75,37.75,0.38,0.41,0.59,0.6,0.03,0.01,77694.16,1776972936000
1776972938.1,38.1,0.37,0.4,0.6,0.63,0.03,0.03,77691.4,1776972937000
1776972938.533,38.533,0.37,0.39,0.6,0.63,0.02,0.03,77691.4,1776972937000
1776972938.999,38.999,0.34,0.39,0.61,0.66,0.05,0.05,77687.77,1776972938000
1776972939.42,39.42,0.34,0.39,0.61,0.66,0.05,0.05,77687.77,1776972938000
1776972939.993,39.993,0.32,0.35,0.65,0.67,0.03,0.02,77687.77,1776972938000
1776972940.33,40.33,0.34,0.36,0.64,0.66,0.02,0.02,77679.47,1776972939000
1776972940.665,40.665,0.34,0.35,0.65,0.66,0.01,0.01,77679.47,1776972939000
1776972940.998,40.998,0.29,0.35,0.65,0.71,0.06,0.06,77680.75,1776972940000
1776972941.431,41.431,0.29,0.32,0.68,0.69,0.03,0.01,77680.75,1776972940000
1776972941.774,41.774,0.3,0.32,0.68,0.69,0.02,0.01,77680.75,1776972940000
1776972942.19,42.19,0.28,0.29,0.71,0.73,0.01,0.02,77682.58,1776972941000
1776972942.586,42.586,0.27,0.28,0.71,0.72,0.01,0.01,77682.58,1776972941000
1776972942.931,42.931,0.27,0.28,0.72,0.73,0.01,0.01,77682.58,1776972941000
1776972943.492,43.492,0.27,0.28,0.72,0.73,0.01,0.01,77678.07,1776972942000
1776972944.032,44.032,0.27,0.28,0.72,0.73,0.01,0.01,77671.12,1776972943000
1776972944.366,44.366,0.27,0.28,0.72,0.73,0.01,0.01,77671.12,1776972943000
1776972944.824,44.824,0.27,0.28,0.72,0.73,0.01,0.01,77671.12,1776972943000
1776972945.805,45.805,0.27,0.28,0.72,0.73,0.01,0.01,77664.62,1776972944000
1776972946.338,46.338,0.27,0.28,0.72,0.73,0.01,0.01,77664.22,1776972945000
1776972946.892,46.892,0.27,0.28,0.72,0.73,0.01,0.01,77664.22,1776972945000
1776972947.368,47.368,0.27,0.28,0.72,0.73,0.01,0.01,77663.33,1776972946000
1776972947.825,47.825,0.27,0.28,0.72,0.73,0.01,0.01,77663.33,1776972946000
1776972948.167,48.167,0.27,0.28,0.72,0.73,0.01,0.01,77663.84,1776972947000
1776972948.625,48.625,0.27,0.28,0.72,0.73,0.01,0.01,77663.84,1776972947000
1776972949.078,49.078,0.27,0.28,0.72,0.73,0.01,0.01,77663.84,1776972947000
1776972949.558,49.558,0.27,0.29,0.72,0.73,0.02,0.01,77668.73,1776972948000
1776972949.933,49.933,0.27,0.28,0.72,0.73,0.01,0.01,77668.73,1776972948000
1776972950.281,50.281,0.27,0.29,0.71,0.73,0.02,0.02,77679.45,1776972949000
1776972950.615,50.615,0.27,0.32,0.68,0.73,0.05,0.05,77679.45,1776972949000
1776972951.002,51.002,0.28,0.31,0.7,0.72,0.03,0.02,77679.45,1776972949000
1776972951.342,51.342,0.32,0.35,0.65,0.66,0.03,0.01,77680.42,1776972950000
1776972951.684,51.684,0.33,0.34,0.66,0.67,0.01,0.01,77680.42,1776972950000
1776972952.061,52.061,0.33,0.34,0.66,0.67,0.01,0.01,77680.42,1776972950000
1776972952.395,52.395,0.33,0.35,0.65,0.67,0.02,0.02,77682.75,1776972951000
1776972953.118,53.118,0.33,0.39,0.61,0.67,0.06,0.06,77682.9,1776972952000
1776972953.97,53.97,0.34,0.36,0.64,0.66,0.02,0.02,77682.9,1776972952000
1776972955.149,55.149,0.34,0.36,0.64,0.66,0.02,0.02,77696.76,1776972954000
1776972955.575,55.575,0.35,0.39,0.64,0.66,0.04,0.02,77696.76,1776972954000
1776972956.029,56.029,0.35,0.39,0.61,0.65,0.04,0.04,77696.76,1776972954000
1776972956.545,56.545,0.35,0.39,0.61,0.65,0.04,0.04,77702.49,1776972955000
1776972957.184,57.184,0.35,0.39,0.61,0.66,0.04,0.05,77702.49,1776972955000
1776972957.553,57.553,0.37,0.39,0.61,0.63,0.02,0.02,77705.59,1776972956000
1776972958.263,58.263,0.35,0.4,0.61,0.65,0.05,0.04,77705.59,1776972956000
1776972958.597,58.597,0.4,0.43,0.57,0.6,0.03,0.03,77706.47,1776972957000
1776972958.933,58.933,0.38,0.39,0.6,0.62,0.01,0.02,77706.47,1776972957000
1776972959.294,59.294,0.38,0.4,0.61,0.62,0.02,0.01,77707.58,1776972958000
1776972959.698,59.698,0.41,0.42,0.55,0.59,0.01,0.04,77707.58,1776972958000
1776972960.075,60.075,0.41,0.42,0.58,0.59,0.01,0.01,77715.28,1776972959000
1776972960.473,60.473,0.41,0.44,0.58,0.59,0.03,0.01,77715.28,1776972959000
1776972960.82,60.82,0.42,0.43,0.57,0.58,0.01,0.01,77715.28,1776972959000
1776972961.226,61.226,0.48,0.51,0.49,0.52,0.03,0.03,77715.28,1776972959000
1776972961.586,61.586,0.47,0.48,0.52,0.53,0.01,0.01,77717.7,1776972960000
1776972961.951,61.951,0.47,0.51,0.49,0.53,0.04,0.04,77717.7,1776972960000
1776972962.302,62.302,0.47,0.49,0.5,0.53,0.02,0.03,77719.0,1776972961000
1776972962.838,62.838,0.49,0.5,0.51,0.53,0.01,0.02,77719.0,1776972961000
1776972963.374,63.374,0.49,0.5,0.5,0.51,0.01,0.01,77726.41,1776972962000
1776972963.916,63.916,0.49,0.5,0.5,0.51,0.01,0.01,77726.41,1776972962000
1776972964.477,64.477,0.49,0.5,0.5,0.51,0.01,0.01,77725.15,1776972963000
1776972964.916,64.916,0.49,0.5,0.5,0.51,0.01,0.01,77725.15,1776972963000
1776972965.574,65.574,0.48,0.49,0.5,0.51,0.01,0.01,77725.27,1776972964000
1776972966.021,66.021,0.48,0.49,0.51,0.52,0.01,0.01,77725.82,1776972965000
1776972966.638,66.638,0.48,0.49,0.51,0.52,0.01,0.01,77725.82,1776972965000
1776972967.004,67.004,0.47,0.49,0.51,0.53,0.02,0.02,77725.82,1776972965000
1776972967.537,67.537,0.47,0.49,0.51,0.52,0.02,0.01,77725.82,1776972966000
1776972967.995,67.995,0.47,0.49,0.51,0.53,0.02,0.02,77726.86,1776972967000
1776972968.38,68.38,0.48,0.49,0.51,0.52,0.01,0.01,77726.86,1776972967000
1776972968.719,68.719,0.47,0.49,0.51,0.53,0.02,0.02,77726.86,1776972967000
1776972969.079,69.079,0.47,0.49,0.51,0.53,0.02,0.02,77727.15,1776972968000
1776972969.435,69.435,0.49,0.5,0.5,0.53,0.01,0.03,77727.15,1776972968000
1776972969.792,69.792,0.48,0.51,0.49,0.53,0.03,0.04,77727.15,1776972968000
1776972970.134,70.134,0.48,0.5,0.5,0.51,0.02,0.01,77727.15,1776972969000
1776972970.508,70.508,0.48,0.49,0.51,0.52,0.01,0.01,77727.15,1776972969000
1776972970.887,70.887,0.48,0.49,0.51,0.52,0.01,0.01,77727.15,1776972969000
1776972971.264,71.264,0.48,0.49,0.51,0.52,0.01,0.01,77727.15,1776972969000
1776972971.858,71.858,0.48,0.49,0.51,0.52,0.01,0.01,77727.15,1776972969000
1776972972.227,72.227,0.48,0.49,0.51,0.52,0.01,0.01,77726.28,1776972970000
1776972972.573,72.573,0.48,0.49,0.51,0.52,0.01,0.01,77726.28,1776972970000
1776972973.341,73.341,0.48,0.49,0.51,0.52,0.01,0.01,77724.0,1776972972000
1776972973.726,73.726,0.48,0.5,0.5,0.52,0.02,0.02,77724.0,1776972972000
1776972974.252,74.252,0.48,0.51,0.49,0.52,0.03,0.03,77724.0,1776972973000
1776972975.42,75.42,0.48,0.51,0.49,0.52,0.03,0.03,77724.0,1776972973000
1776972975.97,75.97,0.48,0.52,0.48,0.51,0.04,0.03,77724.53,1776972974000
1776972976.498,76.498,0.49,0.51,0.49,0.51,0.02,0.02,77724.51,1776972975000
1776972976.97,76.97,0.48,0.5,0.5,0.51,0.02,0.01,77724.51,1776972975000
1776972977.441,77.441,0.48,0.49,0.51,0.52,0.01,0.01,77724.51,1776972976000
1776972977.796,77.796,0.48,0.49,0.51,0.52,0.01,0.01,77724.51,1776972976000
1776972978.17,78.17,0.49,0.5,0.5,0.51,0.01,0.01,77724.51,1776972976000
1776972978.548,78.548,0.49,0.53,0.47,0.51,0.04,0.04,77732.67,1776972977000
1776972978.944,78.944,0.52,0.54,0.46,0.48,0.02,0.02,77732.67,1776972977000
1776972979.278,79.278,0.51,0.54,0.47,0.49,0.03,0.02,77736.01,1776972978000
1776972979.615,79.615,0.52,0.53,0.46,0.49,0.01,0.03,77736.01,1776972978000
1776972979.952,79.952,0.51,0.53,0.47,0.49,0.02,0.02,77736.01,1776972978000
1776972980.3,80.3,0.52,0.53,0.47,0.48,0.01,0.01,77736.01,1776972978000
1776972980.637,80.637,0.52,0.53,0.47,0.48,0.01,0.01,77737.78,1776972979000
1776972981.024,81.024,0.52,0.53,0.47,0.48,0.01,0.01,77737.78,1776972979000
1776972981.359,81.359,0.52,0.53,0.47,0.48,0.01,0.01,77737.2,1776972980000
1776972982.071,82.071,0.52,0.53,0.47,0.48,0.01,0.01,77737.2,1776972980000
1776972983.08,83.08,0.52,0.53,0.47,0.48,0.01,0.01,77733.73,1776972981000
1776972983.601,83.601,0.52,0.53,0.47,0.48,0.01,0.01,77733.73,1776972981000
1776972983.937,83.937,0.52,0.53,0.47,0.48,0.01,0.01,77733.24,1776972982000
1776972984.313,84.313,0.52,0.53,0.47,0.48,0.01,0.01,77733.24,1776972982000
1776972984.658,84.658,0.52,0.53,0.47,0.48,0.01,0.01,77733.24,1776972983000
1776972985.01,85.01,0.52,0.53,0.47,0.48,0.01,0.01,77733.27,1776972984000
1776972985.446,85.446,0.52,0.53,0.47,0.48,0.01,0.01,77733.27,1776972984000
1776972985.949,85.949,0.52,0.53,0.47,0.48,0.01,0.01,77733.27,1776972984000
1776972986.33,86.33,0.52,0.53,0.47,0.48,0.01,0.01,77733.27,1776972984000
1776972986.702,86.702,0.52,0.53,0.47,0.48,0.01,0.01,77736.67,1776972985000
1776972987.084,87.084,0.52,0.53,0.47,0.48,0.01,0.01,77736.54,1776972986000
1776972987.536,87.536,0.52,0.53,0.47,0.48,0.01,0.01,77736.54,1776972986000
1776972987.892,87.892,0.52,0.54,0.47,0.48,0.02,0.01,77736.54,1776972986000
1776972988.296,88.296,0.52,0.55,0.45,0.48,0.03,0.03,77745.06,1776972987000
1776972988.952,88.952,0.52,0.53,0.45,0.48,0.01,0.03,77745.06,1776972987000
1776972989.306,89.306,0.52,0.55,0.45,0.48,0.03,0.03,77745.06,1776972987000
1776972989.662,89.662,0.54,0.55,0.45,0.46,0.01,0.01,77745.06,1776972987000
1776972990.164,90.164,0.54,0.55,0.45,0.46,0.01,0.01,77745.06,1776972987000
1776972990.529,90.529,0.54,0.56,0.44,0.46,0.02,0.02,77749.07,1776972989000
1776972990.879,90.879,0.54,0.56,0.44,0.46,0.02,0.02,77749.07,1776972989000
1776972991.213,91.213,0.58,0.6,0.4,0.41,0.02,0.01,77749.07,1776972989000
1776972991.557,91.557,0.6,0.62,0.39,0.4,0.02,0.01,77749.07,1776972989000
1776972991.925,91.925,0.61,0.62,0.38,0.39,0.01,0.01,77754.95,1776972990000
1776972992.617,92.617,0.61,0.62,0.38,0.39,0.01,0.01,77751.44,1776972991000
1776972993.284,93.284,0.61,0.62,0.38,0.39,0.01,0.01,77751.44,1776972991000
1776972993.741,93.741,0.61,0.62,0.38,0.39,0.01,0.01,77751.65,1776972992000
1776972994.243,94.243,0.61,0.62,0.38,0.39,0.01,0.01,77751.8,1776972993000
1776972994.647,94.647,0.61,0.62,0.38,0.39,0.01,0.01,77751.8,1776972993000
1776972995.209,95.209,0.61,0.62,0.38,0.39,0.01,0.01,77751.8,1776972993000
1776972995.796,95.796,0.59,0.62,0.38,0.39,0.03,0.01,77750.64,1776972994000
1776972996.129,96.129,0.61,0.62,0.38,0.39,0.01,0.01,77750.64,1776972994000
1776972996.589,96.589,0.61,0.62,0.38,0.39,0.01,0.01,77750.19,1776972995000
1776972996.932,96.932,0.61,0.62,0.38,0.39,0.01,0.01,77750.19,1776972995000
1776972997.565,97.565,0.61,0.62,0.38,0.39,0.01,0.01,77750.19,1776972995000
1776972997.936,97.936,0.61,0.62,0.38,0.39,0.01,0.01,77751.63,1776972996000
1776972998.373,98.373,0.61,0.62,0.38,0.39,0.01,0.01,77751.89,1776972997000
1776972998.742,98.742,0.61,0.62,0.38,0.39,0.01,0.01,77751.89,1776972997000
1776972999.099,99.099,0.61,0.62,0.38,0.39,0.01,0.01,77751.46,1776972998000
1776972999.482,99.482,0.61,0.62,0.38,0.39,0.01,0.01,77751.46,1776972998000
1776972999.957,99.957,0.61,0.62,0.38,0.39,0.01,0.01,77751.46,1776972998000
1776973000.3,100.3,0.61,0.62,0.38,0.39,0.01,0.01,77751.46,1776972998000
1776973000.643,100.643,0.61,0.62,0.38,0.39,0.01,0.01,77751.46,1776972998000
1776973001.421,101.421,0.62,0.63,0.37,0.38,0.01,0.01,77751.6,1776973000000
1776973001.763,101.763,0.68,0.7,0.31,0.32,0.02,0.01,77751.6,1776973000000
1776973002.103,102.103,0.68,0.7,0.3,0.31,0.02,0.01,77751.6,1776973000000
1776973003.004,103.004,0.69,0.7,0.3,0.31,0.01,0.01,77751.64,1776973001000
1776973003.562,103.562,0.67,0.68,0.3,0.33,0.01,0.03,77751.64,1776973001000
1776973003.938,103.938,0.67,0.68,0.32,0.33,0.01,0.01,77757.81,1776973002000
1776973004.3,104.3,0.67,0.68,0.32,0.33,0.01,0.01,77757.81,1776973002000
1776973005.03,105.03,0.67,0.68,0.32,0.33,0.01,0.01,77759.59,1776973003000
1776973005.605,105.605,0.67,0.68,0.32,0.33,0.01,0.01,77759.59,1776973003000
1776973006.245,106.245,0.66,0.68,0.32,0.34,0.02,0.02,77755.93,1776973004000
1776973006.583,106.583,0.65,0.66,0.34,0.35,0.01,0.01,77754.06,1776973005000
1776973007.221,107.221,0.65,0.66,0.34,0.35,0.01,0.01,77754.06,1776973005000
1776973007.625,107.625,0.65,0.66,0.34,0.35,0.01,0.01,77753.45,1776973006000
1776973007.961,107.961,0.64,0.65,0.35,0.36,0.01,0.01,77753.45,1776973006000
1776973008.48,108.48,0.64,0.65,0.35,0.36,0.01,0.01,77753.62,1776973007000
1776973009.077,109.077,0.64,0.65,0.34,0.36,0.01,0.02,77753.62,1776973007000
1776973009.522,109.522,0.64,0.65,0.35,0.36,0.01,0.01,77753.62,1776973008000
1776973009.856,109.856,0.65,0.66,0.34,0.36,0.01,0.02,77753.62,1776973008000
1776973010.243,110.243,0.65,0.66,0.34,0.35,0.01,0.01,77753.62,1776973008000
1776973010.676,110.676,0.64,0.65,0.35,0.36,0.01,0.01,77753.65,1776973009000
1776973011.016,111.016,0.64,0.65,0.35,0.36,0.01,0.01,77753.65,1776973009000
1776973011.588,111.588,0.64,0.65,0.35,0.36,0.01,0.01,77756.66,1776973010000
1776973012.037,112.037,0.64,0.65,0.35,0.36,0.01,0.01,77756.66,1776973010000
1776973012.384,112.384,0.64,0.65,0.35,0.36,0.01,0.01,77755.15,1776973011000
1776973012.718,112.718,0.64,0.65,0.35,0.36,0.01,0.01,77755.15,1776973011000
1776973014.107,114.107,0.64,0.65,0.35,0.36,0.01,0.01,77755.24,1776973012000
1776973014.779,114.779,0.64,0.65,0.35,0.36,0.01,0.01,77757.27,1776973013000
1776973015.262,115.262,0.64,0.65,0.35,0.36,0.01,0.01,77758.55,1776973014000
1776973015.63,115.63,0.64,0.65,0.35,0.36,0.01,0.01,77758.55,1776973014000
1776973015.998,115.998,0.64,0.65,0.35,0.36,0.01,0.01,77758.55,1776973014000
1776973016.335,116.335,0.64,0.65,0.35,0.36,0.01,0.01,77755.27,1776973015000
1776973017.022,117.022,0.64,0.65,0.35,0.36,0.01,0.01,77755.27,1776973015000
1776973017.464,117.464,0.64,0.65,0.35,0.36,0.01,0.01,77755.73,1776973016000
1776973017.798,117.798,0.64,0.65,0.35,0.36,0.01,0.01,77755.73,1776973016000
1776973018.196,118.196,0.64,0.65,0.35,0.36,0.01,0.01,77755.25,1776973017000
1776973018.531,118.531,0.66,0.67,0.34,0.35,0.01,0.01,77755.25,1776973017000
1776973018.947,118.947,0.66,0.68,0.32,0.34,0.02,0.02,77755.25,1776973017000
1776973019.302,119.302,0.69,0.7,0.3,0.31,0.01,0.01,77755.59,1776973018000
1776973019.793,119.793,0.71,0.73,0.28,0.29,0.02,0.01,77755.59,1776973018000
1776973020.131,120.131,0.71,0.74,0.26,0.29,0.03,0.03,77758.79,1776973019000
1776973021.876,121.876,0.71,0.73,0.27,0.29,0.02,0.02,77769.18,1776973020000
1776973022.301,122.301,0.72,0.73,0.27,0.28,0.01,0.01,77770.87,1776973021000
1776973022.99,122.99,0.72,0.73,0.27,0.28,0.01,0.01,77770.87,1776973022000
1776973023.698,123.698,0.72,0.73,0.27,0.28,0.01,0.01,77770.87,1776973022000
1776973024.055,124.055,0.72,0.73,0.27,0.28,0.01,0.01,77770.2,1776973023000
1776973024.574,124.574,0.72,0.73,0.27,0.28,0.01,0.01,77770.2,1776973023000
1776973025.025,125.025,0.72,0.73,0.27,0.28,0.01,0.01,77770.2,1776973024000
1776973025.742,125.742,0.72,0.73,0.27,0.28,0.01,0.01,77770.2,1776973024000
1776973026.257,126.257,0.72,0.73,0.27,0.28,0.01,0.01,77769.78,1776973025000
1776973027.031,127.031,0.67,0.73,0.27,0.28,0.06,0.01,77769.78,1776973025000
1776973027.483,127.483,0.72,0.73,0.27,0.28,0.01,0.01,77769.67,1776973026000
1776973027.847,127.847,0.71,0.73,0.27,0.3,0.02,0.03,77769.67,1776973026000
1776973028.191,128.191,0.63,0.64,0.36,0.37,0.01,0.01,77769.67,1776973026000
1776973028.541,128.541,0.62,0.64,0.36,0.38,0.02,0.02,77752.09,1776973027000
1776973028.892,128.892,0.6,0.63,0.38,0.4,0.03,0.02,77752.09,1776973027000
1776973029.248,129.248,0.61,0.62,0.38,0.39,0.01,0.01,77746.28,1776973028000
1776973029.611,129.611,0.59,0.6,0.4,0.41,0.01,0.01,77746.28,1776973028000
1776973030.145,130.145,0.59,0.6,0.4,0.41,0.01,0.01,77747.42,1776973029000
1776973030.529,130.529,0.59,0.6,0.4,0.41,0.01,0.01,77747.42,1776973029000
1776973031.296,131.296,0.59,0.6,0.4,0.41,0.01,0.01,77746.92,1776973030000
1776973031.657,131.657,0.59,0.6,0.4,0.41,0.01,0.01,77746.92,1776973030000
1776973032.29,132.29,0.59,0.6,0.4,0.41,0.01,0.01,77746.92,1776973030000
1776973033.33,133.33,0.59,0.6,0.4,0.41,0.01,0.01,77746.99,1776973031000
1776973033.759,133.759,0.59,0.6,0.4,0.41,0.01,0.01,77746.46,1776973032000
1776973034.452,134.452,0.59,0.6,0.4,0.41,0.01,0.01,77746.46,1776973032000
1776973034.801,134.801,0.58,0.6,0.4,0.42,0.02,0.02,77745.48,1776973033000
1776973035.207,135.207,0.59,0.6,0.4,0.41,0.01,0.01,77745.41,1776973034000
1776973035.567,135.567,0.59,0.6,0.4,0.41,0.01,0.01,77745.41,1776973034000
1776973035.905,135.905,0.57,0.6,0.4,0.41,0.03,0.01,77745.41,1776973034000
1776973036.54,136.54,0.58,0.59,0.4,0.42,0.01,0.02,77745.41,1776973034000
1776973036.919,136.919,0.58,0.59,0.41,0.42,0.01,0.01,77747.18,1776973035000
1776973037.252,137.252,0.58,0.6,0.4,0.42,0.02,0.02,77747.36,1776973036000
1776973037.623,137.623,0.62,0.63,0.37,0.38,0.01,0.01,77747.36,1776973036000
1776973037.964,137.964,0.64,0.66,0.34,0.37,0.02,0.03,77747.36,1776973036000
1776973038.337,138.337,0.65,0.66,0.34,0.35,0.01,0.01,77747.36,1776973036000
1776973038.701,138.701,0.65,0.66,0.34,0.35,0.01,0.01,77751.19,1776973037000
1776973039.044,139.044,0.65,0.66,0.34,0.35,0.01,0.01,77751.19,1776973037000
1776973039.423,139.423,0.64,0.66,0.34,0.37,0.02,0.03,77755.22,1776973038000
1776973040.31,140.31,0.64,0.66,0.34,0.36,0.02,0.02,77759.63,1776973039000
1776973041.237,141.237,0.64,0.65,0.34,0.36,0.01,0.02,77759.63,1776973039000
1776973041.58,141.58,0.64,0.65,0.35,0.36,0.01,0.01,77759.66,1776973040000
1776973042.105,142.105,0.64,0.65,0.35,0.36,0.01,0.01,77761.66,1776973041000
1776973042.514,142.514,0.64,0.66,0.34,0.36,0.02,0.02,77761.66,1776973041000
1776973043.263,143.263,0.64,0.66,0.34,0.36,0.02,0.02,77767.94,1776973042000
1776973044.105,144.105,0.64,0.67,0.34,0.36,0.03,0.02,77767.94,1776973042000
1776973044.483,144.483,0.66,0.68,0.33,0.34,0.02,0.01,77767.94,1776973042000
1776973044.871,144.871,0.66,0.69,0.31,0.34,0.03,0.03,77771.1,1776973043000
1776973045.608,145.608,0.68,0.69,0.29,0.32,0.01,0.03,77771.1,1776973044000
1776973046.047,146.047,0.64,0.66,0.34,0.36,0.02,0.02,77771.1,1776973044000
1776973046.454,146.454,0.65,0.66,0.34,0.36,0.01,0.02,77768.96,1776973045000
1776973046.837,146.837,0.64,0.69,0.31,0.36,0.05,0.05,77768.96,1776973045000
1776973047.194,147.194,0.68,0.7,0.31,0.32,0.02,0.01,77768.96,1776973045000
1776973047.568,147.568,0.68,0.69,0.31,0.32,0.01,0.01,77767.71,1776973046000
1776973048.04,148.04,0.68,0.69,0.31,0.32,0.01,0.01,77767.71,1776973046000
1776973048.384,148.384,0.68,0.69,0.31,0.32,0.01,0.01,77767.71,1776973047000
1776973048.765,148.765,0.68,0.69,0.31,0.32,0.01,0.01,77767.71,1776973047000
1776973049.138,149.138,0.68,0.69,0.31,0.32,0.01,0.01,77767.49,1776973048000
1776973049.525,149.525,0.68,0.69,0.31,0.32,0.01,0.01,77767.49,1776973048000
1776973049.898,149.898,0.68,0.69,0.31,0.32,0.01,0.01,77767.49,1776973048000
1776973050.521,150.521,0.68,0.69,0.31,0.32,0.01,0.01,77767.54,1776973049000
1776973051.214,151.214,0.68,0.69,0.31,0.32,0.01,0.01,77767.54,1776973050000
1776973051.652,151.652,0.66,0.69,0.31,0.32,0.03,0.01,77767.54,1776973050000
1776973052.44,152.44,0.66,0.69,0.31,0.34,0.03,0.03,77764.79,1776973051000
1776973053.333,153.333,0.66,0.69,0.31,0.34,0.03,0.03,77764.79,1776973051000
1776973053.824,153.824,0.62,0.63,0.36,0.38,0.01,0.02,77762.34,1776973052000
1776973054.179,154.179,0.62,0.63,0.37,0.38,0.01,0.01,77761.78,1776973053000
1776973054.722,154.722,0.63,0.67,0.31,0.38,0.04,0.07,77761.78,1776973053000
1776973055.062,155.062,0.63,0.64,0.36,0.37,0.01,0.01,77761.78,1776973053000
1776973055.512,155.512,0.64,0.66,0.34,0.37,0.02,0.03,77761.47,1776973054000
1776973055.969,155.969,0.65,0.66,0.34,0.35,0.01,0.01,77761.47,1776973054000
1776973056.414,156.414,0.65,0.66,0.34,0.35,0.01,0.01,77761.23,1776973055000
1776973056.748,156.748,0.65,0.66,0.34,0.35,0.01,0.01,77761.23,1776973055000
1776973057.278,157.278,0.65,0.66,0.34,0.35,0.01,0.01,77762.34,1776973056000
1776973057.863,157.863,0.65,0.66,0.34,0.35,0.01,0.01,77762.34,1776973056000
1776973058.205,158.205,0.65,0.66,0.34,0.35,0.01,0.01,77763.21,1776973057000
1776973058.563,158.563,0.65,0.66,0.34,0.35,0.01,0.01,77763.21,1776973057000
1776973058.98,158.98,0.65,0.66,0.34,0.35,0.01,0.01,77763.21,1776973057000
1776973059.444,159.444,0.65,0.66,0.34,0.35,0.01,0.01,77763.2,1776973058000
1776973059.784,159.784,0.65,0.66,0.34,0.35,0.01,0.01,77763.2,1776973058000
1776973060.187,160.187,0.65,0.66,0.34,0.35,0.01,0.01,77763.23,1776973059000
1776973060.555,160.555,0.66,0.67,0.33,0.35,0.01,0.02,77763.23,1776973059000
1776973060.968,160.968,0.66,0.67,0.33,0.34,0.01,0.01,77763.23,1776973059000
1776973061.486,161.486,0.66,0.67,0.33,0.34,0.01,0.01,77763.33,1776973060000
1776973062.048,162.048,0.66,0.67,0.33,0.34,0.01,0.01,77763.33,1776973060000
1776973063.067,163.067,0.66,0.67,0.33,0.34,0.01,0.01,77763.32,1776973062000
1776973063.51,163.51,0.66,0.67,0.33,0.34,0.01,0.01,77763.32,1776973062000
1776973063.914,163.914,0.66,0.67,0.33,0.34,0.01,0.01,77763.36,1776973063000
1776973064.893,164.893,0.66,0.67,0.33,0.34,0.01,0.01,77763.36,1776973063000
1776973065.227,165.227,0.6,0.63,0.37,0.4,0.03,0.03,77755.89,1776973064000
1776973065.563,165.563,0.61,0.63,0.37,0.38,0.02,0.01,77755.89,1776973064000
1776973065.909,165.909,0.61,0.62,0.38,0.4,0.01,0.02,77755.89,1776973064000
1776973066.51,166.51,0.61,0.62,0.38,0.39,0.01,0.01,77753.88,1776973065000
1776973066.896,166.896,0.61,0.62,0.38,0.39,0.01,0.01,77753.88,1776973065000
1776973067.276,167.276,0.61,0.62,0.38,0.39,0.01,0.01,77753.89,1776973066000
1776973067.725,167.725,0.61,0.62,0.38,0.39,0.01,0.01,77753.89,1776973066000
1776973068.177,168.177,0.6,0.62,0.38,0.39,0.02,0.01,77754.61,1776973067000
1776973068.538,168.538,0.6,0.61,0.39,0.41,0.01,0.02,77754.61,1776973067000
1776973068.993,168.993,0.6,0.61,0.39,0.4,0.01,0.01,77754.61,1776973067000
1776973069.465,169.465,0.6,0.61,0.39,0.4,0.01,0.01,77755.77,1776973068000
1776973069.858,169.858,0.6,0.61,0.39,0.4,0.01,0.01,77755.77,1776973068000
1776973070.298,170.298,0.6,0.61,0.39,0.4,0.01,0.01,77755.77,1776973069000
1776973070.651,170.651,0.6,0.61,0.39,0.4,0.01,0.01,77755.77,1776973069000
1776973070.997,170.997,0.57,0.58,0.42,0.43,0.01,0.01,77755.77,1776973069000
1776973071.392,171.392,0.57,0.58,0.42,0.43,0.01,0.01,77755.94,1776973070000
1776973071.778,171.778,0.58,0.59,0.42,0.43,0.01,0.01,77755.94,1776973070000
1776973072.114,172.114,0.58,0.65,0.35,0.42,0.07,0.07,77756.16,1776973071000
1776973072.662,172.662,0.62,0.65,0.35,0.42,0.03,0.07,77756.16,1776973071000
1776973073.379,173.379,0.62,0.65,0.35,0.38,0.03,0.03,77756.55,1776973072000
1776973073.739,173.739,0.62,0.63,0.37,0.38,0.01,0.01,77756.55,1776973072000
1776973074.166,174.166,0.62,0.63,0.37,0.38,0.01,0.01,77757.43,1776973073000
1776973074.567,174.567,0.62,0.63,0.37,0.38,0.01,0.01,77757.43,1776973073000
1776973075.044,175.044,0.61,0.62,0.38,0.39,0.01,0.01,77757.43,1776973073000
1776973075.383,175.383,0.61,0.62,0.38,0.39,0.01,0.01,77759.09,1776973074000
1776973075.851,175.851,0.6,0.62,0.38,0.39,0.02,0.01,77759.09,1776973074000
1776973076.192,176.192,0.57,0.62,0.38,0.39,0.05,0.01,77757.66,1776973075000
1776973076.598,176.598,0.57,0.58,0.42,0.43,0.01,0.01,77757.66,1776973075000
1776973076.964,176.964,0.6,0.62,0.39,0.4,0.02,0.01,77757.66,1776973075000
1776973077.323,177.323,0.62,0.63,0.37,0.4,0.01,0.03,77757.66,1776973075000
1776973077.778,177.778,0.62,0.63,0.37,0.38,0.01,0.01,77757.42,1776973076000
1776973078.271,178.271,0.58,0.59,0.41,0.42,0.01,0.01,77757.42,1776973076000
1776973078.626,178.626,0.58,0.59,0.41,0.42,0.01,0.01,77757.99,1776973077000
1776973079.086,179.086,0.57,0.58,0.42,0.43,0.01,0.01,77758.31,1776973078000
1776973079.444,179.444,0.56,0.58,0.42,0.43,0.02,0.01,77758.31,1776973078000
1776973079.979,179.979,0.58,0.59,0.41,0.42,0.01,0.01,77758.31,1776973078000
1776973080.324,180.324,0.59,0.6,0.4,0.41,0.01,0.01,77758.31,1776973078000
1776973080.763,180.763,0.59,0.6,0.4,0.41,0.01,0.01,77758.45,1776973079000
1776973081.135,181.135,0.58,0.59,0.41,0.42,0.01,0.01,77758.54,1776973080000
1776973081.473,181.473,0.57,0.58,0.42,0.43,0.01,0.01,77758.54,1776973080000
1776973081.81,181.81,0.57,0.58,0.42,0.43,0.01,0.01,77758.54,1776973080000
1776973082.145,182.145,0.56,0.57,0.43,0.44,0.01,0.01,77758.54,1776973081000
1776973082.522,182.522,0.56,0.57,0.43,0.44,0.01,0.01,77758.54,1776973081000
1776973082.986,182.986,0.56,0.58,0.43,0.44,0.02,0.01,77758.54,1776973081000
1776973083.361,183.361,0.57,0.58,0.42,0.43,0.01,0.01,77758.56,1776973082000
1776973083.833,183.833,0.57,0.58,0.42,0.43,0.01,0.01,77758.56,1776973082000
1776973084.181,184.181,0.55,0.56,0.44,0.45,0.01,0.01,77757.48,1776973083000
1776973084.516,184.516,0.57,0.58,0.42,0.43,0.01,0.01,77757.48,1776973083000
1776973084.897,184.897,0.57,0.58,0.42,0.43,0.01,0.01,77757.48,1776973083000
1776973085.315,185.315,0.5,0.58,0.42,0.5,0.08,0.08,77758.82,1776973084000
1776973085.649,185.649,0.48,0.49,0.51,0.52,0.01,0.01,77758.82,1776973084000
1776973085.983,185.983,0.4,0.42,0.58,0.6,0.02,0.02,77758.82,1776973084000
1776973086.317,186.317,0.39,0.4,0.6,0.61,0.01,0.01,77758.76,1776973085000
1776973086.694,186.694,0.36,0.4,0.58,0.65,0.04,0.07,77758.76,1776973085000
1776973087.054,187.054,0.39,0.4,0.6,0.61,0.01,0.01,77758.76,1776973085000
1776973087.39,187.39,0.39,0.4,0.6,0.61,0.01,0.01,77739.54,1776973086000
1776973087.75,187.75,0.39,0.4,0.6,0.61,0.01,0.01,77739.54,1776973086000
1776973088.125,188.125,0.39,0.4,0.6,0.61,0.01,0.01,77739.54,1776973086000
1776973088.464,188.464,0.39,0.4,0.6,0.61,0.01,0.01,77724.39,1776973087000
1776973088.798,188.798,0.39,0.4,0.6,0.61,0.01,0.01,77724.39,1776973087000
1776973089.157,189.157,0.38,0.39,0.61,0.62,0.01,0.01,77724.39,1776973087000
1776973089.552,189.552,0.35,0.36,0.64,0.65,0.01,0.01,77721.45,1776973088000
1776973090.002,190.002,0.34,0.35,0.65,0.66,0.01,0.01,77721.45,1776973088000
1776973090.409,190.409,0.34,0.35,0.65,0.66,0.01,0.01,77721.68,1776973089000
1776973090.755,190.755,0.36,0.37,0.63,0.65,0.01,0.02,77721.68,1776973089000
1776973091.09,191.09,0.36,0.37,0.63,0.64,0.01,0.01,77721.68,1776973089000
1776973091.57,191.57,0.35,0.37,0.63,0.65,0.02,0.02,77719.96,1776973090000
1776973092.13,192.13,0.35,0.36,0.64,0.65,0.01,0.01,77719.96,1776973090000
1776973092.472,192.472,0.35,0.36,0.64,0.65,0.01,0.01,77721.52,1776973091000
1776973093.068,193.068,0.35,0.36,0.64,0.65,0.01,0.01,77721.52,1776973091000
1776973093.509,193.509,0.35,0.36,0.64,0.65,0.01,0.01,77721.52,1776973091000
1776973093.905,193.905,0.31,0.32,0.66,0.7,0.01,0.04,77721.52,1776973091000
1776973094.265,194.265,0.31,0.32,0.68,0.69,0.01,0.01,77721.52,1776973091000
1776973094.792,194.792,0.31,0.32,0.68,0.69,0.01,0.01,77723.15,1776973093000
1776973095.168,195.168,0.33,0.38,0.62,0.67,0.05,0.05,77723.15,1776973093000
1776973095.517,195.517,0.41,0.47,0.53,0.59,0.06,0.06,77723.15,1776973094000
1776973095.852,195.852,0.51,0.56,0.44,0.49,0.05,0.05,77723.15,1776973094000
1776973096.193,196.193,0.5,0.52,0.49,0.52,0.02,0.03,77723.15,1776973094000
1776973096.56,196.56,0.5,0.51,0.47,0.5,0.01,0.03,77722.83,1776973095000
1776973096.939,196.939,0.5,0.51,0.49,0.5,0.01,0.01,77722.83,1776973095000
1776973097.287,197.287,0.52,0.53,0.47,0.48,0.01,0.01,77722.83,1776973095000
1776973097.668,197.668,0.52,0.53,0.47,0.48,0.01,0.01,77722.83,1776973095000
1776973098.469,198.469,0.52,0.53,0.47,0.48,0.01,0.01,77737.7,1776973096000
1776973099.061,199.061,0.52,0.53,0.47,0.48,0.01,0.01,77741.11,1776973098000
1776973099.436,199.436,0.52,0.53,0.47,0.48,0.01,0.01,77741.11,1776973098000
1776973099.886,199.886,0.52,0.53,0.47,0.48,0.01,0.01,77741.11,1776973098000
1776973100.304,200.304,0.52,0.53,0.47,0.48,0.01,0.01,77740.29,1776973099000
1776973100.693,200.693,0.52,0.53,0.47,0.48,0.01,0.01,77740.29,1776973099000
1776973101.198,201.198,0.52,0.53,0.47,0.48,0.01,0.01,77741.6,1776973100000
1776973101.97,201.97,0.52,0.53,0.47,0.48,0.01,0.01,77741.6,1776973100000
1776973102.438,202.438,0.52,0.53,0.47,0.48,0.01,0.01,77741.6,1776973100000
1776973102.814,202.814,0.52,0.53,0.47,0.48,0.01,0.01,77741.69,1776973101000
1776973103.6,203.6,0.52,0.53,0.47,0.48,0.01,0.01,77742.08,1776973102000
1776973103.971,203.971,0.52,0.53,0.47,0.48,0.01,0.01,77742.57,1776973103000
1776973104.309,204.309,0.52,0.54,0.47,0.48,0.02,0.01,77742.57,1776973103000
1776973104.949,204.949,0.52,0.54,0.46,0.48,0.02,0.02,77742.66,1776973104000
1776973105.303,205.303,0.52,0.53,0.47,0.48,0.01,0.01,77742.66,1776973104000
1776973105.671,205.671,0.53,0.54,0.46,0.47,0.01,0.01,77742.66,1776973104000
1776973106.067,206.067,0.53,0.54,0.46,0.47,0.01,0.01,77742.66,1776973104000
1776973106.432,206.432,0.53,0.54,0.46,0.47,0.01,0.01,77742.79,1776973105000
1776973107.462,207.462,0.53,0.54,0.46,0.47,0.01,0.01,77743.36,1776973106000
1776973107.807,207.807,0.53,0.54,0.46,0.47,0.01,0.01,77743.36,1776973106000
1776973108.412,208.412,0.53,0.54,0.46,0.47,0.01,0.01,77743.36,1776973106000
1776973108.877,208.877,0.53,0.54,0.46,0.47,0.01,0.01,77743.37,1776973107000
1776973109.221,209.221,0.53,0.54,0.46,0.47,0.01,0.01,77743.46,1776973108000
1776973109.958,209.958,0.5,0.54,0.46,0.48,0.04,0.02,77743.46,1776973108000
1776973110.336,210.336,0.47,0.5,0.52,0.53,0.03,0.01,77737.18,1776973109000
1776973110.795,210.795,0.47,0.5,0.5,0.53,0.03,0.03,77737.18,1776973109000
1776973111.128,211.128,0.47,0.5,0.5,0.53,0.03,0.03,77737.18,1776973109000
1776973111.586,211.586,0.47,0.48,0.52,0.53,0.01,0.01,77735.62,1776973110000
1776973111.98,211.98,0.47,0.48,0.52,0.53,0.01,0.01,77736.41,1776973111000
1776973112.427,212.427,0.47,0.48,0.52,0.53,0.01,0.01,77736.41,1776973111000
1776973112.889,212.889,0.47,0.48,0.52,0.53,0.01,0.01,77736.41,1776973111000
1776973113.286,213.286,0.47,0.48,0.52,0.53,0.01,0.01,77737.21,1776973112000
1776973114.149,214.149,0.47,0.48,0.52,0.53,0.01,0.01,77737.4,1776973113000
1776973114.943,214.943,0.47,0.48,0.52,0.53,0.01,0.01,77737.4,1776973113000
1776973115.97,215.97,0.47,0.48,0.52,0.53,0.01,0.01,77737.83,1776973114000
1776973116.347,216.347,0.47,0.48,0.52,0.53,0.01,0.01,77736.35,1776973115000
1776973116.995,216.995,0.47,0.48,0.52,0.53,0.01,0.01,77736.35,1776973115000
1776973117.468,217.468,0.47,0.48,0.52,0.53,0.01,0.01,77736.35,1776973116000
1776973118.01,218.01,0.47,0.48,0.52,0.53,0.01,0.01,77736.35,1776973116000
1776973118.36,218.36,0.47,0.48,0.52,0.53,0.01,0.01,77736.57,1776973117000
1776973118.758,218.758,0.47,0.48,0.52,0.53,0.01,0.01,77736.57,1776973117000
1776973119.103,219.103,0.47,0.48,0.52,0.53,0.01,0.01,77736.58,1776973118000
1776973119.715,219.715,0.47,0.48,0.52,0.54,0.01,0.02,77736.58,1776973118000
1776973120.113,220.113,0.47,0.48,0.52,0.53,0.01,0.01,77736.83,1776973119000
1776973120.465,220.465,0.47,0.48,0.52,0.53,0.01,0.01,77736.83,1776973119000
1776973120.934,220.934,0.46,0.47,0.53,0.54,0.01,0.01,77736.83,1776973119000
1776973121.28,221.28,0.46,0.47,0.53,0.54,0.01,0.01,77736.68,1776973120000
1776973121.94,221.94,0.46,0.47,0.53,0.54,0.01,0.01,77736.68,1776973120000
1776973122.928,222.928,0.46,0.47,0.53,0.54,0.01,0.01,77737.03,1776973121000
1776973123.668,223.668,0.46,0.47,0.53,0.54,0.01,0.01,77737.03,1776973122000
1776973124.004,224.004,0.46,0.47,0.53,0.54,0.01,0.01,77737.03,1776973122000
1776973124.431,224.431,0.46,0.48,0.52,0.54,0.02,0.02,77737.12,1776973123000
1776973125.255,225.255,0.46,0.48,0.52,0.54,0.02,0.02,77736.98,1776973124000
1776973126.103,226.103,0.47,0.49,0.52,0.53,0.02,0.01,77736.98,1776973124000
1776973126.473,226.473,0.47,0.49,0.51,0.53,0.02,0.02,77736.98,1776973124000
1776973126.844,226.844,0.47,0.51,0.49,0.53,0.04,0.04,77740.76,1776973125000
1776973127.431,227.431,0.49,0.51,0.49,0.51,0.02,0.02,77740.8,1776973126000
1776973128.077,228.077,0.48,0.51,0.49,0.52,0.03,0.03,77740.8,1776973126000
1776973128.429,228.429,0.48,0.51,0.49,0.52,0.03,0.03,77743.75,1776973127000
1776973128.801,228.801,0.48,0.52,0.48,0.52,0.04,0.04,77743.75,1776973127000
1776973129.276,229.276,0.48,0.52,0.48,0.52,0.04,0.04,77743.75,1776973127000
1776973129.634,229.634,0.5,0.55,0.45,0.5,0.05,0.05,77743.75,1776973127000
1776973129.98,229.98,0.53,0.61,0.4,0.47,0.08,0.07,77750.02,1776973128000
1776973130.323,230.323,0.58,0.62,0.38,0.42,0.04,0.04,77750.02,1776973128000
1776973130.682,230.682,0.63,0.64,0.36,0.38,0.01,0.02,77755.71,1776973129000
1776973131.019,231.019,0.62,0.64,0.36,0.38,0.02,0.02,77755.71,1776973129000
1776973131.358,231.358,0.66,0.67,0.33,0.34,0.01,0.01,77755.71,1776973129000
1776973131.742,231.742,0.68,0.71,0.29,0.3,0.03,0.01,77761.55,1776973130000
1776973132.092,232.092,0.7,0.71,0.29,0.3,0.01,0.01,77761.55,1776973130000
1776973132.488,232.488,0.7,0.71,0.29,0.3,0.01,0.01,77768.7,1776973131000
1776973133.017,233.017,0.7,0.71,0.29,0.3,0.01,0.01,77768.7,1776973131000
1776973133.704,233.704,0.7,0.71,0.29,0.3,0.01,0.01,77777.05,1776973132000
1776973134.187,234.187,0.7,0.71,0.29,0.3,0.01,0.01,77778.05,1776973133000
1776973134.541,234.541,0.7,0.71,0.29,0.3,0.01,0.01,77778.05,1776973133000
1776973134.945,234.945,0.7,0.71,0.29,0.3,0.01,0.01,77778.05,1776973133000
1776973135.47,235.47,0.7,0.71,0.29,0.3,0.01,0.01,77778.05,1776973133000
1776973135.829,235.829,0.7,0.71,0.29,0.3,0.01,0.01,77783.44,1776973134000
1776973136.174,236.174,0.7,0.72,0.28,0.3,0.02,0.02,77783.44,1776973134000
1776973136.514,236.514,0.7,0.72,0.28,0.3,0.02,0.02,77783.44,1776973134000
1776973136.849,236.849,0.7,0.72,0.28,0.3,0.02,0.02,77784.79,1776973135000
1776973137.312,237.312,0.72,0.73,0.27,0.29,0.01,0.02,77784.79,1776973135000
1776973137.661,237.661,0.71,0.73,0.27,0.29,0.02,0.02,77785.14,1776973136000
1776973138.145,238.145,0.7,0.73,0.27,0.28,0.03,0.01,77785.14,1776973136000
1776973138.519,238.519,0.71,0.72,0.27,0.3,0.01,0.03,77785.14,1776973136000
1776973138.92,238.92,0.71,0.72,0.28,0.29,0.01,0.01,77785.14,1776973136000
1776973139.263,239.263,0.72,0.76,0.24,0.28,0.04,0.04,77783.05,1776973137000
1776973139.611,239.611,0.77,0.78,0.22,0.23,0.01,0.01,77783.05,1776973137000
1776973139.974,239.974,0.76,0.77,0.22,0.24,0.01,0.02,77783.05,1776973137000
1776973140.324,240.324,0.76,0.77,0.23,0.24,0.01,0.01,77785.12,1776973138000
1776973140.657,240.657,0.8,0.81,0.19,0.21,0.01,0.02,77785.12,1776973138000
1776973140.991,240.991,0.8,0.81,0.19,0.2,0.01,0.01,77789.0,1776973139000
1776973141.432,241.432,0.82,0.83,0.18,0.19,0.01,0.01,77789.0,1776973139000
1776973141.818,241.818,0.82,0.83,0.17,0.18,0.01,0.01,77790.91,1776973140000
1776973142.709,242.709,0.82,0.83,0.17,0.18,0.01,0.01,77792.39,1776973141000
1776973143.701,243.701,0.82,0.83,0.17,0.18,0.01,0.01,77792.39,1776973141000
1776973144.412,244.412,0.82,0.83,0.17,0.18,0.01,0.01,77791.2,1776973143000
1776973144.835,244.835,0.81,0.83,0.17,0.18,0.02,0.01,77791.2,1776973143000
1776973145.178,245.178,0.81,0.83,0.17,0.19,0.02,0.02,77790.49,1776973144000
1776973145.598,245.598,0.8,0.82,0.18,0.2,0.02,0.02,77790.49,1776973144000
1776973145.997,245.997,0.81,0.83,0.17,0.21,0.02,0.04,77790.49,1776973144000
1776973146.348,246.348,0.82,0.83,0.17,0.18,0.01,0.01,77789.1,1776973145000
1776973146.791,246.791,0.82,0.83,0.17,0.18,0.01,0.01,77789.1,1776973145000
1776973147.165,247.165,0.81,0.84,0.16,0.19,0.03,0.03,77789.1,1776973145000
1776973147.53,247.53,0.81,0.82,0.18,0.19,0.01,0.01,77790.43,1776973146000
1776973148.133,248.133,0.81,0.82,0.18,0.19,0.01,0.01,77790.43,1776973146000
1776973148.478,248.478,0.81,0.82,0.18,0.19,0.01,0.01,77790.43,1776973146000
1776973148.98,248.98,0.81,0.82,0.18,0.19,0.01,0.01,77790.64,1776973148000
1776973149.322,249.322,0.81,0.82,0.18,0.19,0.01,0.01,77790.64,1776973148000
1776973149.754,249.754,0.81,0.82,0.18,0.19,0.01,0.01,77790.64,1776973148000
1776973150.168,250.168,0.85,0.86,0.14,0.15,0.01,0.01,77790.31,1776973149000
1776973150.515,250.515,0.85,0.86,0.14,0.15,0.01,0.01,77790.31,1776973149000
1776973150.86,250.86,0.85,0.86,0.14,0.15,0.01,0.01,77790.31,1776973149000
1776973151.244,251.244,0.83,0.84,0.16,0.17,0.01,0.01,77789.76,1776973150000
1776973151.69,251.69,0.83,0.84,0.16,0.17,0.01,0.01,77789.76,1776973150000
1776973152.037,252.037,0.72,0.74,0.25,0.28,0.02,0.03,77789.76,1776973150000
1776973152.371,252.371,0.72,0.74,0.26,0.28,0.02,0.02,77790.12,1776973151000
1776973152.862,252.862,0.71,0.74,0.26,0.29,0.03,0.03,77790.12,1776973151000
1776973153.314,253.314,0.69,0.74,0.26,0.31,0.05,0.05,77789.81,1776973152000
1776973153.779,253.779,0.71,0.73,0.27,0.29,0.02,0.02,77789.81,1776973152000
1776973154.122,254.122,0.72,0.73,0.27,0.28,0.01,0.01,77789.81,1776973152000
1776973154.46,254.46,0.72,0.73,0.27,0.28,0.01,0.01,77776.78,1776973153000
1776973154.893,254.893,0.72,0.74,0.26,0.28,0.02,0.02,77776.78,1776973153000
1776973155.566,255.566,0.72,0.73,0.27,0.28,0.01,0.01,77774.04,1776973154000
1776973156.013,256.013,0.72,0.74,0.26,0.28,0.02,0.02,77773.78,1776973155000
1776973156.688,256.688,0.72,0.75,0.14,0.28,0.03,0.14,77773.78,1776973155000
1776973157.043,257.043,0.72,0.8,0.14,0.28,0.08,0.14,77773.78,1776973155000
1776973157.385,257.385,0.68,0.69,0.14,0.28,0.01,0.14,77773.78,1776973156000
1776973157.992,257.992,0.68,0.69,0.31,0.32,0.01,0.01,77773.78,1776973156000
1776973158.351,258.351,0.72,0.75,0.25,0.26,0.03,0.01,77773.78,1776973157000
1776973159.285,259.285,0.74,0.75,0.25,0.28,0.01,0.03,77773.78,1776973157000
1776973159.645,259.645,0.74,0.75,0.25,0.26,0.01,0.01,77773.59,1776973158000
1776973160.001,260.001,0.74,0.75,0.25,0.26,0.01,0.01,77773.59,1776973158000
1776973160.361,260.361,0.74,0.75,0.25,0.26,0.01,0.01,77773.59,1776973158000
1776973160.809,260.809,0.73,0.74,0.26,0.27,0.01,0.01,77772.66,1776973159000
1776973161.374,261.374,0.73,0.74,0.26,0.27,0.01,0.01,77772.66,1776973160000
1776973161.942,261.942,0.78,0.79,0.24,0.27,0.01,0.03,77772.66,1776973160000
1776973162.403,262.403,0.78,0.79,0.21,0.22,0.01,0.01,77770.31,1776973161000
1776973162.79,262.79,0.78,0.79,0.21,0.22,0.01,0.01,77770.31,1776973161000
1776973163.249,263.249,0.78,0.79,0.21,0.22,0.01,0.01,77769.44,1776973162000
1776973163.642,263.642,0.78,0.79,0.21,0.22,0.01,0.01,77769.44,1776973162000
1776973164.377,264.377,0.78,0.79,0.21,0.22,0.01,0.01,77769.63,1776973163000
1776973164.878,264.878,0.78,0.79,0.21,0.22,0.01,0.01,77769.63,1776973164000
1776973165.597,265.597,0.78,0.79,0.21,0.22,0.01,0.01,77769.63,1776973164000
1776973165.98,265.98,0.77,0.78,0.21,0.22,0.01,0.01,77769.63,1776973164000
1776973166.426,266.426,0.77,0.79,0.21,0.25,0.02,0.04,77769.97,1776973165000
1776973166.864,266.864,0.76,0.77,0.23,0.24,0.01,0.01,77769.97,1776973165000
1776973167.313,267.313,0.75,0.77,0.23,0.24,0.02,0.01,77770.02,1776973166000
1776973167.885,267.885,0.7,0.71,0.29,0.3,0.01,0.01,77770.02,1776973166000
1776973168.28,268.28,0.7,0.71,0.29,0.3,0.01,0.01,77770.0,1776973167000
1776973168.641,268.641,0.7,0.71,0.29,0.3,0.01,0.01,77770.0,1776973167000
1776973169.204,269.204,0.72,0.73,0.27,0.3,0.01,0.03,77770.0,1776973167000
1776973169.893,269.893,0.72,0.73,0.27,0.28,0.01,0.01,77763.74,1776973168000
1776973170.245,270.245,0.72,0.73,0.27,0.28,0.01,0.01,77763.74,1776973168000
1776973170.666,270.666,0.73,0.74,0.26,0.27,0.01,0.01,77762.37,1776973169000
1776973171.007,271.007,0.69,0.7,0.27,0.31,0.01,0.04,77762.68,1776973170000
1776973171.373,271.373,0.69,0.7,0.3,0.31,0.01,0.01,77762.68,1776973170000
1776973171.853,271.853,0.69,0.7,0.3,0.31,0.01,0.01,77762.68,1776973170000
1776973172.415,272.415,0.66,0.69,0.31,0.32,0.03,0.01,77762.68,1776973170000
1776973172.76,272.76,0.65,0.66,0.34,0.35,0.01,0.01,77762.67,1776973171000
1776973173.23,273.23,0.65,0.66,0.34,0.35,0.01,0.01,77762.73,1776973172000
1776973174.367,274.367,0.65,0.66,0.34,0.35,0.01,0.01,77762.61,1776973173000
1776973174.715,274.715,0.65,0.66,0.34,0.35,0.01,0.01,77762.61,1776973173000
1776973175.181,275.181,0.65,0.66,0.34,0.35,0.01,0.01,77762.61,1776973174000
1776973175.519,275.519,0.65,0.66,0.32,0.35,0.01,0.03,77762.61,1776973174000
1776973176.086,276.086,0.67,0.69,0.31,0.33,0.02,0.02,77762.6,1776973175000
1776973176.421,276.421,0.67,0.68,0.31,0.33,0.01,0.02,77762.6,1776973175000
1776973176.791,276.791,0.68,0.71,0.3,0.32,0.03,0.02,77762.6,1776973175000
1776973177.144,277.144,0.69,0.7,0.3,0.32,0.01,0.02,77762.6,1776973175000
1776973177.526,277.526,0.69,0.7,0.3,0.31,0.01,0.01,77762.67,1776973176000
1776973177.861,277.861,0.73,0.75,0.26,0.31,0.02,0.05,77762.67,1776973176000
1776973178.4,278.4,0.74,0.75,0.25,0.26,0.01,0.01,77762.67,1776973176000
1776973178.761,278.761,0.74,0.75,0.25,0.26,0.01,0.01,77764.05,1776973177000
1776973179.145,279.145,0.74,0.75,0.25,0.26,0.01,0.01,77764.4,1776973178000
1776973179.512,279.512,0.74,0.75,0.25,0.26,0.01,0.01,77764.4,1776973178000
1776973179.849,279.849,0.73,0.75,0.25,0.26,0.02,0.01,77764.4,1776973178000
1776973180.324,280.324,0.72,0.73,0.27,0.28,0.01,0.01,77764.41,1776973179000
1776973180.69,280.69,0.68,0.69,0.31,0.32,0.01,0.01,77764.41,1776973179000
1776973181.108,281.108,0.68,0.69,0.31,0.32,0.01,0.01,77764.41,1776973179000
1776973181.708,281.708,0.68,0.69,0.31,0.32,0.01,0.01,77764.56,1776973180000
1776973182.065,282.065,0.67,0.69,0.31,0.32,0.02,0.01,77764.56,1776973180000
1776973182.425,282.425,0.63,0.69,0.31,0.32,0.06,0.01,77765.07,1776973181000
1776973182.796,282.796,0.66,0.67,0.33,0.37,0.01,0.04,77765.07,1776973181000
1776973183.348,283.348,0.64,0.66,0.33,0.34,0.02,0.01,77765.07,1776973181000
1776973183.83,283.83,0.67,0.69,0.31,0.34,0.02,0.03,77765.27,1776973182000
1776973184.247,284.247,0.75,0.76,0.19,0.34,0.01,0.15,77765.27,1776973183000
1776973184.605,284.605,0.75,0.76,0.24,0.25,0.01,0.01,77765.27,1776973183000
1776973185.006,285.006,0.75,0.76,0.24,0.25,0.01,0.01,77765.27,1776973183000
1776973185.387,285.387,0.85,0.86,0.14,0.19,0.01,0.05,77764.54,1776973184000
1776973185.847,285.847,0.85,0.86,0.14,0.15,0.01,0.01,77764.54,1776973184000
1776973186.337,286.337,0.85,0.86,0.14,0.15,0.01,0.01,77764.54,1776973184000
1776973186.678,286.678,0.85,0.86,0.14,0.15,0.01,0.01,77764.55,1776973185000
1776973187.186,287.186,0.85,0.86,0.14,0.15,0.01,0.01,77764.55,1776973185000
1776973187.569,287.569,0.85,0.86,0.14,0.15,0.01,0.01,77764.48,1776973186000
1776973187.928,287.928,0.85,0.88,0.13,0.15,0.03,0.02,77764.48,1776973186000
1776973188.271,288.271,0.83,0.84,0.12,0.15,0.01,0.03,77765.22,1776973187000
1776973188.659,288.659,0.87,0.88,0.13,0.15,0.01,0.02,77765.22,1776973187000
1776973189.107,289.107,0.85,0.86,0.13,0.15,0.01,0.02,77765.29,1776973188000
1776973189.455,289.455,0.87,0.88,0.12,0.13,0.01,0.01,77765.29,1776973188000
1776973189.828,289.828,0.87,0.88,0.12,0.13,0.01,0.01,77765.29,1776973188000
1776973190.411,290.411,0.87,0.88,0.12,0.13,0.01,0.01,77765.29,1776973189000
1776973190.773,290.773,0.89,0.9,0.1,0.11,0.01,0.01,77765.29,1776973189000
1776973191.113,291.113,0.89,0.9,0.1,0.11,0.01,0.01,77765.58,1776973190000
1776973191.457,291.457,0.88,0.9,0.1,0.12,0.02,0.02,77765.58,1776973190000
1776973191.83,291.83,0.86,0.89,0.11,0.12,0.03,0.01,77765.58,1776973190000
1776973192.21,292.21,0.88,0.89,0.11,0.12,0.01,0.01,77765.88,1776973191000
1776973192.553,292.553,0.89,0.9,0.1,0.11,0.01,0.01,77765.88,1776973191000
1776973192.981,292.981,0.91,0.92,0.08,0.1,0.01,0.02,77765.88,1776973191000
1776973193.35,293.35,0.91,0.92,0.08,0.09,0.01,0.01,77770.71,1776973192000
1776973193.723,293.723,0.91,0.92,0.08,0.09,0.01,0.01,77770.71,1776973192000
1776973194.057,294.057,0.94,0.95,0.05,0.06,0.01,0.01,77771.07,1776973193000
1776973194.412,294.412,0.94,0.95,0.05,0.06,0.01,0.01,77771.07,1776973193000
1776973194.758,294.758,0.95,0.97,0.03,0.05,0.02,0.02,77771.07,1776973193000
1776973195.114,295.114,0.96,0.97,0.03,0.04,0.01,0.01,77773.04,1776973194000
1776973195.452,295.452,0.96,0.97,0.03,0.04,0.01,0.01,77773.04,1776973194000
1776973195.795,295.795,0.3,0.97,0.03,0.47,0.67,0.44,77773.04,1776973194000
1776973196.13,296.13,0.3,0.53,0.43,0.7,0.23,0.27,77772.81,1776973195000
1776973196.465,296.465,0.08,0.11,0.8,0.92,0.03,0.12,77772.81,1776973195000
1776973196.798,296.798,0.08,0.5,0.5,0.92,0.42,0.42,77772.81,1776973195000
1776973197.132,297.132,0.09,0.1,0.9,0.91,0.01,0.01,77771.11,1776973196000
1776973197.469,297.469,0.09,0.1,0.9,0.91,0.01,0.01,77771.11,1776973196000
1776973197.823,297.823,0.11,0.16,0.81,0.89,0.05,0.08,77771.11,1776973196000
1776973198.158,298.158,0.03,0.06,0.92,0.94,0.03,0.02,77771.11,1776973196000
1776973198.491,298.491,0.02,0.03,0.97,0.98,0.01,0.01,77719.21,1776973197000
1776973198.879,298.879,0.01,0.19,0.81,0.99,0.18,0.18,77713.31,1776973198000
1776973199.293,299.293,0.01,0.38,0.97,0.99,0.37,0.02,77713.31,1776973198000
1776973199.825,299.825,0.01,0.01,0.99,0.99,0.0,0.0,77713.31,1776973198000
1776973200.276,300.276,0.01,0.01,0.99,0.99,0.0,0.0,77710.7,1776973199000
1776973200.615,300.615,0.01,0.01,0.99,0.99,0.0,0.0,77710.7,1776973199000

# RESULT,winner=Down,slug=btc-updown-5m-1776972900,ticks=657
