timestamp,elapsed_sec,up_bid,up_ask,down_bid,down_ask,up_spread,down_spread,btc_price,btc_oracle_ts
1777106700.638,0.638,0.46,0.47,0.53,0.54,0.01,0.01,77659.1,1777106699000
1777106701.057,1.057,0.46,0.47,0.53,0.54,0.01,0.01,77659.1,1777106699000
1777106701.449,1.449,0.46,0.47,0.53,0.54,0.01,0.01,77659.08,1777106700000
1777106701.933,1.933,0.46,0.47,0.53,0.54,0.01,0.01,77659.08,1777106700000
1777106702.568,2.568,0.46,0.47,0.53,0.54,0.01,0.01,77658.8,1777106701000
1777106703.0,3.0,0.46,0.47,0.53,0.54,0.01,0.01,77658.8,1777106701000
1777106703.355,3.355,0.46,0.47,0.53,0.54,0.01,0.01,77658.8,1777106701000
1777106703.749,3.749,0.46,0.47,0.53,0.54,0.01,0.01,77658.74,1777106702000
1777106704.115,4.115,0.46,0.47,0.53,0.54,0.01,0.01,77658.74,1777106702000
1777106704.685,4.685,0.46,0.47,0.53,0.54,0.01,0.01,77658.74,1777106703000
1777106705.151,5.151,0.46,0.47,0.53,0.54,0.01,0.01,77658.74,1777106703000
1777106706.137,6.137,0.46,0.47,0.53,0.54,0.01,0.01,77658.77,1777106704000
1777106706.591,6.591,0.46,0.47,0.53,0.54,0.01,0.01,77658.34,1777106705000
1777106706.961,6.961,0.46,0.47,0.53,0.54,0.01,0.01,77658.34,1777106705000
1777106707.325,7.325,0.46,0.49,0.53,0.54,0.03,0.01,77658.34,1777106705000
1777106707.664,7.664,0.46,0.48,0.52,0.54,0.02,0.02,77658.34,1777106705000
1777106707.998,7.998,0.47,0.48,0.52,0.53,0.01,0.01,77658.56,1777106706000
1777106708.647,8.647,0.47,0.48,0.52,0.53,0.01,0.01,77658.56,1777106706000
1777106709.147,9.147,0.47,0.48,0.52,0.53,0.01,0.01,77658.94,1777106707000
1777106709.702,9.702,0.47,0.48,0.52,0.53,0.01,0.01,77658.83,1777106708000
1777106710.07,10.07,0.47,0.48,0.52,0.53,0.01,0.01,77658.83,1777106708000
1777106710.52,10.52,0.47,0.48,0.52,0.53,0.01,0.01,77658.83,1777106708000
1777106711.131,11.131,0.47,0.48,0.52,0.53,0.01,0.01,77658.6,1777106710000
1777106712.167,12.167,0.47,0.48,0.52,0.53,0.01,0.01,77658.6,1777106710000
1777106712.719,12.719,0.46,0.48,0.52,0.53,0.02,0.01,77658.6,1777106710000
1777106713.095,13.095,0.46,0.48,0.52,0.54,0.02,0.02,77657.63,1777106712000
1777106713.457,13.457,0.46,0.48,0.52,0.54,0.02,0.02,77657.63,1777106712000
1777106713.834,13.834,0.47,0.48,0.52,0.54,0.01,0.02,77657.63,1777106712000
1777106714.19,14.19,0.46,0.48,0.52,0.54,0.02,0.02,77657.54,1777106713000
1777106714.643,14.643,0.46,0.47,0.52,0.54,0.01,0.02,77657.54,1777106713000
1777106715.021,15.021,0.42,0.47,0.53,0.55,0.05,0.02,77657.54,1777106713000
1777106715.471,15.471,0.35,0.43,0.57,0.65,0.08,0.08,77655.57,1777106714000
1777106716.111,16.111,0.37,0.38,0.62,0.65,0.01,0.03,77655.57,1777106714000
1777106716.448,16.448,0.35,0.43,0.57,0.65,0.08,0.08,77653.26,1777106715000
1777106716.81,16.81,0.4,0.41,0.57,0.59,0.01,0.02,77653.26,1777106715000
1777106717.206,17.206,0.42,0.43,0.57,0.59,0.01,0.02,77653.26,1777106715000
1777106717.561,17.561,0.42,0.43,0.57,0.58,0.01,0.01,77652.23,1777106716000
1777106718.092,18.092,0.42,0.43,0.57,0.58,0.01,0.01,77652.8,1777106717000
1777106718.814,18.814,0.42,0.43,0.57,0.58,0.01,0.01,77652.8,1777106717000
1777106719.17,19.17,0.42,0.43,0.57,0.58,0.01,0.01,77653.35,1777106718000
1777106720.196,20.196,0.42,0.43,0.57,0.58,0.01,0.01,77653.35,1777106719000
1777106720.724,20.724,0.42,0.43,0.57,0.58,0.01,0.01,77653.35,1777106719000
1777106721.242,21.242,0.42,0.43,0.57,0.58,0.01,0.01,77654.04,1777106720000
1777106721.651,21.651,0.42,0.43,0.57,0.58,0.01,0.01,77654.04,1777106720000
1777106721.999,21.999,0.41,0.42,0.58,0.59,0.01,0.01,77654.04,1777106720000
1777106722.484,22.484,0.41,0.42,0.58,0.59,0.01,0.01,77654.15,1777106721000
1777106722.895,22.895,0.4,0.41,0.58,0.6,0.01,0.02,77654.15,1777106721000
1777106723.529,23.529,0.4,0.41,0.59,0.6,0.01,0.01,77652.78,1777106722000
1777106724.157,24.157,0.4,0.41,0.59,0.6,0.01,0.01,77652.78,1777106722000
1777106724.893,24.893,0.39,0.4,0.59,0.61,0.01,0.02,77652.43,1777106723000
1777106725.46,25.46,0.39,0.4,0.6,0.61,0.01,0.01,77652.43,1777106724000
1777106725.793,25.793,0.38,0.4,0.6,0.62,0.02,0.02,77652.43,1777106724000
1777106727.225,27.225,0.38,0.39,0.6,0.62,0.01,0.02,77652.53,1777106725000
1777106727.6,27.6,0.38,0.39,0.61,0.62,0.01,0.01,77652.53,1777106726000
1777106727.981,27.981,0.38,0.39,0.61,0.62,0.01,0.01,77652.57,1777106727000
1777106728.349,28.349,0.38,0.39,0.61,0.62,0.01,0.01,77652.57,1777106727000
1777106729.031,29.031,0.38,0.39,0.61,0.62,0.01,0.01,77652.57,1777106728000
1777106729.453,29.453,0.38,0.39,0.61,0.62,0.01,0.01,77652.57,1777106728000
1777106730.157,30.157,0.38,0.39,0.61,0.62,0.01,0.01,77652.57,1777106728000
1777106730.977,30.977,0.38,0.39,0.61,0.62,0.01,0.01,77652.58,1777106729000
1777106731.372,31.372,0.38,0.39,0.61,0.62,0.01,0.01,77652.61,1777106730000
1777106731.793,31.793,0.36,0.37,0.62,0.64,0.01,0.02,77652.61,1777106730000
1777106732.155,32.155,0.36,0.37,0.63,0.64,0.01,0.01,77652.61,1777106730000
1777106732.952,32.952,0.36,0.37,0.63,0.64,0.01,0.01,77652.61,1777106731000
1777106733.329,33.329,0.36,0.37,0.63,0.64,0.01,0.01,77652.57,1777106732000
1777106733.671,33.671,0.36,0.37,0.63,0.64,0.01,0.01,77652.57,1777106732000
1777106734.546,34.546,0.36,0.37,0.63,0.64,0.01,0.01,77650.96,1777106733000
1777106735.052,35.052,0.36,0.37,0.63,0.64,0.01,0.01,77650.96,1777106733000
1777106735.386,35.386,0.36,0.37,0.63,0.64,0.01,0.01,77651.12,1777106734000
1777106735.813,35.813,0.36,0.37,0.63,0.64,0.01,0.01,77651.12,1777106734000
1777106736.8,36.8,0.36,0.37,0.63,0.64,0.01,0.01,77651.12,1777106735000
1777106737.159,37.159,0.36,0.37,0.63,0.64,0.01,0.01,77651.2,1777106736000
1777106737.783,37.783,0.35,0.36,0.63,0.65,0.01,0.02,77651.2,1777106736000
1777106738.179,38.179,0.35,0.36,0.64,0.65,0.01,0.01,77651.2,1777106736000
1777106738.731,38.731,0.35,0.36,0.64,0.65,0.01,0.01,77649.94,1777106737000
1777106739.269,39.269,0.33,0.34,0.66,0.67,0.01,0.01,77649.94,1777106737000
1777106739.668,39.668,0.33,0.34,0.66,0.67,0.01,0.01,77650.03,1777106738000
1777106740.032,40.032,0.33,0.34,0.66,0.67,0.01,0.01,77650.03,1777106739000
1777106740.486,40.486,0.33,0.34,0.66,0.67,0.01,0.01,77650.03,1777106739000
1777106740.869,40.869,0.33,0.34,0.66,0.67,0.01,0.01,77650.03,1777106739000
1777106742.239,42.239,0.34,0.36,0.64,0.67,0.02,0.03,77650.14,1777106740000
1777106742.866,42.866,0.35,0.36,0.64,0.66,0.01,0.02,77650.17,1777106741000
1777106743.227,43.227,0.35,0.36,0.64,0.65,0.01,0.01,77650.65,1777106742000
1777106743.597,43.597,0.35,0.36,0.64,0.65,0.01,0.01,77650.65,1777106742000
1777106744.481,44.481,0.35,0.36,0.64,0.65,0.01,0.01,77650.93,1777106743000
1777106744.83,44.83,0.35,0.36,0.64,0.65,0.01,0.01,77650.93,1777106743000
1777106745.321,45.321,0.35,0.36,0.64,0.65,0.01,0.01,77650.93,1777106744000
1777106745.833,45.833,0.35,0.38,0.64,0.65,0.03,0.01,77650.93,1777106744000
1777106746.319,46.319,0.35,0.38,0.62,0.65,0.03,0.03,77650.82,1777106745000
1777106746.75,46.75,0.35,0.36,0.64,0.65,0.01,0.01,77650.82,1777106745000
1777106747.428,47.428,0.35,0.36,0.64,0.65,0.01,0.01,77651.12,1777106746000
1777106747.923,47.923,0.35,0.36,0.64,0.65,0.01,0.01,77651.12,1777106746000
1777106748.387,48.387,0.35,0.36,0.64,0.65,0.01,0.01,77651.12,1777106747000
1777106749.284,49.284,0.35,0.36,0.64,0.65,0.01,0.01,77651.68,1777106748000
1777106749.821,49.821,0.35,0.36,0.64,0.65,0.01,0.01,77651.68,1777106748000
1777106750.209,50.209,0.35,0.36,0.64,0.65,0.01,0.01,77651.68,1777106748000
1777106751.017,51.017,0.35,0.36,0.64,0.65,0.01,0.01,77651.64,1777106750000
1777106751.614,51.614,0.35,0.36,0.64,0.65,0.01,0.01,77651.64,1777106750000
1777106752.043,52.043,0.35,0.36,0.64,0.65,0.01,0.01,77651.64,1777106750000
1777106752.672,52.672,0.35,0.36,0.64,0.65,0.01,0.01,77651.53,1777106751000
1777106753.416,53.416,0.35,0.36,0.64,0.65,0.01,0.01,77651.3,1777106752000
1777106753.985,53.985,0.35,0.36,0.64,0.65,0.01,0.01,77651.3,1777106753000
1777106754.387,54.387,0.34,0.35,0.65,0.66,0.01,0.01,77651.3,1777106753000
1777106754.846,54.846,0.34,0.35,0.65,0.66,0.01,0.01,77651.3,1777106753000
1777106755.525,55.525,0.34,0.35,0.65,0.66,0.01,0.01,77651.56,1777106754000
1777106755.98,55.98,0.34,0.35,0.65,0.66,0.01,0.01,77651.56,1777106754000
1777106757.283,57.283,0.34,0.35,0.65,0.66,0.01,0.01,77651.6,1777106755000
1777106757.647,57.647,0.34,0.35,0.65,0.66,0.01,0.01,77651.55,1777106756000
1777106758.032,58.032,0.34,0.35,0.65,0.66,0.01,0.01,77651.55,1777106756000
1777106758.453,58.453,0.33,0.35,0.65,0.67,0.02,0.02,77651.55,1777106756000
1777106758.82,58.82,0.34,0.35,0.65,0.66,0.01,0.01,77651.65,1777106757000
1777106759.318,59.318,0.34,0.35,0.64,0.66,0.01,0.02,77651.57,1777106758000
1777106759.652,59.652,0.34,0.35,0.65,0.66,0.01,0.01,77651.57,1777106758000
1777106760.13,60.13,0.33,0.34,0.65,0.66,0.01,0.01,77651.57,1777106758000
1777106760.666,60.666,0.33,0.34,0.66,0.67,0.01,0.01,77651.57,1777106759000
1777106761.16,61.16,0.33,0.34,0.66,0.67,0.01,0.01,77651.57,1777106759000
1777106761.66,61.66,0.33,0.34,0.66,0.67,0.01,0.01,77651.63,1777106760000
1777106761.997,61.997,0.33,0.34,0.66,0.67,0.01,0.01,77651.63,1777106760000
1777106762.402,62.402,0.33,0.34,0.66,0.67,0.01,0.01,77651.58,1777106761000
1777106762.786,62.786,0.33,0.34,0.66,0.67,0.01,0.01,77651.58,1777106761000
1777106763.828,63.828,0.32,0.33,0.66,0.67,0.01,0.01,77651.46,1777106762000
1777106764.616,64.616,0.32,0.35,0.66,0.68,0.03,0.02,77651.46,1777106763000
1777106765.101,65.101,0.35,0.36,0.65,0.68,0.01,0.03,77651.46,1777106763000
1777106765.56,65.56,0.35,0.36,0.64,0.65,0.01,0.01,77651.25,1777106764000
1777106765.936,65.936,0.35,0.36,0.64,0.65,0.01,0.01,77651.25,1777106764000
1777106766.307,66.307,0.35,0.36,0.64,0.65,0.01,0.01,77651.25,1777106764000
1777106766.771,66.771,0.33,0.34,0.65,0.68,0.01,0.03,77651.24,1777106765000
1777106767.285,67.285,0.33,0.34,0.66,0.67,0.01,0.01,77651.23,1777106766000
1777106767.78,67.78,0.33,0.34,0.66,0.67,0.01,0.01,77651.23,1777106766000
1777106768.419,68.419,0.33,0.34,0.66,0.67,0.01,0.01,77651.23,1777106767000
1777106768.899,68.899,0.33,0.34,0.66,0.67,0.01,0.01,77651.23,1777106767000
1777106769.929,69.929,0.33,0.34,0.65,0.67,0.01,0.02,77651.38,1777106768000
1777106770.58,70.58,0.32,0.33,0.66,0.67,0.01,0.01,77651.45,1777106769000
1777106770.955,70.955,0.32,0.33,0.67,0.68,0.01,0.01,77651.45,1777106770000
1777106772.39,72.39,0.32,0.33,0.67,0.68,0.01,0.01,77650.8,1777106771000
1777106772.806,72.806,0.32,0.33,0.67,0.68,0.01,0.01,77650.8,1777106771000
1777106773.37,73.37,0.32,0.33,0.67,0.68,0.01,0.01,77650.8,1777106772000
1777106774.112,74.112,0.32,0.33,0.67,0.69,0.01,0.02,77650.8,1777106772000
1777106774.611,74.611,0.3,0.32,0.67,0.69,0.02,0.02,77650.56,1777106773000
1777106774.995,74.995,0.3,0.31,0.69,0.7,0.01,0.01,77650.56,1777106773000
1777106775.471,75.471,0.3,0.31,0.68,0.7,0.01,0.02,77650.66,1777106774000
1777106775.936,75.936,0.3,0.31,0.69,0.7,0.01,0.01,77650.66,1777106774000
1777106776.326,76.326,0.3,0.31,0.69,0.7,0.01,0.01,77650.66,1777106774000
1777106776.745,76.745,0.3,0.31,0.69,0.7,0.01,0.01,77650.75,1777106775000
1777106777.125,77.125,0.3,0.32,0.69,0.7,0.02,0.01,77650.75,1777106775000
1777106777.627,77.627,0.3,0.31,0.68,0.7,0.01,0.02,77650.46,1777106776000
1777106778.314,78.314,0.3,0.31,0.69,0.7,0.01,0.01,77650.41,1777106777000
1777106778.939,78.939,0.3,0.31,0.69,0.7,0.01,0.01,77650.67,1777106778000
1777106779.754,79.754,0.3,0.31,0.69,0.7,0.01,0.01,77650.67,1777106778000
1777106780.171,80.171,0.3,0.31,0.69,0.7,0.01,0.01,77650.67,1777106779000
1777106781.146,81.146,0.3,0.32,0.69,0.7,0.02,0.01,77650.67,1777106779000
1777106781.491,81.491,0.31,0.32,0.68,0.69,0.01,0.01,77650.58,1777106780000
1777106782.387,82.387,0.31,0.32,0.68,0.69,0.01,0.01,77650.83,1777106781000
1777106782.732,82.732,0.31,0.32,0.68,0.69,0.01,0.01,77650.83,1777106781000
1777106783.869,83.869,0.31,0.32,0.68,0.69,0.01,0.01,77650.78,1777106783000
1777106784.251,84.251,0.3,0.31,0.69,0.7,0.01,0.01,77650.78,1777106783000
1777106784.956,84.956,0.3,0.31,0.69,0.7,0.01,0.01,77650.78,1777106783000
1777106785.432,85.432,0.3,0.31,0.69,0.7,0.01,0.01,77650.62,1777106784000
1777106785.955,85.955,0.3,0.31,0.69,0.7,0.01,0.01,77650.64,1777106785000
1777106787.114,87.114,0.3,0.31,0.69,0.7,0.01,0.01,77651.15,1777106786000
1777106787.55,87.55,0.3,0.31,0.69,0.7,0.01,0.01,77651.15,1777106786000
1777106788.115,88.115,0.29,0.31,0.69,0.71,0.02,0.02,77651.15,1777106787000
1777106788.8,88.8,0.29,0.3,0.69,0.71,0.01,0.02,77651.15,1777106787000
1777106789.173,89.173,0.29,0.3,0.7,0.71,0.01,0.01,77651.2,1777106788000
1777106789.732,89.732,0.3,0.31,0.68,0.71,0.01,0.03,77651.2,1777106788000
1777106790.092,90.092,0.31,0.32,0.68,0.69,0.01,0.01,77651.18,1777106789000
1777106790.474,90.474,0.31,0.32,0.68,0.69,0.01,0.01,77651.18,1777106789000
1777106790.928,90.928,0.3,0.32,0.68,0.69,0.02,0.01,77651.18,1777106789000
1777106791.467,91.467,0.29,0.3,0.68,0.7,0.01,0.02,77651.18,1777106789000
1777106791.985,91.985,0.29,0.31,0.7,0.71,0.02,0.01,77651.03,1777106790000
1777106792.356,92.356,0.29,0.31,0.69,0.71,0.02,0.02,77650.59,1777106791000
1777106792.89,92.89,0.29,0.31,0.69,0.71,0.02,0.02,77651.03,1777106792000
1777106794.018,94.018,0.3,0.31,0.69,0.7,0.01,0.01,77651.05,1777106793000
1777106794.751,94.751,0.3,0.31,0.69,0.7,0.01,0.01,77651.05,1777106793000
1777106795.311,95.311,0.28,0.3,0.69,0.72,0.02,0.03,77651.05,1777106793000
1777106795.897,95.897,0.29,0.3,0.7,0.72,0.01,0.02,77651.05,1777106794000
1777106796.29,96.29,0.29,0.3,0.7,0.71,0.01,0.01,77651.11,1777106795000
1777106796.788,96.788,0.29,0.3,0.7,0.71,0.01,0.01,77651.11,1777106795000
1777106797.283,97.283,0.28,0.29,0.7,0.71,0.01,0.01,77651.11,1777106796000
1777106797.645,97.645,0.28,0.29,0.71,0.72,0.01,0.01,77651.11,1777106796000
1777106798.243,98.243,0.29,0.3,0.7,0.71,0.01,0.01,77651.2,1777106797000
1777106799.174,99.174,0.29,0.3,0.7,0.71,0.01,0.01,77651.24,1777106798000
1777106799.687,99.687,0.28,0.3,0.7,0.71,0.02,0.01,77651.24,1777106798000
1777106800.511,100.511,0.28,0.3,0.7,0.72,0.02,0.02,77651.22,1777106799000
1777106801.412,101.412,0.28,0.3,0.7,0.72,0.02,0.02,77651.2,1777106800000
1777106801.773,101.773,0.28,0.29,0.71,0.72,0.01,0.01,77651.2,1777106800000
1777106802.297,102.297,0.27,0.29,0.71,0.73,0.02,0.02,77651.2,1777106801000
1777106802.793,102.793,0.28,0.29,0.71,0.73,0.01,0.02,77651.2,1777106801000
1777106803.164,103.164,0.28,0.29,0.71,0.72,0.01,0.01,77651.2,1777106801000
1777106803.537,103.537,0.26,0.28,0.71,0.73,0.02,0.02,77651.2,1777106801000
1777106804.006,104.006,0.26,0.27,0.72,0.74,0.01,0.02,77651.01,1777106802000
1777106804.345,104.345,0.26,0.27,0.73,0.74,0.01,0.01,77651.01,1777106802000
1777106804.691,104.691,0.26,0.27,0.73,0.74,0.01,0.01,77650.68,1777106803000
1777106805.247,105.247,0.26,0.27,0.73,0.74,0.01,0.01,77650.68,1777106803000
1777106805.63,105.63,0.26,0.27,0.73,0.74,0.01,0.01,77650.62,1777106804000
1777106806.035,106.035,0.26,0.27,0.73,0.74,0.01,0.01,77650.62,1777106804000
1777106807.06,107.06,0.26,0.27,0.73,0.74,0.01,0.01,77650.57,1777106805000
1777106807.394,107.394,0.26,0.27,0.73,0.74,0.01,0.01,77650.57,1777106805000
1777106807.751,107.751,0.25,0.27,0.73,0.75,0.02,0.02,77650.57,1777106805000
1777106808.666,108.666,0.25,0.27,0.73,0.75,0.02,0.02,77650.65,1777106807000
1777106809.115,109.115,0.26,0.27,0.72,0.75,0.01,0.03,77650.65,1777106807000
1777106809.481,109.481,0.25,0.27,0.73,0.75,0.02,0.02,77650.6,1777106808000
1777106809.853,109.853,0.26,0.27,0.73,0.75,0.01,0.02,77650.6,1777106808000
1777106810.441,110.441,0.26,0.27,0.73,0.74,0.01,0.01,77650.5,1777106809000
1777106811.253,111.253,0.26,0.28,0.73,0.74,0.02,0.01,77650.5,1777106809000
1777106811.794,111.794,0.26,0.27,0.73,0.74,0.01,0.01,77650.59,1777106810000
1777106812.132,112.132,0.26,0.27,0.73,0.74,0.01,0.01,77650.59,1777106810000
1777106812.466,112.466,0.26,0.27,0.73,0.74,0.01,0.01,77650.59,1777106810000
1777106812.827,112.827,0.26,0.28,0.73,0.74,0.02,0.01,77651.06,1777106811000
1777106813.175,113.175,0.26,0.28,0.72,0.74,0.02,0.02,77651.06,1777106811000
1777106814.564,114.564,0.26,0.28,0.72,0.74,0.02,0.02,77651.18,1777106813000
1777106815.767,115.767,0.26,0.28,0.72,0.73,0.02,0.01,77651.18,1777106813000
1777106816.437,116.437,0.25,0.27,0.72,0.74,0.02,0.02,77651.38,1777106814000
1777106816.922,116.922,0.25,0.27,0.73,0.75,0.02,0.02,77651.32,1777106815000
1777106817.415,117.415,0.25,0.28,0.72,0.75,0.03,0.03,77651.23,1777106816000
1777106817.766,117.766,0.25,0.27,0.74,0.75,0.02,0.01,77651.23,1777106816000
1777106818.223,118.223,0.25,0.26,0.73,0.75,0.01,0.02,77651.23,1777106817000
1777106819.282,119.282,0.25,0.26,0.74,0.75,0.01,0.01,77651.23,1777106817000
1777106820.065,120.065,0.25,0.26,0.74,0.75,0.01,0.01,77651.7,1777106819000
1777106820.482,120.482,0.24,0.25,0.75,0.76,0.01,0.01,77651.7,1777106819000
1777106821.399,121.399,0.24,0.25,0.75,0.76,0.01,0.01,77651.28,1777106820000
1777106821.824,121.824,0.24,0.25,0.75,0.76,0.01,0.01,77651.28,1777106820000
1777106822.536,122.536,0.24,0.25,0.75,0.76,0.01,0.01,77651.28,1777106821000
1777106823.209,123.209,0.24,0.25,0.75,0.76,0.01,0.01,77650.9,1777106822000
1777106823.56,123.56,0.23,0.25,0.75,0.76,0.02,0.01,77650.9,1777106822000
1777106823.916,123.916,0.23,0.24,0.76,0.77,0.01,0.01,77650.9,1777106822000
1777106824.279,124.279,0.22,0.25,0.75,0.78,0.03,0.03,77650.9,1777106822000
1777106824.673,124.673,0.2,0.21,0.79,0.8,0.01,0.01,77650.13,1777106823000
1777106825.04,125.04,0.22,0.23,0.77,0.78,0.01,0.01,77650.13,1777106823000
1777106825.427,125.427,0.22,0.23,0.77,0.78,0.01,0.01,77650.13,1777106824000
1777106825.823,125.823,0.22,0.23,0.77,0.78,0.01,0.01,77650.13,1777106824000
1777106826.268,126.268,0.22,0.23,0.77,0.78,0.01,0.01,77650.13,1777106824000
1777106826.746,126.746,0.22,0.23,0.77,0.78,0.01,0.01,77650.01,1777106825000
1777106827.216,127.216,0.22,0.23,0.77,0.78,0.01,0.01,77650.01,1777106826000
1777106827.73,127.73,0.22,0.23,0.77,0.78,0.01,0.01,77650.01,1777106826000
1777106828.169,128.169,0.22,0.23,0.77,0.78,0.01,0.01,77650.01,1777106826000
1777106829.156,129.156,0.22,0.23,0.77,0.78,0.01,0.01,77649.77,1777106827000
1777106830.162,130.162,0.22,0.23,0.77,0.78,0.01,0.01,77649.77,1777106828000
1777106831.008,131.008,0.22,0.23,0.77,0.78,0.01,0.01,77650.2,1777106830000
1777106831.864,131.864,0.22,0.23,0.77,0.78,0.01,0.01,77650.2,1777106830000
1777106832.256,132.256,0.22,0.23,0.77,0.78,0.01,0.01,77650.16,1777106831000
1777106832.643,132.643,0.22,0.23,0.77,0.78,0.01,0.01,77650.16,1777106831000
1777106832.994,132.994,0.22,0.23,0.77,0.78,0.01,0.01,77650.16,1777106831000
1777106833.389,133.389,0.2,0.22,0.78,0.8,0.02,0.02,77649.78,1777106832000
1777106834.504,134.504,0.21,0.23,0.77,0.79,0.02,0.02,77650.13,1777106833000
1777106835.073,135.073,0.21,0.23,0.77,0.79,0.02,0.02,77650.13,1777106834000
1777106835.682,135.682,0.21,0.22,0.77,0.79,0.01,0.02,77650.13,1777106834000
1777106836.773,136.773,0.21,0.22,0.78,0.79,0.01,0.01,77650.32,1777106835000
1777106837.267,137.267,0.2,0.21,0.79,0.8,0.01,0.01,77650.32,1777106835000
1777106838.077,138.077,0.2,0.21,0.79,0.81,0.01,0.02,77650.27,1777106836000
1777106838.421,138.421,0.2,0.21,0.79,0.8,0.01,0.01,77650.01,1777106837000
1777106838.766,138.766,0.2,0.23,0.79,0.8,0.03,0.01,77650.01,1777106837000
1777106839.172,139.172,0.21,0.22,0.77,0.79,0.01,0.02,77650.01,1777106838000
1777106839.562,139.562,0.21,0.22,0.78,0.79,0.01,0.01,77650.01,1777106838000
1777106839.942,139.942,0.21,0.22,0.78,0.79,0.01,0.01,77650.01,1777106838000
1777106840.337,140.337,0.19,0.21,0.79,0.81,0.02,0.02,77648.76,1777106839000
1777106840.714,140.714,0.19,0.2,0.8,0.81,0.01,0.01,77648.76,1777106839000
1777106841.051,141.051,0.19,0.2,0.8,0.81,0.01,0.01,77648.76,1777106839000
1777106841.652,141.652,0.19,0.2,0.8,0.81,0.01,0.01,77651.64,1777106840000
1777106842.158,142.158,0.19,0.2,0.8,0.81,0.01,0.01,77650.69,1777106841000
1777106842.494,142.494,0.14,0.15,0.85,0.86,0.01,0.01,77650.69,1777106841000
1777106842.83,142.83,0.14,0.15,0.85,0.86,0.01,0.01,77650.69,1777106841000
1777106843.18,143.18,0.13,0.14,0.86,0.87,0.01,0.01,77650.69,1777106842000
1777106843.532,143.532,0.13,0.14,0.86,0.87,0.01,0.01,77650.69,1777106842000
1777106843.91,143.91,0.13,0.14,0.86,0.87,0.01,0.01,77650.69,1777106842000
1777106844.776,144.776,0.13,0.14,0.86,0.87,0.01,0.01,77648.16,1777106843000
1777106845.186,145.186,0.15,0.16,0.84,0.85,0.01,0.01,77648.16,1777106843000
1777106846.095,146.095,0.15,0.16,0.84,0.85,0.01,0.01,77647.07,1777106844000
1777106846.81,146.81,0.15,0.16,0.84,0.85,0.01,0.01,77646.75,1777106845000
1777106847.202,147.202,0.15,0.16,0.84,0.85,0.01,0.01,77646.75,1777106845000
1777106847.629,147.629,0.15,0.16,0.84,0.85,0.01,0.01,77646.91,1777106846000
1777106848.137,148.137,0.15,0.16,0.84,0.85,0.01,0.01,77646.91,1777106846000
1777106848.594,148.594,0.15,0.16,0.84,0.85,0.01,0.01,77647.94,1777106847000
1777106848.987,148.987,0.15,0.18,0.84,0.85,0.03,0.01,77647.94,1777106847000
1777106849.4,149.4,0.18,0.19,0.81,0.82,0.01,0.01,77647.94,1777106847000
1777106850.132,150.132,0.18,0.19,0.81,0.84,0.01,0.03,77647.94,1777106848000
1777106850.512,150.512,0.18,0.19,0.81,0.82,0.01,0.01,77648.62,1777106849000
1777106851.132,151.132,0.18,0.19,0.81,0.82,0.01,0.01,77648.71,1777106850000
1777106852.191,152.191,0.18,0.19,0.81,0.82,0.01,0.01,77648.84,1777106851000
1777106852.639,152.639,0.18,0.19,0.81,0.82,0.01,0.01,77648.84,1777106851000
1777106853.398,153.398,0.18,0.19,0.81,0.82,0.01,0.01,77648.8,1777106852000
1777106854.023,154.023,0.18,0.19,0.81,0.82,0.01,0.01,77648.8,1777106852000
1777106854.407,154.407,0.18,0.19,0.81,0.82,0.01,0.01,77648.8,1777106853000
1777106854.875,154.875,0.18,0.2,0.81,0.82,0.02,0.01,77648.8,1777106853000
1777106855.596,155.596,0.19,0.2,0.8,0.82,0.01,0.02,77649.13,1777106854000
1777106856.329,156.329,0.18,0.19,0.8,0.81,0.01,0.01,77649.13,1777106854000
1777106856.896,156.896,0.19,0.2,0.8,0.81,0.01,0.01,77648.98,1777106855000
1777106857.261,157.261,0.19,0.2,0.8,0.81,0.01,0.01,77648.97,1777106856000
1777106857.636,157.636,0.21,0.22,0.78,0.81,0.01,0.03,77648.97,1777106856000
1777106858.051,158.051,0.21,0.22,0.78,0.79,0.01,0.01,77648.97,1777106856000
1777106858.412,158.412,0.21,0.22,0.78,0.79,0.01,0.01,77648.84,1777106857000
1777106858.886,158.886,0.21,0.22,0.78,0.79,0.01,0.01,77648.84,1777106857000
1777106859.299,159.299,0.21,0.22,0.78,0.79,0.01,0.01,77649.28,1777106858000
1777106860.261,160.261,0.21,0.22,0.78,0.79,0.01,0.01,77649.13,1777106859000
1777106861.464,161.464,0.21,0.22,0.78,0.79,0.01,0.01,77649.07,1777106860000
1777106861.909,161.909,0.21,0.3,0.78,0.79,0.09,0.01,77649.07,1777106860000
1777106862.273,162.273,0.21,0.22,0.78,0.82,0.01,0.04,77649.07,1777106861000
1777106862.685,162.685,0.26,0.28,0.72,0.74,0.02,0.02,77649.07,1777106861000
1777106863.204,163.204,0.21,0.26,0.74,0.79,0.05,0.05,77649.13,1777106862000
1777106863.588,163.588,0.21,0.22,0.74,0.79,0.01,0.05,77649.13,1777106862000
1777106864.021,164.021,0.21,0.22,0.78,0.79,0.01,0.01,77649.13,1777106862000
1777106864.437,164.437,0.21,0.22,0.78,0.79,0.01,0.01,77649.13,1777106863000
1777106864.876,164.876,0.21,0.24,0.76,0.79,0.03,0.03,77649.13,1777106863000
1777106865.254,165.254,0.18,0.19,0.8,0.82,0.01,0.02,77649.13,1777106863000
1777106865.666,165.666,0.14,0.15,0.85,0.86,0.01,0.01,77649.19,1777106864000
1777106866.035,166.035,0.14,0.15,0.85,0.86,0.01,0.01,77649.19,1777106864000
1777106866.564,166.564,0.14,0.15,0.85,0.86,0.01,0.01,77648.0,1777106865000
1777106867.085,167.085,0.14,0.15,0.85,0.86,0.01,0.01,77645.49,1777106866000
1777106867.976,167.976,0.14,0.15,0.85,0.86,0.01,0.01,77645.49,1777106866000
1777106868.599,168.599,0.13,0.14,0.85,0.87,0.01,0.02,77642.07,1777106867000
1777106869.097,169.097,0.13,0.14,0.86,0.87,0.01,0.01,77642.07,1777106867000
1777106869.45,169.45,0.14,0.17,0.83,0.86,0.03,0.03,77642.07,1777106868000
1777106869.812,169.812,0.14,0.16,0.83,0.86,0.02,0.03,77642.07,1777106868000
1777106870.152,170.152,0.15,0.16,0.84,0.85,0.01,0.01,77642.04,1777106869000
1777106870.516,170.516,0.15,0.16,0.84,0.85,0.01,0.01,77642.04,1777106869000
1777106871.097,171.097,0.15,0.16,0.84,0.85,0.01,0.01,77641.81,1777106870000
1777106871.47,171.47,0.14,0.16,0.84,0.85,0.02,0.01,77641.81,1777106870000
1777106871.946,171.946,0.14,0.16,0.85,0.86,0.02,0.01,77641.81,1777106870000
1777106872.416,172.416,0.13,0.14,0.84,0.86,0.01,0.02,77641.81,1777106871000
1777106873.28,173.28,0.15,0.16,0.84,0.85,0.01,0.01,77641.56,1777106872000
1777106874.414,174.414,0.15,0.16,0.84,0.85,0.01,0.01,77641.56,1777106873000
1777106874.782,174.782,0.15,0.18,0.84,0.85,0.03,0.01,77641.56,1777106873000
1777106875.263,175.263,0.15,0.16,0.82,0.85,0.01,0.03,77641.59,1777106874000
1777106875.807,175.807,0.15,0.16,0.84,0.85,0.01,0.01,77641.59,1777106874000
1777106877.265,177.265,0.15,0.22,0.78,0.85,0.07,0.07,77641.8,1777106876000
1777106878.161,178.161,0.15,0.16,0.84,0.85,0.01,0.01,77641.8,1777106876000
1777106878.794,178.794,0.15,0.16,0.84,0.85,0.01,0.01,77642.19,1777106877000
1777106879.462,179.462,0.14,0.15,0.84,0.86,0.01,0.02,77642.19,1777106877000
1777106879.858,179.858,0.13,0.15,0.85,0.87,0.02,0.02,77642.2,1777106878000
1777106880.412,180.412,0.13,0.14,0.86,0.87,0.01,0.01,77641.68,1777106879000
1777106881.0,181.0,0.13,0.14,0.86,0.87,0.01,0.01,77641.32,1777106880000
1777106882.04,182.04,0.13,0.14,0.86,0.87,0.01,0.01,77640.79,1777106881000
1777106882.573,182.573,0.13,0.14,0.86,0.87,0.01,0.01,77640.79,1777106881000
1777106883.033,183.033,0.13,0.14,0.86,0.87,0.01,0.01,77640.79,1777106881000
1777106883.406,183.406,0.13,0.14,0.86,0.87,0.01,0.01,77637.98,1777106882000
1777106883.835,183.835,0.12,0.14,0.86,0.88,0.02,0.02,77637.98,1777106882000
1777106884.199,184.199,0.1,0.13,0.86,0.88,0.03,0.02,77636.86,1777106883000
1777106884.533,184.533,0.1,0.12,0.88,0.9,0.02,0.02,77636.86,1777106883000
1777106884.942,184.942,0.1,0.14,0.86,0.9,0.04,0.04,77636.86,1777106883000
1777106885.277,185.277,0.13,0.14,0.86,0.87,0.01,0.01,77634.93,1777106884000
1777106885.665,185.665,0.12,0.13,0.86,0.89,0.01,0.03,77634.93,1777106884000
1777106886.0,186.0,0.1,0.12,0.88,0.9,0.02,0.02,77634.93,1777106884000
1777106886.386,186.386,0.12,0.13,0.87,0.88,0.01,0.01,77635.92,1777106885000
1777106886.802,186.802,0.09,0.1,0.9,0.91,0.01,0.01,77635.92,1777106885000
1777106887.149,187.149,0.09,0.1,0.9,0.91,0.01,0.01,77638.04,1777106886000
1777106887.485,187.485,0.09,0.1,0.9,0.91,0.01,0.01,77638.04,1777106886000
1777106887.825,187.825,0.09,0.1,0.9,0.91,0.01,0.01,77638.04,1777106886000
1777106888.22,188.22,0.09,0.1,0.9,0.91,0.01,0.01,77638.6,1777106887000
1777106888.601,188.601,0.09,0.1,0.9,0.91,0.01,0.01,77638.6,1777106887000
1777106888.937,188.937,0.09,0.11,0.89,0.91,0.02,0.02,77638.6,1777106887000
1777106889.348,189.348,0.09,0.11,0.89,0.91,0.02,0.02,77638.6,1777106888000
1777106889.794,189.794,0.09,0.11,0.89,0.91,0.02,0.02,77638.6,1777106888000
1777106890.15,190.15,0.09,0.1,0.9,0.91,0.01,0.01,77638.87,1777106889000
1777106891.162,191.162,0.09,0.1,0.9,0.91,0.01,0.01,77638.91,1777106890000
1777106891.594,191.594,0.09,0.1,0.9,0.91,0.01,0.01,77638.91,1777106890000
1777106892.025,192.025,0.1,0.11,0.89,0.91,0.01,0.02,77638.91,1777106890000
1777106892.664,192.664,0.1,0.11,0.89,0.9,0.01,0.01,77641.04,1777106891000
1777106893.14,193.14,0.11,0.12,0.87,0.9,0.01,0.03,77641.04,1777106891000
1777106893.511,193.511,0.12,0.13,0.87,0.9,0.01,0.03,77641.04,1777106892000
1777106894.22,194.22,0.12,0.13,0.87,0.88,0.01,0.01,77641.04,1777106892000
1777106894.808,194.808,0.13,0.15,0.85,0.86,0.02,0.01,77641.04,1777106892000
1777106895.205,195.205,0.13,0.14,0.86,0.87,0.01,0.01,77641.82,1777106893000
1777106895.7,195.7,0.13,0.14,0.86,0.87,0.01,0.01,77641.82,1777106894000
1777106896.332,196.332,0.12,0.13,0.87,0.88,0.01,0.01,77642.06,1777106895000
1777106896.896,196.896,0.12,0.13,0.87,0.88,0.01,0.01,77642.06,1777106895000
1777106897.233,197.233,0.12,0.13,0.87,0.88,0.01,0.01,77642.06,1777106895000
1777106897.8,197.8,0.12,0.13,0.87,0.88,0.01,0.01,77642.15,1777106896000
1777106898.279,198.279,0.12,0.13,0.87,0.88,0.01,0.01,77642.15,1777106896000
1777106898.866,198.866,0.12,0.13,0.87,0.88,0.01,0.01,77642.15,1777106897000
1777106899.651,199.651,0.12,0.13,0.87,0.88,0.01,0.01,77642.15,1777106897000
1777106900.366,200.366,0.12,0.13,0.87,0.88,0.01,0.01,77641.42,1777106899000
1777106901.076,201.076,0.12,0.13,0.87,0.88,0.01,0.01,77641.35,1777106900000
1777106901.458,201.458,0.12,0.13,0.87,0.88,0.01,0.01,77641.35,1777106900000
1777106901.825,201.825,0.12,0.13,0.87,0.88,0.01,0.01,77641.35,1777106900000
1777106902.308,202.308,0.12,0.13,0.87,0.88,0.01,0.01,77641.22,1777106901000
1777106902.691,202.691,0.12,0.13,0.87,0.88,0.01,0.01,77641.22,1777106901000
1777106903.159,203.159,0.12,0.13,0.87,0.88,0.01,0.01,77641.22,1777106901000
1777106903.644,203.644,0.12,0.13,0.87,0.88,0.01,0.01,77641.89,1777106902000
1777106904.178,204.178,0.12,0.13,0.87,0.88,0.01,0.01,77641.89,1777106902000
1777106905.076,205.076,0.12,0.13,0.87,0.88,0.01,0.01,77641.42,1777106903000
1777106905.502,205.502,0.12,0.13,0.87,0.88,0.01,0.01,77641.42,1777106903000
1777106906.345,206.345,0.12,0.13,0.87,0.88,0.01,0.01,77641.25,1777106905000
1777106906.775,206.775,0.12,0.13,0.87,0.88,0.01,0.01,77641.25,1777106905000
1777106907.143,207.143,0.12,0.13,0.87,0.88,0.01,0.01,77641.44,1777106906000
1777106907.718,207.718,0.1,0.13,0.87,0.88,0.03,0.01,77641.44,1777106906000
1777106908.06,208.06,0.11,0.13,0.87,0.9,0.02,0.03,77641.44,1777106906000
1777106908.547,208.547,0.1,0.12,0.88,0.9,0.02,0.02,77642.09,1777106907000
1777106908.986,208.986,0.1,0.11,0.88,0.9,0.01,0.02,77642.09,1777106907000
1777106909.414,209.414,0.1,0.11,0.89,0.9,0.01,0.01,77642.09,1777106908000
1777106910.051,210.051,0.1,0.11,0.89,0.9,0.01,0.01,77642.09,1777106908000
1777106910.447,210.447,0.1,0.11,0.89,0.9,0.01,0.01,77642.09,1777106908000
1777106910.946,210.946,0.1,0.11,0.89,0.9,0.01,0.01,77642.09,1777106908000
1777106911.474,211.474,0.1,0.11,0.89,0.9,0.01,0.01,77641.91,1777106910000
1777106912.084,212.084,0.1,0.11,0.89,0.9,0.01,0.01,77641.86,1777106911000
1777106912.467,212.467,0.1,0.11,0.89,0.9,0.01,0.01,77641.86,1777106911000
1777106912.891,212.891,0.1,0.11,0.89,0.9,0.01,0.01,77641.86,1777106911000
1777106913.796,213.796,0.1,0.11,0.89,0.9,0.01,0.01,77641.75,1777106912000
1777106914.268,214.268,0.1,0.11,0.89,0.9,0.01,0.01,77641.75,1777106912000
1777106914.994,214.994,0.1,0.11,0.89,0.9,0.01,0.01,77641.72,1777106913000
1777106915.495,215.495,0.1,0.11,0.89,0.9,0.01,0.01,77641.71,1777106914000
1777106915.898,215.898,0.1,0.11,0.89,0.9,0.01,0.01,77641.71,1777106914000
1777106916.742,216.742,0.1,0.11,0.89,0.9,0.01,0.01,77641.71,1777106915000
1777106917.141,217.141,0.1,0.11,0.89,0.9,0.01,0.01,77641.71,1777106915000
1777106917.725,217.725,0.1,0.11,0.89,0.9,0.01,0.01,77642.04,1777106916000
1777106918.542,218.542,0.1,0.11,0.89,0.9,0.01,0.01,77642.1,1777106917000
1777106919.153,219.153,0.09,0.1,0.9,0.91,0.01,0.01,77642.1,1777106918000
1777106919.639,219.639,0.09,0.1,0.9,0.91,0.01,0.01,77642.1,1777106918000
1777106919.974,219.974,0.09,0.1,0.9,0.91,0.01,0.01,77642.1,1777106918000
1777106920.322,220.322,0.09,0.1,0.9,0.91,0.01,0.01,77642.1,1777106918000
1777106920.768,220.768,0.09,0.1,0.9,0.91,0.01,0.01,77642.25,1777106919000
1777106921.469,221.469,0.09,0.1,0.9,0.91,0.01,0.01,77642.17,1777106920000
1777106921.841,221.841,0.09,0.1,0.9,0.91,0.01,0.01,77642.17,1777106920000
1777106922.184,222.184,0.09,0.1,0.9,0.91,0.01,0.01,77642.17,1777106921000
1777106922.677,222.677,0.09,0.1,0.9,0.91,0.01,0.01,77642.17,1777106921000
1777106923.34,223.34,0.09,0.1,0.9,0.91,0.01,0.01,77642.14,1777106922000
1777106923.83,223.83,0.09,0.1,0.9,0.91,0.01,0.01,77642.14,1777106922000
1777106924.405,224.405,0.09,0.1,0.9,0.91,0.01,0.01,77641.99,1777106923000
1777106924.986,224.986,0.09,0.1,0.9,0.91,0.01,0.01,77641.99,1777106923000
1777106925.388,225.388,0.09,0.1,0.9,0.91,0.01,0.01,77641.99,1777106924000
1777106926.371,226.371,0.09,0.1,0.9,0.91,0.01,0.01,77641.99,1777106924000
1777106927.157,227.157,0.09,0.1,0.9,0.91,0.01,0.01,77642.04,1777106925000
1777106927.504,227.504,0.09,0.1,0.9,0.91,0.01,0.01,77642.04,1777106925000
1777106927.849,227.849,0.09,0.1,0.9,0.91,0.01,0.01,77642.11,1777106926000
1777106928.904,228.904,0.09,0.1,0.9,0.91,0.01,0.01,77642.11,1777106927000
1777106929.281,229.281,0.09,0.1,0.9,0.91,0.01,0.01,77642.16,1777106928000
1777106929.777,229.777,0.09,0.1,0.9,0.91,0.01,0.01,77642.16,1777106928000
1777106930.165,230.165,0.08,0.09,0.9,0.92,0.01,0.02,77642.16,1777106928000
1777106930.664,230.664,0.08,0.09,0.91,0.92,0.01,0.01,77642.21,1777106929000
1777106931.01,231.01,0.08,0.09,0.91,0.92,0.01,0.01,77642.21,1777106930000
1777106931.372,231.372,0.08,0.09,0.91,0.92,0.01,0.01,77642.21,1777106930000
1777106932.177,232.177,0.08,0.09,0.91,0.92,0.01,0.01,77642.1,1777106931000
1777106932.571,232.571,0.08,0.09,0.91,0.92,0.01,0.01,77642.1,1777106931000
1777106932.925,232.925,0.08,0.09,0.91,0.92,0.01,0.01,77642.1,1777106931000
1777106933.288,233.288,0.08,0.09,0.91,0.92,0.01,0.01,77642.1,1777106932000
1777106933.746,233.746,0.08,0.09,0.91,0.92,0.01,0.01,77642.1,1777106932000
1777106934.243,234.243,0.08,0.09,0.91,0.92,0.01,0.01,77642.1,1777106932000
1777106934.587,234.587,0.08,0.09,0.91,0.92,0.01,0.01,77642.15,1777106933000
1777106935.161,235.161,0.08,0.09,0.91,0.92,0.01,0.01,77642.15,1777106934000
1777106935.563,235.563,0.08,0.09,0.91,0.92,0.01,0.01,77642.15,1777106934000
1777106935.922,235.922,0.08,0.09,0.91,0.92,0.01,0.01,77642.15,1777106934000
1777106936.393,236.393,0.08,0.09,0.91,0.92,0.01,0.01,77642.15,1777106934000
1777106936.969,236.969,0.08,0.09,0.91,0.92,0.01,0.01,77642.15,1777106935000
1777106937.606,237.606,0.08,0.09,0.91,0.92,0.01,0.01,77642.19,1777106936000
1777106938.266,238.266,0.08,0.09,0.91,0.92,0.01,0.01,77642.31,1777106937000
1777106938.601,238.601,0.08,0.09,0.91,0.92,0.01,0.01,77642.31,1777106937000
1777106938.941,238.941,0.08,0.09,0.91,0.92,0.01,0.01,77642.31,1777106937000
1777106939.286,239.286,0.08,0.09,0.91,0.92,0.01,0.01,77642.31,1777106937000
1777106939.709,239.709,0.07,0.08,0.92,0.93,0.01,0.01,77642.35,1777106938000
1777106940.333,240.333,0.07,0.08,0.92,0.93,0.01,0.01,77642.34,1777106939000
1777106940.719,240.719,0.07,0.08,0.92,0.93,0.01,0.01,77642.34,1777106939000
1777106941.114,241.114,0.06,0.07,0.93,0.94,0.01,0.01,77642.34,1777106940000
1777106941.45,241.45,0.06,0.07,0.93,0.94,0.01,0.01,77642.34,1777106940000
1777106941.818,241.818,0.06,0.07,0.93,0.94,0.01,0.01,77642.34,1777106940000
1777106942.193,242.193,0.06,0.07,0.93,0.94,0.01,0.01,77642.34,1777106940000
1777106942.961,242.961,0.06,0.07,0.93,0.94,0.01,0.01,77642.29,1777106941000
1777106943.315,243.315,0.06,0.07,0.93,0.94,0.01,0.01,77642.29,1777106941000
1777106943.929,243.929,0.05,0.06,0.94,0.95,0.01,0.01,77642.29,1777106942000
1777106944.37,244.37,0.05,0.06,0.94,0.95,0.01,0.01,77642.19,1777106943000
1777106944.744,244.744,0.05,0.06,0.94,0.95,0.01,0.01,77642.19,1777106943000
1777106945.104,245.104,0.05,0.06,0.94,0.95,0.01,0.01,77642.19,1777106943000
1777106945.458,245.458,0.05,0.06,0.94,0.95,0.01,0.01,77642.18,1777106944000
1777106945.804,245.804,0.05,0.06,0.94,0.95,0.01,0.01,77642.18,1777106944000
1777106946.247,246.247,0.05,0.06,0.94,0.95,0.01,0.01,77642.18,1777106945000
1777106946.651,246.651,0.05,0.06,0.94,0.95,0.01,0.01,77642.18,1777106945000
1777106947.171,247.171,0.05,0.06,0.94,0.95,0.01,0.01,77642.18,1777106945000
1777106947.638,247.638,0.05,0.06,0.94,0.95,0.01,0.01,77642.54,1777106946000
1777106948.108,248.108,0.05,0.06,0.94,0.95,0.01,0.01,77642.54,1777106946000
1777106948.456,248.456,0.05,0.06,0.94,0.95,0.01,0.01,77642.48,1777106947000
1777106948.852,248.852,0.05,0.06,0.94,0.95,0.01,0.01,77642.48,1777106947000
1777106949.239,249.239,0.05,0.06,0.94,0.95,0.01,0.01,77642.48,1777106948000
1777106950.309,250.309,0.05,0.06,0.94,0.95,0.01,0.01,77642.48,1777106948000
1777106950.658,250.658,0.05,0.06,0.94,0.95,0.01,0.01,77642.25,1777106949000
1777106951.162,251.162,0.05,0.06,0.94,0.95,0.01,0.01,77642.25,1777106950000
1777106951.56,251.56,0.05,0.06,0.94,0.95,0.01,0.01,77642.25,1777106950000
1777106951.902,251.902,0.05,0.06,0.94,0.95,0.01,0.01,77642.25,1777106950000
1777106952.276,252.276,0.05,0.06,0.94,0.95,0.01,0.01,77642.25,1777106951000
1777106952.965,252.965,0.04,0.06,0.94,0.95,0.02,0.01,77642.25,1777106951000
1777106953.369,253.369,0.04,0.05,0.95,0.96,0.01,0.01,77642.25,1777106952000
1777106953.818,253.818,0.04,0.05,0.95,0.96,0.01,0.01,77642.25,1777106952000
1777106954.443,254.443,0.03,0.05,0.95,0.97,0.02,0.02,77642.18,1777106953000
1777106954.852,254.852,0.03,0.04,0.96,0.97,0.01,0.01,77642.18,1777106953000
1777106955.193,255.193,0.03,0.04,0.96,0.97,0.01,0.01,77642.18,1777106954000
1777106955.837,255.837,0.03,0.04,0.96,0.97,0.01,0.01,77642.18,1777106954000
1777106956.237,256.237,0.03,0.04,0.96,0.97,0.01,0.01,77642.18,1777106954000
1777106956.571,256.571,0.03,0.04,0.96,0.97,0.01,0.01,77642.18,1777106954000
1777106956.915,256.915,0.03,0.04,0.96,0.97,0.01,0.01,77642.19,1777106955000
1777106957.704,257.704,0.03,0.04,0.96,0.97,0.01,0.01,77641.82,1777106956000
1777106958.062,258.062,0.03,0.04,0.96,0.97,0.01,0.01,77641.82,1777106956000
1777106958.507,258.507,0.02,0.03,0.97,0.98,0.01,0.01,77641.82,1777106956000
1777106958.85,258.85,0.02,0.03,0.97,0.98,0.01,0.01,77641.93,1777106957000
1777106959.209,259.209,0.02,0.03,0.97,0.98,0.01,0.01,77641.93,1777106957000
1777106959.579,259.579,0.02,0.03,0.97,0.98,0.01,0.01,77641.98,1777106958000
1777106960.186,260.186,0.02,0.03,0.97,0.98,0.01,0.01,77641.98,1777106958000
1777106960.759,260.759,0.02,0.03,0.97,0.98,0.01,0.01,77641.92,1777106959000
1777106961.223,261.223,0.02,0.03,0.97,0.98,0.01,0.01,77641.92,1777106959000
1777106961.913,261.913,0.02,0.04,0.96,0.98,0.02,0.02,77641.7,1777106960000
1777106962.33,262.33,0.03,0.04,0.96,0.98,0.01,0.02,77641.7,1777106961000
1777106962.708,262.708,0.03,0.04,0.96,0.97,0.01,0.01,77641.7,1777106961000
1777106963.265,263.265,0.03,0.04,0.96,0.97,0.01,0.01,77641.69,1777106962000
1777106963.643,263.643,0.02,0.03,0.96,0.98,0.01,0.02,77641.69,1777106962000
1777106964.023,264.023,0.02,0.03,0.97,0.98,0.01,0.01,77641.69,1777106962000
1777106964.633,264.633,0.02,0.03,0.97,0.98,0.01,0.01,77641.61,1777106963000
1777106965.101,265.101,0.02,0.03,0.97,0.98,0.01,0.01,77641.61,1777106964000
1777106965.468,265.468,0.02,0.03,0.97,0.98,0.01,0.01,77641.61,1777106964000
1777106966.114,266.114,0.02,0.03,0.97,0.98,0.01,0.01,77641.63,1777106965000
1777106966.464,266.464,0.02,0.03,0.97,0.98,0.01,0.01,77641.63,1777106965000
1777106966.858,266.858,0.02,0.03,0.97,0.98,0.01,0.01,77641.63,1777106965000
1777106967.244,267.244,0.02,0.03,0.97,0.98,0.01,0.01,77641.63,1777106965000
1777106967.783,267.783,0.02,0.03,0.97,0.98,0.01,0.01,77641.61,1777106966000
1777106968.312,268.312,0.02,0.03,0.97,0.98,0.01,0.01,77641.61,1777106967000
1777106968.768,268.768,0.02,0.03,0.97,0.98,0.01,0.01,77641.61,1777106967000
1777106969.418,269.418,0.02,0.03,0.97,0.98,0.01,0.01,77641.7,1777106968000
1777106969.859,269.859,0.03,0.04,0.96,0.97,0.01,0.01,77641.7,1777106968000
1777106970.358,270.358,0.02,0.03,0.97,0.98,0.01,0.01,77641.66,1777106969000
1777106970.717,270.717,0.02,0.03,0.97,0.98,0.01,0.01,77641.66,1777106969000
1777106971.055,271.055,0.02,0.03,0.97,0.98,0.01,0.01,77641.66,1777106969000
1777106971.443,271.443,0.02,0.04,0.96,0.97,0.02,0.01,77641.66,1777106970000
1777106971.783,271.783,0.02,0.03,0.97,0.98,0.01,0.01,77641.66,1777106970000
1777106972.295,272.295,0.02,0.04,0.96,0.98,0.02,0.02,77641.66,1777106970000
1777106972.754,272.754,0.02,0.03,0.96,0.98,0.01,0.02,77641.66,1777106970000
1777106973.39,273.39,0.02,0.03,0.97,0.98,0.01,0.01,77641.49,1777106972000
1777106973.978,273.978,0.02,0.03,0.97,0.98,0.01,0.01,77641.49,1777106972000
1777106974.32,274.32,0.02,0.03,0.97,0.98,0.01,0.01,77641.49,1777106972000
1777106975.151,275.151,0.02,0.03,0.97,0.98,0.01,0.01,77641.49,1777106972000
1777106975.829,275.829,0.02,0.03,0.95,0.98,0.01,0.03,77641.49,1777106972000
1777106976.676,276.676,0.02,0.03,0.97,0.98,0.01,0.01,77641.49,1777106972000
1777106977.209,277.209,0.01,0.02,0.97,0.98,0.01,0.01,77641.49,1777106972000
1777106977.684,277.684,0.01,0.02,0.98,0.99,0.01,0.01,77641.49,1777106972000
1777106978.036,278.036,0.01,0.02,0.98,0.99,0.01,0.01,77641.49,1777106972000
1777106979.265,279.265,0.01,0.02,0.98,0.99,0.01,0.01,77641.49,1777106972000
1777106979.639,279.639,0.01,0.02,0.98,0.99,0.01,0.01,77641.49,1777106972000
1777106980.082,280.082,0.01,0.02,0.98,0.99,0.01,0.01,77641.49,1777106972000
1777106980.628,280.628,0.01,0.02,0.98,0.99,0.01,0.01,77641.49,1777106972000
1777106981.015,281.015,0.01,0.02,0.98,0.99,0.01,0.01,77641.49,1777106972000
1777106981.624,281.624,0.01,0.02,0.98,0.99,0.01,0.01,77641.69,1777106980000
1777106982.055,282.055,0.01,0.02,0.98,0.99,0.01,0.01,77641.69,1777106980000
1777106982.519,282.519,0.01,0.02,0.98,0.99,0.01,0.01,77641.69,1777106980000
1777106983.025,283.025,0.01,0.02,0.98,0.99,0.01,0.01,77641.88,1777106981000
1777106983.477,283.477,0.01,0.02,0.98,0.99,0.01,0.01,77641.88,1777106982000
1777106983.907,283.907,0.01,0.02,0.98,0.99,0.01,0.01,77641.88,1777106982000
1777106984.605,284.605,0.01,0.02,0.98,0.99,0.01,0.01,77641.89,1777106983000
1777106985.053,285.053,0.01,0.02,0.98,0.99,0.01,0.01,77641.89,1777106983000
1777106985.5,285.5,0.01,0.02,0.98,0.99,0.01,0.01,77641.78,1777106984000
1777106985.961,285.961,0.01,0.02,0.98,0.99,0.01,0.01,77641.78,1777106984000
1777106986.666,286.666,0.01,0.02,0.98,0.99,0.01,0.01,77641.68,1777106985000
1777106987.035,287.035,0.01,0.02,0.98,0.99,0.01,0.01,77641.68,1777106985000
1777106987.436,287.436,0.01,0.02,0.98,0.99,0.01,0.01,77641.69,1777106986000
1777106987.931,287.931,0.01,0.02,0.98,0.99,0.01,0.01,77641.69,1777106986000
1777106988.485,288.485,0.01,0.02,0.98,0.99,0.01,0.01,77641.15,1777106987000
1777106989.021,289.021,0.01,0.02,0.98,0.99,0.01,0.01,77641.15,1777106987000
1777106989.49,289.49,0.01,0.02,0.98,0.99,0.01,0.01,77641.15,1777106988000
1777106989.949,289.949,0.01,0.02,0.98,0.99,0.01,0.01,77641.15,1777106988000
1777106990.376,290.376,0.01,0.02,0.98,0.99,0.01,0.01,77640.5,1777106989000
1777106990.761,290.761,0.01,0.02,0.98,0.99,0.01,0.01,77640.5,1777106989000
1777106991.12,291.12,0.01,0.05,0.98,0.99,0.04,0.01,77640.5,1777106989000
1777106991.905,291.905,0.01,0.02,0.98,0.99,0.01,0.01,77640.38,1777106990000
1777106992.32,292.32,0.01,0.02,0.98,0.99,0.01,0.01,77640.55,1777106991000
1777106992.728,292.728,0.01,0.02,0.98,0.99,0.01,0.01,77640.55,1777106991000
1777106993.133,293.133,0.01,0.02,0.98,0.99,0.01,0.01,77640.55,1777106991000
1777106993.796,293.796,0.01,0.02,0.98,0.99,0.01,0.01,77640.57,1777106992000
1777106994.313,294.313,0.01,0.02,0.98,0.99,0.01,0.01,77640.48,1777106993000
1777106994.682,294.682,0.01,0.02,0.98,0.99,0.01,0.01,77640.48,1777106993000
1777106995.044,295.044,0.01,0.02,0.98,0.99,0.01,0.01,77640.48,1777106993000
1777106995.478,295.478,0.01,0.02,0.98,0.99,0.01,0.01,77639.6,1777106994000
1777106995.924,295.924,0.01,0.02,0.98,0.99,0.01,0.01,77639.6,1777106994000
1777106996.275,296.275,0.01,0.02,0.98,0.99,0.01,0.01,77639.23,1777106995000
1777106996.677,296.677,0.01,0.01,0.99,0.99,0.0,0.0,77639.23,1777106995000
1777106997.044,297.044,0.01,0.01,0.99,0.99,0.0,0.0,77639.23,1777106995000
1777106997.421,297.421,0.01,0.01,0.99,0.99,0.0,0.0,77639.67,1777106996000
1777106998.282,298.282,0.01,0.01,0.99,0.99,0.0,0.0,77639.6,1777106997000
1777106998.944,298.944,0.01,0.01,0.99,0.99,0.0,0.0,77639.6,1777106997000
1777107000.118,300.118,0.01,0.01,0.99,0.99,0.0,0.0,77639.72,1777106998000
1777107000.459,300.459,0.01,0.01,0.99,0.99,0.0,0.0,77639.69,1777106999000
1777107000.925,300.925,0.01,0.01,0.99,0.99,0.0,0.0,77639.69,1777106999000

# RESULT,winner=Down,slug=btc-updown-5m-1777106700,ticks=574
