timestamp,elapsed_sec,up_bid,up_ask,down_bid,down_ask,up_spread,down_spread,btc_price,btc_oracle_ts
1776306600.577,0.577,0.44,0.45,0.54,0.56,0.01,0.02,74914.74,1776306599000
1776306600.979,0.979,0.44,0.45,0.55,0.56,0.01,0.01,74914.74,1776306599000
1776306601.318,1.318,0.45,0.47,0.54,0.55,0.02,0.01,74914.74,1776306599000
1776306601.664,1.664,0.46,0.49,0.51,0.54,0.03,0.03,74912.49,1776306600000
1776306602.042,2.042,0.47,0.5,0.5,0.53,0.03,0.03,74912.49,1776306600000
1776306602.448,2.448,0.48,0.5,0.5,0.52,0.02,0.02,74912.48,1776306601000
1776306602.878,2.878,0.5,0.51,0.49,0.5,0.01,0.01,74912.48,1776306601000
1776306603.272,3.272,0.5,0.51,0.49,0.5,0.01,0.01,74912.48,1776306601000
1776306603.636,3.636,0.5,0.52,0.48,0.5,0.02,0.02,74912.48,1776306601000
1776306603.975,3.975,0.5,0.52,0.48,0.5,0.02,0.02,74920.13,1776306602000
1776306604.347,4.347,0.5,0.52,0.48,0.5,0.02,0.02,74920.13,1776306602000
1776306604.687,4.687,0.52,0.55,0.45,0.48,0.03,0.03,74921,1776306603000
1776306605.053,5.053,0.52,0.56,0.44,0.48,0.04,0.04,74921,1776306603000
1776306605.407,5.407,0.52,0.53,0.47,0.48,0.01,0.01,74922.65,1776306604000
1776306605.751,5.751,0.53,0.54,0.46,0.47,0.01,0.01,74922.65,1776306604000
1776306606.115,6.115,0.53,0.54,0.46,0.47,0.01,0.01,74922.65,1776306604000
1776306606.452,6.452,0.53,0.54,0.46,0.47,0.01,0.01,74922.65,1776306604000
1776306606.794,6.794,0.53,0.54,0.46,0.47,0.01,0.01,74923.01,1776306605000
1776306607.159,7.159,0.54,0.55,0.45,0.46,0.01,0.01,74923.01,1776306605000
1776306607.543,7.543,0.55,0.56,0.44,0.45,0.01,0.01,74923.01,1776306605000
1776306607.879,7.879,0.55,0.56,0.44,0.45,0.01,0.01,74926.95,1776306606000
1776306608.277,8.277,0.55,0.56,0.44,0.45,0.01,0.01,74927.0,1776306607000
1776306608.665,8.665,0.54,0.55,0.44,0.46,0.01,0.02,74927.0,1776306607000
1776306609.035,9.035,0.53,0.55,0.45,0.46,0.02,0.01,74927.0,1776306607000
1776306609.388,9.388,0.54,0.55,0.45,0.47,0.01,0.02,74927.92,1776306608000
1776306609.932,9.932,0.52,0.53,0.45,0.46,0.01,0.01,74927.92,1776306608000
1776306610.343,10.343,0.52,0.53,0.47,0.48,0.01,0.01,74926.19,1776306609000
1776306610.757,10.757,0.52,0.54,0.47,0.49,0.02,0.02,74926.19,1776306609000
1776306611.122,11.122,0.52,0.53,0.47,0.48,0.01,0.01,74926.19,1776306609000
1776306611.575,11.575,0.52,0.53,0.47,0.48,0.01,0.01,74923.13,1776306610000
1776306611.945,11.945,0.53,0.54,0.46,0.48,0.01,0.02,74923.13,1776306610000
1776306612.326,12.326,0.53,0.54,0.46,0.47,0.01,0.01,74926.31,1776306611000
1776306612.732,12.732,0.53,0.54,0.46,0.47,0.01,0.01,74926.31,1776306611000
1776306613.07,13.07,0.54,0.55,0.45,0.47,0.01,0.02,74926.31,1776306611000
1776306613.453,13.453,0.56,0.58,0.42,0.44,0.02,0.02,74925.15,1776306612000
1776306613.813,13.813,0.57,0.58,0.42,0.43,0.01,0.01,74925.15,1776306612000
1776306614.157,14.157,0.57,0.58,0.42,0.43,0.01,0.01,74925.15,1776306612000
1776306614.506,14.506,0.57,0.58,0.42,0.43,0.01,0.01,74929.2,1776306613000
1776306615.032,15.032,0.57,0.58,0.42,0.43,0.01,0.01,74929.2,1776306613000
1776306615.382,15.382,0.56,0.57,0.42,0.43,0.01,0.01,74936.28,1776306614000
1776306615.766,15.766,0.56,0.57,0.43,0.44,0.01,0.01,74936.28,1776306614000
1776306616.102,16.102,0.56,0.57,0.43,0.44,0.01,0.01,74936.28,1776306614000
1776306616.474,16.474,0.57,0.58,0.42,0.43,0.01,0.01,74936.33,1776306615000
1776306616.859,16.859,0.57,0.58,0.42,0.43,0.01,0.01,74936.33,1776306615000
1776306617.202,17.202,0.57,0.58,0.42,0.43,0.01,0.01,74936.33,1776306615000
1776306617.602,17.602,0.57,0.58,0.42,0.43,0.01,0.01,74935.61,1776306616000
1776306617.944,17.944,0.57,0.58,0.42,0.43,0.01,0.01,74935.61,1776306616000
1776306618.448,18.448,0.57,0.58,0.42,0.43,0.01,0.01,74939.03,1776306617000
1776306618.884,18.884,0.57,0.58,0.42,0.43,0.01,0.01,74939.03,1776306617000
1776306619.247,19.247,0.58,0.59,0.41,0.43,0.01,0.02,74939.03,1776306617000
1776306619.845,19.845,0.58,0.59,0.41,0.42,0.01,0.01,74939.84,1776306618000
1776306620.388,20.388,0.58,0.59,0.41,0.42,0.01,0.01,74939.84,1776306618000
1776306620.727,20.727,0.58,0.59,0.41,0.42,0.01,0.01,74939.84,1776306618000
1776306621.215,21.215,0.58,0.59,0.41,0.42,0.01,0.01,74938.76,1776306619000
1776306621.66,21.66,0.58,0.59,0.41,0.42,0.01,0.01,74939.68,1776306620000
1776306622.026,22.026,0.58,0.59,0.41,0.42,0.01,0.01,74939.68,1776306621000
1776306622.536,22.536,0.58,0.59,0.41,0.42,0.01,0.01,74939.68,1776306621000
1776306623.036,23.036,0.58,0.59,0.41,0.42,0.01,0.01,74939.68,1776306621000
1776306623.4,23.4,0.58,0.59,0.4,0.42,0.01,0.02,74939.79,1776306622000
1776306623.752,23.752,0.59,0.6,0.4,0.41,0.01,0.01,74939.79,1776306622000
1776306624.127,24.127,0.59,0.6,0.4,0.41,0.01,0.01,74939.0,1776306623000
1776306624.614,24.614,0.59,0.6,0.4,0.41,0.01,0.01,74939.0,1776306623000
1776306625.133,25.133,0.61,0.62,0.38,0.41,0.01,0.03,74939.0,1776306623000
1776306625.492,25.492,0.6,0.61,0.38,0.39,0.01,0.01,74938.65,1776306624000
1776306625.948,25.948,0.6,0.61,0.39,0.4,0.01,0.01,74938.65,1776306624000
1776306626.291,26.291,0.61,0.62,0.38,0.39,0.01,0.01,74943.88,1776306625000
1776306626.749,26.749,0.61,0.62,0.38,0.39,0.01,0.01,74943.88,1776306625000
1776306627.148,27.148,0.6,0.61,0.39,0.4,0.01,0.01,74943.88,1776306625000
1776306627.489,27.489,0.6,0.61,0.39,0.4,0.01,0.01,74944.97,1776306626000
1776306627.882,27.882,0.61,0.62,0.38,0.39,0.01,0.01,74944.97,1776306626000
1776306628.227,28.227,0.61,0.62,0.38,0.39,0.01,0.01,74944.97,1776306626000
1776306628.59,28.59,0.61,0.62,0.38,0.39,0.01,0.01,74943.66,1776306627000
1776306628.951,28.951,0.61,0.62,0.38,0.39,0.01,0.01,74943.66,1776306627000
1776306629.457,29.457,0.61,0.62,0.38,0.39,0.01,0.01,74942.11,1776306628000
1776306630.041,30.041,0.62,0.63,0.37,0.39,0.01,0.02,74942.11,1776306628000
1776306630.513,30.513,0.62,0.63,0.37,0.38,0.01,0.01,74941.46,1776306629000
1776306630.849,30.849,0.62,0.63,0.37,0.38,0.01,0.01,74941.46,1776306629000
1776306631.189,31.189,0.63,0.64,0.36,0.37,0.01,0.01,74942.71,1776306630000
1776306631.6,31.6,0.64,0.65,0.36,0.37,0.01,0.01,74942.71,1776306630000
1776306631.974,31.974,0.64,0.65,0.35,0.36,0.01,0.01,74942.71,1776306630000
1776306632.354,32.354,0.64,0.65,0.35,0.36,0.01,0.01,74945.37,1776306631000
1776306632.733,32.733,0.64,0.65,0.35,0.36,0.01,0.01,74945.37,1776306631000
1776306633.201,33.201,0.64,0.65,0.35,0.36,0.01,0.01,74945.37,1776306631000
1776306633.615,33.615,0.64,0.65,0.35,0.36,0.01,0.01,74948.65,1776306632000
1776306634.158,34.158,0.64,0.65,0.35,0.36,0.01,0.01,74948.65,1776306632000
1776306634.685,34.685,0.64,0.65,0.35,0.36,0.01,0.01,74948.99,1776306633000
1776306635.136,35.136,0.64,0.65,0.35,0.36,0.01,0.01,74948.99,1776306633000
1776306635.578,35.578,0.64,0.65,0.35,0.36,0.01,0.01,74949.6,1776306634000
1776306635.953,35.953,0.64,0.65,0.35,0.36,0.01,0.01,74949.6,1776306634000
1776306636.626,36.626,0.64,0.66,0.35,0.36,0.02,0.01,74949.54,1776306635000
1776306637.014,37.014,0.68,0.7,0.3,0.32,0.02,0.02,74949.54,1776306635000
1776306637.349,37.349,0.68,0.7,0.31,0.32,0.02,0.01,74949.54,1776306635000
1776306637.693,37.693,0.68,0.69,0.31,0.32,0.01,0.01,74947.79,1776306636000
1776306638.051,38.051,0.68,0.7,0.3,0.32,0.02,0.02,74947.79,1776306636000
1776306638.427,38.427,0.68,0.69,0.31,0.32,0.01,0.01,74949.96,1776306637000
1776306638.852,38.852,0.68,0.69,0.31,0.32,0.01,0.01,74949.96,1776306637000
1776306639.195,39.195,0.68,0.69,0.31,0.32,0.01,0.01,74964.51,1776306638000
1776306639.531,39.531,0.68,0.69,0.31,0.32,0.01,0.01,74964.51,1776306638000
1776306640.297,40.297,0.68,0.69,0.31,0.32,0.01,0.01,74964.51,1776306638000
1776306640.653,40.653,0.69,0.71,0.3,0.31,0.02,0.01,74959.74,1776306639000
1776306640.998,40.998,0.7,0.72,0.28,0.3,0.02,0.02,74959.74,1776306639000
1776306641.353,41.353,0.71,0.72,0.28,0.29,0.01,0.01,74959.74,1776306639000
1776306641.696,41.696,0.71,0.73,0.28,0.29,0.02,0.01,74957.84,1776306640000
1776306642.176,42.176,0.72,0.73,0.27,0.28,0.01,0.01,74960.13,1776306641000
1776306642.536,42.536,0.72,0.73,0.27,0.28,0.01,0.01,74960.13,1776306641000
1776306642.891,42.891,0.68,0.69,0.31,0.32,0.01,0.01,74960.13,1776306641000
1776306643.225,43.225,0.66,0.68,0.32,0.33,0.02,0.01,74960.13,1776306641000
1776306643.565,43.565,0.65,0.67,0.33,0.35,0.02,0.02,74967.11,1776306642000
1776306643.933,43.933,0.64,0.65,0.34,0.36,0.01,0.02,74967.11,1776306642000
1776306644.316,44.316,0.64,0.65,0.35,0.36,0.01,0.01,74967.11,1776306642000
1776306644.65,44.65,0.63,0.64,0.36,0.37,0.01,0.01,74960.07,1776306643000
1776306645.09,45.09,0.63,0.64,0.36,0.37,0.01,0.01,74950.86,1776306644000
1776306645.463,45.463,0.63,0.64,0.36,0.37,0.01,0.01,74950.86,1776306644000
1776306645.977,45.977,0.63,0.64,0.36,0.37,0.01,0.01,74945.71,1776306645000
1776306646.408,46.408,0.63,0.64,0.36,0.37,0.01,0.01,74945.71,1776306645000
1776306646.829,46.829,0.63,0.64,0.36,0.37,0.01,0.01,74945.71,1776306645000
1776306647.173,47.173,0.63,0.64,0.36,0.37,0.01,0.01,74945.59,1776306646000
1776306647.559,47.559,0.63,0.64,0.36,0.37,0.01,0.01,74945.59,1776306646000
1776306647.936,47.936,0.63,0.64,0.36,0.37,0.01,0.01,74945.59,1776306646000
1776306648.277,48.277,0.62,0.63,0.36,0.38,0.01,0.02,74943.35,1776306647000
1776306648.801,48.801,0.62,0.63,0.37,0.38,0.01,0.01,74943.35,1776306647000
1776306649.145,49.145,0.62,0.63,0.37,0.38,0.01,0.01,74943.35,1776306647000
1776306649.487,49.487,0.62,0.63,0.37,0.38,0.01,0.01,74943.7,1776306648000
1776306649.824,49.824,0.62,0.63,0.37,0.38,0.01,0.01,74943.7,1776306648000
1776306650.238,50.238,0.62,0.63,0.37,0.38,0.01,0.01,74942.9,1776306649000
1776306650.656,50.656,0.61,0.63,0.37,0.38,0.02,0.01,74942.9,1776306649000
1776306651.049,51.049,0.61,0.62,0.38,0.39,0.01,0.01,74944.06,1776306650000
1776306651.585,51.585,0.61,0.62,0.38,0.39,0.01,0.01,74944.06,1776306650000
1776306651.93,51.93,0.61,0.62,0.38,0.39,0.01,0.01,74944.06,1776306650000
1776306652.273,52.273,0.61,0.62,0.38,0.39,0.01,0.01,74942.4,1776306651000
1776306652.615,52.615,0.61,0.62,0.38,0.39,0.01,0.01,74942.4,1776306651000
1776306652.996,52.996,0.61,0.62,0.38,0.39,0.01,0.01,74942.4,1776306651000
1776306653.618,53.618,0.61,0.62,0.38,0.39,0.01,0.01,74939.97,1776306652000
1776306654.054,54.054,0.61,0.62,0.38,0.39,0.01,0.01,74939.97,1776306652000
1776306654.433,54.433,0.59,0.6,0.39,0.4,0.01,0.01,74939.49,1776306653000
1776306654.834,54.834,0.58,0.6,0.4,0.41,0.02,0.01,74939.49,1776306653000
1776306655.23,55.23,0.59,0.6,0.4,0.41,0.01,0.01,74939.49,1776306653000
1776306655.663,55.663,0.59,0.6,0.4,0.41,0.01,0.01,74939.44,1776306654000
1776306656.108,56.108,0.59,0.6,0.4,0.41,0.01,0.01,74938.65,1776306655000
1776306656.929,56.929,0.58,0.59,0.4,0.41,0.01,0.01,74938.65,1776306655000
1776306657.593,57.593,0.58,0.59,0.41,0.42,0.01,0.01,74937.23,1776306656000
1776306657.932,57.932,0.58,0.59,0.41,0.42,0.01,0.01,74937.23,1776306656000
1776306658.352,58.352,0.58,0.59,0.41,0.42,0.01,0.01,74934.24,1776306657000
1776306658.71,58.71,0.6,0.62,0.39,0.4,0.02,0.01,74934.24,1776306657000
1776306659.052,59.052,0.61,0.62,0.38,0.39,0.01,0.01,74934.36,1776306658000
1776306659.406,59.406,0.64,0.65,0.35,0.36,0.01,0.01,74934.36,1776306658000
1776306659.755,59.755,0.63,0.65,0.36,0.37,0.02,0.01,74934.36,1776306658000
1776306660.161,60.161,0.63,0.64,0.35,0.37,0.01,0.02,74935.23,1776306659000
1776306660.523,60.523,0.63,0.65,0.36,0.37,0.02,0.01,74935.23,1776306659000
1776306660.871,60.871,0.67,0.68,0.32,0.34,0.01,0.02,74935.23,1776306659000
1776306661.247,61.247,0.68,0.69,0.31,0.32,0.01,0.01,74937.69,1776306660000
1776306661.589,61.589,0.68,0.69,0.31,0.32,0.01,0.01,74937.69,1776306660000
1776306661.948,61.948,0.68,0.69,0.31,0.32,0.01,0.01,74937.69,1776306660000
1776306662.296,62.296,0.68,0.69,0.31,0.32,0.01,0.01,74944.8,1776306661000
1776306662.728,62.728,0.69,0.7,0.3,0.32,0.01,0.02,74944.8,1776306661000
1776306663.134,63.134,0.69,0.71,0.3,0.31,0.02,0.01,74944.8,1776306661000
1776306663.496,63.496,0.69,0.71,0.29,0.31,0.02,0.02,74955.22,1776306662000
1776306663.863,63.863,0.69,0.7,0.29,0.31,0.01,0.02,74955.22,1776306662000
1776306664.291,64.291,0.69,0.7,0.3,0.31,0.01,0.01,74954.69,1776306663000
1776306664.824,64.824,0.7,0.71,0.29,0.3,0.01,0.01,74954.69,1776306663000
1776306665.202,65.202,0.7,0.71,0.29,0.3,0.01,0.01,74952.01,1776306664000
1776306665.538,65.538,0.7,0.71,0.29,0.3,0.01,0.01,74952.01,1776306664000
1776306665.887,65.887,0.7,0.71,0.29,0.3,0.01,0.01,74952.01,1776306664000
1776306666.282,66.282,0.7,0.72,0.28,0.3,0.02,0.02,74952.07,1776306665000
1776306666.641,66.641,0.71,0.72,0.28,0.29,0.01,0.01,74952.07,1776306665000
1776306667.164,67.164,0.72,0.73,0.27,0.29,0.01,0.02,74952.07,1776306665000
1776306667.546,67.546,0.72,0.73,0.27,0.28,0.01,0.01,74952.08,1776306666000
1776306667.894,67.894,0.72,0.73,0.27,0.28,0.01,0.01,74952.08,1776306666000
1776306668.299,68.299,0.72,0.73,0.27,0.28,0.01,0.01,74952.15,1776306667000
1776306668.774,68.774,0.72,0.73,0.27,0.28,0.01,0.01,74952.15,1776306667000
1776306669.184,69.184,0.72,0.73,0.27,0.28,0.01,0.01,74952.15,1776306667000
1776306669.591,69.591,0.72,0.73,0.27,0.28,0.01,0.01,74954.32,1776306668000
1776306669.948,69.948,0.72,0.73,0.27,0.28,0.01,0.01,74954.32,1776306668000
1776306670.313,70.313,0.72,0.73,0.27,0.28,0.01,0.01,74953.35,1776306669000
1776306670.662,70.662,0.72,0.73,0.27,0.28,0.01,0.01,74953.35,1776306669000
1776306671.143,71.143,0.72,0.73,0.27,0.28,0.01,0.01,74953.35,1776306669000
1776306671.518,71.518,0.72,0.73,0.27,0.28,0.01,0.01,74953.29,1776306670000
1776306671.885,71.885,0.72,0.73,0.27,0.28,0.01,0.01,74953.29,1776306670000
1776306672.325,72.325,0.72,0.73,0.27,0.28,0.01,0.01,74954.72,1776306671000
1776306672.703,72.703,0.72,0.73,0.27,0.28,0.01,0.01,74954.72,1776306671000
1776306673.122,73.122,0.72,0.73,0.27,0.28,0.01,0.01,74957.54,1776306672000
1776306673.675,73.675,0.72,0.74,0.27,0.28,0.02,0.01,74957.54,1776306672000
1776306674.015,74.015,0.73,0.75,0.25,0.27,0.02,0.02,74957.54,1776306672000
1776306674.722,74.722,0.74,0.75,0.25,0.26,0.01,0.01,74956.38,1776306673000
1776306675.378,75.378,0.74,0.75,0.25,0.26,0.01,0.01,74957.11,1776306674000
1776306675.723,75.723,0.76,0.78,0.22,0.24,0.02,0.02,74957.11,1776306674000
1776306676.084,76.084,0.79,0.81,0.19,0.21,0.02,0.02,74957.11,1776306674000
1776306676.42,76.42,0.8,0.81,0.15,0.19,0.01,0.04,74964.45,1776306675000
1776306676.803,76.803,0.84,0.85,0.15,0.16,0.01,0.01,74964.45,1776306675000
1776306677.138,77.138,0.84,0.85,0.15,0.16,0.01,0.01,74964.45,1776306675000
1776306677.473,77.473,0.84,0.85,0.15,0.16,0.01,0.01,74976.39,1776306676000
1776306677.811,77.811,0.84,0.85,0.15,0.16,0.01,0.01,74976.39,1776306676000
1776306678.165,78.165,0.84,0.86,0.14,0.16,0.02,0.02,74976.39,1776306676000
1776306678.568,78.568,0.85,0.86,0.14,0.16,0.01,0.02,75002.77,1776306677000
1776306678.902,78.902,0.84,0.86,0.14,0.15,0.02,0.01,75002.77,1776306677000
1776306679.279,79.279,0.84,0.86,0.14,0.16,0.02,0.02,75000.54,1776306678000
1776306679.634,79.634,0.84,0.85,0.14,0.16,0.01,0.02,75000.54,1776306678000
1776306680.077,80.077,0.84,0.85,0.15,0.16,0.01,0.01,75000.54,1776306678000
1776306680.437,80.437,0.82,0.83,0.17,0.18,0.01,0.01,75001.34,1776306679000
1776306680.783,80.783,0.8,0.81,0.17,0.19,0.01,0.02,75001.34,1776306679000
1776306681.209,81.209,0.8,0.81,0.19,0.2,0.01,0.01,75000.35,1776306680000
1776306681.727,81.727,0.8,0.81,0.19,0.2,0.01,0.01,75000.35,1776306680000
1776306682.101,82.101,0.8,0.81,0.19,0.2,0.01,0.01,74989.69,1776306681000
1776306682.481,82.481,0.8,0.81,0.19,0.2,0.01,0.01,74989.69,1776306681000
1776306682.869,82.869,0.8,0.81,0.19,0.2,0.01,0.01,74989.69,1776306681000
1776306683.267,83.267,0.8,0.81,0.19,0.2,0.01,0.01,74989.69,1776306681000
1776306683.655,83.655,0.8,0.81,0.19,0.2,0.01,0.01,74985.59,1776306682000
1776306684.094,84.094,0.8,0.81,0.19,0.2,0.01,0.01,74985.59,1776306682000
1776306684.458,84.458,0.8,0.81,0.19,0.2,0.01,0.01,74985.18,1776306683000
1776306684.804,84.804,0.79,0.8,0.2,0.21,0.01,0.01,74985.18,1776306683000
1776306685.176,85.176,0.79,0.8,0.2,0.21,0.01,0.01,74985.18,1776306683000
1776306685.852,85.852,0.79,0.8,0.2,0.21,0.01,0.01,74985.25,1776306684000
1776306686.258,86.258,0.79,0.8,0.2,0.21,0.01,0.01,74985.13,1776306685000
1776306686.673,86.673,0.79,0.8,0.2,0.21,0.01,0.01,74985.13,1776306685000
1776306687.084,87.084,0.79,0.81,0.19,0.21,0.02,0.02,74982.55,1776306686000
1776306687.803,87.803,0.8,0.81,0.19,0.2,0.01,0.01,74982.55,1776306686000
1776306688.32,88.32,0.8,0.81,0.19,0.2,0.01,0.01,74981.01,1776306687000
1776306688.686,88.686,0.78,0.79,0.2,0.22,0.01,0.02,74981.01,1776306687000
1776306689.379,89.379,0.78,0.79,0.21,0.22,0.01,0.01,74980.65,1776306688000
1776306689.789,89.789,0.81,0.85,0.17,0.19,0.04,0.02,74980.65,1776306688000
1776306690.245,90.245,0.83,0.84,0.15,0.17,0.01,0.02,74980.65,1776306689000
1776306690.583,90.583,0.83,0.84,0.15,0.17,0.01,0.02,74980.65,1776306689000
1776306691.093,91.093,0.84,0.85,0.15,0.16,0.01,0.01,74980.65,1776306689000
1776306691.437,91.437,0.83,0.85,0.15,0.17,0.02,0.02,74980.65,1776306689000
1776306691.788,91.788,0.84,0.85,0.15,0.16,0.01,0.01,74987.81,1776306690000
1776306692.133,92.133,0.84,0.85,0.15,0.16,0.01,0.01,74993.47,1776306691000
1776306692.526,92.526,0.84,0.85,0.15,0.16,0.01,0.01,74993.47,1776306691000
1776306692.871,92.871,0.84,0.85,0.15,0.16,0.01,0.01,74993.47,1776306691000
1776306693.281,93.281,0.84,0.85,0.15,0.16,0.01,0.01,74991.74,1776306692000
1776306693.616,93.616,0.84,0.85,0.15,0.16,0.01,0.01,74991.74,1776306692000
1776306694.034,94.034,0.84,0.85,0.15,0.16,0.01,0.01,74991.74,1776306692000
1776306694.464,94.464,0.84,0.85,0.15,0.16,0.01,0.01,74990.29,1776306693000
1776306694.817,94.817,0.85,0.87,0.14,0.15,0.02,0.01,74990.29,1776306693000
1776306695.174,95.174,0.87,0.88,0.12,0.13,0.01,0.01,74990.29,1776306693000
1776306695.539,95.539,0.87,0.88,0.12,0.13,0.01,0.01,74990.29,1776306693000
1776306695.942,95.942,0.88,0.89,0.11,0.13,0.01,0.02,74992.1,1776306694000
1776306696.3,96.3,0.88,0.89,0.11,0.12,0.01,0.01,74992.1,1776306694000
1776306696.649,96.649,0.88,0.9,0.1,0.12,0.02,0.02,74994.24,1776306695000
1776306696.998,96.998,0.89,0.9,0.1,0.11,0.01,0.01,74994.24,1776306695000
1776306697.349,97.349,0.9,0.91,0.09,0.1,0.01,0.01,75003.98,1776306696000
1776306697.697,97.697,0.9,0.91,0.09,0.1,0.01,0.01,75003.98,1776306696000
1776306698.056,98.056,0.9,0.91,0.09,0.1,0.01,0.01,75003.98,1776306696000
1776306698.567,98.567,0.9,0.91,0.09,0.1,0.01,0.01,75012.28,1776306697000
1776306699.038,99.038,0.9,0.91,0.09,0.1,0.01,0.01,75012.28,1776306697000
1776306699.425,99.425,0.9,0.91,0.09,0.1,0.01,0.01,75013.69,1776306698000
1776306699.789,99.789,0.9,0.92,0.09,0.1,0.02,0.01,75013.69,1776306698000
1776306700.178,100.178,0.91,0.92,0.08,0.09,0.01,0.01,75013.69,1776306698000
1776306700.514,100.514,0.91,0.92,0.08,0.09,0.01,0.01,75014.0,1776306699000
1776306700.93,100.93,0.91,0.92,0.08,0.09,0.01,0.01,75014.0,1776306699000
1776306701.334,101.334,0.91,0.92,0.08,0.09,0.01,0.01,75013.43,1776306700000
1776306701.672,101.672,0.91,0.92,0.08,0.09,0.01,0.01,75013.43,1776306700000
1776306702.176,102.176,0.91,0.92,0.08,0.09,0.01,0.01,75013.43,1776306701000
1776306702.737,102.737,0.91,0.92,0.08,0.09,0.01,0.01,75013.43,1776306701000
1776306703.244,103.244,0.91,0.92,0.07,0.09,0.01,0.02,75015.17,1776306702000
1776306703.746,103.746,0.91,0.92,0.08,0.09,0.01,0.01,75015.17,1776306702000
1776306704.161,104.161,0.92,0.93,0.07,0.09,0.01,0.02,75015.17,1776306702000
1776306704.514,104.514,0.92,0.93,0.07,0.08,0.01,0.01,75014.99,1776306703000
1776306705.001,105.001,0.92,0.93,0.07,0.08,0.01,0.01,75014.99,1776306703000
1776306705.34,105.34,0.92,0.93,0.07,0.08,0.01,0.01,75014.99,1776306703000
1776306705.69,105.69,0.92,0.95,0.07,0.08,0.03,0.01,75013.65,1776306704000
1776306706.025,106.025,0.93,0.94,0.06,0.07,0.01,0.01,75013.65,1776306704000
1776306706.456,106.456,0.92,0.94,0.06,0.07,0.02,0.01,75014.4,1776306705000
1776306706.892,106.892,0.93,0.94,0.06,0.07,0.01,0.01,75014.4,1776306705000
1776306707.318,107.318,0.93,0.94,0.06,0.07,0.01,0.01,75014.4,1776306705000
1776306708.021,108.021,0.93,0.94,0.06,0.07,0.01,0.01,75022.88,1776306707000
1776306708.438,108.438,0.93,0.94,0.06,0.07,0.01,0.01,75022.88,1776306707000
1776306709.074,109.074,0.93,0.94,0.06,0.07,0.01,0.01,75022.88,1776306707000
1776306709.413,109.413,0.93,0.94,0.06,0.07,0.01,0.01,75023.01,1776306708000
1776306709.968,109.968,0.93,0.94,0.06,0.07,0.01,0.01,75023.01,1776306708000
1776306710.361,110.361,0.93,0.94,0.06,0.07,0.01,0.01,75020.07,1776306709000
1776306710.732,110.732,0.93,0.94,0.06,0.07,0.01,0.01,75020.07,1776306709000
1776306711.106,111.106,0.93,0.94,0.06,0.07,0.01,0.01,75020.07,1776306709000
1776306711.494,111.494,0.93,0.94,0.06,0.07,0.01,0.01,75019.61,1776306710000
1776306711.898,111.898,0.93,0.94,0.06,0.07,0.01,0.01,75019.61,1776306711000
1776306712.25,112.25,0.93,0.94,0.06,0.07,0.01,0.01,75019.61,1776306711000
1776306712.61,112.61,0.92,0.93,0.07,0.08,0.01,0.01,75019.61,1776306711000
1776306712.957,112.957,0.92,0.93,0.07,0.08,0.01,0.01,75019.16,1776306712000
1776306713.373,113.373,0.92,0.93,0.07,0.08,0.01,0.01,75019.16,1776306712000
1776306713.712,113.712,0.92,0.93,0.07,0.08,0.01,0.01,75019.16,1776306712000
1776306714.143,114.143,0.92,0.93,0.07,0.08,0.01,0.01,75017.8,1776306713000
1776306714.51,114.51,0.92,0.93,0.07,0.08,0.01,0.01,75017.8,1776306713000
1776306714.996,114.996,0.92,0.93,0.07,0.08,0.01,0.01,75017.8,1776306713000
1776306715.377,115.377,0.92,0.93,0.07,0.08,0.01,0.01,75017.15,1776306714000
1776306715.768,115.768,0.92,0.93,0.07,0.08,0.01,0.01,75017.15,1776306714000
1776306716.137,116.137,0.92,0.93,0.07,0.08,0.01,0.01,75017.15,1776306714000
1776306716.662,116.662,0.92,0.93,0.07,0.08,0.01,0.01,75017.09,1776306715000
1776306717.106,117.106,0.92,0.93,0.07,0.08,0.01,0.01,75017.09,1776306716000
1776306717.486,117.486,0.92,0.93,0.07,0.08,0.01,0.01,75017.09,1776306716000
1776306717.937,117.937,0.93,0.94,0.06,0.08,0.01,0.02,75017.09,1776306716000
1776306718.331,118.331,0.93,0.94,0.06,0.07,0.01,0.01,75017.22,1776306717000
1776306718.714,118.714,0.93,0.94,0.06,0.07,0.01,0.01,75017.22,1776306717000
1776306719.052,119.052,0.94,0.95,0.05,0.06,0.01,0.01,75017.22,1776306717000
1776306719.392,119.392,0.94,0.95,0.05,0.06,0.01,0.01,75017.22,1776306718000
1776306719.775,119.775,0.94,0.95,0.05,0.06,0.01,0.01,75017.22,1776306718000
1776306720.12,120.12,0.94,0.95,0.05,0.06,0.01,0.01,75017.22,1776306718000
1776306720.51,120.51,0.95,0.96,0.04,0.06,0.01,0.02,75017.83,1776306719000
1776306720.856,120.856,0.95,0.96,0.04,0.05,0.01,0.01,75017.83,1776306719000
1776306721.239,121.239,0.95,0.96,0.04,0.05,0.01,0.01,75017.83,1776306719000
1776306721.572,121.572,0.95,0.96,0.04,0.05,0.01,0.01,75017.83,1776306719000
1776306721.905,121.905,0.95,0.96,0.04,0.05,0.01,0.01,75017.83,1776306719000
1776306722.399,122.399,0.95,0.96,0.04,0.05,0.01,0.01,75024.5,1776306721000
1776306722.835,122.835,0.95,0.96,0.04,0.05,0.01,0.01,75024.5,1776306721000
1776306723.352,123.352,0.96,0.97,0.03,0.04,0.01,0.01,75025.89,1776306722000
1776306723.7,123.7,0.96,0.97,0.03,0.04,0.01,0.01,75025.89,1776306722000
1776306724.173,124.173,0.96,0.97,0.03,0.04,0.01,0.01,75027.66,1776306723000
1776306724.527,124.527,0.96,0.97,0.03,0.04,0.01,0.01,75027.66,1776306723000
1776306724.876,124.876,0.96,0.97,0.03,0.04,0.01,0.01,75031.62,1776306724000
1776306725.282,125.282,0.96,0.97,0.03,0.04,0.01,0.01,75031.62,1776306724000
1776306725.617,125.617,0.96,0.97,0.03,0.04,0.01,0.01,75031.62,1776306724000
1776306726.041,126.041,0.96,0.97,0.03,0.04,0.01,0.01,75031.65,1776306725000
1776306726.893,126.893,0.96,0.97,0.03,0.04,0.01,0.01,75031.65,1776306725000
1776306727.532,127.532,0.96,0.97,0.03,0.04,0.01,0.01,75031.39,1776306726000
1776306727.926,127.926,0.96,0.97,0.03,0.04,0.01,0.01,75030.49,1776306727000
1776306728.359,128.359,0.96,0.97,0.03,0.04,0.01,0.01,75030.49,1776306727000
1776306728.888,128.888,0.96,0.97,0.03,0.04,0.01,0.01,75029.24,1776306728000
1776306729.226,129.226,0.97,0.98,0.02,0.03,0.01,0.01,75029.24,1776306728000
1776306729.562,129.562,0.97,0.98,0.02,0.03,0.01,0.01,75029.24,1776306728000
1776306729.928,129.928,0.98,0.99,0.01,0.02,0.01,0.01,75029.24,1776306728000
1776306730.269,130.269,0.98,0.99,0.01,0.02,0.01,0.01,75029.69,1776306729000
1776306730.634,130.634,0.98,0.99,0.01,0.02,0.01,0.01,75029.69,1776306729000
1776306731.003,131.003,0.98,0.99,0.01,0.02,0.01,0.01,75029.69,1776306729000
1776306731.394,131.394,0.98,0.99,0.01,0.02,0.01,0.01,75029.69,1776306729000
1776306731.741,131.741,0.98,0.99,0.01,0.02,0.01,0.01,75071.88,1776306730000
1776306732.109,132.109,0.98,0.99,0.01,0.02,0.01,0.01,75071.88,1776306730000
1776306732.544,132.544,0.98,0.99,0.01,0.02,0.01,0.01,75077.56,1776306731000
1776306732.929,132.929,0.98,0.99,0.01,0.02,0.01,0.01,75077.56,1776306732000
1776306733.302,133.302,0.98,0.99,0.01,0.02,0.01,0.01,75077.56,1776306732000
1776306733.959,133.959,0.98,0.99,0.01,0.02,0.01,0.01,75066.14,1776306733000
1776306734.684,134.684,0.98,0.99,0.01,0.02,0.01,0.01,75066.14,1776306733000
1776306735.134,135.134,0.98,0.99,0.01,0.02,0.01,0.01,75066.14,1776306733000
1776306735.47,135.47,0.98,0.99,0.01,0.02,0.01,0.01,75059.2,1776306734000
1776306735.809,135.809,0.98,0.99,0.01,0.02,0.01,0.01,75059.2,1776306734000
1776306736.265,136.265,0.98,0.99,0.01,0.02,0.01,0.01,75059.2,1776306734000
1776306736.618,136.618,0.98,0.99,0.01,0.02,0.01,0.01,75082.32,1776306735000
1776306737.3,137.3,0.98,0.99,0.01,0.02,0.01,0.01,75083.81,1776306736000
1776306737.79,137.79,0.98,0.99,0.01,0.02,0.01,0.01,75083.81,1776306736000
1776306738.141,138.141,0.98,0.99,0.01,0.02,0.01,0.01,75083.81,1776306736000
1776306738.524,138.524,0.98,0.99,0.01,0.02,0.01,0.01,75082.73,1776306737000
1776306739.412,139.412,0.98,0.99,0.01,0.02,0.01,0.01,75082.73,1776306737000
1776306739.786,139.786,0.98,0.99,0.01,0.02,0.01,0.01,75082.73,1776306737000
1776306740.221,140.221,0.98,0.99,0.01,0.02,0.01,0.01,75083.83,1776306739000
1776306740.596,140.596,0.98,0.99,0.01,0.02,0.01,0.01,75083.83,1776306739000
1776306741.105,141.105,0.98,0.99,0.01,0.02,0.01,0.01,75083.83,1776306739000
1776306741.465,141.465,0.98,0.99,0.01,0.02,0.01,0.01,75083.83,1776306739000
1776306741.903,141.903,0.98,0.99,0.01,0.02,0.01,0.01,75081.71,1776306740000
1776306742.288,142.288,0.98,0.99,0.01,0.02,0.01,0.01,75081.71,1776306740000
1776306742.68,142.68,0.98,0.99,0.01,0.02,0.01,0.01,75081.71,1776306740000
1776306743.436,143.436,0.98,0.99,0.01,0.02,0.01,0.01,75068.31,1776306742000
1776306743.855,143.855,0.98,0.99,0.01,0.02,0.01,0.01,75068.31,1776306742000
1776306744.28,144.28,0.98,0.99,0.01,0.02,0.01,0.01,75067.18,1776306743000
1776306744.759,144.759,0.98,0.99,0.01,0.02,0.01,0.01,75067.18,1776306743000
1776306745.773,145.773,0.98,0.99,0.01,0.02,0.01,0.01,75055.29,1776306744000
1776306746.389,146.389,0.98,0.99,0.01,0.02,0.01,0.01,75055.29,1776306744000
1776306746.728,146.728,0.98,0.99,0.01,0.02,0.01,0.01,75053.01,1776306745000
1776306747.064,147.064,0.98,0.99,0.01,0.02,0.01,0.01,75053.01,1776306745000
1776306747.408,147.408,0.97,0.98,0.02,0.03,0.01,0.01,75052.15,1776306746000
1776306747.778,147.778,0.96,0.97,0.03,0.04,0.01,0.01,75052.15,1776306746000
1776306748.131,148.131,0.96,0.97,0.03,0.04,0.01,0.01,75052.15,1776306746000
1776306748.879,148.879,0.96,0.97,0.03,0.04,0.01,0.01,75052.15,1776306746000
1776306749.527,149.527,0.96,0.97,0.03,0.04,0.01,0.01,75038.16,1776306747000
1776306750.226,150.226,0.96,0.97,0.03,0.04,0.01,0.01,75036.7,1776306748000
1776306750.631,150.631,0.96,0.97,0.03,0.04,0.01,0.01,75037.68,1776306749000
1776306751.799,151.799,0.96,0.97,0.03,0.04,0.01,0.01,75037.68,1776306749000
1776306752.223,152.223,0.96,0.97,0.03,0.04,0.01,0.01,75039.77,1776306750000
1776306752.557,152.557,0.96,0.97,0.03,0.04,0.01,0.01,75039.77,1776306751000
1776306752.923,152.923,0.96,0.97,0.03,0.04,0.01,0.01,75039.77,1776306751000
1776306753.313,153.313,0.96,0.97,0.03,0.04,0.01,0.01,75039.18,1776306752000
1776306753.686,153.686,0.96,0.97,0.03,0.04,0.01,0.01,75039.18,1776306752000
1776306754.163,154.163,0.96,0.97,0.03,0.04,0.01,0.01,75039.18,1776306752000
1776306754.532,154.532,0.95,0.97,0.03,0.04,0.02,0.01,75039.18,1776306752000
1776306755.832,155.832,0.96,0.97,0.03,0.04,0.01,0.01,75030.88,1776306754000
1776306756.432,156.432,0.96,0.97,0.03,0.04,0.01,0.01,75030.88,1776306754000
1776306756.839,156.839,0.96,0.97,0.03,0.04,0.01,0.01,75036.94,1776306755000
1776306757.182,157.182,0.96,0.97,0.03,0.04,0.01,0.01,75037.04,1776306756000
1776306757.555,157.555,0.96,0.97,0.03,0.04,0.01,0.01,75037.04,1776306756000
1776306757.995,157.995,0.96,0.97,0.03,0.04,0.01,0.01,75037.77,1776306757000
1776306758.438,158.438,0.96,0.97,0.03,0.04,0.01,0.01,75037.77,1776306757000
1776306758.837,158.837,0.96,0.97,0.03,0.04,0.01,0.01,75037.77,1776306757000
1776306759.408,159.408,0.96,0.97,0.03,0.04,0.01,0.01,75044.91,1776306758000
1776306760.145,160.145,0.96,0.97,0.03,0.04,0.01,0.01,75043.7,1776306759000
1776306760.494,160.494,0.97,0.98,0.02,0.04,0.01,0.02,75043.7,1776306759000
1776306761.122,161.122,0.97,0.98,0.02,0.03,0.01,0.01,75045.44,1776306760000
1776306761.461,161.461,0.97,0.98,0.02,0.03,0.01,0.01,75045.44,1776306760000
1776306762.075,162.075,0.97,0.98,0.02,0.03,0.01,0.01,75045.44,1776306760000
1776306763.332,163.332,0.97,0.98,0.02,0.03,0.01,0.01,75046.28,1776306762000
1776306763.719,163.719,0.96,0.98,0.02,0.03,0.02,0.01,75046.28,1776306762000
1776306764.1,164.1,0.96,0.97,0.03,0.04,0.01,0.01,75046.28,1776306762000
1776306764.485,164.485,0.96,0.97,0.03,0.04,0.01,0.01,75045.09,1776306763000
1776306764.888,164.888,0.96,0.97,0.03,0.04,0.01,0.01,75045.8,1776306764000
1776306765.258,165.258,0.96,0.97,0.03,0.04,0.01,0.01,75045.8,1776306764000
1776306765.86,165.86,0.96,0.97,0.03,0.04,0.01,0.01,75047.11,1776306765000
1776306766.75,166.75,0.96,0.97,0.03,0.04,0.01,0.01,75047.11,1776306765000
1776306767.168,167.168,0.96,0.97,0.03,0.04,0.01,0.01,75045.48,1776306766000
1776306767.911,167.911,0.96,0.97,0.03,0.04,0.01,0.01,75047.59,1776306767000
1776306768.609,168.609,0.96,0.97,0.03,0.04,0.01,0.01,75047.59,1776306767000
1776306769.081,169.081,0.97,0.98,0.03,0.04,0.01,0.01,75047.59,1776306767000
1776306769.814,169.814,0.97,0.98,0.02,0.03,0.01,0.01,75047.44,1776306768000
1776306770.45,170.45,0.97,0.98,0.02,0.03,0.01,0.01,75047.44,1776306768000
1776306770.955,170.955,0.97,0.98,0.02,0.03,0.01,0.01,75047.44,1776306768000
1776306771.494,171.494,0.97,0.98,0.02,0.03,0.01,0.01,75047.65,1776306769000
1776306771.843,171.843,0.97,0.98,0.02,0.03,0.01,0.01,75047.65,1776306769000
1776306772.414,172.414,0.97,0.98,0.02,0.03,0.01,0.01,75046.07,1776306770000
1776306773.256,173.256,0.97,0.98,0.02,0.03,0.01,0.01,75047.37,1776306771000
1776306774.191,174.191,0.97,0.98,0.02,0.03,0.01,0.01,75048.68,1776306773000
1776306774.535,174.535,0.97,0.98,0.02,0.03,0.01,0.01,75048.68,1776306773000
1776306775.382,175.382,0.97,0.98,0.02,0.03,0.01,0.01,75048.68,1776306773000
1776306775.789,175.789,0.97,0.98,0.02,0.03,0.01,0.01,75046.1,1776306774000
1776306776.485,176.485,0.97,0.98,0.02,0.03,0.01,0.01,75044.8,1776306775000
1776306777.36,177.36,0.97,0.98,0.02,0.03,0.01,0.01,75043.85,1776306776000
1776306777.832,177.832,0.97,0.98,0.02,0.03,0.01,0.01,75043.85,1776306776000
1776306778.459,178.459,0.97,0.98,0.02,0.03,0.01,0.01,75044.37,1776306777000
1776306778.876,178.876,0.97,0.98,0.02,0.03,0.01,0.01,75044.37,1776306777000
1776306779.233,179.233,0.97,0.98,0.02,0.03,0.01,0.01,75044.37,1776306777000
1776306779.655,179.655,0.97,0.98,0.02,0.03,0.01,0.01,75040.88,1776306778000
1776306779.995,179.995,0.97,0.98,0.02,0.03,0.01,0.01,75040.88,1776306778000
1776306780.406,180.406,0.97,0.98,0.02,0.03,0.01,0.01,75040.88,1776306778000
1776306780.758,180.758,0.97,0.98,0.02,0.03,0.01,0.01,75042.27,1776306779000
1776306781.103,181.103,0.97,0.98,0.02,0.03,0.01,0.01,75042.27,1776306779000
1776306781.59,181.59,0.97,0.98,0.02,0.03,0.01,0.01,75042.03,1776306780000
1776306781.971,181.971,0.97,0.98,0.02,0.03,0.01,0.01,75042.03,1776306780000
1776306782.558,182.558,0.97,0.98,0.02,0.03,0.01,0.01,75041.58,1776306781000
1776306782.91,182.91,0.97,0.98,0.02,0.03,0.01,0.01,75041.58,1776306781000
1776306783.257,183.257,0.97,0.98,0.02,0.03,0.01,0.01,75041.58,1776306781000
1776306783.63,183.63,0.97,0.98,0.02,0.03,0.01,0.01,75041.58,1776306781000
1776306784.055,184.055,0.97,0.98,0.02,0.03,0.01,0.01,75036.77,1776306782000
1776306784.547,184.547,0.97,0.98,0.02,0.03,0.01,0.01,75037.36,1776306783000
1776306785.386,185.386,0.97,0.98,0.02,0.03,0.01,0.01,75037.36,1776306783000
1776306786.188,186.188,0.97,0.98,0.02,0.03,0.01,0.01,75036.99,1776306785000
1776306786.595,186.595,0.97,0.98,0.02,0.03,0.01,0.01,75036.99,1776306785000
1776306787.106,187.106,0.97,0.98,0.02,0.03,0.01,0.01,75036.99,1776306785000
1776306787.744,187.744,0.97,0.98,0.02,0.03,0.01,0.01,75032.86,1776306786000
1776306788.386,188.386,0.97,0.98,0.02,0.03,0.01,0.01,75035.63,1776306787000
1776306789.183,189.183,0.97,0.98,0.02,0.03,0.01,0.01,75034.54,1776306788000
1776306790.108,190.108,0.97,0.98,0.02,0.03,0.01,0.01,75016.17,1776306789000
1776306791.18,191.18,0.97,0.98,0.02,0.03,0.01,0.01,75016.56,1776306790000
1776306792.292,192.292,0.97,0.98,0.02,0.03,0.01,0.01,75015.97,1776306791000
1776306793.431,193.431,0.97,0.98,0.02,0.03,0.01,0.01,75016.37,1776306792000
1776306793.98,193.98,0.97,0.98,0.02,0.03,0.01,0.01,75016.19,1776306793000
1776306795.043,195.043,0.97,0.98,0.02,0.03,0.01,0.01,75016.23,1776306794000
1776306796.175,196.175,0.97,0.98,0.02,0.03,0.01,0.01,75018.1,1776306795000
1776306797.368,197.368,0.97,0.98,0.02,0.03,0.01,0.01,75020.24,1776306796000
1776306798.046,198.046,0.97,0.98,0.02,0.03,0.01,0.01,75020.24,1776306796000
1776306798.383,198.383,0.97,0.98,0.02,0.03,0.01,0.01,75026.58,1776306797000
1776306798.735,198.735,0.97,0.98,0.02,0.03,0.01,0.01,75026.58,1776306797000
1776306799.724,199.724,0.97,0.98,0.02,0.03,0.01,0.01,75027.73,1776306798000
1776306801.024,201.024,0.97,0.98,0.02,0.03,0.01,0.01,75026.04,1776306800000
1776306802.115,202.115,0.97,0.98,0.02,0.03,0.01,0.01,75022.4,1776306801000
1776306803.201,203.201,0.97,0.98,0.02,0.03,0.01,0.01,75018.55,1776306802000
1776306804.114,204.114,0.97,0.98,0.02,0.03,0.01,0.01,75020.8,1776306803000
1776306805.351,205.351,0.97,0.98,0.02,0.03,0.01,0.01,75023.86,1776306804000
1776306805.939,205.939,0.97,0.98,0.02,0.03,0.01,0.01,75023.59,1776306805000
1776306806.696,206.696,0.97,0.98,0.02,0.03,0.01,0.01,75023.59,1776306805000
1776306807.108,207.108,0.97,0.98,0.02,0.03,0.01,0.01,75023.4,1776306806000
1776306808.316,208.316,0.97,0.98,0.02,0.03,0.01,0.01,75019.75,1776306807000
1776306808.793,208.793,0.97,0.98,0.02,0.03,0.01,0.01,75019.75,1776306807000
1776306809.229,209.229,0.97,0.98,0.02,0.03,0.01,0.01,75018.12,1776306808000
1776306810.051,210.051,0.97,0.98,0.02,0.03,0.01,0.01,75018.95,1776306809000
1776306810.842,210.842,0.97,0.98,0.02,0.03,0.01,0.01,75018.95,1776306809000
1776306811.34,211.34,0.97,0.98,0.02,0.03,0.01,0.01,75019.58,1776306810000
1776306812.161,212.161,0.97,0.98,0.02,0.03,0.01,0.01,75019.58,1776306810000
1776306812.731,212.731,0.97,0.98,0.02,0.03,0.01,0.01,75016.89,1776306811000
1776306813.08,213.08,0.97,0.98,0.02,0.03,0.01,0.01,75016.19,1776306812000
1776306814.025,214.025,0.97,0.98,0.02,0.03,0.01,0.01,75014.63,1776306813000
1776306814.467,214.467,0.97,0.98,0.02,0.03,0.01,0.01,75014.63,1776306813000
1776306815.146,215.146,0.97,0.98,0.02,0.03,0.01,0.01,75016.47,1776306814000
1776306816.158,216.158,0.97,0.98,0.02,0.03,0.01,0.01,75016.47,1776306814000
1776306816.531,216.531,0.97,0.98,0.02,0.03,0.01,0.01,75018.29,1776306815000
1776306816.907,216.907,0.97,0.98,0.02,0.03,0.01,0.01,75018.29,1776306815000
1776306817.444,217.444,0.97,0.98,0.02,0.03,0.01,0.01,75020.14,1776306816000
1776306819.164,219.164,0.97,0.98,0.02,0.03,0.01,0.01,75023.51,1776306818000
1776306820.153,220.153,0.97,0.98,0.02,0.03,0.01,0.01,75026.02,1776306819000
1776306821.316,221.316,0.97,0.98,0.02,0.03,0.01,0.01,75029.1,1776306820000
1776306822.748,222.748,0.97,0.98,0.02,0.03,0.01,0.01,75033.24,1776306821000
1776306823.354,223.354,0.97,0.98,0.02,0.03,0.01,0.01,75033.61,1776306822000
1776306824.54,224.54,0.97,0.98,0.02,0.03,0.01,0.01,75036.86,1776306823000
1776306825.166,225.166,0.95,0.98,0.02,0.05,0.03,0.03,75038.71,1776306824000
1776306826.193,226.193,0.95,0.97,0.02,0.05,0.02,0.03,75038.71,1776306824000
1776306826.671,226.671,0.95,0.98,0.02,0.05,0.03,0.03,75046.91,1776306825000
1776306827.234,227.234,0.95,0.98,0.02,0.05,0.03,0.03,75046.91,1776306825000
1776306827.829,227.829,0.96,0.98,0.02,0.05,0.02,0.03,75048.32,1776306826000
1776306828.412,228.412,0.96,0.98,0.02,0.04,0.02,0.02,75047.01,1776306827000
1776306828.753,228.753,0.97,0.98,0.02,0.04,0.01,0.02,75047.01,1776306827000
1776306829.403,229.403,0.97,0.98,0.02,0.03,0.01,0.01,75045.29,1776306828000
1776306829.83,229.83,0.97,0.98,0.02,0.03,0.01,0.01,75045.29,1776306828000
1776306830.218,230.218,0.97,0.98,0.02,0.03,0.01,0.01,75045.29,1776306828000
1776306830.668,230.668,0.97,0.98,0.02,0.03,0.01,0.01,75033.51,1776306829000
1776306831.153,231.153,0.97,0.98,0.02,0.03,0.01,0.01,75033.51,1776306829000
1776306831.5,231.5,0.97,0.99,0.01,0.03,0.02,0.02,75032.35,1776306830000
1776306831.918,231.918,0.97,0.98,0.02,0.03,0.01,0.01,75033.22,1776306831000
1776306832.866,232.866,0.97,0.98,0.02,0.03,0.01,0.01,75033.22,1776306831000
1776306833.277,233.277,0.98,0.99,0.01,0.02,0.01,0.01,75031.14,1776306832000
1776306833.755,233.755,0.98,0.99,0.01,0.02,0.01,0.01,75031.14,1776306832000
1776306834.096,234.096,0.98,0.99,0.01,0.02,0.01,0.01,75028.74,1776306833000
1776306834.846,234.846,0.98,0.99,0.01,0.02,0.01,0.01,75028.74,1776306833000
1776306835.191,235.191,0.98,0.99,0.01,0.02,0.01,0.01,75029.01,1776306834000
1776306835.986,235.986,0.98,0.99,0.01,0.02,0.01,0.01,75029.01,1776306834000
1776306836.381,236.381,0.98,0.99,0.01,0.02,0.01,0.01,75037.33,1776306835000
1776306836.744,236.744,0.98,0.99,0.01,0.02,0.01,0.01,75037.33,1776306835000
1776306837.077,237.077,0.98,0.99,0.01,0.02,0.01,0.01,75037.11,1776306836000
1776306837.426,237.426,0.989,0.99,0.01,0.02,0.001,0.01,75037.11,1776306836000
1776306837.859,237.859,0.989,0.99,0.01,0.011,0.001,0.001,75037.11,1776306836000
1776306838.217,238.217,0.989,0.99,0.01,0.011,0.001,0.001,75039.5,1776306837000
1776306838.821,238.821,0.98,0.99,0.01,0.011,0.01,0.001,75039.5,1776306837000
1776306839.156,239.156,0.98,0.99,0.01,0.02,0.01,0.01,75039.5,1776306837000
1776306839.578,239.578,0.989,0.99,0.01,0.011,0.001,0.001,75039.24,1776306838000
1776306839.922,239.922,0.989,0.99,0.01,0.011,0.001,0.001,75039.2,1776306839000
1776306840.554,240.554,0.981,0.99,0.01,0.019,0.009,0.009,75039.2,1776306839000
1776306840.898,240.898,0.986,0.988,0.012,0.019,0.002,0.007,75039.2,1776306839000
1776306841.285,241.285,0.981,0.988,0.012,0.019,0.007,0.007,75038.65,1776306840000
1776306841.654,241.654,0.987,0.99,0.01,0.012,0.003,0.002,75038.65,1776306840000
1776306842.093,242.093,0.981,0.988,0.012,0.019,0.007,0.007,75037.9,1776306841000
1776306842.588,242.588,0.983,0.99,0.01,0.016,0.007,0.006,75037.9,1776306841000
1776306842.946,242.946,0.982,0.99,0.011,0.018,0.008,0.007,75037.9,1776306841000
1776306843.337,243.337,0.983,0.99,0.01,0.017,0.007,0.007,75033.37,1776306842000
1776306843.758,243.758,0.982,0.99,0.01,0.019,0.008,0.009,75033.37,1776306842000
1776306844.238,244.238,0.981,0.99,0.01,0.019,0.009,0.009,75033.37,1776306842000
1776306844.618,244.618,0.981,0.99,0.01,0.019,0.009,0.009,75022.42,1776306843000
1776306844.994,244.994,0.981,0.99,0.01,0.019,0.009,0.009,75022.42,1776306843000
1776306845.382,245.382,0.981,0.989,0.011,0.019,0.008,0.008,75018.51,1776306844000
1776306846.369,246.369,0.981,0.988,0.012,0.019,0.007,0.007,75020.63,1776306845000
1776306846.748,246.748,0.981,0.989,0.012,0.019,0.008,0.007,75020.63,1776306845000
1776306847.392,247.392,0.981,0.99,0.011,0.019,0.009,0.008,75020.24,1776306846000
1776306847.948,247.948,0.982,0.99,0.01,0.018,0.008,0.008,75020.24,1776306846000
1776306848.399,248.399,0.982,0.99,0.01,0.018,0.008,0.008,75020.07,1776306847000
1776306848.738,248.738,0.985,0.99,0.01,0.018,0.005,0.008,75020.07,1776306847000
1776306849.538,249.538,0.986,0.99,0.01,0.019,0.004,0.009,75021.98,1776306848000
1776306849.889,249.889,0.986,0.99,0.01,0.014,0.004,0.004,75029.67,1776306849000
1776306850.24,250.24,0.986,0.99,0.01,0.014,0.004,0.004,75029.67,1776306849000
1776306850.617,250.617,0.984,0.99,0.01,0.016,0.006,0.006,75029.67,1776306849000
1776306851.005,251.005,0.981,0.99,0.01,0.017,0.009,0.007,75031.16,1776306850000
1776306851.622,251.622,0.981,0.99,0.01,0.019,0.009,0.009,75031.16,1776306850000
1776306852.058,252.058,0.981,0.99,0.01,0.019,0.009,0.009,75031.2,1776306851000
1776306852.452,252.452,0.981,0.99,0.01,0.019,0.009,0.009,75031.2,1776306851000
1776306853.066,253.066,0.981,0.99,0.01,0.019,0.009,0.009,75030.22,1776306852000
1776306853.466,253.466,0.981,0.99,0.01,0.019,0.009,0.009,75030.22,1776306852000
1776306853.907,253.907,0.981,0.99,0.01,0.019,0.009,0.009,75030.22,1776306852000
1776306854.33,254.33,0.981,0.99,0.01,0.019,0.009,0.009,75028.78,1776306853000
1776306854.722,254.722,0.982,0.99,0.01,0.019,0.008,0.009,75028.78,1776306853000
1776306855.066,255.066,0.983,0.99,0.01,0.017,0.007,0.007,75028.78,1776306853000
1776306855.432,255.432,0.989,0.99,0.01,0.011,0.001,0.001,75028.75,1776306854000
1776306855.905,255.905,0.981,0.99,0.01,0.018,0.009,0.008,75028.75,1776306854000
1776306856.265,256.265,0.982,0.99,0.01,0.018,0.008,0.008,75028.75,1776306854000
1776306856.674,256.674,0.982,0.99,0.01,0.018,0.008,0.008,75028.87,1776306855000
1776306857.063,257.063,0.982,0.99,0.01,0.018,0.008,0.008,75028.89,1776306856000
1776306857.479,257.479,0.982,0.99,0.01,0.018,0.008,0.008,75028.89,1776306856000
1776306857.869,257.869,0.982,0.99,0.01,0.018,0.008,0.008,75028.89,1776306856000
1776306858.259,258.259,0.989,0.99,0.01,0.011,0.001,0.001,75029.02,1776306857000
1776306858.623,258.623,0.989,0.99,0.01,0.011,0.001,0.001,75029.02,1776306857000
1776306858.961,258.961,0.981,0.99,0.011,0.019,0.009,0.008,75029.02,1776306857000
1776306859.39,259.39,0.981,0.99,0.01,0.019,0.009,0.009,75028.66,1776306858000
1776306859.729,259.729,0.981,0.99,0.01,0.019,0.009,0.009,75028.66,1776306858000
1776306860.067,260.067,0.981,0.99,0.01,0.019,0.009,0.009,75028.66,1776306858000
1776306860.403,260.403,0.981,0.99,0.01,0.019,0.009,0.009,75027.29,1776306859000
1776306860.745,260.745,0.981,0.99,0.01,0.019,0.009,0.009,75027.29,1776306859000
1776306861.086,261.086,0.982,0.99,0.01,0.018,0.008,0.008,75027.29,1776306859000
1776306861.427,261.427,0.981,0.99,0.01,0.019,0.009,0.009,75027.29,1776306859000
1776306861.811,261.811,0.982,0.99,0.01,0.018,0.008,0.008,75027.29,1776306859000
1776306862.233,262.233,0.98,0.99,0.01,0.019,0.01,0.009,75023.64,1776306860000
1776306862.611,262.611,0.99,0.991,0.009,0.01,0.001,0.001,75023.51,1776306861000
1776306863.111,263.111,0.99,0.991,0.009,0.01,0.001,0.001,75023.52,1776306862000
1776306863.489,263.489,0.98,0.99,0.01,0.02,0.01,0.01,75023.52,1776306862000
1776306863.841,263.841,0.991,0.992,0.008,0.009,0.001,0.001,75023.52,1776306862000
1776306864.182,264.182,0.99,0.991,0.009,0.01,0.001,0.001,75023.55,1776306863000
1776306864.528,264.528,0.98,0.99,0.009,0.02,0.01,0.011,75023.55,1776306863000
1776306864.927,264.927,0.981,0.99,0.009,0.019,0.009,0.01,75023.55,1776306863000
1776306865.364,265.364,0.99,0.992,0.008,0.01,0.002,0.002,75023.53,1776306864000
1776306865.789,265.789,0.98,0.99,0.01,0.019,0.01,0.009,75023.53,1776306864000
1776306866.218,266.218,0.98,0.99,0.01,0.02,0.01,0.01,75022.27,1776306865000
1776306866.676,266.676,0.99,0.991,0.009,0.02,0.001,0.011,75022.27,1776306865000
1776306867.017,267.017,0.98,0.989,0.01,0.02,0.009,0.01,75022.27,1776306865000
1776306867.488,267.488,0.98,0.989,0.011,0.02,0.009,0.009,75018.41,1776306866000
1776306868.22,268.22,0.984,0.989,0.011,0.016,0.005,0.005,75017.6,1776306867000
1776306868.555,268.555,0.98,0.989,0.011,0.016,0.009,0.005,75017.6,1776306867000
1776306868.9,268.9,0.98,0.989,0.011,0.02,0.009,0.009,75017.6,1776306867000
1776306869.247,269.247,0.98,0.989,0.011,0.02,0.009,0.009,75017.59,1776306868000
1776306869.852,269.852,0.98,0.989,0.011,0.02,0.009,0.009,75017.59,1776306868000
1776306870.224,270.224,0.98,0.989,0.011,0.02,0.009,0.009,75017.59,1776306868000
1776306870.602,270.602,0.98,0.989,0.011,0.02,0.009,0.009,75017.59,1776306869000
1776306871.036,271.036,0.98,0.989,0.011,0.02,0.009,0.009,75017.97,1776306870000
1776306871.373,271.373,0.981,0.989,0.011,0.019,0.008,0.008,75017.97,1776306870000
1776306871.91,271.91,0.981,0.989,0.011,0.019,0.008,0.008,75017.59,1776306871000
1776306872.287,272.287,0.981,0.989,0.011,0.019,0.008,0.008,75017.59,1776306871000
1776306872.725,272.725,0.981,0.989,0.011,0.019,0.008,0.008,75017.59,1776306871000
1776306873.218,273.218,0.98,0.989,0.011,0.02,0.009,0.009,75016.82,1776306872000
1776306873.727,273.727,0.98,0.989,0.011,0.02,0.009,0.009,75016.82,1776306872000
1776306874.116,274.116,0.98,0.989,0.011,0.02,0.009,0.009,75016.82,1776306872000
1776306874.925,274.925,0.98,0.989,0.011,0.02,0.009,0.009,75006.95,1776306873000
1776306875.281,275.281,0.98,0.989,0.011,0.02,0.009,0.009,75005.75,1776306874000
1776306875.668,275.668,0.98,0.988,0.012,0.02,0.008,0.008,75005.75,1776306874000
1776306876.045,276.045,0.98,0.987,0.013,0.02,0.007,0.007,75005.75,1776306874000
1776306876.438,276.438,0.98,0.986,0.013,0.02,0.006,0.007,75005.46,1776306875000
1776306876.974,276.974,0.98,0.985,0.014,0.02,0.005,0.006,75005.46,1776306875000
1776306878.147,278.147,0.98,0.982,0.018,0.02,0.002,0.002,74991.75,1776306877000
1776306879.213,279.213,0.98,0.988,0.012,0.02,0.008,0.008,74989.77,1776306878000
1776306879.764,279.764,0.98,0.988,0.012,0.02,0.008,0.008,74989.77,1776306878000
1776306880.154,280.154,0.98,0.988,0.012,0.02,0.008,0.008,74989.77,1776306879000
1776306880.566,280.566,0.98,0.989,0.011,0.02,0.009,0.009,74989.77,1776306879000
1776306880.952,280.952,0.97,0.98,0.02,0.03,0.01,0.01,74989.77,1776306879000
1776306881.312,281.312,0.97,0.98,0.02,0.03,0.01,0.01,74989.69,1776306880000
1776306881.652,281.652,0.97,0.98,0.02,0.03,0.01,0.01,74989.69,1776306880000
1776306882.055,282.055,0.98,0.989,0.011,0.02,0.009,0.009,74989.69,1776306880000
1776306882.472,282.472,0.981,0.989,0.011,0.019,0.008,0.008,74989.61,1776306881000
1776306883.053,283.053,0.98,0.989,0.011,0.02,0.009,0.009,74987.84,1776306882000
1776306883.583,283.583,0.98,0.987,0.013,0.02,0.007,0.007,74987.84,1776306882000
1776306883.927,283.927,0.98,0.987,0.013,0.02,0.007,0.007,74987.84,1776306882000
1776306884.302,284.302,0.97,0.987,0.013,0.037,0.017,0.024,74985.73,1776306883000
1776306884.638,284.638,0.97,0.987,0.013,0.02,0.017,0.007,74985.73,1776306883000
1776306884.988,284.988,0.98,0.987,0.013,0.02,0.007,0.007,74984.39,1776306884000
1776306885.519,285.519,0.97,0.98,0.02,0.03,0.01,0.01,74984.39,1776306884000
1776306885.932,285.932,0.96,0.977,0.023,0.04,0.017,0.017,74982.96,1776306885000
1776306886.395,286.395,0.98,0.987,0.013,0.02,0.007,0.007,74982.96,1776306885000
1776306886.748,286.748,0.98,0.987,0.013,0.02,0.007,0.007,74982.96,1776306885000
1776306887.102,287.102,0.98,0.987,0.013,0.03,0.007,0.017,74982.42,1776306886000
1776306887.437,287.437,0.98,0.987,0.013,0.03,0.007,0.017,74982.42,1776306886000
1776306887.839,287.839,0.97,0.987,0.013,0.03,0.017,0.017,74981.03,1776306887000
1776306888.449,288.449,0.98,0.987,0.013,0.02,0.007,0.007,74981.03,1776306887000
1776306888.971,288.971,0.97,0.979,0.02,0.03,0.009,0.01,74981.03,1776306887000
1776306889.313,289.313,0.97,0.979,0.021,0.03,0.009,0.009,74981.03,1776306887000
1776306889.649,289.649,0.97,0.971,0.029,0.03,0.001,0.001,74978.45,1776306888000
1776306890.281,290.281,0.96,0.97,0.03,0.04,0.01,0.01,74978.45,1776306888000
1776306890.83,290.83,0.96,0.97,0.021,0.04,0.01,0.019,74978.45,1776306888000
1776306891.168,291.168,0.96,0.97,0.03,0.04,0.01,0.01,74978.45,1776306888000
1776306891.513,291.513,0.97,0.979,0.021,0.03,0.009,0.009,74978.45,1776306888000
1776306891.861,291.861,0.97,0.971,0.029,0.03,0.001,0.001,74978.45,1776306888000
1776306892.228,292.228,0.96,0.979,0.029,0.04,0.019,0.011,74978.45,1776306888000
1776306892.565,292.565,0.96,0.97,0.039,0.04,0.01,0.001,74978.45,1776306888000
1776306892.957,292.957,0.951,0.96,0.04,0.049,0.009,0.009,74978.45,1776306888000
1776306893.311,293.311,0.951,0.96,0.04,0.049,0.009,0.009,74978.45,1776306888000
1776306893.82,293.82,0.95,0.96,0.04,0.049,0.01,0.009,74978.45,1776306888000
1776306894.371,294.371,0.95,0.952,0.048,0.05,0.002,0.002,74978.45,1776306888000
1776306894.706,294.706,0.95,0.951,0.049,0.05,0.001,0.001,74978.45,1776306888000
1776306895.109,295.109,0.96,0.985,0.015,0.05,0.025,0.035,74978.45,1776306888000
1776306895.529,295.529,0.98,0.985,0.015,0.03,0.005,0.015,74978.45,1776306888000
1776306895.926,295.926,0.98,0.99,0.01,0.02,0.01,0.01,74978.45,1776306888000
1776306896.272,296.272,0.96,0.97,0.03,0.04,0.01,0.01,74978.45,1776306888000
1776306896.828,296.828,0.97,0.995,0.006,0.03,0.025,0.024,74978.45,1776306888000
1776306897.171,297.171,0.98,0.99,0.01,0.03,0.01,0.02,74977.18,1776306896000
1776306897.523,297.523,0.99,0.995,0.005,0.01,0.005,0.005,74977.18,1776306896000
1776306897.877,297.877,0.99,0.995,0.005,0.02,0.005,0.015,74977.18,1776306896000
1776306898.243,298.243,0.99,0.995,0.005,0.01,0.005,0.005,74976.72,1776306897000
1776306898.605,298.605,0.999,0.995,0.005,0.01,-0.004,0.005,74976.72,1776306897000
1776306898.939,298.939,0.999,0.995,0.005,0.001,-0.004,-0.004,74976.72,1776306897000
1776306899.331,299.331,0.999,0.995,0.005,0.01,-0.004,0.005,74975.79,1776306898000
1776306899.781,299.781,0.999,0.995,0.005,0.01,-0.004,0.005,74975.79,1776306898000
1776306900.169,300.169,0.999,0.995,0.005,0.001,-0.004,-0.004,74975.14,1776306899000
1776306900.886,300.886,0.999,0.995,0.005,0.001,-0.004,-0.004,74975.14,1776306899000

# RESULT,winner=Up,slug=btc-updown-5m-1776306600,ticks=646
