timestamp,elapsed_sec,up_bid,up_ask,down_bid,down_ask,up_spread,down_spread,btc_price,btc_oracle_ts
1776839700.561,0.561,0.52,0.53,0.46,0.47,0.01,0.01,77942.47,1776839699000
1776839701.059,1.059,0.53,0.54,0.46,0.47,0.01,0.01,77942.82,1776839700000
1776839701.4,1.4,0.49,0.54,0.46,0.51,0.05,0.05,77942.82,1776839700000
1776839702.037,2.037,0.42,0.43,0.56,0.59,0.01,0.03,77942.82,1776839700000
1776839702.463,2.463,0.42,0.43,0.57,0.58,0.01,0.01,77941.84,1776839701000
1776839703.121,3.121,0.42,0.43,0.57,0.58,0.01,0.01,77933.48,1776839702000
1776839703.645,3.645,0.42,0.43,0.57,0.58,0.01,0.01,77933.48,1776839702000
1776839704.054,4.054,0.42,0.43,0.57,0.58,0.01,0.01,77933.48,1776839702000
1776839704.642,4.642,0.42,0.43,0.57,0.58,0.01,0.01,77930.55,1776839703000
1776839705.062,5.062,0.42,0.43,0.57,0.58,0.01,0.01,77930.55,1776839703000
1776839705.537,5.537,0.4,0.41,0.58,0.6,0.01,0.02,77931.06,1776839704000
1776839706.272,6.272,0.34,0.35,0.65,0.66,0.01,0.01,77927.16,1776839705000
1776839706.769,6.769,0.34,0.35,0.65,0.66,0.01,0.01,77927.16,1776839705000
1776839707.102,7.102,0.33,0.35,0.65,0.67,0.02,0.02,77927.16,1776839705000
1776839707.601,7.601,0.34,0.35,0.65,0.66,0.01,0.01,77922.52,1776839706000
1776839708.0,8.0,0.34,0.37,0.65,0.66,0.03,0.01,77922.52,1776839706000
1776839708.347,8.347,0.33,0.35,0.65,0.67,0.02,0.02,77915.71,1776839707000
1776839708.828,8.828,0.34,0.35,0.65,0.66,0.01,0.01,77915.71,1776839707000
1776839709.233,9.233,0.34,0.35,0.65,0.66,0.01,0.01,77915.71,1776839707000
1776839709.568,9.568,0.32,0.35,0.65,0.68,0.03,0.03,77914.96,1776839708000
1776839709.952,9.952,0.34,0.35,0.65,0.66,0.01,0.01,77914.96,1776839708000
1776839710.328,10.328,0.33,0.34,0.65,0.67,0.01,0.02,77915.1,1776839709000
1776839710.671,10.671,0.33,0.34,0.66,0.67,0.01,0.01,77915.1,1776839709000
1776839711.217,11.217,0.33,0.34,0.66,0.67,0.01,0.01,77913.19,1776839710000
1776839711.555,11.555,0.33,0.4,0.64,0.67,0.07,0.03,77913.19,1776839710000
1776839711.916,11.916,0.4,0.44,0.58,0.6,0.04,0.02,77913.19,1776839710000
1776839712.26,12.26,0.46,0.47,0.53,0.54,0.01,0.01,77913.19,1776839710000
1776839712.595,12.595,0.46,0.47,0.53,0.54,0.01,0.01,77913.19,1776839710000
1776839712.935,12.935,0.46,0.47,0.53,0.54,0.01,0.01,77909.95,1776839711000
1776839713.316,13.316,0.46,0.47,0.53,0.54,0.01,0.01,77910.96,1776839712000
1776839713.649,13.649,0.46,0.47,0.53,0.54,0.01,0.01,77910.96,1776839712000
1776839713.994,13.994,0.46,0.47,0.53,0.54,0.01,0.01,77910.96,1776839712000
1776839714.513,14.513,0.46,0.47,0.53,0.54,0.01,0.01,77928.14,1776839713000
1776839715.288,15.288,0.45,0.46,0.54,0.55,0.01,0.01,77929.63,1776839714000
1776839715.627,15.627,0.45,0.46,0.54,0.55,0.01,0.01,77929.63,1776839714000
1776839716.269,16.269,0.45,0.46,0.54,0.55,0.01,0.01,77929.63,1776839714000
1776839716.605,16.605,0.45,0.46,0.54,0.55,0.01,0.01,77930.44,1776839715000
1776839716.948,16.948,0.42,0.46,0.54,0.58,0.04,0.04,77930.35,1776839716000
1776839717.648,17.648,0.44,0.46,0.54,0.55,0.02,0.01,77930.35,1776839716000
1776839717.995,17.995,0.42,0.43,0.57,0.58,0.01,0.01,77927.38,1776839717000
1776839718.663,18.663,0.42,0.43,0.57,0.58,0.01,0.01,77927.38,1776839717000
1776839719.09,19.09,0.42,0.43,0.57,0.58,0.01,0.01,77927.38,1776839717000
1776839719.498,19.498,0.45,0.46,0.54,0.56,0.01,0.02,77930.41,1776839718000
1776839719.862,19.862,0.45,0.46,0.54,0.55,0.01,0.01,77930.41,1776839718000
1776839720.431,20.431,0.45,0.46,0.54,0.55,0.01,0.01,77929.93,1776839719000
1776839720.921,20.921,0.46,0.47,0.53,0.54,0.01,0.01,77929.93,1776839719000
1776839721.295,21.295,0.46,0.47,0.53,0.54,0.01,0.01,77931.17,1776839720000
1776839721.671,21.671,0.46,0.47,0.53,0.54,0.01,0.01,77931.17,1776839720000
1776839722.04,22.04,0.45,0.47,0.53,0.55,0.02,0.02,77931.17,1776839720000
1776839722.667,22.667,0.45,0.47,0.53,0.55,0.02,0.02,77932.66,1776839721000
1776839723.369,23.369,0.4,0.42,0.58,0.6,0.02,0.02,77932.66,1776839721000
1776839723.708,23.708,0.39,0.41,0.59,0.61,0.02,0.02,77933.01,1776839722000
1776839724.07,24.07,0.38,0.41,0.59,0.62,0.03,0.03,77925.51,1776839723000
1776839724.57,24.57,0.35,0.41,0.59,0.65,0.06,0.06,77925.51,1776839723000
1776839724.918,24.918,0.35,0.41,0.59,0.65,0.06,0.06,77925.51,1776839723000
1776839725.63,25.63,0.34,0.38,0.61,0.62,0.04,0.01,77918.9,1776839724000
1776839725.975,25.975,0.36,0.41,0.59,0.64,0.05,0.05,77918.9,1776839724000
1776839726.494,26.494,0.38,0.39,0.6,0.62,0.01,0.02,77918.9,1776839724000
1776839727.119,27.119,0.36,0.38,0.62,0.64,0.02,0.02,77915.22,1776839726000
1776839727.704,27.704,0.37,0.38,0.62,0.63,0.01,0.01,77915.22,1776839726000
1776839728.038,28.038,0.37,0.38,0.62,0.63,0.01,0.01,77915.22,1776839726000
1776839728.383,28.383,0.37,0.4,0.6,0.63,0.03,0.03,77916.53,1776839727000
1776839728.721,28.721,0.4,0.41,0.59,0.6,0.01,0.01,77916.53,1776839727000
1776839729.125,29.125,0.4,0.41,0.59,0.6,0.01,0.01,77916.53,1776839727000
1776839729.465,29.465,0.4,0.41,0.59,0.6,0.01,0.01,77918.89,1776839728000
1776839729.806,29.806,0.4,0.41,0.59,0.6,0.01,0.01,77918.89,1776839728000
1776839730.262,30.262,0.39,0.4,0.59,0.61,0.01,0.02,77922.83,1776839729000
1776839730.678,30.678,0.39,0.4,0.6,0.61,0.01,0.01,77922.83,1776839729000
1776839731.033,31.033,0.36,0.4,0.6,0.64,0.04,0.04,77924.12,1776839730000
1776839731.442,31.442,0.36,0.37,0.63,0.64,0.01,0.01,77924.12,1776839730000
1776839731.854,31.854,0.36,0.37,0.63,0.64,0.01,0.01,77924.12,1776839730000
1776839732.282,32.282,0.36,0.37,0.63,0.64,0.01,0.01,77922.13,1776839731000
1776839732.782,32.782,0.37,0.38,0.62,0.64,0.01,0.02,77922.13,1776839731000
1776839733.201,33.201,0.37,0.38,0.62,0.63,0.01,0.01,77922.13,1776839731000
1776839733.656,33.656,0.37,0.38,0.62,0.63,0.01,0.01,77921.84,1776839732000
1776839734.23,34.23,0.37,0.38,0.62,0.63,0.01,0.01,77921.88,1776839733000
1776839735.115,35.115,0.37,0.38,0.62,0.63,0.01,0.01,77922.1,1776839734000
1776839735.508,35.508,0.41,0.42,0.56,0.63,0.01,0.07,77922.1,1776839734000
1776839735.901,35.901,0.42,0.43,0.56,0.58,0.01,0.02,77922.1,1776839734000
1776839736.274,36.274,0.48,0.49,0.51,0.52,0.01,0.01,77923.94,1776839735000
1776839736.78,36.78,0.48,0.5,0.51,0.52,0.02,0.01,77923.94,1776839735000
1776839737.125,37.125,0.51,0.52,0.48,0.49,0.01,0.01,77923.94,1776839735000
1776839737.508,37.508,0.42,0.46,0.54,0.58,0.04,0.04,77923.94,1776839735000
1776839737.843,37.843,0.39,0.4,0.6,0.61,0.01,0.01,77927.57,1776839736000
1776839738.185,38.185,0.39,0.4,0.6,0.61,0.01,0.01,77933.55,1776839737000
1776839738.611,38.611,0.39,0.4,0.6,0.61,0.01,0.01,77933.55,1776839737000
1776839738.949,38.949,0.39,0.4,0.6,0.61,0.01,0.01,77933.55,1776839737000
1776839739.423,39.423,0.38,0.4,0.6,0.61,0.02,0.01,77929.29,1776839738000
1776839740.022,40.022,0.38,0.4,0.6,0.61,0.02,0.01,77929.29,1776839738000
1776839740.388,40.388,0.38,0.4,0.6,0.62,0.02,0.02,77926.74,1776839739000
1776839741.099,41.099,0.39,0.4,0.6,0.62,0.01,0.02,77926.74,1776839739000
1776839741.561,41.561,0.39,0.4,0.6,0.61,0.01,0.01,77926.74,1776839740000
1776839741.937,41.937,0.39,0.4,0.6,0.61,0.01,0.01,77926.74,1776839740000
1776839742.405,42.405,0.39,0.4,0.6,0.61,0.01,0.01,77926.06,1776839741000
1776839742.767,42.767,0.38,0.4,0.6,0.62,0.02,0.02,77926.06,1776839741000
1776839743.219,43.219,0.39,0.4,0.6,0.61,0.01,0.01,77926.07,1776839742000
1776839743.562,43.562,0.39,0.4,0.6,0.61,0.01,0.01,77926.07,1776839742000
1776839743.924,43.924,0.39,0.4,0.6,0.61,0.01,0.01,77926.07,1776839742000
1776839744.398,44.398,0.39,0.4,0.6,0.61,0.01,0.01,77925.11,1776839743000
1776839745.254,45.254,0.39,0.4,0.6,0.61,0.01,0.01,77925.11,1776839743000
1776839745.632,45.632,0.39,0.4,0.6,0.61,0.01,0.01,77925.1,1776839744000
1776839745.984,45.984,0.39,0.4,0.6,0.61,0.01,0.01,77925.1,1776839744000
1776839746.346,46.346,0.39,0.4,0.6,0.61,0.01,0.01,77925.1,1776839744000
1776839746.951,46.951,0.39,0.4,0.6,0.61,0.01,0.01,77925.12,1776839745000
1776839747.566,47.566,0.39,0.4,0.6,0.61,0.01,0.01,77925.12,1776839746000
1776839748.084,48.084,0.39,0.4,0.6,0.61,0.01,0.01,77925.46,1776839747000
1776839748.637,48.637,0.39,0.4,0.6,0.61,0.01,0.01,77925.46,1776839747000
1776839749.062,49.062,0.39,0.4,0.6,0.61,0.01,0.01,77925.46,1776839747000
1776839750.38,50.38,0.39,0.4,0.6,0.61,0.01,0.01,77924.98,1776839749000
1776839750.956,50.956,0.39,0.4,0.6,0.61,0.01,0.01,77925.3,1776839750000
1776839751.303,51.303,0.39,0.4,0.6,0.61,0.01,0.01,77925.3,1776839750000
1776839751.761,51.761,0.39,0.41,0.6,0.61,0.02,0.01,77925.3,1776839750000
1776839752.133,52.133,0.46,0.5,0.51,0.57,0.04,0.06,77925.3,1776839750000
1776839752.568,52.568,0.48,0.49,0.5,0.52,0.01,0.02,77939.26,1776839751000
1776839752.94,52.94,0.49,0.5,0.5,0.51,0.01,0.01,77939.26,1776839751000
1776839753.531,53.531,0.49,0.51,0.5,0.51,0.02,0.01,77939.27,1776839752000
1776839753.897,53.897,0.5,0.51,0.48,0.5,0.01,0.02,77939.27,1776839752000
1776839754.314,54.314,0.52,0.53,0.47,0.48,0.01,0.01,77940.27,1776839753000
1776839754.963,54.963,0.52,0.53,0.47,0.48,0.01,0.01,77940.27,1776839753000
1776839755.336,55.336,0.52,0.53,0.47,0.48,0.01,0.01,77940.27,1776839753000
1776839755.67,55.67,0.52,0.53,0.47,0.48,0.01,0.01,77940.27,1776839753000
1776839756.017,56.017,0.52,0.53,0.47,0.48,0.01,0.01,77944.6,1776839754000
1776839756.468,56.468,0.53,0.54,0.46,0.48,0.01,0.02,77944.35,1776839755000
1776839757.178,57.178,0.53,0.54,0.46,0.47,0.01,0.01,77944.35,1776839755000
1776839757.644,57.644,0.53,0.54,0.46,0.47,0.01,0.01,77944.6,1776839756000
1776839758.066,58.066,0.53,0.54,0.46,0.47,0.01,0.01,77944.85,1776839757000
1776839758.783,58.783,0.53,0.54,0.46,0.47,0.01,0.01,77944.85,1776839757000
1776839759.127,59.127,0.53,0.55,0.46,0.47,0.02,0.01,77944.85,1776839757000
1776839759.473,59.473,0.56,0.57,0.43,0.44,0.01,0.01,77944.85,1776839757000
1776839759.883,59.883,0.56,0.57,0.43,0.44,0.01,0.01,77944.75,1776839758000
1776839760.315,60.315,0.56,0.57,0.43,0.44,0.01,0.01,77944.75,1776839758000
1776839760.656,60.656,0.56,0.57,0.43,0.44,0.01,0.01,77945.02,1776839759000
1776839761.02,61.02,0.56,0.57,0.43,0.44,0.01,0.01,77945.02,1776839759000
1776839761.355,61.355,0.56,0.57,0.43,0.44,0.01,0.01,77945.02,1776839759000
1776839761.804,61.804,0.56,0.57,0.43,0.44,0.01,0.01,77948.77,1776839760000
1776839762.176,62.176,0.56,0.57,0.43,0.44,0.01,0.01,77950.75,1776839761000
1776839762.591,62.591,0.56,0.57,0.43,0.44,0.01,0.01,77950.75,1776839761000
1776839763.055,63.055,0.56,0.57,0.43,0.44,0.01,0.01,77950.75,1776839761000
1776839763.505,63.505,0.55,0.57,0.43,0.45,0.02,0.02,77951.35,1776839762000
1776839763.966,63.966,0.56,0.57,0.43,0.45,0.01,0.02,77951.35,1776839762000
1776839764.331,64.331,0.56,0.57,0.43,0.44,0.01,0.01,77951.35,1776839762000
1776839764.677,64.677,0.55,0.56,0.44,0.45,0.01,0.01,77951.33,1776839763000
1776839765.129,65.129,0.55,0.56,0.44,0.45,0.01,0.01,77951.04,1776839764000
1776839765.556,65.556,0.55,0.56,0.44,0.45,0.01,0.01,77951.04,1776839764000
1776839765.977,65.977,0.55,0.56,0.44,0.45,0.01,0.01,77951.04,1776839764000
1776839766.469,66.469,0.55,0.56,0.44,0.45,0.01,0.01,77952.05,1776839765000
1776839767.035,67.035,0.55,0.56,0.44,0.45,0.01,0.01,77952.05,1776839765000
1776839767.372,67.372,0.55,0.56,0.44,0.45,0.01,0.01,77951.04,1776839766000
1776839768.351,68.351,0.55,0.56,0.44,0.45,0.01,0.01,77951.03,1776839767000
1776839768.695,68.695,0.55,0.56,0.44,0.45,0.01,0.01,77951.03,1776839767000
1776839769.114,69.114,0.56,0.57,0.43,0.45,0.01,0.02,77951.03,1776839767000
1776839769.667,69.667,0.58,0.59,0.41,0.42,0.01,0.01,77951.03,1776839768000
1776839770.134,70.134,0.58,0.59,0.41,0.42,0.01,0.01,77951.03,1776839768000
1776839770.482,70.482,0.58,0.59,0.41,0.42,0.01,0.01,77952.06,1776839769000
1776839770.951,70.951,0.58,0.59,0.41,0.42,0.01,0.01,77952.06,1776839769000
1776839771.408,71.408,0.58,0.59,0.41,0.42,0.01,0.01,77953.71,1776839770000
1776839771.839,71.839,0.55,0.58,0.41,0.43,0.03,0.02,77953.71,1776839770000
1776839772.218,72.218,0.55,0.56,0.44,0.45,0.01,0.01,77953.71,1776839770000
1776839772.595,72.595,0.55,0.56,0.44,0.45,0.01,0.01,77953.71,1776839770000
1776839772.929,72.929,0.49,0.56,0.44,0.51,0.07,0.07,77953.81,1776839771000
1776839773.263,73.263,0.49,0.5,0.5,0.51,0.01,0.01,77953.81,1776839771000
1776839773.653,73.653,0.49,0.5,0.5,0.51,0.01,0.01,77953.81,1776839771000
1776839774.056,74.056,0.49,0.5,0.5,0.51,0.01,0.01,77954.04,1776839772000
1776839774.529,74.529,0.5,0.51,0.49,0.5,0.01,0.01,77954.04,1776839772000
1776839774.926,74.926,0.5,0.51,0.49,0.5,0.01,0.01,77954.03,1776839773000
1776839775.298,75.298,0.5,0.51,0.49,0.5,0.01,0.01,77954.03,1776839773000
1776839775.671,75.671,0.5,0.51,0.49,0.5,0.01,0.01,77948.81,1776839774000
1776839776.012,76.012,0.5,0.51,0.49,0.5,0.01,0.01,77948.81,1776839774000
1776839776.82,76.82,0.5,0.51,0.49,0.5,0.01,0.01,77945.25,1776839775000
1776839777.496,77.496,0.5,0.51,0.49,0.5,0.01,0.01,77945.25,1776839775000
1776839778.356,78.356,0.5,0.51,0.49,0.5,0.01,0.01,77946.21,1776839776000
1776839779.083,79.083,0.5,0.51,0.49,0.5,0.01,0.01,77945.89,1776839778000
1776839779.997,79.997,0.5,0.51,0.49,0.5,0.01,0.01,77945.28,1776839779000
1776839780.623,80.623,0.5,0.51,0.49,0.5,0.01,0.01,77945.28,1776839779000
1776839781.221,81.221,0.5,0.51,0.49,0.5,0.01,0.01,77945.55,1776839780000
1776839782.016,82.016,0.5,0.51,0.49,0.5,0.01,0.01,77945.35,1776839781000
1776839782.853,82.853,0.5,0.51,0.49,0.5,0.01,0.01,77945.35,1776839781000
1776839783.408,83.408,0.49,0.5,0.5,0.51,0.01,0.01,77945.04,1776839782000
1776839783.846,83.846,0.49,0.5,0.5,0.51,0.01,0.01,77945.04,1776839782000
1776839784.249,84.249,0.42,0.43,0.57,0.58,0.01,0.01,77944.7,1776839783000
1776839784.666,84.666,0.42,0.43,0.57,0.58,0.01,0.01,77944.7,1776839783000
1776839785.184,85.184,0.42,0.43,0.57,0.58,0.01,0.01,77944.7,1776839783000
1776839785.814,85.814,0.42,0.43,0.57,0.58,0.01,0.01,77940.55,1776839784000
1776839786.183,86.183,0.42,0.43,0.57,0.58,0.01,0.01,77940.55,1776839784000
1776839786.541,86.541,0.43,0.44,0.56,0.58,0.01,0.02,77936.96,1776839785000
1776839787.042,87.042,0.46,0.47,0.53,0.54,0.01,0.01,77936.96,1776839785000
1776839787.423,87.423,0.46,0.47,0.53,0.54,0.01,0.01,77936.96,1776839785000
1776839787.818,87.818,0.46,0.47,0.53,0.54,0.01,0.01,77935.77,1776839786000
1776839788.305,88.305,0.46,0.47,0.53,0.54,0.01,0.01,77935.77,1776839786000
1776839788.731,88.731,0.46,0.47,0.53,0.54,0.01,0.01,77935.81,1776839787000
1776839789.103,89.103,0.45,0.46,0.54,0.55,0.01,0.01,77935.81,1776839787000
1776839789.705,89.705,0.41,0.42,0.57,0.59,0.01,0.02,77937.46,1776839788000
1776839790.093,90.093,0.41,0.42,0.58,0.59,0.01,0.01,77937.46,1776839788000
1776839790.439,90.439,0.39,0.4,0.58,0.61,0.01,0.03,77937.46,1776839788000
1776839790.778,90.778,0.39,0.4,0.6,0.61,0.01,0.01,77937.43,1776839789000
1776839791.117,91.117,0.39,0.4,0.6,0.61,0.01,0.01,77936.74,1776839790000
1776839791.498,91.498,0.39,0.4,0.6,0.61,0.01,0.01,77936.74,1776839790000
1776839792.053,92.053,0.39,0.4,0.6,0.61,0.01,0.01,77936.74,1776839790000
1776839792.62,92.62,0.39,0.4,0.6,0.61,0.01,0.01,77936.74,1776839790000
1776839792.97,92.97,0.39,0.41,0.6,0.61,0.02,0.01,77936.74,1776839790000
1776839793.39,93.39,0.4,0.41,0.59,0.61,0.01,0.02,77931.37,1776839792000
1776839793.903,93.903,0.4,0.41,0.59,0.6,0.01,0.01,77931.37,1776839792000
1776839794.561,94.561,0.4,0.41,0.59,0.6,0.01,0.01,77931.45,1776839793000
1776839795.016,95.016,0.4,0.41,0.59,0.6,0.01,0.01,77931.21,1776839794000
1776839795.464,95.464,0.4,0.41,0.59,0.6,0.01,0.01,77931.21,1776839794000
1776839795.857,95.857,0.46,0.47,0.54,0.56,0.01,0.02,77931.21,1776839794000
1776839796.198,96.198,0.46,0.47,0.53,0.54,0.01,0.01,77931.79,1776839795000
1776839796.642,96.642,0.46,0.47,0.53,0.54,0.01,0.01,77931.79,1776839795000
1776839797.163,97.163,0.47,0.48,0.52,0.53,0.01,0.01,77931.79,1776839795000
1776839797.531,97.531,0.47,0.48,0.52,0.53,0.01,0.01,77931.36,1776839796000
1776839797.917,97.917,0.51,0.52,0.48,0.49,0.01,0.01,77931.36,1776839796000
1776839798.758,98.758,0.52,0.53,0.48,0.49,0.01,0.01,77938.08,1776839797000
1776839799.351,99.351,0.53,0.54,0.46,0.47,0.01,0.01,77938.08,1776839797000
1776839800.112,100.112,0.53,0.54,0.46,0.47,0.01,0.01,77941.21,1776839798000
1776839800.685,100.685,0.53,0.55,0.46,0.47,0.02,0.01,77941.75,1776839799000
1776839801.056,101.056,0.58,0.59,0.41,0.42,0.01,0.01,77941.75,1776839799000
1776839801.534,101.534,0.58,0.59,0.41,0.42,0.01,0.01,77947.43,1776839800000
1776839801.912,101.912,0.58,0.59,0.41,0.42,0.01,0.01,77947.43,1776839800000
1776839802.27,102.27,0.58,0.59,0.41,0.42,0.01,0.01,77950.92,1776839801000
1776839802.756,102.756,0.56,0.57,0.42,0.44,0.01,0.02,77950.92,1776839801000
1776839803.133,103.133,0.56,0.58,0.43,0.44,0.02,0.01,77951.13,1776839802000
1776839803.491,103.491,0.56,0.57,0.43,0.44,0.01,0.01,77951.13,1776839802000
1776839804.025,104.025,0.56,0.57,0.43,0.44,0.01,0.01,77951.13,1776839802000
1776839804.475,104.475,0.56,0.57,0.43,0.44,0.01,0.01,77951.42,1776839803000
1776839804.904,104.904,0.56,0.57,0.43,0.44,0.01,0.01,77951.42,1776839803000
1776839805.353,105.353,0.56,0.57,0.43,0.44,0.01,0.01,77951.59,1776839804000
1776839805.696,105.696,0.56,0.57,0.43,0.44,0.01,0.01,77951.59,1776839804000
1776839806.042,106.042,0.56,0.57,0.43,0.44,0.01,0.01,77951.59,1776839804000
1776839806.399,106.399,0.56,0.57,0.43,0.44,0.01,0.01,77951.59,1776839804000
1776839806.927,106.927,0.56,0.57,0.43,0.44,0.01,0.01,77951.59,1776839805000
1776839807.312,107.312,0.56,0.57,0.43,0.44,0.01,0.01,77952.87,1776839806000
1776839807.988,107.988,0.55,0.56,0.44,0.45,0.01,0.01,77952.87,1776839806000
1776839808.33,108.33,0.55,0.56,0.44,0.45,0.01,0.01,77952.04,1776839807000
1776839809.244,109.244,0.55,0.56,0.44,0.45,0.01,0.01,77951.12,1776839808000
1776839809.682,109.682,0.55,0.56,0.44,0.45,0.01,0.01,77951.12,1776839808000
1776839810.099,110.099,0.55,0.56,0.44,0.45,0.01,0.01,77951.12,1776839808000
1776839810.486,110.486,0.54,0.56,0.44,0.46,0.02,0.02,77952.05,1776839809000
1776839811.253,111.253,0.54,0.55,0.45,0.46,0.01,0.01,77952.3,1776839810000
1776839812.171,112.171,0.54,0.55,0.45,0.46,0.01,0.01,77950.82,1776839811000
1776839812.77,112.77,0.53,0.55,0.45,0.46,0.02,0.01,77950.82,1776839811000
1776839813.121,113.121,0.5,0.52,0.48,0.5,0.02,0.02,77947.88,1776839812000
1776839813.483,113.483,0.51,0.52,0.48,0.5,0.01,0.02,77947.88,1776839812000
1776839814.077,114.077,0.5,0.52,0.48,0.5,0.02,0.02,77946.87,1776839813000
1776839814.665,114.665,0.5,0.51,0.49,0.5,0.01,0.01,77946.87,1776839813000
1776839815.014,115.014,0.5,0.51,0.49,0.5,0.01,0.01,77945.62,1776839814000
1776839815.636,115.636,0.49,0.51,0.49,0.5,0.02,0.01,77945.62,1776839814000
1776839815.981,115.981,0.5,0.51,0.49,0.5,0.01,0.01,77945.62,1776839814000
1776839816.804,116.804,0.5,0.51,0.49,0.5,0.01,0.01,77944.55,1776839815000
1776839818.147,118.147,0.5,0.51,0.49,0.5,0.01,0.01,77944.99,1776839817000
1776839818.521,118.521,0.5,0.51,0.49,0.5,0.01,0.01,77944.99,1776839817000
1776839819.119,119.119,0.5,0.51,0.49,0.5,0.01,0.01,77944.99,1776839818000
1776839819.726,119.726,0.49,0.5,0.5,0.51,0.01,0.01,77944.99,1776839818000
1776839820.84,120.84,0.49,0.5,0.5,0.51,0.01,0.01,77944.99,1776839819000
1776839821.63,121.63,0.49,0.5,0.5,0.51,0.01,0.01,77945.32,1776839820000
1776839822.104,122.104,0.49,0.52,0.48,0.51,0.03,0.03,77945.32,1776839820000
1776839822.458,122.458,0.54,0.56,0.44,0.46,0.02,0.02,77945.82,1776839821000
1776839822.797,122.797,0.54,0.57,0.44,0.46,0.03,0.02,77945.82,1776839821000
1776839823.227,123.227,0.54,0.56,0.44,0.46,0.02,0.02,77948.88,1776839822000
1776839823.885,123.885,0.57,0.59,0.42,0.45,0.02,0.03,77948.88,1776839822000
1776839824.265,124.265,0.49,0.5,0.5,0.51,0.01,0.01,77956.55,1776839823000
1776839824.878,124.878,0.49,0.5,0.5,0.51,0.01,0.01,77956.55,1776839823000
1776839825.235,125.235,0.49,0.56,0.44,0.51,0.07,0.07,77957.18,1776839824000
1776839825.605,125.605,0.52,0.53,0.47,0.48,0.01,0.01,77957.18,1776839824000
1776839825.946,125.946,0.52,0.53,0.47,0.48,0.01,0.01,77956.98,1776839825000
1776839826.623,126.623,0.52,0.53,0.47,0.48,0.01,0.01,77956.98,1776839825000
1776839826.976,126.976,0.49,0.53,0.47,0.51,0.04,0.04,77957.39,1776839826000
1776839827.661,127.661,0.5,0.51,0.47,0.52,0.01,0.05,77957.39,1776839826000
1776839828.88,128.88,0.5,0.51,0.49,0.5,0.01,0.01,77950.23,1776839828000
1776839829.477,129.477,0.5,0.51,0.49,0.5,0.01,0.01,77950.23,1776839828000
1776839829.976,129.976,0.5,0.54,0.49,0.5,0.04,0.01,77950.23,1776839828000
1776839830.361,130.361,0.5,0.53,0.47,0.5,0.03,0.03,77948.73,1776839829000
1776839830.744,130.744,0.5,0.51,0.49,0.5,0.01,0.01,77948.73,1776839829000
1776839831.254,131.254,0.5,0.51,0.49,0.5,0.01,0.01,77948.73,1776839830000
1776839831.588,131.588,0.5,0.51,0.49,0.5,0.01,0.01,77948.73,1776839830000
1776839831.971,131.971,0.48,0.49,0.51,0.52,0.01,0.01,77948.73,1776839830000
1776839832.502,132.502,0.48,0.49,0.51,0.52,0.01,0.01,77948.73,1776839830000
1776839832.871,132.871,0.47,0.48,0.52,0.53,0.01,0.01,77948.72,1776839831000
1776839833.218,133.218,0.47,0.48,0.52,0.53,0.01,0.01,77948.72,1776839832000
1776839833.556,133.556,0.47,0.48,0.52,0.53,0.01,0.01,77948.72,1776839832000
1776839834.053,134.053,0.47,0.48,0.52,0.53,0.01,0.01,77948.72,1776839832000
1776839834.908,134.908,0.47,0.49,0.52,0.53,0.02,0.01,77946.69,1776839833000
1776839835.252,135.252,0.49,0.5,0.5,0.53,0.01,0.03,77946.69,1776839833000
1776839835.659,135.659,0.5,0.51,0.5,0.51,0.01,0.01,77945.65,1776839834000
1776839836.56,136.56,0.5,0.51,0.48,0.5,0.01,0.02,77944.59,1776839835000
1776839836.927,136.927,0.5,0.51,0.49,0.5,0.01,0.01,77945.07,1776839836000
1776839837.318,137.318,0.5,0.51,0.49,0.5,0.01,0.01,77945.07,1776839836000
1776839837.949,137.949,0.5,0.51,0.49,0.5,0.01,0.01,77944.98,1776839837000
1776839838.341,138.341,0.5,0.51,0.49,0.5,0.01,0.01,77944.98,1776839837000
1776839839.056,139.056,0.5,0.51,0.49,0.5,0.01,0.01,77944.98,1776839837000
1776839839.528,139.528,0.5,0.51,0.49,0.5,0.01,0.01,77946.91,1776839838000
1776839840.158,140.158,0.5,0.51,0.49,0.5,0.01,0.01,77943.88,1776839839000
1776839841.246,141.246,0.5,0.51,0.49,0.5,0.01,0.01,77943.88,1776839839000
1776839841.722,141.722,0.5,0.51,0.49,0.5,0.01,0.01,77943.61,1776839840000
1776839842.257,142.257,0.5,0.51,0.49,0.5,0.01,0.01,77944.4,1776839841000
1776839843.168,143.168,0.5,0.51,0.49,0.5,0.01,0.01,77944.4,1776839841000
1776839843.617,143.617,0.51,0.53,0.48,0.5,0.02,0.02,77946.82,1776839842000
1776839844.215,144.215,0.52,0.53,0.47,0.48,0.01,0.01,77946.82,1776839842000
1776839844.927,144.927,0.52,0.53,0.47,0.48,0.01,0.01,77946.84,1776839844000
1776839846.679,146.679,0.52,0.53,0.47,0.48,0.01,0.01,77944.22,1776839845000
1776839847.151,147.151,0.52,0.54,0.47,0.48,0.02,0.01,77944.22,1776839845000
1776839847.78,147.78,0.52,0.54,0.46,0.48,0.02,0.02,77944.55,1776839846000
1776839848.489,148.489,0.53,0.54,0.46,0.47,0.01,0.01,77945.75,1776839847000
1776839849.069,149.069,0.53,0.54,0.46,0.47,0.01,0.01,77945.75,1776839847000
1776839849.539,149.539,0.53,0.54,0.46,0.47,0.01,0.01,77944.48,1776839848000
1776839849.997,149.997,0.53,0.54,0.46,0.47,0.01,0.01,77944.4,1776839849000
1776839850.348,150.348,0.53,0.54,0.46,0.48,0.01,0.02,77944.4,1776839849000
1776839850.799,150.799,0.48,0.49,0.51,0.52,0.01,0.01,77944.4,1776839849000
1776839851.155,151.155,0.48,0.49,0.51,0.52,0.01,0.01,77944.4,1776839849000
1776839851.52,151.52,0.48,0.49,0.51,0.52,0.01,0.01,77944.04,1776839850000
1776839852.088,152.088,0.48,0.49,0.51,0.52,0.01,0.01,77944.04,1776839850000
1776839852.483,152.483,0.48,0.49,0.51,0.52,0.01,0.01,77943.53,1776839851000
1776839852.891,152.891,0.47,0.48,0.52,0.53,0.01,0.01,77943.53,1776839851000
1776839853.26,153.26,0.47,0.48,0.52,0.53,0.01,0.01,77943.53,1776839851000
1776839853.652,153.652,0.47,0.48,0.52,0.53,0.01,0.01,77940.21,1776839852000
1776839854.074,154.074,0.45,0.47,0.52,0.58,0.02,0.06,77940.21,1776839852000
1776839854.539,154.539,0.4,0.41,0.59,0.6,0.01,0.01,77940.21,1776839853000
1776839854.896,154.896,0.4,0.41,0.59,0.6,0.01,0.01,77940.21,1776839853000
1776839855.384,155.384,0.4,0.41,0.59,0.6,0.01,0.01,77940.21,1776839853000
1776839855.746,155.746,0.4,0.41,0.59,0.6,0.01,0.01,77940.21,1776839853000
1776839856.139,156.139,0.4,0.41,0.59,0.6,0.01,0.01,77936.23,1776839854000
1776839856.56,156.56,0.4,0.41,0.59,0.6,0.01,0.01,77936.23,1776839854000
1776839857.095,157.095,0.4,0.41,0.59,0.6,0.01,0.01,77932.45,1776839855000
1776839857.481,157.481,0.4,0.41,0.59,0.6,0.01,0.01,77932.17,1776839856000
1776839858.273,158.273,0.4,0.41,0.59,0.6,0.01,0.01,77932.17,1776839856000
1776839858.611,158.611,0.4,0.41,0.59,0.6,0.01,0.01,77928.52,1776839857000
1776839858.963,158.963,0.4,0.41,0.59,0.6,0.01,0.01,77928.52,1776839857000
1776839859.324,159.324,0.4,0.41,0.59,0.6,0.01,0.01,77927.16,1776839858000
1776839859.78,159.78,0.4,0.41,0.59,0.6,0.01,0.01,77927.16,1776839858000
1776839860.625,160.625,0.4,0.41,0.59,0.6,0.01,0.01,77927.16,1776839858000
1776839860.973,160.973,0.38,0.4,0.59,0.61,0.02,0.02,77926.52,1776839859000
1776839861.348,161.348,0.35,0.36,0.6,0.67,0.01,0.07,77926.52,1776839859000
1776839861.766,161.766,0.34,0.35,0.64,0.65,0.01,0.01,77926.19,1776839860000
1776839862.302,162.302,0.33,0.35,0.65,0.66,0.02,0.01,77926.19,1776839860000
1776839863.183,163.183,0.33,0.35,0.65,0.67,0.02,0.02,77921.69,1776839862000
1776839864.389,164.389,0.33,0.34,0.65,0.67,0.01,0.02,77921.69,1776839862000
1776839864.765,164.765,0.33,0.34,0.66,0.67,0.01,0.01,77921.16,1776839863000
1776839865.226,165.226,0.33,0.34,0.66,0.67,0.01,0.01,77921.16,1776839863000
1776839865.579,165.579,0.31,0.34,0.66,0.69,0.03,0.03,77917.47,1776839864000
1776839865.914,165.914,0.3,0.34,0.66,0.69,0.04,0.03,77917.47,1776839864000
1776839866.365,166.365,0.3,0.34,0.66,0.67,0.04,0.01,77917.47,1776839864000
1776839866.75,166.75,0.31,0.33,0.67,0.69,0.02,0.02,77916.56,1776839865000
1776839867.125,167.125,0.32,0.33,0.67,0.68,0.01,0.01,77916.56,1776839865000
1776839867.462,167.462,0.32,0.33,0.67,0.68,0.01,0.01,77916.71,1776839866000
1776839868.064,168.064,0.32,0.33,0.67,0.68,0.01,0.01,77916.71,1776839866000
1776839868.442,168.442,0.32,0.33,0.67,0.68,0.01,0.01,77916.94,1776839867000
1776839868.912,168.912,0.32,0.33,0.67,0.68,0.01,0.01,77916.94,1776839867000
1776839869.319,169.319,0.32,0.33,0.67,0.68,0.01,0.01,77916.94,1776839868000
1776839869.767,169.767,0.32,0.33,0.67,0.68,0.01,0.01,77916.94,1776839868000
1776839870.304,170.304,0.32,0.33,0.67,0.68,0.01,0.01,77916.94,1776839868000
1776839870.653,170.653,0.32,0.33,0.67,0.68,0.01,0.01,77916.94,1776839869000
1776839871.665,171.665,0.31,0.33,0.67,0.69,0.02,0.02,77916.95,1776839870000
1776839872.362,172.362,0.31,0.32,0.67,0.69,0.01,0.02,77916.95,1776839870000
1776839873.099,173.099,0.31,0.32,0.68,0.69,0.01,0.01,77917.54,1776839871000
1776839873.516,173.516,0.31,0.32,0.68,0.69,0.01,0.01,77917.42,1776839872000
1776839873.863,173.863,0.31,0.32,0.68,0.69,0.01,0.01,77917.42,1776839872000
1776839874.313,174.313,0.31,0.32,0.68,0.69,0.01,0.01,77917.42,1776839872000
1776839874.661,174.661,0.36,0.37,0.63,0.64,0.01,0.01,77917.42,1776839872000
1776839875.069,175.069,0.35,0.36,0.64,0.65,0.01,0.01,77922.85,1776839873000
1776839875.536,175.536,0.34,0.36,0.64,0.66,0.02,0.02,77922.85,1776839873000
1776839876.001,176.001,0.34,0.35,0.65,0.66,0.01,0.01,77923.63,1776839874000
1776839876.339,176.339,0.34,0.35,0.65,0.66,0.01,0.01,77924.52,1776839875000
1776839876.79,176.79,0.34,0.35,0.65,0.66,0.01,0.01,77924.52,1776839875000
1776839877.177,177.177,0.34,0.35,0.65,0.66,0.01,0.01,77924.52,1776839875000
1776839877.62,177.62,0.34,0.35,0.65,0.66,0.01,0.01,77924.52,1776839875000
1776839877.991,177.991,0.34,0.35,0.65,0.66,0.01,0.01,77927.92,1776839876000
1776839878.437,178.437,0.33,0.34,0.65,0.66,0.01,0.01,77924.36,1776839877000
1776839879.015,179.015,0.33,0.34,0.66,0.67,0.01,0.01,77924.36,1776839877000
1776839879.524,179.524,0.33,0.34,0.66,0.67,0.01,0.01,77924.36,1776839877000
1776839879.976,179.976,0.33,0.34,0.66,0.67,0.01,0.01,77927.43,1776839878000
1776839880.542,180.542,0.33,0.34,0.66,0.67,0.01,0.01,77924.41,1776839879000
1776839881.033,181.033,0.33,0.34,0.66,0.67,0.01,0.01,77924.41,1776839879000
1776839881.623,181.623,0.32,0.33,0.66,0.68,0.01,0.02,77921.58,1776839880000
1776839882.32,182.32,0.32,0.33,0.67,0.68,0.01,0.01,77921.58,1776839880000
1776839882.932,182.932,0.31,0.32,0.67,0.69,0.01,0.02,77921.23,1776839881000
1776839883.277,183.277,0.31,0.32,0.68,0.69,0.01,0.01,77921.09,1776839882000
1776839883.65,183.65,0.31,0.32,0.68,0.69,0.01,0.01,77921.09,1776839882000
1776839884.384,184.384,0.31,0.32,0.68,0.69,0.01,0.01,77921.09,1776839882000
1776839884.842,184.842,0.31,0.32,0.68,0.69,0.01,0.01,77921.09,1776839882000
1776839885.196,185.196,0.31,0.32,0.68,0.69,0.01,0.01,77920.14,1776839884000
1776839885.817,185.817,0.31,0.32,0.68,0.7,0.01,0.02,77920.14,1776839884000
1776839886.178,186.178,0.3,0.31,0.69,0.7,0.01,0.01,77920.16,1776839885000
1776839886.572,186.572,0.3,0.31,0.69,0.7,0.01,0.01,77920.16,1776839885000
1776839887.159,187.159,0.3,0.31,0.69,0.7,0.01,0.01,77920.1,1776839886000
1776839887.541,187.541,0.3,0.31,0.69,0.7,0.01,0.01,77920.1,1776839886000
1776839888.085,188.085,0.3,0.31,0.69,0.7,0.01,0.01,77920.1,1776839886000
1776839888.433,188.433,0.3,0.31,0.69,0.7,0.01,0.01,77920.1,1776839886000
1776839888.913,188.913,0.3,0.31,0.69,0.7,0.01,0.01,77919.63,1776839887000
1776839889.329,189.329,0.3,0.31,0.69,0.7,0.01,0.01,77919.63,1776839887000
1776839889.826,189.826,0.3,0.31,0.69,0.7,0.01,0.01,77919.64,1776839888000
1776839890.162,190.162,0.3,0.31,0.69,0.7,0.01,0.01,77919.59,1776839889000
1776839890.51,190.51,0.27,0.28,0.72,0.73,0.01,0.01,77919.59,1776839889000
1776839890.869,190.869,0.27,0.28,0.72,0.73,0.01,0.01,77919.59,1776839889000
1776839891.294,191.294,0.27,0.28,0.72,0.73,0.01,0.01,77919.88,1776839890000
1776839891.711,191.711,0.27,0.28,0.72,0.73,0.01,0.01,77919.88,1776839890000
1776839892.061,192.061,0.27,0.28,0.72,0.73,0.01,0.01,77919.88,1776839890000
1776839892.46,192.46,0.27,0.28,0.72,0.73,0.01,0.01,77919.86,1776839891000
1776839892.843,192.843,0.26,0.28,0.72,0.73,0.02,0.01,77919.86,1776839891000
1776839893.21,193.21,0.26,0.27,0.73,0.74,0.01,0.01,77919.74,1776839892000
1776839893.591,193.591,0.26,0.27,0.73,0.74,0.01,0.01,77919.74,1776839892000
1776839894.1,194.1,0.26,0.28,0.73,0.74,0.02,0.01,77919.74,1776839892000
1776839894.439,194.439,0.32,0.33,0.67,0.68,0.01,0.01,77919.69,1776839893000
1776839894.885,194.885,0.32,0.33,0.67,0.68,0.01,0.01,77919.69,1776839893000
1776839895.25,195.25,0.32,0.33,0.67,0.68,0.01,0.01,77919.34,1776839894000
1776839895.842,195.842,0.31,0.32,0.68,0.69,0.01,0.01,77919.34,1776839894000
1776839896.221,196.221,0.31,0.32,0.68,0.69,0.01,0.01,77920.4,1776839895000
1776839897.099,197.099,0.3,0.32,0.68,0.69,0.02,0.01,77920.4,1776839895000
1776839897.463,197.463,0.3,0.32,0.68,0.7,0.02,0.02,77920.48,1776839896000
1776839897.856,197.856,0.3,0.31,0.68,0.7,0.01,0.02,77920.48,1776839896000
1776839898.215,198.215,0.29,0.31,0.69,0.7,0.02,0.01,77920.48,1776839896000
1776839899.084,199.084,0.29,0.31,0.69,0.71,0.02,0.02,77920.34,1776839898000
1776839899.503,199.503,0.29,0.3,0.7,0.71,0.01,0.01,77920.34,1776839898000
1776839900.113,200.113,0.29,0.3,0.7,0.71,0.01,0.01,77920.34,1776839898000
1776839900.584,200.584,0.29,0.3,0.7,0.71,0.01,0.01,77920.34,1776839898000
1776839901.165,201.165,0.24,0.26,0.71,0.75,0.02,0.04,77920.16,1776839899000
1776839901.499,201.499,0.22,0.23,0.77,0.79,0.01,0.02,77920.16,1776839900000
1776839901.862,201.862,0.22,0.23,0.77,0.78,0.01,0.01,77920.16,1776839900000
1776839902.241,202.241,0.21,0.22,0.78,0.79,0.01,0.01,77920.16,1776839900000
1776839902.8,202.8,0.21,0.22,0.78,0.79,0.01,0.01,77919.09,1776839901000
1776839903.138,203.138,0.21,0.22,0.78,0.79,0.01,0.01,77918.44,1776839902000
1776839904.13,204.13,0.21,0.22,0.78,0.79,0.01,0.01,77918.44,1776839902000
1776839904.469,204.469,0.2,0.21,0.79,0.8,0.01,0.01,77914.79,1776839903000
1776839904.818,204.818,0.19,0.21,0.79,0.8,0.02,0.01,77914.79,1776839903000
1776839905.356,205.356,0.19,0.21,0.79,0.81,0.02,0.02,77912.94,1776839904000
1776839905.879,205.879,0.2,0.21,0.79,0.81,0.01,0.02,77912.94,1776839904000
1776839906.233,206.233,0.19,0.2,0.8,0.81,0.01,0.01,77910.47,1776839905000
1776839906.788,206.788,0.19,0.2,0.8,0.81,0.01,0.01,77910.47,1776839905000
1776839907.136,207.136,0.19,0.2,0.8,0.81,0.01,0.01,77910.14,1776839906000
1776839907.591,207.591,0.19,0.2,0.8,0.81,0.01,0.01,77910.14,1776839906000
1776839907.97,207.97,0.19,0.2,0.8,0.81,0.01,0.01,77910.14,1776839906000
1776839908.403,208.403,0.16,0.19,0.81,0.84,0.03,0.03,77910.09,1776839907000
1776839908.812,208.812,0.15,0.18,0.8,0.86,0.03,0.06,77910.09,1776839907000
1776839909.182,209.182,0.16,0.17,0.83,0.84,0.01,0.01,77910.09,1776839907000
1776839909.559,209.559,0.16,0.17,0.83,0.84,0.01,0.01,77910.01,1776839908000
1776839910.146,210.146,0.15,0.16,0.83,0.85,0.01,0.02,77910.01,1776839908000
1776839910.5,210.5,0.15,0.16,0.84,0.85,0.01,0.01,77906.37,1776839909000
1776839910.982,210.982,0.15,0.16,0.84,0.85,0.01,0.01,77906.37,1776839909000
1776839911.542,211.542,0.15,0.16,0.84,0.85,0.01,0.01,77905.19,1776839910000
1776839912.221,212.221,0.15,0.16,0.84,0.85,0.01,0.01,77904.78,1776839911000
1776839912.863,212.863,0.15,0.16,0.84,0.85,0.01,0.01,77904.78,1776839911000
1776839913.239,213.239,0.15,0.16,0.84,0.85,0.01,0.01,77904.78,1776839911000
1776839913.892,213.892,0.15,0.16,0.84,0.85,0.01,0.01,77905.03,1776839912000
1776839914.277,214.277,0.15,0.16,0.84,0.85,0.01,0.01,77905.01,1776839913000
1776839914.822,214.822,0.15,0.16,0.84,0.85,0.01,0.01,77905.01,1776839913000
1776839915.471,215.471,0.15,0.16,0.84,0.85,0.01,0.01,77905.01,1776839913000
1776839916.109,216.109,0.15,0.16,0.84,0.85,0.01,0.01,77906.69,1776839915000
1776839916.459,216.459,0.14,0.15,0.85,0.86,0.01,0.01,77906.69,1776839915000
1776839916.971,216.971,0.14,0.15,0.85,0.86,0.01,0.01,77906.69,1776839915000
1776839917.45,217.45,0.15,0.16,0.85,0.86,0.01,0.01,77909.32,1776839916000
1776839917.783,217.783,0.19,0.2,0.8,0.81,0.01,0.01,77909.32,1776839916000
1776839918.18,218.18,0.19,0.2,0.8,0.84,0.01,0.04,77909.32,1776839916000
1776839918.563,218.563,0.19,0.2,0.8,0.81,0.01,0.01,77910.04,1776839917000
1776839919.342,219.342,0.18,0.19,0.81,0.82,0.01,0.01,77910.33,1776839918000
1776839919.685,219.685,0.18,0.19,0.81,0.82,0.01,0.01,77910.33,1776839918000
1776839920.027,220.027,0.18,0.19,0.81,0.82,0.01,0.01,77910.33,1776839918000
1776839920.834,220.834,0.18,0.19,0.81,0.82,0.01,0.01,77910.32,1776839920000
1776839921.314,221.314,0.18,0.19,0.81,0.82,0.01,0.01,77910.32,1776839920000
1776839921.872,221.872,0.18,0.19,0.81,0.82,0.01,0.01,77909.33,1776839921000
1776839922.556,222.556,0.16,0.19,0.81,0.82,0.03,0.01,77909.33,1776839921000
1776839922.94,222.94,0.16,0.19,0.81,0.84,0.03,0.03,77910.77,1776839922000
1776839924.026,224.026,0.16,0.17,0.81,0.84,0.01,0.03,77910.77,1776839922000
1776839924.438,224.438,0.16,0.19,0.83,0.84,0.03,0.01,77911.17,1776839923000
1776839925.072,225.072,0.16,0.19,0.81,0.84,0.03,0.03,77910.88,1776839924000
1776839925.657,225.657,0.16,0.19,0.81,0.85,0.03,0.04,77910.88,1776839924000
1776839926.189,226.189,0.15,0.19,0.81,0.85,0.04,0.04,77916.85,1776839925000
1776839926.526,226.526,0.18,0.19,0.81,0.82,0.01,0.01,77916.85,1776839925000
1776839926.927,226.927,0.18,0.19,0.81,0.82,0.01,0.01,77916.85,1776839925000
1776839927.263,227.263,0.18,0.22,0.78,0.82,0.04,0.04,77918.21,1776839926000
1776839927.856,227.856,0.18,0.19,0.75,0.82,0.01,0.07,77918.21,1776839926000
1776839928.217,228.217,0.18,0.19,0.74,0.82,0.01,0.08,77918.21,1776839926000
1776839928.643,228.643,0.23,0.24,0.76,0.78,0.01,0.02,77918.21,1776839926000
1776839929.1,229.1,0.23,0.24,0.76,0.77,0.01,0.01,77920.81,1776839927000
1776839929.531,229.531,0.23,0.24,0.76,0.77,0.01,0.01,77921.83,1776839928000
1776839930.074,230.074,0.23,0.24,0.76,0.77,0.01,0.01,77920.84,1776839929000
1776839930.857,230.857,0.23,0.24,0.76,0.77,0.01,0.01,77920.84,1776839929000
1776839931.323,231.323,0.23,0.26,0.75,0.77,0.03,0.02,77920.84,1776839929000
1776839931.728,231.728,0.23,0.24,0.74,0.77,0.01,0.03,77922.2,1776839930000
1776839932.128,232.128,0.23,0.24,0.76,0.77,0.01,0.01,77923.07,1776839931000
1776839933.052,233.052,0.23,0.24,0.76,0.77,0.01,0.01,77923.07,1776839931000
1776839933.508,233.508,0.23,0.25,0.76,0.77,0.02,0.01,77923.07,1776839931000
1776839934.14,234.14,0.24,0.25,0.75,0.77,0.01,0.02,77930.73,1776839932000
1776839934.734,234.734,0.27,0.35,0.65,0.66,0.08,0.01,77934.29,1776839933000
1776839935.07,235.07,0.27,0.39,0.64,0.73,0.12,0.09,77934.29,1776839933000
1776839935.461,235.461,0.3,0.4,0.6,0.7,0.1,0.1,77934.29,1776839933000
1776839935.878,235.878,0.28,0.42,0.58,0.72,0.14,0.14,77936.46,1776839934000
1776839936.221,236.221,0.28,0.46,0.57,0.72,0.18,0.15,77936.46,1776839935000
1776839936.649,236.649,0.28,0.35,0.54,0.72,0.07,0.18,77936.46,1776839935000
1776839937.004,237.004,0.44,0.48,0.52,0.56,0.04,0.04,77936.46,1776839935000
1776839937.35,237.35,0.44,0.47,0.55,0.56,0.03,0.01,77936.46,1776839935000
1776839937.692,237.692,0.45,0.47,0.54,0.55,0.02,0.01,77936.66,1776839936000
1776839938.066,238.066,0.45,0.46,0.54,0.55,0.01,0.01,77936.66,1776839936000
1776839938.526,238.526,0.45,0.46,0.54,0.55,0.01,0.01,77935.67,1776839937000
1776839938.895,238.895,0.46,0.49,0.51,0.54,0.03,0.03,77935.67,1776839937000
1776839939.234,239.234,0.48,0.49,0.51,0.52,0.01,0.01,77935.67,1776839937000
1776839939.584,239.584,0.48,0.49,0.5,0.52,0.01,0.02,77937.69,1776839938000
1776839939.92,239.92,0.48,0.49,0.51,0.52,0.01,0.01,77937.69,1776839938000
1776839940.288,240.288,0.48,0.49,0.51,0.52,0.01,0.01,77937.69,1776839939000
1776839941.053,241.053,0.49,0.5,0.5,0.52,0.01,0.02,77937.69,1776839939000
1776839941.437,241.437,0.49,0.5,0.5,0.51,0.01,0.01,77937.69,1776839939000
1776839941.809,241.809,0.49,0.5,0.5,0.51,0.01,0.01,77937.89,1776839940000
1776839942.143,242.143,0.49,0.5,0.5,0.51,0.01,0.01,77937.81,1776839941000
1776839943.034,243.034,0.49,0.5,0.5,0.51,0.01,0.01,77937.81,1776839941000
1776839943.419,243.419,0.49,0.5,0.5,0.51,0.01,0.01,77937.81,1776839941000
1776839943.767,243.767,0.49,0.5,0.5,0.51,0.01,0.01,77939.83,1776839942000
1776839944.178,244.178,0.49,0.5,0.5,0.51,0.01,0.01,77939.83,1776839942000
1776839944.878,244.878,0.49,0.5,0.5,0.51,0.01,0.01,77937.81,1776839943000
1776839945.776,245.776,0.49,0.5,0.5,0.51,0.01,0.01,77940.61,1776839944000
1776839946.115,246.115,0.49,0.5,0.5,0.51,0.01,0.01,77940.61,1776839944000
1776839946.491,246.491,0.49,0.5,0.5,0.51,0.01,0.01,77940.94,1776839945000
1776839946.851,246.851,0.49,0.5,0.5,0.51,0.01,0.01,77940.94,1776839945000
1776839947.352,247.352,0.49,0.5,0.5,0.51,0.01,0.01,77940.94,1776839945000
1776839947.82,247.82,0.5,0.51,0.5,0.51,0.01,0.01,77938.23,1776839946000
1776839948.191,248.191,0.58,0.59,0.41,0.43,0.01,0.02,77941.8,1776839947000
1776839948.674,248.674,0.59,0.6,0.4,0.41,0.01,0.01,77941.8,1776839947000
1776839949.103,249.103,0.6,0.61,0.39,0.4,0.01,0.01,77940.42,1776839948000
1776839949.506,249.506,0.6,0.61,0.39,0.4,0.01,0.01,77940.42,1776839948000
1776839949.905,249.905,0.59,0.6,0.39,0.4,0.01,0.01,77940.42,1776839948000
1776839950.249,250.249,0.59,0.6,0.4,0.41,0.01,0.01,77942.36,1776839949000
1776839950.623,250.623,0.59,0.6,0.4,0.41,0.01,0.01,77942.36,1776839949000
1776839951.026,251.026,0.58,0.59,0.4,0.42,0.01,0.02,77942.36,1776839949000
1776839951.386,251.386,0.58,0.59,0.41,0.42,0.01,0.01,77942.36,1776839949000
1776839951.798,251.798,0.58,0.59,0.41,0.42,0.01,0.01,77943.34,1776839950000
1776839952.239,252.239,0.52,0.55,0.44,0.46,0.03,0.02,77943.61,1776839951000
1776839952.641,252.641,0.51,0.52,0.48,0.49,0.01,0.01,77943.61,1776839951000
1776839953.164,253.164,0.51,0.52,0.48,0.49,0.01,0.01,77943.61,1776839951000
1776839953.656,253.656,0.5,0.52,0.48,0.49,0.02,0.01,77943.67,1776839952000
1776839954.002,254.002,0.45,0.46,0.54,0.55,0.01,0.01,77943.67,1776839952000
1776839954.346,254.346,0.43,0.44,0.56,0.57,0.01,0.01,77944.0,1776839953000
1776839954.725,254.725,0.43,0.44,0.56,0.57,0.01,0.01,77944.0,1776839953000
1776839955.068,255.068,0.37,0.39,0.61,0.62,0.02,0.01,77944.0,1776839954000
1776839955.464,255.464,0.37,0.38,0.62,0.63,0.01,0.01,77944.0,1776839954000
1776839955.802,255.802,0.28,0.29,0.71,0.72,0.01,0.01,77944.0,1776839954000
1776839956.138,256.138,0.25,0.27,0.71,0.72,0.02,0.01,77943.92,1776839955000
1776839956.471,256.471,0.23,0.24,0.75,0.77,0.01,0.02,77943.92,1776839955000
1776839956.849,256.849,0.18,0.21,0.78,0.8,0.03,0.02,77943.92,1776839955000
1776839957.199,257.199,0.17,0.18,0.82,0.83,0.01,0.01,77943.92,1776839955000
1776839957.545,257.545,0.17,0.18,0.82,0.83,0.01,0.01,77940.76,1776839956000
1776839957.928,257.928,0.17,0.18,0.82,0.83,0.01,0.01,77940.76,1776839956000
1776839958.444,258.444,0.17,0.18,0.82,0.83,0.01,0.01,77933.97,1776839957000
1776839958.789,258.789,0.28,0.37,0.63,0.72,0.09,0.09,77933.97,1776839957000
1776839959.141,259.141,0.4,0.41,0.57,0.6,0.01,0.03,77930.62,1776839958000
1776839959.501,259.501,0.43,0.44,0.56,0.57,0.01,0.01,77930.62,1776839958000
1776839959.89,259.89,0.43,0.44,0.56,0.57,0.01,0.01,77930.62,1776839958000
1776839960.28,260.28,0.45,0.46,0.54,0.56,0.01,0.02,77930.62,1776839958000
1776839960.697,260.697,0.45,0.46,0.54,0.55,0.01,0.01,77934.31,1776839959000
1776839961.224,261.224,0.45,0.46,0.54,0.55,0.01,0.01,77935.08,1776839960000
1776839961.698,261.698,0.45,0.46,0.54,0.55,0.01,0.01,77935.08,1776839960000
1776839962.057,262.057,0.45,0.46,0.54,0.55,0.01,0.01,77939.09,1776839961000
1776839962.482,262.482,0.45,0.46,0.54,0.55,0.01,0.01,77939.09,1776839961000
1776839963.036,263.036,0.46,0.47,0.53,0.55,0.01,0.02,77939.09,1776839961000
1776839963.373,263.373,0.46,0.47,0.53,0.54,0.01,0.01,77936.79,1776839962000
1776839963.706,263.706,0.46,0.47,0.53,0.54,0.01,0.01,77936.79,1776839962000
1776839964.089,264.089,0.49,0.5,0.5,0.51,0.01,0.01,77941.16,1776839963000
1776839964.624,264.624,0.49,0.5,0.5,0.51,0.01,0.01,77941.16,1776839963000
1776839964.975,264.975,0.57,0.58,0.42,0.43,0.01,0.01,77941.16,1776839963000
1776839965.32,265.32,0.57,0.58,0.42,0.43,0.01,0.01,77937.06,1776839964000
1776839965.703,265.703,0.54,0.56,0.44,0.45,0.02,0.01,77937.06,1776839964000
1776839966.145,266.145,0.47,0.54,0.46,0.48,0.07,0.02,77937.06,1776839964000
1776839966.53,266.53,0.43,0.45,0.53,0.57,0.02,0.04,77945.13,1776839965000
1776839966.88,266.88,0.42,0.43,0.57,0.58,0.01,0.01,77945.13,1776839965000
1776839967.356,267.356,0.42,0.43,0.57,0.58,0.01,0.01,77942.96,1776839966000
1776839967.946,267.946,0.42,0.43,0.57,0.58,0.01,0.01,77942.96,1776839966000
1776839968.305,268.305,0.42,0.43,0.57,0.58,0.01,0.01,77940.93,1776839967000
1776839968.767,268.767,0.42,0.43,0.57,0.58,0.01,0.01,77940.93,1776839967000
1776839969.24,269.24,0.42,0.43,0.57,0.58,0.01,0.01,77940.93,1776839967000
1776839969.887,269.887,0.41,0.42,0.57,0.58,0.01,0.01,77939.8,1776839968000
1776839970.244,270.244,0.41,0.42,0.58,0.59,0.01,0.01,77939.8,1776839968000
1776839970.835,270.835,0.41,0.42,0.58,0.59,0.01,0.01,77940.25,1776839969000
1776839971.312,271.312,0.4,0.41,0.59,0.6,0.01,0.01,77940.25,1776839969000
1776839971.778,271.778,0.4,0.41,0.59,0.6,0.01,0.01,77938.01,1776839970000
1776839972.14,272.14,0.4,0.41,0.59,0.6,0.01,0.01,77938.01,1776839970000
1776839972.518,272.518,0.4,0.42,0.59,0.6,0.02,0.01,77940.28,1776839971000
1776839972.894,272.894,0.42,0.44,0.57,0.58,0.02,0.01,77940.28,1776839971000
1776839973.266,273.266,0.43,0.44,0.56,0.58,0.01,0.02,77939.9,1776839972000
1776839973.64,273.64,0.44,0.45,0.56,0.57,0.01,0.01,77939.9,1776839972000
1776839974.126,274.126,0.44,0.45,0.55,0.56,0.01,0.01,77939.9,1776839972000
1776839974.505,274.505,0.45,0.46,0.55,0.56,0.01,0.01,77939.9,1776839972000
1776839974.884,274.884,0.45,0.46,0.54,0.55,0.01,0.01,77940.16,1776839973000
1776839975.282,275.282,0.45,0.46,0.54,0.55,0.01,0.01,77940.16,1776839973000
1776839975.632,275.632,0.45,0.46,0.54,0.55,0.01,0.01,77940.26,1776839974000
1776839976.009,276.009,0.45,0.46,0.54,0.55,0.01,0.01,77940.26,1776839974000
1776839976.765,276.765,0.45,0.46,0.54,0.55,0.01,0.01,77940.33,1776839975000
1776839977.245,277.245,0.45,0.46,0.54,0.55,0.01,0.01,77940.14,1776839976000
1776839977.652,277.652,0.45,0.46,0.54,0.55,0.01,0.01,77940.14,1776839976000
1776839978.441,278.441,0.45,0.48,0.54,0.55,0.03,0.01,77940.14,1776839976000
1776839978.843,278.843,0.57,0.59,0.42,0.43,0.02,0.01,77940.27,1776839977000
1776839979.196,279.196,0.57,0.58,0.42,0.43,0.01,0.01,77940.27,1776839977000
1776839979.573,279.573,0.57,0.58,0.42,0.43,0.01,0.01,77940.06,1776839978000
1776839979.966,279.966,0.57,0.58,0.42,0.43,0.01,0.01,77940.06,1776839978000
1776839980.309,280.309,0.57,0.58,0.42,0.43,0.01,0.01,77940.06,1776839979000
1776839980.793,280.793,0.58,0.59,0.42,0.43,0.01,0.01,77940.06,1776839979000
1776839981.152,281.152,0.58,0.59,0.41,0.42,0.01,0.01,77940.06,1776839979000
1776839981.544,281.544,0.58,0.59,0.41,0.42,0.01,0.01,77940.06,1776839979000
1776839982.086,282.086,0.58,0.59,0.41,0.42,0.01,0.01,77945.28,1776839980000
1776839982.496,282.496,0.58,0.59,0.41,0.42,0.01,0.01,77943.88,1776839981000
1776839982.957,282.957,0.58,0.59,0.41,0.42,0.01,0.01,77943.88,1776839981000
1776839983.317,283.317,0.58,0.59,0.41,0.42,0.01,0.01,77943.88,1776839981000
1776839983.678,283.678,0.58,0.59,0.41,0.42,0.01,0.01,77946.72,1776839982000
1776839984.195,284.195,0.58,0.59,0.41,0.42,0.01,0.01,77946.72,1776839982000
1776839984.923,284.923,0.58,0.6,0.41,0.42,0.02,0.01,77945.39,1776839983000
1776839985.268,285.268,0.62,0.65,0.38,0.41,0.03,0.03,77945.39,1776839983000
1776839985.631,285.631,0.63,0.64,0.35,0.36,0.01,0.01,77946.17,1776839984000
1776839986.017,286.017,0.62,0.63,0.37,0.38,0.01,0.01,77946.17,1776839984000
1776839986.455,286.455,0.61,0.62,0.37,0.38,0.01,0.01,77946.18,1776839985000
1776839987.666,287.666,0.61,0.62,0.38,0.39,0.01,0.01,77946.18,1776839985000
1776839988.239,288.239,0.63,0.64,0.36,0.37,0.01,0.01,77945.98,1776839986000
1776839988.573,288.573,0.63,0.64,0.36,0.37,0.01,0.01,77945.98,1776839987000
1776839988.989,288.989,0.63,0.64,0.36,0.37,0.01,0.01,77945.98,1776839987000
1776839989.363,289.363,0.64,0.65,0.35,0.36,0.01,0.01,77946.07,1776839988000
1776839989.721,289.721,0.64,0.65,0.35,0.36,0.01,0.01,77946.07,1776839988000
1776839990.347,290.347,0.64,0.65,0.35,0.36,0.01,0.01,77946.07,1776839988000
1776839990.691,290.691,0.7,0.71,0.29,0.32,0.01,0.03,77946.07,1776839988000
1776839991.094,291.094,0.7,0.71,0.29,0.3,0.01,0.01,77946.07,1776839989000
1776839991.452,291.452,0.7,0.71,0.29,0.3,0.01,0.01,77946.07,1776839989000
1776839991.804,291.804,0.7,0.71,0.29,0.3,0.01,0.01,77946.28,1776839990000
1776839992.244,292.244,0.62,0.65,0.3,0.42,0.03,0.12,77946.28,1776839990000
1776839992.637,292.637,0.61,0.62,0.38,0.39,0.01,0.01,77947.15,1776839991000
1776839993.01,293.01,0.61,0.62,0.38,0.39,0.01,0.01,77947.15,1776839991000
1776839993.597,293.597,0.6,0.61,0.39,0.4,0.01,0.01,77946.29,1776839992000
1776839993.976,293.976,0.6,0.61,0.39,0.4,0.01,0.01,77946.29,1776839992000
1776839994.358,294.358,0.6,0.61,0.39,0.4,0.01,0.01,77945.13,1776839993000
1776839994.786,294.786,0.38,0.39,0.6,0.62,0.01,0.02,77945.13,1776839993000
1776839995.119,295.119,0.39,0.4,0.6,0.61,0.01,0.01,77945.13,1776839993000
1776839995.481,295.481,0.39,0.4,0.6,0.61,0.01,0.01,77946.18,1776839994000
1776839995.865,295.865,0.39,0.4,0.6,0.61,0.01,0.01,77946.18,1776839994000
1776839996.236,296.236,0.39,0.4,0.6,0.61,0.01,0.01,77946.18,1776839994000
1776839996.574,296.574,0.39,0.4,0.6,0.61,0.01,0.01,77946.18,1776839995000
1776839996.916,296.916,0.39,0.4,0.6,0.61,0.01,0.01,77946.18,1776839995000
1776839997.273,297.273,0.39,0.4,0.6,0.61,0.01,0.01,77946.18,1776839995000
1776839997.61,297.61,0.39,0.4,0.6,0.61,0.01,0.01,77946.18,1776839996000
1776839998.019,298.019,0.39,0.4,0.6,0.61,0.01,0.01,77945.95,1776839997000
1776839998.356,298.356,0.39,0.4,0.6,0.61,0.01,0.01,77945.95,1776839997000
1776839998.692,298.692,0.39,0.4,0.6,0.61,0.01,0.01,77945.95,1776839997000
1776839999.068,299.068,0.39,0.4,0.6,0.61,0.01,0.01,77945.95,1776839997000
1776839999.416,299.416,0.39,0.4,0.6,0.61,0.01,0.01,77944.95,1776839998000
1776839999.759,299.759,0.39,0.4,0.6,0.61,0.01,0.01,77944.95,1776839998000
1776840000.102,300.102,0.66,0.67,0.32,0.52,0.01,0.2,77945.96,1776839999000
1776840000.475,300.475,0.99,0.81,0.19,0.01,-0.18,-0.18,77945.96,1776839999000
1776840000.861,300.861,0.99,0.01,0.99,0.01,-0.98,-0.98,77945.96,1776839999000

# RESULT,winner=Up,slug=btc-updown-5m-1776839700,ticks=638
