timestamp,elapsed_sec,up_bid,up_ask,down_bid,down_ask,up_spread,down_spread,btc_price,btc_oracle_ts
1776939000.641,0.641,0.53,0.54,0.46,0.47,0.01,0.01,77323.73,1776938999000
1776939001.014,1.014,0.53,0.54,0.46,0.47,0.01,0.01,77323.73,1776938999000
1776939001.358,1.358,0.52,0.54,0.46,0.48,0.02,0.02,77323.73,1776938999000
1776939001.791,1.791,0.52,0.53,0.47,0.48,0.01,0.01,77324.27,1776939000000
1776939002.141,2.141,0.52,0.53,0.47,0.48,0.01,0.01,77324.27,1776939000000
1776939002.527,2.527,0.52,0.53,0.47,0.48,0.01,0.01,77323.35,1776939001000
1776939002.917,2.917,0.51,0.53,0.47,0.48,0.02,0.01,77323.35,1776939001000
1776939003.433,3.433,0.51,0.53,0.48,0.49,0.02,0.01,77323.35,1776939001000
1776939003.783,3.783,0.51,0.52,0.48,0.49,0.01,0.01,77307.24,1776939002000
1776939004.461,4.461,0.51,0.52,0.48,0.49,0.01,0.01,77307.24,1776939002000
1776939004.826,4.826,0.51,0.52,0.48,0.49,0.01,0.01,77305.66,1776939003000
1776939005.307,5.307,0.51,0.52,0.48,0.49,0.01,0.01,77305.66,1776939003000
1776939005.734,5.734,0.51,0.52,0.48,0.49,0.01,0.01,77301.85,1776939004000
1776939006.091,6.091,0.51,0.52,0.48,0.5,0.01,0.02,77301.85,1776939004000
1776939006.433,6.433,0.5,0.52,0.48,0.5,0.02,0.02,77301.34,1776939005000
1776939006.769,6.769,0.51,0.53,0.47,0.49,0.02,0.02,77301.34,1776939005000
1776939007.509,7.509,0.51,0.52,0.48,0.49,0.01,0.01,77301.34,1776939005000
1776939007.864,7.864,0.5,0.52,0.48,0.5,0.02,0.02,77300.47,1776939006000
1776939008.224,8.224,0.45,0.51,0.49,0.5,0.06,0.01,77300.47,1776939006000
1776939008.599,8.599,0.45,0.46,0.52,0.55,0.01,0.03,77300.47,1776939006000
1776939008.947,8.947,0.45,0.46,0.54,0.55,0.01,0.01,77300.47,1776939006000
1776939009.411,9.411,0.45,0.46,0.54,0.55,0.01,0.01,77302.63,1776939007000
1776939009.767,9.767,0.45,0.46,0.54,0.55,0.01,0.01,77302.88,1776939008000
1776939010.115,10.115,0.44,0.46,0.54,0.55,0.02,0.01,77302.84,1776939009000
1776939010.474,10.474,0.44,0.45,0.55,0.56,0.01,0.01,77302.84,1776939009000
1776939010.929,10.929,0.44,0.45,0.55,0.56,0.01,0.01,77302.84,1776939009000
1776939011.436,11.436,0.45,0.46,0.54,0.56,0.01,0.02,77299.68,1776939010000
1776939011.835,11.835,0.45,0.46,0.54,0.55,0.01,0.01,77299.68,1776939010000
1776939012.824,12.824,0.45,0.46,0.54,0.55,0.01,0.01,77299.96,1776939011000
1776939013.263,13.263,0.45,0.46,0.54,0.55,0.01,0.01,77300.28,1776939012000
1776939013.947,13.947,0.45,0.46,0.54,0.55,0.01,0.01,77300.28,1776939012000
1776939014.405,14.405,0.45,0.46,0.54,0.55,0.01,0.01,77300.24,1776939013000
1776939014.746,14.746,0.43,0.44,0.56,0.58,0.01,0.02,77300.24,1776939013000
1776939015.105,15.105,0.45,0.46,0.54,0.55,0.01,0.01,77300.24,1776939013000
1776939015.486,15.486,0.45,0.46,0.54,0.55,0.01,0.01,77320.66,1776939014000
1776939015.833,15.833,0.45,0.46,0.54,0.55,0.01,0.01,77320.66,1776939014000
1776939016.175,16.175,0.51,0.52,0.48,0.49,0.01,0.01,77320.66,1776939014000
1776939016.521,16.521,0.51,0.53,0.48,0.5,0.02,0.02,77321.19,1776939015000
1776939016.897,16.897,0.51,0.52,0.47,0.48,0.01,0.01,77321.19,1776939015000
1776939017.256,17.256,0.51,0.52,0.48,0.49,0.01,0.01,77323.12,1776939016000
1776939017.65,17.65,0.49,0.52,0.48,0.51,0.03,0.03,77323.12,1776939016000
1776939017.984,17.984,0.49,0.5,0.5,0.51,0.01,0.01,77323.12,1776939016000
1776939018.349,18.349,0.49,0.5,0.5,0.51,0.01,0.01,77323.07,1776939017000
1776939018.757,18.757,0.49,0.5,0.5,0.51,0.01,0.01,77323.07,1776939017000
1776939019.198,19.198,0.49,0.5,0.5,0.51,0.01,0.01,77310.48,1776939018000
1776939019.581,19.581,0.49,0.5,0.5,0.51,0.01,0.01,77310.48,1776939018000
1776939020.138,20.138,0.48,0.5,0.5,0.51,0.02,0.01,77310.48,1776939018000
1776939020.473,20.473,0.46,0.49,0.51,0.54,0.03,0.03,77309.98,1776939019000
1776939020.862,20.862,0.46,0.47,0.53,0.54,0.01,0.01,77309.98,1776939019000
1776939021.28,21.28,0.46,0.47,0.53,0.54,0.01,0.01,77309.98,1776939019000
1776939022.142,22.142,0.46,0.47,0.53,0.54,0.01,0.01,77310.27,1776939020000
1776939022.517,22.517,0.45,0.46,0.54,0.55,0.01,0.01,77310.27,1776939020000
1776939022.852,22.852,0.45,0.46,0.54,0.55,0.01,0.01,77305.65,1776939021000
1776939023.202,23.202,0.45,0.46,0.54,0.55,0.01,0.01,77305.65,1776939021000
1776939023.577,23.577,0.45,0.46,0.54,0.55,0.01,0.01,77303.97,1776939022000
1776939023.91,23.91,0.45,0.46,0.54,0.55,0.01,0.01,77303.97,1776939022000
1776939024.342,24.342,0.47,0.48,0.52,0.53,0.01,0.01,77304,1776939023000
1776939024.68,24.68,0.47,0.48,0.52,0.53,0.01,0.01,77304,1776939023000
1776939025.161,25.161,0.47,0.48,0.52,0.53,0.01,0.01,77304,1776939024000
1776939025.506,25.506,0.47,0.48,0.52,0.53,0.01,0.01,77304,1776939024000
1776939025.914,25.914,0.47,0.48,0.52,0.53,0.01,0.01,77306.72,1776939025000
1776939026.341,26.341,0.47,0.48,0.52,0.53,0.01,0.01,77306.72,1776939025000
1776939026.872,26.872,0.47,0.48,0.52,0.53,0.01,0.01,77309.09,1776939026000
1776939027.282,27.282,0.47,0.48,0.52,0.53,0.01,0.01,77309.09,1776939026000
1776939028.049,28.049,0.46,0.48,0.52,0.53,0.02,0.01,77309.09,1776939026000
1776939028.876,28.876,0.46,0.47,0.53,0.54,0.01,0.01,77309.11,1776939027000
1776939029.274,29.274,0.46,0.47,0.53,0.54,0.01,0.01,77309.11,1776939027000
1776939029.677,29.677,0.46,0.47,0.53,0.54,0.01,0.01,77309.09,1776939028000
1776939030.231,30.231,0.46,0.47,0.53,0.54,0.01,0.01,77308.88,1776939029000
1776939031.071,31.071,0.46,0.47,0.53,0.54,0.01,0.01,77308.88,1776939029000
1776939031.581,31.581,0.46,0.47,0.53,0.54,0.01,0.01,77310.97,1776939030000
1776939032.122,32.122,0.46,0.47,0.53,0.54,0.01,0.01,77310.97,1776939030000
1776939032.558,32.558,0.46,0.47,0.53,0.54,0.01,0.01,77312.81,1776939031000
1776939033.133,33.133,0.46,0.47,0.53,0.54,0.01,0.01,77309.62,1776939032000
1776939033.656,33.656,0.46,0.47,0.53,0.54,0.01,0.01,77309.62,1776939032000
1776939034.082,34.082,0.46,0.47,0.53,0.54,0.01,0.01,77309.59,1776939033000
1776939034.99,34.99,0.46,0.47,0.53,0.54,0.01,0.01,77309.59,1776939033000
1776939035.665,35.665,0.46,0.47,0.53,0.54,0.01,0.01,77310.7,1776939034000
1776939036.131,36.131,0.46,0.47,0.53,0.54,0.01,0.01,77310.7,1776939034000
1776939036.631,36.631,0.46,0.47,0.53,0.54,0.01,0.01,77310.7,1776939035000
1776939037.262,37.262,0.46,0.47,0.53,0.54,0.01,0.01,77310.49,1776939036000
1776939037.672,37.672,0.47,0.49,0.52,0.53,0.02,0.01,77310.49,1776939036000
1776939038.008,38.008,0.49,0.5,0.5,0.51,0.01,0.01,77310.49,1776939036000
1776939038.434,38.434,0.49,0.5,0.5,0.51,0.01,0.01,77310.49,1776939036000
1776939038.821,38.821,0.49,0.5,0.5,0.51,0.01,0.01,77310.52,1776939037000
1776939039.751,39.751,0.49,0.5,0.5,0.51,0.01,0.01,77310.53,1776939038000
1776939040.376,40.376,0.49,0.5,0.5,0.51,0.01,0.01,77310.53,1776939038000
1776939040.782,40.782,0.49,0.5,0.5,0.51,0.01,0.01,77317.71,1776939039000
1776939041.182,41.182,0.5,0.51,0.49,0.5,0.01,0.01,77317.71,1776939039000
1776939041.654,41.654,0.5,0.51,0.49,0.5,0.01,0.01,77319.55,1776939040000
1776939041.989,41.989,0.5,0.51,0.49,0.5,0.01,0.01,77319.55,1776939041000
1776939042.535,42.535,0.5,0.51,0.49,0.5,0.01,0.01,77319.55,1776939041000
1776939042.878,42.878,0.48,0.49,0.51,0.52,0.01,0.01,77319.55,1776939041000
1776939043.541,43.541,0.46,0.47,0.53,0.54,0.01,0.01,77321.07,1776939042000
1776939044.298,44.298,0.46,0.47,0.53,0.54,0.01,0.01,77321.07,1776939042000
1776939044.852,44.852,0.46,0.47,0.53,0.54,0.01,0.01,77321.07,1776939042000
1776939045.609,45.609,0.46,0.47,0.53,0.54,0.01,0.01,77321.07,1776939042000
1776939046.007,46.007,0.44,0.46,0.54,0.56,0.02,0.02,77321.07,1776939042000
1776939046.372,46.372,0.45,0.46,0.54,0.55,0.01,0.01,77310.66,1776939045000
1776939046.781,46.781,0.45,0.46,0.54,0.55,0.01,0.01,77310.66,1776939045000
1776939047.324,47.324,0.45,0.46,0.54,0.55,0.01,0.01,77310.66,1776939045000
1776939047.667,47.667,0.45,0.46,0.54,0.55,0.01,0.01,77307.48,1776939046000
1776939048.058,48.058,0.45,0.46,0.54,0.55,0.01,0.01,77306.32,1776939047000
1776939048.427,48.427,0.41,0.43,0.57,0.58,0.02,0.01,77306.32,1776939047000
1776939048.795,48.795,0.41,0.42,0.58,0.6,0.01,0.02,77306.32,1776939047000
1776939049.154,49.154,0.41,0.42,0.58,0.59,0.01,0.01,77305.39,1776939048000
1776939049.583,49.583,0.41,0.42,0.58,0.59,0.01,0.01,77305.39,1776939048000
1776939050.069,50.069,0.41,0.42,0.58,0.59,0.01,0.01,77294.58,1776939049000
1776939050.457,50.457,0.41,0.42,0.58,0.59,0.01,0.01,77294.58,1776939049000
1776939050.915,50.915,0.42,0.43,0.57,0.59,0.01,0.02,77294.58,1776939049000
1776939051.285,51.285,0.42,0.43,0.57,0.58,0.01,0.01,77294.58,1776939050000
1776939051.722,51.722,0.42,0.43,0.57,0.58,0.01,0.01,77294.58,1776939050000
1776939052.1,52.1,0.42,0.43,0.57,0.58,0.01,0.01,77294.58,1776939050000
1776939052.617,52.617,0.42,0.43,0.57,0.58,0.01,0.01,77294.62,1776939051000
1776939053.06,53.06,0.42,0.43,0.57,0.58,0.01,0.01,77293.47,1776939052000
1776939053.457,53.457,0.42,0.43,0.57,0.58,0.01,0.01,77293.47,1776939052000
1776939053.898,53.898,0.42,0.43,0.57,0.58,0.01,0.01,77293.47,1776939052000
1776939054.447,54.447,0.42,0.43,0.57,0.58,0.01,0.01,77295.26,1776939053000
1776939054.79,54.79,0.42,0.43,0.57,0.58,0.01,0.01,77295.26,1776939053000
1776939055.152,55.152,0.41,0.43,0.57,0.58,0.02,0.01,77296.62,1776939054000
1776939055.521,55.521,0.4,0.41,0.59,0.6,0.01,0.01,77296.62,1776939054000
1776939055.859,55.859,0.39,0.4,0.6,0.61,0.01,0.01,77296.62,1776939054000
1776939056.201,56.201,0.39,0.4,0.6,0.61,0.01,0.01,77295.64,1776939055000
1776939056.564,56.564,0.39,0.4,0.59,0.61,0.01,0.02,77295.64,1776939055000
1776939056.905,56.905,0.39,0.41,0.6,0.61,0.02,0.01,77295.64,1776939055000
1776939057.336,57.336,0.4,0.41,0.59,0.6,0.01,0.01,77290.6,1776939056000
1776939057.737,57.737,0.42,0.44,0.56,0.58,0.02,0.02,77290.6,1776939056000
1776939058.242,58.242,0.42,0.43,0.56,0.58,0.01,0.02,77288.46,1776939057000
1776939058.869,58.869,0.43,0.44,0.56,0.57,0.01,0.01,77288.46,1776939057000
1776939059.255,59.255,0.43,0.44,0.56,0.57,0.01,0.01,77288.46,1776939057000
1776939059.591,59.591,0.43,0.44,0.56,0.57,0.01,0.01,77291.88,1776939058000
1776939060.032,60.032,0.43,0.44,0.56,0.57,0.01,0.01,77295.94,1776939059000
1776939060.512,60.512,0.43,0.44,0.56,0.57,0.01,0.01,77295.94,1776939059000
1776939060.931,60.931,0.41,0.42,0.58,0.59,0.01,0.01,77295.94,1776939059000
1776939061.271,61.271,0.41,0.42,0.58,0.59,0.01,0.01,77296.64,1776939060000
1776939061.639,61.639,0.41,0.42,0.58,0.59,0.01,0.01,77296.64,1776939060000
1776939061.975,61.975,0.41,0.42,0.58,0.59,0.01,0.01,77296.64,1776939060000
1776939062.357,62.357,0.41,0.42,0.58,0.59,0.01,0.01,77296.8,1776939061000
1776939062.698,62.698,0.41,0.42,0.58,0.59,0.01,0.01,77296.8,1776939061000
1776939063.615,63.615,0.42,0.43,0.57,0.58,0.01,0.01,77296.8,1776939062000
1776939063.978,63.978,0.42,0.43,0.57,0.58,0.01,0.01,77296.8,1776939062000
1776939064.472,64.472,0.41,0.42,0.57,0.59,0.01,0.02,77295.44,1776939063000
1776939064.911,64.911,0.41,0.42,0.58,0.59,0.01,0.01,77295.44,1776939063000
1776939065.477,65.477,0.4,0.41,0.59,0.6,0.01,0.01,77295.78,1776939064000
1776939065.964,65.964,0.4,0.41,0.59,0.6,0.01,0.01,77295.78,1776939064000
1776939066.319,66.319,0.4,0.41,0.59,0.6,0.01,0.01,77295.78,1776939064000
1776939066.69,66.69,0.39,0.4,0.59,0.61,0.01,0.02,77295.17,1776939065000
1776939067.041,67.041,0.36,0.37,0.63,0.64,0.01,0.01,77295.17,1776939065000
1776939067.45,67.45,0.36,0.37,0.63,0.64,0.01,0.01,77295.17,1776939065000
1776939067.845,67.845,0.37,0.38,0.62,0.63,0.01,0.01,77295.25,1776939066000
1776939068.263,68.263,0.36,0.37,0.62,0.64,0.01,0.02,77294.64,1776939067000
1776939068.736,68.736,0.36,0.37,0.63,0.64,0.01,0.01,77294.64,1776939067000
1776939069.176,69.176,0.36,0.37,0.63,0.64,0.01,0.01,77294.64,1776939067000
1776939069.66,69.66,0.35,0.37,0.63,0.64,0.02,0.01,77288.91,1776939068000
1776939070.103,70.103,0.35,0.36,0.64,0.65,0.01,0.01,77288.91,1776939068000
1776939070.476,70.476,0.35,0.37,0.64,0.65,0.02,0.01,77286.33,1776939069000
1776939070.873,70.873,0.36,0.37,0.63,0.64,0.01,0.01,77286.33,1776939069000
1776939071.426,71.426,0.36,0.37,0.63,0.64,0.01,0.01,77286.33,1776939069000
1776939071.968,71.968,0.35,0.36,0.64,0.65,0.01,0.01,77285.31,1776939070000
1776939072.533,72.533,0.35,0.36,0.64,0.65,0.01,0.01,77285.27,1776939071000
1776939072.875,72.875,0.33,0.34,0.66,0.67,0.01,0.01,77285.27,1776939071000
1776939073.208,73.208,0.33,0.34,0.66,0.67,0.01,0.01,77285.24,1776939072000
1776939073.589,73.589,0.32,0.33,0.67,0.68,0.01,0.01,77285.24,1776939072000
1776939073.964,73.964,0.32,0.33,0.67,0.68,0.01,0.01,77285.24,1776939072000
1776939074.594,74.594,0.32,0.33,0.67,0.68,0.01,0.01,77282.93,1776939073000
1776939075.103,75.103,0.32,0.33,0.67,0.68,0.01,0.01,77282.93,1776939073000
1776939075.509,75.509,0.32,0.33,0.67,0.68,0.01,0.01,77276.95,1776939074000
1776939075.966,75.966,0.32,0.33,0.67,0.68,0.01,0.01,77276.95,1776939074000
1776939076.416,76.416,0.32,0.33,0.67,0.68,0.01,0.01,77276.95,1776939074000
1776939076.785,76.785,0.31,0.32,0.68,0.69,0.01,0.01,77276.07,1776939075000
1776939077.17,77.17,0.32,0.33,0.67,0.68,0.01,0.01,77276.07,1776939075000
1776939077.584,77.584,0.32,0.33,0.67,0.68,0.01,0.01,77275.57,1776939076000
1776939077.919,77.919,0.36,0.37,0.63,0.64,0.01,0.01,77275.57,1776939076000
1776939078.258,78.258,0.36,0.37,0.63,0.64,0.01,0.01,77275.57,1776939076000
1776939078.746,78.746,0.36,0.37,0.63,0.64,0.01,0.01,77275.37,1776939077000
1776939079.156,79.156,0.36,0.37,0.63,0.64,0.01,0.01,77275.37,1776939077000
1776939079.565,79.565,0.37,0.38,0.62,0.63,0.01,0.01,77275.39,1776939078000
1776939080.271,80.271,0.37,0.38,0.62,0.63,0.01,0.01,77275.39,1776939078000
1776939080.645,80.645,0.36,0.37,0.62,0.63,0.01,0.01,77282.64,1776939079000
1776939080.999,80.999,0.35,0.37,0.63,0.65,0.02,0.02,77282.94,1776939080000
1776939081.649,81.649,0.35,0.36,0.64,0.65,0.01,0.01,77282.94,1776939080000
1776939082.015,82.015,0.35,0.36,0.64,0.65,0.01,0.01,77282.95,1776939081000
1776939082.348,82.348,0.35,0.36,0.64,0.65,0.01,0.01,77282.95,1776939081000
1776939082.927,82.927,0.34,0.35,0.65,0.66,0.01,0.01,77281.69,1776939082000
1776939083.336,83.336,0.34,0.35,0.65,0.66,0.01,0.01,77281.69,1776939082000
1776939083.942,83.942,0.34,0.35,0.65,0.66,0.01,0.01,77279.37,1776939083000
1776939084.387,84.387,0.34,0.35,0.65,0.66,0.01,0.01,77279.37,1776939083000
1776939084.871,84.871,0.34,0.35,0.65,0.66,0.01,0.01,77279.35,1776939084000
1776939085.989,85.989,0.34,0.35,0.65,0.66,0.01,0.01,77280.21,1776939085000
1776939086.79,86.79,0.34,0.36,0.65,0.66,0.02,0.01,77280.21,1776939085000
1776939087.185,87.185,0.34,0.36,0.64,0.66,0.02,0.02,77280.21,1776939085000
1776939087.894,87.894,0.34,0.36,0.64,0.66,0.02,0.02,77297.59,1776939086000
1776939088.244,88.244,0.34,0.35,0.64,0.66,0.01,0.02,77297.59,1776939086000
1776939088.883,88.883,0.34,0.4,0.61,0.66,0.06,0.05,77317.43,1776939087000
1776939089.217,89.217,0.4,0.42,0.58,0.6,0.02,0.02,77317.45,1776939088000
1776939089.645,89.645,0.34,0.42,0.58,0.65,0.08,0.07,77317.45,1776939088000
1776939090.148,90.148,0.42,0.43,0.58,0.66,0.01,0.08,77317.45,1776939088000
1776939090.634,90.634,0.42,0.45,0.55,0.58,0.03,0.03,77317.45,1776939088000
1776939091.041,91.041,0.42,0.43,0.57,0.58,0.01,0.01,77313.76,1776939090000
1776939091.416,91.416,0.42,0.43,0.56,0.58,0.01,0.02,77313.76,1776939090000
1776939091.771,91.771,0.42,0.45,0.55,0.57,0.03,0.02,77313.76,1776939090000
1776939092.107,92.107,0.44,0.45,0.55,0.56,0.01,0.01,77313.76,1776939090000
1776939092.451,92.451,0.44,0.45,0.55,0.56,0.01,0.01,77312.73,1776939091000
1776939092.805,92.805,0.43,0.45,0.55,0.56,0.02,0.01,77312.73,1776939091000
1776939093.388,93.388,0.44,0.45,0.55,0.56,0.01,0.01,77312.73,1776939091000
1776939093.741,93.741,0.44,0.45,0.55,0.56,0.01,0.01,77312.73,1776939091000
1776939094.26,94.26,0.44,0.45,0.55,0.56,0.01,0.01,77313.53,1776939093000
1776939095.35,95.35,0.44,0.45,0.55,0.56,0.01,0.01,77313.53,1776939093000
1776939095.783,95.783,0.44,0.45,0.55,0.56,0.01,0.01,77311.2,1776939094000
1776939096.377,96.377,0.44,0.46,0.55,0.56,0.02,0.01,77310.65,1776939095000
1776939096.906,96.906,0.45,0.46,0.54,0.55,0.01,0.01,77310.65,1776939095000
1776939097.242,97.242,0.45,0.46,0.54,0.55,0.01,0.01,77310.65,1776939095000
1776939097.636,97.636,0.45,0.46,0.54,0.55,0.01,0.01,77310.56,1776939096000
1776939097.996,97.996,0.45,0.46,0.54,0.55,0.01,0.01,77310.56,1776939096000
1776939098.4,98.4,0.47,0.48,0.53,0.55,0.01,0.02,77310.56,1776939096000
1776939098.863,98.863,0.47,0.48,0.52,0.53,0.01,0.01,77313.09,1776939097000
1776939099.198,99.198,0.45,0.48,0.52,0.55,0.03,0.03,77313.09,1776939097000
1776939099.635,99.635,0.44,0.45,0.54,0.58,0.01,0.04,77312.67,1776939098000
1776939099.991,99.991,0.43,0.44,0.56,0.57,0.01,0.01,77312.67,1776939098000
1776939100.547,100.547,0.43,0.44,0.56,0.57,0.01,0.01,77312.67,1776939098000
1776939101.043,101.043,0.43,0.44,0.56,0.57,0.01,0.01,77312.5,1776939099000
1776939101.451,101.451,0.43,0.44,0.56,0.57,0.01,0.01,77309.51,1776939100000
1776939101.889,101.889,0.43,0.44,0.56,0.57,0.01,0.01,77309.51,1776939100000
1776939102.598,102.598,0.43,0.44,0.56,0.57,0.01,0.01,77303.51,1776939101000
1776939103.349,103.349,0.43,0.44,0.56,0.57,0.01,0.01,77303.46,1776939102000
1776939104.255,104.255,0.43,0.44,0.56,0.57,0.01,0.01,77303.44,1776939103000
1776939105.122,105.122,0.43,0.44,0.56,0.57,0.01,0.01,77303.44,1776939103000
1776939105.539,105.539,0.43,0.44,0.56,0.57,0.01,0.01,77303.61,1776939104000
1776939105.975,105.975,0.43,0.44,0.56,0.57,0.01,0.01,77304.43,1776939105000
1776939106.309,106.309,0.43,0.44,0.56,0.57,0.01,0.01,77304.43,1776939105000
1776939106.727,106.727,0.43,0.45,0.55,0.57,0.02,0.02,77304.43,1776939105000
1776939107.158,107.158,0.43,0.45,0.55,0.57,0.02,0.02,77306.27,1776939106000
1776939107.558,107.558,0.43,0.45,0.55,0.57,0.02,0.02,77306.27,1776939106000
1776939107.932,107.932,0.43,0.45,0.54,0.57,0.02,0.03,77306.27,1776939106000
1776939108.273,108.273,0.43,0.44,0.56,0.57,0.01,0.01,77306.27,1776939106000
1776939108.617,108.617,0.44,0.45,0.55,0.56,0.01,0.01,77309.12,1776939107000
1776939109.202,109.202,0.44,0.45,0.55,0.56,0.01,0.01,77309.12,1776939107000
1776939109.65,109.65,0.44,0.45,0.55,0.56,0.01,0.01,77309.12,1776939107000
1776939110.019,110.019,0.44,0.45,0.55,0.56,0.01,0.01,77305.59,1776939108000
1776939110.354,110.354,0.44,0.45,0.55,0.56,0.01,0.01,77305.6,1776939109000
1776939110.878,110.878,0.44,0.45,0.55,0.56,0.01,0.01,77305.6,1776939109000
1776939111.22,111.22,0.42,0.44,0.55,0.58,0.02,0.03,77306.77,1776939110000
1776939111.825,111.825,0.42,0.43,0.57,0.58,0.01,0.01,77306.77,1776939110000
1776939112.316,112.316,0.42,0.43,0.57,0.58,0.01,0.01,77306.75,1776939111000
1776939112.684,112.684,0.4,0.41,0.59,0.6,0.01,0.01,77306.75,1776939111000
1776939113.109,113.109,0.4,0.41,0.59,0.6,0.01,0.01,77306.75,1776939111000
1776939113.515,113.515,0.4,0.41,0.59,0.6,0.01,0.01,77304.13,1776939112000
1776939113.857,113.857,0.39,0.41,0.59,0.61,0.02,0.02,77304.13,1776939112000
1776939114.393,114.393,0.39,0.4,0.6,0.61,0.01,0.01,77304.13,1776939112000
1776939114.729,114.729,0.39,0.4,0.6,0.61,0.01,0.01,77297.3,1776939113000
1776939115.088,115.088,0.39,0.4,0.6,0.61,0.01,0.01,77297.3,1776939113000
1776939115.507,115.507,0.39,0.4,0.6,0.61,0.01,0.01,77297.3,1776939113000
1776939115.951,115.951,0.4,0.41,0.59,0.6,0.01,0.01,77293.43,1776939114000
1776939116.408,116.408,0.4,0.41,0.59,0.6,0.01,0.01,77293.43,1776939114000
1776939116.76,116.76,0.4,0.41,0.59,0.6,0.01,0.01,77292.26,1776939115000
1776939117.263,117.263,0.4,0.41,0.59,0.6,0.01,0.01,77294.05,1776939116000
1776939117.633,117.633,0.4,0.41,0.59,0.6,0.01,0.01,77294.05,1776939116000
1776939117.997,117.997,0.4,0.41,0.59,0.6,0.01,0.01,77294.05,1776939116000
1776939118.344,118.344,0.4,0.41,0.59,0.6,0.01,0.01,77293.6,1776939117000
1776939118.981,118.981,0.4,0.41,0.59,0.6,0.01,0.01,77293.6,1776939117000
1776939119.32,119.32,0.4,0.41,0.59,0.6,0.01,0.01,77292.4,1776939118000
1776939119.681,119.681,0.4,0.41,0.59,0.6,0.01,0.01,77292.4,1776939118000
1776939120.109,120.109,0.39,0.4,0.59,0.61,0.01,0.02,77292.4,1776939118000
1776939120.516,120.516,0.39,0.4,0.6,0.61,0.01,0.01,77292.16,1776939119000
1776939120.892,120.892,0.39,0.4,0.6,0.61,0.01,0.01,77292.16,1776939119000
1776939121.406,121.406,0.39,0.4,0.6,0.61,0.01,0.01,77292.16,1776939119000
1776939121.826,121.826,0.32,0.37,0.63,0.68,0.05,0.05,77292.04,1776939120000
1776939122.173,122.173,0.3,0.31,0.69,0.7,0.01,0.01,77292.04,1776939121000
1776939122.526,122.526,0.3,0.31,0.69,0.7,0.01,0.01,77292.04,1776939121000
1776939122.951,122.951,0.3,0.31,0.69,0.7,0.01,0.01,77292.04,1776939121000
1776939123.514,123.514,0.3,0.31,0.69,0.7,0.01,0.01,77283.5,1776939122000
1776939123.86,123.86,0.29,0.3,0.7,0.71,0.01,0.01,77283.5,1776939122000
1776939124.293,124.293,0.29,0.3,0.7,0.71,0.01,0.01,77276.42,1776939123000
1776939124.687,124.687,0.29,0.3,0.7,0.71,0.01,0.01,77276.42,1776939123000
1776939125.024,125.024,0.27,0.29,0.71,0.73,0.02,0.02,77274.5,1776939124000
1776939125.531,125.531,0.22,0.26,0.74,0.78,0.04,0.04,77274.5,1776939124000
1776939125.875,125.875,0.24,0.25,0.75,0.76,0.01,0.01,77274.5,1776939124000
1776939126.212,126.212,0.24,0.25,0.75,0.76,0.01,0.01,77271.58,1776939125000
1776939126.553,126.553,0.24,0.25,0.75,0.76,0.01,0.01,77271.58,1776939125000
1776939126.888,126.888,0.24,0.25,0.75,0.76,0.01,0.01,77271.58,1776939125000
1776939127.284,127.284,0.24,0.25,0.75,0.76,0.01,0.01,77255.35,1776939126000
1776939127.702,127.702,0.23,0.24,0.76,0.77,0.01,0.01,77255.35,1776939126000
1776939128.078,128.078,0.23,0.24,0.76,0.77,0.01,0.01,77250.43,1776939127000
1776939128.454,128.454,0.23,0.24,0.76,0.77,0.01,0.01,77250.43,1776939127000
1776939128.951,128.951,0.23,0.24,0.76,0.77,0.01,0.01,77250.42,1776939128000
1776939129.314,129.314,0.23,0.25,0.76,0.77,0.02,0.01,77250.42,1776939128000
1776939129.712,129.712,0.26,0.28,0.72,0.74,0.02,0.02,77250.42,1776939128000
1776939130.114,130.114,0.27,0.28,0.72,0.73,0.01,0.01,77250.42,1776939128000
1776939130.49,130.49,0.27,0.28,0.72,0.73,0.01,0.01,77251.36,1776939129000
1776939130.982,130.982,0.27,0.28,0.72,0.73,0.01,0.01,77251.36,1776939129000
1776939131.699,131.699,0.27,0.28,0.72,0.73,0.01,0.01,77261.51,1776939130000
1776939132.184,132.184,0.27,0.28,0.72,0.73,0.01,0.01,77261.51,1776939130000
1776939132.57,132.57,0.24,0.27,0.73,0.76,0.03,0.03,77262.82,1776939131000
1776939132.992,132.992,0.22,0.25,0.75,0.78,0.03,0.03,77262.82,1776939131000
1776939133.348,133.348,0.24,0.25,0.75,0.76,0.01,0.01,77257.42,1776939132000
1776939133.686,133.686,0.24,0.25,0.75,0.76,0.01,0.01,77257.42,1776939132000
1776939134.049,134.049,0.24,0.25,0.75,0.76,0.01,0.01,77257.42,1776939132000
1776939134.387,134.387,0.24,0.25,0.75,0.76,0.01,0.01,77250.93,1776939133000
1776939134.739,134.739,0.23,0.24,0.75,0.77,0.01,0.02,77250.93,1776939133000
1776939135.112,135.112,0.23,0.24,0.76,0.77,0.01,0.01,77250.93,1776939133000
1776939135.528,135.528,0.22,0.23,0.77,0.78,0.01,0.01,77251.72,1776939134000
1776939136.098,136.098,0.22,0.23,0.77,0.78,0.01,0.01,77251.72,1776939134000
1776939136.527,136.527,0.22,0.23,0.77,0.78,0.01,0.01,77252.98,1776939135000
1776939137.105,137.105,0.21,0.23,0.77,0.78,0.02,0.01,77252.98,1776939135000
1776939137.443,137.443,0.21,0.23,0.77,0.79,0.02,0.02,77252.98,1776939135000
1776939138.048,138.048,0.2,0.21,0.79,0.8,0.01,0.01,77251.12,1776939137000
1776939138.395,138.395,0.19,0.22,0.78,0.81,0.03,0.03,77251.12,1776939137000
1776939138.943,138.943,0.19,0.22,0.78,0.81,0.03,0.03,77248.26,1776939138000
1776939139.384,139.384,0.19,0.2,0.8,0.81,0.01,0.01,77248.26,1776939138000
1776939139.978,139.978,0.19,0.2,0.8,0.81,0.01,0.01,77243.26,1776939139000
1776939140.995,140.995,0.19,0.2,0.79,0.81,0.01,0.02,77243.26,1776939139000
1776939141.477,141.477,0.19,0.2,0.8,0.81,0.01,0.01,77240.18,1776939140000
1776939141.866,141.866,0.19,0.2,0.8,0.81,0.01,0.01,77240.18,1776939140000
1776939142.2,142.2,0.17,0.2,0.8,0.83,0.03,0.03,77238.99,1776939141000
1776939142.533,142.533,0.19,0.2,0.8,0.81,0.01,0.01,77238.99,1776939141000
1776939142.886,142.886,0.19,0.2,0.8,0.81,0.01,0.01,77238.99,1776939141000
1776939143.225,143.225,0.19,0.2,0.8,0.81,0.01,0.01,77238.99,1776939142000
1776939143.567,143.567,0.19,0.2,0.8,0.81,0.01,0.01,77238.99,1776939142000
1776939143.902,143.902,0.19,0.2,0.8,0.81,0.01,0.01,77238.99,1776939142000
1776939144.246,144.246,0.19,0.2,0.8,0.81,0.01,0.01,77238.99,1776939142000
1776939144.586,144.586,0.19,0.2,0.8,0.81,0.01,0.01,77244.45,1776939143000
1776939144.931,144.931,0.16,0.17,0.8,0.82,0.01,0.02,77244.45,1776939143000
1776939145.357,145.357,0.16,0.17,0.83,0.84,0.01,0.01,77244.45,1776939143000
1776939145.725,145.725,0.16,0.17,0.83,0.84,0.01,0.01,77245.81,1776939144000
1776939146.082,146.082,0.16,0.17,0.83,0.84,0.01,0.01,77245.81,1776939144000
1776939146.459,146.459,0.16,0.17,0.83,0.84,0.01,0.01,77243.71,1776939145000
1776939146.833,146.833,0.16,0.17,0.83,0.84,0.01,0.01,77243.71,1776939145000
1776939147.372,147.372,0.16,0.17,0.83,0.84,0.01,0.01,77243.71,1776939145000
1776939147.927,147.927,0.15,0.16,0.84,0.85,0.01,0.01,77239.12,1776939146000
1776939148.967,148.967,0.15,0.16,0.84,0.85,0.01,0.01,77237.05,1776939148000
1776939149.308,149.308,0.15,0.16,0.84,0.85,0.01,0.01,77237.05,1776939148000
1776939149.641,149.641,0.15,0.17,0.83,0.85,0.02,0.02,77237.05,1776939148000
1776939149.985,149.985,0.15,0.17,0.83,0.85,0.02,0.02,77237.05,1776939148000
1776939150.332,150.332,0.16,0.17,0.83,0.84,0.01,0.01,77236.54,1776939149000
1776939150.666,150.666,0.16,0.17,0.83,0.84,0.01,0.01,77236.54,1776939149000
1776939151.025,151.025,0.16,0.17,0.83,0.84,0.01,0.01,77237.32,1776939150000
1776939151.386,151.386,0.17,0.18,0.83,0.84,0.01,0.01,77237.32,1776939150000
1776939151.721,151.721,0.19,0.2,0.8,0.81,0.01,0.01,77237.32,1776939150000
1776939152.094,152.094,0.19,0.2,0.8,0.81,0.01,0.01,77239.57,1776939151000
1776939152.495,152.495,0.19,0.2,0.8,0.81,0.01,0.01,77239.57,1776939151000
1776939152.848,152.848,0.19,0.2,0.8,0.81,0.01,0.01,77239.57,1776939151000
1776939153.195,153.195,0.19,0.2,0.8,0.81,0.01,0.01,77237.96,1776939152000
1776939153.553,153.553,0.19,0.2,0.8,0.81,0.01,0.01,77237.96,1776939152000
1776939153.91,153.91,0.19,0.2,0.8,0.81,0.01,0.01,77237.96,1776939152000
1776939154.644,154.644,0.19,0.2,0.8,0.81,0.01,0.01,77241.88,1776939153000
1776939155.413,155.413,0.19,0.2,0.8,0.81,0.01,0.01,77243.19,1776939154000
1776939155.758,155.758,0.19,0.2,0.8,0.81,0.01,0.01,77243.19,1776939154000
1776939156.429,156.429,0.19,0.2,0.8,0.81,0.01,0.01,77246.13,1776939155000
1776939156.924,156.924,0.19,0.2,0.8,0.81,0.01,0.01,77246.38,1776939156000
1776939157.341,157.341,0.19,0.2,0.8,0.81,0.01,0.01,77246.38,1776939156000
1776939157.707,157.707,0.19,0.2,0.8,0.81,0.01,0.01,77246.38,1776939156000
1776939158.461,158.461,0.19,0.2,0.8,0.81,0.01,0.01,77246.38,1776939156000
1776939158.911,158.911,0.19,0.2,0.8,0.81,0.01,0.01,77246.19,1776939157000
1776939159.601,159.601,0.19,0.2,0.8,0.81,0.01,0.01,77246.17,1776939158000
1776939160.011,160.011,0.19,0.2,0.8,0.81,0.01,0.01,77246.17,1776939158000
1776939160.43,160.43,0.2,0.21,0.79,0.8,0.01,0.01,77245.09,1776939159000
1776939160.767,160.767,0.2,0.21,0.79,0.8,0.01,0.01,77245.09,1776939159000
1776939161.125,161.125,0.2,0.21,0.79,0.8,0.01,0.01,77245.09,1776939159000
1776939161.483,161.483,0.22,0.23,0.77,0.78,0.01,0.01,77245.21,1776939160000
1776939162.144,162.144,0.22,0.23,0.77,0.78,0.01,0.01,77245.21,1776939160000
1776939162.491,162.491,0.22,0.24,0.76,0.78,0.02,0.02,77248.51,1776939161000
1776939162.845,162.845,0.23,0.24,0.76,0.77,0.01,0.01,77248.51,1776939161000
1776939163.204,163.204,0.26,0.27,0.73,0.74,0.01,0.01,77252.46,1776939162000
1776939163.555,163.555,0.26,0.27,0.73,0.74,0.01,0.01,77252.46,1776939162000
1776939164.02,164.02,0.26,0.27,0.73,0.74,0.01,0.01,77252.46,1776939162000
1776939164.478,164.478,0.26,0.27,0.73,0.74,0.01,0.01,77257.17,1776939163000
1776939164.934,164.934,0.26,0.27,0.73,0.74,0.01,0.01,77257.17,1776939163000
1776939165.346,165.346,0.26,0.27,0.73,0.74,0.01,0.01,77264.42,1776939164000
1776939165.849,165.849,0.24,0.25,0.75,0.76,0.01,0.01,77264.42,1776939164000
1776939166.26,166.26,0.19,0.2,0.8,0.81,0.01,0.01,77264.42,1776939164000
1776939166.639,166.639,0.19,0.2,0.8,0.82,0.01,0.02,77266.29,1776939165000
1776939167.001,167.001,0.19,0.2,0.8,0.81,0.01,0.01,77266.29,1776939165000
1776939167.413,167.413,0.19,0.2,0.8,0.81,0.01,0.01,77266.29,1776939165000
1776939167.782,167.782,0.19,0.2,0.8,0.81,0.01,0.01,77266.28,1776939166000
1776939168.635,168.635,0.19,0.2,0.8,0.81,0.01,0.01,77264.66,1776939167000
1776939169.025,169.025,0.18,0.19,0.81,0.82,0.01,0.01,77264.66,1776939167000
1776939169.438,169.438,0.18,0.2,0.81,0.82,0.02,0.01,77253.09,1776939168000
1776939169.779,169.779,0.19,0.2,0.8,0.81,0.01,0.01,77253.09,1776939168000
1776939170.117,170.117,0.19,0.2,0.8,0.81,0.01,0.01,77253.09,1776939168000
1776939170.605,170.605,0.19,0.2,0.8,0.81,0.01,0.01,77253.01,1776939169000
1776939170.948,170.948,0.19,0.2,0.8,0.81,0.01,0.01,77253.01,1776939169000
1776939171.33,171.33,0.19,0.2,0.8,0.81,0.01,0.01,77252.66,1776939170000
1776939171.897,171.897,0.19,0.2,0.8,0.81,0.01,0.01,77252.66,1776939170000
1776939172.355,172.355,0.19,0.2,0.8,0.81,0.01,0.01,77252.66,1776939170000
1776939172.853,172.853,0.18,0.19,0.8,0.81,0.01,0.01,77252.66,1776939170000
1776939173.241,173.241,0.18,0.19,0.81,0.82,0.01,0.01,77251.32,1776939171000
1776939173.605,173.605,0.19,0.2,0.8,0.81,0.01,0.01,77252.01,1776939172000
1776939173.944,173.944,0.19,0.2,0.8,0.81,0.01,0.01,77252.01,1776939172000
1776939174.31,174.31,0.19,0.2,0.8,0.81,0.01,0.01,77252.01,1776939172000
1776939174.685,174.685,0.19,0.2,0.8,0.81,0.01,0.01,77253.1,1776939173000
1776939175.047,175.047,0.19,0.2,0.8,0.81,0.01,0.01,77253.84,1776939174000
1776939175.396,175.396,0.19,0.2,0.8,0.81,0.01,0.01,77253.84,1776939174000
1776939175.753,175.753,0.19,0.2,0.8,0.81,0.01,0.01,77253.84,1776939174000
1776939176.224,176.224,0.19,0.2,0.8,0.81,0.01,0.01,77254.36,1776939175000
1776939176.585,176.585,0.18,0.19,0.81,0.82,0.01,0.01,77254.36,1776939175000
1776939176.92,176.92,0.18,0.19,0.81,0.82,0.01,0.01,77254.49,1776939176000
1776939177.534,177.534,0.18,0.19,0.81,0.82,0.01,0.01,77254.49,1776939176000
1776939177.881,177.881,0.18,0.19,0.81,0.82,0.01,0.01,77254.4,1776939177000
1776939179.213,179.213,0.18,0.19,0.81,0.82,0.01,0.01,77254.4,1776939177000
1776939179.595,179.595,0.18,0.19,0.81,0.82,0.01,0.01,77254.87,1776939178000
1776939180.278,180.278,0.18,0.19,0.81,0.82,0.01,0.01,77255.07,1776939179000
1776939180.665,180.665,0.18,0.19,0.81,0.82,0.01,0.01,77255.07,1776939179000
1776939181.168,181.168,0.16,0.17,0.82,0.84,0.01,0.02,77255.07,1776939179000
1776939181.502,181.502,0.16,0.17,0.83,0.84,0.01,0.01,77255.06,1776939180000
1776939181.977,181.977,0.16,0.17,0.83,0.84,0.01,0.01,77255.06,1776939180000
1776939182.856,182.856,0.16,0.17,0.83,0.84,0.01,0.01,77255.35,1776939181000
1776939183.201,183.201,0.16,0.17,0.83,0.84,0.01,0.01,77255.08,1776939182000
1776939183.571,183.571,0.16,0.17,0.83,0.84,0.01,0.01,77255.08,1776939182000
1776939183.922,183.922,0.16,0.17,0.83,0.84,0.01,0.01,77255.08,1776939182000
1776939184.328,184.328,0.16,0.17,0.83,0.84,0.01,0.01,77255.07,1776939183000
1776939184.676,184.676,0.16,0.17,0.83,0.84,0.01,0.01,77255.07,1776939183000
1776939185.072,185.072,0.16,0.17,0.83,0.84,0.01,0.01,77255.07,1776939183000
1776939185.43,185.43,0.15,0.16,0.83,0.85,0.01,0.02,77255.07,1776939183000
1776939186.115,186.115,0.15,0.16,0.84,0.85,0.01,0.01,77254.95,1776939184000
1776939186.608,186.608,0.15,0.16,0.84,0.85,0.01,0.01,77254.94,1776939185000
1776939186.953,186.953,0.15,0.16,0.84,0.85,0.01,0.01,77254.94,1776939185000
1776939187.403,187.403,0.14,0.16,0.84,0.85,0.02,0.01,77254.94,1776939185000
1776939187.736,187.736,0.1,0.11,0.89,0.9,0.01,0.01,77254.93,1776939186000
1776939188.082,188.082,0.09,0.1,0.89,0.91,0.01,0.02,77254.93,1776939186000
1776939188.457,188.457,0.09,0.1,0.9,0.91,0.01,0.01,77254.47,1776939187000
1776939188.824,188.824,0.09,0.1,0.9,0.91,0.01,0.01,77254.47,1776939187000
1776939189.209,189.209,0.09,0.1,0.9,0.91,0.01,0.01,77254.47,1776939187000
1776939189.555,189.555,0.09,0.1,0.9,0.91,0.01,0.01,77254.47,1776939187000
1776939189.933,189.933,0.09,0.1,0.9,0.91,0.01,0.01,77244.56,1776939188000
1776939190.281,190.281,0.09,0.1,0.9,0.91,0.01,0.01,77244.56,1776939188000
1776939190.754,190.754,0.09,0.1,0.9,0.91,0.01,0.01,77240,1776939189000
1776939191.133,191.133,0.09,0.1,0.9,0.91,0.01,0.01,77240,1776939189000
1776939191.609,191.609,0.09,0.1,0.9,0.91,0.01,0.01,77238.15,1776939190000
1776939191.971,191.971,0.09,0.1,0.9,0.91,0.01,0.01,77238.15,1776939190000
1776939192.447,192.447,0.09,0.1,0.9,0.91,0.01,0.01,77238.05,1776939191000
1776939193.092,193.092,0.09,0.1,0.9,0.91,0.01,0.01,77238.05,1776939191000
1776939193.566,193.566,0.11,0.12,0.88,0.89,0.01,0.01,77238.05,1776939191000
1776939194.136,194.136,0.12,0.13,0.87,0.88,0.01,0.01,77237.4,1776939192000
1776939194.897,194.897,0.13,0.14,0.86,0.87,0.01,0.01,77237.89,1776939193000
1776939195.604,195.604,0.13,0.14,0.86,0.87,0.01,0.01,77244.18,1776939194000
1776939196.253,196.253,0.13,0.14,0.86,0.87,0.01,0.01,77244.18,1776939194000
1776939196.599,196.599,0.13,0.14,0.86,0.87,0.01,0.01,77248.84,1776939195000
1776939196.938,196.938,0.13,0.14,0.86,0.87,0.01,0.01,77248.84,1776939195000
1776939197.87,197.87,0.14,0.16,0.85,0.86,0.02,0.01,77248.84,1776939195000
1776939198.442,198.442,0.15,0.16,0.84,0.85,0.01,0.01,77256.64,1776939197000
1776939198.812,198.812,0.14,0.15,0.85,0.86,0.01,0.01,77256.64,1776939197000
1776939199.251,199.251,0.14,0.15,0.84,0.86,0.01,0.02,77256.64,1776939197000
1776939199.665,199.665,0.11,0.13,0.87,0.89,0.02,0.02,77257.46,1776939198000
1776939200.155,200.155,0.1,0.11,0.88,0.9,0.01,0.02,77257.46,1776939198000
1776939200.522,200.522,0.1,0.11,0.89,0.9,0.01,0.01,77256.67,1776939199000
1776939200.97,200.97,0.1,0.11,0.89,0.9,0.01,0.01,77256.67,1776939199000
1776939201.333,201.333,0.09,0.1,0.9,0.91,0.01,0.01,77256.67,1776939199000
1776939202.055,202.055,0.09,0.1,0.89,0.91,0.01,0.02,77249.04,1776939200000
1776939202.628,202.628,0.09,0.1,0.9,0.91,0.01,0.01,77249.04,1776939200000
1776939203.037,203.037,0.09,0.1,0.9,0.91,0.01,0.01,77242.86,1776939201000
1776939203.539,203.539,0.09,0.1,0.9,0.91,0.01,0.01,77242.15,1776939202000
1776939203.955,203.955,0.1,0.11,0.89,0.91,0.01,0.02,77242.15,1776939202000
1776939204.523,204.523,0.1,0.11,0.89,0.9,0.01,0.01,77242.03,1776939203000
1776939204.946,204.946,0.1,0.11,0.89,0.9,0.01,0.01,77242.03,1776939203000
1776939205.444,205.444,0.1,0.11,0.89,0.9,0.01,0.01,77241.79,1776939204000
1776939205.995,205.995,0.1,0.11,0.89,0.9,0.01,0.01,77241.79,1776939204000
1776939207.249,207.249,0.08,0.11,0.89,0.9,0.03,0.01,77245.94,1776939205000
1776939207.646,207.646,0.08,0.1,0.89,0.92,0.02,0.03,77243.65,1776939206000
1776939208.078,208.078,0.07,0.08,0.92,0.93,0.01,0.01,77243.41,1776939207000
1776939208.524,208.524,0.07,0.08,0.92,0.93,0.01,0.01,77243.41,1776939207000
1776939208.895,208.895,0.07,0.08,0.92,0.93,0.01,0.01,77243.41,1776939207000
1776939209.576,209.576,0.07,0.08,0.92,0.93,0.01,0.01,77241.91,1776939208000
1776939209.935,209.935,0.07,0.08,0.92,0.93,0.01,0.01,77241.91,1776939208000
1776939210.285,210.285,0.07,0.08,0.92,0.93,0.01,0.01,77238.72,1776939209000
1776939211.481,211.481,0.07,0.08,0.92,0.93,0.01,0.01,77237.67,1776939210000
1776939211.842,211.842,0.07,0.08,0.92,0.93,0.01,0.01,77237.67,1776939210000
1776939212.366,212.366,0.07,0.08,0.92,0.93,0.01,0.01,77237.87,1776939211000
1776939212.856,212.856,0.07,0.08,0.92,0.93,0.01,0.01,77237.87,1776939211000
1776939213.327,213.327,0.07,0.08,0.92,0.93,0.01,0.01,77237.54,1776939212000
1776939213.778,213.778,0.07,0.08,0.92,0.93,0.01,0.01,77237.54,1776939212000
1776939214.167,214.167,0.07,0.08,0.92,0.93,0.01,0.01,77239.34,1776939213000
1776939214.736,214.736,0.07,0.08,0.92,0.93,0.01,0.01,77239.34,1776939213000
1776939215.223,215.223,0.07,0.08,0.92,0.93,0.01,0.01,77239.34,1776939213000
1776939215.914,215.914,0.07,0.08,0.92,0.93,0.01,0.01,77231.6,1776939214000
1776939216.399,216.399,0.07,0.08,0.92,0.94,0.01,0.02,77231.6,1776939214000
1776939216.873,216.873,0.06,0.07,0.93,0.94,0.01,0.01,77230.53,1776939215000
1776939217.213,217.213,0.06,0.08,0.92,0.93,0.02,0.01,77230.53,1776939215000
1776939217.632,217.632,0.05,0.07,0.93,0.95,0.02,0.02,77230.74,1776939216000
1776939217.966,217.966,0.05,0.06,0.94,0.95,0.01,0.01,77230.74,1776939216000
1776939218.468,218.468,0.04,0.05,0.95,0.96,0.01,0.01,77231.03,1776939217000
1776939218.805,218.805,0.04,0.05,0.95,0.96,0.01,0.01,77231.03,1776939217000
1776939219.259,219.259,0.04,0.05,0.95,0.96,0.01,0.01,77231.03,1776939217000
1776939219.617,219.617,0.04,0.05,0.95,0.96,0.01,0.01,77230.76,1776939218000
1776939219.998,219.998,0.04,0.05,0.95,0.96,0.01,0.01,77230.76,1776939218000
1776939220.342,220.342,0.04,0.05,0.95,0.96,0.01,0.01,77230.75,1776939219000
1776939221.251,221.251,0.04,0.05,0.95,0.96,0.01,0.01,77229.2,1776939220000
1776939222.575,222.575,0.04,0.05,0.95,0.96,0.01,0.01,77226.51,1776939221000
1776939222.95,222.95,0.03,0.05,0.95,0.96,0.02,0.01,77226.51,1776939221000
1776939223.396,223.396,0.03,0.04,0.95,0.97,0.01,0.02,77223.19,1776939222000
1776939223.895,223.895,0.03,0.04,0.96,0.97,0.01,0.01,77223.19,1776939222000
1776939224.347,224.347,0.03,0.04,0.96,0.97,0.01,0.01,77223.19,1776939222000
1776939224.682,224.682,0.03,0.05,0.95,0.97,0.02,0.02,77228.81,1776939223000
1776939225.169,225.169,0.04,0.05,0.95,0.96,0.01,0.01,77228.81,1776939223000
1776939225.545,225.545,0.04,0.05,0.95,0.96,0.01,0.01,77228.74,1776939224000
1776939225.893,225.893,0.03,0.04,0.96,0.97,0.01,0.01,77228.74,1776939224000
1776939226.244,226.244,0.03,0.04,0.96,0.97,0.01,0.01,77228.74,1776939224000
1776939226.585,226.585,0.03,0.04,0.96,0.97,0.01,0.01,77227.79,1776939225000
1776939226.923,226.923,0.03,0.04,0.96,0.97,0.01,0.01,77227.79,1776939225000
1776939227.297,227.297,0.02,0.03,0.97,0.98,0.01,0.01,77227.54,1776939226000
1776939227.691,227.691,0.03,0.04,0.97,0.98,0.01,0.01,77227.54,1776939226000
1776939228.038,228.038,0.03,0.04,0.96,0.97,0.01,0.01,77227.54,1776939226000
1776939228.464,228.464,0.02,0.03,0.97,0.98,0.01,0.01,77226.88,1776939227000
1776939228.8,228.8,0.02,0.03,0.97,0.98,0.01,0.01,77226.88,1776939227000
1776939229.172,229.172,0.02,0.03,0.97,0.98,0.01,0.01,77226.88,1776939227000
1776939229.507,229.507,0.02,0.03,0.97,0.98,0.01,0.01,77226.88,1776939227000
1776939229.857,229.857,0.02,0.03,0.97,0.98,0.01,0.01,77226.7,1776939228000
1776939230.569,230.569,0.02,0.03,0.97,0.98,0.01,0.01,77226.69,1776939229000
1776939230.915,230.915,0.02,0.03,0.97,0.98,0.01,0.01,77226.69,1776939229000
1776939231.744,231.744,0.02,0.03,0.97,0.98,0.01,0.01,77222.94,1776939230000
1776939232.115,232.115,0.02,0.03,0.97,0.98,0.01,0.01,77222.94,1776939230000
1776939232.464,232.464,0.02,0.03,0.97,0.98,0.01,0.01,77222.94,1776939231000
1776939232.895,232.895,0.02,0.03,0.97,0.98,0.01,0.01,77223.17,1776939232000
1776939233.268,233.268,0.02,0.03,0.97,0.98,0.01,0.01,77223.17,1776939232000
1776939234.069,234.069,0.02,0.03,0.97,0.98,0.01,0.01,77223.17,1776939232000
1776939234.428,234.428,0.02,0.03,0.97,0.98,0.01,0.01,77223.17,1776939232000
1776939234.885,234.885,0.02,0.04,0.97,0.98,0.02,0.01,77228.47,1776939233000
1776939235.245,235.245,0.03,0.04,0.96,0.97,0.01,0.01,77228.47,1776939233000
1776939235.605,235.605,0.02,0.04,0.96,0.98,0.02,0.02,77229.1,1776939234000
1776939235.994,235.994,0.02,0.04,0.96,0.98,0.02,0.02,77229.1,1776939234000
1776939236.376,236.376,0.02,0.03,0.97,0.99,0.01,0.02,77229.0,1776939235000
1776939236.859,236.859,0.03,0.04,0.97,0.98,0.01,0.01,77229.0,1776939235000
1776939237.407,237.407,0.03,0.04,0.96,0.97,0.01,0.01,77228.94,1776939236000
1776939237.814,237.814,0.03,0.04,0.96,0.97,0.01,0.01,77228.94,1776939236000
1776939238.26,238.26,0.02,0.03,0.96,0.98,0.01,0.02,77228.94,1776939236000
1776939238.621,238.621,0.02,0.04,0.97,0.98,0.02,0.01,77228.17,1776939237000
1776939238.963,238.963,0.02,0.04,0.97,0.98,0.02,0.01,77228.17,1776939237000
1776939239.362,239.362,0.02,0.03,0.96,0.98,0.01,0.02,77228.17,1776939237000
1776939239.83,239.83,0.02,0.03,0.97,0.98,0.01,0.01,77228.17,1776939237000
1776939240.502,240.502,0.02,0.03,0.97,0.98,0.01,0.01,77228.17,1776939237000
1776939240.883,240.883,0.01,0.02,0.98,0.99,0.01,0.01,77228.17,1776939237000
1776939241.43,241.43,0.01,0.02,0.98,0.99,0.01,0.01,77228.17,1776939237000
1776939241.814,241.814,0.01,0.02,0.98,0.99,0.01,0.01,77228.17,1776939237000
1776939242.456,242.456,0.01,0.02,0.98,0.99,0.01,0.01,77228.17,1776939237000
1776939242.855,242.855,0.01,0.02,0.98,0.99,0.01,0.01,77228.17,1776939237000
1776939243.196,243.196,0.01,0.02,0.98,0.99,0.01,0.01,77228.17,1776939237000
1776939243.548,243.548,0.01,0.02,0.98,0.99,0.01,0.01,77228.17,1776939237000
1776939243.927,243.927,0.01,0.02,0.98,0.99,0.01,0.01,77228.17,1776939237000
1776939244.261,244.261,0.01,0.02,0.98,0.99,0.01,0.01,77228.17,1776939237000
1776939244.653,244.653,0.01,0.02,0.98,0.99,0.01,0.01,77228.17,1776939237000
1776939244.996,244.996,0.01,0.02,0.98,0.99,0.01,0.01,77228.17,1776939237000
1776939245.388,245.388,0.01,0.02,0.98,0.99,0.01,0.01,77228.17,1776939237000
1776939245.866,245.866,0.01,0.02,0.98,0.99,0.01,0.01,77228.17,1776939237000
1776939246.294,246.294,0.01,0.02,0.98,0.99,0.01,0.01,77217.52,1776939245000
1776939246.669,246.669,0.01,0.02,0.98,0.99,0.01,0.01,77217.52,1776939245000
1776939247.006,247.006,0.01,0.02,0.98,0.99,0.01,0.01,77217.52,1776939245000
1776939247.357,247.357,0.01,0.02,0.98,0.99,0.01,0.01,77217.23,1776939246000
1776939247.739,247.739,0.01,0.02,0.98,0.99,0.01,0.01,77217.23,1776939246000
1776939248.485,248.485,0.01,0.02,0.98,0.99,0.01,0.01,77217.23,1776939246000
1776939248.834,248.834,0.01,0.02,0.98,0.99,0.01,0.01,77217.0,1776939247000
1776939249.353,249.353,0.01,0.02,0.98,0.99,0.01,0.01,77217.42,1776939248000
1776939250.395,250.395,0.01,0.02,0.98,0.99,0.01,0.01,77217.42,1776939248000
1776939250.762,250.762,0.01,0.02,0.98,0.99,0.01,0.01,77217.33,1776939249000
1776939251.111,251.111,0.01,0.02,0.98,0.99,0.01,0.01,77217.21,1776939250000
1776939251.533,251.533,0.01,0.02,0.98,0.99,0.01,0.01,77217.21,1776939250000
1776939251.869,251.869,0.01,0.02,0.98,0.99,0.01,0.01,77217.21,1776939250000
1776939252.265,252.265,0.01,0.02,0.98,0.99,0.01,0.01,77217.21,1776939250000
1776939252.665,252.665,0.01,0.02,0.98,0.99,0.01,0.01,77217.17,1776939251000
1776939253.049,253.049,0.01,0.02,0.98,0.99,0.01,0.01,77217.17,1776939251000
1776939253.434,253.434,0.01,0.02,0.98,0.99,0.01,0.01,77217.17,1776939251000
1776939254.076,254.076,0.01,0.02,0.98,0.99,0.01,0.01,77216.87,1776939253000
1776939255.107,255.107,0.01,0.02,0.98,0.99,0.01,0.01,77210.48,1776939254000
1776939255.991,255.991,0.01,0.02,0.98,0.99,0.01,0.01,77210.48,1776939254000
1776939256.325,256.325,0.01,0.02,0.98,0.99,0.01,0.01,77210.37,1776939255000
1776939256.683,256.683,0.01,0.02,0.98,0.99,0.01,0.01,77210.37,1776939255000
1776939257.191,257.191,0.01,0.02,0.98,0.99,0.01,0.01,77210.37,1776939255000
1776939257.559,257.559,0.01,0.02,0.98,0.99,0.01,0.01,77210.41,1776939256000
1776939257.921,257.921,0.01,0.02,0.98,0.99,0.01,0.01,77210.41,1776939256000
1776939258.33,258.33,0.01,0.02,0.98,0.99,0.01,0.01,77210.41,1776939256000
1776939258.754,258.754,0.01,0.02,0.96,0.99,0.01,0.03,77210.5,1776939257000
1776939259.103,259.103,0.01,0.02,0.98,0.99,0.01,0.01,77210.46,1776939258000
1776939259.504,259.504,0.01,0.02,0.98,0.99,0.01,0.01,77210.46,1776939258000
1776939259.863,259.863,0.01,0.02,0.98,0.99,0.01,0.01,77210.46,1776939258000
1776939260.233,260.233,0.01,0.02,0.98,0.99,0.01,0.01,77210.44,1776939259000
1776939260.655,260.655,0.01,0.02,0.98,0.99,0.01,0.01,77210.44,1776939259000
1776939261.037,261.037,0.01,0.02,0.98,0.99,0.01,0.01,77210.44,1776939259000
1776939261.384,261.384,0.01,0.02,0.98,0.99,0.01,0.01,77210.2,1776939260000
1776939261.726,261.726,0.01,0.02,0.98,0.99,0.01,0.01,77210.2,1776939260000
1776939262.098,262.098,0.01,0.01,0.99,0.99,0.0,0.0,77210.2,1776939260000
1776939262.433,262.433,0.01,0.01,0.99,0.99,0.0,0.0,77210.23,1776939261000
1776939262.908,262.908,0.01,0.01,0.99,0.99,0.0,0.0,77210.23,1776939261000
1776939263.354,263.354,0.01,0.01,0.99,0.99,0.0,0.0,77210.23,1776939261000
1776939263.741,263.741,0.01,0.01,0.99,0.99,0.0,0.0,77210.15,1776939262000
1776939264.319,264.319,0.01,0.01,0.99,0.99,0.0,0.0,77209.69,1776939263000
1776939264.916,264.916,0.01,0.01,0.99,0.99,0.0,0.0,77209.69,1776939263000
1776939265.253,265.253,0.01,0.01,0.99,0.99,0.0,0.0,77209.69,1776939263000
1776939265.614,265.614,0.01,0.02,0.98,0.99,0.01,0.01,77209.69,1776939263000
1776939265.958,265.958,0.01,0.02,0.98,0.99,0.01,0.01,77197.01,1776939264000
1776939266.426,266.426,0.03,0.04,0.96,0.97,0.01,0.01,77204.09,1776939265000
1776939266.795,266.795,0.02,0.03,0.97,0.98,0.01,0.01,77204.09,1776939265000
1776939267.149,267.149,0.01,0.03,0.97,0.98,0.02,0.01,77204.09,1776939265000
1776939267.547,267.547,0.01,0.02,0.98,0.99,0.01,0.01,77204.09,1776939265000
1776939267.905,267.905,0.01,0.02,0.98,0.99,0.01,0.01,77224.73,1776939266000
1776939268.254,268.254,0.01,0.02,0.98,0.99,0.01,0.01,77224.73,1776939266000
1776939269.054,269.054,0.01,0.02,0.98,0.99,0.01,0.01,77228.03,1776939267000
1776939269.409,269.409,0.01,0.02,0.98,0.99,0.01,0.01,77228.03,1776939267000
1776939269.858,269.858,0.01,0.02,0.98,0.99,0.01,0.01,77228.81,1776939268000
1776939270.338,270.338,0.01,0.01,0.99,0.99,0.0,0.0,77228.81,1776939269000
1776939270.716,270.716,0.02,0.03,0.97,0.99,0.01,0.02,77228.81,1776939269000
1776939271.05,271.05,0.01,0.02,0.98,0.99,0.01,0.01,77228.81,1776939269000
1776939271.385,271.385,0.01,0.02,0.98,0.99,0.01,0.01,77228.81,1776939269000
1776939271.757,271.757,0.01,0.02,0.98,0.99,0.01,0.01,77228.81,1776939269000
1776939272.296,272.296,0.01,0.01,0.98,0.99,0.0,0.01,77228.87,1776939270000
1776939272.65,272.65,0.01,0.01,0.99,0.99,0.0,0.0,77228.87,1776939271000
1776939273.254,273.254,0.01,0.02,0.98,0.99,0.01,0.01,77229.47,1776939272000
1776939273.608,273.608,0.01,0.02,0.98,0.99,0.01,0.01,77229.47,1776939272000
1776939274.236,274.236,0.01,0.02,0.98,0.99,0.01,0.01,77229.47,1776939272000
1776939274.571,274.571,0.01,0.02,0.98,0.99,0.01,0.01,77233.82,1776939273000
1776939275.08,275.08,0.01,0.02,0.98,0.99,0.01,0.01,77233.82,1776939273000
1776939275.499,275.499,0.01,0.02,0.97,0.99,0.01,0.02,77235.18,1776939274000
1776939275.875,275.875,0.01,0.02,0.98,0.99,0.01,0.01,77235.18,1776939274000
1776939276.441,276.441,0.01,0.02,0.98,0.99,0.01,0.01,77235.18,1776939274000
1776939277.063,277.063,0.01,0.02,0.98,0.99,0.01,0.01,77235.21,1776939275000
1776939277.431,277.431,0.01,0.02,0.98,0.99,0.01,0.01,77235.21,1776939276000
1776939278.397,278.397,0.01,0.02,0.98,0.99,0.01,0.01,77235.25,1776939277000
1776939279.278,279.278,0.01,0.01,0.99,0.99,0.0,0.0,77235.51,1776939278000
1776939279.639,279.639,0.01,0.01,0.99,0.99,0.0,0.0,77235.51,1776939278000
1776939280.37,280.37,0.01,0.01,0.99,0.99,0.0,0.0,77235.51,1776939278000
1776939280.719,280.719,0.07,0.08,0.92,0.93,0.01,0.01,77235.51,1776939278000
1776939281.054,281.054,0.05,0.06,0.94,0.95,0.01,0.01,77241.69,1776939279000
1776939281.408,281.408,0.05,0.06,0.94,0.95,0.01,0.01,77243.63,1776939280000
1776939282.0,282.0,0.02,0.03,0.97,0.98,0.01,0.01,77243.63,1776939280000
1776939282.4,282.4,0.02,0.03,0.97,0.98,0.01,0.01,77243.63,1776939280000
1776939282.781,282.781,0.02,0.03,0.97,0.98,0.01,0.01,77244.89,1776939281000
1776939283.14,283.14,0.02,0.11,0.97,0.98,0.09,0.01,77248.45,1776939282000
1776939283.49,283.49,0.02,0.03,0.97,0.98,0.01,0.01,77248.45,1776939282000
1776939283.994,283.994,0.02,0.03,0.97,0.98,0.01,0.01,77249.89,1776939283000
1776939284.4,284.4,0.02,0.03,0.89,0.98,0.01,0.09,77249.89,1776939283000
1776939284.779,284.779,0.02,0.03,0.97,0.98,0.01,0.01,77249.89,1776939283000
1776939285.421,285.421,0.02,0.03,0.97,0.98,0.01,0.01,77250.31,1776939284000
1776939285.915,285.915,0.01,0.02,0.98,0.99,0.01,0.01,77250.31,1776939284000
1776939286.427,286.427,0.01,0.02,0.98,0.99,0.01,0.01,77249.73,1776939285000
1776939287.015,287.015,0.01,0.02,0.98,0.99,0.01,0.01,77249.73,1776939285000
1776939287.352,287.352,0.01,0.02,0.98,0.99,0.01,0.01,77245.92,1776939286000
1776939287.807,287.807,0.01,0.02,0.98,0.99,0.01,0.01,77245.92,1776939286000
1776939288.158,288.158,0.01,0.02,0.98,0.99,0.01,0.01,77245.92,1776939286000
1776939288.512,288.512,0.01,0.02,0.98,0.99,0.01,0.01,77246.15,1776939287000
1776939288.917,288.917,0.01,0.02,0.98,0.99,0.01,0.01,77246.15,1776939288000
1776939289.505,289.505,0.01,0.01,0.98,0.99,0.0,0.01,77246.15,1776939288000
1776939289.97,289.97,0.01,0.01,0.99,0.99,0.0,0.0,77246.15,1776939288000
1776939290.338,290.338,0.01,0.01,0.99,0.99,0.0,0.0,77246.15,1776939288000
1776939291.163,291.163,0.01,0.01,0.99,0.99,0.0,0.0,77246.17,1776939289000
1776939291.925,291.925,0.01,0.01,0.99,0.99,0.0,0.0,77246.73,1776939290000
1776939292.303,292.303,0.01,0.01,0.99,0.99,0.0,0.0,77247.44,1776939291000
1776939293.234,293.234,0.01,0.01,0.99,0.99,0.0,0.0,77244.8,1776939292000
1776939293.79,293.79,0.01,0.01,0.99,0.99,0.0,0.0,77244.8,1776939292000
1776939294.454,294.454,0.01,0.01,0.99,0.99,0.0,0.0,77244.8,1776939292000
1776939294.958,294.958,0.01,0.01,0.99,0.99,0.0,0.0,77237.99,1776939293000
1776939295.761,295.761,0.01,0.01,0.99,0.99,0.0,0.0,77238.25,1776939294000
1776939296.454,296.454,0.01,0.01,0.99,0.99,0.0,0.0,77238.25,1776939295000
1776939296.934,296.934,0.01,0.01,0.99,0.99,0.0,0.0,77238.25,1776939295000
1776939298.262,298.262,0.01,0.01,0.99,0.99,0.0,0.0,77236.64,1776939297000
1776939298.652,298.652,0.01,0.01,0.99,0.99,0.0,0.0,77236.64,1776939297000
1776939299.399,299.399,0.01,0.01,0.99,0.99,0.0,0.0,77236.64,1776939297000
1776939300.121,300.121,0.01,0.01,0.99,0.99,0.0,0.0,77236.84,1776939299000
1776939300.651,300.651,0.01,0.01,0.99,0.99,0.0,0.0,77236.84,1776939299000
1776939301.307,301.307,0.01,0.01,0.99,0.99,0.0,0.0,77236.88,1776939300000

# RESULT,winner=Down,slug=btc-updown-5m-1776939000,ticks=656
