timestamp,elapsed_sec,up_bid,up_ask,down_bid,down_ask,up_spread,down_spread,btc_price,btc_oracle_ts
1777078800.609,0.609,0.49,0.5,0.5,0.51,0.01,0.01,77479.46,1777078799000
1777078800.968,0.968,0.49,0.5,0.5,0.51,0.01,0.01,77479.46,1777078799000
1777078801.366,1.366,0.54,0.55,0.45,0.46,0.01,0.01,77479.59,1777078800000
1777078801.713,1.713,0.54,0.55,0.45,0.46,0.01,0.01,77479.59,1777078800000
1777078802.103,2.103,0.54,0.55,0.45,0.46,0.01,0.01,77479.59,1777078800000
1777078802.466,2.466,0.54,0.55,0.45,0.46,0.01,0.01,77481.91,1777078801000
1777078802.849,2.849,0.54,0.55,0.45,0.46,0.01,0.01,77481.91,1777078801000
1777078803.2,3.2,0.54,0.55,0.45,0.46,0.01,0.01,77481.91,1777078801000
1777078803.599,3.599,0.54,0.55,0.45,0.46,0.01,0.01,77485.27,1777078802000
1777078803.989,3.989,0.56,0.59,0.44,0.45,0.03,0.01,77485.27,1777078802000
1777078804.344,4.344,0.58,0.59,0.41,0.43,0.01,0.02,77485.27,1777078802000
1777078804.896,4.896,0.58,0.59,0.41,0.42,0.01,0.01,77486.89,1777078803000
1777078805.258,5.258,0.58,0.59,0.41,0.42,0.01,0.01,77486.98,1777078804000
1777078805.601,5.601,0.58,0.59,0.41,0.42,0.01,0.01,77486.98,1777078804000
1777078805.993,5.993,0.58,0.59,0.41,0.42,0.01,0.01,77487.23,1777078805000
1777078806.416,6.416,0.58,0.59,0.41,0.42,0.01,0.01,77487.23,1777078805000
1777078806.826,6.826,0.58,0.59,0.41,0.42,0.01,0.01,77487.23,1777078805000
1777078807.184,7.184,0.58,0.59,0.41,0.42,0.01,0.01,77490.93,1777078806000
1777078807.676,7.676,0.58,0.59,0.41,0.42,0.01,0.01,77490.93,1777078806000
1777078808.029,8.029,0.58,0.59,0.41,0.42,0.01,0.01,77489.74,1777078807000
1777078808.39,8.39,0.58,0.59,0.41,0.42,0.01,0.01,77489.74,1777078807000
1777078808.831,8.831,0.59,0.6,0.4,0.42,0.01,0.02,77489.74,1777078807000
1777078809.166,9.166,0.59,0.6,0.4,0.41,0.01,0.01,77491.54,1777078808000
1777078809.508,9.508,0.59,0.6,0.4,0.41,0.01,0.01,77491.54,1777078808000
1777078809.96,9.96,0.6,0.61,0.39,0.41,0.01,0.02,77491.54,1777078808000
1777078810.362,10.362,0.6,0.61,0.39,0.4,0.01,0.01,77491.61,1777078809000
1777078810.698,10.698,0.6,0.61,0.39,0.4,0.01,0.01,77491.61,1777078809000
1777078811.033,11.033,0.6,0.61,0.39,0.4,0.01,0.01,77491.61,1777078809000
1777078811.539,11.539,0.6,0.61,0.39,0.4,0.01,0.01,77491.7,1777078810000
1777078811.943,11.943,0.6,0.62,0.39,0.4,0.02,0.01,77491.7,1777078810000
1777078812.501,12.501,0.61,0.62,0.38,0.39,0.01,0.01,77491.7,1777078811000
1777078813.2,13.2,0.61,0.62,0.38,0.39,0.01,0.01,77492.07,1777078812000
1777078813.678,13.678,0.61,0.62,0.38,0.39,0.01,0.01,77492.07,1777078812000
1777078814.203,14.203,0.61,0.62,0.38,0.39,0.01,0.01,77492.07,1777078812000
1777078814.713,14.713,0.67,0.68,0.32,0.34,0.01,0.02,77492.07,1777078813000
1777078815.21,15.21,0.67,0.68,0.32,0.33,0.01,0.01,77492.07,1777078813000
1777078815.756,15.756,0.68,0.69,0.31,0.32,0.01,0.01,77492.07,1777078813000
1777078816.188,16.188,0.68,0.69,0.31,0.32,0.01,0.01,77492.66,1777078814000
1777078816.584,16.584,0.68,0.69,0.31,0.32,0.01,0.01,77492.66,1777078814000
1777078817.027,17.027,0.68,0.69,0.31,0.32,0.01,0.01,77493.52,1777078815000
1777078817.537,17.537,0.68,0.69,0.31,0.32,0.01,0.01,77494.88,1777078816000
1777078817.884,17.884,0.68,0.7,0.31,0.32,0.02,0.01,77494.88,1777078816000
1777078818.236,18.236,0.69,0.7,0.3,0.31,0.01,0.01,77495.17,1777078817000
1777078818.611,18.611,0.69,0.7,0.3,0.31,0.01,0.01,77495.17,1777078817000
1777078818.984,18.984,0.69,0.7,0.3,0.31,0.01,0.01,77495.17,1777078817000
1777078819.361,19.361,0.69,0.7,0.3,0.31,0.01,0.01,77493.93,1777078818000
1777078820.161,20.161,0.69,0.7,0.3,0.31,0.01,0.01,77495.88,1777078819000
1777078820.732,20.732,0.69,0.7,0.3,0.31,0.01,0.01,77495.88,1777078819000
1777078821.396,21.396,0.69,0.7,0.3,0.31,0.01,0.01,77496.31,1777078820000
1777078821.751,21.751,0.69,0.7,0.3,0.31,0.01,0.01,77496.31,1777078820000
1777078822.168,22.168,0.69,0.7,0.3,0.31,0.01,0.01,77496.31,1777078820000
1777078822.534,22.534,0.69,0.7,0.3,0.31,0.01,0.01,77496.39,1777078821000
1777078823.168,23.168,0.69,0.7,0.3,0.31,0.01,0.01,77496.39,1777078822000
1777078823.69,23.69,0.69,0.7,0.3,0.31,0.01,0.01,77496.39,1777078822000
1777078824.189,24.189,0.69,0.71,0.29,0.31,0.02,0.02,77496.44,1777078823000
1777078824.96,24.96,0.69,0.71,0.29,0.31,0.02,0.02,77496.44,1777078823000
1777078825.36,25.36,0.7,0.71,0.29,0.3,0.01,0.01,77496.66,1777078824000
1777078825.695,25.695,0.7,0.71,0.29,0.3,0.01,0.01,77496.66,1777078824000
1777078826.46,26.46,0.7,0.71,0.29,0.3,0.01,0.01,77495.64,1777078825000
1777078827.107,27.107,0.7,0.71,0.29,0.3,0.01,0.01,77495.63,1777078826000
1777078827.684,27.684,0.7,0.71,0.29,0.3,0.01,0.01,77495.63,1777078826000
1777078828.177,28.177,0.7,0.71,0.29,0.3,0.01,0.01,77495.63,1777078826000
1777078828.543,28.543,0.7,0.71,0.29,0.3,0.01,0.01,77495.62,1777078827000
1777078829.113,29.113,0.7,0.71,0.29,0.3,0.01,0.01,77496.68,1777078828000
1777078829.499,29.499,0.7,0.71,0.29,0.3,0.01,0.01,77496.68,1777078828000
1777078829.973,29.973,0.7,0.71,0.29,0.3,0.01,0.01,77496.68,1777078828000
1777078830.339,30.339,0.7,0.71,0.29,0.3,0.01,0.01,77496.68,1777078828000
1777078830.963,30.963,0.7,0.71,0.29,0.3,0.01,0.01,77496.97,1777078829000
1777078831.358,31.358,0.7,0.71,0.29,0.3,0.01,0.01,77497.38,1777078830000
1777078831.803,31.803,0.7,0.71,0.29,0.3,0.01,0.01,77497.38,1777078830000
1777078832.149,32.149,0.71,0.72,0.28,0.29,0.01,0.01,77497.38,1777078830000
1777078832.566,32.566,0.71,0.72,0.28,0.29,0.01,0.01,77494.39,1777078831000
1777078832.934,32.934,0.71,0.72,0.28,0.29,0.01,0.01,77494.39,1777078831000
1777078833.461,33.461,0.71,0.72,0.28,0.29,0.01,0.01,77497.48,1777078832000
1777078833.896,33.896,0.71,0.72,0.28,0.29,0.01,0.01,77497.48,1777078832000
1777078834.284,34.284,0.71,0.72,0.28,0.29,0.01,0.01,77497.48,1777078832000
1777078834.71,34.71,0.71,0.72,0.28,0.29,0.01,0.01,77497.48,1777078833000
1777078835.073,35.073,0.71,0.72,0.28,0.29,0.01,0.01,77497.48,1777078833000
1777078835.438,35.438,0.71,0.72,0.28,0.29,0.01,0.01,77497.48,1777078833000
1777078835.781,35.781,0.71,0.72,0.28,0.29,0.01,0.01,77497.48,1777078834000
1777078836.143,36.143,0.71,0.72,0.28,0.29,0.01,0.01,77497.48,1777078835000
1777078836.659,36.659,0.71,0.72,0.28,0.29,0.01,0.01,77497.48,1777078835000
1777078837.387,37.387,0.71,0.72,0.27,0.29,0.01,0.02,77497.51,1777078836000
1777078837.768,37.768,0.72,0.73,0.27,0.28,0.01,0.01,77497.51,1777078836000
1777078838.143,38.143,0.72,0.73,0.27,0.28,0.01,0.01,77497.51,1777078837000
1777078838.627,38.627,0.72,0.73,0.27,0.28,0.01,0.01,77497.51,1777078837000
1777078839.086,39.086,0.71,0.73,0.27,0.28,0.02,0.01,77497.51,1777078838000
1777078839.44,39.44,0.71,0.72,0.28,0.29,0.01,0.01,77497.51,1777078838000
1777078839.792,39.792,0.71,0.72,0.28,0.29,0.01,0.01,77497.51,1777078838000
1777078840.347,40.347,0.71,0.72,0.28,0.29,0.01,0.01,77497.51,1777078839000
1777078840.85,40.85,0.71,0.72,0.28,0.29,0.01,0.01,77497.51,1777078840000
1777078841.251,41.251,0.71,0.72,0.28,0.29,0.01,0.01,77497.51,1777078840000
1777078841.67,41.67,0.71,0.72,0.28,0.29,0.01,0.01,77497.51,1777078840000
1777078842.152,42.152,0.71,0.72,0.28,0.29,0.01,0.01,77497.51,1777078840000
1777078842.584,42.584,0.72,0.73,0.27,0.28,0.01,0.01,77498.42,1777078841000
1777078843.185,43.185,0.72,0.73,0.27,0.28,0.01,0.01,77498.42,1777078841000
1777078843.52,43.52,0.77,0.78,0.21,0.23,0.01,0.02,77498.43,1777078842000
1777078843.864,43.864,0.7,0.78,0.22,0.28,0.08,0.06,77498.43,1777078842000
1777078844.213,44.213,0.77,0.78,0.22,0.23,0.01,0.01,77498.44,1777078843000
1777078844.664,44.664,0.77,0.78,0.22,0.23,0.01,0.01,77498.44,1777078843000
1777078845.035,45.035,0.76,0.77,0.22,0.23,0.01,0.01,77498.44,1777078843000
1777078845.416,45.416,0.76,0.77,0.23,0.24,0.01,0.01,77498.44,1777078843000
1777078845.83,45.83,0.76,0.77,0.23,0.24,0.01,0.01,77500.58,1777078844000
1777078846.188,46.188,0.75,0.76,0.24,0.25,0.01,0.01,77501.79,1777078845000
1777078846.611,46.611,0.75,0.76,0.24,0.25,0.01,0.01,77501.79,1777078845000
1777078846.946,46.946,0.73,0.74,0.26,0.27,0.01,0.01,77501.79,1777078845000
1777078847.551,47.551,0.73,0.74,0.26,0.27,0.01,0.01,77501.93,1777078846000
1777078847.988,47.988,0.73,0.74,0.26,0.27,0.01,0.01,77501.93,1777078846000
1777078849.095,49.095,0.73,0.79,0.26,0.27,0.06,0.01,77501.93,1777078847000
1777078849.46,49.46,0.77,0.79,0.25,0.27,0.02,0.02,77501.94,1777078848000
1777078849.94,49.94,0.72,0.77,0.23,0.27,0.05,0.04,77501.94,1777078848000
1777078850.324,50.324,0.76,0.77,0.23,0.24,0.01,0.01,77501.94,1777078849000
1777078850.75,50.75,0.76,0.77,0.23,0.24,0.01,0.01,77501.94,1777078849000
1777078851.156,51.156,0.76,0.77,0.23,0.24,0.01,0.01,77501.47,1777078850000
1777078851.497,51.497,0.76,0.77,0.23,0.24,0.01,0.01,77501.47,1777078850000
1777078851.968,51.968,0.76,0.77,0.23,0.24,0.01,0.01,77501.47,1777078850000
1777078852.387,52.387,0.76,0.77,0.23,0.24,0.01,0.01,77501.47,1777078850000
1777078852.785,52.785,0.76,0.77,0.23,0.24,0.01,0.01,77501.55,1777078851000
1777078853.328,53.328,0.77,0.78,0.22,0.23,0.01,0.01,77501.55,1777078852000
1777078853.746,53.746,0.77,0.78,0.22,0.23,0.01,0.01,77501.55,1777078852000
1777078854.135,54.135,0.77,0.78,0.22,0.23,0.01,0.01,77501.55,1777078853000
1777078854.602,54.602,0.77,0.78,0.22,0.23,0.01,0.01,77501.55,1777078853000
1777078855.344,55.344,0.77,0.78,0.22,0.23,0.01,0.01,77501.55,1777078854000
1777078855.889,55.889,0.77,0.78,0.22,0.23,0.01,0.01,77501.55,1777078854000
1777078856.256,56.256,0.77,0.78,0.22,0.23,0.01,0.01,77501.55,1777078854000
1777078856.714,56.714,0.77,0.78,0.22,0.23,0.01,0.01,77501.65,1777078855000
1777078857.077,57.077,0.77,0.78,0.22,0.23,0.01,0.01,77501.65,1777078855000
1777078857.598,57.598,0.77,0.78,0.22,0.23,0.01,0.01,77501.65,1777078856000
1777078858.058,58.058,0.77,0.78,0.22,0.23,0.01,0.01,77501.65,1777078856000
1777078858.437,58.437,0.77,0.78,0.22,0.23,0.01,0.01,77501.65,1777078856000
1777078859.083,59.083,0.77,0.78,0.22,0.23,0.01,0.01,77501.66,1777078857000
1777078859.437,59.437,0.77,0.78,0.22,0.23,0.01,0.01,77501.66,1777078857000
1777078859.771,59.771,0.77,0.78,0.22,0.23,0.01,0.01,77501.66,1777078858000
1777078860.546,60.546,0.77,0.78,0.22,0.23,0.01,0.01,77501.62,1777078859000
1777078860.92,60.92,0.7,0.72,0.28,0.3,0.02,0.02,77501.62,1777078859000
1777078861.265,61.265,0.68,0.69,0.31,0.32,0.01,0.01,77501.62,1777078860000
1777078861.603,61.603,0.68,0.69,0.31,0.32,0.01,0.01,77501.62,1777078860000
1777078862.04,62.04,0.68,0.69,0.31,0.32,0.01,0.01,77501.62,1777078860000
1777078862.387,62.387,0.68,0.69,0.31,0.32,0.01,0.01,77499.53,1777078861000
1777078862.754,62.754,0.68,0.69,0.31,0.32,0.01,0.01,77499.53,1777078861000
1777078863.621,63.621,0.68,0.69,0.31,0.32,0.01,0.01,77494.64,1777078862000
1777078864.049,64.049,0.68,0.69,0.31,0.32,0.01,0.01,77494.64,1777078862000
1777078864.454,64.454,0.73,0.74,0.19,0.32,0.01,0.13,77494.87,1777078863000
1777078865.071,65.071,0.73,0.74,0.26,0.27,0.01,0.01,77494.32,1777078864000
1777078865.514,65.514,0.71,0.72,0.27,0.29,0.01,0.02,77494.32,1777078864000
1777078865.865,65.865,0.71,0.72,0.28,0.29,0.01,0.01,77494.32,1777078864000
1777078866.554,66.554,0.71,0.72,0.28,0.29,0.01,0.01,77494.64,1777078865000
1777078867.234,67.234,0.71,0.72,0.28,0.29,0.01,0.01,77494.64,1777078865000
1777078867.591,67.591,0.66,0.67,0.32,0.35,0.01,0.03,77494.53,1777078866000
1777078868.131,68.131,0.66,0.67,0.33,0.34,0.01,0.01,77494.27,1777078867000
1777078868.801,68.801,0.66,0.67,0.33,0.34,0.01,0.01,77494.27,1777078867000
1777078869.139,69.139,0.66,0.67,0.33,0.34,0.01,0.01,77494.27,1777078867000
1777078870.196,70.196,0.66,0.67,0.33,0.34,0.01,0.01,77493.54,1777078869000
1777078870.633,70.633,0.66,0.67,0.33,0.34,0.01,0.01,77493.54,1777078869000
1777078871.137,71.137,0.66,0.67,0.33,0.34,0.01,0.01,77493.54,1777078869000
1777078871.503,71.503,0.66,0.67,0.33,0.34,0.01,0.01,77493.55,1777078870000
1777078871.913,71.913,0.66,0.67,0.33,0.34,0.01,0.01,77493.55,1777078870000
1777078872.377,72.377,0.66,0.67,0.33,0.34,0.01,0.01,77493.55,1777078870000
1777078872.946,72.946,0.66,0.67,0.33,0.34,0.01,0.01,77493.54,1777078871000
1777078873.305,73.305,0.66,0.67,0.33,0.34,0.01,0.01,77493.54,1777078872000
1777078873.808,73.808,0.66,0.67,0.33,0.34,0.01,0.01,77493.54,1777078872000
1777078874.241,74.241,0.66,0.67,0.33,0.34,0.01,0.01,77493.54,1777078872000
1777078874.972,74.972,0.66,0.67,0.33,0.34,0.01,0.01,77493.54,1777078874000
1777078875.402,75.402,0.67,0.68,0.32,0.33,0.01,0.01,77493.54,1777078874000
1777078876.108,76.108,0.67,0.68,0.32,0.33,0.01,0.01,77493.56,1777078875000
1777078876.512,76.512,0.67,0.68,0.32,0.33,0.01,0.01,77493.56,1777078875000
1777078877.283,77.283,0.67,0.68,0.32,0.33,0.01,0.01,77493.55,1777078876000
1777078877.73,77.73,0.67,0.68,0.32,0.33,0.01,0.01,77493.55,1777078876000
1777078878.39,78.39,0.67,0.68,0.32,0.33,0.01,0.01,77493.55,1777078877000
1777078878.903,78.903,0.67,0.68,0.32,0.33,0.01,0.01,77493.55,1777078877000
1777078879.591,79.591,0.68,0.69,0.31,0.32,0.01,0.01,77493.57,1777078878000
1777078880.018,80.018,0.68,0.69,0.31,0.32,0.01,0.01,77493.57,1777078878000
1777078880.567,80.567,0.68,0.69,0.31,0.32,0.01,0.01,77493.59,1777078879000
1777078881.236,81.236,0.68,0.69,0.31,0.32,0.01,0.01,77493.58,1777078880000
1777078881.689,81.689,0.68,0.69,0.31,0.32,0.01,0.01,77493.58,1777078880000
1777078882.235,82.235,0.68,0.69,0.31,0.32,0.01,0.01,77493.58,1777078880000
1777078882.966,82.966,0.68,0.69,0.31,0.32,0.01,0.01,77493.58,1777078881000
1777078883.425,83.425,0.68,0.69,0.31,0.32,0.01,0.01,77493.58,1777078882000
1777078884.023,84.023,0.68,0.69,0.31,0.32,0.01,0.01,77493.61,1777078883000
1777078885.067,85.067,0.68,0.69,0.31,0.32,0.01,0.01,77493.61,1777078884000
1777078886.196,86.196,0.68,0.69,0.31,0.32,0.01,0.01,77493.59,1777078885000
1777078886.544,86.544,0.68,0.69,0.31,0.32,0.01,0.01,77493.59,1777078885000
1777078887.335,87.335,0.68,0.69,0.31,0.32,0.01,0.01,77493.59,1777078885000
1777078887.762,87.762,0.68,0.69,0.31,0.32,0.01,0.01,77493.59,1777078886000
1777078889.078,89.078,0.68,0.69,0.31,0.32,0.01,0.01,77493.59,1777078888000
1777078890.166,90.166,0.68,0.69,0.31,0.32,0.01,0.01,77493.59,1777078889000
1777078890.541,90.541,0.68,0.69,0.31,0.32,0.01,0.01,77493.59,1777078889000
1777078891.027,91.027,0.68,0.69,0.31,0.32,0.01,0.01,77493.59,1777078889000
1777078891.749,91.749,0.68,0.69,0.31,0.32,0.01,0.01,77493.6,1777078890000
1777078892.2,92.2,0.68,0.69,0.31,0.32,0.01,0.01,77493.59,1777078891000
1777078892.542,92.542,0.68,0.69,0.31,0.32,0.01,0.01,77493.59,1777078891000
1777078893.204,93.204,0.68,0.69,0.31,0.32,0.01,0.01,77493.6,1777078892000
1777078893.571,93.571,0.68,0.69,0.31,0.32,0.01,0.01,77493.6,1777078892000
1777078894.291,94.291,0.68,0.69,0.31,0.32,0.01,0.01,77493.61,1777078893000
1777078894.84,94.84,0.68,0.69,0.31,0.32,0.01,0.01,77493.63,1777078894000
1777078895.793,95.793,0.68,0.69,0.31,0.32,0.01,0.01,77493.63,1777078894000
1777078896.669,96.669,0.68,0.69,0.31,0.32,0.01,0.01,77493.64,1777078895000
1777078897.053,97.053,0.68,0.69,0.31,0.32,0.01,0.01,77493.66,1777078896000
1777078897.867,97.867,0.68,0.69,0.31,0.32,0.01,0.01,77493.66,1777078896000
1777078899.055,99.055,0.68,0.69,0.31,0.32,0.01,0.01,77493.66,1777078897000
1777078899.774,99.774,0.68,0.69,0.31,0.32,0.01,0.01,77493.68,1777078898000
1777078900.184,100.184,0.68,0.69,0.31,0.32,0.01,0.01,77493.66,1777078899000
1777078900.71,100.71,0.68,0.69,0.31,0.32,0.01,0.01,77493.66,1777078899000
1777078901.27,101.27,0.68,0.69,0.31,0.32,0.01,0.01,77493.66,1777078900000
1777078902.052,102.052,0.68,0.69,0.31,0.32,0.01,0.01,77493.66,1777078900000
1777078903.002,103.002,0.68,0.69,0.31,0.32,0.01,0.01,77493.67,1777078901000
1777078903.378,103.378,0.68,0.69,0.31,0.32,0.01,0.01,77493.67,1777078902000
1777078903.75,103.75,0.68,0.7,0.31,0.32,0.02,0.01,77493.67,1777078902000
1777078904.24,104.24,0.69,0.7,0.3,0.31,0.01,0.01,77493.67,1777078903000
1777078904.934,104.934,0.69,0.7,0.3,0.31,0.01,0.01,77493.67,1777078903000
1777078905.287,105.287,0.69,0.7,0.3,0.31,0.01,0.01,77493.92,1777078904000
1777078905.958,105.958,0.69,0.7,0.3,0.31,0.01,0.01,77493.92,1777078905000
1777078906.396,106.396,0.69,0.7,0.3,0.31,0.01,0.01,77493.92,1777078905000
1777078906.73,106.73,0.69,0.71,0.29,0.31,0.02,0.02,77493.92,1777078905000
1777078907.172,107.172,0.7,0.71,0.29,0.31,0.01,0.02,77493.92,1777078906000
1777078907.55,107.55,0.7,0.71,0.29,0.3,0.01,0.01,77493.92,1777078906000
1777078907.928,107.928,0.7,0.71,0.29,0.3,0.01,0.01,77493.92,1777078906000
1777078908.422,108.422,0.7,0.71,0.29,0.3,0.01,0.01,77495.48,1777078907000
1777078909.06,109.06,0.7,0.71,0.29,0.3,0.01,0.01,77495.17,1777078908000
1777078909.536,109.536,0.7,0.71,0.29,0.3,0.01,0.01,77495.17,1777078908000
1777078910.238,110.238,0.7,0.71,0.29,0.3,0.01,0.01,77496.35,1777078909000
1777078910.571,110.571,0.7,0.71,0.29,0.3,0.01,0.01,77496.35,1777078909000
1777078911.18,111.18,0.7,0.71,0.29,0.3,0.01,0.01,77496.35,1777078910000
1777078911.574,111.574,0.7,0.72,0.29,0.3,0.02,0.01,77496.35,1777078910000
1777078912.227,112.227,0.71,0.72,0.28,0.29,0.01,0.01,77496.41,1777078911000
1777078913.206,113.206,0.71,0.72,0.28,0.29,0.01,0.01,77496.19,1777078912000
1777078913.882,113.882,0.71,0.72,0.28,0.29,0.01,0.01,77496.19,1777078912000
1777078914.299,114.299,0.71,0.72,0.28,0.29,0.01,0.01,77496.19,1777078912000
1777078914.725,114.725,0.72,0.73,0.28,0.29,0.01,0.01,77496.19,1777078912000
1777078915.132,115.132,0.72,0.73,0.27,0.28,0.01,0.01,77496.2,1777078913000
1777078915.654,115.654,0.72,0.73,0.27,0.28,0.01,0.01,77496.23,1777078914000
1777078916.132,116.132,0.72,0.73,0.27,0.28,0.01,0.01,77496.23,1777078914000
1777078916.761,116.761,0.72,0.73,0.27,0.28,0.01,0.01,77495.97,1777078915000
1777078917.243,117.243,0.72,0.73,0.27,0.28,0.01,0.01,77495.97,1777078915000
1777078917.797,117.797,0.72,0.73,0.27,0.28,0.01,0.01,77494.22,1777078916000
1777078918.138,118.138,0.73,0.74,0.26,0.27,0.01,0.01,77494.02,1777078917000
1777078918.628,118.628,0.73,0.74,0.26,0.27,0.01,0.01,77494.02,1777078917000
1777078918.973,118.973,0.73,0.74,0.26,0.27,0.01,0.01,77494.02,1777078917000
1777078919.307,119.307,0.73,0.74,0.26,0.27,0.01,0.01,77493.88,1777078918000
1777078919.734,119.734,0.73,0.74,0.26,0.27,0.01,0.01,77493.88,1777078918000
1777078920.074,120.074,0.74,0.75,0.25,0.26,0.01,0.01,77493.88,1777078919000
1777078920.479,120.479,0.74,0.75,0.25,0.26,0.01,0.01,77493.88,1777078919000
1777078921.17,121.17,0.74,0.75,0.25,0.26,0.01,0.01,77493.88,1777078919000
1777078921.611,121.611,0.74,0.76,0.25,0.26,0.02,0.01,77493.88,1777078920000
1777078921.984,121.984,0.75,0.76,0.24,0.26,0.01,0.02,77493.88,1777078920000
1777078922.321,122.321,0.75,0.76,0.24,0.25,0.01,0.01,77493.89,1777078921000
1777078923.037,123.037,0.75,0.76,0.24,0.25,0.01,0.01,77493.89,1777078921000
1777078923.719,123.719,0.75,0.78,0.24,0.25,0.03,0.01,77493.77,1777078922000
1777078924.234,124.234,0.81,0.82,0.18,0.19,0.01,0.01,77493.77,1777078922000
1777078924.584,124.584,0.87,0.88,0.12,0.13,0.01,0.01,77493.96,1777078923000
1777078924.936,124.936,0.87,0.88,0.12,0.13,0.01,0.01,77493.96,1777078923000
1777078925.336,125.336,0.87,0.88,0.12,0.13,0.01,0.01,77493.96,1777078923000
1777078925.691,125.691,0.87,0.88,0.12,0.13,0.01,0.01,77497.23,1777078924000
1777078926.099,126.099,0.87,0.88,0.12,0.13,0.01,0.01,77499.06,1777078925000
1777078926.528,126.528,0.87,0.88,0.12,0.13,0.01,0.01,77499.06,1777078925000
1777078926.867,126.867,0.86,0.87,0.12,0.14,0.01,0.02,77499.06,1777078925000
1777078927.26,127.26,0.86,0.87,0.13,0.14,0.01,0.01,77504.28,1777078926000
1777078927.617,127.617,0.86,0.87,0.13,0.14,0.01,0.01,77504.28,1777078926000
1777078928.114,128.114,0.86,0.87,0.13,0.14,0.01,0.01,77504.28,1777078926000
1777078928.558,128.558,0.86,0.87,0.13,0.14,0.01,0.01,77504.28,1777078926000
1777078929.024,129.024,0.86,0.87,0.13,0.14,0.01,0.01,77504.38,1777078928000
1777078929.365,129.365,0.86,0.87,0.13,0.14,0.01,0.01,77504.38,1777078928000
1777078929.721,129.721,0.86,0.87,0.13,0.14,0.01,0.01,77504.38,1777078928000
1777078930.149,130.149,0.86,0.87,0.13,0.14,0.01,0.01,77504.38,1777078928000
1777078930.542,130.542,0.86,0.87,0.13,0.14,0.01,0.01,77504.38,1777078928000
1777078930.894,130.894,0.86,0.87,0.13,0.14,0.01,0.01,77504.4,1777078929000
1777078931.388,131.388,0.86,0.87,0.13,0.14,0.01,0.01,77504.57,1777078930000
1777078931.755,131.755,0.86,0.87,0.13,0.14,0.01,0.01,77504.57,1777078930000
1777078932.373,132.373,0.86,0.87,0.13,0.14,0.01,0.01,77504.57,1777078930000
1777078933.024,133.024,0.86,0.87,0.13,0.14,0.01,0.01,77506.12,1777078931000
1777078933.66,133.66,0.86,0.87,0.13,0.14,0.01,0.01,77506.12,1777078932000
1777078933.994,133.994,0.86,0.87,0.13,0.14,0.01,0.01,77506.12,1777078932000
1777078934.423,134.423,0.87,0.88,0.12,0.14,0.01,0.02,77506.12,1777078933000
1777078934.905,134.905,0.87,0.88,0.12,0.13,0.01,0.01,77506.12,1777078933000
1777078935.268,135.268,0.88,0.89,0.12,0.13,0.01,0.01,77506.12,1777078933000
1777078935.806,135.806,0.88,0.89,0.11,0.12,0.01,0.01,77506.12,1777078933000
1777078936.346,136.346,0.88,0.89,0.11,0.12,0.01,0.01,77506.12,1777078935000
1777078936.742,136.742,0.88,0.89,0.11,0.12,0.01,0.01,77506.12,1777078935000
1777078937.117,137.117,0.88,0.89,0.11,0.12,0.01,0.01,77506.11,1777078936000
1777078938.292,138.292,0.88,0.89,0.11,0.12,0.01,0.01,77506.21,1777078937000
1777078939.323,139.323,0.88,0.89,0.11,0.12,0.01,0.01,77506.21,1777078937000
1777078940.148,140.148,0.88,0.89,0.11,0.12,0.01,0.01,77506.2,1777078939000
1777078940.707,140.707,0.88,0.89,0.11,0.12,0.01,0.01,77506.2,1777078939000
1777078941.225,141.225,0.88,0.89,0.11,0.12,0.01,0.01,77506.2,1777078939000
1777078941.683,141.683,0.87,0.88,0.12,0.13,0.01,0.01,77506.2,1777078940000
1777078942.123,142.123,0.87,0.88,0.12,0.13,0.01,0.01,77506.2,1777078940000
1777078942.548,142.548,0.87,0.88,0.12,0.13,0.01,0.01,77506.2,1777078941000
1777078943.049,143.049,0.86,0.87,0.13,0.14,0.01,0.01,77506.2,1777078941000
1777078943.388,143.388,0.84,0.85,0.15,0.16,0.01,0.01,77506.2,1777078942000
1777078944.344,144.344,0.84,0.85,0.15,0.16,0.01,0.01,77506.2,1777078943000
1777078944.846,144.846,0.84,0.85,0.15,0.16,0.01,0.01,77506.2,1777078943000
1777078945.484,145.484,0.84,0.85,0.15,0.16,0.01,0.01,77506.2,1777078943000
1777078946.437,146.437,0.84,0.85,0.15,0.16,0.01,0.01,77504.54,1777078944000
1777078946.772,146.772,0.83,0.84,0.16,0.17,0.01,0.01,77504.75,1777078945000
1777078947.136,147.136,0.83,0.84,0.16,0.17,0.01,0.01,77503.61,1777078946000
1777078947.833,147.833,0.83,0.84,0.16,0.17,0.01,0.01,77503.61,1777078946000
1777078948.212,148.212,0.83,0.84,0.16,0.17,0.01,0.01,77503.61,1777078947000
1777078948.581,148.581,0.83,0.84,0.16,0.17,0.01,0.01,77503.61,1777078947000
1777078949.333,149.333,0.83,0.84,0.16,0.17,0.01,0.01,77503.04,1777078948000
1777078949.732,149.732,0.83,0.84,0.16,0.17,0.01,0.01,77503.04,1777078948000
1777078950.155,150.155,0.83,0.84,0.16,0.17,0.01,0.01,77502.78,1777078949000
1777078950.595,150.595,0.83,0.84,0.16,0.17,0.01,0.01,77502.78,1777078949000
1777078951.043,151.043,0.83,0.84,0.16,0.17,0.01,0.01,77502.84,1777078950000
1777078951.429,151.429,0.83,0.84,0.16,0.17,0.01,0.01,77502.84,1777078950000
1777078952.031,152.031,0.83,0.84,0.16,0.17,0.01,0.01,77502.84,1777078950000
1777078952.84,152.84,0.83,0.84,0.16,0.17,0.01,0.01,77502.72,1777078951000
1777078953.377,153.377,0.85,0.86,0.14,0.15,0.01,0.01,77502.76,1777078952000
1777078953.964,153.964,0.85,0.86,0.14,0.15,0.01,0.01,77502.77,1777078953000
1777078955.063,155.063,0.85,0.86,0.14,0.15,0.01,0.01,77502.79,1777078954000
1777078955.445,155.445,0.83,0.86,0.14,0.15,0.03,0.01,77502.79,1777078954000
1777078955.783,155.783,0.84,0.85,0.15,0.17,0.01,0.02,77502.79,1777078954000
1777078956.166,156.166,0.84,0.85,0.15,0.16,0.01,0.01,77502.77,1777078955000
1777078957.06,157.06,0.84,0.85,0.15,0.16,0.01,0.01,77502.77,1777078955000
1777078957.91,157.91,0.84,0.85,0.15,0.16,0.01,0.01,77502.83,1777078956000
1777078958.403,158.403,0.84,0.85,0.15,0.16,0.01,0.01,77502.83,1777078957000
1777078959.026,159.026,0.84,0.85,0.15,0.16,0.01,0.01,77502.83,1777078958000
1777078959.462,159.462,0.84,0.85,0.15,0.16,0.01,0.01,77502.83,1777078958000
1777078960.118,160.118,0.85,0.86,0.14,0.15,0.01,0.01,77502.83,1777078958000
1777078960.486,160.486,0.85,0.86,0.14,0.15,0.01,0.01,77505.12,1777078959000
1777078960.978,160.978,0.85,0.86,0.14,0.15,0.01,0.01,77505.12,1777078959000
1777078961.473,161.473,0.85,0.86,0.14,0.15,0.01,0.01,77505.05,1777078960000
1777078962.215,162.215,0.85,0.86,0.14,0.15,0.01,0.01,77505.03,1777078961000
1777078962.638,162.638,0.85,0.86,0.14,0.15,0.01,0.01,77505.03,1777078961000
1777078963.054,163.054,0.85,0.86,0.14,0.15,0.01,0.01,77505.03,1777078961000
1777078963.995,163.995,0.85,0.86,0.14,0.15,0.01,0.01,77505.03,1777078962000
1777078964.506,164.506,0.85,0.86,0.14,0.15,0.01,0.01,77505.03,1777078962000
1777078965.223,165.223,0.85,0.86,0.14,0.15,0.01,0.01,77502.75,1777078964000
1777078966.375,166.375,0.85,0.86,0.14,0.15,0.01,0.01,77502.74,1777078965000
1777078967.511,167.511,0.85,0.86,0.14,0.15,0.01,0.01,77502.81,1777078966000
1777078967.912,167.912,0.85,0.86,0.14,0.15,0.01,0.01,77502.81,1777078966000
1777078969.272,169.272,0.85,0.86,0.14,0.15,0.01,0.01,77502.75,1777078968000
1777078969.643,169.643,0.85,0.86,0.14,0.15,0.01,0.01,77502.75,1777078968000
1777078970.326,170.326,0.85,0.86,0.14,0.15,0.01,0.01,77502.75,1777078969000
1777078971.003,171.003,0.85,0.87,0.14,0.15,0.02,0.01,77502.75,1777078969000
1777078971.344,171.344,0.89,0.9,0.1,0.11,0.01,0.01,77505.05,1777078970000
1777078971.784,171.784,0.9,0.91,0.09,0.1,0.01,0.01,77505.05,1777078970000
1777078972.163,172.163,0.9,0.91,0.09,0.1,0.01,0.01,77505.05,1777078970000
1777078972.584,172.584,0.9,0.91,0.09,0.1,0.01,0.01,77505.32,1777078971000
1777078972.987,172.987,0.91,0.92,0.08,0.1,0.01,0.02,77505.32,1777078972000
1777078973.381,173.381,0.91,0.92,0.08,0.09,0.01,0.01,77505.32,1777078972000
1777078973.84,173.84,0.91,0.92,0.08,0.09,0.01,0.01,77505.32,1777078972000
1777078974.352,174.352,0.91,0.92,0.08,0.09,0.01,0.01,77505.77,1777078973000
1777078974.694,174.694,0.91,0.92,0.08,0.09,0.01,0.01,77505.77,1777078973000
1777078975.097,175.097,0.91,0.92,0.08,0.09,0.01,0.01,77505.77,1777078973000
1777078975.516,175.516,0.91,0.92,0.08,0.09,0.01,0.01,77505.77,1777078973000
1777078975.93,175.93,0.91,0.92,0.08,0.09,0.01,0.01,77505.78,1777078974000
1777078976.37,176.37,0.87,0.88,0.08,0.13,0.01,0.05,77505.78,1777078974000
1777078977.002,177.002,0.87,0.88,0.12,0.13,0.01,0.01,77506.2,1777078975000
1777078977.378,177.378,0.87,0.88,0.12,0.13,0.01,0.01,77506.19,1777078976000
1777078978.028,178.028,0.87,0.88,0.12,0.13,0.01,0.01,77506.19,1777078976000
1777078979.261,179.261,0.87,0.88,0.12,0.13,0.01,0.01,77503.74,1777078977000
1777078980.081,180.081,0.87,0.88,0.12,0.13,0.01,0.01,77503.82,1777078979000
1777078980.498,180.498,0.87,0.88,0.12,0.13,0.01,0.01,77503.82,1777078979000
1777078980.954,180.954,0.87,0.89,0.12,0.13,0.02,0.01,77503.82,1777078979000
1777078981.295,181.295,0.88,0.89,0.11,0.13,0.01,0.02,77503.74,1777078980000
1777078981.667,181.667,0.88,0.89,0.11,0.12,0.01,0.01,77503.74,1777078980000
1777078982.372,182.372,0.88,0.89,0.11,0.12,0.01,0.01,77503.84,1777078981000
1777078982.985,182.985,0.88,0.89,0.11,0.12,0.01,0.01,77503.84,1777078981000
1777078983.395,183.395,0.88,0.89,0.11,0.12,0.01,0.01,77503.65,1777078982000
1777078983.752,183.752,0.88,0.89,0.11,0.12,0.01,0.01,77503.65,1777078982000
1777078984.665,184.665,0.87,0.89,0.11,0.12,0.02,0.01,77503.25,1777078983000
1777078985.107,185.107,0.87,0.89,0.11,0.13,0.02,0.02,77499.79,1777078984000
1777078985.473,185.473,0.66,0.78,0.22,0.33,0.12,0.11,77499.79,1777078984000
1777078985.881,185.881,0.82,0.84,0.16,0.18,0.02,0.02,77499.79,1777078984000
1777078986.359,186.359,0.8,0.83,0.17,0.18,0.03,0.01,77498.21,1777078985000
1777078986.704,186.704,0.81,0.82,0.18,0.19,0.01,0.01,77498.21,1777078985000
1777078987.355,187.355,0.8,0.82,0.18,0.2,0.02,0.02,77498.5,1777078986000
1777078987.728,187.728,0.8,0.81,0.19,0.2,0.01,0.01,77498.5,1777078986000
1777078988.149,188.149,0.8,0.81,0.19,0.2,0.01,0.01,77498.01,1777078987000
1777078988.511,188.511,0.8,0.81,0.19,0.2,0.01,0.01,77498.01,1777078987000
1777078988.964,188.964,0.8,0.81,0.19,0.2,0.01,0.01,77498.01,1777078987000
1777078989.702,189.702,0.8,0.81,0.19,0.2,0.01,0.01,77498.01,1777078988000
1777078990.16,190.16,0.8,0.81,0.19,0.2,0.01,0.01,77498.01,1777078988000
1777078990.785,190.785,0.8,0.81,0.19,0.2,0.01,0.01,77497.32,1777078989000
1777078991.291,191.291,0.8,0.81,0.19,0.2,0.01,0.01,77497.63,1777078990000
1777078991.81,191.81,0.8,0.81,0.19,0.2,0.01,0.01,77497.63,1777078990000
1777078992.453,192.453,0.8,0.81,0.19,0.2,0.01,0.01,77497.63,1777078990000
1777078993.173,193.173,0.8,0.81,0.19,0.2,0.01,0.01,77497.68,1777078991000
1777078994.023,194.023,0.8,0.81,0.19,0.2,0.01,0.01,77497.52,1777078992000
1777078994.367,194.367,0.8,0.81,0.19,0.2,0.01,0.01,77497.52,1777078992000
1777078994.904,194.904,0.8,0.81,0.19,0.2,0.01,0.01,77497.74,1777078993000
1777078996.021,196.021,0.8,0.81,0.19,0.2,0.01,0.01,77497.73,1777078994000
1777078996.861,196.861,0.8,0.81,0.19,0.2,0.01,0.01,77497.8,1777078995000
1777078998.147,198.147,0.8,0.81,0.19,0.2,0.01,0.01,77497.18,1777078997000
1777078998.73,198.73,0.8,0.81,0.19,0.2,0.01,0.01,77497.18,1777078997000
1777078999.366,199.366,0.8,0.81,0.19,0.2,0.01,0.01,77497.18,1777078997000
1777078999.986,199.986,0.8,0.81,0.19,0.21,0.01,0.02,77496.86,1777078998000
1777079000.347,200.347,0.8,0.81,0.19,0.2,0.01,0.01,77496.87,1777078999000
1777079000.742,200.742,0.8,0.81,0.19,0.2,0.01,0.01,77496.87,1777078999000
1777079001.338,201.338,0.8,0.81,0.19,0.2,0.01,0.01,77496.87,1777079000000
1777079001.753,201.753,0.8,0.81,0.19,0.2,0.01,0.01,77496.87,1777079000000
1777079002.917,202.917,0.8,0.81,0.19,0.2,0.01,0.01,77496.87,1777079001000
1777079003.317,203.317,0.8,0.81,0.19,0.2,0.01,0.01,77497.69,1777079002000
1777079004.134,204.134,0.8,0.81,0.19,0.2,0.01,0.01,77497.69,1777079002000
1777079004.594,204.594,0.8,0.81,0.19,0.2,0.01,0.01,77496.84,1777079003000
1777079005.177,205.177,0.8,0.81,0.19,0.2,0.01,0.01,77496.84,1777079003000
1777079005.514,205.514,0.8,0.82,0.19,0.2,0.02,0.01,77496.55,1777079004000
1777079006.288,206.288,0.81,0.82,0.18,0.19,0.01,0.01,77496.55,1777079004000
1777079007.418,207.418,0.81,0.82,0.18,0.19,0.01,0.01,77496.65,1777079005000
1777079008.06,208.06,0.81,0.82,0.18,0.19,0.01,0.01,77496.91,1777079006000
1777079008.393,208.393,0.81,0.82,0.18,0.19,0.01,0.01,77496.9,1777079007000
1777079008.844,208.844,0.81,0.82,0.18,0.19,0.01,0.01,77496.9,1777079007000
1777079009.232,209.232,0.81,0.82,0.18,0.19,0.01,0.01,77498.73,1777079008000
1777079010.016,210.016,0.81,0.82,0.18,0.19,0.01,0.01,77498.73,1777079008000
1777079010.404,210.404,0.81,0.82,0.18,0.19,0.01,0.01,77498.66,1777079009000
1777079010.743,210.743,0.84,0.86,0.15,0.18,0.02,0.03,77498.66,1777079009000
1777079011.154,211.154,0.85,0.86,0.14,0.15,0.01,0.01,77498.66,1777079009000
1777079011.613,211.613,0.85,0.86,0.14,0.15,0.01,0.01,77498.65,1777079010000
1777079012.116,212.116,0.85,0.86,0.14,0.15,0.01,0.01,77498.65,1777079010000
1777079012.696,212.696,0.85,0.86,0.14,0.15,0.01,0.01,77498.39,1777079011000
1777079013.059,213.059,0.85,0.86,0.14,0.15,0.01,0.01,77498.39,1777079011000
1777079013.542,213.542,0.84,0.85,0.15,0.16,0.01,0.01,77498.41,1777079012000
1777079013.903,213.903,0.83,0.84,0.15,0.17,0.01,0.02,77498.41,1777079012000
1777079015.189,215.189,0.83,0.84,0.16,0.17,0.01,0.01,77497.65,1777079014000
1777079015.601,215.601,0.83,0.84,0.16,0.17,0.01,0.01,77497.65,1777079014000
1777079016.004,216.004,0.83,0.84,0.16,0.17,0.01,0.01,77497.65,1777079014000
1777079016.487,216.487,0.83,0.84,0.16,0.17,0.01,0.01,77497.65,1777079015000
1777079017.211,217.211,0.83,0.84,0.16,0.17,0.01,0.01,77497.65,1777079016000
1777079017.961,217.961,0.83,0.84,0.16,0.17,0.01,0.01,77497.65,1777079016000
1777079018.399,218.399,0.83,0.84,0.16,0.17,0.01,0.01,77497.65,1777079017000
1777079018.944,218.944,0.83,0.84,0.16,0.17,0.01,0.01,77497.65,1777079017000
1777079019.474,219.474,0.83,0.84,0.16,0.17,0.01,0.01,77497.69,1777079018000
1777079019.812,219.812,0.81,0.85,0.18,0.19,0.04,0.01,77497.69,1777079018000
1777079020.37,220.37,0.82,0.83,0.17,0.18,0.01,0.01,77497.69,1777079018000
1777079020.747,220.747,0.84,0.85,0.15,0.16,0.01,0.01,77497.69,1777079018000
1777079021.105,221.105,0.84,0.85,0.15,0.16,0.01,0.01,77497.69,1777079018000
1777079021.529,221.529,0.85,0.86,0.14,0.15,0.01,0.01,77496.64,1777079019000
1777079022.157,222.157,0.85,0.86,0.14,0.15,0.01,0.01,77496.64,1777079021000
1777079022.616,222.616,0.86,0.87,0.14,0.15,0.01,0.01,77496.64,1777079021000
1777079023.423,223.423,0.85,0.87,0.13,0.14,0.02,0.01,77496.64,1777079021000
1777079024.716,224.716,0.85,0.86,0.13,0.15,0.01,0.02,77493.78,1777079022000
1777079025.519,225.519,0.85,0.86,0.14,0.15,0.01,0.01,77493.76,1777079023000
1777079025.948,225.948,0.85,0.86,0.14,0.15,0.01,0.01,77493.86,1777079024000
1777079026.403,226.403,0.85,0.86,0.14,0.15,0.01,0.01,77493.86,1777079025000
1777079026.737,226.737,0.85,0.86,0.14,0.15,0.01,0.01,77493.86,1777079025000
1777079027.079,227.079,0.85,0.87,0.14,0.15,0.02,0.01,77493.86,1777079025000
1777079027.61,227.61,0.85,0.87,0.14,0.15,0.02,0.01,77493.86,1777079026000
1777079027.958,227.958,0.86,0.87,0.13,0.15,0.01,0.02,77493.86,1777079026000
1777079028.33,228.33,0.86,0.87,0.13,0.14,0.01,0.01,77493.86,1777079026000
1777079028.671,228.671,0.86,0.87,0.13,0.14,0.01,0.01,77493.83,1777079027000
1777079029.05,229.05,0.86,0.87,0.13,0.14,0.01,0.01,77493.83,1777079027000
1777079029.389,229.389,0.86,0.87,0.13,0.14,0.01,0.01,77493.79,1777079028000
1777079029.814,229.814,0.88,0.89,0.11,0.12,0.01,0.01,77493.79,1777079028000
1777079030.399,230.399,0.89,0.9,0.09,0.12,0.01,0.03,77493.79,1777079028000
1777079030.814,230.814,0.89,0.9,0.1,0.11,0.01,0.01,77493.79,1777079028000
1777079031.344,231.344,0.91,0.92,0.08,0.11,0.01,0.03,77493.87,1777079029000
1777079031.963,231.963,0.91,0.92,0.08,0.09,0.01,0.01,77495.26,1777079030000
1777079032.356,232.356,0.91,0.92,0.08,0.09,0.01,0.01,77495.1,1777079031000
1777079032.692,232.692,0.9,0.91,0.09,0.1,0.01,0.01,77495.1,1777079031000
1777079033.145,233.145,0.9,0.91,0.09,0.1,0.01,0.01,77495.1,1777079031000
1777079033.623,233.623,0.9,0.91,0.09,0.1,0.01,0.01,77495.1,1777079031000
1777079034.152,234.152,0.9,0.91,0.09,0.1,0.01,0.01,77495.08,1777079032000
1777079035.153,235.153,0.9,0.91,0.09,0.1,0.01,0.01,77494.28,1777079034000
1777079035.495,235.495,0.9,0.91,0.09,0.1,0.01,0.01,77494.28,1777079034000
1777079035.854,235.854,0.9,0.91,0.09,0.1,0.01,0.01,77494.28,1777079034000
1777079036.437,236.437,0.9,0.91,0.09,0.1,0.01,0.01,77496.53,1777079035000
1777079036.785,236.785,0.9,0.91,0.09,0.1,0.01,0.01,77496.53,1777079035000
1777079037.137,237.137,0.9,0.91,0.09,0.1,0.01,0.01,77496.53,1777079035000
1777079037.983,237.983,0.9,0.91,0.09,0.1,0.01,0.01,77496.51,1777079036000
1777079038.374,238.374,0.9,0.91,0.09,0.1,0.01,0.01,77496.51,1777079036000
1777079038.895,238.895,0.9,0.91,0.09,0.1,0.01,0.01,77496.51,1777079036000
1777079039.287,239.287,0.9,0.91,0.09,0.1,0.01,0.01,77496.51,1777079036000
1777079040.379,240.379,0.9,0.91,0.09,0.1,0.01,0.01,77496.54,1777079038000
1777079041.011,241.011,0.9,0.91,0.09,0.1,0.01,0.01,77496.74,1777079039000
1777079041.463,241.463,0.9,0.91,0.09,0.1,0.01,0.01,77496.71,1777079040000
1777079041.867,241.867,0.91,0.92,0.08,0.1,0.01,0.02,77496.71,1777079040000
1777079042.242,242.242,0.88,0.9,0.09,0.11,0.02,0.02,77496.71,1777079040000
1777079042.65,242.65,0.89,0.9,0.1,0.11,0.01,0.01,77496.72,1777079041000
1777079042.996,242.996,0.89,0.9,0.1,0.11,0.01,0.01,77496.71,1777079042000
1777079043.393,243.393,0.88,0.89,0.1,0.13,0.01,0.03,77496.71,1777079042000
1777079043.939,243.939,0.86,0.87,0.12,0.14,0.01,0.02,77496.71,1777079042000
1777079044.288,244.288,0.82,0.83,0.17,0.18,0.01,0.01,77497.13,1777079043000
1777079044.646,244.646,0.82,0.83,0.17,0.18,0.01,0.01,77497.13,1777079043000
1777079045.12,245.12,0.81,0.82,0.18,0.19,0.01,0.01,77497.13,1777079043000
1777079045.522,245.522,0.81,0.82,0.18,0.19,0.01,0.01,77496.63,1777079044000
1777079045.883,245.883,0.81,0.82,0.18,0.19,0.01,0.01,77496.63,1777079044000
1777079046.23,246.23,0.81,0.82,0.18,0.19,0.01,0.01,77495.99,1777079045000
1777079046.66,246.66,0.74,0.75,0.23,0.25,0.01,0.02,77495.99,1777079045000
1777079046.995,246.995,0.74,0.75,0.25,0.26,0.01,0.01,77495.99,1777079045000
1777079047.381,247.381,0.74,0.75,0.25,0.26,0.01,0.01,77495.99,1777079046000
1777079047.773,247.773,0.74,0.75,0.25,0.26,0.01,0.01,77495.99,1777079046000
1777079048.148,248.148,0.77,0.8,0.21,0.26,0.03,0.05,77495.99,1777079046000
1777079048.558,248.558,0.79,0.8,0.2,0.22,0.01,0.02,77495.41,1777079047000
1777079048.953,248.953,0.79,0.83,0.2,0.21,0.04,0.01,77495.41,1777079047000
1777079049.42,249.42,0.8,0.81,0.19,0.2,0.01,0.01,77495.21,1777079048000
1777079049.949,249.949,0.8,0.81,0.19,0.2,0.01,0.01,77495.21,1777079048000
1777079050.401,250.401,0.8,0.81,0.19,0.2,0.01,0.01,77495.08,1777079049000
1777079050.758,250.758,0.8,0.82,0.19,0.2,0.02,0.01,77495.08,1777079049000
1777079051.197,251.197,0.82,0.83,0.17,0.18,0.01,0.01,77495.08,1777079050000
1777079051.859,251.859,0.81,0.83,0.17,0.18,0.02,0.01,77495.08,1777079050000
1777079052.193,252.193,0.82,0.83,0.17,0.18,0.01,0.01,77495.08,1777079050000
1777079052.556,252.556,0.74,0.75,0.25,0.26,0.01,0.01,77495.17,1777079051000
1777079052.989,252.989,0.74,0.75,0.25,0.26,0.01,0.01,77495.17,1777079051000
1777079053.415,253.415,0.74,0.75,0.25,0.26,0.01,0.01,77493.12,1777079052000
1777079053.82,253.82,0.74,0.79,0.25,0.26,0.05,0.01,77493.12,1777079052000
1777079054.161,254.161,0.79,0.8,0.2,0.21,0.01,0.01,77493.12,1777079052000
1777079054.514,254.514,0.79,0.8,0.2,0.21,0.01,0.01,77491.62,1777079053000
1777079054.938,254.938,0.8,0.81,0.19,0.2,0.01,0.01,77491.62,1777079053000
1777079055.614,255.614,0.82,0.83,0.17,0.18,0.01,0.01,77491.04,1777079054000
1777079056.039,256.039,0.83,0.84,0.16,0.17,0.01,0.01,77491.04,1777079054000
1777079056.408,256.408,0.83,0.84,0.16,0.17,0.01,0.01,77491.04,1777079054000
1777079057.041,257.041,0.83,0.84,0.16,0.17,0.01,0.01,77491.04,1777079054000
1777079057.506,257.506,0.83,0.84,0.16,0.17,0.01,0.01,77491.08,1777079056000
1777079057.869,257.869,0.81,0.84,0.16,0.17,0.03,0.01,77491.08,1777079056000
1777079058.204,258.204,0.08,0.17,0.83,0.92,0.09,0.09,77491.08,1777079057000
1777079058.539,258.539,0.19,0.28,0.72,0.81,0.09,0.09,77491.08,1777079057000
1777079058.881,258.881,0.22,0.23,0.77,0.78,0.01,0.01,77491.08,1777079057000
1777079059.221,259.221,0.37,0.46,0.54,0.63,0.09,0.09,77491.08,1777079057000
1777079059.588,259.588,0.48,0.49,0.51,0.52,0.01,0.01,77490.54,1777079058000
1777079059.941,259.941,0.54,0.57,0.45,0.46,0.03,0.01,77490.54,1777079058000
1777079060.278,260.278,0.55,0.56,0.44,0.45,0.01,0.01,77490.54,1777079058000
1777079060.66,260.66,0.56,0.57,0.43,0.44,0.01,0.01,77475.48,1777079059000
1777079060.995,260.995,0.56,0.57,0.43,0.44,0.01,0.01,77475.48,1777079059000
1777079061.361,261.361,0.68,0.72,0.31,0.34,0.04,0.03,77475.48,1777079059000
1777079061.71,261.71,0.72,0.73,0.27,0.28,0.01,0.01,77476.73,1777079060000
1777079062.112,262.112,0.72,0.73,0.27,0.28,0.01,0.01,77477.51,1777079061000
1777079062.454,262.454,0.72,0.73,0.27,0.28,0.01,0.01,77477.51,1777079061000
1777079063.029,263.029,0.66,0.67,0.32,0.33,0.01,0.01,77477.51,1777079061000
1777079063.41,263.41,0.66,0.67,0.33,0.34,0.01,0.01,77478.47,1777079062000
1777079063.745,263.745,0.66,0.67,0.33,0.34,0.01,0.01,77478.47,1777079062000
1777079064.301,264.301,0.65,0.66,0.33,0.34,0.01,0.01,77478.47,1777079063000
1777079064.668,264.668,0.67,0.68,0.32,0.33,0.01,0.01,77478.47,1777079063000
1777079065.174,265.174,0.67,0.68,0.32,0.33,0.01,0.01,77478.47,1777079063000
1777079065.513,265.513,0.67,0.68,0.32,0.33,0.01,0.01,77481.11,1777079064000
1777079065.889,265.889,0.72,0.73,0.27,0.28,0.01,0.01,77481.11,1777079064000
1777079066.239,266.239,0.73,0.74,0.26,0.27,0.01,0.01,77481.11,1777079065000
1777079066.611,266.611,0.7,0.72,0.28,0.29,0.02,0.01,77481.11,1777079065000
1777079067.018,267.018,0.7,0.71,0.29,0.3,0.01,0.01,77481.11,1777079065000
1777079067.363,267.363,0.7,0.71,0.29,0.3,0.01,0.01,77481.12,1777079066000
1777079067.789,267.789,0.67,0.68,0.29,0.37,0.01,0.08,77481.12,1777079066000
1777079068.146,268.146,0.67,0.68,0.32,0.33,0.01,0.01,77481.12,1777079067000
1777079068.767,268.767,0.67,0.68,0.32,0.33,0.01,0.01,77481.12,1777079067000
1777079069.182,269.182,0.67,0.68,0.32,0.33,0.01,0.01,77481.12,1777079067000
1777079069.627,269.627,0.67,0.68,0.32,0.33,0.01,0.01,77480.18,1777079068000
1777079070.113,270.113,0.67,0.68,0.32,0.33,0.01,0.01,77480.2,1777079069000
1777079070.478,270.478,0.67,0.68,0.32,0.33,0.01,0.01,77480.2,1777079069000
1777079070.894,270.894,0.67,0.68,0.32,0.33,0.01,0.01,77480.2,1777079069000
1777079071.411,271.411,0.65,0.66,0.33,0.35,0.01,0.02,77480.2,1777079069000
1777079071.796,271.796,0.63,0.66,0.34,0.35,0.03,0.01,77480.32,1777079070000
1777079072.397,272.397,0.61,0.62,0.38,0.39,0.01,0.01,77480.32,1777079070000
1777079072.934,272.934,0.61,0.62,0.38,0.39,0.01,0.01,77480.33,1777079071000
1777079073.347,273.347,0.67,0.68,0.31,0.39,0.01,0.08,77480.33,1777079072000
1777079074.014,274.014,0.67,0.68,0.32,0.33,0.01,0.01,77481.15,1777079073000
1777079074.396,274.396,0.67,0.68,0.32,0.33,0.01,0.01,77481.15,1777079073000
1777079074.814,274.814,0.6,0.62,0.38,0.39,0.02,0.01,77481.15,1777079073000
1777079075.312,275.312,0.6,0.61,0.39,0.4,0.01,0.01,77481.15,1777079074000
1777079075.646,275.646,0.6,0.61,0.39,0.4,0.01,0.01,77481.15,1777079074000
1777079076.02,276.02,0.6,0.61,0.39,0.4,0.01,0.01,77481.15,1777079075000
1777079076.421,276.421,0.62,0.63,0.38,0.39,0.01,0.01,77481.15,1777079075000
1777079076.84,276.84,0.63,0.64,0.36,0.37,0.01,0.01,77481.15,1777079075000
1777079077.971,277.971,0.63,0.64,0.36,0.37,0.01,0.01,77480.1,1777079077000
1777079078.747,278.747,0.64,0.65,0.35,0.36,0.01,0.01,77480.1,1777079077000
1777079079.161,279.161,0.31,0.32,0.53,0.58,0.01,0.05,77480.1,1777079078000
1777079079.53,279.53,0.24,0.25,0.75,0.76,0.01,0.01,77480.1,1777079078000
1777079079.871,279.871,0.2,0.22,0.78,0.79,0.02,0.01,77480.1,1777079078000
1777079080.209,280.209,0.16,0.17,0.83,0.84,0.01,0.01,77480.51,1777079079000
1777079080.595,280.595,0.2,0.21,0.78,0.81,0.01,0.03,77480.51,1777079079000
1777079080.935,280.935,0.2,0.21,0.79,0.8,0.01,0.01,77480.18,1777079080000
1777079081.324,281.324,0.2,0.21,0.79,0.8,0.01,0.01,77480.18,1777079080000
1777079081.661,281.661,0.3,0.31,0.69,0.7,0.01,0.01,77480.18,1777079080000
1777079082.037,282.037,0.3,0.31,0.69,0.7,0.01,0.01,77479.62,1777079081000
1777079082.479,282.479,0.27,0.28,0.72,0.73,0.01,0.01,77479.62,1777079081000
1777079082.905,282.905,0.27,0.28,0.72,0.73,0.01,0.01,77479.31,1777079082000
1777079083.352,283.352,0.27,0.29,0.72,0.73,0.02,0.01,77479.31,1777079082000
1777079083.759,283.759,0.29,0.3,0.7,0.72,0.01,0.02,77479.31,1777079082000
1777079084.137,284.137,0.29,0.3,0.7,0.71,0.01,0.01,77479.31,1777079082000
1777079084.753,284.753,0.31,0.34,0.69,0.71,0.03,0.02,77477.51,1777079083000
1777079085.121,285.121,0.38,0.39,0.61,0.62,0.01,0.01,77477.51,1777079083000
1777079085.594,285.594,0.38,0.39,0.61,0.62,0.01,0.01,77477.51,1777079083000
1777079085.947,285.947,0.38,0.42,0.61,0.62,0.04,0.01,77477.51,1777079084000
1777079086.297,286.297,0.41,0.43,0.58,0.59,0.02,0.01,77477.15,1777079085000
1777079086.773,286.773,0.4,0.41,0.58,0.59,0.01,0.01,77477.15,1777079085000
1777079087.27,287.27,0.09,0.1,0.9,0.91,0.01,0.01,77477.15,1777079085000
1777079087.617,287.617,0.1,0.11,0.89,0.9,0.01,0.01,77476.82,1777079086000
1777079087.961,287.961,0.11,0.12,0.88,0.89,0.01,0.01,77476.82,1777079086000
1777079088.35,288.35,0.11,0.12,0.88,0.89,0.01,0.01,77476.83,1777079087000
1777079088.783,288.783,0.12,0.13,0.87,0.88,0.01,0.01,77476.83,1777079087000
1777079089.144,289.144,0.12,0.13,0.87,0.88,0.01,0.01,77476.83,1777079087000
1777079089.492,289.492,0.12,0.14,0.85,0.88,0.02,0.03,77476.83,1777079087000
1777079089.854,289.854,0.13,0.14,0.86,0.87,0.01,0.01,77473.66,1777079088000
1777079090.335,290.335,0.13,0.14,0.86,0.87,0.01,0.01,77473.03,1777079089000
1777079090.74,290.74,0.13,0.14,0.86,0.87,0.01,0.01,77473.03,1777079089000
1777079091.14,291.14,0.13,0.14,0.86,0.87,0.01,0.01,77473.03,1777079089000
1777079091.478,291.478,0.13,0.14,0.86,0.87,0.01,0.01,77473.03,1777079089000
1777079091.838,291.838,0.13,0.14,0.86,0.87,0.01,0.01,77473.03,1777079089000
1777079092.245,292.245,0.13,0.14,0.86,0.87,0.01,0.01,77473.04,1777079090000
1777079092.864,292.864,0.13,0.14,0.86,0.87,0.01,0.01,77472.88,1777079091000
1777079093.209,293.209,0.11,0.12,0.88,0.89,0.01,0.01,77472.88,1777079091000
1777079093.555,293.555,0.21,0.22,0.78,0.79,0.01,0.01,77473.01,1777079092000
1777079093.941,293.941,0.21,0.22,0.78,0.79,0.01,0.01,77473.01,1777079092000
1777079094.406,294.406,0.18,0.19,0.81,0.82,0.01,0.01,77473.01,1777079092000
1777079094.837,294.837,0.17,0.19,0.81,0.82,0.02,0.01,77473.68,1777079093000
1777079095.355,295.355,0.13,0.14,0.82,0.87,0.01,0.05,77473.68,1777079093000
1777079095.711,295.711,0.09,0.11,0.88,0.9,0.02,0.02,77473.67,1777079094000
1777079096.058,296.058,0.09,0.1,0.9,0.91,0.01,0.01,77473.67,1777079094000
1777079096.392,296.392,0.08,0.09,0.91,0.92,0.01,0.01,77473.67,1777079095000
1777079096.746,296.746,0.05,0.06,0.94,0.95,0.01,0.01,77473.67,1777079095000
1777079097.157,297.157,0.03,0.04,0.96,0.97,0.01,0.01,77473.67,1777079095000
1777079097.499,297.499,0.03,0.04,0.96,0.97,0.01,0.01,77473.67,1777079095000
1777079097.833,297.833,0.03,0.04,0.96,0.97,0.01,0.01,77473.54,1777079096000
1777079098.171,298.171,0.01,0.02,0.98,0.99,0.01,0.01,77473.54,1777079096000
1777079098.507,298.507,0.01,0.02,0.98,0.99,0.01,0.01,77473.54,1777079096000
1777079099.023,299.023,0.01,0.01,0.99,0.99,0.0,0.0,77473.54,1777079097000
1777079099.456,299.456,0.01,0.01,0.99,0.99,0.0,0.0,77473.54,1777079098000
1777079100.071,300.071,0.01,0.01,0.99,0.99,0.0,0.0,77473.54,1777079098000
1777079100.45,300.45,0.01,0.01,0.99,0.99,0.0,0.0,77473.54,1777079098000

# RESULT,winner=Down,slug=btc-updown-5m-1777078800,ticks=606
