timestamp,elapsed_sec,up_bid,up_ask,down_bid,down_ask,up_spread,down_spread,btc_price,btc_oracle_ts
1777212900.723,0.723,0.46,0.47,0.53,0.54,0.01,0.01,77968.76,1777212899000
1777212901.079,1.079,0.37,0.41,0.59,0.63,0.04,0.04,77968.76,1777212900000
1777212901.441,1.441,0.39,0.41,0.6,0.61,0.02,0.01,77968.76,1777212900000
1777212901.86,1.86,0.39,0.42,0.57,0.59,0.03,0.02,77968.76,1777212900000
1777212902.213,2.213,0.39,0.4,0.6,0.61,0.01,0.01,77968.76,1777212900000
1777212902.673,2.673,0.4,0.41,0.59,0.6,0.01,0.01,77968.49,1777212901000
1777212903.059,3.059,0.41,0.45,0.58,0.59,0.04,0.01,77968.49,1777212901000
1777212903.493,3.493,0.43,0.44,0.56,0.57,0.01,0.01,77968.49,1777212901000
1777212903.887,3.887,0.42,0.44,0.56,0.58,0.02,0.02,77963.62,1777212902000
1777212904.251,4.251,0.41,0.45,0.58,0.59,0.04,0.01,77963.62,1777212902000
1777212904.972,4.972,0.42,0.43,0.57,0.58,0.01,0.01,77962.43,1777212904000
1777212905.42,5.42,0.42,0.43,0.57,0.58,0.01,0.01,77962.43,1777212904000
1777212906.062,6.062,0.42,0.43,0.57,0.58,0.01,0.01,77962.45,1777212905000
1777212906.481,6.481,0.39,0.42,0.57,0.6,0.03,0.03,77962.45,1777212905000
1777212906.933,6.933,0.4,0.42,0.58,0.59,0.02,0.01,77962.45,1777212905000
1777212907.291,7.291,0.41,0.42,0.58,0.59,0.01,0.01,77962.4,1777212906000
1777212907.673,7.673,0.39,0.41,0.59,0.6,0.02,0.01,77962.4,1777212906000
1777212908.094,8.094,0.37,0.4,0.6,0.63,0.03,0.03,77962.07,1777212907000
1777212908.466,8.466,0.32,0.33,0.67,0.69,0.01,0.02,77962.07,1777212907000
1777212908.831,8.831,0.32,0.33,0.67,0.68,0.01,0.01,77962.07,1777212907000
1777212909.193,9.193,0.32,0.33,0.67,0.68,0.01,0.01,77961.52,1777212908000
1777212909.599,9.599,0.32,0.33,0.67,0.68,0.01,0.01,77961.52,1777212908000
1777212909.964,9.964,0.32,0.33,0.67,0.68,0.01,0.01,77961.52,1777212908000
1777212910.359,10.359,0.32,0.33,0.67,0.68,0.01,0.01,77959.08,1777212909000
1777212910.737,10.737,0.32,0.33,0.67,0.68,0.01,0.01,77959.08,1777212909000
1777212911.215,11.215,0.31,0.32,0.68,0.69,0.01,0.01,77957.76,1777212910000
1777212911.57,11.57,0.31,0.32,0.68,0.69,0.01,0.01,77957.76,1777212910000
1777212911.979,11.979,0.31,0.32,0.68,0.69,0.01,0.01,77957.75,1777212911000
1777212912.523,12.523,0.31,0.32,0.68,0.69,0.01,0.01,77957.75,1777212911000
1777212913.023,13.023,0.31,0.32,0.68,0.69,0.01,0.01,77957.75,1777212912000
1777212913.717,13.717,0.31,0.32,0.68,0.69,0.01,0.01,77957.75,1777212912000
1777212914.418,14.418,0.3,0.32,0.68,0.69,0.02,0.01,77957.77,1777212913000
1777212914.947,14.947,0.3,0.31,0.69,0.7,0.01,0.01,77957.77,1777212914000
1777212915.503,15.503,0.3,0.31,0.69,0.7,0.01,0.01,77957.77,1777212914000
1777212915.996,15.996,0.3,0.31,0.69,0.7,0.01,0.01,77957.77,1777212914000
1777212916.372,16.372,0.3,0.31,0.69,0.7,0.01,0.01,77957.7,1777212915000
1777212916.752,16.752,0.3,0.31,0.69,0.7,0.01,0.01,77957.7,1777212915000
1777212917.449,17.449,0.3,0.31,0.69,0.7,0.01,0.01,77957.7,1777212915000
1777212917.824,17.824,0.3,0.31,0.69,0.7,0.01,0.01,77957.68,1777212916000
1777212918.357,18.357,0.3,0.31,0.69,0.7,0.01,0.01,77957.68,1777212917000
1777212918.731,18.731,0.3,0.31,0.69,0.7,0.01,0.01,77957.68,1777212917000
1777212919.17,19.17,0.3,0.31,0.69,0.7,0.01,0.01,77957.68,1777212918000
1777212919.633,19.633,0.3,0.31,0.69,0.7,0.01,0.01,77957.68,1777212918000
1777212920.231,20.231,0.3,0.31,0.69,0.7,0.01,0.01,77957.58,1777212919000
1777212920.583,20.583,0.29,0.3,0.7,0.71,0.01,0.01,77957.58,1777212919000
1777212921.207,21.207,0.29,0.3,0.7,0.71,0.01,0.01,77957.56,1777212920000
1777212921.866,21.866,0.29,0.3,0.7,0.71,0.01,0.01,77957.56,1777212920000
1777212922.305,22.305,0.3,0.31,0.69,0.7,0.01,0.01,77957.52,1777212921000
1777212922.657,22.657,0.3,0.31,0.69,0.7,0.01,0.01,77957.52,1777212921000
1777212923.22,23.22,0.3,0.31,0.69,0.7,0.01,0.01,77957.52,1777212921000
1777212923.59,23.59,0.3,0.31,0.69,0.7,0.01,0.01,77957.46,1777212922000
1777212924.115,24.115,0.3,0.31,0.69,0.7,0.01,0.01,77957.46,1777212922000
1777212924.562,24.562,0.3,0.31,0.69,0.7,0.01,0.01,77957.46,1777212923000
1777212924.935,24.935,0.3,0.31,0.69,0.7,0.01,0.01,77957.45,1777212924000
1777212925.565,25.565,0.3,0.31,0.69,0.7,0.01,0.01,77957.45,1777212924000
1777212925.928,25.928,0.31,0.32,0.68,0.69,0.01,0.01,77957.45,1777212924000
1777212926.437,26.437,0.31,0.32,0.68,0.69,0.01,0.01,77957.45,1777212925000
1777212926.837,26.837,0.3,0.32,0.68,0.69,0.02,0.01,77957.45,1777212925000
1777212927.257,27.257,0.3,0.31,0.69,0.7,0.01,0.01,77957.44,1777212926000
1777212927.785,27.785,0.3,0.31,0.69,0.7,0.01,0.01,77957.44,1777212926000
1777212928.19,28.19,0.3,0.31,0.69,0.7,0.01,0.01,77957.44,1777212926000
1777212928.731,28.731,0.31,0.32,0.68,0.69,0.01,0.01,77957.44,1777212927000
1777212929.251,29.251,0.31,0.32,0.68,0.69,0.01,0.01,77957.4,1777212928000
1777212929.647,29.647,0.31,0.32,0.68,0.69,0.01,0.01,77957.4,1777212928000
1777212930.026,30.026,0.3,0.32,0.68,0.69,0.02,0.01,77957.4,1777212928000
1777212930.481,30.481,0.31,0.32,0.68,0.7,0.01,0.02,77957.39,1777212929000
1777212931.255,31.255,0.31,0.32,0.68,0.69,0.01,0.01,77957.39,1777212929000
1777212931.871,31.871,0.31,0.32,0.68,0.69,0.01,0.01,77957.39,1777212929000
1777212932.347,32.347,0.31,0.32,0.68,0.69,0.01,0.01,77957.37,1777212930000
1777212932.772,32.772,0.31,0.32,0.68,0.69,0.01,0.01,77957.37,1777212931000
1777212933.253,33.253,0.31,0.32,0.68,0.69,0.01,0.01,77957.37,1777212932000
1777212933.843,33.843,0.31,0.32,0.68,0.69,0.01,0.01,77957.37,1777212932000
1777212934.216,34.216,0.31,0.32,0.68,0.69,0.01,0.01,77957.37,1777212932000
1777212934.609,34.609,0.32,0.33,0.68,0.69,0.01,0.01,77957.38,1777212933000
1777212934.99,34.99,0.32,0.33,0.67,0.68,0.01,0.01,77957.4,1777212934000
1777212935.34,35.34,0.32,0.33,0.67,0.68,0.01,0.01,77957.4,1777212934000
1777212935.704,35.704,0.32,0.33,0.67,0.68,0.01,0.01,77957.4,1777212934000
1777212936.129,36.129,0.31,0.32,0.67,0.69,0.01,0.02,77957.4,1777212934000
1777212936.508,36.508,0.31,0.32,0.68,0.69,0.01,0.01,77957.4,1777212935000
1777212936.974,36.974,0.31,0.32,0.68,0.69,0.01,0.01,77957.4,1777212936000
1777212937.514,37.514,0.31,0.32,0.68,0.69,0.01,0.01,77957.4,1777212936000
1777212937.933,37.933,0.31,0.32,0.68,0.69,0.01,0.01,77957.4,1777212936000
1777212938.28,38.28,0.31,0.32,0.68,0.69,0.01,0.01,77957.35,1777212937000
1777212938.644,38.644,0.31,0.32,0.68,0.69,0.01,0.01,77957.35,1777212937000
1777212939.048,39.048,0.31,0.32,0.68,0.69,0.01,0.01,77957.35,1777212938000
1777212939.52,39.52,0.29,0.31,0.69,0.71,0.02,0.02,77957.35,1777212938000
1777212939.861,39.861,0.29,0.3,0.69,0.71,0.01,0.02,77957.35,1777212938000
1777212940.403,40.403,0.29,0.3,0.7,0.71,0.01,0.01,77957.34,1777212939000
1777212940.838,40.838,0.29,0.3,0.7,0.71,0.01,0.01,77957.34,1777212939000
1777212941.336,41.336,0.29,0.3,0.7,0.71,0.01,0.01,77957.05,1777212940000
1777212941.705,41.705,0.29,0.3,0.7,0.71,0.01,0.01,77957.05,1777212940000
1777212942.069,42.069,0.29,0.3,0.7,0.71,0.01,0.01,77957.05,1777212940000
1777212942.772,42.772,0.29,0.3,0.7,0.71,0.01,0.01,77957.05,1777212940000
1777212943.198,43.198,0.29,0.3,0.7,0.71,0.01,0.01,77956.75,1777212942000
1777212943.892,43.892,0.3,0.31,0.69,0.71,0.01,0.02,77956.75,1777212942000
1777212944.761,44.761,0.3,0.31,0.69,0.7,0.01,0.01,77955.61,1777212943000
1777212945.266,45.266,0.31,0.32,0.68,0.69,0.01,0.01,77956.74,1777212944000
1777212945.694,45.694,0.31,0.32,0.68,0.69,0.01,0.01,77956.74,1777212944000
1777212946.088,46.088,0.31,0.32,0.68,0.69,0.01,0.01,77956.74,1777212944000
1777212946.752,46.752,0.31,0.32,0.68,0.69,0.01,0.01,77956.75,1777212945000
1777212947.404,47.404,0.31,0.32,0.68,0.69,0.01,0.01,77956.8,1777212946000
1777212947.972,47.972,0.31,0.32,0.68,0.69,0.01,0.01,77956.8,1777212946000
1777212949.07,49.07,0.31,0.32,0.68,0.69,0.01,0.01,77956.8,1777212947000
1777212949.448,49.448,0.31,0.32,0.68,0.69,0.01,0.01,77956.76,1777212948000
1777212950.316,50.316,0.31,0.32,0.68,0.69,0.01,0.01,77956.73,1777212949000
1777212950.749,50.749,0.31,0.32,0.68,0.69,0.01,0.01,77956.73,1777212949000
1777212951.133,51.133,0.31,0.32,0.68,0.69,0.01,0.01,77956.73,1777212949000
1777212951.944,51.944,0.31,0.33,0.68,0.69,0.02,0.01,77956.73,1777212950000
1777212952.87,52.87,0.31,0.32,0.68,0.69,0.01,0.01,77956.74,1777212951000
1777212953.208,53.208,0.31,0.32,0.68,0.69,0.01,0.01,77956.74,1777212952000
1777212954.157,54.157,0.31,0.32,0.68,0.69,0.01,0.01,77956.53,1777212953000
1777212954.493,54.493,0.31,0.32,0.68,0.69,0.01,0.01,77956.53,1777212953000
1777212954.888,54.888,0.3,0.31,0.68,0.7,0.01,0.02,77956.53,1777212953000
1777212955.265,55.265,0.3,0.31,0.69,0.7,0.01,0.01,77955.67,1777212954000
1777212956.098,56.098,0.3,0.31,0.69,0.7,0.01,0.01,77955.67,1777212954000
1777212956.473,56.473,0.3,0.31,0.69,0.7,0.01,0.01,77955.62,1777212955000
1777212956.865,56.865,0.27,0.28,0.72,0.73,0.01,0.01,77955.62,1777212955000
1777212957.207,57.207,0.27,0.28,0.72,0.73,0.01,0.01,77955.49,1777212956000
1777212957.558,57.558,0.27,0.28,0.72,0.73,0.01,0.01,77955.49,1777212956000
1777212958.179,58.179,0.27,0.28,0.72,0.73,0.01,0.01,77953.15,1777212957000
1777212958.591,58.591,0.26,0.27,0.73,0.74,0.01,0.01,77953.15,1777212957000
1777212958.973,58.973,0.26,0.27,0.73,0.74,0.01,0.01,77953.15,1777212957000
1777212959.403,59.403,0.26,0.27,0.73,0.74,0.01,0.01,77952.1,1777212958000
1777212959.737,59.737,0.26,0.27,0.73,0.74,0.01,0.01,77952.1,1777212958000
1777212960.09,60.09,0.26,0.27,0.73,0.74,0.01,0.01,77952.1,1777212958000
1777212960.497,60.497,0.26,0.27,0.73,0.74,0.01,0.01,77951.92,1777212959000
1777212960.943,60.943,0.26,0.27,0.73,0.74,0.01,0.01,77951.92,1777212959000
1777212961.306,61.306,0.26,0.27,0.73,0.74,0.01,0.01,77952.06,1777212960000
1777212961.876,61.876,0.26,0.27,0.73,0.74,0.01,0.01,77952.06,1777212960000
1777212962.284,62.284,0.26,0.27,0.73,0.74,0.01,0.01,77952.06,1777212961000
1777212962.834,62.834,0.26,0.27,0.73,0.74,0.01,0.01,77952.06,1777212961000
1777212963.44,63.44,0.26,0.27,0.73,0.74,0.01,0.01,77952.04,1777212962000
1777212963.916,63.916,0.26,0.27,0.73,0.74,0.01,0.01,77952.04,1777212962000
1777212964.352,64.352,0.27,0.28,0.71,0.74,0.01,0.03,77952.04,1777212962000
1777212964.732,64.732,0.27,0.28,0.72,0.73,0.01,0.01,77952.04,1777212963000
1777212965.31,65.31,0.26,0.28,0.72,0.73,0.02,0.01,77952.04,1777212964000
1777212965.743,65.743,0.26,0.27,0.73,0.74,0.01,0.01,77952.04,1777212964000
1777212966.284,66.284,0.26,0.3,0.73,0.74,0.04,0.01,77952.04,1777212964000
1777212966.867,66.867,0.27,0.28,0.72,0.73,0.01,0.01,77952.04,1777212965000
1777212967.347,67.347,0.28,0.3,0.7,0.73,0.02,0.03,77952.04,1777212966000
1777212967.703,67.703,0.27,0.28,0.72,0.73,0.01,0.01,77952.04,1777212966000
1777212968.243,68.243,0.26,0.27,0.72,0.74,0.01,0.02,77952.04,1777212966000
1777212968.677,68.677,0.26,0.27,0.73,0.74,0.01,0.01,77950.22,1777212967000
1777212969.117,69.117,0.27,0.28,0.73,0.74,0.01,0.01,77950.22,1777212967000
1777212969.685,69.685,0.27,0.28,0.72,0.73,0.01,0.01,77950.22,1777212967000
1777212970.244,70.244,0.26,0.27,0.73,0.74,0.01,0.01,77952.04,1777212969000
1777212970.615,70.615,0.26,0.27,0.73,0.74,0.01,0.01,77952.04,1777212969000
1777212971.001,71.001,0.26,0.27,0.73,0.74,0.01,0.01,77952.04,1777212969000
1777212971.447,71.447,0.26,0.27,0.73,0.74,0.01,0.01,77952.04,1777212970000
1777212971.839,71.839,0.26,0.27,0.73,0.74,0.01,0.01,77952.04,1777212970000
1777212972.191,72.191,0.26,0.27,0.73,0.74,0.01,0.01,77952.04,1777212971000
1777212972.687,72.687,0.26,0.28,0.73,0.74,0.02,0.01,77952.04,1777212971000
1777212973.536,73.536,0.27,0.29,0.71,0.73,0.02,0.02,77950.99,1777212972000
1777212973.877,73.877,0.27,0.28,0.72,0.74,0.01,0.02,77950.99,1777212972000
1777212974.947,74.947,0.27,0.28,0.72,0.73,0.01,0.01,77950.99,1777212973000
1777212975.314,75.314,0.27,0.28,0.72,0.73,0.01,0.01,77950.99,1777212973000
1777212976.017,76.017,0.27,0.28,0.72,0.73,0.01,0.01,77950.99,1777212974000
1777212976.368,76.368,0.26,0.28,0.72,0.73,0.02,0.01,77950.99,1777212974000
1777212976.777,76.777,0.26,0.27,0.72,0.74,0.01,0.02,77950.99,1777212974000
1777212977.146,77.146,0.25,0.27,0.73,0.74,0.02,0.01,77950.99,1777212975000
1777212977.494,77.494,0.25,0.26,0.74,0.75,0.01,0.01,77951.0,1777212976000
1777212978.136,78.136,0.25,0.26,0.74,0.75,0.01,0.01,77951.0,1777212977000
1777212978.689,78.689,0.25,0.26,0.74,0.75,0.01,0.01,77951.0,1777212977000
1777212979.211,79.211,0.25,0.26,0.74,0.75,0.01,0.01,77951.11,1777212978000
1777212979.644,79.644,0.25,0.26,0.74,0.75,0.01,0.01,77951.11,1777212978000
1777212980.108,80.108,0.25,0.26,0.74,0.75,0.01,0.01,77951.11,1777212978000
1777212980.976,80.976,0.25,0.26,0.74,0.75,0.01,0.01,77951.11,1777212979000
1777212981.314,81.314,0.25,0.26,0.74,0.75,0.01,0.01,77951.17,1777212980000
1777212981.768,81.768,0.25,0.26,0.74,0.75,0.01,0.01,77951.17,1777212980000
1777212982.119,82.119,0.25,0.26,0.74,0.75,0.01,0.01,77951.17,1777212980000
1777212982.464,82.464,0.25,0.26,0.74,0.75,0.01,0.01,77951.17,1777212981000
1777212983.053,83.053,0.25,0.26,0.74,0.75,0.01,0.01,77951.15,1777212982000
1777212983.414,83.414,0.25,0.26,0.74,0.75,0.01,0.01,77951.15,1777212982000
1777212983.762,83.762,0.25,0.26,0.74,0.75,0.01,0.01,77951.15,1777212982000
1777212984.102,84.102,0.24,0.25,0.75,0.76,0.01,0.01,77951.15,1777212982000
1777212984.447,84.447,0.24,0.25,0.75,0.76,0.01,0.01,77951.15,1777212983000
1777212984.806,84.806,0.24,0.25,0.75,0.76,0.01,0.01,77951.15,1777212983000
1777212985.232,85.232,0.24,0.25,0.75,0.76,0.01,0.01,77951.12,1777212984000
1777212985.762,85.762,0.24,0.25,0.75,0.76,0.01,0.01,77951.12,1777212984000
1777212986.122,86.122,0.24,0.25,0.75,0.76,0.01,0.01,77950.79,1777212985000
1777212987.154,87.154,0.24,0.25,0.75,0.76,0.01,0.01,77950.8,1777212986000
1777212987.588,87.588,0.26,0.27,0.71,0.76,0.01,0.05,77950.8,1777212986000
1777212988.065,88.065,0.26,0.27,0.73,0.74,0.01,0.01,77950.8,1777212986000
1777212988.413,88.413,0.25,0.27,0.73,0.75,0.02,0.02,77950.85,1777212987000
1777212988.756,88.756,0.25,0.26,0.74,0.75,0.01,0.01,77950.85,1777212987000
1777212989.127,89.127,0.25,0.26,0.74,0.75,0.01,0.01,77950.85,1777212988000
1777212989.603,89.603,0.24,0.25,0.75,0.76,0.01,0.01,77950.85,1777212988000
1777212990.022,90.022,0.24,0.25,0.75,0.76,0.01,0.01,77950.85,1777212988000
1777212990.408,90.408,0.24,0.25,0.75,0.76,0.01,0.01,77950.85,1777212989000
1777212991.037,91.037,0.24,0.25,0.75,0.76,0.01,0.01,77950.86,1777212990000
1777212991.441,91.441,0.24,0.25,0.75,0.76,0.01,0.01,77950.86,1777212990000
1777212991.933,91.933,0.24,0.25,0.75,0.76,0.01,0.01,77950.86,1777212990000
1777212992.337,92.337,0.24,0.25,0.75,0.76,0.01,0.01,77950.86,1777212991000
1777212992.684,92.684,0.24,0.25,0.75,0.76,0.01,0.01,77950.86,1777212991000
1777212993.397,93.397,0.24,0.25,0.75,0.76,0.01,0.01,77950.86,1777212991000
1777212993.843,93.843,0.24,0.25,0.75,0.76,0.01,0.01,77950.83,1777212992000
1777212994.271,94.271,0.24,0.25,0.75,0.76,0.01,0.01,77950.82,1777212993000
1777212994.655,94.655,0.24,0.25,0.75,0.76,0.01,0.01,77950.82,1777212993000
1777212995.312,95.312,0.24,0.25,0.75,0.76,0.01,0.01,77950.82,1777212993000
1777212995.784,95.784,0.24,0.25,0.75,0.76,0.01,0.01,77950.82,1777212993000
1777212996.19,96.19,0.24,0.25,0.75,0.76,0.01,0.01,77950.82,1777212994000
1777212996.547,96.547,0.24,0.25,0.75,0.76,0.01,0.01,77950.82,1777212994000
1777212997.297,97.297,0.23,0.24,0.76,0.77,0.01,0.01,77950.83,1777212996000
1777212998.152,98.152,0.23,0.25,0.75,0.77,0.02,0.02,77950.83,1777212996000
1777212998.614,98.614,0.24,0.25,0.75,0.76,0.01,0.01,77950.83,1777212996000
1777212998.962,98.962,0.24,0.25,0.75,0.76,0.01,0.01,77950.83,1777212997000
1777212999.372,99.372,0.24,0.25,0.75,0.76,0.01,0.01,77950.83,1777212997000
1777212999.767,99.767,0.23,0.24,0.75,0.76,0.01,0.01,77950.11,1777212998000
1777213000.209,100.209,0.23,0.24,0.76,0.77,0.01,0.01,77950.11,1777212998000
1777213000.886,100.886,0.23,0.24,0.76,0.77,0.01,0.01,77950.83,1777212999000
1777213001.44,101.44,0.23,0.24,0.76,0.77,0.01,0.01,77950.83,1777212999000
1777213001.804,101.804,0.23,0.24,0.76,0.77,0.01,0.01,77950.83,1777212999000
1777213002.315,102.315,0.23,0.24,0.76,0.77,0.01,0.01,77950.86,1777213000000
1777213002.706,102.706,0.23,0.24,0.76,0.77,0.01,0.01,77950.86,1777213001000
1777213003.338,103.338,0.23,0.24,0.76,0.77,0.01,0.01,77950.82,1777213002000
1777213003.764,103.764,0.23,0.24,0.76,0.77,0.01,0.01,77950.82,1777213002000
1777213004.318,104.318,0.23,0.24,0.76,0.77,0.01,0.01,77950.81,1777213003000
1777213004.656,104.656,0.23,0.25,0.76,0.77,0.02,0.01,77950.81,1777213003000
1777213005.102,105.102,0.23,0.25,0.75,0.77,0.02,0.02,77950.81,1777213003000
1777213005.617,105.617,0.23,0.24,0.76,0.77,0.01,0.01,77950.81,1777213004000
1777213006.273,106.273,0.23,0.24,0.76,0.77,0.01,0.01,77950.81,1777213005000
1777213006.624,106.624,0.23,0.24,0.76,0.77,0.01,0.01,77950.81,1777213005000
1777213007.123,107.123,0.23,0.24,0.76,0.77,0.01,0.01,77950.81,1777213005000
1777213007.574,107.574,0.24,0.25,0.75,0.76,0.01,0.01,77950.81,1777213005000
1777213008.213,108.213,0.24,0.25,0.75,0.76,0.01,0.01,77950.8,1777213006000
1777213008.565,108.565,0.24,0.25,0.75,0.76,0.01,0.01,77950.8,1777213007000
1777213008.972,108.972,0.24,0.27,0.75,0.76,0.03,0.01,77950.8,1777213007000
1777213009.463,109.463,0.24,0.25,0.74,0.76,0.01,0.02,77950.81,1777213008000
1777213009.872,109.872,0.24,0.26,0.74,0.76,0.02,0.02,77950.81,1777213008000
1777213010.823,110.823,0.25,0.26,0.74,0.75,0.01,0.01,77950.81,1777213009000
1777213011.214,111.214,0.25,0.26,0.74,0.75,0.01,0.01,77950.81,1777213009000
1777213011.753,111.753,0.25,0.26,0.74,0.75,0.01,0.01,77950.82,1777213010000
1777213012.454,112.454,0.25,0.26,0.74,0.75,0.01,0.01,77950.82,1777213011000
1777213013.138,113.138,0.25,0.26,0.74,0.75,0.01,0.01,77950.81,1777213012000
1777213013.627,113.627,0.24,0.25,0.75,0.76,0.01,0.01,77950.81,1777213012000
1777213014.156,114.156,0.24,0.25,0.75,0.76,0.01,0.01,77950.82,1777213013000
1777213015.298,115.298,0.23,0.24,0.76,0.77,0.01,0.01,77950.82,1777213014000
1777213015.725,115.725,0.23,0.24,0.76,0.77,0.01,0.01,77950.82,1777213014000
1777213016.455,116.455,0.23,0.24,0.76,0.77,0.01,0.01,77950.83,1777213015000
1777213016.806,116.806,0.23,0.24,0.76,0.77,0.01,0.01,77950.83,1777213015000
1777213017.351,117.351,0.23,0.24,0.76,0.77,0.01,0.01,77950.82,1777213016000
1777213017.747,117.747,0.23,0.24,0.76,0.77,0.01,0.01,77950.82,1777213016000
1777213018.173,118.173,0.23,0.24,0.76,0.77,0.01,0.01,77950.83,1777213017000
1777213019.025,119.025,0.23,0.24,0.76,0.77,0.01,0.01,77950.83,1777213017000
1777213019.707,119.707,0.23,0.24,0.76,0.77,0.01,0.01,77950.83,1777213018000
1777213020.174,120.174,0.22,0.23,0.77,0.78,0.01,0.01,77950.83,1777213018000
1777213020.673,120.673,0.22,0.23,0.77,0.78,0.01,0.01,77950.83,1777213019000
1777213021.43,121.43,0.22,0.23,0.77,0.78,0.01,0.01,77950.84,1777213020000
1777213021.957,121.957,0.22,0.23,0.77,0.78,0.01,0.01,77950.84,1777213020000
1777213023.251,123.251,0.22,0.23,0.77,0.78,0.01,0.01,77950.84,1777213021000
1777213023.611,123.611,0.22,0.23,0.77,0.78,0.01,0.01,77950.84,1777213022000
1777213024.239,124.239,0.22,0.23,0.77,0.78,0.01,0.01,77950.84,1777213022000
1777213025.421,125.421,0.22,0.23,0.77,0.78,0.01,0.01,77950.84,1777213023000
1777213025.842,125.842,0.22,0.23,0.77,0.78,0.01,0.01,77950.84,1777213024000
1777213026.304,126.304,0.22,0.23,0.77,0.78,0.01,0.01,77950.86,1777213025000
1777213026.795,126.795,0.22,0.23,0.77,0.78,0.01,0.01,77950.86,1777213025000
1777213027.161,127.161,0.22,0.23,0.77,0.78,0.01,0.01,77950.86,1777213026000
1777213027.51,127.51,0.22,0.23,0.77,0.78,0.01,0.01,77950.86,1777213026000
1777213028.13,128.13,0.22,0.23,0.77,0.78,0.01,0.01,77950.86,1777213026000
1777213028.61,128.61,0.22,0.23,0.77,0.78,0.01,0.01,77950.86,1777213027000
1777213029.116,129.116,0.22,0.23,0.77,0.78,0.01,0.01,77950.86,1777213027000
1777213029.568,129.568,0.22,0.23,0.77,0.78,0.01,0.01,77950.86,1777213028000
1777213030.017,130.017,0.22,0.23,0.77,0.78,0.01,0.01,77950.86,1777213028000
1777213030.45,130.45,0.22,0.23,0.77,0.78,0.01,0.01,77950.86,1777213028000
1777213030.831,130.831,0.22,0.23,0.77,0.78,0.01,0.01,77950.86,1777213029000
1777213031.206,131.206,0.22,0.23,0.77,0.78,0.01,0.01,77950.86,1777213030000
1777213031.589,131.589,0.22,0.23,0.77,0.78,0.01,0.01,77950.86,1777213030000
1777213032.092,132.092,0.22,0.23,0.77,0.78,0.01,0.01,77950.86,1777213030000
1777213032.457,132.457,0.22,0.23,0.77,0.78,0.01,0.01,77950.86,1777213031000
1777213033.426,133.426,0.22,0.23,0.77,0.78,0.01,0.01,77950.86,1777213032000
1777213033.959,133.959,0.22,0.23,0.77,0.78,0.01,0.01,77950.86,1777213032000
1777213034.431,134.431,0.22,0.23,0.77,0.78,0.01,0.01,77950.86,1777213033000
1777213034.764,134.764,0.22,0.23,0.77,0.78,0.01,0.01,77950.86,1777213033000
1777213035.222,135.222,0.22,0.23,0.77,0.78,0.01,0.01,77950.86,1777213034000
1777213035.575,135.575,0.22,0.23,0.77,0.78,0.01,0.01,77950.86,1777213034000
1777213036.309,136.309,0.22,0.23,0.77,0.78,0.01,0.01,77950.86,1777213035000
1777213036.696,136.696,0.22,0.23,0.77,0.79,0.01,0.02,77950.86,1777213035000
1777213037.273,137.273,0.21,0.22,0.77,0.79,0.01,0.02,77950.87,1777213036000
1777213037.607,137.607,0.21,0.22,0.78,0.79,0.01,0.01,77950.87,1777213036000
1777213037.996,137.996,0.21,0.22,0.78,0.79,0.01,0.01,77950.87,1777213036000
1777213038.378,138.378,0.21,0.22,0.78,0.79,0.01,0.01,77950.87,1777213037000
1777213038.735,138.735,0.21,0.22,0.78,0.79,0.01,0.01,77950.87,1777213037000
1777213039.274,139.274,0.21,0.22,0.78,0.79,0.01,0.01,77950.87,1777213038000
1777213039.777,139.777,0.21,0.22,0.78,0.79,0.01,0.01,77950.87,1777213038000
1777213040.349,140.349,0.21,0.22,0.78,0.79,0.01,0.01,77950.88,1777213039000
1777213040.929,140.929,0.21,0.22,0.78,0.79,0.01,0.01,77950.88,1777213039000
1777213041.269,141.269,0.21,0.22,0.78,0.79,0.01,0.01,77950.88,1777213040000
1777213041.672,141.672,0.21,0.22,0.78,0.79,0.01,0.01,77950.88,1777213040000
1777213042.025,142.025,0.21,0.22,0.78,0.79,0.01,0.01,77950.88,1777213040000
1777213042.486,142.486,0.21,0.22,0.78,0.79,0.01,0.01,77950.87,1777213041000
1777213043.037,143.037,0.21,0.22,0.78,0.79,0.01,0.01,77950.87,1777213041000
1777213043.371,143.371,0.21,0.22,0.78,0.79,0.01,0.01,77950.88,1777213042000
1777213043.706,143.706,0.21,0.22,0.78,0.79,0.01,0.01,77950.88,1777213042000
1777213044.08,144.08,0.21,0.22,0.78,0.79,0.01,0.01,77950.88,1777213043000
1777213044.639,144.639,0.21,0.22,0.78,0.79,0.01,0.01,77950.88,1777213043000
1777213045.208,145.208,0.21,0.22,0.78,0.79,0.01,0.01,77950.88,1777213044000
1777213046.027,146.027,0.21,0.22,0.78,0.79,0.01,0.01,77950.88,1777213044000
1777213046.5,146.5,0.21,0.22,0.78,0.79,0.01,0.01,77950.88,1777213045000
1777213046.865,146.865,0.21,0.22,0.78,0.79,0.01,0.01,77950.88,1777213045000
1777213047.255,147.255,0.21,0.22,0.78,0.79,0.01,0.01,77950.88,1777213046000
1777213047.612,147.612,0.18,0.22,0.78,0.82,0.04,0.04,77950.88,1777213046000
1777213047.958,147.958,0.17,0.19,0.8,0.81,0.02,0.01,77950.88,1777213046000
1777213048.307,148.307,0.11,0.12,0.87,0.89,0.01,0.02,77950.92,1777213047000
1777213048.649,148.649,0.11,0.12,0.88,0.89,0.01,0.01,77950.92,1777213047000
1777213049.004,149.004,0.11,0.12,0.88,0.89,0.01,0.01,77950.92,1777213047000
1777213049.567,149.567,0.11,0.12,0.88,0.89,0.01,0.01,77950.46,1777213048000
1777213050.184,150.184,0.11,0.12,0.88,0.89,0.01,0.01,77950.46,1777213048000
1777213050.871,150.871,0.11,0.12,0.88,0.89,0.01,0.01,77943.52,1777213049000
1777213051.261,151.261,0.1,0.12,0.88,0.89,0.02,0.01,77943.52,1777213049000
1777213051.65,151.65,0.11,0.12,0.88,0.9,0.01,0.02,77941.48,1777213050000
1777213052.018,152.018,0.11,0.12,0.88,0.89,0.01,0.01,77941.48,1777213050000
1777213052.484,152.484,0.12,0.13,0.87,0.88,0.01,0.01,77941.48,1777213051000
1777213053.268,153.268,0.11,0.12,0.88,0.9,0.01,0.02,77941.48,1777213051000
1777213053.837,153.837,0.12,0.13,0.87,0.89,0.01,0.02,77941.47,1777213052000
1777213054.436,154.436,0.12,0.13,0.87,0.88,0.01,0.01,77941.47,1777213052000
1777213054.795,154.795,0.1,0.11,0.89,0.9,0.01,0.01,77941.47,1777213053000
1777213055.283,155.283,0.1,0.11,0.89,0.9,0.01,0.01,77941.47,1777213054000
1777213055.656,155.656,0.11,0.12,0.88,0.89,0.01,0.01,77941.47,1777213054000
1777213056.178,156.178,0.1,0.11,0.89,0.9,0.01,0.01,77941.48,1777213055000
1777213056.73,156.73,0.11,0.12,0.88,0.89,0.01,0.01,77941.48,1777213055000
1777213057.159,157.159,0.11,0.12,0.88,0.89,0.01,0.01,77941.48,1777213055000
1777213057.876,157.876,0.1,0.11,0.88,0.9,0.01,0.02,77941.41,1777213056000
1777213058.239,158.239,0.1,0.11,0.89,0.9,0.01,0.01,77941.14,1777213057000
1777213059.178,159.178,0.1,0.11,0.89,0.9,0.01,0.01,77941.15,1777213058000
1777213059.564,159.564,0.1,0.11,0.89,0.9,0.01,0.01,77941.15,1777213058000
1777213059.985,159.985,0.1,0.11,0.89,0.9,0.01,0.01,77941.15,1777213058000
1777213060.442,160.442,0.1,0.12,0.88,0.9,0.02,0.02,77941.17,1777213059000
1777213061.16,161.16,0.11,0.19,0.81,0.89,0.08,0.08,77941.16,1777213060000
1777213061.5,161.5,0.13,0.14,0.86,0.87,0.01,0.01,77941.16,1777213060000
1777213061.881,161.881,0.13,0.14,0.86,0.87,0.01,0.01,77941.16,1777213060000
1777213062.329,162.329,0.13,0.14,0.86,0.87,0.01,0.01,77941.18,1777213061000
1777213062.977,162.977,0.13,0.14,0.86,0.87,0.01,0.01,77941.18,1777213061000
1777213063.367,163.367,0.13,0.14,0.86,0.87,0.01,0.01,77941.17,1777213062000
1777213063.922,163.922,0.12,0.13,0.86,0.88,0.01,0.02,77941.17,1777213062000
1777213064.428,164.428,0.12,0.13,0.87,0.88,0.01,0.01,77941.17,1777213063000
1777213064.805,164.805,0.12,0.13,0.87,0.88,0.01,0.01,77941.17,1777213063000
1777213065.64,165.64,0.12,0.13,0.87,0.88,0.01,0.01,77940.96,1777213064000
1777213066.171,166.171,0.12,0.13,0.87,0.88,0.01,0.01,77940.96,1777213065000
1777213066.962,166.962,0.12,0.13,0.87,0.88,0.01,0.01,77940.96,1777213065000
1777213067.629,167.629,0.12,0.13,0.87,0.88,0.01,0.01,77941.05,1777213066000
1777213068.062,168.062,0.12,0.13,0.87,0.88,0.01,0.01,77941.05,1777213066000
1777213068.4,168.4,0.13,0.14,0.86,0.87,0.01,0.01,77941.07,1777213067000
1777213068.777,168.777,0.13,0.14,0.86,0.87,0.01,0.01,77941.07,1777213067000
1777213069.421,169.421,0.13,0.14,0.86,0.87,0.01,0.01,77941.03,1777213068000
1777213069.785,169.785,0.13,0.14,0.86,0.87,0.01,0.01,77941.03,1777213068000
1777213070.194,170.194,0.13,0.14,0.86,0.87,0.01,0.01,77941.04,1777213069000
1777213070.653,170.653,0.13,0.14,0.86,0.87,0.01,0.01,77941.04,1777213069000
1777213071.134,171.134,0.13,0.14,0.86,0.87,0.01,0.01,77941.04,1777213070000
1777213071.658,171.658,0.13,0.14,0.86,0.87,0.01,0.01,77941.04,1777213070000
1777213072.033,172.033,0.13,0.14,0.86,0.87,0.01,0.01,77941.02,1777213071000
1777213072.399,172.399,0.13,0.14,0.86,0.87,0.01,0.01,77941.02,1777213071000
1777213072.979,172.979,0.13,0.14,0.86,0.87,0.01,0.01,77941.02,1777213071000
1777213073.521,173.521,0.11,0.14,0.86,0.87,0.03,0.01,77941.02,1777213072000
1777213073.934,173.934,0.12,0.13,0.86,0.89,0.01,0.03,77941.02,1777213072000
1777213074.331,174.331,0.11,0.12,0.88,0.89,0.01,0.01,77941.01,1777213073000
1777213075.009,175.009,0.11,0.12,0.88,0.89,0.01,0.01,77941.01,1777213074000
1777213075.735,175.735,0.11,0.12,0.88,0.89,0.01,0.01,77941.01,1777213074000
1777213076.13,176.13,0.11,0.12,0.88,0.89,0.01,0.01,77941.01,1777213075000
1777213076.601,176.601,0.11,0.12,0.88,0.89,0.01,0.01,77941.01,1777213075000
1777213077.153,177.153,0.11,0.12,0.88,0.89,0.01,0.01,77941.02,1777213076000
1777213077.616,177.616,0.11,0.12,0.88,0.89,0.01,0.01,77941.02,1777213076000
1777213078.252,178.252,0.11,0.12,0.88,0.89,0.01,0.01,77941.02,1777213077000
1777213078.695,178.695,0.11,0.12,0.88,0.89,0.01,0.01,77941.02,1777213077000
1777213079.137,179.137,0.11,0.12,0.88,0.89,0.01,0.01,77941.02,1777213077000
1777213079.474,179.474,0.11,0.12,0.88,0.89,0.01,0.01,77941.02,1777213078000
1777213079.899,179.899,0.11,0.12,0.88,0.89,0.01,0.01,77941.02,1777213078000
1777213080.24,180.24,0.11,0.12,0.88,0.89,0.01,0.01,77941.02,1777213078000
1777213080.611,180.611,0.11,0.12,0.88,0.89,0.01,0.01,77941.03,1777213079000
1777213080.951,180.951,0.11,0.12,0.88,0.89,0.01,0.01,77941.03,1777213080000
1777213081.292,181.292,0.11,0.12,0.88,0.89,0.01,0.01,77941.03,1777213080000
1777213081.788,181.788,0.11,0.12,0.88,0.89,0.01,0.01,77941.03,1777213080000
1777213082.234,182.234,0.11,0.12,0.88,0.89,0.01,0.01,77941.03,1777213080000
1777213082.678,182.678,0.11,0.12,0.88,0.89,0.01,0.01,77940.99,1777213081000
1777213083.018,183.018,0.11,0.12,0.88,0.89,0.01,0.01,77941.01,1777213082000
1777213083.372,183.372,0.11,0.12,0.88,0.89,0.01,0.01,77941.01,1777213082000
1777213083.928,183.928,0.11,0.12,0.88,0.89,0.01,0.01,77941.01,1777213082000
1777213084.389,184.389,0.12,0.13,0.87,0.88,0.01,0.01,77941.15,1777213083000
1777213084.723,184.723,0.12,0.13,0.87,0.88,0.01,0.01,77941.15,1777213083000
1777213085.241,185.241,0.12,0.13,0.87,0.88,0.01,0.01,77941.15,1777213083000
1777213085.627,185.627,0.11,0.12,0.88,0.89,0.01,0.01,77941.13,1777213084000
1777213086.141,186.141,0.11,0.12,0.88,0.89,0.01,0.01,77941.13,1777213084000
1777213086.49,186.49,0.11,0.12,0.88,0.89,0.01,0.01,77941.13,1777213085000
1777213086.833,186.833,0.23,0.24,0.76,0.77,0.01,0.01,77941.13,1777213085000
1777213087.176,187.176,0.23,0.24,0.76,0.77,0.01,0.01,77941.13,1777213085000
1777213087.564,187.564,0.23,0.24,0.76,0.77,0.01,0.01,77941.19,1777213086000
1777213088.093,188.093,0.22,0.23,0.77,0.78,0.01,0.01,77941.24,1777213087000
1777213088.613,188.613,0.22,0.23,0.76,0.77,0.01,0.01,77941.24,1777213087000
1777213089.192,189.192,0.22,0.23,0.77,0.78,0.01,0.01,77946.16,1777213088000
1777213089.653,189.653,0.22,0.23,0.77,0.78,0.01,0.01,77946.16,1777213088000
1777213090.016,190.016,0.22,0.23,0.77,0.78,0.01,0.01,77946.16,1777213088000
1777213090.704,190.704,0.22,0.23,0.77,0.79,0.01,0.02,77947.17,1777213089000
1777213091.12,191.12,0.22,0.23,0.77,0.82,0.01,0.05,77947.17,1777213089000
1777213091.483,191.483,0.22,0.23,0.77,0.78,0.01,0.01,77947.17,1777213090000
1777213091.893,191.893,0.22,0.23,0.77,0.78,0.01,0.01,77947.18,1777213091000
1777213092.228,192.228,0.19,0.2,0.79,0.82,0.01,0.03,77947.18,1777213091000
1777213092.712,192.712,0.19,0.2,0.8,0.81,0.01,0.01,77947.18,1777213091000
1777213093.048,193.048,0.19,0.2,0.8,0.81,0.01,0.01,77947.18,1777213092000
1777213093.515,193.515,0.18,0.19,0.8,0.82,0.01,0.02,77947.18,1777213092000
1777213093.927,193.927,0.18,0.19,0.81,0.82,0.01,0.01,77947.18,1777213092000
1777213094.563,194.563,0.16,0.18,0.81,0.82,0.02,0.01,77947.11,1777213093000
1777213094.938,194.938,0.16,0.17,0.83,0.84,0.01,0.01,77947.11,1777213093000
1777213095.409,195.409,0.16,0.17,0.83,0.84,0.01,0.01,77947.17,1777213094000
1777213095.772,195.772,0.16,0.17,0.83,0.84,0.01,0.01,77947.17,1777213094000
1777213096.367,196.367,0.16,0.17,0.83,0.84,0.01,0.01,77947.03,1777213095000
1777213096.786,196.786,0.16,0.17,0.83,0.84,0.01,0.01,77947.03,1777213095000
1777213097.36,197.36,0.16,0.17,0.83,0.84,0.01,0.01,77947.03,1777213095000
1777213097.731,197.731,0.16,0.17,0.83,0.84,0.01,0.01,77947.03,1777213095000
1777213098.251,198.251,0.16,0.17,0.83,0.84,0.01,0.01,77947.07,1777213096000
1777213098.835,198.835,0.15,0.17,0.83,0.84,0.02,0.01,77947.07,1777213097000
1777213099.313,199.313,0.15,0.16,0.84,0.85,0.01,0.01,77947.11,1777213098000
1777213099.695,199.695,0.15,0.16,0.84,0.85,0.01,0.01,77947.11,1777213098000
1777213100.175,200.175,0.17,0.18,0.83,0.84,0.01,0.01,77947.02,1777213099000
1777213100.522,200.522,0.17,0.19,0.82,0.83,0.02,0.01,77947.02,1777213099000
1777213100.864,200.864,0.19,0.2,0.79,0.82,0.01,0.03,77947.02,1777213099000
1777213101.208,201.208,0.19,0.2,0.8,0.81,0.01,0.01,77947.11,1777213100000
1777213101.669,201.669,0.19,0.2,0.8,0.81,0.01,0.01,77947.11,1777213100000
1777213102.399,202.399,0.19,0.2,0.8,0.81,0.01,0.01,77947.11,1777213101000
1777213102.936,202.936,0.19,0.2,0.8,0.81,0.01,0.01,77947.11,1777213102000
1777213103.956,203.956,0.19,0.2,0.8,0.81,0.01,0.01,77947.0,1777213103000
1777213105.023,205.023,0.19,0.2,0.8,0.81,0.01,0.01,77947.15,1777213104000
1777213105.447,205.447,0.24,0.25,0.75,0.81,0.01,0.06,77947.15,1777213104000
1777213105.969,205.969,0.27,0.29,0.71,0.73,0.02,0.02,77950.95,1777213105000
1777213106.304,206.304,0.27,0.29,0.69,0.72,0.02,0.03,77950.95,1777213105000
1777213106.979,206.979,0.3,0.31,0.69,0.7,0.01,0.01,77952.3,1777213106000
1777213107.325,207.325,0.35,0.38,0.62,0.65,0.03,0.03,77952.3,1777213106000
1777213107.663,207.663,0.37,0.38,0.62,0.63,0.01,0.01,77952.3,1777213106000
1777213108.002,208.002,0.37,0.38,0.62,0.63,0.01,0.01,77953.18,1777213107000
1777213108.344,208.344,0.37,0.38,0.62,0.63,0.01,0.01,77953.18,1777213107000
1777213108.731,208.731,0.37,0.38,0.62,0.63,0.01,0.01,77953.18,1777213107000
1777213109.104,209.104,0.37,0.38,0.62,0.63,0.01,0.01,77957.86,1777213108000
1777213109.441,209.441,0.37,0.38,0.62,0.63,0.01,0.01,77957.86,1777213108000
1777213109.904,209.904,0.37,0.38,0.62,0.63,0.01,0.01,77957.86,1777213108000
1777213110.447,210.447,0.37,0.39,0.62,0.63,0.02,0.01,77960.18,1777213109000
1777213110.971,210.971,0.39,0.4,0.6,0.61,0.01,0.01,77960.18,1777213109000
1777213111.606,211.606,0.39,0.4,0.6,0.61,0.01,0.01,77961.14,1777213110000
1777213111.947,211.947,0.39,0.4,0.6,0.61,0.01,0.01,77961.14,1777213110000
1777213112.285,212.285,0.39,0.4,0.6,0.61,0.01,0.01,77961.24,1777213111000
1777213112.633,212.633,0.39,0.44,0.56,0.6,0.05,0.04,77961.24,1777213111000
1777213112.966,212.966,0.41,0.52,0.48,0.59,0.11,0.11,77961.24,1777213111000
1777213113.488,213.488,0.48,0.49,0.5,0.52,0.01,0.02,77962.99,1777213112000
1777213113.855,213.855,0.49,0.5,0.48,0.52,0.01,0.04,77962.99,1777213112000
1777213114.195,214.195,0.54,0.55,0.45,0.46,0.01,0.01,77963.44,1777213113000
1777213114.529,214.529,0.54,0.55,0.45,0.46,0.01,0.01,77963.44,1777213113000
1777213114.904,214.904,0.53,0.54,0.46,0.47,0.01,0.01,77963.44,1777213113000
1777213115.251,215.251,0.54,0.55,0.45,0.46,0.01,0.01,77964.81,1777213114000
1777213115.595,215.595,0.53,0.55,0.45,0.46,0.02,0.01,77964.81,1777213114000
1777213115.965,215.965,0.52,0.54,0.46,0.47,0.02,0.01,77964.81,1777213114000
1777213116.304,216.304,0.53,0.54,0.46,0.47,0.01,0.01,77965.5,1777213115000
1777213116.75,216.75,0.54,0.55,0.45,0.46,0.01,0.01,77965.5,1777213115000
1777213117.122,217.122,0.54,0.55,0.45,0.46,0.01,0.01,77965.5,1777213115000
1777213117.464,217.464,0.52,0.55,0.45,0.48,0.03,0.03,77965.59,1777213116000
1777213118.135,218.135,0.55,0.56,0.44,0.46,0.01,0.02,77965.59,1777213116000
1777213118.52,218.52,0.55,0.56,0.44,0.45,0.01,0.01,77965.65,1777213117000
1777213118.895,218.895,0.53,0.56,0.44,0.47,0.03,0.03,77965.65,1777213118000
1777213119.279,219.279,0.53,0.55,0.45,0.48,0.02,0.03,77965.65,1777213118000
1777213119.671,219.671,0.54,0.55,0.45,0.47,0.01,0.02,77965.65,1777213118000
1777213120.05,220.05,0.54,0.55,0.45,0.46,0.01,0.01,77965.67,1777213119000
1777213121.286,221.286,0.54,0.55,0.45,0.46,0.01,0.01,77965.66,1777213120000
1777213121.691,221.691,0.53,0.55,0.45,0.47,0.02,0.02,77965.66,1777213120000
1777213122.036,222.036,0.52,0.55,0.45,0.48,0.03,0.03,77965.66,1777213120000
1777213122.377,222.377,0.54,0.56,0.43,0.46,0.02,0.03,77965.66,1777213120000
1777213122.84,222.84,0.54,0.55,0.45,0.46,0.01,0.01,77965.66,1777213121000
1777213123.182,223.182,0.54,0.55,0.45,0.46,0.01,0.01,77965.66,1777213122000
1777213123.526,223.526,0.53,0.55,0.45,0.47,0.02,0.02,77965.66,1777213122000
1777213123.861,223.861,0.54,0.55,0.45,0.46,0.01,0.01,77965.66,1777213122000
1777213124.198,224.198,0.54,0.56,0.45,0.46,0.02,0.01,77965.66,1777213122000
1777213124.542,224.542,0.54,0.55,0.45,0.46,0.01,0.01,77965.63,1777213123000
1777213124.93,224.93,0.54,0.55,0.44,0.46,0.01,0.02,77965.63,1777213123000
1777213125.455,225.455,0.54,0.56,0.45,0.46,0.02,0.01,77965.62,1777213124000
1777213125.86,225.86,0.56,0.57,0.43,0.45,0.01,0.02,77965.62,1777213124000
1777213126.288,226.288,0.56,0.57,0.43,0.44,0.01,0.01,77965.65,1777213125000
1777213126.639,226.639,0.52,0.54,0.46,0.47,0.02,0.01,77965.65,1777213125000
1777213127.107,227.107,0.52,0.53,0.47,0.49,0.01,0.02,77965.65,1777213125000
1777213127.521,227.521,0.52,0.53,0.47,0.48,0.01,0.01,77965.65,1777213125000
1777213127.927,227.927,0.52,0.53,0.47,0.48,0.01,0.01,77965.74,1777213126000
1777213128.746,228.746,0.52,0.53,0.47,0.48,0.01,0.01,77965.74,1777213127000
1777213129.299,229.299,0.53,0.54,0.45,0.48,0.01,0.03,77965.74,1777213127000
1777213129.632,229.632,0.53,0.54,0.46,0.47,0.01,0.01,77966.2,1777213128000
1777213130.041,230.041,0.54,0.55,0.45,0.47,0.01,0.02,77966.2,1777213128000
1777213130.429,230.429,0.53,0.55,0.45,0.46,0.02,0.01,77966.2,1777213129000
1777213130.93,230.93,0.53,0.54,0.46,0.47,0.01,0.01,77966.2,1777213129000
1777213131.365,231.365,0.53,0.54,0.45,0.47,0.01,0.02,77966.2,1777213129000
1777213132.014,232.014,0.53,0.55,0.46,0.47,0.02,0.01,77966.22,1777213130000
1777213132.352,232.352,0.51,0.55,0.45,0.46,0.04,0.01,77966.21,1777213131000
1777213133.109,233.109,0.49,0.53,0.47,0.48,0.04,0.01,77966.21,1777213131000
1777213133.47,233.47,0.49,0.51,0.49,0.51,0.02,0.02,77966.22,1777213132000
1777213133.953,233.953,0.49,0.5,0.5,0.51,0.01,0.01,77966.22,1777213132000
1777213134.468,234.468,0.49,0.5,0.5,0.51,0.01,0.01,77966.23,1777213133000
1777213135.003,235.003,0.49,0.5,0.5,0.51,0.01,0.01,77966.23,1777213133000
1777213135.643,235.643,0.49,0.5,0.5,0.51,0.01,0.01,77966.23,1777213133000
1777213136.016,236.016,0.49,0.5,0.5,0.51,0.01,0.01,77966.2,1777213134000
1777213136.378,236.378,0.5,0.51,0.48,0.51,0.01,0.03,77966.2,1777213135000
1777213136.892,236.892,0.5,0.51,0.49,0.5,0.01,0.01,77966.2,1777213135000
1777213137.332,237.332,0.5,0.51,0.49,0.5,0.01,0.01,77966.2,1777213135000
1777213138.06,238.06,0.5,0.51,0.49,0.5,0.01,0.01,77966.17,1777213137000
1777213138.396,238.396,0.5,0.51,0.49,0.5,0.01,0.01,77966.17,1777213137000
1777213138.964,238.964,0.49,0.5,0.5,0.51,0.01,0.01,77966.17,1777213137000
1777213139.358,239.358,0.48,0.49,0.51,0.52,0.01,0.01,77966.17,1777213137000
1777213139.704,239.704,0.48,0.49,0.51,0.52,0.01,0.01,77966.2,1777213138000
1777213140.151,240.151,0.49,0.5,0.51,0.52,0.01,0.01,77966.2,1777213138000
1777213140.488,240.488,0.49,0.5,0.5,0.51,0.01,0.01,77966.2,1777213139000
1777213140.905,240.905,0.5,0.51,0.48,0.51,0.01,0.03,77966.2,1777213139000
1777213141.309,241.309,0.5,0.51,0.49,0.5,0.01,0.01,77966.2,1777213139000
1777213141.686,241.686,0.48,0.52,0.48,0.5,0.04,0.02,77966.21,1777213140000
1777213142.037,242.037,0.49,0.5,0.5,0.51,0.01,0.01,77966.21,1777213140000
1777213142.399,242.399,0.48,0.49,0.51,0.52,0.01,0.01,77966.21,1777213140000
1777213142.864,242.864,0.48,0.49,0.51,0.52,0.01,0.01,77966.36,1777213141000
1777213143.381,243.381,0.48,0.49,0.51,0.52,0.01,0.01,77966.36,1777213141000
1777213143.863,243.863,0.47,0.48,0.52,0.53,0.01,0.01,77966.36,1777213141000
1777213144.402,244.402,0.47,0.48,0.52,0.53,0.01,0.01,77966.36,1777213143000
1777213144.96,244.96,0.48,0.49,0.51,0.52,0.01,0.01,77966.36,1777213143000
1777213145.462,245.462,0.47,0.48,0.51,0.53,0.01,0.02,77966.37,1777213144000
1777213145.938,245.938,0.47,0.48,0.52,0.53,0.01,0.01,77966.37,1777213144000
1777213146.346,246.346,0.48,0.49,0.51,0.52,0.01,0.01,77966.37,1777213145000
1777213146.98,246.98,0.48,0.49,0.51,0.52,0.01,0.01,77966.37,1777213145000
1777213147.339,247.339,0.44,0.49,0.51,0.52,0.05,0.01,77966.37,1777213145000
1777213147.688,247.688,0.45,0.46,0.54,0.55,0.01,0.01,77966.39,1777213146000
1777213148.128,248.128,0.43,0.44,0.55,0.57,0.01,0.02,77966.39,1777213146000
1777213148.546,248.546,0.43,0.44,0.56,0.57,0.01,0.01,77966.4,1777213147000
1777213149.016,249.016,0.43,0.44,0.56,0.57,0.01,0.01,77966.4,1777213147000
1777213149.44,249.44,0.43,0.44,0.56,0.57,0.01,0.01,77966.37,1777213148000
1777213150.065,250.065,0.43,0.44,0.56,0.57,0.01,0.01,77966.41,1777213149000
1777213150.422,250.422,0.42,0.43,0.57,0.58,0.01,0.01,77966.41,1777213149000
1777213150.842,250.842,0.42,0.43,0.57,0.58,0.01,0.01,77966.41,1777213149000
1777213151.292,251.292,0.42,0.43,0.57,0.58,0.01,0.01,77966.41,1777213149000
1777213151.646,251.646,0.42,0.43,0.57,0.58,0.01,0.01,77966.4,1777213150000
1777213152.008,252.008,0.41,0.43,0.57,0.59,0.02,0.02,77966.39,1777213151000
1777213152.372,252.372,0.41,0.42,0.58,0.59,0.01,0.01,77966.39,1777213151000
1777213153.038,253.038,0.41,0.42,0.58,0.59,0.01,0.01,77966.39,1777213151000
1777213153.581,253.581,0.4,0.41,0.59,0.6,0.01,0.01,77966.42,1777213152000
1777213154.013,254.013,0.4,0.41,0.59,0.6,0.01,0.01,77966.42,1777213152000
1777213154.537,254.537,0.4,0.41,0.59,0.6,0.01,0.01,77966.42,1777213152000
1777213154.877,254.877,0.4,0.41,0.59,0.6,0.01,0.01,77966.41,1777213153000
1777213155.31,255.31,0.4,0.41,0.59,0.6,0.01,0.01,77965.97,1777213154000
1777213156.062,256.062,0.4,0.41,0.59,0.6,0.01,0.01,77965.97,1777213154000
1777213156.433,256.433,0.39,0.4,0.6,0.61,0.01,0.01,77965.97,1777213154000
1777213156.949,256.949,0.38,0.39,0.61,0.62,0.01,0.01,77965.92,1777213155000
1777213157.288,257.288,0.38,0.39,0.61,0.62,0.01,0.01,77966.21,1777213156000
1777213157.624,257.624,0.38,0.39,0.61,0.62,0.01,0.01,77966.21,1777213156000
1777213157.972,257.972,0.38,0.39,0.6,0.62,0.01,0.02,77966.21,1777213156000
1777213158.326,258.326,0.4,0.41,0.59,0.6,0.01,0.01,77966.21,1777213157000
1777213158.689,258.689,0.4,0.41,0.59,0.6,0.01,0.01,77966.21,1777213157000
1777213159.409,259.409,0.35,0.41,0.59,0.6,0.06,0.01,77966.16,1777213158000
1777213159.767,259.767,0.35,0.36,0.64,0.65,0.01,0.01,77966.16,1777213158000
1777213160.454,260.454,0.41,0.42,0.6,0.63,0.01,0.03,77966.16,1777213158000
1777213160.825,260.825,0.41,0.42,0.58,0.59,0.01,0.01,77966.17,1777213159000
1777213161.259,261.259,0.4,0.41,0.59,0.6,0.01,0.01,77966.17,1777213160000
1777213161.657,261.657,0.41,0.42,0.58,0.59,0.01,0.01,77966.17,1777213160000
1777213161.992,261.992,0.42,0.43,0.58,0.59,0.01,0.01,77966.17,1777213161000
1777213162.503,262.503,0.42,0.43,0.57,0.58,0.01,0.01,77966.17,1777213161000
1777213162.93,262.93,0.42,0.43,0.57,0.58,0.01,0.01,77966.17,1777213161000
1777213163.268,263.268,0.4,0.42,0.57,0.58,0.02,0.01,77966.17,1777213162000
1777213163.85,263.85,0.4,0.42,0.58,0.6,0.02,0.02,77966.17,1777213163000
1777213164.842,264.842,0.37,0.4,0.59,0.61,0.03,0.02,77966.17,1777213163000
1777213165.526,265.526,0.38,0.39,0.61,0.62,0.01,0.01,77966.17,1777213164000
1777213165.91,265.91,0.36,0.37,0.63,0.64,0.01,0.01,77966.17,1777213164000
1777213166.385,266.385,0.35,0.36,0.64,0.65,0.01,0.01,77966.17,1777213165000
1777213166.994,266.994,0.35,0.36,0.64,0.65,0.01,0.01,77966.17,1777213165000
1777213167.648,267.648,0.35,0.38,0.64,0.65,0.03,0.01,77966.17,1777213166000
1777213168.021,268.021,0.35,0.38,0.62,0.65,0.03,0.03,77966.18,1777213167000
1777213168.479,268.479,0.34,0.35,0.65,0.66,0.01,0.01,77966.18,1777213167000
1777213168.906,268.906,0.55,0.56,0.44,0.45,0.01,0.01,77966.18,1777213167000
1777213169.246,269.246,0.72,0.75,0.25,0.28,0.03,0.03,77966.14,1777213168000
1777213169.58,269.58,0.79,0.89,0.11,0.21,0.1,0.1,77966.14,1777213168000
1777213169.916,269.916,0.89,0.9,0.1,0.11,0.01,0.01,77966.14,1777213168000
1777213170.261,270.261,0.89,0.9,0.1,0.11,0.01,0.01,77966.14,1777213169000
1777213170.611,270.611,0.9,0.91,0.09,0.1,0.01,0.01,77966.14,1777213169000
1777213170.952,270.952,0.88,0.89,0.11,0.12,0.01,0.01,77966.14,1777213169000
1777213171.288,271.288,0.9,0.91,0.09,0.1,0.01,0.01,77976.34,1777213170000
1777213171.651,271.651,0.89,0.9,0.1,0.12,0.01,0.02,77976.34,1777213170000
1777213172.002,272.002,0.9,0.91,0.09,0.1,0.01,0.01,77976.34,1777213170000
1777213172.341,272.341,0.91,0.92,0.08,0.09,0.01,0.01,77982.55,1777213171000
1777213172.694,272.694,0.77,0.9,0.09,0.24,0.13,0.15,77982.55,1777213171000
1777213173.028,273.028,0.9,0.93,0.07,0.1,0.03,0.03,77982.55,1777213171000
1777213173.511,273.511,0.92,0.93,0.07,0.08,0.01,0.01,77982.55,1777213171000
1777213173.858,273.858,0.92,0.93,0.07,0.08,0.01,0.01,77982.57,1777213172000
1777213174.295,274.295,0.93,0.95,0.06,0.07,0.02,0.01,77982.57,1777213172000
1777213174.704,274.704,0.94,0.95,0.05,0.06,0.01,0.01,77983.15,1777213173000
1777213175.119,275.119,0.94,0.95,0.05,0.06,0.01,0.01,77983.15,1777213173000
1777213175.452,275.452,0.94,0.95,0.05,0.06,0.01,0.01,77984.03,1777213174000
1777213175.827,275.827,0.94,0.95,0.05,0.06,0.01,0.01,77984.03,1777213174000
1777213176.309,276.309,0.95,0.96,0.04,0.05,0.01,0.01,77984.03,1777213174000
1777213176.848,276.848,0.95,0.96,0.04,0.05,0.01,0.01,77985.22,1777213175000
1777213177.235,277.235,0.96,0.97,0.03,0.05,0.01,0.02,77985.22,1777213176000
1777213177.668,277.668,0.96,0.97,0.03,0.04,0.01,0.01,77985.22,1777213176000
1777213178.02,278.02,0.96,0.97,0.03,0.04,0.01,0.01,77985.22,1777213176000
1777213178.364,278.364,0.96,0.97,0.03,0.04,0.01,0.01,77985.22,1777213176000
1777213178.699,278.699,0.97,0.98,0.02,0.03,0.01,0.01,77985.24,1777213177000
1777213179.035,279.035,0.98,0.99,0.01,0.03,0.01,0.02,77985.24,1777213177000
1777213179.455,279.455,0.98,0.99,0.01,0.02,0.01,0.01,77985.53,1777213178000
1777213179.828,279.828,0.98,0.99,0.01,0.02,0.01,0.01,77985.53,1777213178000
1777213180.174,280.174,0.99,0.99,0.01,0.01,0.0,0.0,77985.53,1777213178000
1777213180.53,280.53,0.99,0.99,0.01,0.01,0.0,0.0,78020.07,1777213179000
1777213180.863,280.863,0.99,0.99,0.01,0.01,0.0,0.0,78020.07,1777213179000
1777213181.311,281.311,0.99,0.99,0.01,0.01,0.0,0.0,78022.7,1777213180000
1777213181.647,281.647,0.99,0.99,0.01,0.01,0.0,0.0,78022.7,1777213180000
1777213182.046,282.046,0.99,0.99,0.01,0.01,0.0,0.0,78022.7,1777213180000
1777213182.379,282.379,0.99,0.99,0.01,0.01,0.0,0.0,78022.7,1777213180000
1777213182.922,282.922,0.99,0.99,0.01,0.01,0.0,0.0,78025.56,1777213181000
1777213184.172,284.172,0.99,0.99,0.01,0.01,0.0,0.0,78026.58,1777213182000
1777213184.597,284.597,0.99,0.99,0.01,0.01,0.0,0.0,78026.75,1777213183000
1777213185.047,285.047,0.99,0.99,0.01,0.01,0.0,0.0,78026.75,1777213183000
1777213185.698,285.698,0.99,0.99,0.01,0.01,0.0,0.0,78026.75,1777213183000
1777213186.041,286.041,0.99,0.99,0.01,0.01,0.0,0.0,78027.07,1777213184000
1777213186.441,286.441,0.99,0.99,0.01,0.01,0.0,0.0,78027.07,1777213184000
1777213187.122,287.122,0.99,0.99,0.01,0.01,0.0,0.0,78027.17,1777213186000
1777213187.494,287.494,0.99,0.99,0.01,0.01,0.0,0.0,78027.17,1777213186000
1777213188.151,288.151,0.99,0.99,0.01,0.01,0.0,0.0,78027.17,1777213186000
1777213188.727,288.727,0.99,0.99,0.01,0.01,0.0,0.0,78026.77,1777213187000
1777213189.155,289.155,0.99,0.99,0.01,0.01,0.0,0.0,78026.77,1777213187000
1777213189.661,289.661,0.99,0.99,0.01,0.01,0.0,0.0,78023.55,1777213188000
1777213190.213,290.213,0.99,0.99,0.01,0.01,0.0,0.0,78022.18,1777213189000
1777213190.577,290.577,0.99,0.99,0.01,0.01,0.0,0.0,78022.18,1777213189000
1777213190.952,290.952,0.99,0.99,0.01,0.01,0.0,0.0,78022.18,1777213189000
1777213191.456,291.456,0.99,0.99,0.01,0.01,0.0,0.0,78018.52,1777213190000
1777213191.836,291.836,0.99,0.99,0.01,0.01,0.0,0.0,78018.52,1777213190000
1777213192.22,292.22,0.99,0.99,0.01,0.01,0.0,0.0,78016.19,1777213191000
1777213192.668,292.668,0.99,0.99,0.01,0.01,0.0,0.0,78016.19,1777213191000
1777213193.145,293.145,0.99,0.99,0.01,0.01,0.0,0.0,78016.19,1777213191000
1777213194.072,294.072,0.99,0.99,0.01,0.01,0.0,0.0,78023.46,1777213193000
1777213194.478,294.478,0.99,0.99,0.01,0.01,0.0,0.0,78023.46,1777213193000
1777213195.039,295.039,0.99,0.99,0.01,0.01,0.0,0.0,78024.44,1777213194000
1777213195.591,295.591,0.99,0.99,0.01,0.01,0.0,0.0,78024.44,1777213194000
1777213196.024,296.024,0.99,0.99,0.01,0.01,0.0,0.0,78024.36,1777213195000
1777213196.411,296.411,0.99,0.99,0.01,0.01,0.0,0.0,78024.36,1777213195000
1777213196.882,296.882,0.99,0.99,0.01,0.01,0.0,0.0,78024.36,1777213195000
1777213197.408,297.408,0.99,0.99,0.01,0.01,0.0,0.0,78024.81,1777213196000
1777213197.933,297.933,0.99,0.99,0.01,0.01,0.0,0.0,78025.25,1777213197000
1777213198.384,298.384,0.99,0.99,0.01,0.01,0.0,0.0,78025.25,1777213197000
1777213199.065,299.065,0.99,0.99,0.01,0.01,0.0,0.0,78025.54,1777213198000
1777213199.887,299.887,0.99,0.99,0.01,0.01,0.0,0.0,78025.38,1777213199000
1777213200.44,300.44,0.99,0.99,0.01,0.01,0.0,0.0,78025.38,1777213199000

# RESULT,winner=Up,slug=btc-updown-5m-1777212900,ticks=632
