timestamp,elapsed_sec,up_bid,up_ask,down_bid,down_ask,up_spread,down_spread,btc_price,btc_oracle_ts
1776075600.765,0.765,0.52,0.53,0.47,0.48,0.01,0.01,70785.54,1776075599000
1776075601.189,1.189,0.52,0.53,0.47,0.48,0.01,0.01,70785.54,1776075599000
1776075601.622,1.622,0.51,0.53,0.48,0.49,0.02,0.01,70785.54,1776075599000
1776075601.995,1.995,0.51,0.53,0.47,0.49,0.02,0.02,70785.54,1776075600000
1776075602.391,2.391,0.52,0.53,0.47,0.49,0.01,0.02,70785.54,1776075600000
1776075603.048,3.048,0.51,0.52,0.48,0.49,0.01,0.01,70784.23,1776075602000
1776075603.395,3.395,0.51,0.52,0.48,0.49,0.01,0.01,70784.23,1776075602000
1776075603.89,3.89,0.5,0.52,0.48,0.49,0.02,0.01,70784.23,1776075602000
1776075604.366,4.366,0.5,0.52,0.48,0.49,0.02,0.01,70784.23,1776075603000
1776075604.722,4.722,0.5,0.52,0.48,0.5,0.02,0.02,70784.23,1776075603000
1776075605.166,5.166,0.47,0.49,0.5,0.53,0.02,0.03,70784.23,1776075603000
1776075605.53,5.53,0.46,0.47,0.53,0.54,0.01,0.01,70784.0,1776075604000
1776075605.87,5.87,0.46,0.47,0.53,0.54,0.01,0.01,70784.0,1776075604000
1776075606.232,6.232,0.46,0.47,0.53,0.54,0.01,0.01,70784.0,1776075605000
1776075606.598,6.598,0.46,0.47,0.53,0.54,0.01,0.01,70784.0,1776075605000
1776075607.126,7.126,0.46,0.47,0.53,0.54,0.01,0.01,70784.0,1776075605000
1776075607.46,7.46,0.46,0.47,0.53,0.54,0.01,0.01,70782.44,1776075606000
1776075607.867,7.867,0.46,0.47,0.53,0.54,0.01,0.01,70782.44,1776075606000
1776075608.368,8.368,0.46,0.49,0.53,0.54,0.03,0.01,70782.64,1776075607000
1776075608.787,8.787,0.47,0.48,0.52,0.53,0.01,0.01,70782.64,1776075607000
1776075609.121,9.121,0.47,0.48,0.52,0.53,0.01,0.01,70782.64,1776075607000
1776075609.542,9.542,0.47,0.48,0.52,0.53,0.01,0.01,70782.64,1776075607000
1776075610.053,10.053,0.47,0.48,0.52,0.53,0.01,0.01,70782.06,1776075608000
1776075610.4,10.4,0.47,0.48,0.52,0.53,0.01,0.01,70782.06,1776075609000
1776075610.775,10.775,0.47,0.48,0.52,0.53,0.01,0.01,70782.06,1776075609000
1776075611.164,11.164,0.47,0.48,0.52,0.53,0.01,0.01,70782.5,1776075610000
1776075611.84,11.84,0.47,0.48,0.52,0.53,0.01,0.01,70782.5,1776075610000
1776075612.205,12.205,0.46,0.48,0.52,0.54,0.02,0.02,70782.5,1776075610000
1776075612.951,12.951,0.45,0.46,0.53,0.54,0.01,0.01,70782.48,1776075611000
1776075613.366,13.366,0.45,0.46,0.54,0.55,0.01,0.01,70782.25,1776075612000
1776075613.776,13.776,0.45,0.46,0.54,0.55,0.01,0.01,70782.25,1776075612000
1776075614.299,14.299,0.46,0.47,0.53,0.55,0.01,0.02,70781.69,1776075613000
1776075614.871,14.871,0.46,0.47,0.53,0.54,0.01,0.01,70781.69,1776075613000
1776075615.309,15.309,0.46,0.47,0.53,0.54,0.01,0.01,70782.05,1776075614000
1776075615.664,15.664,0.46,0.47,0.53,0.54,0.01,0.01,70782.05,1776075614000
1776075616.065,16.065,0.46,0.47,0.53,0.54,0.01,0.01,70782.25,1776075615000
1776075616.62,16.62,0.47,0.48,0.52,0.54,0.01,0.02,70782.25,1776075615000
1776075617.04,17.04,0.46,0.47,0.53,0.54,0.01,0.01,70781.9,1776075616000
1776075617.52,17.52,0.46,0.48,0.52,0.53,0.02,0.01,70781.9,1776075616000
1776075617.999,17.999,0.46,0.48,0.52,0.54,0.02,0.02,70782.04,1776075617000
1776075618.73,18.73,0.47,0.48,0.52,0.54,0.01,0.02,70782.04,1776075617000
1776075619.379,19.379,0.47,0.48,0.52,0.53,0.01,0.01,70782.22,1776075618000
1776075619.827,19.827,0.46,0.48,0.52,0.53,0.02,0.01,70782.22,1776075618000
1776075620.95,20.95,0.47,0.48,0.52,0.53,0.01,0.01,70782.25,1776075619000
1776075621.844,21.844,0.47,0.48,0.52,0.53,0.01,0.01,70783.43,1776075620000
1776075622.243,22.243,0.47,0.48,0.52,0.53,0.01,0.01,70784.5,1776075621000
1776075622.893,22.893,0.47,0.48,0.52,0.53,0.01,0.01,70784.5,1776075621000
1776075623.262,23.262,0.47,0.48,0.52,0.53,0.01,0.01,70782.25,1776075622000
1776075623.604,23.604,0.47,0.48,0.52,0.53,0.01,0.01,70782.25,1776075622000
1776075624.051,24.051,0.47,0.48,0.52,0.53,0.01,0.01,70781.33,1776075623000
1776075624.519,24.519,0.47,0.48,0.52,0.53,0.01,0.01,70781.33,1776075623000
1776075624.872,24.872,0.47,0.49,0.51,0.52,0.02,0.01,70781.33,1776075623000
1776075625.429,25.429,0.48,0.49,0.51,0.53,0.01,0.02,70781.34,1776075624000
1776075625.783,25.783,0.48,0.49,0.51,0.52,0.01,0.01,70781.34,1776075624000
1776075626.17,26.17,0.48,0.49,0.51,0.52,0.01,0.01,70781.6,1776075625000
1776075626.574,26.574,0.47,0.48,0.51,0.52,0.01,0.01,70781.6,1776075625000
1776075627.028,27.028,0.46,0.48,0.52,0.53,0.02,0.01,70781.6,1776075625000
1776075627.372,27.372,0.46,0.47,0.53,0.54,0.01,0.01,70781.6,1776075626000
1776075627.888,27.888,0.46,0.47,0.53,0.54,0.01,0.01,70781.6,1776075626000
1776075628.264,28.264,0.46,0.47,0.53,0.54,0.01,0.01,70781.09,1776075627000
1776075628.597,28.597,0.45,0.46,0.54,0.55,0.01,0.01,70781.09,1776075627000
1776075628.951,28.951,0.46,0.47,0.54,0.55,0.01,0.01,70781.09,1776075627000
1776075629.341,29.341,0.46,0.47,0.53,0.54,0.01,0.01,70781.02,1776075628000
1776075629.723,29.723,0.46,0.47,0.53,0.54,0.01,0.01,70781.02,1776075628000
1776075630.148,30.148,0.47,0.48,0.52,0.53,0.01,0.01,70781.02,1776075629000
1776075630.501,30.501,0.48,0.49,0.51,0.53,0.01,0.02,70781.02,1776075629000
1776075630.846,30.846,0.48,0.49,0.51,0.52,0.01,0.01,70781.02,1776075629000
1776075631.227,31.227,0.48,0.49,0.51,0.52,0.01,0.01,70780.88,1776075630000
1776075631.574,31.574,0.48,0.49,0.51,0.52,0.01,0.01,70780.88,1776075630000
1776075631.983,31.983,0.48,0.49,0.51,0.52,0.01,0.01,70780.88,1776075630000
1776075632.553,32.553,0.48,0.49,0.51,0.52,0.01,0.01,70780.67,1776075631000
1776075632.912,32.912,0.48,0.49,0.51,0.52,0.01,0.01,70780.67,1776075631000
1776075633.252,33.252,0.49,0.5,0.5,0.51,0.01,0.01,70780.69,1776075632000
1776075633.617,33.617,0.49,0.5,0.5,0.51,0.01,0.01,70780.69,1776075632000
1776075633.955,33.955,0.49,0.5,0.5,0.51,0.01,0.01,70780.69,1776075632000
1776075634.298,34.298,0.49,0.5,0.5,0.51,0.01,0.01,70781.52,1776075633000
1776075634.775,34.775,0.5,0.51,0.49,0.5,0.01,0.01,70781.52,1776075633000
1776075635.219,35.219,0.5,0.51,0.49,0.5,0.01,0.01,70781.52,1776075633000
1776075635.567,35.567,0.5,0.51,0.49,0.5,0.01,0.01,70781.52,1776075634000
1776075635.92,35.92,0.5,0.51,0.49,0.5,0.01,0.01,70781.52,1776075634000
1776075636.367,36.367,0.5,0.51,0.49,0.5,0.01,0.01,70781.52,1776075635000
1776075636.854,36.854,0.5,0.51,0.49,0.5,0.01,0.01,70781.52,1776075635000
1776075637.484,37.484,0.5,0.51,0.49,0.5,0.01,0.01,70781.52,1776075636000
1776075638.105,38.105,0.5,0.51,0.49,0.5,0.01,0.01,70781.52,1776075637000
1776075638.497,38.497,0.5,0.51,0.49,0.5,0.01,0.01,70781.52,1776075637000
1776075639.105,39.105,0.5,0.51,0.49,0.5,0.01,0.01,70781.63,1776075638000
1776075639.465,39.465,0.51,0.52,0.48,0.5,0.01,0.02,70781.63,1776075638000
1776075639.799,39.799,0.51,0.52,0.48,0.49,0.01,0.01,70781.63,1776075638000
1776075640.188,40.188,0.51,0.52,0.48,0.49,0.01,0.01,70781.63,1776075639000
1776075640.663,40.663,0.51,0.52,0.48,0.49,0.01,0.01,70781.63,1776075639000
1776075641.212,41.212,0.51,0.52,0.48,0.49,0.01,0.01,70781.63,1776075639000
1776075642.496,42.496,0.51,0.52,0.48,0.49,0.01,0.01,70784.4,1776075641000
1776075643.151,43.151,0.51,0.52,0.48,0.49,0.01,0.01,70785.61,1776075642000
1776075643.515,43.515,0.51,0.52,0.48,0.49,0.01,0.01,70785.61,1776075642000
1776075643.956,43.956,0.51,0.52,0.48,0.49,0.01,0.01,70785.61,1776075642000
1776075644.323,44.323,0.51,0.52,0.48,0.49,0.01,0.01,70785.61,1776075642000
1776075644.821,44.821,0.51,0.52,0.48,0.49,0.01,0.01,70784.4,1776075643000
1776075645.161,45.161,0.51,0.52,0.48,0.49,0.01,0.01,70784.4,1776075643000
1776075645.536,45.536,0.51,0.52,0.48,0.49,0.01,0.01,70784.11,1776075644000
1776075645.954,45.954,0.51,0.53,0.48,0.49,0.02,0.01,70784.11,1776075644000
1776075646.302,46.302,0.52,0.53,0.47,0.48,0.01,0.01,70784.4,1776075645000
1776075647.228,47.228,0.52,0.53,0.47,0.48,0.01,0.01,70784.4,1776075645000
1776075647.758,47.758,0.52,0.53,0.47,0.48,0.01,0.01,70784.4,1776075646000
1776075648.229,48.229,0.52,0.53,0.47,0.48,0.01,0.01,70784.4,1776075646000
1776075648.751,48.751,0.52,0.53,0.47,0.48,0.01,0.01,70784.95,1776075647000
1776075649.229,49.229,0.52,0.54,0.47,0.48,0.02,0.01,70784.95,1776075647000
1776075649.772,49.772,0.53,0.54,0.46,0.47,0.01,0.01,70785.18,1776075648000
1776075650.328,50.328,0.52,0.53,0.47,0.48,0.01,0.01,70785.18,1776075649000
1776075650.694,50.694,0.52,0.53,0.47,0.48,0.01,0.01,70785.18,1776075649000
1776075651.052,51.052,0.52,0.53,0.47,0.48,0.01,0.01,70785.18,1776075650000
1776075651.504,51.504,0.52,0.53,0.47,0.48,0.01,0.01,70785.18,1776075650000
1776075651.986,51.986,0.52,0.53,0.47,0.48,0.01,0.01,70785.18,1776075650000
1776075652.354,52.354,0.52,0.53,0.47,0.48,0.01,0.01,70785.18,1776075651000
1776075652.915,52.915,0.52,0.53,0.47,0.48,0.01,0.01,70785.18,1776075651000
1776075653.873,53.873,0.52,0.53,0.47,0.48,0.01,0.01,70785.18,1776075652000
1776075654.216,54.216,0.49,0.5,0.47,0.51,0.01,0.04,70785.18,1776075652000
1776075654.554,54.554,0.49,0.5,0.5,0.51,0.01,0.01,70785.18,1776075653000
1776075654.902,54.902,0.49,0.5,0.5,0.51,0.01,0.01,70785.18,1776075653000
1776075655.927,55.927,0.49,0.5,0.5,0.51,0.01,0.01,70785.18,1776075654000
1776075656.69,56.69,0.49,0.5,0.5,0.51,0.01,0.01,70785.18,1776075654000
1776075657.152,57.152,0.49,0.5,0.5,0.51,0.01,0.01,70785.18,1776075655000
1776075657.507,57.507,0.49,0.5,0.5,0.51,0.01,0.01,70784.73,1776075656000
1776075657.975,57.975,0.49,0.5,0.5,0.51,0.01,0.01,70784.73,1776075656000
1776075658.309,58.309,0.49,0.5,0.5,0.51,0.01,0.01,70784.73,1776075657000
1776075659.003,59.003,0.49,0.5,0.5,0.51,0.01,0.01,70784.73,1776075657000
1776075659.539,59.539,0.49,0.5,0.5,0.51,0.01,0.01,70784.69,1776075658000
1776075659.95,59.95,0.49,0.5,0.5,0.51,0.01,0.01,70784.69,1776075658000
1776075660.309,60.309,0.49,0.5,0.49,0.51,0.01,0.02,70784.85,1776075659000
1776075660.864,60.864,0.49,0.5,0.5,0.51,0.01,0.01,70784.85,1776075659000
1776075661.27,61.27,0.49,0.5,0.5,0.51,0.01,0.01,70784.85,1776075659000
1776075661.68,61.68,0.49,0.5,0.5,0.51,0.01,0.01,70783.77,1776075660000
1776075662.017,62.017,0.49,0.51,0.5,0.51,0.02,0.01,70783.77,1776075660000
1776075662.389,62.389,0.5,0.51,0.49,0.5,0.01,0.01,70783.77,1776075661000
1776075663.444,63.444,0.5,0.51,0.49,0.5,0.01,0.01,70783.97,1776075662000
1776075663.849,63.849,0.5,0.51,0.49,0.5,0.01,0.01,70783.97,1776075662000
1776075664.491,64.491,0.5,0.51,0.49,0.5,0.01,0.01,70784.53,1776075663000
1776075665.188,65.188,0.5,0.51,0.49,0.5,0.01,0.01,70784.46,1776075664000
1776075665.554,65.554,0.5,0.51,0.49,0.5,0.01,0.01,70784.46,1776075664000
1776075666.281,66.281,0.5,0.51,0.49,0.5,0.01,0.01,70785.23,1776075665000
1776075667.187,67.187,0.5,0.51,0.49,0.5,0.01,0.01,70785.23,1776075665000
1776075667.524,67.524,0.5,0.53,0.47,0.5,0.03,0.03,70785.23,1776075665000
1776075668.17,68.17,0.47,0.53,0.47,0.5,0.06,0.03,70784.31,1776075666000
1776075668.602,68.602,0.52,0.53,0.47,0.48,0.01,0.01,70784.12,1776075667000
1776075668.941,68.941,0.5,0.51,0.47,0.48,0.01,0.01,70784.12,1776075667000
1776075669.279,69.279,0.5,0.51,0.49,0.5,0.01,0.01,70785.23,1776075668000
1776075670.184,70.184,0.5,0.51,0.49,0.5,0.01,0.01,70786.45,1776075669000
1776075670.564,70.564,0.5,0.51,0.49,0.5,0.01,0.01,70786.45,1776075669000
1776075670.929,70.929,0.5,0.51,0.49,0.5,0.01,0.01,70786.45,1776075669000
1776075671.382,71.382,0.5,0.51,0.49,0.5,0.01,0.01,70785.23,1776075670000
1776075672.516,72.516,0.5,0.51,0.49,0.5,0.01,0.01,70785.23,1776075671000
1776075672.998,72.998,0.46,0.48,0.52,0.54,0.02,0.02,70785.23,1776075671000
1776075673.358,73.358,0.46,0.47,0.53,0.55,0.01,0.02,70784.59,1776075672000
1776075673.769,73.769,0.46,0.47,0.53,0.54,0.01,0.01,70784.59,1776075672000
1776075674.104,74.104,0.45,0.47,0.53,0.54,0.02,0.01,70784.59,1776075672000
1776075674.45,74.45,0.45,0.46,0.54,0.55,0.01,0.01,70784.43,1776075673000
1776075674.789,74.789,0.44,0.45,0.55,0.56,0.01,0.01,70784.43,1776075673000
1776075675.123,75.123,0.44,0.45,0.55,0.56,0.01,0.01,70784.43,1776075673000
1776075676.381,76.381,0.44,0.45,0.55,0.56,0.01,0.01,70783.91,1776075674000
1776075676.817,76.817,0.44,0.45,0.55,0.56,0.01,0.01,70783.91,1776075675000
1776075677.274,77.274,0.44,0.45,0.55,0.56,0.01,0.01,70783.91,1776075676000
1776075678.173,78.173,0.44,0.45,0.55,0.56,0.01,0.01,70783.91,1776075676000
1776075678.514,78.514,0.42,0.43,0.57,0.58,0.01,0.01,70783.91,1776075676000
1776075678.858,78.858,0.35,0.37,0.63,0.65,0.02,0.02,70783.24,1776075677000
1776075679.192,79.192,0.35,0.36,0.64,0.65,0.01,0.01,70783.24,1776075678000
1776075679.537,79.537,0.35,0.36,0.64,0.65,0.01,0.01,70783.24,1776075678000
1776075679.878,79.878,0.33,0.36,0.64,0.67,0.03,0.03,70783.24,1776075678000
1776075680.298,80.298,0.33,0.34,0.66,0.67,0.01,0.01,70783.24,1776075678000
1776075680.631,80.631,0.33,0.34,0.66,0.67,0.01,0.01,70777.53,1776075679000
1776075680.97,80.97,0.33,0.34,0.66,0.67,0.01,0.01,70777.53,1776075679000
1776075681.312,81.312,0.32,0.33,0.67,0.68,0.01,0.01,70777.53,1776075679000
1776075681.651,81.651,0.32,0.33,0.67,0.68,0.01,0.01,70777.53,1776075679000
1776075681.992,81.992,0.33,0.35,0.65,0.67,0.02,0.02,70775.48,1776075680000
1776075682.332,82.332,0.34,0.35,0.65,0.66,0.01,0.01,70775.32,1776075681000
1776075682.67,82.67,0.35,0.36,0.64,0.65,0.01,0.01,70775.32,1776075681000
1776075683.037,83.037,0.36,0.37,0.63,0.64,0.01,0.01,70775.32,1776075681000
1776075683.373,83.373,0.36,0.37,0.63,0.64,0.01,0.01,70775.32,1776075681000
1776075683.729,83.729,0.37,0.38,0.62,0.64,0.01,0.02,70776.72,1776075682000
1776075684.114,84.114,0.37,0.38,0.62,0.63,0.01,0.01,70776.86,1776075683000
1776075684.466,84.466,0.43,0.45,0.55,0.57,0.02,0.02,70776.86,1776075683000
1776075684.905,84.905,0.45,0.47,0.53,0.55,0.02,0.02,70776.86,1776075683000
1776075685.349,85.349,0.46,0.47,0.53,0.54,0.01,0.01,70779.93,1776075684000
1776075685.685,85.685,0.48,0.49,0.51,0.54,0.01,0.03,70779.93,1776075684000
1776075686.021,86.021,0.48,0.49,0.51,0.52,0.01,0.01,70779.93,1776075684000
1776075686.397,86.397,0.48,0.49,0.51,0.52,0.01,0.01,70779.93,1776075684000
1776075686.894,86.894,0.48,0.49,0.51,0.52,0.01,0.01,70782.36,1776075685000
1776075687.271,87.271,0.48,0.49,0.51,0.52,0.01,0.01,70783.84,1776075686000
1776075687.704,87.704,0.48,0.49,0.51,0.52,0.01,0.01,70783.84,1776075686000
1776075688.166,88.166,0.48,0.49,0.51,0.52,0.01,0.01,70784.31,1776075687000
1776075688.507,88.507,0.48,0.49,0.51,0.52,0.01,0.01,70784.31,1776075687000
1776075688.85,88.85,0.48,0.49,0.51,0.52,0.01,0.01,70784.31,1776075687000
1776075689.33,89.33,0.48,0.49,0.51,0.52,0.01,0.01,70784.96,1776075688000
1776075689.7,89.7,0.48,0.49,0.51,0.52,0.01,0.01,70784.96,1776075688000
1776075690.068,90.068,0.48,0.49,0.51,0.52,0.01,0.01,70784.96,1776075688000
1776075690.512,90.512,0.48,0.49,0.51,0.52,0.01,0.01,70786.17,1776075689000
1776075690.849,90.849,0.48,0.49,0.51,0.52,0.01,0.01,70786.17,1776075689000
1776075691.311,91.311,0.48,0.49,0.51,0.52,0.01,0.01,70787.57,1776075690000
1776075691.932,91.932,0.48,0.5,0.51,0.52,0.02,0.01,70787.57,1776075690000
1776075692.326,92.326,0.49,0.5,0.5,0.51,0.01,0.01,70790.1,1776075691000
1776075692.794,92.794,0.49,0.5,0.5,0.51,0.01,0.01,70790.1,1776075691000
1776075693.421,93.421,0.49,0.5,0.5,0.51,0.01,0.01,70784.96,1776075692000
1776075693.808,93.808,0.49,0.5,0.5,0.51,0.01,0.01,70784.96,1776075692000
1776075694.2,94.2,0.49,0.5,0.5,0.51,0.01,0.01,70784.96,1776075693000
1776075694.963,94.963,0.49,0.5,0.5,0.51,0.01,0.01,70784.96,1776075694000
1776075695.438,95.438,0.49,0.5,0.5,0.51,0.01,0.01,70784.96,1776075694000
1776075695.842,95.842,0.49,0.5,0.5,0.51,0.01,0.01,70784.96,1776075694000
1776075696.215,96.215,0.49,0.51,0.5,0.51,0.02,0.01,70784.96,1776075695000
1776075696.62,96.62,0.5,0.51,0.49,0.51,0.01,0.02,70784.96,1776075695000
1776075697.007,97.007,0.5,0.51,0.49,0.5,0.01,0.01,70784.55,1776075696000
1776075697.635,97.635,0.5,0.51,0.49,0.5,0.01,0.01,70784.55,1776075696000
1776075698.173,98.173,0.5,0.51,0.49,0.5,0.01,0.01,70784.96,1776075697000
1776075698.621,98.621,0.5,0.51,0.49,0.5,0.01,0.01,70784.96,1776075697000
1776075699.031,99.031,0.5,0.51,0.49,0.5,0.01,0.01,70784.44,1776075698000
1776075699.977,99.977,0.5,0.51,0.49,0.5,0.01,0.01,70784.44,1776075698000
1776075700.732,100.732,0.5,0.51,0.49,0.5,0.01,0.01,70784.44,1776075698000
1776075701.237,101.237,0.5,0.51,0.49,0.5,0.01,0.01,70784.32,1776075699000
1776075702.208,102.208,0.5,0.51,0.49,0.5,0.01,0.01,70784.31,1776075700000
1776075702.957,102.957,0.5,0.52,0.49,0.5,0.02,0.01,70784.31,1776075701000
1776075703.826,103.826,0.52,0.53,0.47,0.49,0.01,0.02,70784.75,1776075702000
1776075704.162,104.162,0.54,0.55,0.45,0.46,0.01,0.01,70784.75,1776075702000
1776075704.502,104.502,0.55,0.57,0.43,0.45,0.02,0.02,70784.87,1776075703000
1776075704.849,104.849,0.6,0.63,0.38,0.41,0.03,0.03,70784.87,1776075703000
1776075705.184,105.184,0.64,0.65,0.35,0.37,0.01,0.02,70784.87,1776075703000
1776075705.517,105.517,0.65,0.66,0.34,0.35,0.01,0.01,70796.17,1776075704000
1776075705.975,105.975,0.68,0.69,0.31,0.34,0.01,0.03,70796.17,1776075704000
1776075706.311,106.311,0.68,0.69,0.31,0.32,0.01,0.01,70803.81,1776075705000
1776075706.673,106.673,0.68,0.69,0.31,0.32,0.01,0.01,70803.81,1776075705000
1776075707.012,107.012,0.68,0.69,0.31,0.32,0.01,0.01,70803.81,1776075705000
1776075707.394,107.394,0.69,0.7,0.3,0.31,0.01,0.01,70804.97,1776075706000
1776075707.774,107.774,0.69,0.7,0.3,0.31,0.01,0.01,70804.97,1776075706000
1776075708.138,108.138,0.69,0.7,0.3,0.31,0.01,0.01,70804.69,1776075707000
1776075708.614,108.614,0.69,0.7,0.3,0.31,0.01,0.01,70804.69,1776075707000
1776075709.096,109.096,0.68,0.69,0.3,0.32,0.01,0.02,70804.69,1776075707000
1776075709.449,109.449,0.66,0.67,0.31,0.33,0.01,0.02,70804.71,1776075708000
1776075709.797,109.797,0.66,0.67,0.33,0.34,0.01,0.01,70804.71,1776075708000
1776075710.275,110.275,0.66,0.67,0.33,0.34,0.01,0.01,70803.87,1776075709000
1776075710.73,110.73,0.66,0.67,0.33,0.34,0.01,0.01,70803.87,1776075709000
1776075711.089,111.089,0.66,0.67,0.33,0.34,0.01,0.01,70803.44,1776075710000
1776075711.431,111.431,0.66,0.67,0.33,0.34,0.01,0.01,70803.44,1776075710000
1776075711.83,111.83,0.66,0.67,0.33,0.34,0.01,0.01,70803.44,1776075710000
1776075712.164,112.164,0.66,0.67,0.33,0.34,0.01,0.01,70803.44,1776075711000
1776075712.791,112.791,0.66,0.67,0.33,0.34,0.01,0.01,70803.44,1776075711000
1776075713.18,113.18,0.66,0.67,0.33,0.34,0.01,0.01,70803.44,1776075711000
1776075713.559,113.559,0.63,0.66,0.36,0.37,0.03,0.01,70803.44,1776075712000
1776075713.894,113.894,0.63,0.64,0.36,0.37,0.01,0.01,70803.44,1776075712000
1776075714.245,114.245,0.63,0.64,0.36,0.37,0.01,0.01,70802.99,1776075713000
1776075714.919,114.919,0.63,0.64,0.36,0.37,0.01,0.01,70802.99,1776075713000
1776075715.258,115.258,0.62,0.63,0.36,0.38,0.01,0.02,70802.99,1776075713000
1776075715.635,115.635,0.62,0.63,0.37,0.38,0.01,0.01,70801.98,1776075714000
1776075716.082,116.082,0.62,0.63,0.37,0.38,0.01,0.01,70801.98,1776075714000
1776075716.456,116.456,0.62,0.63,0.37,0.38,0.01,0.01,70800.29,1776075715000
1776075716.968,116.968,0.62,0.63,0.37,0.38,0.01,0.01,70800.29,1776075715000
1776075717.371,117.371,0.62,0.63,0.37,0.38,0.01,0.01,70800.67,1776075716000
1776075717.71,117.71,0.62,0.63,0.37,0.38,0.01,0.01,70800.67,1776075716000
1776075718.187,118.187,0.62,0.63,0.37,0.38,0.01,0.01,70800.67,1776075716000
1776075718.622,118.622,0.62,0.63,0.37,0.38,0.01,0.01,70800.26,1776075717000
1776075719.048,119.048,0.62,0.63,0.37,0.38,0.01,0.01,70800.26,1776075717000
1776075719.516,119.516,0.62,0.63,0.37,0.38,0.01,0.01,70800.66,1776075718000
1776075720.257,120.257,0.61,0.62,0.37,0.38,0.01,0.01,70800.66,1776075718000
1776075720.616,120.616,0.64,0.66,0.34,0.36,0.02,0.02,70801.22,1776075719000
1776075720.955,120.955,0.65,0.66,0.34,0.35,0.01,0.01,70801.22,1776075719000
1776075721.404,121.404,0.66,0.67,0.33,0.35,0.01,0.02,70800.65,1776075720000
1776075722.147,122.147,0.66,0.67,0.33,0.34,0.01,0.01,70800.65,1776075720000
1776075722.893,122.893,0.66,0.67,0.33,0.34,0.01,0.01,70800.72,1776075721000
1776075723.271,123.271,0.66,0.67,0.33,0.34,0.01,0.01,70800.38,1776075722000
1776075723.642,123.642,0.66,0.67,0.33,0.34,0.01,0.01,70800.38,1776075722000
1776075723.976,123.976,0.66,0.67,0.33,0.34,0.01,0.01,70800.38,1776075722000
1776075724.38,124.38,0.66,0.67,0.33,0.34,0.01,0.01,70802.16,1776075723000
1776075724.74,124.74,0.66,0.67,0.33,0.34,0.01,0.01,70802.16,1776075723000
1776075725.074,125.074,0.66,0.67,0.33,0.35,0.01,0.02,70801.44,1776075724000
1776075725.521,125.521,0.66,0.67,0.33,0.34,0.01,0.01,70801.44,1776075724000
1776075726.022,126.022,0.66,0.67,0.33,0.34,0.01,0.01,70801.44,1776075724000
1776075726.433,126.433,0.66,0.67,0.33,0.34,0.01,0.01,70800.52,1776075725000
1776075726.812,126.812,0.66,0.67,0.33,0.34,0.01,0.01,70800.52,1776075725000
1776075727.175,127.175,0.66,0.67,0.33,0.34,0.01,0.01,70800.52,1776075725000
1776075727.648,127.648,0.66,0.67,0.33,0.34,0.01,0.01,70800.52,1776075725000
1776075728.194,128.194,0.66,0.67,0.33,0.34,0.01,0.01,70800.72,1776075726000
1776075728.543,128.543,0.66,0.67,0.33,0.34,0.01,0.01,70800.39,1776075727000
1776075729.264,129.264,0.66,0.67,0.33,0.34,0.01,0.01,70800.39,1776075727000
1776075729.728,129.728,0.66,0.67,0.33,0.34,0.01,0.01,70800.4,1776075728000
1776075730.155,130.155,0.67,0.68,0.32,0.34,0.01,0.02,70800.4,1776075728000
1776075730.496,130.496,0.67,0.68,0.32,0.33,0.01,0.01,70800.4,1776075728000
1776075731.302,131.302,0.67,0.68,0.32,0.33,0.01,0.01,70800.79,1776075729000
1776075732.236,132.236,0.67,0.68,0.32,0.33,0.01,0.01,70800.98,1776075731000
1776075732.794,132.794,0.67,0.68,0.32,0.33,0.01,0.01,70800.98,1776075731000
1776075733.177,133.177,0.67,0.68,0.32,0.33,0.01,0.01,70800.98,1776075731000
1776075733.522,133.522,0.67,0.68,0.32,0.33,0.01,0.01,70800.92,1776075732000
1776075734.133,134.133,0.67,0.68,0.32,0.33,0.01,0.01,70800.92,1776075733000
1776075735.079,135.079,0.67,0.68,0.32,0.33,0.01,0.01,70800.92,1776075733000
1776075735.606,135.606,0.67,0.68,0.32,0.33,0.01,0.01,70801.79,1776075734000
1776075736.067,136.067,0.67,0.68,0.32,0.33,0.01,0.01,70800.92,1776075735000
1776075736.449,136.449,0.67,0.68,0.32,0.33,0.01,0.01,70800.92,1776075735000
1776075736.804,136.804,0.67,0.68,0.32,0.33,0.01,0.01,70800.92,1776075735000
1776075737.159,137.159,0.67,0.68,0.32,0.33,0.01,0.01,70800.92,1776075735000
1776075737.716,137.716,0.67,0.68,0.32,0.33,0.01,0.01,70801.78,1776075736000
1776075738.298,138.298,0.67,0.68,0.32,0.33,0.01,0.01,70801.78,1776075736000
1776075739.024,139.024,0.68,0.69,0.32,0.33,0.01,0.01,70800.98,1776075737000
1776075739.378,139.378,0.68,0.69,0.31,0.32,0.01,0.01,70800.84,1776075738000
1776075739.969,139.969,0.68,0.69,0.31,0.32,0.01,0.01,70800.84,1776075738000
1776075740.443,140.443,0.68,0.69,0.31,0.32,0.01,0.01,70800.85,1776075739000
1776075741.177,141.177,0.68,0.69,0.31,0.32,0.01,0.01,70800.85,1776075740000
1776075741.686,141.686,0.68,0.69,0.31,0.32,0.01,0.01,70800.85,1776075740000
1776075742.442,142.442,0.68,0.7,0.3,0.32,0.02,0.02,70800.84,1776075741000
1776075743.055,143.055,0.68,0.7,0.3,0.32,0.02,0.02,70801.0,1776075742000
1776075743.855,143.855,0.69,0.7,0.3,0.31,0.01,0.01,70801.0,1776075742000
1776075744.374,144.374,0.68,0.69,0.31,0.32,0.01,0.01,70801.0,1776075743000
1776075744.716,144.716,0.68,0.69,0.31,0.32,0.01,0.01,70801.0,1776075743000
1776075745.206,145.206,0.68,0.69,0.3,0.31,0.01,0.01,70801.0,1776075743000
1776075745.565,145.565,0.69,0.7,0.3,0.31,0.01,0.01,70801.0,1776075743000
1776075746.315,146.315,0.69,0.7,0.3,0.31,0.01,0.01,70801.28,1776075745000
1776075746.932,146.932,0.69,0.7,0.3,0.31,0.01,0.01,70801.28,1776075745000
1776075747.31,147.31,0.68,0.69,0.31,0.32,0.01,0.01,70801.43,1776075746000
1776075747.793,147.793,0.68,0.69,0.31,0.32,0.01,0.01,70801.43,1776075746000
1776075748.192,148.192,0.68,0.69,0.31,0.32,0.01,0.01,70801.43,1776075747000
1776075748.542,148.542,0.71,0.72,0.27,0.29,0.01,0.02,70801.43,1776075747000
1776075749.026,149.026,0.74,0.75,0.25,0.26,0.01,0.01,70801.43,1776075747000
1776075749.485,149.485,0.75,0.76,0.24,0.25,0.01,0.01,70802.04,1776075748000
1776075749.848,149.848,0.75,0.76,0.24,0.25,0.01,0.01,70802.04,1776075748000
1776075750.236,150.236,0.75,0.76,0.24,0.25,0.01,0.01,70805.36,1776075749000
1776075750.878,150.878,0.76,0.77,0.23,0.24,0.01,0.01,70805.36,1776075749000
1776075751.268,151.268,0.76,0.77,0.23,0.24,0.01,0.01,70807.55,1776075750000
1776075751.633,151.633,0.76,0.77,0.23,0.24,0.01,0.01,70807.55,1776075750000
1776075752.006,152.006,0.77,0.78,0.22,0.23,0.01,0.01,70807.54,1776075751000
1776075752.414,152.414,0.77,0.78,0.22,0.23,0.01,0.01,70807.54,1776075751000
1776075752.802,152.802,0.78,0.79,0.21,0.22,0.01,0.01,70807.54,1776075751000
1776075753.2,153.2,0.78,0.79,0.21,0.22,0.01,0.01,70808.01,1776075752000
1776075753.552,153.552,0.78,0.79,0.21,0.22,0.01,0.01,70808.01,1776075752000
1776075754.028,154.028,0.78,0.79,0.21,0.22,0.01,0.01,70808.42,1776075753000
1776075754.383,154.383,0.78,0.79,0.21,0.22,0.01,0.01,70808.42,1776075753000
1776075754.73,154.73,0.78,0.79,0.21,0.22,0.01,0.01,70808.42,1776075753000
1776075755.304,155.304,0.78,0.79,0.21,0.22,0.01,0.01,70808.8,1776075754000
1776075755.732,155.732,0.78,0.79,0.21,0.22,0.01,0.01,70808.8,1776075754000
1776075756.225,156.225,0.78,0.79,0.21,0.22,0.01,0.01,70810.2,1776075755000
1776075756.599,156.599,0.79,0.8,0.2,0.21,0.01,0.01,70810.2,1776075755000
1776075757.256,157.256,0.78,0.8,0.2,0.22,0.02,0.02,70806.72,1776075756000
1776075757.654,157.654,0.79,0.8,0.2,0.21,0.01,0.01,70806.72,1776075756000
1776075758.072,158.072,0.78,0.79,0.21,0.22,0.01,0.01,70806.72,1776075756000
1776075758.44,158.44,0.79,0.8,0.21,0.22,0.01,0.01,70806.73,1776075757000
1776075758.78,158.78,0.78,0.79,0.2,0.22,0.01,0.02,70806.73,1776075757000
1776075759.279,159.279,0.78,0.8,0.21,0.22,0.02,0.01,70806.73,1776075757000
1776075759.669,159.669,0.78,0.8,0.2,0.22,0.02,0.02,70807.42,1776075758000
1776075760.202,160.202,0.79,0.8,0.2,0.21,0.01,0.01,70807.42,1776075758000
1776075760.791,160.791,0.79,0.8,0.2,0.21,0.01,0.01,70807.42,1776075759000
1776075761.156,161.156,0.79,0.8,0.2,0.21,0.01,0.01,70807.19,1776075760000
1776075761.55,161.55,0.79,0.8,0.2,0.21,0.01,0.01,70807.19,1776075760000
1776075762.204,162.204,0.79,0.8,0.2,0.22,0.01,0.02,70807.19,1776075760000
1776075763.171,163.171,0.79,0.8,0.2,0.21,0.01,0.01,70807.43,1776075761000
1776075763.535,163.535,0.79,0.8,0.2,0.21,0.01,0.01,70807.43,1776075762000
1776075763.925,163.925,0.79,0.8,0.2,0.21,0.01,0.01,70807.43,1776075762000
1776075764.812,164.812,0.79,0.8,0.2,0.21,0.01,0.01,70807.39,1776075763000
1776075765.188,165.188,0.79,0.8,0.2,0.21,0.01,0.01,70807.18,1776075764000
1776075765.598,165.598,0.79,0.8,0.2,0.21,0.01,0.01,70807.18,1776075764000
1776075766.053,166.053,0.79,0.8,0.2,0.21,0.01,0.01,70807.18,1776075765000
1776075766.466,166.466,0.79,0.8,0.2,0.21,0.01,0.01,70807.18,1776075765000
1776075766.858,166.858,0.79,0.8,0.2,0.21,0.01,0.01,70807.18,1776075765000
1776075767.223,167.223,0.79,0.8,0.2,0.21,0.01,0.01,70807.17,1776075766000
1776075767.824,167.824,0.79,0.8,0.2,0.21,0.01,0.01,70807.17,1776075766000
1776075768.271,168.271,0.79,0.8,0.2,0.21,0.01,0.01,70807.17,1776075766000
1776075768.781,168.781,0.79,0.8,0.2,0.21,0.01,0.01,70807.08,1776075767000
1776075769.163,169.163,0.79,0.8,0.2,0.21,0.01,0.01,70807.07,1776075768000
1776075769.975,169.975,0.79,0.8,0.2,0.21,0.01,0.01,70807.07,1776075768000
1776075770.416,170.416,0.79,0.8,0.2,0.21,0.01,0.01,70807.07,1776075768000
1776075770.77,170.77,0.8,0.81,0.19,0.2,0.01,0.01,70807.07,1776075769000
1776075771.243,171.243,0.8,0.81,0.19,0.2,0.01,0.01,70807.08,1776075770000
1776075772.069,172.069,0.79,0.8,0.19,0.21,0.01,0.02,70807.08,1776075770000
1776075772.779,172.779,0.79,0.8,0.2,0.21,0.01,0.01,70807.68,1776075771000
1776075773.348,173.348,0.79,0.8,0.2,0.21,0.01,0.01,70807.68,1776075772000
1776075773.777,173.777,0.79,0.8,0.2,0.22,0.01,0.02,70807.68,1776075772000
1776075774.412,174.412,0.79,0.8,0.2,0.21,0.01,0.01,70807.68,1776075773000
1776075774.936,174.936,0.79,0.81,0.2,0.21,0.02,0.01,70807.68,1776075773000
1776075775.443,175.443,0.8,0.81,0.19,0.2,0.01,0.01,70807.68,1776075773000
1776075776.028,176.028,0.8,0.81,0.19,0.2,0.01,0.01,70807.68,1776075774000
1776075776.436,176.436,0.77,0.78,0.22,0.23,0.01,0.01,70807.37,1776075775000
1776075776.843,176.843,0.77,0.78,0.22,0.23,0.01,0.01,70807.37,1776075775000
1776075777.248,177.248,0.66,0.68,0.29,0.35,0.02,0.06,70807.37,1776075775000
1776075777.586,177.586,0.67,0.68,0.32,0.33,0.01,0.01,70807.37,1776075775000
1776075777.921,177.921,0.67,0.68,0.32,0.33,0.01,0.01,70807.17,1776075776000
1776075778.332,178.332,0.67,0.68,0.32,0.33,0.01,0.01,70807.17,1776075776000
1776075778.808,178.808,0.67,0.68,0.32,0.33,0.01,0.01,70806.57,1776075777000
1776075779.172,179.172,0.67,0.68,0.32,0.33,0.01,0.01,70806.57,1776075777000
1776075779.536,179.536,0.66,0.68,0.32,0.33,0.02,0.01,70803.63,1776075778000
1776075780.037,180.037,0.66,0.67,0.32,0.34,0.01,0.02,70803.63,1776075778000
1776075780.404,180.404,0.66,0.67,0.33,0.34,0.01,0.01,70803.63,1776075778000
1776075780.751,180.751,0.68,0.71,0.3,0.32,0.03,0.02,70803.63,1776075778000
1776075781.237,181.237,0.7,0.71,0.29,0.3,0.01,0.01,70801.89,1776075779000
1776075781.638,181.638,0.7,0.71,0.29,0.3,0.01,0.01,70801.86,1776075780000
1776075781.984,181.984,0.72,0.73,0.27,0.29,0.01,0.02,70801.86,1776075780000
1776075782.56,182.56,0.72,0.73,0.27,0.28,0.01,0.01,70801.85,1776075781000
1776075782.919,182.919,0.72,0.73,0.27,0.28,0.01,0.01,70801.85,1776075781000
1776075783.617,183.617,0.73,0.74,0.26,0.27,0.01,0.01,70803.64,1776075782000
1776075784.041,184.041,0.73,0.74,0.26,0.27,0.01,0.01,70803.64,1776075782000
1776075784.429,184.429,0.73,0.74,0.26,0.27,0.01,0.01,70803.64,1776075782000
1776075785.017,185.017,0.74,0.75,0.25,0.27,0.01,0.02,70803.59,1776075783000
1776075785.403,185.403,0.74,0.75,0.25,0.26,0.01,0.01,70803.59,1776075784000
1776075785.902,185.902,0.74,0.75,0.25,0.26,0.01,0.01,70803.59,1776075784000
1776075786.268,186.268,0.74,0.75,0.25,0.26,0.01,0.01,70803.59,1776075785000
1776075787.164,187.164,0.74,0.75,0.24,0.26,0.01,0.02,70803.59,1776075785000
1776075787.538,187.538,0.75,0.76,0.23,0.26,0.01,0.03,70803.59,1776075785000
1776075788.216,188.216,0.75,0.76,0.24,0.25,0.01,0.01,70801.54,1776075786000
1776075788.549,188.549,0.75,0.76,0.24,0.25,0.01,0.01,70802.4,1776075787000
1776075789.065,189.065,0.75,0.78,0.24,0.26,0.03,0.02,70802.4,1776075787000
1776075789.589,189.589,0.77,0.78,0.22,0.23,0.01,0.01,70802.95,1776075788000
1776075789.955,189.955,0.77,0.78,0.22,0.23,0.01,0.01,70802.95,1776075788000
1776075790.424,190.424,0.77,0.79,0.21,0.23,0.02,0.02,70802.95,1776075788000
1776075790.872,190.872,0.79,0.8,0.2,0.21,0.01,0.01,70803.59,1776075789000
1776075791.232,191.232,0.79,0.8,0.2,0.21,0.01,0.01,70804.31,1776075790000
1776075791.799,191.799,0.79,0.8,0.2,0.21,0.01,0.01,70804.31,1776075790000
1776075792.157,192.157,0.79,0.8,0.2,0.21,0.01,0.01,70804.31,1776075790000
1776075792.721,192.721,0.79,0.8,0.2,0.21,0.01,0.01,70804.63,1776075791000
1776075793.22,193.22,0.78,0.8,0.2,0.21,0.02,0.01,70804.63,1776075791000
1776075793.595,193.595,0.78,0.79,0.2,0.22,0.01,0.02,70804.63,1776075791000
1776075794.135,194.135,0.79,0.8,0.21,0.22,0.01,0.01,70805.16,1776075792000
1776075794.47,194.47,0.79,0.8,0.2,0.21,0.01,0.01,70805.16,1776075793000
1776075794.931,194.931,0.79,0.8,0.2,0.21,0.01,0.01,70805.16,1776075793000
1776075795.317,195.317,0.79,0.8,0.2,0.21,0.01,0.01,70805.16,1776075793000
1776075795.75,195.75,0.79,0.8,0.2,0.21,0.01,0.01,70805.16,1776075794000
1776075796.148,196.148,0.79,0.8,0.2,0.21,0.01,0.01,70805.16,1776075795000
1776075796.532,196.532,0.8,0.81,0.19,0.21,0.01,0.02,70805.16,1776075795000
1776075797.135,197.135,0.8,0.81,0.19,0.2,0.01,0.01,70805.16,1776075796000
1776075797.598,197.598,0.8,0.81,0.19,0.2,0.01,0.01,70805.16,1776075796000
1776075798.155,198.155,0.8,0.81,0.19,0.2,0.01,0.01,70805.16,1776075797000
1776075798.51,198.51,0.8,0.81,0.19,0.2,0.01,0.01,70805.16,1776075797000
1776075798.918,198.918,0.8,0.81,0.19,0.2,0.01,0.01,70805.16,1776075797000
1776075799.358,199.358,0.8,0.81,0.19,0.2,0.01,0.01,70805.16,1776075798000
1776075799.715,199.715,0.72,0.79,0.21,0.27,0.07,0.06,70805.16,1776075798000
1776075800.074,200.074,0.72,0.74,0.26,0.33,0.02,0.07,70805.16,1776075799000
1776075800.476,200.476,0.7,0.71,0.29,0.3,0.01,0.01,70805.16,1776075799000
1776075800.906,200.906,0.68,0.69,0.31,0.32,0.01,0.01,70805.16,1776075799000
1776075801.255,201.255,0.68,0.69,0.31,0.32,0.01,0.01,70803.65,1776075800000
1776075801.605,201.605,0.68,0.69,0.31,0.32,0.01,0.01,70803.65,1776075800000
1776075801.955,201.955,0.68,0.69,0.31,0.32,0.01,0.01,70803.65,1776075800000
1776075802.348,202.348,0.68,0.69,0.31,0.32,0.01,0.01,70800.31,1776075801000
1776075802.779,202.779,0.68,0.69,0.31,0.32,0.01,0.01,70800.31,1776075801000
1776075803.487,203.487,0.68,0.69,0.31,0.32,0.01,0.01,70800.3,1776075802000
1776075803.931,203.931,0.68,0.69,0.31,0.32,0.01,0.01,70800.3,1776075802000
1776075804.44,204.44,0.68,0.69,0.31,0.32,0.01,0.01,70800.3,1776075803000
1776075805.089,205.089,0.68,0.71,0.31,0.32,0.03,0.01,70800.3,1776075803000
1776075805.725,205.725,0.7,0.71,0.29,0.32,0.01,0.03,70800.3,1776075804000
1776075806.231,206.231,0.7,0.71,0.29,0.3,0.01,0.01,70800.3,1776075804000
1776075806.656,206.656,0.7,0.71,0.29,0.3,0.01,0.01,70800.87,1776075805000
1776075807.16,207.16,0.7,0.71,0.29,0.3,0.01,0.01,70800.87,1776075805000
1776075807.778,207.778,0.7,0.71,0.29,0.3,0.01,0.01,70800.92,1776075806000
1776075808.234,208.234,0.7,0.71,0.29,0.3,0.01,0.01,70800.92,1776075806000
1776075808.7,208.7,0.7,0.71,0.29,0.3,0.01,0.01,70800.53,1776075807000
1776075809.097,209.097,0.7,0.71,0.29,0.3,0.01,0.01,70800.54,1776075808000
1776075809.552,209.552,0.7,0.71,0.29,0.3,0.01,0.01,70800.54,1776075808000
1776075810.2,210.2,0.7,0.71,0.29,0.3,0.01,0.01,70800.04,1776075809000
1776075810.665,210.665,0.7,0.71,0.29,0.3,0.01,0.01,70800.04,1776075809000
1776075810.999,210.999,0.7,0.71,0.29,0.3,0.01,0.01,70800.04,1776075809000
1776075811.406,211.406,0.7,0.72,0.28,0.3,0.02,0.02,70799.94,1776075810000
1776075811.762,211.762,0.67,0.69,0.3,0.33,0.02,0.03,70799.94,1776075810000
1776075812.12,212.12,0.68,0.69,0.31,0.32,0.01,0.01,70799.94,1776075810000
1776075812.61,212.61,0.68,0.69,0.31,0.32,0.01,0.01,70799.94,1776075811000
1776075812.979,212.979,0.67,0.68,0.32,0.33,0.01,0.01,70799.94,1776075811000
1776075813.549,213.549,0.67,0.68,0.32,0.33,0.01,0.01,70799.92,1776075812000
1776075814.127,214.127,0.67,0.68,0.32,0.33,0.01,0.01,70799.92,1776075812000
1776075814.716,214.716,0.67,0.68,0.32,0.33,0.01,0.01,70798.87,1776075813000
1776075815.166,215.166,0.67,0.68,0.32,0.33,0.01,0.01,70798.87,1776075813000
1776075815.628,215.628,0.67,0.68,0.32,0.33,0.01,0.01,70798.87,1776075814000
1776075816.362,216.362,0.67,0.68,0.32,0.33,0.01,0.01,70798.87,1776075814000
1776075817.059,217.059,0.68,0.69,0.31,0.32,0.01,0.01,70799.13,1776075816000
1776075817.459,217.459,0.68,0.69,0.31,0.32,0.01,0.01,70799.13,1776075816000
1776075817.895,217.895,0.68,0.69,0.31,0.32,0.01,0.01,70799.13,1776075816000
1776075818.239,218.239,0.6,0.61,0.36,0.38,0.01,0.02,70799.13,1776075816000
1776075818.588,218.588,0.45,0.49,0.51,0.54,0.04,0.03,70799.29,1776075817000
1776075818.938,218.938,0.34,0.43,0.57,0.66,0.09,0.09,70799.29,1776075818000
1776075819.275,219.275,0.37,0.4,0.59,0.63,0.03,0.04,70799.29,1776075818000
1776075819.614,219.614,0.33,0.34,0.66,0.67,0.01,0.01,70799.29,1776075818000
1776075819.974,219.974,0.31,0.33,0.67,0.69,0.02,0.02,70799.29,1776075818000
1776075820.314,220.314,0.32,0.33,0.67,0.68,0.01,0.01,70785.74,1776075819000
1776075820.656,220.656,0.31,0.32,0.68,0.69,0.01,0.01,70785.74,1776075819000
1776075821.011,221.011,0.31,0.32,0.68,0.69,0.01,0.01,70785.74,1776075819000
1776075821.379,221.379,0.31,0.32,0.68,0.69,0.01,0.01,70779.92,1776075820000
1776075821.736,221.736,0.31,0.32,0.68,0.69,0.01,0.01,70779.92,1776075820000
1776075822.081,222.081,0.31,0.32,0.68,0.69,0.01,0.01,70779.92,1776075820000
1776075822.433,222.433,0.31,0.32,0.68,0.69,0.01,0.01,70779.92,1776075820000
1776075822.968,222.968,0.31,0.32,0.68,0.69,0.01,0.01,70777.74,1776075821000
1776075823.406,223.406,0.31,0.32,0.68,0.69,0.01,0.01,70777.74,1776075821000
1776075824.012,224.012,0.31,0.32,0.68,0.69,0.01,0.01,70777.74,1776075821000
1776075824.4,224.4,0.31,0.32,0.68,0.69,0.01,0.01,70777.13,1776075823000
1776075824.758,224.758,0.31,0.32,0.68,0.69,0.01,0.01,70777.13,1776075823000
1776075825.189,225.189,0.31,0.32,0.68,0.69,0.01,0.01,70777.13,1776075823000
1776075825.596,225.596,0.31,0.32,0.68,0.69,0.01,0.01,70777.01,1776075824000
1776075825.961,225.961,0.31,0.32,0.68,0.69,0.01,0.01,70777.01,1776075824000
1776075826.332,226.332,0.31,0.32,0.68,0.69,0.01,0.01,70777.01,1776075825000
1776075826.874,226.874,0.3,0.31,0.69,0.7,0.01,0.01,70777.01,1776075825000
1776075827.224,227.224,0.3,0.31,0.69,0.7,0.01,0.01,70777.01,1776075825000
1776075827.558,227.558,0.3,0.31,0.69,0.7,0.01,0.01,70778.56,1776075826000
1776075827.985,227.985,0.3,0.31,0.69,0.7,0.01,0.01,70776.8,1776075827000
1776075828.326,228.326,0.3,0.31,0.69,0.7,0.01,0.01,70776.8,1776075827000
1776075828.777,228.777,0.29,0.31,0.69,0.7,0.02,0.01,70776.8,1776075827000
1776075829.113,229.113,0.29,0.3,0.7,0.71,0.01,0.01,70776.16,1776075828000
1776075829.486,229.486,0.29,0.3,0.7,0.71,0.01,0.01,70776.16,1776075828000
1776075829.824,229.824,0.29,0.3,0.7,0.71,0.01,0.01,70776.16,1776075828000
1776075830.157,230.157,0.29,0.3,0.7,0.71,0.01,0.01,70776.07,1776075829000
1776075830.66,230.66,0.29,0.3,0.7,0.71,0.01,0.01,70776.07,1776075829000
1776075831.143,231.143,0.28,0.3,0.7,0.72,0.02,0.02,70776.32,1776075830000
1776075831.527,231.527,0.24,0.27,0.72,0.76,0.03,0.04,70776.32,1776075830000
1776075831.879,231.879,0.2,0.21,0.79,0.8,0.01,0.01,70776.32,1776075830000
1776075832.243,232.243,0.2,0.21,0.79,0.8,0.01,0.01,70776.31,1776075831000
1776075832.779,232.779,0.18,0.19,0.8,0.82,0.01,0.02,70776.31,1776075831000
1776075833.187,233.187,0.17,0.18,0.81,0.83,0.01,0.02,70776.31,1776075831000
1776075833.521,233.521,0.16,0.18,0.83,0.84,0.02,0.01,70769.13,1776075832000
1776075833.86,233.86,0.14,0.15,0.85,0.86,0.01,0.01,70769.13,1776075832000
1776075834.205,234.205,0.14,0.15,0.85,0.87,0.01,0.02,70769.13,1776075832000
1776075834.585,234.585,0.12,0.13,0.87,0.88,0.01,0.01,70765.61,1776075833000
1776075834.931,234.931,0.12,0.13,0.87,0.88,0.01,0.01,70764.13,1776075834000
1776075835.268,235.268,0.12,0.13,0.87,0.88,0.01,0.01,70764.13,1776075834000
1776075835.653,235.653,0.11,0.12,0.88,0.89,0.01,0.01,70764.13,1776075834000
1776075836.039,236.039,0.1,0.11,0.89,0.9,0.01,0.01,70764.13,1776075834000
1776075836.435,236.435,0.1,0.11,0.89,0.9,0.01,0.01,70758.44,1776075835000
1776075836.889,236.889,0.09,0.1,0.9,0.91,0.01,0.01,70758.44,1776075835000
1776075837.238,237.238,0.08,0.09,0.91,0.92,0.01,0.01,70756.13,1776075836000
1776075837.637,237.637,0.08,0.09,0.91,0.92,0.01,0.01,70756.13,1776075836000
1776075838.001,238.001,0.08,0.09,0.91,0.92,0.01,0.01,70756.13,1776075836000
1776075838.594,238.594,0.08,0.09,0.91,0.92,0.01,0.01,70756.13,1776075837000
1776075838.947,238.947,0.08,0.09,0.91,0.92,0.01,0.01,70756.13,1776075837000
1776075839.347,239.347,0.08,0.09,0.91,0.92,0.01,0.01,70756.13,1776075837000
1776075839.84,239.84,0.08,0.09,0.91,0.92,0.01,0.01,70756.05,1776075838000
1776075840.197,240.197,0.08,0.09,0.91,0.92,0.01,0.01,70755.07,1776075839000
1776075840.55,240.55,0.08,0.09,0.91,0.92,0.01,0.01,70755.07,1776075839000
1776075840.903,240.903,0.08,0.09,0.91,0.92,0.01,0.01,70755.07,1776075839000
1776075841.262,241.262,0.08,0.09,0.91,0.92,0.01,0.01,70755.07,1776075839000
1776075841.619,241.619,0.08,0.09,0.91,0.92,0.01,0.01,70754.71,1776075840000
1776075841.952,241.952,0.07,0.08,0.92,0.93,0.01,0.01,70754.71,1776075840000
1776075842.539,242.539,0.07,0.08,0.92,0.93,0.01,0.01,70756.63,1776075841000
1776075843.099,243.099,0.07,0.08,0.92,0.93,0.01,0.01,70756.63,1776075841000
1776075843.49,243.49,0.07,0.08,0.92,0.93,0.01,0.01,70757.89,1776075842000
1776075844.169,244.169,0.07,0.08,0.92,0.93,0.01,0.01,70757.89,1776075842000
1776075844.61,244.61,0.07,0.08,0.92,0.93,0.01,0.01,70756.01,1776075843000
1776075845.477,245.477,0.06,0.08,0.92,0.94,0.02,0.02,70755.9,1776075844000
1776075845.816,245.816,0.06,0.07,0.93,0.94,0.01,0.01,70755.9,1776075844000
1776075846.185,246.185,0.06,0.07,0.93,0.94,0.01,0.01,70755.9,1776075845000
1776075846.536,246.536,0.06,0.07,0.93,0.94,0.01,0.01,70755.9,1776075845000
1776075847.008,247.008,0.06,0.07,0.93,0.94,0.01,0.01,70755.9,1776075845000
1776075847.416,247.416,0.06,0.07,0.93,0.94,0.01,0.01,70754.93,1776075846000
1776075847.784,247.784,0.06,0.07,0.93,0.95,0.01,0.02,70754.93,1776075846000
1776075848.274,248.274,0.05,0.06,0.94,0.95,0.01,0.01,70754.93,1776075846000
1776075848.679,248.679,0.05,0.06,0.94,0.95,0.01,0.01,70754.92,1776075847000
1776075849.626,249.626,0.05,0.06,0.94,0.95,0.01,0.01,70754.54,1776075848000
1776075850.06,250.06,0.05,0.06,0.94,0.95,0.01,0.01,70754.54,1776075848000
1776075850.412,250.412,0.05,0.06,0.94,0.95,0.01,0.01,70754.55,1776075849000
1776075850.847,250.847,0.05,0.06,0.94,0.95,0.01,0.01,70754.55,1776075849000
1776075851.293,251.293,0.05,0.06,0.94,0.95,0.01,0.01,70754.73,1776075850000
1776075851.714,251.714,0.04,0.05,0.94,0.95,0.01,0.01,70754.73,1776075850000
1776075852.314,252.314,0.04,0.05,0.95,0.96,0.01,0.01,70754.73,1776075850000
1776075852.665,252.665,0.04,0.05,0.95,0.96,0.01,0.01,70754.73,1776075851000
1776075853.125,253.125,0.04,0.05,0.95,0.96,0.01,0.01,70754.73,1776075851000
1776075853.629,253.629,0.04,0.05,0.95,0.96,0.01,0.01,70754.92,1776075852000
1776075853.962,253.962,0.03,0.05,0.95,0.96,0.02,0.01,70754.92,1776075852000
1776075854.304,254.304,0.03,0.04,0.96,0.97,0.01,0.01,70754.92,1776075852000
1776075854.767,254.767,0.03,0.04,0.96,0.97,0.01,0.01,70754.92,1776075853000
1776075855.437,255.437,0.03,0.04,0.96,0.97,0.01,0.01,70754.92,1776075853000
1776075856.049,256.049,0.03,0.04,0.96,0.97,0.01,0.01,70754.92,1776075853000
1776075856.452,256.452,0.03,0.04,0.96,0.97,0.01,0.01,70755.18,1776075855000
1776075856.861,256.861,0.03,0.05,0.96,0.97,0.02,0.01,70755.18,1776075855000
1776075857.232,257.232,0.03,0.05,0.96,0.97,0.02,0.01,70755.18,1776075855000
1776075857.575,257.575,0.03,0.04,0.96,0.97,0.01,0.01,70755.18,1776075855000
1776075858.143,258.143,0.03,0.04,0.95,0.97,0.01,0.02,70754.74,1776075856000
1776075858.785,258.785,0.03,0.04,0.96,0.97,0.01,0.01,70754.74,1776075857000
1776075859.343,259.343,0.02,0.03,0.96,0.98,0.01,0.02,70754.74,1776075857000
1776075859.699,259.699,0.02,0.03,0.96,0.98,0.01,0.02,70754.74,1776075858000
1776075860.083,260.083,0.03,0.04,0.96,0.98,0.01,0.02,70754.62,1776075859000
1776075860.548,260.548,0.03,0.04,0.96,0.97,0.01,0.01,70754.62,1776075859000
1776075861.016,261.016,0.03,0.04,0.96,0.97,0.01,0.01,70754.62,1776075859000
1776075861.484,261.484,0.03,0.04,0.96,0.97,0.01,0.01,70754.29,1776075860000
1776075861.882,261.882,0.02,0.03,0.97,0.98,0.01,0.01,70754.29,1776075860000
1776075862.455,262.455,0.02,0.03,0.97,0.98,0.01,0.01,70754.29,1776075860000
1776075862.892,262.892,0.02,0.03,0.97,0.98,0.01,0.01,70754.26,1776075861000
1776075863.481,263.481,0.02,0.03,0.97,0.98,0.01,0.01,70754.26,1776075862000
1776075863.952,263.952,0.03,0.04,0.96,0.97,0.01,0.01,70754.26,1776075862000
1776075864.295,264.295,0.03,0.04,0.96,0.97,0.01,0.01,70754.26,1776075862000
1776075864.747,264.747,0.02,0.04,0.96,0.97,0.02,0.01,70754.37,1776075863000
1776075865.277,265.277,0.04,0.05,0.95,0.96,0.01,0.01,70754.37,1776075864000
1776075865.742,265.742,0.02,0.03,0.97,0.98,0.01,0.01,70754.37,1776075864000
1776075866.076,266.076,0.02,0.03,0.97,0.98,0.01,0.01,70754.37,1776075864000
1776075866.481,266.481,0.02,0.03,0.97,0.98,0.01,0.01,70754.89,1776075865000
1776075866.907,266.907,0.02,0.03,0.97,0.98,0.01,0.01,70754.89,1776075865000
1776075867.31,267.31,0.02,0.03,0.97,0.98,0.01,0.01,70754.44,1776075866000
1776075867.665,267.665,0.02,0.03,0.97,0.98,0.01,0.01,70754.44,1776075866000
1776075868.405,268.405,0.02,0.03,0.97,0.98,0.01,0.01,70754.44,1776075866000
1776075868.8,268.8,0.02,0.03,0.97,0.98,0.01,0.01,70754.48,1776075867000
1776075869.156,269.156,0.02,0.03,0.97,0.98,0.01,0.01,70755.03,1776075868000
1776075869.536,269.536,0.02,0.03,0.97,0.98,0.01,0.01,70755.03,1776075868000
1776075869.889,269.889,0.02,0.03,0.97,0.98,0.01,0.01,70755.03,1776075868000
1776075870.275,270.275,0.02,0.03,0.97,0.98,0.01,0.01,70755.04,1776075869000
1776075870.718,270.718,0.02,0.03,0.97,0.98,0.01,0.01,70755.04,1776075869000
1776075871.124,271.124,0.02,0.03,0.97,0.98,0.01,0.01,70755.04,1776075869000
1776075871.499,271.499,0.02,0.03,0.97,0.99,0.01,0.02,70754.82,1776075870000
1776075871.848,271.848,0.02,0.03,0.97,0.98,0.01,0.01,70754.82,1776075870000
1776075872.216,272.216,0.01,0.02,0.97,0.98,0.01,0.01,70754.82,1776075870000
1776075872.609,272.609,0.01,0.02,0.98,0.99,0.01,0.01,70754.41,1776075871000
1776075873.255,273.255,0.01,0.02,0.98,0.99,0.01,0.01,70754.12,1776075872000
1776075873.799,273.799,0.01,0.02,0.98,0.99,0.01,0.01,70754.12,1776075872000
1776075874.263,274.263,0.01,0.02,0.98,0.99,0.01,0.01,70753.91,1776075873000
1776075874.748,274.748,0.01,0.02,0.98,0.99,0.01,0.01,70753.91,1776075873000
1776075875.083,275.083,0.01,0.02,0.98,0.99,0.01,0.01,70753.91,1776075873000
1776075875.709,275.709,0.01,0.02,0.98,0.99,0.01,0.01,70753.91,1776075874000
1776075876.062,276.062,0.01,0.02,0.98,0.99,0.01,0.01,70753.91,1776075874000
1776075876.481,276.481,0.01,0.02,0.98,0.99,0.01,0.01,70754.15,1776075875000
1776075876.873,276.873,0.01,0.02,0.98,0.99,0.01,0.01,70754.15,1776075875000
1776075877.241,277.241,0.01,0.02,0.98,0.99,0.01,0.01,70754.39,1776075876000
1776075877.615,277.615,0.01,0.02,0.98,0.99,0.01,0.01,70754.39,1776075876000
1776075878.015,278.015,0.01,0.02,0.98,0.99,0.01,0.01,70754.39,1776075876000
1776075878.35,278.35,0.01,0.02,0.98,0.99,0.01,0.01,70753.98,1776075877000
1776075878.9,278.9,0.01,0.02,0.98,0.99,0.01,0.01,70753.98,1776075877000
1776075879.257,279.257,0.02,0.03,0.98,0.99,0.01,0.01,70754.02,1776075878000
1776075879.663,279.663,0.02,0.03,0.97,0.98,0.01,0.01,70754.02,1776075878000
1776075880.061,280.061,0.02,0.03,0.97,0.98,0.01,0.01,70754.27,1776075879000
1776075880.398,280.398,0.02,0.03,0.97,0.98,0.01,0.01,70754.27,1776075879000
1776075880.868,280.868,0.01,0.03,0.97,0.98,0.02,0.01,70754.27,1776075879000
1776075881.248,281.248,0.01,0.02,0.98,0.99,0.01,0.01,70756.94,1776075880000
1776075881.765,281.765,0.01,0.02,0.98,0.99,0.01,0.01,70756.94,1776075880000
1776075882.164,282.164,0.01,0.02,0.98,0.99,0.01,0.01,70757.96,1776075881000
1776075882.623,282.623,0.01,0.02,0.98,0.99,0.01,0.01,70757.96,1776075881000
1776075882.964,282.964,0.01,0.01,0.98,0.99,0.0,0.01,70757.96,1776075881000
1776075883.385,283.385,0.01,0.01,0.99,0.99,0.0,0.0,70758.66,1776075882000
1776075883.816,283.816,0.01,0.01,0.99,0.99,0.0,0.0,70758.66,1776075882000
1776075884.783,284.783,0.01,0.01,0.99,0.99,0.0,0.0,70758.66,1776075883000
1776075885.257,285.257,0.01,0.01,0.99,0.99,0.0,0.0,70758.93,1776075884000
1776075885.793,285.793,0.01,0.01,0.99,0.99,0.0,0.0,70758.93,1776075884000
1776075886.222,286.222,0.01,0.01,0.99,0.99,0.0,0.0,70758.41,1776075885000
1776075886.945,286.945,0.01,0.01,0.99,0.99,0.0,0.0,70758.41,1776075885000
1776075887.461,287.461,0.01,0.01,0.99,0.99,0.0,0.0,70754.93,1776075886000
1776075887.865,287.865,0.01,0.01,0.99,0.99,0.0,0.0,70754.93,1776075886000
1776075888.232,288.232,0.01,0.01,0.99,0.99,0.0,0.0,70753.41,1776075887000
1776075889.219,289.219,0.01,0.01,0.99,0.99,0.0,0.0,70753.4,1776075888000
1776075890.806,290.806,0.01,0.01,0.99,0.99,0.0,0.0,70753.4,1776075888000
1776075891.164,291.164,0.01,0.01,0.99,0.99,0.0,0.0,70753.53,1776075889000
1776075891.914,291.914,0.01,0.01,0.99,0.99,0.0,0.0,70753.31,1776075890000
1776075892.359,292.359,0.01,0.01,0.99,0.99,0.0,0.0,70753.31,1776075891000
1776075892.887,292.887,0.01,0.01,0.99,0.99,0.0,0.0,70753.31,1776075891000
1776075893.348,293.348,0.01,0.01,0.99,0.99,0.0,0.0,70752.69,1776075892000
1776075893.966,293.966,0.01,0.01,0.99,0.99,0.0,0.0,70752.43,1776075893000
1776075894.627,294.627,0.01,0.01,0.99,0.99,0.0,0.0,70752.43,1776075893000
1776075895.341,295.341,0.01,0.01,0.99,0.99,0.0,0.0,70752.41,1776075894000
1776075895.772,295.772,0.01,0.01,0.99,0.99,0.0,0.0,70752.41,1776075894000
1776075896.247,296.247,0.01,0.01,0.99,0.99,0.0,0.0,70752.41,1776075894000
1776075896.903,296.903,0.01,0.01,0.99,0.99,0.0,0.0,70750.02,1776075895000
1776075897.456,297.456,0.01,0.01,0.99,0.99,0.0,0.0,70750.02,1776075895000
1776075897.966,297.966,0.01,0.01,0.99,0.99,0.0,0.0,70748.74,1776075897000
1776075898.331,298.331,0.01,0.01,0.99,0.99,0.0,0.0,70748.74,1776075897000
1776075898.927,298.927,0.01,0.01,0.99,0.99,0.0,0.0,70748.74,1776075897000
1776075899.751,299.751,0.01,0.01,0.99,0.99,0.0,0.0,70749.3,1776075898000
1776075900.197,300.197,0.01,0.01,0.99,0.99,0.0,0.0,70749.3,1776075898000
1776075900.691,300.691,0.01,0.01,0.99,0.99,0.0,0.0,70751.12,1776075899000

# RESULT,winner=Down,slug=btc-updown-5m-1776075600,ticks=645
