timestamp,elapsed_sec,up_bid,up_ask,down_bid,down_ask,up_spread,down_spread,btc_price,btc_oracle_ts
1776966600.746,0.746,0.5,0.52,0.48,0.5,0.02,0.02,77331.94,1776966599000
1776966601.217,1.217,0.5,0.52,0.48,0.5,0.02,0.02,77331.94,1776966599000
1776966601.588,1.588,0.55,0.6,0.4,0.45,0.05,0.05,77333.45,1776966600000
1776966602.032,2.032,0.57,0.6,0.42,0.43,0.03,0.01,77333.45,1776966600000
1776966602.386,2.386,0.54,0.57,0.43,0.45,0.03,0.02,77333.16,1776966601000
1776966602.777,2.777,0.49,0.56,0.44,0.51,0.07,0.07,77333.16,1776966601000
1776966603.165,3.165,0.44,0.46,0.54,0.56,0.02,0.02,77333.16,1776966601000
1776966603.661,3.661,0.45,0.46,0.54,0.55,0.01,0.01,77341.42,1776966602000
1776966604.008,4.008,0.45,0.46,0.54,0.55,0.01,0.01,77341.42,1776966602000
1776966604.533,4.533,0.43,0.46,0.54,0.55,0.03,0.01,77341.42,1776966602000
1776966604.88,4.88,0.45,0.46,0.54,0.55,0.01,0.01,77341.42,1776966602000
1776966605.527,5.527,0.45,0.49,0.51,0.55,0.04,0.04,77323.49,1776966604000
1776966605.891,5.891,0.45,0.46,0.54,0.55,0.01,0.01,77323.49,1776966604000
1776966606.285,6.285,0.45,0.48,0.54,0.55,0.03,0.01,77323.49,1776966604000
1776966606.73,6.73,0.45,0.49,0.52,0.55,0.04,0.03,77317.21,1776966605000
1776966607.066,7.066,0.45,0.49,0.51,0.55,0.04,0.04,77317.16,1776966606000
1776966607.615,7.615,0.45,0.49,0.51,0.55,0.04,0.04,77317.16,1776966606000
1776966608.015,8.015,0.47,0.49,0.51,0.55,0.02,0.04,77317.16,1776966606000
1776966608.396,8.396,0.48,0.49,0.51,0.52,0.01,0.01,77324.18,1776966607000
1776966608.742,8.742,0.47,0.49,0.51,0.53,0.02,0.02,77324.18,1776966607000
1776966609.075,9.075,0.48,0.51,0.49,0.52,0.03,0.03,77324.18,1776966607000
1776966609.646,9.646,0.49,0.52,0.48,0.51,0.03,0.03,77336.9,1776966608000
1776966610.019,10.019,0.49,0.5,0.5,0.51,0.01,0.01,77336.9,1776966608000
1776966610.436,10.436,0.49,0.5,0.5,0.51,0.01,0.01,77337.84,1776966609000
1776966610.849,10.849,0.48,0.49,0.51,0.52,0.01,0.01,77337.84,1776966609000
1776966611.199,11.199,0.49,0.5,0.5,0.51,0.01,0.01,77336.27,1776966610000
1776966611.549,11.549,0.49,0.5,0.5,0.51,0.01,0.01,77336.27,1776966610000
1776966611.958,11.958,0.49,0.5,0.5,0.51,0.01,0.01,77336.27,1776966610000
1776966612.479,12.479,0.49,0.5,0.5,0.51,0.01,0.01,77333.34,1776966611000
1776966612.859,12.859,0.49,0.5,0.5,0.51,0.01,0.01,77333.34,1776966611000
1776966613.225,13.225,0.49,0.5,0.5,0.51,0.01,0.01,77333.61,1776966612000
1776966613.622,13.622,0.49,0.5,0.5,0.51,0.01,0.01,77333.61,1776966612000
1776966614.112,14.112,0.49,0.5,0.5,0.51,0.01,0.01,77333.61,1776966612000
1776966614.463,14.463,0.49,0.5,0.5,0.51,0.01,0.01,77332.61,1776966613000
1776966614.894,14.894,0.49,0.5,0.5,0.51,0.01,0.01,77332.88,1776966614000
1776966615.251,15.251,0.49,0.5,0.5,0.51,0.01,0.01,77332.88,1776966614000
1776966615.87,15.87,0.48,0.5,0.5,0.52,0.02,0.02,77332.88,1776966614000
1776966617.319,17.319,0.48,0.5,0.5,0.52,0.02,0.02,77325.65,1776966616000
1776966618.021,18.021,0.49,0.5,0.5,0.52,0.01,0.02,77325.65,1776966616000
1776966618.367,18.367,0.48,0.49,0.5,0.51,0.01,0.01,77305.29,1776966617000
1776966618.769,18.769,0.47,0.49,0.51,0.53,0.02,0.02,77305.29,1776966617000
1776966619.33,19.33,0.48,0.49,0.51,0.53,0.01,0.02,77305.29,1776966617000
1776966619.679,19.679,0.47,0.49,0.51,0.53,0.02,0.02,77277.77,1776966618000
1776966620.035,20.035,0.48,0.49,0.51,0.53,0.01,0.02,77277.77,1776966618000
1776966620.377,20.377,0.42,0.45,0.55,0.56,0.03,0.01,77277.77,1776966618000
1776966620.722,20.722,0.37,0.47,0.54,0.61,0.1,0.07,77280.07,1776966619000
1776966621.06,21.06,0.4,0.42,0.58,0.6,0.02,0.02,77279.43,1776966620000
1776966621.422,21.422,0.4,0.41,0.59,0.6,0.01,0.01,77279.43,1776966620000
1776966621.783,21.783,0.4,0.43,0.57,0.6,0.03,0.03,77279.43,1776966620000
1776966622.159,22.159,0.4,0.41,0.59,0.6,0.01,0.01,77279.43,1776966620000
1776966622.591,22.591,0.4,0.41,0.59,0.6,0.01,0.01,77278.16,1776966621000
1776966622.951,22.951,0.4,0.41,0.59,0.6,0.01,0.01,77278.16,1776966621000
1776966623.306,23.306,0.4,0.41,0.59,0.6,0.01,0.01,77283.25,1776966622000
1776966623.969,23.969,0.4,0.41,0.59,0.6,0.01,0.01,77283.25,1776966622000
1776966625.159,25.159,0.4,0.41,0.59,0.6,0.01,0.01,77286.01,1776966624000
1776966625.707,25.707,0.4,0.41,0.59,0.6,0.01,0.01,77286.01,1776966624000
1776966626.063,26.063,0.39,0.41,0.59,0.61,0.02,0.02,77286.01,1776966624000
1776966627.202,27.202,0.4,0.41,0.59,0.6,0.01,0.01,77287.14,1776966625000
1776966627.542,27.542,0.4,0.41,0.59,0.6,0.01,0.01,77286.64,1776966626000
1776966628.097,28.097,0.4,0.41,0.59,0.6,0.01,0.01,77286.64,1776966626000
1776966628.447,28.447,0.4,0.41,0.59,0.6,0.01,0.01,77289.63,1776966627000
1776966628.896,28.896,0.4,0.41,0.59,0.6,0.01,0.01,77289.63,1776966627000
1776966629.268,29.268,0.4,0.41,0.59,0.6,0.01,0.01,77286.06,1776966628000
1776966629.614,29.614,0.4,0.41,0.59,0.61,0.01,0.02,77286.06,1776966628000
1776966630.033,30.033,0.37,0.38,0.6,0.63,0.01,0.03,77286.06,1776966628000
1776966630.407,30.407,0.37,0.38,0.62,0.63,0.01,0.01,77286.12,1776966629000
1776966630.742,30.742,0.37,0.38,0.62,0.63,0.01,0.01,77286.12,1776966629000
1776966631.08,31.08,0.36,0.37,0.63,0.64,0.01,0.01,77286.12,1776966629000
1776966631.51,31.51,0.36,0.37,0.63,0.64,0.01,0.01,77278.82,1776966630000
1776966631.852,31.852,0.35,0.37,0.63,0.64,0.02,0.01,77278.82,1776966630000
1776966632.187,32.187,0.35,0.36,0.64,0.65,0.01,0.01,77278.82,1776966630000
1776966632.588,32.588,0.35,0.36,0.64,0.65,0.01,0.01,77278.82,1776966630000
1776966633.182,33.182,0.35,0.36,0.64,0.65,0.01,0.01,77278.82,1776966630000
1776966633.559,33.559,0.35,0.36,0.64,0.65,0.01,0.01,77272.11,1776966631000
1776966634.359,34.359,0.35,0.36,0.64,0.65,0.01,0.01,77264.42,1776966633000
1776966635.141,35.141,0.35,0.36,0.64,0.65,0.01,0.01,77264.42,1776966633000
1776966635.553,35.553,0.35,0.36,0.64,0.65,0.01,0.01,77273.01,1776966634000
1776966636.007,36.007,0.36,0.37,0.64,0.65,0.01,0.01,77273.01,1776966634000
1776966636.36,36.36,0.36,0.4,0.6,0.64,0.04,0.04,77273.01,1776966634000
1776966636.706,36.706,0.37,0.39,0.61,0.63,0.02,0.02,77278.47,1776966635000
1776966637.282,37.282,0.4,0.42,0.57,0.6,0.02,0.03,77282.76,1776966636000
1776966637.622,37.622,0.41,0.42,0.57,0.59,0.01,0.02,77282.76,1776966636000
1776966637.958,37.958,0.42,0.43,0.57,0.58,0.01,0.01,77282.76,1776966636000
1776966638.296,38.296,0.41,0.42,0.58,0.59,0.01,0.01,77295.76,1776966637000
1776966638.668,38.668,0.39,0.4,0.6,0.61,0.01,0.01,77295.76,1776966637000
1776966639.072,39.072,0.39,0.4,0.6,0.61,0.01,0.01,77291.83,1776966638000
1776966639.417,39.417,0.42,0.43,0.6,0.61,0.01,0.01,77291.83,1776966638000
1776966639.755,39.755,0.45,0.48,0.52,0.55,0.03,0.03,77291.83,1776966638000
1776966640.133,40.133,0.43,0.48,0.52,0.54,0.05,0.02,77291.83,1776966638000
1776966640.48,40.48,0.46,0.49,0.51,0.54,0.03,0.03,77285.53,1776966639000
1776966640.86,40.86,0.46,0.47,0.53,0.54,0.01,0.01,77285.53,1776966639000
1776966641.234,41.234,0.46,0.47,0.53,0.54,0.01,0.01,77303.92,1776966640000
1776966641.573,41.573,0.46,0.47,0.53,0.54,0.01,0.01,77303.92,1776966640000
1776966642.033,42.033,0.46,0.47,0.53,0.54,0.01,0.01,77303.92,1776966640000
1776966642.369,42.369,0.46,0.47,0.53,0.54,0.01,0.01,77321.93,1776966641000
1776966643.396,43.396,0.46,0.47,0.53,0.54,0.01,0.01,77325.05,1776966642000
1776966644.462,44.462,0.46,0.47,0.53,0.54,0.01,0.01,77325.05,1776966642000
1776966644.935,44.935,0.46,0.47,0.53,0.54,0.01,0.01,77349.41,1776966643000
1776966645.581,45.581,0.46,0.47,0.53,0.54,0.01,0.01,77347.15,1776966644000
1776966645.93,45.93,0.46,0.49,0.51,0.54,0.03,0.03,77347.15,1776966644000
1776966646.606,46.606,0.46,0.5,0.5,0.54,0.04,0.04,77349.29,1776966645000
1776966646.958,46.958,0.46,0.5,0.5,0.54,0.04,0.04,77349.29,1776966645000
1776966647.303,47.303,0.5,0.51,0.49,0.5,0.01,0.01,77363.9,1776966646000
1776966647.64,47.64,0.5,0.51,0.49,0.5,0.01,0.01,77363.9,1776966646000
1776966647.979,47.979,0.5,0.56,0.44,0.5,0.06,0.06,77363.9,1776966646000
1776966648.397,48.397,0.53,0.56,0.44,0.5,0.03,0.06,77392.06,1776966647000
1776966648.766,48.766,0.52,0.56,0.44,0.48,0.04,0.04,77392.06,1776966647000
1776966649.134,49.134,0.56,0.62,0.38,0.44,0.06,0.06,77392.06,1776966647000
1776966649.542,49.542,0.62,0.64,0.36,0.4,0.02,0.04,77392.75,1776966648000
1776966649.903,49.903,0.61,0.63,0.37,0.39,0.02,0.02,77392.75,1776966648000
1776966650.251,50.251,0.61,0.62,0.38,0.39,0.01,0.01,77392.75,1776966648000
1776966650.594,50.594,0.62,0.63,0.36,0.38,0.01,0.02,77396.09,1776966649000
1776966650.944,50.944,0.61,0.62,0.38,0.39,0.01,0.01,77396.09,1776966649000
1776966651.303,51.303,0.61,0.62,0.38,0.39,0.01,0.01,77399.62,1776966650000
1776966651.659,51.659,0.61,0.62,0.38,0.39,0.01,0.01,77399.62,1776966650000
1776966652.142,52.142,0.61,0.62,0.38,0.39,0.01,0.01,77398.01,1776966651000
1776966652.579,52.579,0.61,0.62,0.38,0.39,0.01,0.01,77398.01,1776966651000
1776966653.163,53.163,0.61,0.62,0.38,0.39,0.01,0.01,77398.01,1776966651000
1776966653.866,53.866,0.61,0.62,0.38,0.39,0.01,0.01,77394.45,1776966652000
1776966654.318,54.318,0.61,0.62,0.38,0.39,0.01,0.01,77394.45,1776966652000
1776966654.704,54.704,0.61,0.62,0.38,0.39,0.01,0.01,77393.5,1776966653000
1776966655.117,55.117,0.61,0.62,0.38,0.39,0.01,0.01,77393.5,1776966653000
1776966655.48,55.48,0.61,0.62,0.38,0.39,0.01,0.01,77392.56,1776966654000
1776966655.931,55.931,0.61,0.62,0.38,0.39,0.01,0.01,77389.54,1776966655000
1776966656.304,56.304,0.61,0.62,0.38,0.39,0.01,0.01,77389.54,1776966655000
1776966656.64,56.64,0.61,0.63,0.37,0.39,0.02,0.02,77389.54,1776966655000
1776966657.022,57.022,0.62,0.63,0.37,0.38,0.01,0.01,77390.33,1776966656000
1776966657.418,57.418,0.62,0.63,0.37,0.38,0.01,0.01,77390.33,1776966656000
1776966657.791,57.791,0.62,0.63,0.37,0.38,0.01,0.01,77390.33,1776966656000
1776966658.141,58.141,0.64,0.65,0.35,0.36,0.01,0.01,77392.76,1776966657000
1776966658.566,58.566,0.64,0.65,0.35,0.36,0.01,0.01,77392.76,1776966657000
1776966658.949,58.949,0.64,0.65,0.35,0.36,0.01,0.01,77392.76,1776966657000
1776966659.317,59.317,0.64,0.65,0.35,0.36,0.01,0.01,77395.55,1776966658000
1776966659.688,59.688,0.64,0.65,0.35,0.36,0.01,0.01,77395.55,1776966658000
1776966660.132,60.132,0.64,0.65,0.35,0.36,0.01,0.01,77395.55,1776966658000
1776966660.838,60.838,0.64,0.65,0.35,0.36,0.01,0.01,77397.92,1776966659000
1776966661.23,61.23,0.64,0.65,0.35,0.36,0.01,0.01,77397.92,1776966659000
1776966661.98,61.98,0.64,0.65,0.35,0.36,0.01,0.01,77396.73,1776966660000
1776966662.512,62.512,0.64,0.65,0.35,0.36,0.01,0.01,77396.73,1776966660000
1776966663.172,63.172,0.64,0.65,0.35,0.36,0.01,0.01,77402.17,1776966662000
1776966663.888,63.888,0.64,0.65,0.35,0.36,0.01,0.01,77402.17,1776966662000
1776966664.239,64.239,0.64,0.67,0.34,0.36,0.03,0.02,77402.17,1776966662000
1776966665.041,65.041,0.64,0.67,0.33,0.36,0.03,0.03,77405.12,1776966663000
1776966665.464,65.464,0.65,0.67,0.33,0.36,0.02,0.03,77405.12,1776966663000
1776966666.163,66.163,0.65,0.67,0.33,0.35,0.02,0.02,77401.17,1776966664000
1776966666.504,66.504,0.65,0.67,0.33,0.35,0.02,0.02,77397.34,1776966665000
1776966666.844,66.844,0.64,0.65,0.35,0.36,0.01,0.01,77397.34,1776966665000
1776966667.182,67.182,0.65,0.67,0.33,0.35,0.02,0.02,77396.32,1776966666000
1776966667.535,67.535,0.65,0.66,0.34,0.35,0.01,0.01,77396.32,1776966666000
1776966667.879,67.879,0.65,0.66,0.34,0.35,0.01,0.01,77396.32,1776966666000
1776966668.219,68.219,0.64,0.65,0.35,0.36,0.01,0.01,77396.32,1776966666000
1776966668.56,68.56,0.63,0.64,0.36,0.37,0.01,0.01,77396.32,1776966666000
1776966669.017,69.017,0.61,0.62,0.38,0.39,0.01,0.01,77394.94,1776966667000
1776966669.413,69.413,0.61,0.62,0.38,0.39,0.01,0.01,77388.16,1776966668000
1776966669.964,69.964,0.61,0.62,0.38,0.39,0.01,0.01,77388.16,1776966668000
1776966671.287,71.287,0.61,0.62,0.38,0.39,0.01,0.01,77381.6,1776966669000
1776966671.891,71.891,0.61,0.62,0.38,0.39,0.01,0.01,77381.6,1776966669000
1776966672.389,72.389,0.61,0.62,0.38,0.39,0.01,0.01,77380.53,1776966670000
1776966672.842,72.842,0.61,0.62,0.38,0.39,0.01,0.01,77381.67,1776966671000
1776966673.511,73.511,0.61,0.64,0.37,0.39,0.03,0.02,77387.12,1776966672000
1776966673.975,73.975,0.61,0.62,0.38,0.39,0.01,0.01,77387.12,1776966672000
1776966674.333,74.333,0.61,0.65,0.35,0.39,0.04,0.04,77387.12,1776966672000
1776966674.752,74.752,0.64,0.7,0.3,0.38,0.06,0.08,77411.75,1776966673000
1776966675.092,75.092,0.65,0.71,0.29,0.35,0.06,0.06,77411.75,1776966673000
1776966675.616,75.616,0.65,0.71,0.29,0.35,0.06,0.06,77420.62,1776966674000
1776966676.013,76.013,0.66,0.67,0.29,0.35,0.01,0.06,77420.62,1776966674000
1776966676.348,76.348,0.67,0.71,0.29,0.33,0.04,0.04,77415.31,1776966675000
1776966676.7,76.7,0.69,0.7,0.3,0.31,0.01,0.01,77415.31,1776966675000
1776966677.062,77.062,0.69,0.7,0.3,0.31,0.01,0.01,77415.31,1776966675000
1776966677.463,77.463,0.69,0.7,0.3,0.31,0.01,0.01,77415.13,1776966676000
1776966677.87,77.87,0.69,0.7,0.3,0.31,0.01,0.01,77415.13,1776966676000
1776966678.243,78.243,0.69,0.7,0.3,0.31,0.01,0.01,77414.93,1776966677000
1776966678.696,78.696,0.69,0.71,0.29,0.31,0.02,0.02,77414.93,1776966677000
1776966679.238,79.238,0.7,0.71,0.29,0.3,0.01,0.01,77414.93,1776966677000
1776966679.794,79.794,0.7,0.71,0.29,0.3,0.01,0.01,77414.93,1776966677000
1776966680.561,80.561,0.71,0.74,0.26,0.29,0.03,0.03,77426.3,1776966679000
1776966680.968,80.968,0.71,0.72,0.26,0.29,0.01,0.03,77426.3,1776966679000
1776966681.315,81.315,0.71,0.72,0.28,0.29,0.01,0.01,77426.3,1776966679000
1776966681.738,81.738,0.73,0.74,0.26,0.29,0.01,0.03,77426.3,1776966679000
1776966682.1,82.1,0.71,0.75,0.25,0.27,0.04,0.02,77428.66,1776966680000
1776966682.64,82.64,0.7,0.76,0.24,0.31,0.06,0.07,77429.56,1776966681000
1776966683.012,83.012,0.7,0.76,0.24,0.3,0.06,0.06,77429.56,1776966681000
1776966683.387,83.387,0.7,0.76,0.24,0.3,0.06,0.06,77427.66,1776966682000
1776966683.753,83.753,0.72,0.75,0.25,0.29,0.03,0.04,77427.66,1776966682000
1776966684.106,84.106,0.73,0.76,0.24,0.27,0.03,0.03,77431.59,1776966683000
1776966684.545,84.545,0.73,0.76,0.24,0.27,0.03,0.03,77431.59,1776966683000
1776966684.914,84.914,0.74,0.76,0.24,0.26,0.02,0.02,77431.59,1776966683000
1776966685.25,85.25,0.7,0.71,0.29,0.3,0.01,0.01,77421.77,1776966684000
1776966685.604,85.604,0.71,0.74,0.26,0.3,0.03,0.04,77421.77,1776966684000
1776966685.942,85.942,0.7,0.71,0.29,0.31,0.01,0.02,77421.77,1776966684000
1776966686.396,86.396,0.7,0.71,0.29,0.3,0.01,0.01,77408.14,1776966685000
1776966686.74,86.74,0.67,0.68,0.32,0.33,0.01,0.01,77408.14,1776966685000
1776966687.113,87.113,0.65,0.67,0.33,0.35,0.02,0.02,77408.14,1776966685000
1776966687.453,87.453,0.64,0.66,0.34,0.36,0.02,0.02,77405.1,1776966686000
1776966687.932,87.932,0.64,0.65,0.35,0.36,0.01,0.01,77405.1,1776966686000
1776966688.317,88.317,0.64,0.65,0.35,0.36,0.01,0.01,77399.2,1776966687000
1776966688.68,88.68,0.64,0.65,0.35,0.36,0.01,0.01,77399.2,1776966687000
1776966689.212,89.212,0.64,0.65,0.35,0.36,0.01,0.01,77385.54,1776966688000
1776966690.205,90.205,0.64,0.67,0.35,0.36,0.03,0.01,77385.54,1776966688000
1776966690.794,90.794,0.64,0.65,0.35,0.36,0.01,0.01,77387.21,1776966689000
1776966691.441,91.441,0.64,0.68,0.32,0.36,0.04,0.04,77387.21,1776966689000
1776966691.944,91.944,0.65,0.67,0.32,0.35,0.02,0.03,77391.44,1776966690000
1776966692.354,92.354,0.65,0.68,0.31,0.35,0.03,0.04,77392.34,1776966691000
1776966692.731,92.731,0.69,0.7,0.3,0.31,0.01,0.01,77392.34,1776966691000
1776966693.084,93.084,0.68,0.69,0.31,0.34,0.01,0.03,77392.34,1776966691000
1776966693.458,93.458,0.69,0.71,0.29,0.31,0.02,0.02,77395.16,1776966692000
1776966693.836,93.836,0.7,0.73,0.28,0.3,0.03,0.02,77395.16,1776966692000
1776966694.257,94.257,0.71,0.76,0.24,0.29,0.05,0.05,77395.16,1776966692000
1776966694.623,94.623,0.75,0.76,0.24,0.25,0.01,0.01,77409.1,1776966693000
1776966695.011,95.011,0.75,0.76,0.24,0.25,0.01,0.01,77409.1,1776966693000
1776966695.348,95.348,0.75,0.76,0.24,0.25,0.01,0.01,77409.1,1776966693000
1776966695.774,95.774,0.74,0.75,0.25,0.26,0.01,0.01,77419.34,1776966694000
1776966696.232,96.232,0.74,0.75,0.25,0.26,0.01,0.01,77419.34,1776966694000
1776966696.732,96.732,0.74,0.75,0.25,0.26,0.01,0.01,77429.39,1776966695000
1776966697.429,97.429,0.72,0.75,0.25,0.28,0.03,0.03,77430.21,1776966696000
1776966698.181,98.181,0.71,0.73,0.26,0.28,0.02,0.02,77430.21,1776966696000
1776966698.648,98.648,0.71,0.73,0.27,0.29,0.02,0.02,77424.14,1776966697000
1776966699.208,99.208,0.72,0.73,0.27,0.28,0.01,0.01,77413.45,1776966698000
1776966700.145,100.145,0.71,0.73,0.27,0.28,0.02,0.01,77413.45,1776966698000
1776966700.544,100.544,0.68,0.71,0.29,0.3,0.03,0.01,77410.35,1776966699000
1776966700.879,100.879,0.72,0.73,0.27,0.32,0.01,0.05,77410.35,1776966699000
1776966701.372,101.372,0.72,0.73,0.27,0.28,0.01,0.01,77410.35,1776966699000
1776966701.711,101.711,0.72,0.73,0.27,0.28,0.01,0.01,77418.0,1776966700000
1776966702.213,102.213,0.72,0.73,0.27,0.28,0.01,0.01,77421.77,1776966701000
1776966702.601,102.601,0.72,0.73,0.27,0.28,0.01,0.01,77421.77,1776966701000
1776966702.949,102.949,0.72,0.73,0.27,0.28,0.01,0.01,77421.77,1776966701000
1776966703.305,103.305,0.72,0.73,0.26,0.28,0.01,0.02,77422.74,1776966702000
1776966703.655,103.655,0.72,0.73,0.27,0.28,0.01,0.01,77422.74,1776966702000
1776966703.995,103.995,0.68,0.71,0.29,0.32,0.03,0.03,77422.74,1776966702000
1776966704.37,104.37,0.69,0.7,0.3,0.33,0.01,0.03,77389.77,1776966703000
1776966704.75,104.75,0.64,0.66,0.34,0.36,0.02,0.02,77389.77,1776966703000
1776966705.12,105.12,0.63,0.64,0.36,0.37,0.01,0.01,77389.77,1776966703000
1776966705.463,105.463,0.63,0.64,0.36,0.37,0.01,0.01,77380.98,1776966704000
1776966705.864,105.864,0.63,0.64,0.36,0.37,0.01,0.01,77380.98,1776966704000
1776966706.254,106.254,0.63,0.64,0.36,0.37,0.01,0.01,77379.72,1776966705000
1776966706.605,106.605,0.65,0.66,0.34,0.36,0.01,0.02,77379.72,1776966705000
1776966707.076,107.076,0.65,0.66,0.34,0.35,0.01,0.01,77378.72,1776966706000
1776966707.882,107.882,0.65,0.67,0.34,0.35,0.02,0.01,77378.72,1776966706000
1776966708.326,108.326,0.65,0.67,0.33,0.35,0.02,0.02,77384.86,1776966707000
1776966708.819,108.819,0.67,0.68,0.32,0.33,0.01,0.01,77384.86,1776966707000
1776966709.187,109.187,0.67,0.68,0.32,0.33,0.01,0.01,77384.86,1776966707000
1776966709.587,109.587,0.67,0.68,0.32,0.33,0.01,0.01,77392.23,1776966708000
1776966709.925,109.925,0.68,0.69,0.31,0.32,0.01,0.01,77392.23,1776966708000
1776966710.439,110.439,0.67,0.68,0.31,0.33,0.01,0.02,77392.29,1776966709000
1776966710.793,110.793,0.67,0.68,0.32,0.33,0.01,0.01,77392.29,1776966709000
1776966711.161,111.161,0.67,0.69,0.31,0.33,0.02,0.02,77402.88,1776966710000
1776966711.503,111.503,0.68,0.69,0.31,0.32,0.01,0.01,77402.88,1776966710000
1776966711.88,111.88,0.68,0.69,0.31,0.32,0.01,0.01,77402.88,1776966710000
1776966712.241,112.241,0.68,0.69,0.31,0.32,0.01,0.01,77404.12,1776966711000
1776966712.582,112.582,0.7,0.71,0.3,0.31,0.01,0.01,77404.12,1776966711000
1776966713.035,113.035,0.7,0.71,0.29,0.3,0.01,0.01,77404.12,1776966711000
1776966713.388,113.388,0.7,0.71,0.29,0.3,0.01,0.01,77403.63,1776966712000
1776966713.809,113.809,0.67,0.71,0.29,0.3,0.04,0.01,77403.63,1776966712000
1776966714.146,114.146,0.7,0.71,0.29,0.3,0.01,0.01,77406.17,1776966713000
1776966714.54,114.54,0.7,0.71,0.29,0.3,0.01,0.01,77406.17,1776966713000
1776966714.949,114.949,0.7,0.71,0.29,0.3,0.01,0.01,77406.17,1776966713000
1776966715.333,115.333,0.7,0.71,0.29,0.3,0.01,0.01,77405.71,1776966714000
1776966715.684,115.684,0.7,0.71,0.29,0.3,0.01,0.01,77405.71,1776966714000
1776966716.019,116.019,0.71,0.72,0.28,0.29,0.01,0.01,77405.59,1776966715000
1776966716.392,116.392,0.72,0.73,0.27,0.29,0.01,0.02,77405.59,1776966715000
1776966716.907,116.907,0.72,0.73,0.27,0.28,0.01,0.01,77406.52,1776966716000
1776966717.322,117.322,0.72,0.73,0.27,0.28,0.01,0.01,77406.52,1776966716000
1776966717.953,117.953,0.72,0.73,0.27,0.28,0.01,0.01,77406.52,1776966716000
1776966718.834,118.834,0.72,0.73,0.27,0.28,0.01,0.01,77416.88,1776966718000
1776966719.206,119.206,0.72,0.73,0.27,0.28,0.01,0.01,77416.88,1776966718000
1776966719.715,119.715,0.72,0.73,0.27,0.31,0.01,0.04,77416.88,1776966718000
1776966720.114,120.114,0.72,0.73,0.27,0.28,0.01,0.01,77418.33,1776966719000
1776966720.456,120.456,0.72,0.73,0.27,0.28,0.01,0.01,77418.33,1776966719000
1776966720.889,120.889,0.72,0.73,0.27,0.28,0.01,0.01,77418.33,1776966719000
1776966721.239,121.239,0.72,0.73,0.27,0.28,0.01,0.01,77418.33,1776966719000
1776966721.716,121.716,0.72,0.73,0.27,0.28,0.01,0.01,77408.21,1776966720000
1776966722.094,122.094,0.72,0.73,0.27,0.28,0.01,0.01,77408.21,1776966720000
1776966722.455,122.455,0.72,0.73,0.27,0.28,0.01,0.01,77408.21,1776966720000
1776966722.795,122.795,0.71,0.72,0.28,0.29,0.01,0.01,77408.21,1776966720000
1776966723.176,123.176,0.71,0.72,0.28,0.29,0.01,0.01,77413.9,1776966721000
1776966723.603,123.603,0.71,0.72,0.28,0.29,0.01,0.01,77420.72,1776966722000
1776966724.116,124.116,0.71,0.72,0.28,0.29,0.01,0.01,77420.72,1776966722000
1776966724.482,124.482,0.73,0.74,0.26,0.27,0.01,0.01,77420.72,1776966722000
1776966724.928,124.928,0.73,0.74,0.26,0.27,0.01,0.01,77417.24,1776966723000
1776966725.441,125.441,0.73,0.74,0.26,0.27,0.01,0.01,77417.24,1776966723000
1776966725.879,125.879,0.73,0.74,0.26,0.27,0.01,0.01,77417.24,1776966723000
1776966726.506,126.506,0.73,0.74,0.26,0.27,0.01,0.01,77417.24,1776966723000
1776966726.92,126.92,0.73,0.74,0.26,0.27,0.01,0.01,77417.24,1776966723000
1776966728.334,128.334,0.73,0.74,0.26,0.27,0.01,0.01,77410.39,1776966727000
1776966729.131,129.131,0.73,0.74,0.26,0.27,0.01,0.01,77410.39,1776966727000
1776966729.467,129.467,0.67,0.73,0.27,0.31,0.06,0.04,77404.75,1776966728000
1776966730.406,130.406,0.67,0.73,0.27,0.33,0.06,0.06,77407.9,1776966729000
1776966730.759,130.759,0.73,0.74,0.26,0.27,0.01,0.01,77407.9,1776966729000
1776966731.35,131.35,0.73,0.74,0.26,0.29,0.01,0.03,77412.21,1776966730000
1776966731.781,131.781,0.73,0.74,0.26,0.28,0.01,0.02,77412.21,1776966730000
1776966732.154,132.154,0.73,0.74,0.26,0.27,0.01,0.01,77412.21,1776966730000
1776966732.836,132.836,0.73,0.74,0.26,0.27,0.01,0.01,77413.4,1776966731000
1776966733.195,133.195,0.66,0.7,0.3,0.34,0.04,0.04,77413.4,1776966731000
1776966733.563,133.563,0.65,0.69,0.31,0.35,0.04,0.04,77413.63,1776966732000
1776966733.982,133.982,0.67,0.68,0.32,0.33,0.01,0.01,77413.63,1776966732000
1776966735.189,135.189,0.67,0.68,0.32,0.33,0.01,0.01,77399.09,1776966734000
1776966735.558,135.558,0.67,0.68,0.32,0.33,0.01,0.01,77399.09,1776966734000
1776966735.92,135.92,0.67,0.68,0.32,0.33,0.01,0.01,77399.09,1776966734000
1776966736.464,136.464,0.67,0.68,0.32,0.33,0.01,0.01,77401.57,1776966735000
1776966736.812,136.812,0.68,0.69,0.32,0.33,0.01,0.01,77401.57,1776966735000
1776966737.615,137.615,0.67,0.7,0.3,0.33,0.03,0.03,77401.65,1776966736000
1776966737.953,137.953,0.67,0.68,0.32,0.33,0.01,0.01,77401.65,1776966736000
1776966738.453,138.453,0.67,0.68,0.32,0.33,0.01,0.01,77385.48,1776966737000
1776966738.902,138.902,0.66,0.68,0.32,0.34,0.02,0.02,77385.48,1776966737000
1776966739.266,139.266,0.65,0.68,0.32,0.35,0.03,0.03,77373.53,1776966738000
1776966739.601,139.601,0.64,0.66,0.34,0.36,0.02,0.02,77373.53,1776966738000
1776966739.992,139.992,0.62,0.64,0.36,0.38,0.02,0.02,77367.21,1776966739000
1776966740.4,140.4,0.61,0.64,0.36,0.39,0.03,0.03,77367.21,1776966739000
1776966740.756,140.756,0.6,0.63,0.37,0.4,0.03,0.03,77367.21,1776966739000
1776966741.116,141.116,0.6,0.61,0.39,0.4,0.01,0.01,77365.39,1776966740000
1776966741.463,141.463,0.6,0.61,0.38,0.4,0.01,0.02,77365.39,1776966740000
1776966741.868,141.868,0.6,0.61,0.39,0.4,0.01,0.01,77365.39,1776966740000
1776966742.204,142.204,0.6,0.61,0.39,0.4,0.01,0.01,77365.39,1776966740000
1776966742.673,142.673,0.59,0.61,0.39,0.4,0.02,0.01,77365.53,1776966741000
1776966743.006,143.006,0.55,0.6,0.4,0.45,0.05,0.05,77365.53,1776966741000
1776966743.34,143.34,0.55,0.6,0.4,0.45,0.05,0.05,77366.21,1776966742000
1776966743.702,143.702,0.54,0.6,0.4,0.45,0.06,0.05,77366.21,1776966742000
1776966744.037,144.037,0.57,0.6,0.4,0.43,0.03,0.03,77366.21,1776966742000
1776966744.371,144.371,0.54,0.6,0.4,0.46,0.06,0.06,77366.42,1776966743000
1776966744.981,144.981,0.56,0.6,0.4,0.47,0.04,0.07,77366.42,1776966743000
1776966746.036,146.036,0.56,0.57,0.4,0.44,0.01,0.04,77358.39,1776966744000
1776966746.398,146.398,0.56,0.57,0.43,0.44,0.01,0.01,77359.81,1776966745000
1776966746.735,146.735,0.56,0.6,0.41,0.44,0.04,0.03,77359.81,1776966745000
1776966747.127,147.127,0.56,0.6,0.4,0.44,0.04,0.04,77365.07,1776966746000
1776966747.462,147.462,0.57,0.58,0.42,0.43,0.01,0.01,77365.07,1776966746000
1776966747.972,147.972,0.56,0.59,0.4,0.46,0.03,0.06,77365.07,1776966746000
1776966748.347,148.347,0.58,0.6,0.4,0.42,0.02,0.02,77365.65,1776966747000
1776966748.701,148.701,0.62,0.63,0.37,0.38,0.01,0.01,77365.65,1776966747000
1776966749.094,149.094,0.62,0.66,0.34,0.38,0.04,0.04,77365.65,1776966747000
1776966749.567,149.567,0.65,0.67,0.33,0.35,0.02,0.02,77369.24,1776966748000
1776966749.94,149.94,0.66,0.68,0.32,0.34,0.02,0.02,77369.24,1776966748000
1776966750.342,150.342,0.66,0.67,0.33,0.34,0.01,0.01,77373.06,1776966749000
1776966750.693,150.693,0.66,0.67,0.33,0.34,0.01,0.01,77373.06,1776966749000
1776966751.068,151.068,0.66,0.67,0.33,0.34,0.01,0.01,77373.06,1776966749000
1776966751.434,151.434,0.66,0.67,0.33,0.34,0.01,0.01,77388.52,1776966750000
1776966751.882,151.882,0.66,0.67,0.33,0.34,0.01,0.01,77388.52,1776966750000
1776966752.323,152.323,0.66,0.67,0.33,0.34,0.01,0.01,77388.52,1776966750000
1776966752.7,152.7,0.66,0.67,0.33,0.34,0.01,0.01,77389.51,1776966751000
1776966753.043,153.043,0.66,0.67,0.33,0.34,0.01,0.01,77389.51,1776966751000
1776966753.49,153.49,0.68,0.69,0.32,0.34,0.01,0.02,77389.51,1776966751000
1776966753.902,153.902,0.68,0.69,0.31,0.32,0.01,0.01,77389.66,1776966752000
1776966754.612,154.612,0.68,0.69,0.31,0.32,0.01,0.01,77388.49,1776966753000
1776966755.249,155.249,0.69,0.7,0.3,0.31,0.01,0.01,77389.16,1776966754000
1776966755.825,155.825,0.69,0.7,0.3,0.31,0.01,0.01,77389.16,1776966754000
1776966756.158,156.158,0.69,0.7,0.3,0.31,0.01,0.01,77389.16,1776966754000
1776966756.739,156.739,0.69,0.71,0.29,0.31,0.02,0.02,77394.03,1776966755000
1776966757.275,157.275,0.67,0.7,0.3,0.31,0.03,0.01,77394.03,1776966755000
1776966757.66,157.66,0.69,0.7,0.3,0.31,0.01,0.01,77394.03,1776966755000
1776966758.007,158.007,0.7,0.71,0.29,0.3,0.01,0.01,77393.89,1776966756000
1776966758.413,158.413,0.7,0.71,0.29,0.3,0.01,0.01,77393.89,1776966756000
1776966758.925,158.925,0.7,0.71,0.29,0.3,0.01,0.01,77395.99,1776966757000
1776966759.493,159.493,0.72,0.73,0.27,0.28,0.01,0.01,77396.14,1776966758000
1776966759.92,159.92,0.72,0.74,0.27,0.28,0.02,0.01,77396.14,1776966758000
1776966760.337,160.337,0.73,0.74,0.26,0.27,0.01,0.01,77396.14,1776966758000
1776966761.099,161.099,0.72,0.73,0.27,0.28,0.01,0.01,77399.83,1776966759000
1776966761.518,161.518,0.72,0.73,0.27,0.28,0.01,0.01,77399.83,1776966759000
1776966761.884,161.884,0.72,0.73,0.27,0.28,0.01,0.01,77399.83,1776966759000
1776966762.528,162.528,0.72,0.73,0.27,0.28,0.01,0.01,77405.08,1776966760000
1776966762.932,162.932,0.71,0.73,0.27,0.28,0.02,0.01,77405.08,1776966760000
1776966763.923,163.923,0.72,0.73,0.27,0.28,0.01,0.01,77401.8,1776966761000
1776966764.402,164.402,0.7,0.73,0.27,0.29,0.03,0.02,77401.58,1776966762000
1776966764.787,164.787,0.7,0.73,0.27,0.3,0.03,0.03,77403.15,1776966763000
1776966765.126,165.126,0.72,0.73,0.27,0.28,0.01,0.01,77403.15,1776966763000
1776966765.482,165.482,0.72,0.74,0.26,0.28,0.02,0.02,77403.15,1776966763000
1776966765.829,165.829,0.72,0.74,0.26,0.28,0.02,0.02,77407.74,1776966764000
1776966766.171,166.171,0.72,0.73,0.27,0.28,0.01,0.01,77407.74,1776966764000
1776966766.524,166.524,0.73,0.74,0.26,0.27,0.01,0.01,77411.9,1776966765000
1776966766.961,166.961,0.73,0.74,0.26,0.27,0.01,0.01,77411.9,1776966765000
1776966767.383,167.383,0.73,0.74,0.26,0.27,0.01,0.01,77411.9,1776966765000
1776966767.717,167.717,0.74,0.76,0.25,0.26,0.02,0.01,77411.55,1776966766000
1776966768.155,168.155,0.75,0.77,0.24,0.25,0.02,0.01,77411.55,1776966766000
1776966768.521,168.521,0.76,0.77,0.23,0.25,0.01,0.02,77413.39,1776966767000
1776966768.894,168.894,0.77,0.78,0.22,0.23,0.01,0.01,77413.39,1776966767000
1776966769.303,169.303,0.77,0.78,0.22,0.23,0.01,0.01,77413.39,1776966767000
1776966769.687,169.687,0.77,0.78,0.22,0.23,0.01,0.01,77415.69,1776966768000
1776966770.038,170.038,0.77,0.78,0.22,0.23,0.01,0.01,77415.69,1776966768000
1776966770.718,170.718,0.76,0.78,0.22,0.24,0.02,0.02,77415.33,1776966769000
1776966771.222,171.222,0.76,0.77,0.22,0.24,0.01,0.02,77415.33,1776966769000
1776966771.565,171.565,0.76,0.77,0.23,0.24,0.01,0.01,77415.33,1776966769000
1776966772.457,172.457,0.76,0.77,0.23,0.24,0.01,0.01,77420.22,1776966770000
1776966773.025,173.025,0.76,0.77,0.23,0.24,0.01,0.01,77413.32,1776966771000
1776966773.392,173.392,0.76,0.77,0.23,0.24,0.01,0.01,77413.32,1776966771000
1776966773.754,173.754,0.76,0.77,0.23,0.24,0.01,0.01,77413.32,1776966771000
1776966774.258,174.258,0.76,0.77,0.23,0.24,0.01,0.01,77413.69,1776966772000
1776966774.625,174.625,0.76,0.77,0.23,0.24,0.01,0.01,77412.92,1776966773000
1776966775.146,175.146,0.76,0.77,0.23,0.24,0.01,0.01,77412.92,1776966773000
1776966775.532,175.532,0.76,0.77,0.23,0.24,0.01,0.01,77412.48,1776966774000
1776966775.868,175.868,0.76,0.77,0.23,0.24,0.01,0.01,77412.48,1776966774000
1776966776.224,176.224,0.76,0.77,0.23,0.24,0.01,0.01,77412.48,1776966774000
1776966776.577,176.577,0.76,0.77,0.23,0.24,0.01,0.01,77411.29,1776966775000
1776966777.027,177.027,0.76,0.77,0.23,0.24,0.01,0.01,77407.83,1776966776000
1776966777.47,177.47,0.76,0.77,0.23,0.24,0.01,0.01,77407.83,1776966776000
1776966777.853,177.853,0.76,0.77,0.23,0.24,0.01,0.01,77407.83,1776966776000
1776966778.339,178.339,0.76,0.77,0.23,0.24,0.01,0.01,77409.89,1776966777000
1776966778.851,178.851,0.76,0.77,0.23,0.24,0.01,0.01,77409.89,1776966777000
1776966779.433,179.433,0.76,0.77,0.23,0.24,0.01,0.01,77411.01,1776966778000
1776966779.888,179.888,0.76,0.77,0.23,0.24,0.01,0.01,77411.01,1776966778000
1776966780.232,180.232,0.76,0.77,0.23,0.24,0.01,0.01,77409.76,1776966779000
1776966781.308,181.308,0.76,0.77,0.23,0.24,0.01,0.01,77411.52,1776966780000
1776966782.325,182.325,0.76,0.77,0.23,0.24,0.01,0.01,77425.95,1776966781000
1776966782.749,182.749,0.76,0.77,0.23,0.24,0.01,0.01,77425.95,1776966781000
1776966783.261,183.261,0.76,0.77,0.23,0.24,0.01,0.01,77428.85,1776966782000
1776966783.697,183.697,0.76,0.77,0.23,0.24,0.01,0.01,77428.85,1776966782000
1776966784.165,184.165,0.76,0.78,0.23,0.24,0.02,0.01,77428.85,1776966782000
1776966784.505,184.505,0.77,0.79,0.21,0.23,0.02,0.02,77425.3,1776966783000
1776966784.852,184.852,0.78,0.79,0.21,0.22,0.01,0.01,77425.3,1776966783000
1776966785.221,185.221,0.78,0.79,0.21,0.22,0.01,0.01,77424.69,1776966784000
1776966785.556,185.556,0.78,0.79,0.21,0.22,0.01,0.01,77424.69,1776966784000
1776966785.912,185.912,0.78,0.8,0.2,0.22,0.02,0.02,77424.69,1776966784000
1776966786.273,186.273,0.79,0.81,0.19,0.21,0.02,0.02,77424.69,1776966784000
1776966786.701,186.701,0.81,0.82,0.18,0.2,0.01,0.02,77429.29,1776966785000
1776966787.101,187.101,0.81,0.82,0.17,0.19,0.01,0.02,77429.29,1776966785000
1776966787.435,187.435,0.83,0.85,0.16,0.17,0.02,0.01,77429.93,1776966786000
1776966787.776,187.776,0.83,0.84,0.16,0.17,0.01,0.01,77429.93,1776966786000
1776966788.139,188.139,0.84,0.85,0.15,0.16,0.01,0.01,77429.93,1776966786000
1776966789.208,189.208,0.85,0.86,0.14,0.15,0.01,0.01,77438.38,1776966788000
1776966790.213,190.213,0.85,0.86,0.14,0.15,0.01,0.01,77444.34,1776966789000
1776966791.025,191.025,0.85,0.86,0.14,0.15,0.01,0.01,77444.34,1776966789000
1776966792.039,192.039,0.85,0.87,0.14,0.15,0.02,0.01,77467.88,1776966790000
1776966792.407,192.407,0.85,0.87,0.13,0.15,0.02,0.02,77462.37,1776966791000
1776966792.745,192.745,0.85,0.87,0.13,0.15,0.02,0.02,77462.37,1776966791000
1776966793.103,193.103,0.85,0.87,0.13,0.15,0.02,0.02,77462.37,1776966791000
1776966793.484,193.484,0.86,0.88,0.12,0.14,0.02,0.02,77461.44,1776966792000
1776966793.864,193.864,0.86,0.89,0.11,0.14,0.03,0.03,77461.44,1776966792000
1776966794.53,194.53,0.86,0.89,0.11,0.14,0.03,0.03,77461.44,1776966792000
1776966794.923,194.923,0.88,0.89,0.11,0.14,0.01,0.03,77459.44,1776966793000
1776966795.525,195.525,0.91,0.92,0.08,0.09,0.01,0.01,77471.57,1776966794000
1776966795.871,195.871,0.86,0.88,0.13,0.14,0.02,0.01,77471.57,1776966794000
1776966796.212,196.212,0.88,0.89,0.11,0.12,0.01,0.01,77486.88,1776966795000
1776966796.579,196.579,0.91,0.94,0.06,0.09,0.03,0.03,77486.88,1776966795000
1776966796.961,196.961,0.91,0.92,0.08,0.09,0.01,0.01,77485.69,1776966796000
1776966797.307,197.307,0.91,0.92,0.08,0.09,0.01,0.01,77485.69,1776966796000
1776966797.855,197.855,0.91,0.92,0.08,0.09,0.01,0.01,77485.69,1776966796000
1776966798.897,198.897,0.91,0.92,0.08,0.09,0.01,0.01,77485.76,1776966797000
1776966799.265,199.265,0.91,0.92,0.08,0.09,0.01,0.01,77554.13,1776966798000
1776966800.134,200.134,0.91,0.92,0.08,0.09,0.01,0.01,77554.13,1776966798000
1776966800.488,200.488,0.91,0.92,0.08,0.09,0.01,0.01,77602.44,1776966799000
1776966800.955,200.955,0.91,0.92,0.08,0.09,0.01,0.01,77602.44,1776966799000
1776966801.538,201.538,0.91,0.92,0.08,0.09,0.01,0.01,77613.6,1776966800000
1776966802.087,202.087,0.91,0.92,0.08,0.09,0.01,0.01,77645.52,1776966801000
1776966802.448,202.448,0.91,0.93,0.08,0.09,0.02,0.01,77645.52,1776966801000
1776966802.802,202.802,0.91,0.94,0.06,0.09,0.03,0.03,77645.52,1776966801000
1776966803.208,203.208,0.91,0.94,0.06,0.09,0.03,0.03,77643.45,1776966802000
1776966803.541,203.541,0.91,0.94,0.06,0.09,0.03,0.03,77643.45,1776966802000
1776966804.048,204.048,0.91,0.94,0.06,0.09,0.03,0.03,77650.59,1776966803000
1776966804.42,204.42,0.91,0.94,0.06,0.09,0.03,0.03,77650.59,1776966803000
1776966805.139,205.139,0.91,0.95,0.05,0.09,0.04,0.04,77690.53,1776966804000
1776966805.489,205.489,0.93,0.95,0.05,0.07,0.02,0.02,77690.53,1776966804000
1776966805.861,205.861,0.91,0.95,0.07,0.09,0.04,0.02,77690.53,1776966804000
1776966806.299,206.299,0.94,0.96,0.04,0.06,0.02,0.02,77675.02,1776966805000
1776966806.653,206.653,0.95,0.97,0.03,0.05,0.02,0.02,77675.02,1776966805000
1776966807.096,207.096,0.95,0.98,0.03,0.05,0.03,0.02,77675.02,1776966805000
1776966807.501,207.501,0.95,0.98,0.02,0.05,0.03,0.03,77708.56,1776966806000
1776966807.855,207.855,0.95,0.98,0.02,0.05,0.03,0.03,77708.56,1776966806000
1776966808.25,208.25,0.95,0.98,0.02,0.05,0.03,0.03,77735.97,1776966807000
1776966808.799,208.799,0.95,0.98,0.02,0.05,0.03,0.03,77735.97,1776966807000
1776966809.187,209.187,0.95,0.98,0.02,0.05,0.03,0.03,77761.23,1776966808000
1776966809.756,209.756,0.95,0.98,0.02,0.05,0.03,0.03,77761.23,1776966808000
1776966810.137,210.137,0.95,0.98,0.02,0.05,0.03,0.03,77761.23,1776966808000
1776966810.911,210.911,0.95,0.98,0.02,0.05,0.03,0.03,77769.83,1776966809000
1776966811.506,211.506,0.95,0.98,0.02,0.05,0.03,0.03,77780.41,1776966810000
1776966812.057,212.057,0.95,0.98,0.02,0.05,0.03,0.03,77780.41,1776966810000
1776966812.439,212.439,0.94,0.98,0.02,0.06,0.04,0.04,77799.37,1776966811000
1776966812.83,212.83,0.92,0.98,0.02,0.08,0.06,0.06,77799.37,1776966811000
1776966813.168,213.168,0.92,0.98,0.02,0.08,0.06,0.06,77799.37,1776966811000
1776966813.532,213.532,0.92,0.98,0.02,0.08,0.06,0.06,77799.37,1776966811000
1776966813.904,213.904,0.94,0.98,0.02,0.06,0.04,0.04,77799.37,1776966811000
1776966814.287,214.287,0.97,0.98,0.02,0.06,0.01,0.04,77794.41,1776966812000
1776966814.807,214.807,0.94,0.98,0.02,0.06,0.04,0.04,77787.69,1776966813000
1776966815.152,215.152,0.97,0.98,0.02,0.06,0.01,0.04,77787.69,1776966813000
1776966815.551,215.551,0.97,0.98,0.02,0.03,0.01,0.01,77752.09,1776966814000
1776966815.888,215.888,0.97,0.98,0.02,0.03,0.01,0.01,77752.09,1776966814000
1776966816.224,216.224,0.94,0.99,0.01,0.06,0.05,0.05,77752.09,1776966814000
1776966816.702,216.702,0.96,0.99,0.01,0.04,0.03,0.03,77757.27,1776966815000
1776966817.039,217.039,0.97,0.99,0.01,0.03,0.02,0.02,77757.27,1776966815000
1776966817.402,217.402,0.99,0.99,0.01,0.01,0.0,0.0,77757.27,1776966815000
1776966817.784,217.784,0.99,0.99,0.01,0.01,0.0,0.0,77741.19,1776966816000
1776966818.128,218.128,0.99,0.99,0.01,0.01,0.0,0.0,77739.27,1776966817000
1776966818.695,218.695,0.99,0.99,0.01,0.01,0.0,0.0,77739.27,1776966817000
1776966819.283,219.283,0.99,0.99,0.01,0.01,0.0,0.0,77730.55,1776966818000
1776966819.697,219.697,0.99,0.99,0.01,0.01,0.0,0.0,77730.55,1776966818000
1776966820.11,220.11,0.99,0.99,0.01,0.01,0.0,0.0,77730.55,1776966818000
1776966820.903,220.903,0.99,0.99,0.01,0.01,0.0,0.0,77711.64,1776966819000
1776966821.298,221.298,0.99,0.99,0.01,0.01,0.0,0.0,77709.57,1776966820000
1776966821.875,221.875,0.99,0.99,0.01,0.01,0.0,0.0,77709.57,1776966820000
1776966822.208,222.208,0.99,0.99,0.01,0.01,0.0,0.0,77710.36,1776966821000
1776966822.841,222.841,0.99,0.99,0.01,0.01,0.0,0.0,77710.36,1776966821000
1776966823.191,223.191,0.99,0.99,0.01,0.01,0.0,0.0,77710.36,1776966821000
1776966823.527,223.527,0.99,0.99,0.01,0.01,0.0,0.0,77718.4,1776966822000
1776966823.965,223.965,0.99,0.99,0.01,0.01,0.0,0.0,77726.45,1776966823000
1776966824.394,224.394,0.99,0.99,0.01,0.01,0.0,0.0,77726.45,1776966823000
1776966824.839,224.839,0.99,0.99,0.01,0.01,0.0,0.0,77726.45,1776966823000
1776966825.218,225.218,0.99,0.99,0.01,0.01,0.0,0.0,77739.76,1776966824000
1776966825.631,225.631,0.99,0.99,0.01,0.01,0.0,0.0,77739.76,1776966824000
1776966826.091,226.091,0.99,0.99,0.01,0.01,0.0,0.0,77723.65,1776966825000
1776966826.446,226.446,0.99,0.99,0.01,0.01,0.0,0.0,77723.65,1776966825000
1776966826.82,226.82,0.99,0.99,0.01,0.01,0.0,0.0,77723.65,1776966825000
1776966827.171,227.171,0.99,0.99,0.01,0.01,0.0,0.0,77723.65,1776966825000
1776966827.512,227.512,0.99,0.99,0.01,0.01,0.0,0.0,77728.24,1776966826000
1776966827.96,227.96,0.99,0.99,0.01,0.01,0.0,0.0,77728.24,1776966826000
1776966828.319,228.319,0.99,0.99,0.01,0.01,0.0,0.0,77729.46,1776966827000
1776966828.714,228.714,0.99,0.99,0.01,0.01,0.0,0.0,77729.46,1776966827000
1776966829.919,229.919,0.99,0.99,0.01,0.01,0.0,0.0,77710.47,1776966828000
1776966830.395,230.395,0.99,0.99,0.01,0.01,0.0,0.0,77720.76,1776966829000
1776966831.005,231.005,0.99,0.99,0.01,0.01,0.0,0.0,77727.02,1776966830000
1776966831.372,231.372,0.99,0.99,0.01,0.01,0.0,0.0,77727.02,1776966830000
1776966831.748,231.748,0.99,0.99,0.01,0.01,0.0,0.0,77727.02,1776966830000
1776966832.124,232.124,0.99,0.99,0.01,0.01,0.0,0.0,77730.32,1776966831000
1776966832.552,232.552,0.99,0.99,0.01,0.01,0.0,0.0,77730.32,1776966831000
1776966832.962,232.962,0.99,0.99,0.01,0.01,0.0,0.0,77730.32,1776966831000
1776966833.376,233.376,0.99,0.99,0.01,0.01,0.0,0.0,77740.86,1776966832000
1776966833.98,233.98,0.99,0.99,0.01,0.01,0.0,0.0,77743.6,1776966833000
1776966834.453,234.453,0.99,0.99,0.01,0.01,0.0,0.0,77743.6,1776966833000
1776966834.923,234.923,0.99,0.99,0.01,0.01,0.0,0.0,77743.6,1776966833000
1776966835.443,235.443,0.99,0.99,0.01,0.01,0.0,0.0,77739.94,1776966834000
1776966835.864,235.864,0.99,0.99,0.01,0.01,0.0,0.0,77739.94,1776966834000
1776966836.321,236.321,0.99,0.99,0.01,0.01,0.0,0.0,77726.61,1776966835000
1776966836.692,236.692,0.99,0.99,0.01,0.01,0.0,0.0,77726.61,1776966835000
1776966837.272,237.272,0.99,0.99,0.01,0.01,0.0,0.0,77695.32,1776966836000
1776966837.955,237.955,0.99,0.99,0.01,0.01,0.0,0.0,77695.32,1776966836000
1776966838.31,238.31,0.99,0.99,0.01,0.01,0.0,0.0,77692.01,1776966837000
1776966839.509,239.509,0.99,0.99,0.01,0.01,0.0,0.0,77675.1,1776966838000
1776966839.952,239.952,0.99,0.99,0.01,0.01,0.0,0.0,77675.1,1776966838000
1776966840.482,240.482,0.99,0.99,0.01,0.01,0.0,0.0,77673.04,1776966839000
1776966841.581,241.581,0.99,0.99,0.01,0.01,0.0,0.0,77666.79,1776966840000
1776966842.144,242.144,0.99,0.99,0.01,0.01,0.0,0.0,77656.49,1776966841000
1776966843.22,243.22,0.99,0.99,0.01,0.01,0.0,0.0,77637.88,1776966842000
1776966843.745,243.745,0.99,0.99,0.01,0.01,0.0,0.0,77637.88,1776966842000
1776966844.151,244.151,0.99,0.99,0.01,0.01,0.0,0.0,77637.88,1776966842000
1776966844.7,244.7,0.99,0.99,0.01,0.01,0.0,0.0,77637.88,1776966842000
1776966845.076,245.076,0.99,0.99,0.01,0.01,0.0,0.0,77632.34,1776966843000
1776966845.444,245.444,0.99,0.99,0.01,0.01,0.0,0.0,77632.34,1776966843000
1776966845.839,245.839,0.99,0.99,0.01,0.01,0.0,0.0,77629.7,1776966844000
1776966846.447,246.447,0.99,0.99,0.01,0.01,0.0,0.0,77624.15,1776966845000
1776966847.487,247.487,0.99,0.99,0.01,0.01,0.0,0.0,77618.98,1776966846000
1776966847.954,247.954,0.99,0.99,0.01,0.01,0.0,0.0,77618.98,1776966846000
1776966848.619,248.619,0.99,0.99,0.01,0.01,0.0,0.0,77623.3,1776966847000
1776966849.003,249.003,0.99,0.99,0.01,0.01,0.0,0.0,77623.3,1776966847000
1776966849.5,249.5,0.99,0.99,0.01,0.01,0.0,0.0,77626.1,1776966848000
1776966850.094,250.094,0.99,0.99,0.01,0.01,0.0,0.0,77629.1,1776966849000
1776966850.6,250.6,0.99,0.99,0.01,0.01,0.0,0.0,77629.1,1776966849000
1776966851.553,251.553,0.99,0.99,0.01,0.01,0.0,0.0,77636.35,1776966850000
1776966852.339,252.339,0.99,0.99,0.01,0.01,0.0,0.0,77636.35,1776966850000
1776966852.749,252.749,0.99,0.99,0.01,0.01,0.0,0.0,77624.85,1776966851000
1776966853.378,253.378,0.99,0.99,0.01,0.01,0.0,0.0,77624.85,1776966851000
1776966853.811,253.811,0.99,0.99,0.01,0.01,0.0,0.0,77620.56,1776966852000
1776966854.169,254.169,0.99,0.99,0.01,0.01,0.0,0.0,77620.56,1776966852000
1776966854.658,254.658,0.99,0.99,0.01,0.01,0.0,0.0,77622.28,1776966853000
1776966855.233,255.233,0.99,0.99,0.01,0.01,0.0,0.0,77622.28,1776966853000
1776966856.608,256.608,0.99,0.99,0.01,0.01,0.0,0.0,77606.81,1776966855000
1776966857.214,257.214,0.99,0.99,0.01,0.01,0.0,0.0,77606.81,1776966855000
1776966858.498,258.498,0.99,0.99,0.01,0.01,0.0,0.0,77600.47,1776966857000
1776966859.305,259.305,0.99,0.99,0.01,0.01,0.0,0.0,77601.1,1776966858000
1776966859.887,259.887,0.99,0.99,0.01,0.01,0.0,0.0,77601.1,1776966858000
1776966860.499,260.499,0.99,0.99,0.01,0.01,0.0,0.0,77598.43,1776966859000
1776966861.668,261.668,0.99,0.99,0.01,0.01,0.0,0.0,77593.42,1776966860000
1776966862.161,262.161,0.99,0.99,0.01,0.01,0.0,0.0,77586.29,1776966861000
1776966863.051,263.051,0.99,0.99,0.01,0.01,0.0,0.0,77586.29,1776966861000
1776966863.799,263.799,0.99,0.99,0.01,0.01,0.0,0.0,77578.73,1776966862000
1776966864.211,264.211,0.99,0.99,0.01,0.01,0.0,0.0,77579.17,1776966863000
1776966865.486,265.486,0.99,0.99,0.01,0.01,0.0,0.0,77579.17,1776966863000
1776966866.149,266.149,0.99,0.99,0.01,0.01,0.0,0.0,77580.86,1776966864000
1776966867.168,267.168,0.99,0.99,0.01,0.01,0.0,0.0,77579.45,1776966865000
1776966867.572,267.572,0.99,0.99,0.01,0.01,0.0,0.0,77573.82,1776966866000
1776966867.956,267.956,0.99,0.99,0.01,0.01,0.0,0.0,77567.52,1776966867000
1776966868.618,268.618,0.99,0.99,0.01,0.01,0.0,0.0,77567.52,1776966867000
1776966869.195,269.195,0.99,0.99,0.01,0.01,0.0,0.0,77561.36,1776966868000
1776966869.649,269.649,0.99,0.99,0.01,0.01,0.0,0.0,77561.36,1776966868000
1776966870.118,270.118,0.99,0.99,0.01,0.01,0.0,0.0,77561.36,1776966868000
1776966871.796,271.796,0.99,0.99,0.01,0.01,0.0,0.0,77559.3,1776966870000
1776966873.312,273.312,0.99,0.99,0.01,0.01,0.0,0.0,77561.98,1776966872000
1776966874.672,274.672,0.99,0.99,0.01,0.01,0.0,0.0,77562.74,1776966873000
1776966875.224,275.224,0.99,0.99,0.01,0.01,0.0,0.0,77563.44,1776966874000
1776966876.489,276.489,0.99,0.99,0.01,0.01,0.0,0.0,77564.98,1776966875000
1776966877.531,277.531,0.99,0.99,0.01,0.01,0.0,0.0,77569.57,1776966876000
1776966878.014,278.014,0.99,0.99,0.01,0.01,0.0,0.0,77570.27,1776966877000
1776966878.495,278.495,0.99,0.99,0.01,0.01,0.0,0.0,77570.27,1776966877000
1776966879.066,279.066,0.99,0.99,0.01,0.01,0.0,0.0,77570.27,1776966878000
1776966880.09,280.09,0.99,0.99,0.01,0.01,0.0,0.0,77569.61,1776966879000
1776966881.197,281.197,0.99,0.99,0.01,0.01,0.0,0.0,77574.82,1776966880000
1776966881.845,281.845,0.99,0.99,0.01,0.01,0.0,0.0,77574.82,1776966880000
1776966882.213,282.213,0.99,0.99,0.01,0.01,0.0,0.0,77575.39,1776966881000
1776966882.7,282.7,0.99,0.99,0.01,0.01,0.0,0.0,77575.39,1776966881000
1776966883.148,283.148,0.99,0.99,0.01,0.01,0.0,0.0,77577.69,1776966882000
1776966883.485,283.485,0.99,0.99,0.01,0.01,0.0,0.0,77577.69,1776966882000
1776966884.163,284.163,0.99,0.99,0.01,0.01,0.0,0.0,77582.98,1776966883000
1776966885.18,285.18,0.99,0.99,0.01,0.01,0.0,0.0,77598.6,1776966884000
1776966886.137,286.137,0.99,0.99,0.01,0.01,0.0,0.0,77597.62,1776966885000
1776966887.2,287.2,0.99,0.99,0.01,0.01,0.0,0.0,77605.55,1776966886000
1776966888.266,288.266,0.99,0.99,0.01,0.01,0.0,0.0,77607.84,1776966887000
1776966889.118,289.118,0.99,0.99,0.01,0.01,0.0,0.0,77607.84,1776966887000
1776966890.344,290.344,0.99,0.99,0.01,0.01,0.0,0.0,77618.48,1776966889000
1776966891.117,291.117,0.99,0.99,0.01,0.01,0.0,0.0,77630.06,1776966890000
1776966892.238,292.238,0.99,0.99,0.01,0.01,0.0,0.0,77655.56,1776966891000
1776966893.407,293.407,0.99,0.99,0.01,0.01,0.0,0.0,77667.56,1776966892000
1776966894.397,294.397,0.99,0.99,0.01,0.01,0.0,0.0,77668.74,1776966893000
1776966894.955,294.955,0.99,0.99,0.01,0.01,0.0,0.0,77668.3,1776966894000
1776966896.109,296.109,0.99,0.99,0.01,0.01,0.0,0.0,77671.63,1776966895000
1776966897.01,297.01,0.99,0.99,0.01,0.01,0.0,0.0,77693.79,1776966896000
1776966898.075,298.075,0.99,0.99,0.01,0.01,0.0,0.0,77690.38,1776966897000
1776966899.036,299.036,0.99,0.99,0.01,0.01,0.0,0.0,77690.38,1776966897000
1776966900.115,300.115,0.99,0.99,0.01,0.01,0.0,0.0,77695.29,1776966898000
1776966900.636,300.636,0.99,0.99,0.01,0.01,0.0,0.0,77694.76,1776966899000

# RESULT,winner=Up,slug=btc-updown-5m-1776966600,ticks=603
